  <div class='ocr_page' id='page_1' title='image "/cluster/home/n/w/nwhite01/storage/ocr_20150623/129/hvd.32044015471709/678.png"; bbox 0 0 4006 5546; ppageno 0'>
   <div class='ocr_carea' id='block_1_1' title="bbox 214 329 356 388">
    <p class='ocr_par' dir='ltr' id='par_1_1' title="bbox 214 329 356 388">
     <span class='ocr_line' id='line_1_1' title="bbox 214 329 356 388; baseline -0.007 -1"><span class='ocrx_word' id='word_1_1' title='bbox 214 329 356 388; x_wconf 69' lang='grc'><strong>1545</strong></span> 
     </span>
    </p>
   </div>
   <div class='ocr_carea' id='block_1_2' title="bbox 1473 336 2204 402">
    <p class='ocr_par' dir='ltr' id='par_1_2' title="bbox 1473 336 2204 402">
     <span class='ocr_line' id='line_1_2' title="bbox 1473 336 2204 402; baseline 0.007 -7"><span class='ocrx_word' id='word_1_2' title='bbox 1473 336 1689 396; x_wconf 72' lang='lat' dir='ltr'><strong>LIBER</strong></span> <span class='ocrx_word' id='word_1_3' title='bbox 1726 338 1818 397; x_wconf 86' lang='lat' dir='ltr'><strong>DE</strong></span> <span class='ocrx_word' id='word_1_4' title='bbox 1855 339 2204 402; x_wconf 84' lang='lat' dir='ltr'><strong>COMPUTO.</strong></span> 
     </span>
    </p>
   </div>
   <div class='ocr_carea' id='block_1_3' title="bbox 3359 359 3497 418">
    <p class='ocr_par' dir='ltr' id='par_1_3' title="bbox 3359 359 3497 418">
     <span class='ocr_line' id='line_1_3' title="bbox 3359 359 3497 418; baseline 0.014 -2"><span class='ocrx_word' id='word_1_5' title='bbox 3359 359 3497 418; x_wconf 68' lang='grc'><strong>1516</strong></span> 
     </span>
    </p>
   </div>
   <div class='ocr_carea' id='block_1_4' title="bbox 214 446 3520 548">
    <p class='ocr_par' dir='ltr' id='par_1_4' title="bbox 214 446 3520 548">
     <span class='ocr_line' id='line_1_4' title="bbox 214 446 3520 548; baseline 0.009 -48"><span class='ocrx_word' id='word_1_6' title='bbox 214 447 349 500; x_wconf 82' lang='lat' dir='ltr'><strong>tium</strong></span> <span class='ocrx_word' id='word_1_7' title='bbox 407 446 752 502; x_wconf 74' lang='lat' dir='ltr'><strong>mendacium</strong></span> <span class='ocrx_word' id='word_1_8' title='bbox 791 447 1038 521; x_wconf 71' lang='lat' dir='ltr'><strong>habentes</strong></span> <span class='ocrx_word' id='word_1_9' title='bbox 1080 449 1427 506; x_wconf 79' lang='lat' dir='ltr'><strong>cauteriatam</strong></span> <span class='ocrx_word' id='word_1_10' title='bbox 1481 469 1635 508; x_wconf 76' lang='lat' dir='ltr'><strong>suam</strong></span> <span class='ocrx_word' id='word_1_11' title='bbox 1681 471 1804 510; x_wconf 84' lang='lat' dir='ltr'><strong>con-</strong></span> <span class='ocrx_word' id='word_1_12' title='bbox 1830 461 1881 522; x_wconf 78' lang='grc' dir='ltr'>Α</span> <span class='ocrx_word' id='word_1_13' title='bbox 1909 464 2016 522; x_wconf 90' lang='lat' dir='ltr'><strong>tur,</strong></span> <span class='ocrx_word' id='word_1_14' title='bbox 2041 466 2252 532; x_wconf 14' lang='lat' dir='ltr'><strong>quanto.</strong></span> <span class='ocrx_word' id='word_1_15' title='bbox 2269 460 2440 529; x_wconf 88' lang='lat' dir='ltr'><strong>magis</strong></span> <span class='ocrx_word' id='word_1_16' title='bbox 2467 461 2613 519; x_wconf 90' lang='lat' dir='ltr'><strong>illius</strong></span> <span class='ocrx_word' id='word_1_17' title='bbox 2641 464 2920 536; x_wconf 60' lang='lat' dir='ltr'><strong>praecipui,</strong></span> <span class='ocrx_word' id='word_1_18' title='bbox 2950 466 3276 538; x_wconf 84' lang='lat' dir='ltr'><strong>maximique</strong></span> <span class='ocrx_word' id='word_1_19' title='bbox 3304 471 3520 548; x_wconf 8' lang='lat' dir='ltr'><strong>sideris?</strong></span> 
     </span>
    </p>
   </div>
   <div class='ocr_carea' id='block_1_5' title="bbox 211 539 510 596">
    <p class='ocr_par' dir='ltr' id='par_1_5' title="bbox 211 539 510 596">
     <span class='ocr_line' id='line_1_5' title="bbox 211 539 510 596; baseline -0.003 -1"><span class='ocrx_word' id='word_1_20' title='bbox 211 539 510 596; x_wconf 71' lang='lat' dir='ltr'><strong>scientiam.</strong></span> 
     </span>
    </p>
   </div>
   <div class='ocr_carea' id='block_1_6' title="bbox 771 613 1142 682">
    <p class='ocr_par' dir='ltr' id='par_1_6' title="bbox 771 613 1142 682">
     <span class='ocr_line' id='line_1_6' title="bbox 771 613 1142 682; baseline 0.008 -15"><span class='ocrx_word' id='word_1_21' title='bbox 771 671 773 674; x_wconf 18' lang='lat'><strong>,</strong></span> <span class='ocrx_word' id='word_1_22' title='bbox 857 613 1002 682; x_wconf 79' lang='lat' dir='ltr'><strong>Item</strong></span> <span class='ocrx_word' id='word_1_23' title='bbox 1032 614 1142 670; x_wconf 81' lang='lat' dir='ltr'><strong>alia</strong></span> 
     </span>
    </p>
   </div>
   <div class='ocr_carea' id='block_1_7' title="bbox 233 701 1799 778">
    <p class='ocr_par' dir='ltr' id='par_1_7' title="bbox 233 701 1799 778">
     <span class='ocr_line' id='line_1_7' title="bbox 233 701 1799 778; baseline 0.005 -20"><span class='ocrx_word' id='word_1_24' title='bbox 233 761 236 763; x_wconf 27' lang='grc' dir='ltr'>λ</span> <span class='ocrx_word' id='word_1_25' title='bbox 283 701 342 758; x_wconf 90' lang='lat' dir='ltr'><strong>Si</strong></span> <span class='ocrx_word' id='word_1_26' title='bbox 380 701 467 758; x_wconf 86' lang='lat' dir='ltr'><strong>vis</strong></span> <span class='ocrx_word' id='word_1_27' title='bbox 491 703 653 770; x_wconf 88' lang='lat' dir='ltr'><strong>scire,</strong></span> <span class='ocrx_word' id='word_1_28' title='bbox 695 705 967 774; x_wconf 89' lang='lat' dir='ltr'><strong>quomodo</strong></span> <span class='ocrx_word' id='word_1_29' title='bbox 1013 705 1335 763; x_wconf 88' lang='lat' dir='ltr'><strong>adcrescunt</strong></span> <span class='ocrx_word' id='word_1_30' title='bbox 1379 707 1605 778; x_wconf 84' lang='lat' dir='ltr'><strong>singulis</strong></span> <span class='ocrx_word' id='word_1_31' title='bbox 1641 709 1799 766; x_wconf 75' lang='lat' dir='ltr'><strong>annis</strong></span> 
     </span>
    </p>
   </div>
   <div class='ocr_carea' id='block_1_8' title="bbox 207 780 1801 866">
    <p class='ocr_par' dir='ltr' id='par_1_8' title="bbox 207 780 1801 866">
     <span class='ocr_line' id='line_1_8' title="bbox 207 780 1801 866; baseline 0.004 -16"><span class='ocrx_word' id='word_1_32' title='bbox 207 780 496 852; x_wconf 83' lang='lat' dir='ltr'><strong>mensibus</strong></span> <span class='ocrx_word' id='word_1_33' title='bbox 529 795 722 852; x_wconf 88' lang='lat' dir='ltr'><strong>solaris</strong></span> <span class='ocrx_word' id='word_1_34' title='bbox 759 811 952 853; x_wconf 88' lang='lat' dir='ltr'><strong>cursus</strong></span> <span class='ocrx_word' id='word_1_35' title='bbox 977 798 1162 855; x_wconf 88' lang='lat' dir='ltr'><strong>decem</strong></span> <span class='ocrx_word' id='word_1_36' title='bbox 1203 800 1368 855; x_wconf 86' lang='lat' dir='ltr'><strong>semis</strong></span> <span class='ocrx_word' id='word_1_37' title='bbox 1410 799 1591 866; x_wconf 89' lang='lat' dir='ltr'><strong>horas,</strong></span> <span class='ocrx_word' id='word_1_38' title='bbox 1624 802 1801 856; x_wconf 90' lang='lat' dir='ltr'><strong>multi-</strong></span> 
     </span>
    </p>
   </div>
   <div class='ocr_carea' id='block_1_9' title="bbox 205 885 1824 962">
    <p class='ocr_par' dir='ltr' id='par_1_9' title="bbox 205 885 1824 962">
     <span class='ocr_line' id='line_1_9' title="bbox 205 885 1824 962; baseline 0.006 -22"><span class='ocrx_word' id='word_1_39' title='bbox 205 885 347 957; x_wconf 88' lang='lat' dir='ltr'><strong>plica</strong></span> <span class='ocrx_word' id='word_1_40' title='bbox 374 886 562 943; x_wconf 83' lang='lat' dir='ltr'><strong>decem</strong></span> <span class='ocrx_word' id='word_1_41' title='bbox 591 903 688 960; x_wconf 89' lang='lat' dir='ltr'><strong>per</strong></span> <span class='ocrx_word' id='word_1_42' title='bbox 728 888 795 944; x_wconf 86' lang='lat'><strong>10</strong></span> <span class='ocrx_word' id='word_1_43' title='bbox 821 889 960 946; x_wconf 91' lang='lat' dir='ltr'><strong>ﬁunt</strong></span> <span class='ocrx_word' id='word_1_44' title='bbox 992 890 1096 946; x_wconf 90' lang='lat'><strong>100</strong></span> <span class='ocrx_word' id='word_1_45' title='bbox 1133 893 1260 962; x_wconf 87' lang='lat' dir='ltr'><strong>quia</strong></span> <span class='ocrx_word' id='word_1_46' title='bbox 1304 908 1408 947; x_wconf 89' lang='lat' dir='ltr'><strong>una</strong></span> <span class='ocrx_word' id='word_1_47' title='bbox 1436 894 1569 950; x_wconf 88' lang='lat' dir='ltr'><strong>hora</strong></span> <span class='ocrx_word' id='word_1_48' title='bbox 1609 895 1824 952; x_wconf 76' lang='lat' dir='ltr'><strong>decem&quot;</strong></span> 
     </span>
    </p>
   </div>
   <div class='ocr_carea' id='block_1_10' title="bbox 206 976 1798 1048">
    <p class='ocr_par' dir='ltr' id='par_1_10' title="bbox 206 976 1798 1048">
     <span class='ocr_line' id='line_1_10' title="bbox 206 976 1798 1048; baseline 0.006 -17"><span class='ocrx_word' id='word_1_49' title='bbox 206 976 417 1032; x_wconf 83' lang='lat' dir='ltr'><strong>minuta</strong></span> <span class='ocrx_word' id='word_1_50' title='bbox 449 978 642 1044; x_wconf 88' lang='lat' dir='ltr'><strong>habet;</strong></span> <span class='ocrx_word' id='word_1_51' title='bbox 671 978 851 1037; x_wconf 89' lang='lat' dir='ltr'><strong>decies</strong></span> <span class='ocrx_word' id='word_1_52' title='bbox 870 996 1004 1048; x_wconf 85' lang='lat' dir='ltr'><strong>vero</strong></span> <span class='ocrx_word' id='word_1_53' title='bbox 1025 982 1210 1038; x_wconf 83' lang='lat' dir='ltr'><strong>decem</strong></span> <span class='ocrx_word' id='word_1_54' title='bbox 1236 983 1444 1038; x_wconf 92' lang='lat' dir='ltr'><strong>minuta</strong></span> <span class='ocrx_word' id='word_1_55' title='bbox 1464 983 1668 1040; x_wconf 91' lang='lat' dir='ltr'><strong>faciunt</strong></span> <span class='ocrx_word' id='word_1_56' title='bbox 1695 985 1798 1041; x_wconf 90' lang='lat'><strong>100</strong></span> 
     </span>
    </p>
   </div>
   <div class='ocr_carea' id='block_1_11' title="bbox 203 1067 1801 1147">
    <p class='ocr_par' dir='ltr' id='par_1_11' title="bbox 203 1067 1801 1147">
     <span class='ocr_line' id='line_1_11' title="bbox 203 1067 1801 1147; baseline 0.006 -23"><span class='ocrx_word' id='word_1_57' title='bbox 203 1067 436 1124; x_wconf 88' lang='lat' dir='ltr'><strong>minuta.</strong></span> <span class='ocrx_word' id='word_1_58' title='bbox 466 1071 542 1125; x_wconf 91' lang='lat' dir='ltr'><strong>Da</strong></span> <span class='ocrx_word' id='word_1_59' title='bbox 571 1071 860 1142; x_wconf 83' lang='lat' dir='ltr'><strong>unicuique</strong></span> <span class='ocrx_word' id='word_1_60' title='bbox 885 1073 991 1129; x_wconf 89' lang='lat' dir='ltr'><strong>diei</strong></span> <span class='ocrx_word' id='word_1_61' title='bbox 1015 1089 1081 1129; x_wconf 89' lang='lat' dir='ltr'><strong>ex</strong></span> <span class='ocrx_word' id='word_1_62' title='bbox 1106 1075 1328 1147; x_wconf 90' lang='lat' dir='ltr'><strong>triginta</strong></span> <span class='ocrx_word' id='word_1_63' title='bbox 1359 1077 1549 1133; x_wconf 90' lang='lat' dir='ltr'><strong>diebus</strong></span> <span class='ocrx_word' id='word_1_64' title='bbox 1572 1079 1674 1133; x_wconf 90' lang='lat' dir='ltr'><strong>tria</strong></span> <span class='ocrx_word' id='word_1_65' title='bbox 1701 1079 1801 1134; x_wconf 89' lang='lat' dir='ltr'><strong>mi-</strong></span> 
     </span>
    </p>
   </div>
   <div class='ocr_carea' id='block_1_12' title="bbox 201 1160 1798 1249">
    <p class='ocr_par' dir='ltr' id='par_1_12' title="bbox 201 1160 1798 1249">
     <span class='ocr_line' id='line_1_12' title="bbox 201 1160 1798 1249; baseline 0.008 -33"><span class='ocrx_word' id='word_1_66' title='bbox 201 1169 359 1228; x_wconf 89' lang='lat' dir='ltr'><strong>nuta,</strong></span> <span class='ocrx_word' id='word_1_67' title='bbox 385 1160 594 1219; x_wconf 89' lang='lat' dir='ltr'><strong>faciunt</strong></span> <span class='ocrx_word' id='word_1_68' title='bbox 615 1164 684 1220; x_wconf 87' lang='lat'><strong>90</strong></span> <span class='ocrx_word' id='word_1_69' title='bbox 707 1167 936 1233; x_wconf 89' lang='lat' dir='ltr'><strong>minuta,</strong></span> <span class='ocrx_word' id='word_1_70' title='bbox 967 1177 1022 1223; x_wconf 91' lang='lat' dir='ltr'><strong>et</strong></span> <span class='ocrx_word' id='word_1_71' title='bbox 1051 1180 1336 1249; x_wconf 81' lang='lat' dir='ltr'><strong>remanent</strong></span> <span class='ocrx_word' id='word_1_72' title='bbox 1359 1171 1425 1224; x_wconf 85' lang='lat'><strong>10</strong></span> <span class='ocrx_word' id='word_1_73' title='bbox 1447 1171 1677 1227; x_wconf 89' lang='lat' dir='ltr'><strong>minuta.</strong></span> <span class='ocrx_word' id='word_1_74' title='bbox 1701 1172 1798 1229; x_wconf 83' lang='lat' dir='ltr'><strong>His</strong></span> 
     </span>
    </p>
   </div>
   <div class='ocr_carea' id='block_1_13' title="bbox 202 1249 1798 1332">
    <p class='ocr_par' dir='ltr' id='par_1_13' title="bbox 202 1249 1798 1332">
     <span class='ocr_line' id='line_1_13' title="bbox 202 1249 1798 1332; baseline 0.009 -24"><span class='ocrx_word' id='word_1_75' title='bbox 202 1249 346 1308; x_wconf 86' lang='lat' dir='ltr'><strong>adde</strong></span> <span class='ocrx_word' id='word_1_76' title='bbox 375 1255 616 1326; x_wconf 91' lang='lat' dir='ltr'><strong>quinque</strong></span> <span class='ocrx_word' id='word_1_77' title='bbox 641 1257 868 1324; x_wconf 89' lang='lat' dir='ltr'><strong>minuta,</strong></span> <span class='ocrx_word' id='word_1_78' title='bbox 907 1275 1027 1330; x_wconf 71' lang='lat' dir='ltr'><strong>qua:</strong></span> <span class='ocrx_word' id='word_1_79' title='bbox 1057 1259 1190 1316; x_wconf 88' lang='lat' dir='ltr'><strong>ﬁunt</strong></span> <span class='ocrx_word' id='word_1_80' title='bbox 1217 1277 1284 1317; x_wconf 83' lang='lat' dir='ltr'><strong>ex</strong></span> <span class='ocrx_word' id='word_1_81' title='bbox 1309 1262 1531 1320; x_wconf 90' lang='lat' dir='ltr'><strong>dimidia</strong></span> <span class='ocrx_word' id='word_1_82' title='bbox 1561 1266 1715 1332; x_wconf 88' lang='lat' dir='ltr'><strong>hora,</strong></span> <span class='ocrx_word' id='word_1_83' title='bbox 1742 1275 1798 1322; x_wconf 89' lang='lat' dir='ltr'><strong>et</strong></span> 
     </span>
    </p>
   </div>
   <div class='ocr_carea' id='block_1_14' title="bbox 199 1342 1806 1424">
    <p class='ocr_par' dir='ltr' id='par_1_14' title="bbox 199 1342 1806 1424">
     <span class='ocr_line' id='line_1_14' title="bbox 199 1342 1806 1424; baseline 0.011 -27"><span class='ocrx_word' id='word_1_84' title='bbox 199 1342 343 1423; x_wconf 82' lang='lat' dir='ltr'><strong>ﬁunt</strong></span> <span class='ocrx_word' id='word_1_85' title='bbox 372 1345 440 1399; x_wconf 81' lang='lat'><strong>15</strong></span> <span class='ocrx_word' id='word_1_86' title='bbox 473 1347 701 1424; x_wconf 86' lang='lat' dir='ltr'><strong>minuta.</strong></span> <span class='ocrx_word' id='word_1_87' title='bbox 741 1348 866 1405; x_wconf 85' lang='lat' dir='ltr'><strong>Haec</strong></span> <span class='ocrx_word' id='word_1_88' title='bbox 892 1352 1099 1420; x_wconf 88' lang='lat' dir='ltr'><strong>partire</strong></span> <span class='ocrx_word' id='word_1_89' title='bbox 1125 1368 1220 1424; x_wconf 85' lang='lat' dir='ltr'><strong>per</strong></span> <span class='ocrx_word' id='word_1_90' title='bbox 1241 1353 1344 1420; x_wconf 82' lang='grc'>50,</span> <span class='ocrx_word' id='word_1_91' title='bbox 1376 1353 1581 1411; x_wconf 90' lang='lat' dir='ltr'><strong>faciunt</strong></span> <span class='ocrx_word' id='word_1_92' title='bbox 1615 1356 1806 1413; x_wconf 83' lang='lat' dir='ltr'><strong>tricies</strong></span> 
     </span>
    </p>
   </div>
   <div class='ocr_carea' id='block_1_15' title="bbox 198 1422 1796 1518">
    <p class='ocr_par' dir='ltr' id='par_1_15' title="bbox 198 1422 1796 1518">
     <span class='ocr_line' id='line_1_15' title="bbox 198 1422 1796 1518; baseline 0.008 -29"><span class='ocrx_word' id='word_1_93' title='bbox 198 1422 488 1492; x_wconf 84' lang='lat' dir='ltr'><strong>dimidium</strong></span> <span class='ocrx_word' id='word_1_94' title='bbox 516 1438 788 1494; x_wconf 89' lang='lat' dir='ltr'><strong>minutum</strong></span> <span class='ocrx_word' id='word_1_95' title='bbox 820 1440 888 1495; x_wconf 80' lang='lat'><strong>15</strong></span> <span class='ocrx_word' id='word_1_96' title='bbox 917 1422 1148 1496; x_wconf 61' lang='lat' dir='ltr'><strong>minuta.</strong></span> <span class='ocrx_word' id='word_1_97' title='bbox 1171 1443 1240 1518; x_wconf 87' lang='lat' dir='ltr'><strong>Et</strong></span> <span class='ocrx_word' id='word_1_98' title='bbox 1264 1444 1592 1501; x_wconf 86' lang='lat' dir='ltr'><strong>adcrescunt</strong></span> <span class='ocrx_word' id='word_1_99' title='bbox 1616 1447 1796 1516; x_wconf 89' lang='lat' dir='ltr'><strong>quoti-</strong></span> 
     </span>
    </p>
   </div>
   <div class='ocr_carea' id='block_1_16' title="bbox 199 1526 1802 1620">
    <p class='ocr_par' dir='ltr' id='par_1_16' title="bbox 199 1526 1802 1620">
     <span class='ocr_line' id='line_1_16' title="bbox 199 1526 1802 1620; baseline 0.008 -38"><span class='ocrx_word' id='word_1_100' title='bbox 199 1526 291 1619; x_wconf 71' lang='lat' dir='ltr'><strong>die</strong></span> <span class='ocrx_word' id='word_1_101' title='bbox 319 1528 472 1620; x_wconf 72' lang='lat' dir='ltr'><strong>in_50</strong></span> <span class='ocrx_word' id='word_1_102' title='bbox 510 1531 701 1588; x_wconf 91' lang='lat' dir='ltr'><strong>diebus</strong></span> <span class='ocrx_word' id='word_1_103' title='bbox 730 1532 833 1588; x_wconf 91' lang='lat' dir='ltr'><strong>tria</strong></span> <span class='ocrx_word' id='word_1_104' title='bbox 858 1533 1089 1601; x_wconf 89' lang='lat' dir='ltr'><strong>minuta,</strong></span> <span class='ocrx_word' id='word_1_105' title='bbox 1137 1543 1195 1590; x_wconf 91' lang='lat' dir='ltr'><strong>et</strong></span> <span class='ocrx_word' id='word_1_106' title='bbox 1241 1536 1462 1593; x_wconf 89' lang='lat' dir='ltr'><strong>dimidia</strong></span> <span class='ocrx_word' id='word_1_107' title='bbox 1487 1539 1802 1620; x_wconf 44' lang='lat' dir='ltr'><strong>pars‘unius</strong></span> 
     </span>
    </p>
   </div>
   <div class='ocr_carea' id='block_1_17' title="bbox 195 1607 421 1666">
    <p class='ocr_par' dir='ltr' id='par_1_17' title="bbox 195 1607 421 1666">
     <span class='ocr_line' id='line_1_17' title="bbox 195 1607 421 1666; baseline 0.004 -3"><span class='ocrx_word' id='word_1_108' title='bbox 195 1607 421 1666; x_wconf 86' lang='lat' dir='ltr'><strong>minuti.</strong></span> 
     </span>
    </p>
   </div>
   <div class='ocr_carea' id='block_1_18' title="bbox 841 1684 1141 1742">
    <p class='ocr_par' dir='ltr' id='par_1_18' title="bbox 841 1684 1141 1742">
     <span class='ocr_line' id='line_1_18' title="bbox 841 1684 1141 1742; baseline 0.007 -2"><span class='ocrx_word' id='word_1_109' title='bbox 841 1684 975 1740; x_wconf 82' lang='lat' dir='ltr'><strong>Item</strong></span> <span class='ocrx_word' id='word_1_110' title='bbox 1009 1685 1141 1742; x_wconf 85' lang='lat' dir='ltr'><strong>alia.</strong></span> 
     </span>
    </p>
   </div>
   <div class='ocr_carea' id='block_1_19' title="bbox 267 1772 1796 1851">
    <p class='ocr_par' dir='ltr' id='par_1_19' title="bbox 267 1772 1796 1851">
     <span class='ocr_line' id='line_1_19' title="bbox 267 1772 1796 1851; baseline 0.009 -23"><span class='ocrx_word' id='word_1_111' title='bbox 267 1772 340 1829; x_wconf 86' lang='lat' dir='ltr'><strong>Et</strong></span> <span class='ocrx_word' id='word_1_112' title='bbox 377 1773 423 1831; x_wconf 91' lang='lat' dir='ltr'><strong>si</strong></span> <span class='ocrx_word' id='word_1_113' title='bbox 459 1775 601 1832; x_wconf 90' lang='lat' dir='ltr'><strong>scire</strong></span> <span class='ocrx_word' id='word_1_114' title='bbox 630 1777 736 1844; x_wconf 85' lang='lat' dir='ltr'><strong>vis,</strong></span> <span class='ocrx_word' id='word_1_115' title='bbox 768 1789 1036 1849; x_wconf 90' lang='lat' dir='ltr'><strong>quantum</strong></span> <span class='ocrx_word' id='word_1_116' title='bbox 1064 1781 1305 1851; x_wconf 88' lang='lat' dir='ltr'><strong>quotidie</strong></span> <span class='ocrx_word' id='word_1_117' title='bbox 1334 1791 1548 1840; x_wconf 85' lang='lat' dir='ltr'><strong>crescat</strong></span> <span class='ocrx_word' id='word_1_118' title='bbox 1580 1783 1648 1840; x_wconf 91' lang='lat' dir='ltr'><strong>ad</strong></span> <span class='ocrx_word' id='word_1_119' title='bbox 1687 1786 1796 1842; x_wconf 86' lang='lat' dir='ltr'><strong>bis-</strong></span> 
     </span>
    </p>
   </div>
   <div class='ocr_carea' id='block_1_20' title="bbox 193 1866 1794 1946">
    <p class='ocr_par' dir='ltr' id='par_1_20' title="bbox 193 1866 1794 1946">
     <span class='ocr_line' id='line_1_20' title="bbox 193 1866 1794 1946; baseline 0.007 -27"><span class='ocrx_word' id='word_1_120' title='bbox 193 1873 411 1920; x_wconf 78' lang='lat' dir='ltr'><strong>sextum</strong></span> <span class='ocrx_word' id='word_1_121' title='bbox 439 1905 454 1933; x_wconf 95' lang='lat'><strong>,</strong></span> <span class='ocrx_word' id='word_1_122' title='bbox 499 1867 707 1936; x_wconf 87' lang='lat' dir='ltr'><strong>partire</strong></span> <span class='ocrx_word' id='word_1_123' title='bbox 742 1866 776 1922; x_wconf 84' lang='grc'><strong>5</strong></span> <span class='ocrx_word' id='word_1_124' title='bbox 810 1870 1017 1925; x_wconf 89' lang='lat' dir='ltr'><strong>minuta</strong></span> <span class='ocrx_word' id='word_1_125' title='bbox 1055 1870 1109 1924; x_wconf 92' lang='lat' dir='ltr'><strong>in</strong></span> <span class='ocrx_word' id='word_1_126' title='bbox 1145 1870 1216 1926; x_wconf 82' lang='grc'><strong>50</strong></span> <span class='ocrx_word' id='word_1_127' title='bbox 1245 1871 1380 1927; x_wconf 92' lang='lat' dir='ltr'><strong>ﬁunt</strong></span> <span class='ocrx_word' id='word_1_128' title='bbox 1418 1873 1596 1929; x_wconf 83' lang='lat' dir='ltr'><strong>sexies</strong></span> <span class='ocrx_word' id='word_1_129' title='bbox 1631 1875 1794 1946; x_wconf 82' lang='lat' dir='ltr'><strong>quin-</strong></span> 
     </span>
    </p>
   </div>
   <div class='ocr_carea' id='block_1_21' title="bbox 192 1955 1803 2036">
    <p class='ocr_par' dir='ltr' id='par_1_21' title="bbox 192 1955 1803 2036">
     <span class='ocr_line' id='line_1_21' title="bbox 192 1955 1803 2036; baseline 0.007 -25"><span class='ocrx_word' id='word_1_130' title='bbox 192 1957 394 2027; x_wconf 90' lang='lat' dir='ltr'><strong>quies;</strong></span> <span class='ocrx_word' id='word_1_131' title='bbox 441 1966 595 2013; x_wconf 84' lang='lat' dir='ltr'><strong>sexta</strong></span> <span class='ocrx_word' id='word_1_132' title='bbox 629 1974 757 2030; x_wconf 88' lang='lat' dir='ltr'><strong>pars</strong></span> <span class='ocrx_word' id='word_1_133' title='bbox 793 1960 954 2014; x_wconf 87' lang='lat' dir='ltr'><strong>unius</strong></span> <span class='ocrx_word' id='word_1_134' title='bbox 996 1962 1190 2018; x_wconf 91' lang='lat' dir='ltr'><strong>minuti</strong></span> <span class='ocrx_word' id='word_1_135' title='bbox 1227 1965 1498 2020; x_wconf 85' lang='lat' dir='ltr'><strong>adcrescit</strong></span> <span class='ocrx_word' id='word_1_136' title='bbox 1528 1955 1803 2036; x_wconf 57' lang='lat' dir='ltr'><strong>quotidie,‘</strong></span> 
     </span>
    </p>
   </div>
   <div class='ocr_carea' id='block_1_22' title="bbox 191 2046 1799 2121">
    <p class='ocr_par' dir='ltr' id='par_1_22' title="bbox 191 2046 1799 2121">
     <span class='ocr_line' id='line_1_22' title="bbox 191 2046 1799 2121; baseline 0.006 -20"><span class='ocrx_word' id='word_1_137' title='bbox 191 2055 257 2101; x_wconf 90' lang='lat' dir='ltr'><strong>ut</strong></span> <span class='ocrx_word' id='word_1_138' title='bbox 285 2046 512 2103; x_wconf 90' lang='lat' dir='ltr'><strong>dimidia</strong></span> <span class='ocrx_word' id='word_1_139' title='bbox 540 2047 673 2104; x_wconf 87' lang='lat' dir='ltr'><strong>hora</strong></span> <span class='ocrx_word' id='word_1_140' title='bbox 706 2049 801 2104; x_wconf 86' lang='lat' dir='ltr'><strong>ﬁat</strong></span> <span class='ocrx_word' id='word_1_141' title='bbox 826 2064 923 2121; x_wconf 88' lang='lat' dir='ltr'><strong>per</strong></span> <span class='ocrx_word' id='word_1_142' title='bbox 950 2067 1192 2108; x_wconf 87' lang='lat' dir='ltr'><strong>mensem</strong></span> <span class='ocrx_word' id='word_1_143' title='bbox 1220 2069 1419 2120; x_wconf 88' lang='lat' dir='ltr'><strong>unum;</strong></span> <span class='ocrx_word' id='word_1_144' title='bbox 1469 2057 1608 2111; x_wconf 88' lang='lat' dir='ltr'><strong>hanc</strong></span> <span class='ocrx_word' id='word_1_145' title='bbox 1635 2053 1799 2111; x_wconf 49' lang='lat' dir='ltr'><strong>dimi?</strong></span> 
     </span>
    </p>
   </div>
   <div class='ocr_carea' id='block_1_23' title="bbox 190 2136 1796 2205">
    <p class='ocr_par' dir='ltr' id='par_1_23' title="bbox 190 2136 1796 2205">
     <span class='ocr_line' id='line_1_23' title="bbox 190 2136 1796 2205; baseline 0.005 -11"><span class='ocrx_word' id='word_1_146' title='bbox 190 2136 341 2194; x_wconf 83' lang='lat' dir='ltr'><strong>diam</strong></span> <span class='ocrx_word' id='word_1_147' title='bbox 369 2138 561 2194; x_wconf 88' lang='lat' dir='ltr'><strong>horam</strong></span> <span class='ocrx_word' id='word_1_148' title='bbox 594 2140 697 2194; x_wconf 91' lang='lat' dir='ltr'><strong>duc</strong></span> <span class='ocrx_word' id='word_1_149' title='bbox 728 2140 1044 2205; x_wconf 90' lang='lat' dir='ltr'><strong>duodecies,</strong></span> <span class='ocrx_word' id='word_1_150' title='bbox 1082 2139 1141 2197; x_wconf 82' lang='lat' dir='ltr'><strong>et</strong></span> <span class='ocrx_word' id='word_1_151' title='bbox 1181 2144 1316 2198; x_wconf 81' lang='lat' dir='ltr'><strong>fiunt</strong></span> <span class='ocrx_word' id='word_1_152' title='bbox 1347 2159 1441 2199; x_wconf 86' lang='lat' dir='ltr'><strong>sex</strong></span> <span class='ocrx_word' id='word_1_153' title='bbox 1472 2145 1639 2200; x_wconf 62' lang='lat' dir='ltr'><strong>horae.</strong></span> <span class='ocrx_word' id='word_1_154' title='bbox 1687 2145 1796 2203; x_wconf 88' lang='lat' dir='ltr'><strong>Has</strong></span> 
     </span>
    </p>
   </div>
   <div class='ocr_carea' id='block_1_24' title="bbox 190 2228 1796 2307">
    <p class='ocr_par' dir='ltr' id='par_1_24' title="bbox 190 2228 1796 2307">
     <span class='ocr_line' id='line_1_24' title="bbox 190 2228 1796 2307; baseline 0.006 -23"><span class='ocrx_word' id='word_1_155' title='bbox 190 2228 494 2300; x_wconf 84' lang='lat' dir='ltr'><strong>multiplica</strong></span> <span class='ocrx_word' id='word_1_156' title='bbox 517 2229 572 2284; x_wconf 91' lang='lat' dir='ltr'><strong>in</strong></span> <span class='ocrx_word' id='word_1_157' title='bbox 594 2229 650 2296; x_wconf 75' lang='lat'><strong>4;</strong></span> <span class='ocrx_word' id='word_1_158' title='bbox 667 2239 862 2301; x_wconf 86' lang='lat' dir='ltr'><strong>quater</strong></span> <span class='ocrx_word' id='word_1_159' title='bbox 883 2247 981 2287; x_wconf 91' lang='lat' dir='ltr'><strong>sex</strong></span> <span class='ocrx_word' id='word_1_160' title='bbox 1006 2232 1212 2289; x_wconf 82' lang='lat' dir='ltr'><strong>faciunt</strong></span> <span class='ocrx_word' id='word_1_161' title='bbox 1231 2233 1320 2300; x_wconf 73' lang='grc'><strong>24,</strong></span> <span class='ocrx_word' id='word_1_162' title='bbox 1346 2247 1477 2307; x_wconf 91' lang='lat' dir='ltr'><strong>quot</strong></span> <span class='ocrx_word' id='word_1_163' title='bbox 1501 2246 1626 2292; x_wconf 90' lang='lat' dir='ltr'><strong>sunt</strong></span> <span class='ocrx_word' id='word_1_164' title='bbox 1649 2238 1796 2293; x_wconf 71' lang='lat' dir='ltr'><strong>hora:</strong></span> 
     </span>
    </p>
   </div>
   <div class='ocr_carea' id='block_1_25' title="bbox 188 2321 1797 2395">
    <p class='ocr_par' dir='ltr' id='par_1_25' title="bbox 188 2321 1797 2395">
     <span class='ocr_line' id='line_1_25' title="bbox 188 2321 1797 2395; baseline 0.008 -21"><span class='ocrx_word' id='word_1_165' title='bbox 188 2322 357 2376; x_wconf 91' lang='lat' dir='ltr'><strong>unius</strong></span> <span class='ocrx_word' id='word_1_166' title='bbox 384 2321 487 2377; x_wconf 91' lang='lat' dir='ltr'><strong>diei</strong></span> <span class='ocrx_word' id='word_1_167' title='bbox 520 2338 617 2392; x_wconf 85' lang='lat' dir='ltr'><strong>per</strong></span> <span class='ocrx_word' id='word_1_168' title='bbox 644 2324 1064 2394; x_wconf 85' lang='lat' dir='ltr'><strong>quadriennium</strong></span> <span class='ocrx_word' id='word_1_169' title='bbox 1093 2326 1393 2395; x_wconf 85' lang='lat' dir='ltr'><strong>adcrescit,</strong></span> <span class='ocrx_word' id='word_1_170' title='bbox 1437 2339 1495 2384; x_wconf 91' lang='lat' dir='ltr'><strong>ut</strong></span> <span class='ocrx_word' id='word_1_171' title='bbox 1523 2329 1797 2387; x_wconf 80' lang='lat' dir='ltr'><strong>bissextus</strong></span> 
     </span>
    </p>
   </div>
   <div class='ocr_carea' id='block_1_26' title="bbox 188 2411 1794 2492">
    <p class='ocr_par' dir='ltr' id='par_1_26' title="bbox 188 2411 1794 2492">
     <span class='ocr_line' id='line_1_26' title="bbox 188 2411 1794 2492; baseline 0.006 -25"><span class='ocrx_word' id='word_1_172' title='bbox 188 2411 311 2467; x_wconf 89' lang='lat' dir='ltr'><strong>ﬁeri</strong></span> <span class='ocrx_word' id='word_1_173' title='bbox 342 2413 544 2483; x_wconf 89' lang='lat' dir='ltr'><strong>possit,</strong></span> <span class='ocrx_word' id='word_1_174' title='bbox 575 2422 630 2469; x_wconf 90' lang='lat' dir='ltr'><strong>et</strong></span> <span class='ocrx_word' id='word_1_175' title='bbox 657 2414 793 2469; x_wconf 87' lang='lat' dir='ltr'><strong>ﬁunt</strong></span> <span class='ocrx_word' id='word_1_176' title='bbox 823 2425 1017 2486; x_wconf 91' lang='lat' dir='ltr'><strong>quarto</strong></span> <span class='ocrx_word' id='word_1_177' title='bbox 1047 2433 1190 2474; x_wconf 90' lang='lat' dir='ltr'><strong>anno</strong></span> <span class='ocrx_word' id='word_1_178' title='bbox 1216 2420 1320 2474; x_wconf 81' lang='grc'>566</span> <span class='ocrx_word' id='word_1_179' title='bbox 1347 2421 1484 2488; x_wconf 91' lang='lat' dir='ltr'><strong>dies,</strong></span> <span class='ocrx_word' id='word_1_180' title='bbox 1517 2423 1607 2492; x_wconf 91' lang='lat' dir='ltr'><strong>qui</strong></span> <span class='ocrx_word' id='word_1_181' title='bbox 1637 2437 1794 2478; x_wconf 86' lang='lat' dir='ltr'><strong>sena-</strong></span> 
     </span>
    </p>
   </div>
   <div class='ocr_carea' id='block_1_27' title="bbox 189 2504 1795 2580">
    <p class='ocr_par' dir='ltr' id='par_1_27' title="bbox 189 2504 1795 2580">
     <span class='ocr_line' id='line_1_27' title="bbox 189 2504 1795 2580; baseline 0.007 -22"><span class='ocrx_word' id='word_1_182' title='bbox 189 2504 308 2559; x_wconf 87' lang='lat' dir='ltr'><strong>rius</strong></span> <span class='ocrx_word' id='word_1_183' title='bbox 330 2520 590 2561; x_wconf 85' lang='lat' dir='ltr'><strong>numerus</strong></span> <span class='ocrx_word' id='word_1_184' title='bbox 619 2507 850 2562; x_wconf 89' lang='lat' dir='ltr'><strong>multum</strong></span> <span class='ocrx_word' id='word_1_185' title='bbox 876 2508 1020 2565; x_wconf 89' lang='lat' dir='ltr'><strong>valet</strong></span> <span class='ocrx_word' id='word_1_186' title='bbox 1051 2510 1106 2565; x_wconf 91' lang='lat' dir='ltr'><strong>in</strong></span> <span class='ocrx_word' id='word_1_187' title='bbox 1133 2511 1340 2567; x_wconf 89' lang='lat' dir='ltr'><strong>circulo</strong></span> <span class='ocrx_word' id='word_1_188' title='bbox 1367 2515 1517 2580; x_wconf 90' lang='lat' dir='ltr'><strong>anni,</strong></span> <span class='ocrx_word' id='word_1_189' title='bbox 1541 2531 1665 2569; x_wconf 89' lang='lat' dir='ltr'><strong>nam</strong></span> <span class='ocrx_word' id='word_1_190' title='bbox 1689 2513 1795 2570; x_wconf 78' lang='grc'>560</span> 
     </span>
    </p>
   </div>
   <div class='ocr_carea' id='block_1_28' title="bbox 188 2595 1793 2677">
    <p class='ocr_par' dir='ltr' id='par_1_28' title="bbox 188 2595 1793 2677">
     <span class='ocr_line' id='line_1_28' title="bbox 188 2595 1793 2677; baseline 0.008 -28"><span class='ocrx_word' id='word_1_191' title='bbox 188 2595 401 2652; x_wconf 80' lang='lat' dir='ltr'><strong>faciunt</strong></span> <span class='ocrx_word' id='word_1_192' title='bbox 434 2598 610 2654; x_wconf 81' lang='lat' dir='ltr'><strong>sexies</strong></span> <span class='ocrx_word' id='word_1_193' title='bbox 647 2600 929 2670; x_wconf 87' lang='lat' dir='ltr'><strong>sexaginta</strong></span> <span class='ocrx_word' id='word_1_194' title='bbox 958 2641 974 2668; x_wconf 94' lang='lat'><strong>,</strong></span> <span class='ocrx_word' id='word_1_195' title='bbox 1027 2604 1116 2674; x_wconf 90' lang='lat' dir='ltr'><strong>qui</strong></span> <span class='ocrx_word' id='word_1_196' title='bbox 1169 2606 1558 2676; x_wconf 78' lang='lat' dir='ltr'><strong>sexagenarius</strong></span> <span class='ocrx_word' id='word_1_197' title='bbox 1605 2606 1649 2662; x_wconf 86' lang='lat' dir='ltr'><strong>si</strong></span> <span class='ocrx_word' id='word_1_198' title='bbox 1694 2623 1793 2677; x_wconf 90' lang='lat' dir='ltr'><strong>per</strong></span> 
     </span>
    </p>
   </div>
   <div class='ocr_carea' id='block_1_29' title="bbox 190 2689 1794 2769">
    <p class='ocr_par' dir='ltr' id='par_1_29' title="bbox 190 2689 1794 2769">
     <span class='ocr_line' id='line_1_29' title="bbox 190 2689 1794 2769; baseline 0.007 -25"><span class='ocrx_word' id='word_1_199' title='bbox 190 2689 475 2744; x_wconf 86' lang='lat' dir='ltr'><strong>denarium</strong></span> <span class='ocrx_word' id='word_1_200' title='bbox 502 2692 534 2725; x_wconf 61' lang='lat'><strong>¥</strong></span> <span class='ocrx_word' id='word_1_201' title='bbox 557 2706 680 2747; x_wconf 89' lang='lat' dir='ltr'><strong>esse</strong></span> <span class='ocrx_word' id='word_1_202' title='bbox 708 2694 1028 2762; x_wconf 86' lang='lat' dir='ltr'><strong>perfectum,</strong></span> <span class='ocrx_word' id='word_1_203' title='bbox 1055 2697 1196 2751; x_wconf 88' lang='lat' dir='ltr'><strong>sicut</strong></span> <span class='ocrx_word' id='word_1_204' title='bbox 1224 2699 1470 2753; x_wconf 86' lang='lat' dir='ltr'><strong>senarius</strong></span> <span class='ocrx_word' id='word_1_205' title='bbox 1496 2714 1592 2769; x_wconf 88' lang='lat' dir='ltr'><strong>per</strong></span> <span class='ocrx_word' id='word_1_206' title='bbox 1617 2701 1794 2755; x_wconf 86' lang='lat' dir='ltr'><strong>unita-</strong></span> 
     </span>
    </p>
   </div>
   <div class='ocr_carea' id='block_1_30' title="bbox 190 2785 1794 2854">
    <p class='ocr_par' dir='ltr' id='par_1_30' title="bbox 190 2785 1794 2854">
     <span class='ocr_line' id='line_1_30' title="bbox 190 2785 1794 2854; baseline 0.007 -20"><span class='ocrx_word' id='word_1_207' title='bbox 190 2786 344 2846; x_wconf 86' lang='lat' dir='ltr'><strong>tem;</strong></span> <span class='ocrx_word' id='word_1_208' title='bbox 395 2797 518 2835; x_wconf 78' lang='lat' dir='ltr'><strong>narn</strong></span> <span class='ocrx_word' id='word_1_209' title='bbox 559 2799 724 2838; x_wconf 90' lang='lat' dir='ltr'><strong>unum</strong></span> <span class='ocrx_word' id='word_1_210' title='bbox 762 2785 888 2849; x_wconf 90' lang='lat' dir='ltr'><strong>duo,</strong></span> <span class='ocrx_word' id='word_1_211' title='bbox 933 2795 988 2840; x_wconf 88' lang='lat' dir='ltr'><strong>et</strong></span> <span class='ocrx_word' id='word_1_212' title='bbox 1031 2794 1140 2840; x_wconf 89' lang='lat' dir='ltr'><strong>tres</strong></span> <span class='ocrx_word' id='word_1_213' title='bbox 1182 2785 1388 2842; x_wconf 88' lang='lat' dir='ltr'><strong>faciunt</strong></span> <span class='ocrx_word' id='word_1_214' title='bbox 1434 2804 1564 2854; x_wconf 88' lang='lat' dir='ltr'><strong>sex,</strong></span> <span class='ocrx_word' id='word_1_215' title='bbox 1613 2800 1667 2846; x_wconf 90' lang='lat' dir='ltr'><strong>et</strong></span> <span class='ocrx_word' id='word_1_216' title='bbox 1709 2801 1794 2847; x_wconf 90' lang='lat' dir='ltr'><strong>est</strong></span> 
     </span>
    </p>
   </div>
   <div class='ocr_carea' id='block_1_31' title="bbox 186 2871 1794 2954">
    <p class='ocr_par' dir='ltr' id='par_1_31' title="bbox 186 2871 1794 2954">
     <span class='ocr_line' id='line_1_31' title="bbox 186 2871 1794 2954; baseline 0.007 -28"><span class='ocrx_word' id='word_1_217' title='bbox 186 2871 467 2942; x_wconf 89' lang='lat' dir='ltr'><strong>perfectus</strong></span> <span class='ocrx_word' id='word_1_218' title='bbox 491 2889 749 2931; x_wconf 89' lang='lat' dir='ltr'><strong>numerus</strong></span> <span class='ocrx_word' id='word_1_219' title='bbox 777 2876 828 2930; x_wconf 91' lang='lat' dir='ltr'><strong>in</strong></span> <span class='ocrx_word' id='word_1_220' title='bbox 857 2877 1104 2948; x_wconf 89' lang='lat' dir='ltr'><strong>partibus</strong></span> <span class='ocrx_word' id='word_1_221' title='bbox 1132 2879 1266 2934; x_wconf 90' lang='lat' dir='ltr'><strong>suis.</strong></span> <span class='ocrx_word' id='word_1_222' title='bbox 1302 2880 1379 2934; x_wconf 88' lang='lat' dir='ltr'><strong>Ita</strong></span> <span class='ocrx_word' id='word_1_223' title='bbox 1408 2883 1794 2954; x_wconf 82' lang='lat' dir='ltr'><strong>sexagenarius</strong></span> 
     </span>
    </p>
   </div>
   <div class='ocr_carea' id='block_1_32' title="bbox 187 2966 1792 3044">
    <p class='ocr_par' dir='ltr' id='par_1_32' title="bbox 187 2966 1792 3044">
     <span class='ocr_line' id='line_1_32' title="bbox 187 2966 1792 3044; baseline 0.009 -26"><span class='ocrx_word' id='word_1_224' title='bbox 187 2966 480 3036; x_wconf 86' lang='lat' dir='ltr'><strong>quamdam</strong></span> <span class='ocrx_word' id='word_1_225' title='bbox 513 2967 899 3036; x_wconf 81' lang='lat' dir='ltr'><strong>perfectionem</strong></span> <span class='ocrx_word' id='word_1_226' title='bbox 929 2970 1126 3038; x_wconf 89' lang='lat' dir='ltr'><strong>habet,</strong></span> <span class='ocrx_word' id='word_1_227' title='bbox 1165 2973 1210 3027; x_wconf 92' lang='lat' dir='ltr'><strong>si</strong></span> <span class='ocrx_word' id='word_1_228' title='bbox 1241 2975 1476 3044; x_wconf 88' lang='lat' dir='ltr'><strong>partitur</strong></span> <span class='ocrx_word' id='word_1_229' title='bbox 1505 2990 1602 3044; x_wconf 90' lang='lat' dir='ltr'><strong>per</strong></span> <span class='ocrx_word' id='word_1_230' title='bbox 1630 2975 1792 3032; x_wconf 51' lang='lat' dir='ltr'><strong>dena.</strong></span> 
     </span>
    </p>
   </div>
   <div class='ocr_carea' id='block_1_33' title="bbox 186 3061 1792 3136">
    <p class='ocr_par' dir='ltr' id='par_1_33' title="bbox 186 3061 1792 3136">
     <span class='ocr_line' id='line_1_33' title="bbox 186 3061 1792 3136; baseline 0.008 -22"><span class='ocrx_word' id='word_1_231' title='bbox 186 3061 333 3115; x_wconf 87' lang='lat' dir='ltr'><strong>rium</strong></span> <span class='ocrx_word' id='word_1_232' title='bbox 362 3076 669 3116; x_wconf 85' lang='lat' dir='ltr'><strong>numerum.</strong></span> <span class='ocrx_word' id='word_1_233' title='bbox 704 3062 838 3117; x_wconf 88' lang='lat' dir='ltr'><strong>Nam</strong></span> <span class='ocrx_word' id='word_1_234' title='bbox 871 3065 1038 3119; x_wconf 88' lang='lat' dir='ltr'><strong>semel</strong></span> <span class='ocrx_word' id='word_1_235' title='bbox 1066 3064 1279 3131; x_wconf 87' lang='lat' dir='ltr'><strong>decem,</strong></span> <span class='ocrx_word' id='word_1_236' title='bbox 1307 3078 1364 3121; x_wconf 89' lang='lat' dir='ltr'><strong>et</strong></span> <span class='ocrx_word' id='word_1_237' title='bbox 1388 3066 1471 3122; x_wconf 92' lang='lat' dir='ltr'><strong>bis</strong></span> <span class='ocrx_word' id='word_1_238' title='bbox 1497 3068 1706 3136; x_wconf 90' lang='lat' dir='ltr'><strong>decem,</strong></span> <span class='ocrx_word' id='word_1_239' title='bbox 1737 3080 1792 3126; x_wconf 93' lang='lat' dir='ltr'><strong>et</strong></span> 
     </span>
    </p>
   </div>
   <div class='ocr_carea' id='block_1_34' title="bbox 185 3155 1786 3230">
    <p class='ocr_par' dir='ltr' id='par_1_34' title="bbox 185 3155 1786 3230">
     <span class='ocr_line' id='line_1_34' title="bbox 185 3155 1786 3230; baseline 0.005 -20"><span class='ocrx_word' id='word_1_240' title='bbox 185 3162 279 3210; x_wconf 86' lang='lat' dir='ltr'><strong>ter</strong></span> <span class='ocrx_word' id='word_1_241' title='bbox 313 3155 499 3210; x_wconf 88' lang='lat' dir='ltr'><strong>decem</strong></span> <span class='ocrx_word' id='word_1_242' title='bbox 540 3157 820 3227; x_wconf 81' lang='lat' dir='ltr'><strong>sexaginta</strong></span> <span class='ocrx_word' id='word_1_243' title='bbox 863 3167 1027 3224; x_wconf 91' lang='lat' dir='ltr'><strong>sunt;</strong></span> <span class='ocrx_word' id='word_1_244' title='bbox 1081 3175 1206 3213; x_wconf 91' lang='lat' dir='ltr'><strong>nam</strong></span> <span class='ocrx_word' id='word_1_245' title='bbox 1252 3170 1511 3230; x_wconf 89' lang='lat' dir='ltr'><strong>quantum</strong></span> <span class='ocrx_word' id='word_1_246' title='bbox 1543 3161 1688 3217; x_wconf 87' lang='lat' dir='ltr'><strong>valet</strong></span> <span class='ocrx_word' id='word_1_247' title='bbox 1733 3163 1786 3218; x_wconf 92' lang='lat' dir='ltr'><strong>in</strong></span> 
     </span>
    </p>
   </div>
   <div class='ocr_carea' id='block_1_35' title="bbox 183 3245 1788 3321">
    <p class='ocr_par' dir='ltr' id='par_1_35' title="bbox 183 3245 1788 3321">
     <span class='ocr_line' id='line_1_35' title="bbox 183 3245 1788 3321; baseline 0.006 -21"><span class='ocrx_word' id='word_1_248' title='bbox 183 3245 366 3318; x_wconf 89' lang='lat' dir='ltr'><strong>primo</strong></span> <span class='ocrx_word' id='word_1_249' title='bbox 392 3260 554 3302; x_wconf 87' lang='lat' dir='ltr'><strong>versu</strong></span> <span class='ocrx_word' id='word_1_250' title='bbox 587 3263 934 3304; x_wconf 89' lang='lat' dir='ltr'><strong>numerorum</strong></span> <span class='ocrx_word' id='word_1_251' title='bbox 963 3251 1231 3316; x_wconf 87' lang='lat' dir='ltr'><strong>senarius,</strong></span> <span class='ocrx_word' id='word_1_252' title='bbox 1259 3263 1316 3305; x_wconf 89' lang='lat' dir='ltr'><strong>ut</strong></span> <span class='ocrx_word' id='word_1_253' title='bbox 1344 3254 1694 3321; x_wconf 87' lang='lat' dir='ltr'><strong>perveniatur</strong></span> <span class='ocrx_word' id='word_1_254' title='bbox 1719 3255 1788 3310; x_wconf 87' lang='lat' dir='ltr'><strong>ad</strong></span> 
     </span>
    </p>
   </div>
   <div class='ocr_carea' id='block_1_36' title="bbox 183 3336 1788 3403">
    <p class='ocr_par' dir='ltr' id='par_1_36' title="bbox 183 3336 1788 3403">
     <span class='ocr_line' id='line_1_36' title="bbox 183 3336 1788 3403; baseline 0.006 -10"><span class='ocrx_word' id='word_1_255' title='bbox 183 3336 405 3403; x_wconf 89' lang='lat' dir='ltr'><strong>decem,</strong></span> <span class='ocrx_word' id='word_1_256' title='bbox 462 3347 668 3394; x_wconf 89' lang='lat' dir='ltr'><strong>tantum</strong></span> <span class='ocrx_word' id='word_1_257' title='bbox 701 3341 840 3395; x_wconf 89' lang='lat' dir='ltr'><strong>valet</strong></span> <span class='ocrx_word' id='word_1_258' title='bbox 878 3342 931 3395; x_wconf 91' lang='lat' dir='ltr'><strong>in</strong></span> <span class='ocrx_word' id='word_1_259' title='bbox 972 3343 1212 3398; x_wconf 90' lang='lat' dir='ltr'><strong>secundo</strong></span> <span class='ocrx_word' id='word_1_260' title='bbox 1239 3359 1396 3400; x_wconf 90' lang='lat' dir='ltr'><strong>versu</strong></span> <span class='ocrx_word' id='word_1_261' title='bbox 1437 3361 1788 3402; x_wconf 64' lang='lat' dir='ltr'><strong>numerorum</strong></span> 
     </span>
    </p>
   </div>
   <div class='ocr_carea' id='block_1_37' title="bbox 183 3432 1788 3510">
    <p class='ocr_par' dir='ltr' id='par_1_37' title="bbox 183 3432 1788 3510">
     <span class='ocr_line' id='line_1_37' title="bbox 183 3432 1788 3510; baseline 0.004 -22"><span class='ocrx_word' id='word_1_262' title='bbox 183 3432 596 3502; x_wconf 85' lang='lat' dir='ltr'><strong>sexagenarius,</strong></span> <span class='ocrx_word' id='word_1_263' title='bbox 621 3441 680 3488; x_wconf 93' lang='lat' dir='ltr'><strong>ut</strong></span> <span class='ocrx_word' id='word_1_264' title='bbox 707 3435 1054 3503; x_wconf 85' lang='lat' dir='ltr'><strong>perveniatur</strong></span> <span class='ocrx_word' id='word_1_265' title='bbox 1080 3436 1145 3490; x_wconf 91' lang='lat' dir='ltr'><strong>ad</strong></span> <span class='ocrx_word' id='word_1_266' title='bbox 1173 3445 1410 3492; x_wconf 90' lang='lat' dir='ltr'><strong>centum.</strong></span> <span class='ocrx_word' id='word_1_267' title='bbox 1448 3437 1788 3510; x_wconf 79' lang='lat' dir='ltr'><strong>Quicumque</strong></span> 
     </span>
    </p>
   </div>
   <div class='ocr_carea' id='block_1_38' title="bbox 183 3523 1787 3598">
    <p class='ocr_par' dir='ltr' id='par_1_38' title="bbox 183 3523 1787 3598">
     <span class='ocr_line' id='line_1_38' title="bbox 183 3523 1787 3598; baseline 0.005 -21"><span class='ocrx_word' id='word_1_268' title='bbox 183 3537 318 3579; x_wconf 85' lang='lat' dir='ltr'><strong>vero</strong></span> <span class='ocrx_word' id='word_1_269' title='bbox 342 3523 477 3589; x_wconf 91' lang='lat' dir='ltr'><strong>dies,</strong></span> <span class='ocrx_word' id='word_1_270' title='bbox 502 3524 593 3594; x_wconf 90' lang='lat' dir='ltr'><strong>qui</strong></span> <span class='ocrx_word' id='word_1_271' title='bbox 620 3535 908 3596; x_wconf 84' lang='lat' dir='ltr'><strong>supersunt</strong></span> <span class='ocrx_word' id='word_1_272' title='bbox 936 3527 1264 3583; x_wconf 89' lang='lat' dir='ltr'><strong>trecentenis</strong></span> <span class='ocrx_word' id='word_1_273' title='bbox 1287 3530 1575 3598; x_wconf 86' lang='lat' dir='ltr'><strong>sexagenis</strong></span> <span class='ocrx_word' id='word_1_274' title='bbox 1595 3529 1787 3586; x_wconf 88' lang='lat' dir='ltr'><strong>diebus</strong></span> 
     </span>
    </p>
   </div>
   <div class='ocr_carea' id='block_1_39' title="bbox 183 3615 1788 3691">
    <p class='ocr_par' dir='ltr' id='par_1_39' title="bbox 183 3615 1788 3691">
     <span class='ocr_line' id='line_1_39' title="bbox 183 3615 1788 3691; baseline 0.002 -18"><span class='ocrx_word' id='word_1_275' title='bbox 183 3615 243 3673; x_wconf 89' lang='lat' dir='ltr'><strong>in</strong></span> <span class='ocrx_word' id='word_1_276' title='bbox 281 3615 508 3686; x_wconf 81' lang='lat' dir='ltr'><strong>singulis</strong></span> <span class='ocrx_word' id='word_1_277' title='bbox 547 3617 825 3673; x_wconf 86' lang='lat' dir='ltr'><strong>mensibus</strong></span> <span class='ocrx_word' id='word_1_278' title='bbox 865 3627 949 3674; x_wconf 91' lang='lat' dir='ltr'><strong>est</strong></span> <span class='ocrx_word' id='word_1_279' title='bbox 992 3627 1145 3674; x_wconf 80' lang='lat' dir='ltr'><strong>sexta</strong></span> <span class='ocrx_word' id='word_1_280' title='bbox 1187 3635 1316 3691; x_wconf 87' lang='lat' dir='ltr'><strong>pars</strong></span> <span class='ocrx_word' id='word_1_281' title='bbox 1355 3621 1557 3677; x_wconf 88' lang='lat' dir='ltr'><strong>mensis</strong></span> <span class='ocrx_word' id='word_1_282' title='bbox 1601 3622 1788 3678; x_wconf 90' lang='lat' dir='ltr'><strong>unius-</strong></span> 
     </span>
    </p>
   </div>
   <div class='ocr_carea' id='block_1_40' title="bbox 182 3705 1787 3784">
    <p class='ocr_par' dir='ltr' id='par_1_40' title="bbox 182 3705 1787 3784">
     <span class='ocr_line' id='line_1_40' title="bbox 182 3705 1787 3784; baseline 0.004 -20"><span class='ocrx_word' id='word_1_283' title='bbox 182 3705 470 3779; x_wconf 87' lang='lat' dir='ltr'><strong>cujusque.</strong></span> <span class='ocrx_word' id='word_1_284' title='bbox 523 3707 630 3763; x_wconf 85' lang='lat' dir='ltr'><strong>Sex</strong></span> <span class='ocrx_word' id='word_1_285' title='bbox 664 3724 792 3766; x_wconf 83' lang='lat' dir='ltr'><strong>vero</strong></span> <span class='ocrx_word' id='word_1_286' title='bbox 827 3712 975 3766; x_wconf 68' lang='lat' dir='ltr'><strong>hora:</strong></span> <span class='ocrx_word' id='word_1_287' title='bbox 998 3753 1013 3778; x_wconf 98' lang='lat'><strong>,</strong></span> <span class='ocrx_word' id='word_1_288' title='bbox 1063 3727 1132 3768; x_wconf 85' lang='lat' dir='ltr'><strong>ex</strong></span> <span class='ocrx_word' id='word_1_289' title='bbox 1171 3712 1368 3783; x_wconf 88' lang='lat' dir='ltr'><strong>quibus</strong></span> <span class='ocrx_word' id='word_1_290' title='bbox 1404 3722 1602 3784; x_wconf 89' lang='lat' dir='ltr'><strong>quarto</strong></span> <span class='ocrx_word' id='word_1_291' title='bbox 1642 3729 1787 3770; x_wconf 90' lang='lat' dir='ltr'><strong>anno</strong></span> 
     </span>
    </p>
   </div>
   <div class='ocr_carea' id='block_1_41' title="bbox 182 3799 1787 3874">
    <p class='ocr_par' dir='ltr' id='par_1_41' title="bbox 182 3799 1787 3874">
     <span class='ocr_line' id='line_1_41' title="bbox 182 3799 1787 3874; baseline 0.002 -17"><span class='ocrx_word' id='word_1_292' title='bbox 182 3807 342 3857; x_wconf 82' lang='lat' dir='ltr'><strong>sexta</strong></span> <span class='ocrx_word' id='word_1_293' title='bbox 367 3799 485 3855; x_wconf 86' lang='lat' dir='ltr'><strong>dies</strong></span> <span class='ocrx_word' id='word_1_294' title='bbox 512 3800 813 3868; x_wconf 83' lang='lat' dir='ltr'><strong>adcrescit,</strong></span> <span class='ocrx_word' id='word_1_295' title='bbox 859 3803 1062 3858; x_wconf 84' lang='lat' dir='ltr'><strong>habent</strong></span> <span class='ocrx_word' id='word_1_296' title='bbox 1100 3818 1250 3859; x_wconf 89' lang='lat' dir='ltr'><strong>suam</strong></span> <span class='ocrx_word' id='word_1_297' title='bbox 1293 3803 1683 3874; x_wconf 85' lang='lat' dir='ltr'><strong>perfectionem</strong></span> <span class='ocrx_word' id='word_1_298' title='bbox 1730 3805 1787 3862; x_wconf 91' lang='lat' dir='ltr'><strong>in</strong></span> 
     </span>
    </p>
   </div>
   <div class='ocr_carea' id='block_1_42' title="bbox 181 3889 1786 3966">
    <p class='ocr_par' dir='ltr' id='par_1_42' title="bbox 181 3889 1786 3966">
     <span class='ocr_line' id='line_1_42' title="bbox 181 3889 1786 3966; baseline 0.006 -22"><span class='ocrx_word' id='word_1_299' title='bbox 181 3889 483 3964; x_wconf 88' lang='lat' dir='ltr'><strong>partitione</strong></span> <span class='ocrx_word' id='word_1_300' title='bbox 521 3893 721 3947; x_wconf 90' lang='lat' dir='ltr'><strong>senarii</strong></span> <span class='ocrx_word' id='word_1_301' title='bbox 762 3894 1190 3961; x_wconf 89' lang='lat' dir='ltr'><strong>numeri,&#39;sicut</strong></span> <span class='ocrx_word' id='word_1_302' title='bbox 1218 3895 1378 3964; x_wconf 90' lang='lat' dir='ltr'><strong>paulo</strong></span> <span class='ocrx_word' id='word_1_303' title='bbox 1414 3905 1541 3950; x_wconf 89' lang='lat' dir='ltr'><strong>ante</strong></span> <span class='ocrx_word' id='word_1_304' title='bbox 1572 3895 1786 3966; x_wconf 76' lang='lat' dir='ltr'><strong>praefati</strong></span> 
     </span>
    </p>
   </div>
   <div class='ocr_carea' id='block_1_43' title="bbox 182 3984 1785 4056">
    <p class='ocr_par' dir='ltr' id='par_1_43' title="bbox 182 3984 1785 4056">
     <span class='ocr_line' id='line_1_43' title="bbox 182 3984 1785 4056; baseline 0.003 -17"><span class='ocrx_word' id='word_1_305' title='bbox 182 3999 411 4050; x_wconf 89' lang='lat' dir='ltr'><strong>sumus,</strong></span> <span class='ocrx_word' id='word_1_306' title='bbox 461 3995 520 4040; x_wconf 94' lang='lat' dir='ltr'><strong>et</strong></span> <span class='ocrx_word' id='word_1_307' title='bbox 560 3984 702 4041; x_wconf 89' lang='lat' dir='ltr'><strong>sicut</strong></span> <span class='ocrx_word' id='word_1_308' title='bbox 729 3985 958 4041; x_wconf 86' lang='lat' dir='ltr'><strong>Creator</strong></span> <span class='ocrx_word' id='word_1_309' title='bbox 986 3985 1328 4056; x_wconf 68' lang='lat' dir='ltr'><strong>mquissimus</strong></span> <span class='ocrx_word' id='word_1_310' title='bbox 1371 3985 1425 4040; x_wconf 91' lang='lat' dir='ltr'><strong>in</strong></span> <span class='ocrx_word' id='word_1_311' title='bbox 1459 4001 1554 4042; x_wconf 86' lang='lat' dir='ltr'><strong>sex</strong></span> <span class='ocrx_word' id='word_1_312' title='bbox 1595 3987 1785 4044; x_wconf 91' lang='lat' dir='ltr'><strong>diebus</strong></span> 
     </span>
    </p>
   </div>
   <div class='ocr_carea' id='block_1_44' title="bbox 180 4070 1784 4150">
    <p class='ocr_par' dir='ltr' id='par_1_44' title="bbox 180 4070 1784 4150">
     <span class='ocr_line' id='line_1_44' title="bbox 180 4070 1784 4150; baseline 0.004 -20"><span class='ocrx_word' id='word_1_313' title='bbox 180 4073 322 4130; x_wconf 77' lang='lat' dir='ltr'><strong>fecit</strong></span> <span class='ocrx_word' id='word_1_314' title='bbox 347 4075 724 4147; x_wconf 84' lang='lat' dir='ltr'><strong>omniaopera</strong></span> <span class='ocrx_word' id='word_1_315' title='bbox 759 4076 1125 4148; x_wconf 86' lang='lat' dir='ltr'><strong>primordialis</strong></span> <span class='ocrx_word' id='word_1_316' title='bbox 1157 4077 1375 4145; x_wconf 88' lang='lat' dir='ltr'><strong>mundi,</strong></span> <span class='ocrx_word' id='word_1_317' title='bbox 1418 4070 1784 4150; x_wconf 41' lang='lat' dir='ltr'><strong>ut&#39;signiﬁca-</strong></span> 
     </span>
    </p>
   </div>
   <div class='ocr_carea' id='block_1_45' title="bbox 116 4166 1785 4236">
    <p class='ocr_par' dir='ltr' id='par_1_45' title="bbox 116 4166 1785 4236">
     <span class='ocr_line' id='line_1_45' title="bbox 116 4166 1785 4236; baseline 0.004 -15"><span class='ocrx_word' id='word_1_318' title='bbox 116 4201 124 4205; x_wconf 85' lang='lat'><em>-</em></span> <span class='ocrx_word' id='word_1_319' title='bbox 181 4175 341 4221; x_wconf 88' lang='lat' dir='ltr'><strong>retur</strong></span> <span class='ocrx_word' id='word_1_320' title='bbox 368 4167 421 4221; x_wconf 93' lang='lat' dir='ltr'><strong>in</strong></span> <span class='ocrx_word' id='word_1_321' title='bbox 450 4166 780 4236; x_wconf 77' lang='lat' dir='ltr'><strong>perfectione</strong></span> <span class='ocrx_word' id='word_1_322' title='bbox 808 4168 1020 4224; x_wconf 91' lang='lat' dir='ltr'><strong>numeri</strong></span> <span class='ocrx_word' id='word_1_323' title='bbox 1047 4169 1248 4224; x_wconf 83' lang='lat' dir='ltr'><strong>senarii</strong></span> <span class='ocrx_word' id='word_1_324' title='bbox 1276 4169 1458 4224; x_wconf 84' lang='lat' dir='ltr'><strong>omnia</strong></span> <span class='ocrx_word' id='word_1_325' title='bbox 1489 4169 1543 4225; x_wconf 92' lang='lat' dir='ltr'><strong>in</strong></span> <span class='ocrx_word' id='word_1_326' title='bbox 1573 4171 1785 4230; x_wconf 89' lang='lat' dir='ltr'><strong>naturis</strong></span> 
     </span>
    </p>
   </div>
   <div class='ocr_carea' id='block_1_46' title="bbox 182 4260 1785 4333">
    <p class='ocr_par' dir='ltr' id='par_1_46' title="bbox 182 4260 1785 4333">
     <span class='ocr_line' id='line_1_46' title="bbox 182 4260 1785 4333; baseline 0.003 -18"><span class='ocrx_word' id='word_1_327' title='bbox 182 4260 303 4315; x_wconf 89' lang='lat' dir='ltr'><strong>suis</strong></span> <span class='ocrx_word' id='word_1_328' title='bbox 332 4260 527 4316; x_wconf 85' lang='lat' dir='ltr'><strong>fecisse</strong></span> <span class='ocrx_word' id='word_1_329' title='bbox 557 4277 684 4316; x_wconf 90' lang='lat' dir='ltr'><strong>eum</strong></span> <span class='ocrx_word' id='word_1_330' title='bbox 722 4261 994 4332; x_wconf 87' lang='lat' dir='ltr'><strong>perfecta,</strong></span> <span class='ocrx_word' id='word_1_331' title='bbox 1043 4270 1098 4317; x_wconf 95' lang='lat' dir='ltr'><strong>et</strong></span> <span class='ocrx_word' id='word_1_332' title='bbox 1141 4260 1230 4318; x_wconf 90' lang='lat' dir='ltr'><strong>ille</strong></span> <span class='ocrx_word' id='word_1_333' title='bbox 1270 4262 1384 4333; x_wconf 89' lang='lat' dir='ltr'><strong>ipse</strong></span> <span class='ocrx_word' id='word_1_334' title='bbox 1412 4262 1642 4320; x_wconf 89' lang='lat' dir='ltr'><strong>Creator</strong></span> <span class='ocrx_word' id='word_1_335' title='bbox 1669 4280 1785 4320; x_wconf 90' lang='lat' dir='ltr'><strong>ma-</strong></span> 
     </span>
    </p>
   </div>
   <div class='ocr_carea' id='block_1_47' title="bbox 182 4355 1784 4430">
    <p class='ocr_par' dir='ltr' id='par_1_47' title="bbox 182 4355 1784 4430">
     <span class='ocr_line' id='line_1_47' title="bbox 182 4355 1784 4430; baseline 0.002 -18"><span class='ocrx_word' id='word_1_336' title='bbox 182 4372 328 4430; x_wconf 85' lang='lat' dir='ltr'><strong>gnus</strong></span> <span class='ocrx_word' id='word_1_337' title='bbox 356 4355 691 4412; x_wconf 87' lang='lat' dir='ltr'><strong>admirabilis</strong></span> <span class='ocrx_word' id='word_1_338' title='bbox 717 4355 992 4429; x_wconf 85' lang='lat' dir='ltr'><strong>perfectus</strong></span> <span class='ocrx_word' id='word_1_339' title='bbox 1035 4367 1118 4413; x_wconf 90' lang='lat' dir='ltr'><strong>est</strong></span> <span class='ocrx_word' id='word_1_340' title='bbox 1162 4358 1217 4412; x_wconf 92' lang='lat' dir='ltr'><strong>in</strong></span> <span class='ocrx_word' id='word_1_341' title='bbox 1265 4368 1462 4414; x_wconf 88' lang='lat' dir='ltr'><strong>natura</strong></span> <span class='ocrx_word' id='word_1_342' title='bbox 1509 4375 1605 4416; x_wconf 90' lang='lat' dir='ltr'><strong>sua</strong></span> <span class='ocrx_word' id='word_1_343' title='bbox 1635 4400 1650 4427; x_wconf 95' lang='lat'><strong>,</strong></span> <span class='ocrx_word' id='word_1_344' title='bbox 1698 4362 1784 4416; x_wconf 91' lang='lat' dir='ltr'><strong>cui</strong></span> 
     </span>
    </p>
   </div>
   <div class='ocr_carea' id='block_1_48' title="bbox 171 4444 1784 4521">
    <p class='ocr_par' dir='ltr' id='par_1_48' title="bbox 171 4444 1784 4521">
     <span class='ocr_line' id='line_1_48' title="bbox 171 4444 1784 4521; baseline 0.003 -20"><span class='ocrx_word' id='word_1_345' title='bbox 171 4444 392 4519; x_wconf 83' lang='lat' dir='ltr'><strong>placuit</strong></span> <span class='ocrx_word' id='word_1_346' title='bbox 410 4447 590 4503; x_wconf 88' lang='lat' dir='ltr'><strong>omnia</strong></span> <span class='ocrx_word' id='word_1_347' title='bbox 614 4447 668 4502; x_wconf 93' lang='lat' dir='ltr'><strong>in</strong></span> <span class='ocrx_word' id='word_1_348' title='bbox 691 4446 890 4504; x_wconf 89' lang='lat' dir='ltr'><strong>senarii</strong></span> <span class='ocrx_word' id='word_1_349' title='bbox 914 4448 1124 4503; x_wconf 91' lang='lat' dir='ltr'><strong>numeri</strong></span> <span class='ocrx_word' id='word_1_350' title='bbox 1147 4448 1479 4519; x_wconf 82' lang='lat' dir='ltr'><strong>perfectione</strong></span> <span class='ocrx_word' id='word_1_351' title='bbox 1499 4450 1784 4521; x_wconf 90' lang='lat' dir='ltr'><strong>perﬁcere.</strong></span> 
     </span>
    </p>
   </div>
   <div class='ocr_carea' id='block_1_49' title="bbox 169 4532 1867 4622">
    <p class='ocr_par' dir='ltr' id='par_1_49' title="bbox 169 4532 1867 4622">
     <span class='ocr_line' id='line_1_49' title="bbox 169 4532 1867 4622; baseline 0.001 -27"><span class='ocrx_word' id='word_1_352' title='bbox 169 4532 344 4595; x_wconf 80' lang='lat' dir='ltr'><strong>Unde</strong></span> <span class='ocrx_word' id='word_1_353' title='bbox 369 4548 426 4594; x_wconf 92' lang='lat' dir='ltr'><strong>et</strong></span> <span class='ocrx_word' id='word_1_354' title='bbox 453 4547 608 4594; x_wconf 82' lang='lat' dir='ltr'><strong>sexto</strong></span> <span class='ocrx_word' id='word_1_355' title='bbox 637 4538 724 4594; x_wconf 94' lang='lat' dir='ltr'><strong>die</strong></span> <span class='ocrx_word' id='word_1_356' title='bbox 751 4549 966 4594; x_wconf 90' lang='lat' dir='ltr'><strong>creatus</strong></span> <span class='ocrx_word' id='word_1_357' title='bbox 987 4546 1071 4593; x_wconf 91' lang='lat' dir='ltr'><strong>est</strong></span> <span class='ocrx_word' id='word_1_358' title='bbox 1098 4539 1261 4594; x_wconf 91' lang='lat' dir='ltr'><strong>homo</strong></span> <span class='ocrx_word' id='word_1_359' title='bbox 1282 4539 1557 4609; x_wconf 84' lang='lat' dir='ltr'><strong>perfectus</strong></span> <span class='ocrx_word' id='word_1_360' title='bbox 1580 4541 1784 4607; x_wconf 86' lang='lat' dir='ltr'><strong>anima,</strong></span> <span class='ocrx_word' id='word_1_361' title='bbox 1812 4561 1867 4622; x_wconf 79' lang='lat' dir='ltr'><strong>D</strong></span> 
     </span>
    </p>
   </div>
   <div class='ocr_carea' id='block_1_50' title="bbox 128 4618 1789 4703">
    <p class='ocr_par' dir='ltr' id='par_1_50' title="bbox 128 4618 1789 4703">
     <span class='ocr_line' id='line_1_50' title="bbox 128 4618 1789 4703; baseline 0 -15"><span class='ocrx_word' id='word_1_362' title='bbox 128 4692 133 4695; x_wconf 94' lang='lat'>_</span> <span class='ocrx_word' id='word_1_363' title='bbox 173 4618 236 4688; x_wconf 89' lang='lat' dir='ltr'><strong>et</strong></span> <span class='ocrx_word' id='word_1_364' title='bbox 269 4645 529 4701; x_wconf 90' lang='lat' dir='ltr'><strong>corpore,</strong></span> <span class='ocrx_word' id='word_1_365' title='bbox 578 4618 800 4701; x_wconf 87' lang='lat' dir='ltr'><strong>propter</strong></span> <span class='ocrx_word' id='word_1_366' title='bbox 829 4623 989 4701; x_wconf 86' lang='lat' dir='ltr'><strong>quem</strong></span> <span class='ocrx_word' id='word_1_367' title='bbox 1019 4629 1204 4686; x_wconf 90' lang='lat' dir='ltr'><strong>omnia</strong></span> <span class='ocrx_word' id='word_1_368' title='bbox 1240 4640 1427 4686; x_wconf 89' lang='lat' dir='ltr'><strong>creata</strong></span> <span class='ocrx_word' id='word_1_369' title='bbox 1470 4641 1627 4699; x_wconf 88' lang='lat' dir='ltr'><strong>sunt,</strong></span> <span class='ocrx_word' id='word_1_370' title='bbox 1668 4648 1789 4703; x_wconf 64' lang='lat' dir='ltr'><strong>qua:</strong></span> 
     </span>
    </p>
   </div>
   <div class='ocr_carea' id='block_1_51' title="bbox 182 4710 1788 4796">
    <p class='ocr_par' dir='ltr' id='par_1_51' title="bbox 182 4710 1788 4796">
     <span class='ocr_line' id='line_1_51' title="bbox 182 4710 1788 4796; baseline -0.002 -13"><span class='ocrx_word' id='word_1_371' title='bbox 182 4742 282 4784; x_wconf 88' lang='lat' dir='ltr'><strong>sex</strong></span> <span class='ocrx_word' id='word_1_372' title='bbox 309 4725 504 4780; x_wconf 88' lang='lat' dir='ltr'><strong>diebus</strong></span> <span class='ocrx_word' id='word_1_373' title='bbox 531 4710 750 4780; x_wconf 89' lang='lat' dir='ltr'><strong>condita</strong></span> <span class='ocrx_word' id='word_1_374' title='bbox 777 4737 898 4778; x_wconf 89' lang='lat' dir='ltr'><strong>esse</strong></span> <span class='ocrx_word' id='word_1_375' title='bbox 926 4721 1197 4794; x_wconf 84' lang='lat' dir='ltr'><strong>leguntur.</strong></span> <span class='ocrx_word' id='word_1_376' title='bbox 1235 4721 1391 4780; x_wconf 87' lang='lat' dir='ltr'><strong>Unde</strong></span> <span class='ocrx_word' id='word_1_377' title='bbox 1421 4734 1478 4780; x_wconf 94' lang='lat' dir='ltr'><strong>et</strong></span> <span class='ocrx_word' id='word_1_378' title='bbox 1503 4725 1618 4796; x_wconf 92' lang='lat' dir='ltr'><strong>ipse</strong></span> <span class='ocrx_word' id='word_1_379' title='bbox 1644 4723 1788 4780; x_wconf 90' lang='lat' dir='ltr'><strong>Deus</strong></span> 
     </span>
    </p>
   </div>
   <div class='ocr_carea' id='block_1_52' title="bbox 181 4816 1788 4888">
    <p class='ocr_par' dir='ltr' id='par_1_52' title="bbox 181 4816 1788 4888">
     <span class='ocr_line' id='line_1_52' title="bbox 181 4816 1788 4888; baseline -0.002 -12"><span class='ocrx_word' id='word_1_380' title='bbox 181 4819 283 4876; x_wconf 89' lang='lat' dir='ltr'><strong>Dei</strong></span> <span class='ocrx_word' id='word_1_381' title='bbox 308 4818 501 4885; x_wconf 85' lang='lat' dir='ltr'><strong>Filius,</strong></span> <span class='ocrx_word' id='word_1_382' title='bbox 518 4817 611 4888; x_wconf 93' lang='lat' dir='ltr'><strong>qui</strong></span> <span class='ocrx_word' id='word_1_383' title='bbox 637 4825 721 4872; x_wconf 90' lang='lat' dir='ltr'><strong>est</strong></span> <span class='ocrx_word' id='word_1_384' title='bbox 746 4816 942 4882; x_wconf 91' lang='lat' dir='ltr'><strong>virtus,</strong></span> <span class='ocrx_word' id='word_1_385' title='bbox 959 4824 1013 4870; x_wconf 92' lang='lat' dir='ltr'><strong>et</strong></span> <span class='ocrx_word' id='word_1_386' title='bbox 1037 4816 1304 4886; x_wconf 90' lang='lat' dir='ltr'><strong>sapientia</strong></span> <span class='ocrx_word' id='word_1_387' title='bbox 1327 4816 1422 4872; x_wconf 89' lang='lat' dir='ltr'><strong>Dei</strong></span> <span class='ocrx_word' id='word_1_388' title='bbox 1452 4828 1603 4874; x_wconf 84' lang='lat' dir='ltr'><strong>sexta</strong></span> <span class='ocrx_word' id='word_1_389' title='bbox 1630 4825 1788 4873; x_wconf 67' lang='lat' dir='ltr'><strong>aetate</strong></span> 
     </span>
    </p>
   </div>
   <div class='ocr_carea' id='block_1_53' title="bbox 179 4910 1788 4983">
    <p class='ocr_par' dir='ltr' id='par_1_53' title="bbox 179 4910 1788 4983">
     <span class='ocr_line' id='line_1_53' title="bbox 179 4910 1788 4983; baseline -0.003 -12"><span class='ocrx_word' id='word_1_390' title='bbox 179 4914 336 4971; x_wconf 84' lang='lat' dir='ltr'><strong>venit</strong></span> <span class='ocrx_word' id='word_1_391' title='bbox 371 4913 425 4967; x_wconf 92' lang='lat' dir='ltr'><strong>in</strong></span> <span class='ocrx_word' id='word_1_392' title='bbox 456 4911 716 4966; x_wconf 90' lang='lat' dir='ltr'><strong>mundum</strong></span> <span class='ocrx_word' id='word_1_393' title='bbox 742 4910 956 4966; x_wconf 78' lang='lat' dir='ltr'><strong>salvare</strong></span> <span class='ocrx_word' id='word_1_394' title='bbox 986 4911 1293 4978; x_wconf 85' lang='lat' dir='ltr'><strong>hominem,</strong></span> <span class='ocrx_word' id='word_1_395' title='bbox 1327 4927 1486 4983; x_wconf 87' lang='lat' dir='ltr'><strong>quem</strong></span> <span class='ocrx_word' id='word_1_396' title='bbox 1519 4915 1673 4969; x_wconf 58' lang='lat' dir='ltr'><strong>senta</strong></span> <span class='ocrx_word' id='word_1_397' title='bbox 1700 4911 1788 4967; x_wconf 93' lang='lat' dir='ltr'><strong>die</strong></span> 
     </span>
    </p>
   </div>
   <div class='ocr_carea' id='block_1_54' title="bbox 163 4988 1786 5077">
    <p class='ocr_par' dir='ltr' id='par_1_54' title="bbox 163 4988 1786 5077">
     <span class='ocr_line' id='line_1_54' title="bbox 163 4988 1786 5077; baseline -0.006 -7"><span class='ocrx_word' id='word_1_398' title='bbox 163 4988 413 5070; x_wconf 76' lang='lat' dir='ltr'><strong>creavit.</strong></span> <span class='ocrx_word' id='word_1_399' title='bbox 465 5008 546 5063; x_wconf 88' lang='lat' dir='ltr'><strong>Ita</strong></span> <span class='ocrx_word' id='word_1_400' title='bbox 571 5006 820 5064; x_wconf 88' lang='lat' dir='ltr'><strong>senarius</strong></span> <span class='ocrx_word' id='word_1_401' title='bbox 849 5020 1109 5062; x_wconf 90' lang='lat' dir='ltr'><strong>numerus</strong></span> <span class='ocrx_word' id='word_1_402' title='bbox 1153 5016 1209 5061; x_wconf 90' lang='lat' dir='ltr'><strong>et</strong></span> <span class='ocrx_word' id='word_1_403' title='bbox 1247 5007 1302 5061; x_wconf 94' lang='lat' dir='ltr'><strong>in</strong></span> <span class='ocrx_word' id='word_1_404' title='bbox 1338 5009 1649 5065; x_wconf 90' lang='lat' dir='ltr'><strong>conditione</strong></span> <span class='ocrx_word' id='word_1_405' title='bbox 1673 5006 1786 5077; x_wconf 86' lang='lat' dir='ltr'><strong>pri-</strong></span> 
     </span>
    </p>
   </div>
   <div class='ocr_carea' id='block_1_55' title="bbox 178 5098 1788 5164">
    <p class='ocr_par' dir='ltr' id='par_1_55' title="bbox 178 5098 1788 5164">
     <span class='ocr_line' id='line_1_55' title="bbox 178 5098 1788 5164; baseline -0.006 -1"><span class='ocrx_word' id='word_1_406' title='bbox 178 5101 533 5162; x_wconf 88' lang='lat' dir='ltr'><strong>mordialium</strong></span> <span class='ocrx_word' id='word_1_407' title='bbox 561 5101 970 5164; x_wconf 78' lang='lat' dir='ltr'><strong>creaturarum,</strong></span> <span class='ocrx_word' id='word_1_408' title='bbox 1017 5107 1074 5154; x_wconf 89' lang='lat' dir='ltr'><strong>et</strong></span> <span class='ocrx_word' id='word_1_409' title='bbox 1101 5099 1155 5154; x_wconf 91' lang='lat' dir='ltr'><strong>in</strong></span> <span class='ocrx_word' id='word_1_410' title='bbox 1185 5100 1532 5157; x_wconf 90' lang='lat' dir='ltr'><strong>successione</strong></span> <span class='ocrx_word' id='word_1_411' title='bbox 1561 5098 1788 5157; x_wconf 70' lang='lat' dir='ltr'><strong>smculo-</strong></span> 
     </span>
    </p>
   </div>
   <div class='ocr_carea' id='block_1_56' title="bbox 177 5185 1782 5266">
    <p class='ocr_par' dir='ltr' id='par_1_56' title="bbox 177 5185 1782 5266">
     <span class='ocr_line' id='line_1_56' title="bbox 177 5185 1782 5266; baseline -0.007 -12"><span class='ocrx_word' id='word_1_412' title='bbox 177 5185 305 5254; x_wconf 62' lang='lat' dir='ltr'><strong>r°um</strong></span> <span class='ocrx_word' id='word_1_413' title='bbox 323 5236 339 5262; x_wconf 96' lang='lat'><strong>,</strong></span> <span class='ocrx_word' id='word_1_414' title='bbox 379 5208 498 5264; x_wconf 63' lang='lat' dir='ltr'><strong>quae</strong></span> <span class='ocrx_word' id='word_1_415' title='bbox 525 5209 622 5250; x_wconf 88' lang='lat' dir='ltr'><strong>sex</strong></span> <span class='ocrx_word' id='word_1_416' title='bbox 649 5192 898 5246; x_wconf 86' lang='lat' dir='ltr'><strong>aetatibus</strong></span> <span class='ocrx_word' id='word_1_417' title='bbox 928 5202 1341 5257; x_wconf 88' lang='lat' dir='ltr'><strong>concurrerunt,</strong></span> <span class='ocrx_word' id='word_1_418' title='bbox 1370 5202 1427 5249; x_wconf 90' lang='lat' dir='ltr'><strong>et</strong></span> <span class='ocrx_word' id='word_1_419' title='bbox 1455 5194 1600 5266; x_wconf 91' lang='lat' dir='ltr'><strong>quod</strong></span> <span class='ocrx_word' id='word_1_420' title='bbox 1633 5199 1782 5248; x_wconf 86' lang='lat' dir='ltr'><strong>sexta</strong></span> 
     </span>
    </p>
   </div>
   <div class='ocr_carea' id='block_1_57' title="bbox 178 5282 1782 5360">
    <p class='ocr_par' dir='ltr' id='par_1_57' title="bbox 178 5282 1782 5360">
     <span class='ocr_line' id='line_1_57' title="bbox 178 5282 1782 5360; baseline -0.007 -14"><span class='ocrx_word' id='word_1_421' title='bbox 178 5297 345 5346; x_wconf 68' lang='lat' dir='ltr'><strong>aetate</strong></span> <span class='ocrx_word' id='word_1_422' title='bbox 375 5285 520 5341; x_wconf 84' lang='lat' dir='ltr'><strong>venit</strong></span> <span class='ocrx_word' id='word_1_423' title='bbox 552 5284 724 5342; x_wconf 87' lang='lat' dir='ltr'><strong>Filius</strong></span> <span class='ocrx_word' id='word_1_424' title='bbox 761 5282 856 5337; x_wconf 92' lang='lat' dir='ltr'><strong>Dei</strong></span> <span class='ocrx_word' id='word_1_425' title='bbox 893 5282 1189 5337; x_wconf 88' lang='lat' dir='ltr'><strong>humanum</strong></span> <span class='ocrx_word' id='word_1_426' title='bbox 1228 5294 1401 5352; x_wconf 86' lang='lat' dir='ltr'><strong>genus</strong></span> <span class='ocrx_word' id='word_1_427' title='bbox 1430 5299 1688 5360; x_wconf 88' lang='lat' dir='ltr'><strong>reparare</strong></span> <span class='ocrx_word' id='word_1_428' title='bbox 1715 5282 1782 5336; x_wconf 89' lang='lat' dir='ltr'><strong>ad</strong></span> 
     </span>
    </p>
   </div>
   <div class='ocr_carea' id='block_1_58' title="bbox 565 5375 1351 5420">
    <p class='ocr_par' dir='ltr' id='par_1_58' title="bbox 565 5375 1351 5420">
     <span class='ocr_line' id='line_1_58' title="bbox 565 5375 1351 5420; baseline 0.006 -13"><span class='ocrx_word' id='word_1_429' title='bbox 565 5379 814 5410; x_wconf 41' lang='lat' dir='ltr'><strong>«A-“nlnm</strong></span> <span class='ocrx_word' id='word_1_430' title='bbox 842 5375 1162 5420; x_wconf 58' lang='lat' dir='ltr'><strong>AAnAI:I:A-‘F’</strong></span> <span class='ocrx_word' id='word_1_431' title='bbox 1198 5392 1300 5400; x_wconf 52' lang='grc' dir='ltr'><strong>*η’*</strong></span> <span class='ocrx_word' id='word_1_432' title='bbox 1350 5399 1351 5402; x_wconf 52' lang='grc' dir='ltr'><strong>η</strong></span> 
     </span>
    </p>
   </div>
   <div class='ocr_carea' id='block_1_59' title="bbox 1815 550 3498 631">
    <p class='ocr_par' dir='ltr' id='par_1_59' title="bbox 1815 550 3498 631">
     <span class='ocr_line' id='line_1_59' title="bbox 1815 550 3498 631; baseline 0.008 -26"><span class='ocrx_word' id='word_1_433' title='bbox 1815 583 1827 596; x_wconf 78' lang='grc' dir='ltr'><strong><em>ο</em></strong></span> <span class='ocrx_word' id='word_1_434' title='bbox 1903 565 2097 606; x_wconf 87' lang='lat' dir='ltr'><strong>cursus</strong></span> <span class='ocrx_word' id='word_1_435' title='bbox 2129 550 2364 622; x_wconf 78' lang='lat' dir='ltr'><strong>gloriose</strong></span> <span class='ocrx_word' id='word_1_436' title='bbox 2413 555 2699 623; x_wconf 28' lang='lat' dir='ltr'><strong>ordinatus.</strong></span> <span class='ocrx_word' id='word_1_437' title='bbox 2745 558 2924 612; x_wconf 84' lang='lat' dir='ltr'><strong>extitit</strong></span> <span class='ocrx_word' id='word_1_438' title='bbox 2971 560 3062 629; x_wconf 91' lang='lat' dir='ltr'><strong>qui</strong></span> <span class='ocrx_word' id='word_1_439' title='bbox 3109 557 3498 631; x_wconf 28' lang='lat' dir='ltr'><strong>super‘omuia</strong></span> 
     </span>
    </p>
   </div>
   <div class='ocr_carea' id='block_1_60' title="bbox 1901 639 3501 722">
    <p class='ocr_par' dir='ltr' id='par_1_60' title="bbox 1901 639 3501 722">
     <span class='ocr_line' id='line_1_60' title="bbox 1901 639 3501 722; baseline 0.009 -26"><span class='ocrx_word' id='word_1_440' title='bbox 1901 639 2082 696; x_wconf 88' lang='lat' dir='ltr'><strong>sidera</strong></span> <span class='ocrx_word' id='word_1_441' title='bbox 2127 642 2416 712; x_wconf 87' lang='lat' dir='ltr'><strong>splendore</strong></span> <span class='ocrx_word' id='word_1_442' title='bbox 2459 648 2685 716; x_wconf 90' lang='lat' dir='ltr'><strong>pariter,</strong></span> <span class='ocrx_word' id='word_1_443' title='bbox 2736 660 2900 720; x_wconf 87' lang='lat' dir='ltr'><strong>atque</strong></span> <span class='ocrx_word' id='word_1_444' title='bbox 2948 652 3146 707; x_wconf 87' lang='lat' dir='ltr'><strong>virtute</strong></span> <span class='ocrx_word' id='word_1_445' title='bbox 3193 654 3501 722; x_wconf 71' lang='lat' dir='ltr'><strong>praecellit?</strong></span> 
     </span>
    </p>
   </div>
   <div class='ocr_carea' id='block_1_61' title="bbox 1901 729 3494 816">
    <p class='ocr_par' dir='ltr' id='par_1_61' title="bbox 1901 729 3494 816">
     <span class='ocr_line' id='line_1_61' title="bbox 1901 729 3494 816; baseline 0.011 -30"><span class='ocrx_word' id='word_1_446' title='bbox 1901 729 1980 786; x_wconf 92' lang='lat' dir='ltr'><strong>De</strong></span> <span class='ocrx_word' id='word_1_447' title='bbox 2010 730 2164 802; x_wconf 91' lang='lat' dir='ltr'><strong>cujus</strong></span> <span class='ocrx_word' id='word_1_448' title='bbox 2196 734 2568 804; x_wconf 91' lang='lat' dir='ltr'><strong>subtilissimo,</strong></span> <span class='ocrx_word' id='word_1_449' title='bbox 2607 741 3006 812; x_wconf 88' lang='lat' dir='ltr'><strong>magniﬁcoque</strong></span> <span class='ocrx_word' id='word_1_450' title='bbox 3045 758 3211 799; x_wconf 88' lang='lat' dir='ltr'><strong>cursu</strong></span> <span class='ocrx_word' id='word_1_451' title='bbox 3243 749 3494 816; x_wconf 91' lang='lat' dir='ltr'><strong>quamvis</strong></span> 
     </span>
    </p>
   </div>
   <div class='ocr_carea' id='block_1_62' title="bbox 1902 824 3501 902">
    <p class='ocr_par' dir='ltr' id='par_1_62' title="bbox 1902 824 3501 902">
     <span class='ocr_line' id='line_1_62' title="bbox 1902 824 3501 902; baseline 0.009 -22"><span class='ocrx_word' id='word_1_452' title='bbox 1902 824 2073 880; x_wconf 89' lang='lat' dir='ltr'><strong>multa</strong></span> <span class='ocrx_word' id='word_1_453' title='bbox 2101 825 2373 884; x_wconf 88' lang='lat' dir='ltr'><strong>subtiliter</strong></span> <span class='ocrx_word' id='word_1_454' title='bbox 2400 830 2796 902; x_wconf 90' lang='lat' dir='ltr'><strong>magniﬁceque</strong></span> <span class='ocrx_word' id='word_1_455' title='bbox 2832 840 2888 888; x_wconf 90' lang='lat' dir='ltr'><strong>et</strong></span> <span class='ocrx_word' id='word_1_456' title='bbox 2922 834 3066 888; x_wconf 90' lang='lat' dir='ltr'><strong>dicta</strong></span> <span class='ocrx_word' id='word_1_457' title='bbox 3103 835 3247 902; x_wconf 90' lang='lat' dir='ltr'><strong>sint,</strong></span> <span class='ocrx_word' id='word_1_458' title='bbox 3294 845 3350 892; x_wconf 91' lang='lat' dir='ltr'><strong>et</strong></span> <span class='ocrx_word' id='word_1_459' title='bbox 3393 839 3501 894; x_wconf 93' lang='lat' dir='ltr'><strong>dici</strong></span> 
     </span>
    </p>
   </div>
   <div class='ocr_carea' id='block_1_63' title="bbox 1899 916 3500 998">
    <p class='ocr_par' dir='ltr' id='par_1_63' title="bbox 1899 916 3500 998">
     <span class='ocr_line' id='line_1_63' title="bbox 1899 916 3500 998; baseline 0.011 -29"><span class='ocrx_word' id='word_1_460' title='bbox 1899 916 2131 986; x_wconf 88' lang='lat' dir='ltr'><strong>possint,</strong></span> <span class='ocrx_word' id='word_1_461' title='bbox 2161 917 2250 972; x_wconf 81' lang='lat' dir='ltr'><strong>vix</strong></span> <span class='ocrx_word' id='word_1_462' title='bbox 2277 927 2457 976; x_wconf 88' lang='lat' dir='ltr'><strong>tamen</strong></span> <span class='ocrx_word' id='word_1_463' title='bbox 2487 920 2692 992; x_wconf 90' lang='lat' dir='ltr'><strong>aliquid</strong></span> <span class='ocrx_word' id='word_1_464' title='bbox 2720 923 3015 992; x_wconf 91' lang='lat' dir='ltr'><strong>invenitur,</strong></span> <span class='ocrx_word' id='word_1_465' title='bbox 3044 932 3188 997; x_wconf 81' lang='lat' dir='ltr'><strong>quod</strong></span> <span class='ocrx_word' id='word_1_466' title='bbox 3218 929 3500 998; x_wconf 87' lang='lat' dir='ltr'><strong>operosius</strong></span> 
     </span>
    </p>
   </div>
   <div class='ocr_carea' id='block_1_64' title="bbox 1820 1011 3502 1092">
    <p class='ocr_par' dir='ltr' id='par_1_64' title="bbox 1820 1011 3502 1092">
     <span class='ocr_line' id='line_1_64' title="bbox 1820 1011 3502 1092; baseline 0.01 -31"><span class='ocrx_word' id='word_1_467' title='bbox 1820 1059 1822 1063; x_wconf 76' lang='lat'><strong>.</strong></span> <span class='ocrx_word' id='word_1_468' title='bbox 1900 1011 2238 1066; x_wconf 89' lang='lat' dir='ltr'><strong>numerando</strong></span> <span class='ocrx_word' id='word_1_469' title='bbox 2267 1012 2494 1083; x_wconf 89' lang='lat' dir='ltr'><strong>aliquid,</strong></span> <span class='ocrx_word' id='word_1_470' title='bbox 2526 1015 2654 1070; x_wconf 89' lang='lat' dir='ltr'><strong>dum</strong></span> <span class='ocrx_word' id='word_1_471' title='bbox 2680 1017 3043 1084; x_wconf 86' lang='lat' dir='ltr'><strong>examinatur,</strong></span> <span class='ocrx_word' id='word_1_472' title='bbox 3068 1034 3233 1088; x_wconf 91' lang='lat' dir='ltr'><strong>quam</strong></span> <span class='ocrx_word' id='word_1_473' title='bbox 3260 1022 3403 1092; x_wconf 90' lang='lat' dir='ltr'><strong>quod</strong></span> <span class='ocrx_word' id='word_1_474' title='bbox 3431 1021 3502 1078; x_wconf 91' lang='lat' dir='ltr'><strong>de</strong></span> 
     </span>
    </p>
   </div>
   <div class='ocr_carea' id='block_1_65' title="bbox 1811 1099 3501 1184">
    <p class='ocr_par' dir='ltr' id='par_1_65' title="bbox 1811 1099 3501 1184">
     <span class='ocr_line' id='line_1_65' title="bbox 1811 1099 3501 1184; baseline 0.009 -31"><span class='ocrx_word' id='word_1_475' title='bbox 1811 1157 1819 1164; x_wconf 86' lang='lat'><em>_</em></span> <span class='ocrx_word' id='word_1_476' title='bbox 1899 1099 2167 1166; x_wconf 88' lang='lat' dir='ltr'><strong>bissexto,</strong></span> <span class='ocrx_word' id='word_1_477' title='bbox 2195 1111 2251 1156; x_wconf 90' lang='lat' dir='ltr'><strong>et</strong></span> <span class='ocrx_word' id='word_1_478' title='bbox 2277 1104 2596 1172; x_wconf 88' lang='lat' dir='ltr'><strong>quadrantis</strong></span> <span class='ocrx_word' id='word_1_479' title='bbox 2631 1107 2842 1164; x_wconf 89' lang='lat' dir='ltr'><strong>ratione</strong></span> <span class='ocrx_word' id='word_1_480' title='bbox 2870 1107 3243 1182; x_wconf 85' lang='lat' dir='ltr'><strong>distinguitur.</strong></span> <span class='ocrx_word' id='word_1_481' title='bbox 3288 1112 3366 1169; x_wconf 92' lang='lat' dir='ltr'><strong>De</strong></span> <span class='ocrx_word' id='word_1_482' title='bbox 3391 1129 3501 1184; x_wconf 90' lang='lat' dir='ltr'><strong>quo</strong></span> 
     </span>
    </p>
   </div>
   <div class='ocr_carea' id='block_1_66' title="bbox 1899 1192 3503 1288">
    <p class='ocr_par' dir='ltr' id='par_1_66' title="bbox 1899 1192 3503 1288">
     <span class='ocr_line' id='line_1_66' title="bbox 1899 1192 3503 1288; baseline 0.01 -42"><span class='ocrx_word' id='word_1_483' title='bbox 1899 1192 2152 1250; x_wconf 83' lang='lat' dir='ltr'><strong>videlicet</strong></span> <span class='ocrx_word' id='word_1_484' title='bbox 2180 1194 2423 1252; x_wconf 82' lang='lat' dir='ltr'><strong>bissexto</strong></span> <span class='ocrx_word' id='word_1_485' title='bbox 2450 1213 2781 1270; x_wconf 89' lang='lat' dir='ltr'><strong>quamquam</strong></span> <span class='ocrx_word' id='word_1_486' title='bbox 2811 1201 2966 1256; x_wconf 90' lang='lat' dir='ltr'><strong>multi</strong></span> <span class='ocrx_word' id='word_1_487' title='bbox 2997 1211 3054 1288; x_wconf 82' lang='lat' dir='ltr'><strong>et</strong></span> <span class='ocrx_word' id='word_1_488' title='bbox 3081 1205 3263 1276; x_wconf 81' lang='lat' dir='ltr'><strong>magni</strong></span> <span class='ocrx_word' id='word_1_489' title='bbox 3298 1207 3503 1288; x_wconf 81' lang='lat' dir='ltr'><strong>multa,</strong></span> 
     </span>
    </p>
   </div>
   <div class='ocr_carea' id='block_1_67' title="bbox 1811 1281 3502 1369">
    <p class='ocr_par' dir='ltr' id='par_1_67' title="bbox 1811 1281 3502 1369">
     <span class='ocr_line' id='line_1_67' title="bbox 1811 1281 3502 1369; baseline 0.008 -28"><span class='ocrx_word' id='word_1_490' title='bbox 1811 1337 1815 1342; x_wconf 82' lang='lat'><strong>.</strong></span> <span class='ocrx_word' id='word_1_491' title='bbox 1901 1295 1956 1341; x_wconf 90' lang='lat' dir='ltr'><strong>et</strong></span> <span class='ocrx_word' id='word_1_492' title='bbox 1988 1302 2184 1358; x_wconf 88' lang='lat' dir='ltr'><strong>magna</strong></span> <span class='ocrx_word' id='word_1_493' title='bbox 2213 1289 2484 1346; x_wconf 87' lang='lat' dir='ltr'><strong>dixissent</strong></span> <span class='ocrx_word' id='word_1_494' title='bbox 2511 1289 2626 1360; x_wconf 89' lang='lat' dir='ltr'><strong>jam</strong></span> <span class='ocrx_word' id='word_1_495' title='bbox 2655 1293 2972 1363; x_wconf 89' lang='lat' dir='ltr'><strong>edidissent,</strong></span> <span class='ocrx_word' id='word_1_496' title='bbox 2998 1281 3220 1368; x_wconf 85' lang='lat' dir='ltr'><strong>propter</strong></span> <span class='ocrx_word' id='word_1_497' title='bbox 3247 1285 3502 1369; x_wconf 59' lang='lat' dir='ltr'><strong>comperi;</strong></span> 
     </span>
    </p>
   </div>
   <div class='ocr_carea' id='block_1_68' title="bbox 1902 1380 3501 1458">
    <p class='ocr_par' dir='ltr' id='par_1_68' title="bbox 1902 1380 3501 1458">
     <span class='ocr_line' id='line_1_68' title="bbox 1902 1380 3501 1458; baseline 0.009 -23"><span class='ocrx_word' id='word_1_498' title='bbox 1902 1380 2048 1436; x_wconf 90' lang='lat' dir='ltr'><strong>dium</strong></span> <span class='ocrx_word' id='word_1_499' title='bbox 2093 1389 2276 1438; x_wconf 88' lang='lat' dir='ltr'><strong>tamen</strong></span> <span class='ocrx_word' id='word_1_500' title='bbox 2324 1384 2621 1456; x_wconf 84' lang='lat' dir='ltr'><strong>legentium</strong></span> <span class='ocrx_word' id='word_1_501' title='bbox 2668 1403 2762 1443; x_wconf 92' lang='lat' dir='ltr'><strong>seu</strong></span> <span class='ocrx_word' id='word_1_502' title='bbox 2805 1389 2949 1444; x_wconf 87' lang='lat' dir='ltr'><strong>scire</strong></span> <span class='ocrx_word' id='word_1_503' title='bbox 2992 1388 3236 1458; x_wconf 90' lang='lat' dir='ltr'><strong>ejusdem</strong></span> <span class='ocrx_word' id='word_1_504' title='bbox 3273 1390 3501 1450; x_wconf 87' lang='lat' dir='ltr'><strong>bissexti</strong></span> 
     </span>
    </p>
   </div>
   <div class='ocr_carea' id='block_1_69' title="bbox 1902 1471 3503 1558">
    <p class='ocr_par' dir='ltr' id='par_1_69' title="bbox 1902 1471 3503 1558">
     <span class='ocr_line' id='line_1_69' title="bbox 1902 1471 3503 1558; baseline 0.009 -30"><span class='ocrx_word' id='word_1_505' title='bbox 1902 1471 2239 1531; x_wconf 90' lang='lat' dir='ltr'><strong>incrementa</strong></span> <span class='ocrx_word' id='word_1_506' title='bbox 2270 1475 2598 1544; x_wconf 89' lang='lat' dir='ltr'><strong>volentium,</strong></span> <span class='ocrx_word' id='word_1_507' title='bbox 2640 1482 2888 1550; x_wconf 75' lang='lat' dir='ltr'><strong>quaedam</strong></span> <span class='ocrx_word' id='word_1_508' title='bbox 2925 1484 3222 1540; x_wconf 91' lang='lat' dir='ltr'><strong>secundum</strong></span> <span class='ocrx_word' id='word_1_509' title='bbox 3256 1485 3503 1558; x_wconf 89' lang='lat' dir='ltr'><strong>ingenio-</strong></span> 
     </span>
    </p>
   </div>
   <div class='ocr_carea' id='block_1_70' title="bbox 1899 1564 3502 1644">
    <p class='ocr_par' dir='ltr' id='par_1_70' title="bbox 1899 1564 3502 1644">
     <span class='ocr_line' id='line_1_70' title="bbox 1899 1564 3502 1644; baseline 0.009 -24"><span class='ocrx_word' id='word_1_510' title='bbox 1899 1564 2012 1621; x_wconf 89' lang='lat' dir='ltr'><strong>lum</strong></span> <span class='ocrx_word' id='word_1_511' title='bbox 2043 1566 2177 1622; x_wconf 91' lang='lat' dir='ltr'><strong>mihi</strong></span> <span class='ocrx_word' id='word_1_512' title='bbox 2205 1567 2274 1623; x_wconf 90' lang='lat' dir='ltr'><strong>ab</strong></span> <span class='ocrx_word' id='word_1_513' title='bbox 2298 1570 2658 1642; x_wconf 84' lang='lat' dir='ltr'><strong>omnipotenti</strong></span> <span class='ocrx_word' id='word_1_514' title='bbox 2689 1573 2800 1630; x_wconf 92' lang='lat' dir='ltr'><strong>Deo</strong></span> <span class='ocrx_word' id='word_1_515' title='bbox 2838 1576 3007 1644; x_wconf 87' lang='lat' dir='ltr'><strong>gratis</strong></span> <span class='ocrx_word' id='word_1_516' title='bbox 3047 1576 3233 1632; x_wconf 90' lang='lat' dir='ltr'><strong>datum</strong></span> <span class='ocrx_word' id='word_1_517' title='bbox 3262 1578 3502 1634; x_wconf 87' lang='lat' dir='ltr'><strong>breviter</strong></span> 
     </span>
    </p>
   </div>
   <div class='ocr_carea' id='block_1_71' title="bbox 1935 1659 3495 1741">
    <p class='ocr_par' dir='ltr' id='par_1_71' title="bbox 1935 1659 3495 1741">
     <span class='ocr_line' id='line_1_71' title="bbox 1935 1659 3495 1741; baseline 0.008 -27"><span class='ocrx_word' id='word_1_518' title='bbox 1935 1659 2163 1716; x_wconf 91' lang='lat' dir='ltr'><strong>dnotare</strong></span> <span class='ocrx_word' id='word_1_519' title='bbox 2187 1662 2396 1729; x_wconf 89' lang='lat' dir='ltr'><strong>curavi,</strong></span> <span class='ocrx_word' id='word_1_520' title='bbox 2424 1662 2720 1720; x_wconf 89' lang='lat' dir='ltr'><strong>obsecrans</strong></span> <span class='ocrx_word' id='word_1_521' title='bbox 2749 1674 2808 1720; x_wconf 89' lang='lat' dir='ltr'><strong>ut</strong></span> <span class='ocrx_word' id='word_1_522' title='bbox 2836 1682 2901 1722; x_wconf 89' lang='lat' dir='ltr'><strong>ea</strong></span> <span class='ocrx_word' id='word_1_523' title='bbox 2930 1667 3219 1724; x_wconf 87' lang='lat' dir='ltr'><strong>dilectione</strong></span> <span class='ocrx_word' id='word_1_524' title='bbox 3249 1684 3278 1723; x_wconf 91' lang='lat' dir='ltr'><strong>a</strong></span> <span class='ocrx_word' id='word_1_525' title='bbox 3310 1669 3495 1741; x_wconf 83' lang='lat' dir='ltr'><strong>legen-</strong></span> 
     </span>
    </p>
   </div>
   <div class='ocr_carea' id='block_1_72' title="bbox 1902 1749 3497 1832">
    <p class='ocr_par' dir='ltr' id='par_1_72' title="bbox 1902 1749 3497 1832">
     <span class='ocr_line' id='line_1_72' title="bbox 1902 1749 3497 1832; baseline 0.008 -28"><span class='ocrx_word' id='word_1_526' title='bbox 1902 1749 2046 1832; x_wconf 86' lang='lat' dir='ltr'><strong>tibus</strong></span> <span class='ocrx_word' id='word_1_527' title='bbox 2076 1751 2466 1822; x_wconf 88' lang='lat' dir='ltr'><strong>suscipiantur,</strong></span> <span class='ocrx_word' id='word_1_528' title='bbox 2498 1770 2660 1825; x_wconf 89' lang='lat' dir='ltr'><strong>quam</strong></span> <span class='ocrx_word' id='word_1_529' title='bbox 2687 1765 2886 1812; x_wconf 75' lang='lat' dir='ltr'><strong>nostra:</strong></span> <span class='ocrx_word' id='word_1_530' title='bbox 2913 1758 3203 1830; x_wconf 87' lang='lat' dir='ltr'><strong>humilitati</strong></span> <span class='ocrx_word' id='word_1_531' title='bbox 3233 1761 3497 1832; x_wconf 84' lang='lat' dir='ltr'><strong>praebent.</strong></span> 
     </span>
    </p>
   </div>
   <div class='ocr_carea' id='block_1_73' title="bbox 1825 1829 3500 1920">
    <p class='ocr_par' dir='ltr' id='par_1_73' title="bbox 1825 1829 3500 1920">
     <span class='ocr_line' id='line_1_73' title="bbox 1825 1829 3500 1920; baseline 0.011 -28"><span class='ocrx_word' id='word_1_532' title='bbox 1825 1830 1874 1892; x_wconf 88' lang='lat' dir='ltr'><strong>B</strong></span> <span class='ocrx_word' id='word_1_533' title='bbox 1900 1838 1968 1895; x_wconf 87' lang='lat' dir='ltr'><strong>Et</strong></span> <span class='ocrx_word' id='word_1_534' title='bbox 2001 1829 2051 1896; x_wconf 67' lang='lat' dir='ltr'><strong>~si</strong></span> <span class='ocrx_word' id='word_1_535' title='bbox 2085 1843 2215 1912; x_wconf 91' lang='lat' dir='ltr'><strong>quid</strong></span> <span class='ocrx_word' id='word_1_536' title='bbox 2251 1843 2516 1917; x_wconf 86' lang='lat' dir='ltr'><strong>largiente</strong></span> <span class='ocrx_word' id='word_1_537' title='bbox 2550 1845 2770 1920; x_wconf 85' lang='lat' dir='ltr'><strong>Christo</strong></span> <span class='ocrx_word' id='word_1_538' title='bbox 2800 1829 2931 1904; x_wconf 91' lang='lat' dir='ltr'><strong>utile</strong></span> <span class='ocrx_word' id='word_1_539' title='bbox 2963 1829 3271 1919; x_wconf 69' lang='lat' dir='ltr'><strong>invenerit,</strong></span> <span class='ocrx_word' id='word_1_540' title='bbox 3314 1837 3500 1911; x_wconf 85' lang='lat' dir='ltr'><strong>datori</strong></span> 
     </span>
    </p>
   </div>
   <div class='ocr_carea' id='block_1_74' title="bbox 1901 1926 3500 2018">
    <p class='ocr_par' dir='ltr' id='par_1_74' title="bbox 1901 1926 3500 2018">
     <span class='ocr_line' id='line_1_74' title="bbox 1901 1926 3500 2018; baseline 0.01 -30"><span class='ocrx_word' id='word_1_541' title='bbox 1901 1934 2148 2000; x_wconf 87' lang='lat' dir='ltr'><strong>omnium</strong></span> <span class='ocrx_word' id='word_1_542' title='bbox 2182 1935 2446 1994; x_wconf 89' lang='lat' dir='ltr'><strong>bonorum</strong></span> <span class='ocrx_word' id='word_1_543' title='bbox 2485 1926 2700 1996; x_wconf 70' lang='lat' dir='ltr'><strong>mecum</strong></span> <span class='ocrx_word' id='word_1_544' title='bbox 2746 1942 2936 2014; x_wconf 81' lang='lat' dir='ltr'><strong>gratiae</strong></span> <span class='ocrx_word' id='word_1_545' title='bbox 2979 1954 3231 2018; x_wconf 88' lang='lat' dir='ltr'><strong>agantur.</strong></span> <span class='ocrx_word' id='word_1_546' title='bbox 3284 1945 3340 2002; x_wconf 90' lang='lat' dir='ltr'><strong>Si</strong></span> <span class='ocrx_word' id='word_1_547' title='bbox 3371 1949 3500 2018; x_wconf 90' lang='lat' dir='ltr'><strong>quid</strong></span> 
     </span>
    </p>
   </div>
   <div class='ocr_carea' id='block_1_75' title="bbox 1899 2027 3501 2103">
    <p class='ocr_par' dir='ltr' id='par_1_75' title="bbox 1899 2027 3501 2103">
     <span class='ocr_line' id='line_1_75' title="bbox 1899 2027 3501 2103; baseline 0.011 -23"><span class='ocrx_word' id='word_1_548' title='bbox 1899 2040 2030 2082; x_wconf 88' lang='lat' dir='ltr'><strong>vero</strong></span> <span class='ocrx_word' id='word_1_549' title='bbox 2081 2027 2359 2097; x_wconf 90' lang='lat' dir='ltr'><strong>ineptum,</strong></span> <span class='ocrx_word' id='word_1_550' title='bbox 2413 2031 2724 2103; x_wconf 87' lang='lat' dir='ltr'><strong>corrigere,</strong></span> <span class='ocrx_word' id='word_1_551' title='bbox 2771 2033 2859 2089; x_wconf 90' lang='lat' dir='ltr'><strong>vel</strong></span> <span class='ocrx_word' id='word_1_552' title='bbox 2907 2039 3199 2093; x_wconf 89' lang='lat' dir='ltr'><strong>emendare</strong></span> <span class='ocrx_word' id='word_1_553' title='bbox 3250 2039 3501 2098; x_wconf 82' lang='lat' dir='ltr'><strong>caritatis</strong></span> 
     </span>
    </p>
   </div>
   <div class='ocr_carea' id='block_1_76' title="bbox 1898 2117 3500 2196">
    <p class='ocr_par' dir='ltr' id='par_1_76' title="bbox 1898 2117 3500 2196">
     <span class='ocr_line' id='line_1_76' title="bbox 1898 2117 3500 2196; baseline 0.007 -26"><span class='ocrx_word' id='word_1_554' title='bbox 1898 2117 2078 2172; x_wconf 90' lang='lat' dir='ltr'><strong>studio</strong></span> <span class='ocrx_word' id='word_1_555' title='bbox 2111 2133 2220 2173; x_wconf 92' lang='lat' dir='ltr'><strong>non</strong></span> <span class='ocrx_word' id='word_1_556' title='bbox 2247 2119 2588 2190; x_wconf 90' lang='lat' dir='ltr'><strong>dedignetur,</strong></span> <span class='ocrx_word' id='word_1_557' title='bbox 2617 2131 2672 2176; x_wconf 92' lang='lat' dir='ltr'><strong>et</strong></span> <span class='ocrx_word' id='word_1_558' title='bbox 2708 2138 3018 2196; x_wconf 90' lang='lat' dir='ltr'><strong>quanquam</strong></span> <span class='ocrx_word' id='word_1_559' title='bbox 3047 2127 3294 2196; x_wconf 68' lang='lat' dir='ltr'><strong>qumdam</strong></span> <span class='ocrx_word' id='word_1_560' title='bbox 3325 2145 3356 2184; x_wconf 88' lang='lat' dir='ltr'><strong>a</strong></span> <span class='ocrx_word' id='word_1_561' title='bbox 3385 2145 3500 2182; x_wconf 90' lang='lat' dir='ltr'><strong>ma-</strong></span> 
     </span>
    </p>
   </div>
   <div class='ocr_carea' id='block_1_77' title="bbox 1892 2205 3500 2284">
    <p class='ocr_par' dir='ltr' id='par_1_77' title="bbox 1892 2205 3500 2284">
     <span class='ocr_line' id='line_1_77' title="bbox 1892 2205 3500 2284; baseline 0.009 -23"><span class='ocrx_word' id='word_1_562' title='bbox 1892 2205 2108 2277; x_wconf 88' lang='lat' dir='ltr'><strong>joribus</strong></span> <span class='ocrx_word' id='word_1_563' title='bbox 2135 2209 2202 2263; x_wconf 93' lang='lat' dir='ltr'><strong>ad</strong></span> <span class='ocrx_word' id='word_1_564' title='bbox 2235 2211 2448 2266; x_wconf 88' lang='lat' dir='ltr'><strong>minora</strong></span> <span class='ocrx_word' id='word_1_565' title='bbox 2473 2252 2489 2278; x_wconf 92' lang='lat'><strong>,</strong></span> <span class='ocrx_word' id='word_1_566' title='bbox 2539 2215 2787 2284; x_wconf 88' lang='lat' dir='ltr'><strong>quaedam</strong></span> <span class='ocrx_word' id='word_1_567' title='bbox 2824 2231 2954 2271; x_wconf 90' lang='lat' dir='ltr'><strong>vero</strong></span> <span class='ocrx_word' id='word_1_568' title='bbox 3000 2233 3030 2271; x_wconf 91' lang='lat' dir='ltr'><strong>a</strong></span> <span class='ocrx_word' id='word_1_569' title='bbox 3078 2219 3382 2276; x_wconf 85' lang='lat' dir='ltr'><strong>minoribus</strong></span> <span class='ocrx_word' id='word_1_570' title='bbox 3431 2220 3500 2276; x_wconf 90' lang='lat' dir='ltr'><strong>ad</strong></span> 
     </span>
    </p>
   </div>
   <div class='ocr_carea' id='block_1_78' title="bbox 1899 2299 3502 2384">
    <p class='ocr_par' dir='ltr' id='par_1_78' title="bbox 1899 2299 3502 2384">
     <span class='ocr_line' id='line_1_78' title="bbox 1899 2299 3502 2384; baseline 0.007 -28"><span class='ocrx_word' id='word_1_571' title='bbox 1899 2299 2105 2371; x_wconf 86' lang='lat' dir='ltr'><strong>majora</strong></span> <span class='ocrx_word' id='word_1_572' title='bbox 2137 2305 2415 2360; x_wconf 88' lang='lat' dir='ltr'><strong>numerari</strong></span> <span class='ocrx_word' id='word_1_573' title='bbox 2445 2305 2676 2372; x_wconf 90' lang='lat' dir='ltr'><strong>soleant,</strong></span> <span class='ocrx_word' id='word_1_574' title='bbox 2707 2308 2850 2363; x_wconf 89' lang='lat' dir='ltr'><strong>sicut</strong></span> <span class='ocrx_word' id='word_1_575' title='bbox 2878 2310 3142 2380; x_wconf 85' lang='lat' dir='ltr'><strong>exemplis</strong></span> <span class='ocrx_word' id='word_1_576' title='bbox 3167 2312 3502 2384; x_wconf 87' lang='lat' dir='ltr'><strong>quampluri-</strong></span> 
     </span>
    </p>
   </div>
   <div class='ocr_carea' id='block_1_79' title="bbox 1897 2396 3500 2479">
    <p class='ocr_par' dir='ltr' id='par_1_79' title="bbox 1897 2396 3500 2479">
     <span class='ocr_line' id='line_1_79' title="bbox 1897 2396 3500 2479; baseline 0.007 -30"><span class='ocrx_word' id='word_1_577' title='bbox 1897 2396 2003 2450; x_wconf 89' lang='lat' dir='ltr'><strong>mis</strong></span> <span class='ocrx_word' id='word_1_578' title='bbox 2036 2396 2250 2451; x_wconf 88' lang='lat' dir='ltr'><strong>ostendi</strong></span> <span class='ocrx_word' id='word_1_579' title='bbox 2282 2406 2500 2467; x_wconf 91' lang='lat' dir='ltr'><strong>potest;</strong></span> <span class='ocrx_word' id='word_1_580' title='bbox 2561 2414 2660 2456; x_wconf 88' lang='lat' dir='ltr'><strong>nos</strong></span> <span class='ocrx_word' id='word_1_581' title='bbox 2702 2409 2882 2475; x_wconf 89' lang='lat' dir='ltr'><strong>tamen</strong></span> <span class='ocrx_word' id='word_1_582' title='bbox 2924 2403 3048 2471; x_wconf 89' lang='lat' dir='ltr'><strong>quia</strong></span> <span class='ocrx_word' id='word_1_583' title='bbox 3098 2402 3358 2479; x_wconf 84' lang='lat' dir='ltr'><strong>praefatos</strong></span> <span class='ocrx_word' id='word_1_584' title='bbox 3389 2405 3500 2460; x_wconf 85' lang='lat' dir='ltr'><strong>bis-</strong></span> 
     </span>
    </p>
   </div>
   <div class='ocr_carea' id='block_1_80' title="bbox 1895 2489 3495 2560">
    <p class='ocr_par' dir='ltr' id='par_1_80' title="bbox 1895 2489 3495 2560">
     <span class='ocr_line' id='line_1_80' title="bbox 1895 2489 3495 2560; baseline 0.004 -18"><span class='ocrx_word' id='word_1_585' title='bbox 1895 2495 2082 2542; x_wconf 84' lang='lat' dir='ltr'><strong>sextus</strong></span> <span class='ocrx_word' id='word_1_586' title='bbox 2112 2503 2220 2542; x_wconf 91' lang='lat' dir='ltr'><strong>non</strong></span> <span class='ocrx_word' id='word_1_587' title='bbox 2247 2504 2314 2544; x_wconf 90' lang='lat' dir='ltr'><strong>ex</strong></span> <span class='ocrx_word' id='word_1_588' title='bbox 2343 2489 2638 2560; x_wconf 89' lang='lat' dir='ltr'><strong>majoribus</strong></span> <span class='ocrx_word' id='word_1_589' title='bbox 2668 2491 2734 2546; x_wconf 91' lang='lat' dir='ltr'><strong>ad</strong></span> <span class='ocrx_word' id='word_1_590' title='bbox 2768 2492 3003 2558; x_wconf 89' lang='lat' dir='ltr'><strong>minora,</strong></span> <span class='ocrx_word' id='word_1_591' title='bbox 3042 2495 3136 2548; x_wconf 91' lang='lat' dir='ltr'><strong>sed</strong></span> <span class='ocrx_word' id='word_1_592' title='bbox 3167 2509 3233 2549; x_wconf 87' lang='lat' dir='ltr'><strong>ex</strong></span> <span class='ocrx_word' id='word_1_593' title='bbox 3267 2495 3495 2550; x_wconf 92' lang='lat' dir='ltr'><strong>minori-</strong></span> 
     </span>
    </p>
   </div>
   <div class='ocr_carea' id='block_1_81' title="bbox 1897 2576 3492 2653">
    <p class='ocr_par' dir='ltr' id='par_1_81' title="bbox 1897 2576 3492 2653">
     <span class='ocr_line' id='line_1_81' title="bbox 1897 2576 3492 2653; baseline 0.006 -21"><span class='ocrx_word' id='word_1_594' title='bbox 1897 2576 1999 2634; x_wconf 91' lang='lat' dir='ltr'><strong>bus</strong></span> <span class='ocrx_word' id='word_1_595' title='bbox 2038 2581 2106 2634; x_wconf 89' lang='lat' dir='ltr'><strong>ad</strong></span> <span class='ocrx_word' id='word_1_596' title='bbox 2147 2578 2356 2648; x_wconf 88' lang='lat' dir='ltr'><strong>majora</strong></span> <span class='ocrx_word' id='word_1_597' title='bbox 2398 2581 2695 2637; x_wconf 89' lang='lat' dir='ltr'><strong>crescendo</strong></span> <span class='ocrx_word' id='word_1_598' title='bbox 2723 2583 2739 2602; x_wconf 80' lang='lat'><strong><em>‘</em></strong></span> <span class='ocrx_word' id='word_1_599' title='bbox 2766 2583 3102 2653; x_wconf 90' lang='lat' dir='ltr'><strong>perducitur,</strong></span> <span class='ocrx_word' id='word_1_600' title='bbox 3155 2587 3492 2642; x_wconf 87' lang='lat' dir='ltr'><strong>incrementa</strong></span> 
     </span>
    </p>
   </div>
   <div class='ocr_carea' id='block_1_82' title="bbox 1897 2670 3486 2755">
    <p class='ocr_par' dir='ltr' id='par_1_82' title="bbox 1897 2670 3486 2755">
     <span class='ocr_line' id='line_1_82' title="bbox 1897 2670 3486 2755; baseline 0.004 -29"><span class='ocrx_word' id='word_1_601' title='bbox 1897 2670 2043 2726; x_wconf 91' lang='lat' dir='ltr'><strong>illius</strong></span> <span class='ocrx_word' id='word_1_602' title='bbox 2083 2672 2375 2736; x_wconf 90' lang='lat' dir='ltr'><strong>subtiliter,</strong></span> <span class='ocrx_word' id='word_1_603' title='bbox 2414 2683 2681 2742; x_wconf 89' lang='lat' dir='ltr'><strong>quantum</strong></span> <span class='ocrx_word' id='word_1_604' title='bbox 2729 2683 2917 2743; x_wconf 84' lang='lat' dir='ltr'><strong>nostra</strong></span> <span class='ocrx_word' id='word_1_605' title='bbox 2945 2676 3213 2746; x_wconf 87' lang='lat' dir='ltr'><strong>pusillitas</strong></span> <span class='ocrx_word' id='word_1_606' title='bbox 3262 2677 3486 2755; x_wconf 87' lang='lat' dir='ltr'><strong>ratioci-</strong></span> 
     </span>
    </p>
   </div>
   <div class='ocr_carea' id='block_1_83' title="bbox 1896 2763 3496 2839">
    <p class='ocr_par' dir='ltr' id='par_1_83' title="bbox 1896 2763 3496 2839">
     <span class='ocr_line' id='line_1_83' title="bbox 1896 2763 3496 2839; baseline 0.004 -21"><span class='ocrx_word' id='word_1_607' title='bbox 1896 2763 2076 2818; x_wconf 89' lang='lat' dir='ltr'><strong>nando</strong></span> <span class='ocrx_word' id='word_1_608' title='bbox 2125 2765 2595 2834; x_wconf 83' lang='lat' dir='ltr'><strong>comprehendere</strong></span> <span class='ocrx_word' id='word_1_609' title='bbox 2619 2767 2803 2831; x_wconf 83' lang='lat' dir='ltr'><strong>valet,</strong></span> <span class='ocrx_word' id='word_1_610' title='bbox 2852 2767 3054 2823; x_wconf 90' lang='lat' dir='ltr'><strong>rimare</strong></span> <span class='ocrx_word' id='word_1_611' title='bbox 3088 2769 3413 2839; x_wconf 87' lang='lat' dir='ltr'><strong>cogitantes,</strong></span> <span class='ocrx_word' id='word_1_612' title='bbox 3462 2784 3496 2824; x_wconf 88' lang='lat' dir='ltr'><strong>a</strong></span> 
     </span>
    </p>
   </div>
   <div class='ocr_carea' id='block_1_84' title="bbox 1896 2851 3486 2926">
    <p class='ocr_par' dir='ltr' id='par_1_84' title="bbox 1896 2851 3486 2926">
     <span class='ocr_line' id='line_1_84' title="bbox 1896 2851 3486 2926; baseline 0.003 -18"><span class='ocrx_word' id='word_1_613' title='bbox 1896 2851 2136 2908; x_wconf 92' lang='lat' dir='ltr'><strong>minimis</strong></span> <span class='ocrx_word' id='word_1_614' title='bbox 2165 2853 2505 2920; x_wconf 90' lang='lat' dir='ltr'><strong>inchoemus,</strong></span> <span class='ocrx_word' id='word_1_615' title='bbox 2539 2863 2599 2910; x_wconf 91' lang='lat' dir='ltr'><strong>ut</strong></span> <span class='ocrx_word' id='word_1_616' title='bbox 2625 2855 2692 2909; x_wconf 88' lang='lat' dir='ltr'><strong>ad</strong></span> <span class='ocrx_word' id='word_1_617' title='bbox 2725 2854 2950 2924; x_wconf 89' lang='lat' dir='ltr'><strong>majora,</strong></span> <span class='ocrx_word' id='word_1_618' title='bbox 2980 2858 3208 2914; x_wconf 57' lang='lat' dir='ltr'><strong>Dun‘iino</strong></span> <span class='ocrx_word' id='word_1_619' title='bbox 3233 2859 3486 2926; x_wconf 70' lang='lat' dir='ltr'><strong>ducente,</strong></span> 
     </span>
    </p>
   </div>
   <div class='ocr_carea' id='block_1_85' title="bbox 1894 2944 3491 3015">
    <p class='ocr_par' dir='ltr' id='par_1_85' title="bbox 1894 2944 3491 3015">
     <span class='ocr_line' id='line_1_85' title="bbox 1894 2944 3491 3015; baseline 0.006 -17"><span class='ocrx_word' id='word_1_620' title='bbox 1894 2945 2182 3015; x_wconf 85' lang='lat' dir='ltr'><strong>pervenire</strong></span> <span class='ocrx_word' id='word_1_621' title='bbox 2240 2945 2540 3002; x_wconf 88' lang='lat' dir='ltr'><strong>valeamus.</strong></span> <span class='ocrx_word' id='word_1_622' title='bbox 2599 2944 2985 3004; x_wconf 77' lang='lat' dir='ltr'><strong>Verumtamen</strong></span> <span class='ocrx_word' id='word_1_623' title='bbox 3039 2948 3172 3004; x_wconf 87' lang='lat' dir='ltr'><strong>illud</strong></span> <span class='ocrx_word' id='word_1_624' title='bbox 3243 2965 3351 3006; x_wconf 90' lang='lat' dir='ltr'><strong>non</strong></span> <span class='ocrx_word' id='word_1_625' title='bbox 3404 2959 3491 3007; x_wconf 86' lang='lat' dir='ltr'><strong>est</strong></span> 
     </span>
    </p>
   </div>
   <div class='ocr_carea' id='block_1_86' title="bbox 1892 3035 3498 3114">
    <p class='ocr_par' dir='ltr' id='par_1_86' title="bbox 1892 3035 3498 3114">
     <span class='ocr_line' id='line_1_86' title="bbox 1892 3035 3498 3114; baseline 0.007 -26"><span class='ocrx_word' id='word_1_626' title='bbox 1892 3035 2357 3107; x_wconf 83' lang='lat' dir='ltr'><strong>praetereundum,</strong></span> <span class='ocrx_word' id='word_1_627' title='bbox 2403 3037 2547 3106; x_wconf 92' lang='lat' dir='ltr'><strong>quod</strong></span> <span class='ocrx_word' id='word_1_628' title='bbox 2588 3037 2642 3092; x_wconf 90' lang='lat' dir='ltr'><strong>in</strong></span> <span class='ocrx_word' id='word_1_629' title='bbox 2675 3039 2995 3108; x_wconf 88' lang='lat' dir='ltr'><strong>quibusdam</strong></span> <span class='ocrx_word' id='word_1_630' title='bbox 3021 3039 3156 3098; x_wconf 91' lang='lat' dir='ltr'><strong>locis</strong></span> <span class='ocrx_word' id='word_1_631' title='bbox 3185 3058 3284 3112; x_wconf 84' lang='lat' dir='ltr'><strong>per</strong></span> <span class='ocrx_word' id='word_1_632' title='bbox 3311 3059 3498 3114; x_wconf 66' lang='lat' dir='ltr'><strong>aequas</strong></span> 
     </span>
    </p>
   </div>
   <div class='ocr_carea' id='block_1_87' title="bbox 1897 3115 3498 3198">
    <p class='ocr_par' dir='ltr' id='par_1_87' title="bbox 1897 3115 3498 3198">
     <span class='ocr_line' id='line_1_87' title="bbox 1897 3115 3498 3198; baseline 0.007 -15"><span class='ocrx_word' id='word_1_633' title='bbox 1897 3128 2237 3196; x_wconf 89' lang='lat' dir='ltr'><strong>divisiones,</strong></span> <span class='ocrx_word' id='word_1_634' title='bbox 2299 3115 2394 3185; x_wconf 88' lang='lat' dir='ltr'><strong>seu</strong></span> <span class='ocrx_word' id='word_1_635' title='bbox 2447 3129 2832 3198; x_wconf 89' lang='lat' dir='ltr'><strong>collectiones,</strong></span> <span class='ocrx_word' id='word_1_636' title='bbox 2899 3133 2985 3189; x_wconf 89' lang='lat' dir='ltr'><strong>vel</strong></span> <span class='ocrx_word' id='word_1_637' title='bbox 3047 3148 3078 3187; x_wconf 87' lang='lat' dir='ltr'><strong>a</strong></span> <span class='ocrx_word' id='word_1_638' title='bbox 3142 3137 3384 3192; x_wconf 88' lang='lat' dir='ltr'><strong>minimis</strong></span> <span class='ocrx_word' id='word_1_639' title='bbox 3428 3139 3498 3195; x_wconf 89' lang='lat' dir='ltr'><strong>ad</strong></span> 
     </span>
    </p>
   </div>
   <div class='ocr_carea' id='block_1_88' title="bbox 1816 3193 3499 3306">
    <p class='ocr_par' dir='ltr' id='par_1_88' title="bbox 1816 3193 3499 3306">
     <span class='ocr_line' id='line_1_88' title="bbox 1816 3193 3499 3306; baseline 0.006 -31"><span class='ocrx_word' id='word_1_640' title='bbox 1816 3193 1864 3258; x_wconf 64' lang='grc' dir='ltr'><strong>θ</strong></span> <span class='ocrx_word' id='word_1_641' title='bbox 1894 3220 2100 3290; x_wconf 90' lang='lat' dir='ltr'><strong>majora</strong></span> <span class='ocrx_word' id='word_1_642' title='bbox 2131 3262 2145 3288; x_wconf 91' lang='lat'><strong>,</strong></span> <span class='ocrx_word' id='word_1_643' title='bbox 2191 3193 2279 3277; x_wconf 81' lang='lat' dir='ltr'><strong>vel</strong></span> <span class='ocrx_word' id='word_1_644' title='bbox 2323 3238 2354 3276; x_wconf 89' lang='lat' dir='ltr'><strong>a</strong></span> <span class='ocrx_word' id='word_1_645' title='bbox 2399 3222 2700 3294; x_wconf 87' lang='lat' dir='ltr'><strong>majoribus</strong></span> <span class='ocrx_word' id='word_1_646' title='bbox 2748 3224 2818 3279; x_wconf 91' lang='lat' dir='ltr'><strong>ad</strong></span> <span class='ocrx_word' id='word_1_647' title='bbox 2875 3224 3088 3281; x_wconf 90' lang='lat' dir='ltr'><strong>minora</strong></span> <span class='ocrx_word' id='word_1_648' title='bbox 3137 3227 3359 3297; x_wconf 88' lang='lat' dir='ltr'><strong>praefata</strong></span> <span class='ocrx_word' id='word_1_649' title='bbox 3408 3245 3499 3306; x_wconf 86' lang='lat' dir='ltr'><strong>ra-</strong></span> 
     </span>
    </p>
   </div>
   <div class='ocr_carea' id='block_1_89' title="bbox 1894 3312 3490 3388">
    <p class='ocr_par' dir='ltr' id='par_1_89' title="bbox 1894 3312 3490 3388">
     <span class='ocr_line' id='line_1_89' title="bbox 1894 3312 3490 3388; baseline 0.006 -21"><span class='ocrx_word' id='word_1_650' title='bbox 1894 3312 1968 3368; x_wconf 92' lang='lat' dir='ltr'><strong>tio</strong></span> <span class='ocrx_word' id='word_1_651' title='bbox 2021 3313 2144 3369; x_wconf 91' lang='lat' dir='ltr'><strong>duci</strong></span> <span class='ocrx_word' id='word_1_652' title='bbox 2197 3321 2414 3384; x_wconf 84' lang='lat' dir='ltr'><strong>potest,</strong></span> <span class='ocrx_word' id='word_1_653' title='bbox 2475 3328 2542 3368; x_wconf 91' lang='lat' dir='ltr'><strong>eo</strong></span> <span class='ocrx_word' id='word_1_654' title='bbox 2600 3315 2743 3384; x_wconf 91' lang='lat' dir='ltr'><strong>quod</strong></span> <span class='ocrx_word' id='word_1_655' title='bbox 2799 3323 3024 3386; x_wconf 86' lang='lat' dir='ltr'><strong>propter</strong></span> <span class='ocrx_word' id='word_1_656' title='bbox 3069 3318 3490 3388; x_wconf 88' lang='lat' dir='ltr'><strong>indivisibilem,</strong></span> 
     </span>
    </p>
   </div>
   <div class='ocr_carea' id='block_1_90' title="bbox 1891 3405 3494 3486">
    <p class='ocr_par' dir='ltr' id='par_1_90' title="bbox 1891 3405 3494 3486">
     <span class='ocr_line' id='line_1_90' title="bbox 1891 3405 3494 3486; baseline 0.004 -25"><span class='ocrx_word' id='word_1_657' title='bbox 1891 3420 1987 3461; x_wconf 87' lang='lat' dir='ltr'><strong>seu</strong></span> <span class='ocrx_word' id='word_1_658' title='bbox 2048 3405 2417 3462; x_wconf 89' lang='lat' dir='ltr'><strong>insensibilem</strong></span> <span class='ocrx_word' id='word_1_659' title='bbox 2483 3407 2651 3463; x_wconf 88' lang='lat' dir='ltr'><strong>atomi</strong></span> <span class='ocrx_word' id='word_1_660' title='bbox 2722 3408 3087 3478; x_wconf 90' lang='lat' dir='ltr'><strong>quantitatem</strong></span> <span class='ocrx_word' id='word_1_661' title='bbox 3154 3412 3325 3466; x_wconf 92' lang='lat' dir='ltr'><strong>sectio</strong></span> <span class='ocrx_word' id='word_1_662' title='bbox 3377 3413 3494 3486; x_wconf 79' lang='lat' dir='ltr'><strong>ulla</strong></span> 
     </span>
    </p>
   </div>
   <div class='ocr_carea' id='block_1_91' title="bbox 1890 3496 3488 3570">
    <p class='ocr_par' dir='ltr' id='par_1_91' title="bbox 1890 3496 3488 3570">
     <span class='ocr_line' id='line_1_91' title="bbox 1890 3496 3488 3570; baseline 0.003 -17"><span class='ocrx_word' id='word_1_663' title='bbox 1890 3496 2094 3557; x_wconf 42' lang='lat' dir='ltr'><strong>haberi.</strong></span> <span class='ocrx_word' id='word_1_664' title='bbox 2123 3498 2331 3568; x_wconf 90' lang='lat' dir='ltr'><strong>nequit.</strong></span> <span class='ocrx_word' id='word_1_665' title='bbox 2380 3497 2489 3552; x_wconf 92' lang='lat' dir='ltr'><strong>Sed</strong></span> <span class='ocrx_word' id='word_1_666' title='bbox 2533 3508 2588 3552; x_wconf 91' lang='lat' dir='ltr'><strong>et</strong></span> <span class='ocrx_word' id='word_1_667' title='bbox 2630 3499 2698 3552; x_wconf 90' lang='lat' dir='ltr'><strong>ad</strong></span> <span class='ocrx_word' id='word_1_668' title='bbox 2740 3499 2871 3554; x_wconf 92' lang='lat' dir='ltr'><strong>illud</strong></span> <span class='ocrx_word' id='word_1_669' title='bbox 2914 3502 3488 3570; x_wconf 88' lang='lat' dir='ltr'><strong>commemorandum,</strong></span> 
     </span>
    </p>
   </div>
   <div class='ocr_carea' id='block_1_92' title="bbox 1891 3589 3488 3668">
    <p class='ocr_par' dir='ltr' id='par_1_92' title="bbox 1891 3589 3488 3668">
     <span class='ocr_line' id='line_1_92' title="bbox 1891 3589 3488 3668; baseline 0.003 -23"><span class='ocrx_word' id='word_1_670' title='bbox 1891 3591 2036 3661; x_wconf 87' lang='lat' dir='ltr'><strong>quod</strong></span> <span class='ocrx_word' id='word_1_671' title='bbox 2067 3589 2122 3645; x_wconf 91' lang='lat' dir='ltr'><strong>in</strong></span> <span class='ocrx_word' id='word_1_672' title='bbox 2160 3590 2480 3661; x_wconf 90' lang='lat' dir='ltr'><strong>quibusdam</strong></span> <span class='ocrx_word' id='word_1_673' title='bbox 2505 3591 2886 3662; x_wconf 85' lang='lat' dir='ltr'><strong>praedictorum</strong></span> <span class='ocrx_word' id='word_1_674' title='bbox 2919 3607 3270 3648; x_wconf 87' lang='lat' dir='ltr'><strong>numerorum</strong></span> <span class='ocrx_word' id='word_1_675' title='bbox 3308 3595 3488 3668; x_wconf 85' lang='lat' dir='ltr'><strong>nomi-</strong></span> 
     </span>
    </p>
   </div>
   <div class='ocr_carea' id='block_1_93' title="bbox 1891 3673 3490 3755">
    <p class='ocr_par' dir='ltr' id='par_1_93' title="bbox 1891 3673 3490 3755">
     <span class='ocr_line' id='line_1_93' title="bbox 1891 3673 3490 3755; baseline 0.003 -18"><span class='ocrx_word' id='word_1_676' title='bbox 1891 3682 2076 3749; x_wconf 78' lang='lat' dir='ltr'><strong>nibus,</strong></span> <span class='ocrx_word' id='word_1_677' title='bbox 2125 3697 2218 3737; x_wconf 92' lang='lat' dir='ltr'><strong>seu</strong></span> <span class='ocrx_word' id='word_1_678' title='bbox 2288 3682 2532 3738; x_wconf 88' lang='lat' dir='ltr'><strong>numeris</strong></span> <span class='ocrx_word' id='word_1_679' title='bbox 2579 3673 2987 3752; x_wconf 87' lang='lat' dir='ltr'><strong>auctoritatem,</strong></span> <span class='ocrx_word' id='word_1_680' title='bbox 3051 3686 3106 3739; x_wconf 92' lang='lat' dir='ltr'><strong>in</strong></span> <span class='ocrx_word' id='word_1_681' title='bbox 3165 3685 3490 3755; x_wconf 87' lang='lat' dir='ltr'><strong>quibusdam</strong></span> 
     </span>
    </p>
   </div>
   <div class='ocr_carea' id='block_1_94' title="bbox 1890 3766 3490 3849">
    <p class='ocr_par' dir='ltr' id='par_1_94' title="bbox 1890 3766 3490 3849">
     <span class='ocr_line' id='line_1_94' title="bbox 1890 3766 3490 3849; baseline 0.005 -19"><span class='ocrx_word' id='word_1_682' title='bbox 1890 3789 2025 3830; x_wconf 89' lang='lat' dir='ltr'><strong>vero</strong></span> <span class='ocrx_word' id='word_1_683' title='bbox 2072 3776 2520 3831; x_wconf 90' lang='lat' dir='ltr'><strong>consuetudinem</strong></span> <span class='ocrx_word' id='word_1_684' title='bbox 2554 3777 2607 3831; x_wconf 89' lang='lat' dir='ltr'><strong>in</strong></span> <span class='ocrx_word' id='word_1_685' title='bbox 2663 3778 2768 3834; x_wconf 88' lang='lat' dir='ltr'><strong>hoc</strong></span> <span class='ocrx_word' id='word_1_686' title='bbox 2797 3778 2914 3849; x_wconf 90' lang='lat' dir='ltr'><strong>ipso</strong></span> <span class='ocrx_word' id='word_1_687' title='bbox 2937 3766 3125 3849; x_wconf 84' lang='lat' dir='ltr'><strong>opere</strong></span> <span class='ocrx_word' id='word_1_688' title='bbox 3161 3780 3363 3835; x_wconf 91' lang='lat' dir='ltr'><strong>tamdiu</strong></span> <span class='ocrx_word' id='word_1_689' title='bbox 3403 3796 3490 3838; x_wconf 88' lang='lat' dir='ltr'><strong>se-</strong></span> 
     </span>
    </p>
   </div>
   <div class='ocr_carea' id='block_1_95' title="bbox 1890 3869 3490 3944">
    <p class='ocr_par' dir='ltr' id='par_1_95' title="bbox 1890 3869 3490 3944">
     <span class='ocr_line' id='line_1_95' title="bbox 1890 3869 3490 3944; baseline 0.004 -20"><span class='ocrx_word' id='word_1_690' title='bbox 1890 3869 2132 3940; x_wconf 85' lang='lat' dir='ltr'><strong>quimur,</strong></span> <span class='ocrx_word' id='word_1_691' title='bbox 2173 3884 2453 3940; x_wconf 87' lang='lat' dir='ltr'><strong>quousque</strong></span> <span class='ocrx_word' id='word_1_692' title='bbox 2485 3869 2684 3940; x_wconf 90' lang='lat' dir='ltr'><strong>aliquis</strong></span> <span class='ocrx_word' id='word_1_693' title='bbox 2707 3871 2865 3926; x_wconf 89' lang='lat' dir='ltr'><strong>nobis</strong></span> <span class='ocrx_word' id='word_1_694' title='bbox 2907 3872 3288 3928; x_wconf 89' lang='lat' dir='ltr'><strong>auctoritatem</strong></span> <span class='ocrx_word' id='word_1_695' title='bbox 3318 3875 3490 3944; x_wconf 84' lang='lat' dir='ltr'><strong>majo-</strong></span> 
     </span>
    </p>
   </div>
   <div class='ocr_carea' id='block_1_96' title="bbox 1868 3962 3489 4028">
    <p class='ocr_par' dir='ltr' id='par_1_96' title="bbox 1868 3962 3489 4028">
     <span class='ocr_line' id='line_1_96' title="bbox 1868 3962 3489 4028; baseline 0.002 -9"><span class='ocrx_word' id='word_1_696' title='bbox 1868 3977 2007 4019; x_wconf 86' lang='lat' dir='ltr'><strong>rem</strong></span> <span class='ocrx_word' id='word_1_697' title='bbox 2049 3962 2270 4028; x_wconf 88' lang='lat' dir='ltr'><strong>tribuat,</strong></span> <span class='ocrx_word' id='word_1_698' title='bbox 2302 3970 2395 4018; x_wconf 92' lang='lat' dir='ltr'><strong>aut</strong></span> <span class='ocrx_word' id='word_1_699' title='bbox 2424 3964 2878 4027; x_wconf 89' lang='lat' dir='ltr'><strong>consuetudinem</strong></span> <span class='ocrx_word' id='word_1_700' title='bbox 2910 3965 3190 4023; x_wconf 90' lang='lat' dir='ltr'><strong>meliorem</strong></span> <span class='ocrx_word' id='word_1_701' title='bbox 3211 3969 3489 4025; x_wconf 88' lang='lat' dir='ltr'><strong>ostendat.</strong></span> 
     </span>
    </p>
   </div>
   <div class='ocr_carea' id='block_1_97' title="bbox 1892 4055 3486 4126">
    <p class='ocr_par' dir='ltr' id='par_1_97' title="bbox 1892 4055 3486 4126">
     <span class='ocr_line' id='line_1_97' title="bbox 1892 4055 3486 4126; baseline 0.001 -13"><span class='ocrx_word' id='word_1_702' title='bbox 1892 4055 1967 4114; x_wconf 86' lang='lat' dir='ltr'><strong>Ut</strong></span> <span class='ocrx_word' id='word_1_703' title='bbox 1998 4056 2163 4125; x_wconf 85' lang='lat' dir='ltr'><strong>igitur</strong></span> <span class='ocrx_word' id='word_1_704' title='bbox 2185 4055 2507 4126; x_wconf 90' lang='lat' dir='ltr'><strong>quibusdam</strong></span> <span class='ocrx_word' id='word_1_705' title='bbox 2532 4055 2731 4126; x_wconf 88' lang='lat' dir='ltr'><strong>placet,</strong></span> <span class='ocrx_word' id='word_1_706' title='bbox 2757 4057 2924 4112; x_wconf 91' lang='lat' dir='ltr'><strong>atomi</strong></span> <span class='ocrx_word' id='word_1_707' title='bbox 2955 4057 3061 4112; x_wconf 76' lang='lat'><strong>576</strong></span> <span class='ocrx_word' id='word_1_708' title='bbox 3088 4058 3296 4114; x_wconf 89' lang='lat' dir='ltr'><strong>faciunt</strong></span> <span class='ocrx_word' id='word_1_709' title='bbox 3322 4075 3486 4114; x_wconf 92' lang='lat' dir='ltr'><strong>unum</strong></span> 
     </span>
    </p>
   </div>
   <div class='ocr_carea' id='block_1_98' title="bbox 1873 4147 3489 4218">
    <p class='ocr_par' dir='ltr' id='par_1_98' title="bbox 1873 4147 3489 4218">
     <span class='ocr_line' id='line_1_98' title="bbox 1873 4147 3489 4218; baseline 0 -14"><span class='ocrx_word' id='word_1_710' title='bbox 1873 4156 2184 4204; x_wconf 88' lang='lat' dir='ltr'><strong>ostentum.</strong></span> <span class='ocrx_word' id='word_1_711' title='bbox 2233 4147 2518 4203; x_wconf 90' lang='lat' dir='ltr'><strong>Ostentum</strong></span> <span class='ocrx_word' id='word_1_712' title='bbox 2560 4163 2687 4203; x_wconf 88' lang='lat' dir='ltr'><strong>vero</strong></span> <span class='ocrx_word' id='word_1_713' title='bbox 2741 4156 2796 4202; x_wconf 92' lang='lat' dir='ltr'><strong>et</strong></span> <span class='ocrx_word' id='word_1_714' title='bbox 2851 4147 3131 4202; x_wconf 90' lang='lat' dir='ltr'><strong>dimidium</strong></span> <span class='ocrx_word' id='word_1_715' title='bbox 3196 4159 3489 4218; x_wconf 89' lang='lat' dir='ltr'><strong>procreant</strong></span> 
     </span>
    </p>
   </div>
   <div class='ocr_carea' id='block_1_99' title="bbox 1890 4241 3487 4315">
    <p class='ocr_par' dir='ltr' id='par_1_99' title="bbox 1890 4241 3487 4315">
     <span class='ocr_line' id='line_1_99' title="bbox 1890 4241 3487 4315; baseline 0 -19"><span class='ocrx_word' id='word_1_716' title='bbox 1890 4256 2059 4296; x_wconf 90' lang='lat' dir='ltr'><strong>unum</strong></span> <span class='ocrx_word' id='word_1_717' title='bbox 2105 4251 2438 4296; x_wconf 90' lang='lat' dir='ltr'><strong>momentum</strong></span> <span class='ocrx_word' id='word_1_718' title='bbox 2487 4241 2770 4315; x_wconf 86' lang='lat' dir='ltr'><strong>continent</strong></span> <span class='ocrx_word' id='word_1_719' title='bbox 2806 4249 3019 4296; x_wconf 89' lang='lat' dir='ltr'><strong>atomos</strong></span> <span class='ocrx_word' id='word_1_720' title='bbox 3057 4241 3181 4297; x_wconf 68' lang='grc'><strong>564.</strong></span> <span class='ocrx_word' id='word_1_721' title='bbox 3215 4241 3487 4296; x_wconf 85' lang='lat' dir='ltr'><strong>Momenta</strong></span> 
     </span>
    </p>
   </div>
   <div class='ocr_carea' id='block_1_100' title="bbox 1891 4331 3484 4402">
    <p class='ocr_par' dir='ltr' id='par_1_100' title="bbox 1891 4331 3484 4402">
     <span class='ocr_line' id='line_1_100' title="bbox 1891 4331 3484 4402; baseline -0.001 -16"><span class='ocrx_word' id='word_1_722' title='bbox 1891 4341 2076 4387; x_wconf 90' lang='lat' dir='ltr'><strong>autem</strong></span> <span class='ocrx_word' id='word_1_723' title='bbox 2102 4331 2228 4394; x_wconf 90' lang='lat' dir='ltr'><strong>duo,</strong></span> <span class='ocrx_word' id='word_1_724' title='bbox 2255 4339 2313 4385; x_wconf 91' lang='lat' dir='ltr'><strong>et</strong></span> <span class='ocrx_word' id='word_1_725' title='bbox 2349 4331 2468 4386; x_wconf 87' lang='lat' dir='ltr'><strong>duae</strong></span> <span class='ocrx_word' id='word_1_726' title='bbox 2498 4339 2682 4400; x_wconf 89' lang='lat' dir='ltr'><strong>partes</strong></span> <span class='ocrx_word' id='word_1_727' title='bbox 2704 4331 2866 4386; x_wconf 90' lang='lat' dir='ltr'><strong>unius</strong></span> <span class='ocrx_word' id='word_1_728' title='bbox 2903 4332 3161 4388; x_wconf 89' lang='lat' dir='ltr'><strong>momenti</strong></span> <span class='ocrx_word' id='word_1_729' title='bbox 3191 4340 3484 4402; x_wconf 86' lang='lat' dir='ltr'><strong>procreant</strong></span> 
     </span>
    </p>
   </div>
   <div class='ocr_carea' id='block_1_101' title="bbox 1889 4422 3482 4500">
    <p class='ocr_par' dir='ltr' id='par_1_101' title="bbox 1889 4422 3482 4500">
     <span class='ocr_line' id='line_1_101' title="bbox 1889 4422 3482 4500; baseline -0.001 -21"><span class='ocrx_word' id='word_1_730' title='bbox 1889 4430 2102 4494; x_wconf 86' lang='lat' dir='ltr'><strong>partem</strong></span> <span class='ocrx_word' id='word_1_731' title='bbox 2139 4437 2304 4477; x_wconf 91' lang='lat' dir='ltr'><strong>unam</strong></span> <span class='ocrx_word' id='word_1_732' title='bbox 2350 4423 2639 4500; x_wconf 87' lang='lat' dir='ltr'><strong>habentem</strong></span> <span class='ocrx_word' id='word_1_733' title='bbox 2689 4431 2903 4478; x_wconf 89' lang='lat' dir='ltr'><strong>ostenta</strong></span> <span class='ocrx_word' id='word_1_734' title='bbox 2950 4423 3000 4489; x_wconf 70' lang='grc'>4,</span> <span class='ocrx_word' id='word_1_735' title='bbox 3061 4431 3270 4480; x_wconf 87' lang='lat' dir='ltr'><strong>atomos</strong></span> <span class='ocrx_word' id='word_1_736' title='bbox 3325 4422 3482 4478; x_wconf 75' lang='grc'><strong>1504.</strong></span> 
     </span>
    </p>
   </div>
   <div class='ocr_carea' id='block_1_102' title="bbox 1891 4512 3486 4584">
    <p class='ocr_par' dir='ltr' id='par_1_102' title="bbox 1891 4512 3486 4584">
     <span class='ocr_line' id='line_1_102' title="bbox 1891 4512 3486 4584; baseline 0.002 -16"><span class='ocrx_word' id='word_1_737' title='bbox 1891 4513 2027 4570; x_wconf 90' lang='lat' dir='ltr'><strong>Pars</strong></span> <span class='ocrx_word' id='word_1_738' title='bbox 2071 4529 2304 4584; x_wconf 88' lang='lat' dir='ltr'><strong>quoque,</strong></span> <span class='ocrx_word' id='word_1_739' title='bbox 2347 4524 2401 4570; x_wconf 92' lang='lat' dir='ltr'><strong>et</strong></span> <span class='ocrx_word' id='word_1_740' title='bbox 2453 4515 2676 4571; x_wconf 90' lang='lat' dir='ltr'><strong>dimidia</strong></span> <span class='ocrx_word' id='word_1_741' title='bbox 2713 4512 2955 4572; x_wconf 78' lang='lat' dir='ltr'><strong>efﬁciunt</strong></span> <span class='ocrx_word' id='word_1_742' title='bbox 2996 4516 3264 4572; x_wconf 88' lang='lat' dir='ltr'><strong>minutum</strong></span> <span class='ocrx_word' id='word_1_743' title='bbox 3319 4532 3486 4571; x_wconf 90' lang='lat' dir='ltr'><strong>unum</strong></span> 
     </span>
    </p>
   </div>
   <div class='ocr_carea' id='block_1_103' title="bbox 1893 4607 3479 4677">
    <p class='ocr_par' dir='ltr' id='par_1_103' title="bbox 1893 4607 3479 4677">
     <span class='ocr_line' id='line_1_103' title="bbox 1893 4607 3479 4677; baseline -0.001 -14"><span class='ocrx_word' id='word_1_744' title='bbox 1893 4607 2360 4677; x_wconf 84' lang='lat' dir='ltr'><strong>comprehendens</strong></span> <span class='ocrx_word' id='word_1_745' title='bbox 2397 4607 2607 4662; x_wconf 89' lang='lat' dir='ltr'><strong>minuta</strong></span> <span class='ocrx_word' id='word_1_746' title='bbox 2631 4607 2690 4673; x_wconf 73' lang='grc'>4,</span> <span class='ocrx_word' id='word_1_747' title='bbox 2725 4616 2941 4664; x_wconf 90' lang='lat' dir='ltr'><strong>ostenta</strong></span> <span class='ocrx_word' id='word_1_748' title='bbox 2977 4608 3028 4663; x_wconf 89' lang='lat'><strong>6.</strong></span> <span class='ocrx_word' id='word_1_749' title='bbox 3069 4608 3297 4664; x_wconf 83' lang='lat' dir='ltr'><strong>Atomos</strong></span> <span class='ocrx_word' id='word_1_750' title='bbox 3318 4608 3479 4664; x_wconf 69' lang='lat'><strong>5256.</strong></span> 
     </span>
    </p>
   </div>
   <div class='ocr_carea' id='block_1_104' title="bbox 1891 4695 3484 4772">
    <p class='ocr_par' dir='ltr' id='par_1_104' title="bbox 1891 4695 3484 4772">
     <span class='ocr_line' id='line_1_104' title="bbox 1891 4695 3484 4772; baseline 0 -16"><span class='ocrx_word' id='word_1_751' title='bbox 1891 4695 2108 4768; x_wconf 24' lang='lat' dir='ltr'><strong>Minuta,</strong></span> <span class='ocrx_word' id='word_1_752' title='bbox 2146 4700 2308 4756; x_wconf 90' lang='lat' dir='ltr'><strong>etiam</strong></span> <span class='ocrx_word' id='word_1_753' title='bbox 2354 4702 2460 4757; x_wconf 91' lang='lat' dir='ltr'><strong>duo</strong></span> <span class='ocrx_word' id='word_1_754' title='bbox 2499 4701 2729 4772; x_wconf 85' lang='lat' dir='ltr'><strong>gignunt</strong></span> <span class='ocrx_word' id='word_1_755' title='bbox 2757 4710 3014 4772; x_wconf 89' lang='lat' dir='ltr'><strong>punctum</strong></span> <span class='ocrx_word' id='word_1_756' title='bbox 3062 4701 3484 4770; x_wconf 74' lang='lat' dir='ltr'><strong>unum,ample-</strong></span> 
     </span>
    </p>
   </div>
   <div class='ocr_carea' id='block_1_105' title="bbox 1891 4792 3490 4864">
    <p class='ocr_par' dir='ltr' id='par_1_105' title="bbox 1891 4792 3490 4864">
     <span class='ocr_line' id='line_1_105' title="bbox 1891 4792 3490 4864; baseline -0.001 -15"><span class='ocrx_word' id='word_1_757' title='bbox 1891 4801 2128 4849; x_wconf 91' lang='lat' dir='ltr'><strong>ctentem</strong></span> <span class='ocrx_word' id='word_1_758' title='bbox 2171 4801 2355 4864; x_wconf 89' lang='lat' dir='ltr'><strong>partes</strong></span> <span class='ocrx_word' id='word_1_759' title='bbox 2385 4792 2440 4859; x_wconf 71' lang='grc'>4,</span> <span class='ocrx_word' id='word_1_760' title='bbox 2488 4801 2763 4848; x_wconf 89' lang='lat' dir='ltr'><strong>momenta</strong></span> <span class='ocrx_word' id='word_1_761' title='bbox 2811 4793 2864 4860; x_wconf 92' lang='lat'><strong>8,</strong></span> <span class='ocrx_word' id='word_1_762' title='bbox 2913 4803 3128 4851; x_wconf 88' lang='lat' dir='ltr'><strong>ostenta</strong></span> <span class='ocrx_word' id='word_1_763' title='bbox 3151 4792 3240 4860; x_wconf 73' lang='lat'><strong>12,</strong></span> <span class='ocrx_word' id='word_1_764' title='bbox 3283 4802 3490 4848; x_wconf 87' lang='lat' dir='ltr'><strong>atomos</strong></span> 
     </span>
    </p>
   </div>
   <div class='ocr_carea' id='block_1_106' title="bbox 1890 4877 3491 4956">
    <p class='ocr_par' dir='ltr' id='par_1_106' title="bbox 1890 4877 3491 4956">
     <span class='ocr_line' id='line_1_106' title="bbox 1890 4877 3491 4956; baseline -0.002 -16"><span class='ocrx_word' id='word_1_765' title='bbox 1890 4884 2064 4952; x_wconf 74' lang='lat'><strong>4512;</strong></span> <span class='ocrx_word' id='word_1_766' title='bbox 2115 4895 2311 4956; x_wconf 88' lang='lat' dir='ltr'><strong>puncta</strong></span> <span class='ocrx_word' id='word_1_767' title='bbox 2359 4900 2492 4942; x_wconf 89' lang='lat' dir='ltr'><strong>vero</strong></span> <span class='ocrx_word' id='word_1_768' title='bbox 2598 4877 2881 4956; x_wconf 83' lang='lat' dir='ltr'><strong>complent</strong></span> <span class='ocrx_word' id='word_1_769' title='bbox 2930 4887 3128 4943; x_wconf 85' lang='lat' dir='ltr'><strong>horam</strong></span> <span class='ocrx_word' id='word_1_770' title='bbox 3165 4899 3328 4939; x_wconf 87' lang='lat' dir='ltr'><strong>unam</strong></span> <span class='ocrx_word' id='word_1_771' title='bbox 3357 4898 3491 4938; x_wconf 84' lang='lat' dir='ltr'><strong>con-</strong></span> 
     </span>
    </p>
   </div>
   <div class='ocr_carea' id='block_1_107' title="bbox 1892 4978 3492 5051">
    <p class='ocr_par' dir='ltr' id='par_1_107' title="bbox 1892 4978 3492 5051">
     <span class='ocr_line' id='line_1_107' title="bbox 1892 4978 3492 5051; baseline -0.004 -12"><span class='ocrx_word' id='word_1_772' title='bbox 1892 4992 2130 5041; x_wconf 88' lang='lat' dir='ltr'><strong>stantem</strong></span> <span class='ocrx_word' id='word_1_773' title='bbox 2179 4982 2404 5040; x_wconf 87' lang='lat' dir='ltr'><strong>minutis</strong></span> <span class='ocrx_word' id='word_1_774' title='bbox 2466 4983 2558 5048; x_wconf 86' lang='lat'><strong>10,</strong></span> <span class='ocrx_word' id='word_1_775' title='bbox 2613 4982 2863 5049; x_wconf 88' lang='lat' dir='ltr'><strong>partibus</strong></span> <span class='ocrx_word' id='word_1_776' title='bbox 2907 4983 2996 5051; x_wconf 81' lang='lat'><strong>15,</strong></span> <span class='ocrx_word' id='word_1_777' title='bbox 3047 4980 3340 5039; x_wconf 82' lang='lat' dir='ltr'><strong>momentis</strong></span> <span class='ocrx_word' id='word_1_778' title='bbox 3401 4978 3492 5044; x_wconf 75' lang='grc'>40,</span> 
     </span>
    </p>
   </div>
   <div class='ocr_carea' id='block_1_108' title="bbox 1891 5070 3497 5146">
    <p class='ocr_par' dir='ltr' id='par_1_108' title="bbox 1891 5070 3497 5146">
     <span class='ocr_line' id='line_1_108' title="bbox 1891 5070 3497 5146; baseline -0.006 -13"><span class='ocrx_word' id='word_1_779' title='bbox 1891 5076 2122 5136; x_wconf 91' lang='lat' dir='ltr'><strong>ostentis</strong></span> <span class='ocrx_word' id='word_1_780' title='bbox 2143 5078 2236 5146; x_wconf 84' lang='lat'><strong>60,</strong></span> <span class='ocrx_word' id='word_1_781' title='bbox 2263 5076 2461 5133; x_wconf 89' lang='lat' dir='ltr'><strong>atomis</strong></span> <span class='ocrx_word' id='word_1_782' title='bbox 2502 5072 2705 5131; x_wconf 66' lang='lat'><strong>22560.</strong></span> <span class='ocrx_word' id='word_1_783' title='bbox 2741 5073 2901 5130; x_wconf 66' lang='lat' dir='ltr'><strong>Horae</strong></span> <span class='ocrx_word' id='word_1_784' title='bbox 2937 5087 3120 5134; x_wconf 87' lang='lat' dir='ltr'><strong>autem</strong></span> <span class='ocrx_word' id='word_1_785' title='bbox 3145 5070 3216 5136; x_wconf 65' lang='grc'><strong>24</strong></span> <span class='ocrx_word' id='word_1_786' title='bbox 3265 5070 3497 5127; x_wconf 87' lang='lat' dir='ltr'><strong>reddunt</strong></span> 
     </span>
    </p>
   </div>
   <div class='ocr_carea' id='block_1_109' title="bbox 1890 5162 3500 5238">
    <p class='ocr_par' dir='ltr' id='par_1_109' title="bbox 1890 5162 3500 5238">
     <span class='ocr_line' id='line_1_109' title="bbox 1890 5162 3500 5238; baseline -0.006 -11"><span class='ocrx_word' id='word_1_787' title='bbox 1890 5185 2062 5228; x_wconf 89' lang='lat' dir='ltr'><strong>unum</strong></span> <span class='ocrx_word' id='word_1_788' title='bbox 2128 5171 2271 5227; x_wconf 89' lang='lat' dir='ltr'><strong>diem</strong></span> <span class='ocrx_word' id='word_1_789' title='bbox 2321 5167 2617 5226; x_wconf 88' lang='lat' dir='ltr'><strong>habentem</strong></span> <span class='ocrx_word' id='word_1_790' title='bbox 2665 5174 2874 5233; x_wconf 85' lang='lat' dir='ltr'><strong>puncta</strong></span> <span class='ocrx_word' id='word_1_791' title='bbox 2928 5171 3054 5238; x_wconf 74' lang='grc'>120,</span> <span class='ocrx_word' id='word_1_792' title='bbox 3118 5163 3328 5220; x_wconf 87' lang='lat' dir='ltr'><strong>minuta</strong></span> <span class='ocrx_word' id='word_1_793' title='bbox 3369 5162 3500 5228; x_wconf 67' lang='lat'><strong>9.10,</strong></span> 
     </span>
    </p>
   </div>
   <div class='ocr_carea' id='block_1_110' title="bbox 1889 5255 3505 5338">
    <p class='ocr_par' dir='ltr' id='par_1_110' title="bbox 1889 5255 3505 5338">
     <span class='ocr_line' id='line_1_110' title="bbox 1889 5255 3505 5338; baseline -0.003 -14"><span class='ocrx_word' id='word_1_794' title='bbox 1889 5276 2076 5338; x_wconf 82' lang='lat' dir='ltr'><strong>partes</strong></span> <span class='ocrx_word' id='word_1_795' title='bbox 2123 5267 2254 5329; x_wconf 82' lang='grc'>560,</span> <span class='ocrx_word' id='word_1_796' title='bbox 2317 5269 2593 5320; x_wconf 88' lang='lat' dir='ltr'><strong>momenta</strong></span> <span class='ocrx_word' id='word_1_797' title='bbox 2639 5256 2748 5314; x_wconf 85' lang='lat'><strong>960</strong></span> <span class='ocrx_word' id='word_1_798' title='bbox 2806 5271 3024 5322; x_wconf 88' lang='lat' dir='ltr'><strong>ostenta</strong></span> <span class='ocrx_word' id='word_1_799' title='bbox 3085 5255 3244 5323; x_wconf 64' lang='grc'>1440,</span> <span class='ocrx_word' id='word_1_800' title='bbox 3295 5263 3505 5314; x_wconf 63' lang='lat' dir='ltr'><strong>atomos</strong></span> 
     </span>
    </p>
   </div>
  </div>
