4006 5348
536 372 675 434 1547

1326 357 1619 419 APPEND.
1659 355 1752 414 AD
1790 351 1965 412 SIEC.
2005 349 2104 408 IX.
2143 377 2216 392 —
2251 337 2628 404 AUCTORES
2665 340 3003 401 ANONYMI.

3690 343 3812 400 1358

535 485 684 544 mille
724 481 906 544 millia,
938 485 992 534 et
1015 484 1207 548 quater
1235 471 1383 527 mille
1427 471 1613 534 millia,
1654 477 1709 525 et
1759 465 2013 533 9l8,400.
2060 463 2128 518 Et
2154 465 2454 530 Apropter
2471 470 2694 528 poenam
2717 453 2951 527 peccati.
2981 453 3225 534 Illevero
3243 453 3376 525 quia
3395 459 3690 548 peceatum
3721 470 3814 513 non

537 579 731 632 desunt
761 573 825 628 ad
868 567 1282 639 completionem
1334 561 1461 617 anni
1491 560 1684 617 solaris
1706 559 1822 614 dies
1850 556 1883 611 5
1905 565 1959 612 et
1987 569 2125 626 qua-

537 666 725 734 drans,
757 666 848 736 qui
881 664 1082 718 habent
1127 651 1290 715 horas
1337 656 1460 721 425,
1505 663 1705 725 puncta
1751 649 1878 713 650.
1919 650 2127 704 minuta

538 751 724 828 1,260,
751 740 937 830 partes
970 753 1153 820 1,890,
1193 759 1464 826 momenta
1491 747 1678 813 5,0-i0,
1704 754 1915 820 ostenta
1937 741 2123 808 7,540,

537 861 746 909 atomos
772 849 855 904 bis
885 846 1031 902 mille
1054 843 1217 922 millia
1244 839 1498 907 842,540.
1535 837 1636 906 Qui
1690 835 1903 892 numeri
1928 833 2124 905 singuli

536 945 581 1018 si
620 941 861 1016 diligenti
904 921 1032 996 cura
1056 921 1492 1014 considerantur,
1545 929 1800 995 reddunt,
1833 938 1893 983 ut
1922 927 2127 983 dictum

536 1015 640 1101 est,
672 1015 786 1090 dies
834 1032 866 1087 5
896 1043 950 1087 et
990 1017 1366 1101 quadrantem,
1409 1033 1647 1096 quorum
1689 1019 1882 1077 {rursus
1918 1021 2126 1075 dierum

537 1123 591 1182 et
617 1106 936 1198 quadrantis
985 1135 1194 1178 summa
1237 1112 1498 1174 'cOllectio
1539 1112 1768 1187 propter
1813 1113 2127 1168 tarditatem

541 1217 672 1275 solis
691 1213 796 1288 per
832 1216 1010 1287 signa.
1183 1293 1186 1298 _
1259 1219 1262 1222 ”

1187 1302 1319 1358 Item
1344 1301 1472 1358 alia.

609 1386 755 1453 Inter
783 1397 1018 1469 primum
1043 1394 1186 1451 enim
1215 1395 1355 1450 diem
1399 1392 1697 1465 spiritalem
1728 1391 1978 1447 adstrues
2007 1405 2128 1445 esse

537 1499 871 1553 creaturam,
902 1496 955 1541 et
991 1481 1262 1556 quomodo
1312 1485 1501 1540 habuit
1547 1499 1794 1555 v05pere,
1844 1493 1896 1538 et
1937 1482 2129 1538 mane?

537 1566 944 1652 Despondetur;
993 1578 1184 1635 Omnis
1224 1593 1457 1647 namque
1498 1586 1760 1633 creatum
1807 1573 2044 1645 cognitio
2073 1573 2128 1628 in

538 1671 852 1746 semetipsis
891 1685 1120 1740 vespere
1163 1678 1318 1735 erat;
1351 1670 1403 1723 in
1450 1668 1560 1724 Deo
1591 1678 1770 1722 autem
1800 1681 1976 1731 mane,
2002 1665 2129 1734 quia

537 1747 656 1834 plus
684 1761 899 1832 videtur
948 1761 1060 1833 ipsa
1105 1770 1350 1816 creatura
1383 1761 1431 1815 in
1476 1759 1607 1826 Deo,
1636 1776 1796 1830 quam
1830 1759 1881 1813 in
1925 1759 2127 1838 seipsa

2229 551 2420 607 habuit
2448 550 2503 606 in
2553 549 2756 614 anima,
2805 563 2913 603 non
2950 555 3034 603 est
3075 532 3320 624 mortuus
3366 547 3475 601 nisi
3518 554 3726 602 tantum
3760 549 3815 604 in

2229 656 2414 706 carne,
2445 650 2500 697 et
2531 641 2636 696 hoc
2666 647 2886 711 propter
2922 629 3333 720 similitudinem
3366 637 3552 692 carnis
3597 637 3816 707 peccati,

2229 748 2393 806 quam
2427 733 2495 788 de
2536 731 2712 787 Adam
2761 737 3028 786 traxerat.
3076 729 3244 802 Igitur
3277 729 3473 802 simpla
3524 730 3645 800 ejus
3684 743 3816 787 mors

2227 830 2434 903 profuit
2460 830 2526 885 de
2546 829 2565 851 ‘
2595 827 2752 901 plebe
2771 835 2990 893 nostrze,
3024 834 3081 881 et
3111 823 3319 904 simpla
3339 807 3466 894 ejus
3495 811 3816 881 resurrectio

2228 901 2435 994 profuit
2464 913 2623 991 duple
2652 927 2840 975 nostra
2867 932 3016 973 mors
3041 901 3224 972 Carnis
3247 901 3386 996 ejus,
3409 924 3467 970 et
3493 915 3816 998 resurrectio

2229 1008 2346 1080 ejus
2385 1022 2532 1064 mors
2560 1006 2754 1061 anima:
2807 1012 3029 1085 nostrae,
3080 1011 3135 1059 et
3170 1000 3506 1058 resurrectio
3539 999 3660 1070 ejus
3695 1002 3816 1056 duas

2229 1094 2433 1161 mortes
2462 1111 2698 1163 nostras,
2733 1106 2789 1154 et
2809 1094 2953 1154 *du-as
2976 1095 3408 1153 resurrectiones
3428 1102 3670 1158 nostras,
3688 1093 3817 1148 duas

2228 1205 2285 1252 et
2333 1183 2469 1250 duas
2500 1199 2734 1262 quatuor
2769 1189 2944 1255 'su'nt';
2993 1203 3158 1242 unam
3203 1194 3440 1242 mortem
3487 1184 3725 1249 Domini,
3768 1192 3815 1238 et

2229 1302 2392 1343 unam
2442 1281 2900 1341 resurrectionem
2933 1279 3075 1351 ejus,
3118 1279 3253 1334 adde
3301 1288 3544 1351 quatuor
3591 1285 3814 1343 nostras,

2230 1395 2324 1436 sex
2364 1376 2786 1447 faciunt.-—lgitur
2825 1373 3077 1445 simplum
3107 1372 3342 1438 Domini,
3393 1379 3453 1426 et
3486 1370 3709 1441 duplum
3727 1384 3815 1425 no-

2231 1480 2405 1529 strum
2434 1479 2544 1526 tres
2589 1475 2737 1535 sunt,
2777 1477 2834 1522 et
2891 1475 3000 1521 tres
3056 1473 3236 1546 partes
3291 1463 3480 1529 habet,
3535 1452 3818 1546 secundum

2230 1565 2374 1637 quod
2404 1579 2567 1636 supra
2607 1561 2863 1628 diximus,
2897 1543 3144 1615 Senarius
3174 1573 3455 1613 numerus.
3502 1555 3642 1610 Nam
3685 1543 3821 1640 et36

2229 1657 2399 1721 horae,
2429 1653 2625 1724 quibus
2653 1650 2754 1706 fuit
2785 1650 3046 1706 Dominus
3078 1649 3131 1714 in
3158 1648 3392 1714 inferno,
3419 1647 3547 1703 huic
3578 1645 3818 1717 simplex,

2230 1755 2287 1802 et
2313 1745 2512 1816 duplex
2538 1750 2844 1814 congruunt
2869 1739 3170 1796 duodecim.
3213 1739 3382 1811 Igitur
3418 1739 3571 1794 hora:
3620 1737 3824 1794 fuerunt

537 1855 779 1928 videtur;
816 1864 1066 1910 creatura
1117 1854 1324 1910 scilicet
1348 1854 1466 1926 plus
1503 1854 1720 1921 videtur
1747 1851 1798 1906 in
1834 1859 1972 1917 arte,
2004 1849 2130 1921 quia

2235 1834 2465 1899 diurna},
2494 1842 2547 1888 et
2564 1832 2634 1887 21’.
2662 1841 2960 1887 nocturnus.
2985 1829 3108 1884 Ister.
3124 1827 3193 1900 2-5
3221 1837 3507 1884 nocturna:
3532 1829 3602 1882 ad
3619 1827 3822 1898 duplam

544 1943 689 1999 facta
711 1954 816 2000 est.
847 1940 1143 2016 Propterea
1160 1943 1313 2000 enim
1347 1943 1423 1998 ait
1452 1943 1791 2015 Evangelista
1823 1941 2129 1998 Iohannes:

549 2037 702 2106 Quod
725 2041 922 2110 factum
958 2051 1032 2095 est
1069 2042 1122 2094 in
1152 2041 1262 2112 ipso
1296 2041 1395 2095 vita
1437 2051 1534 2095 est.
1579 2038 1773 2095 Omnia
1807 2039 1985 2110 igitur,
2016 2051 2135 2108 qua:

545 2131 687 2188 facta
715 2141 861 2200 sunt,
891 2143 948 2189 et
996 2134 1162 2188 vitam
1203 2134 1404 2188 habent
1445 2133 1497 2188 in
1531 2134 1646 2203 ipso
1683 2132 1848 2186 verbo
1877 2132 1992 2196 Dei,
2025 2131 2134 2185 vita

543 2235 688 2290 sunt,
723 2224 774 2279 in
811 2240 868 2279 se
901 2225 1014 2296 ipsa
1063 2239 1167 2278 non
1201 2233 1325 2280 sunt
1356 2225 1484 2278 vita.
1529 2223 1763 2289 leum,
1798 2234 1960 2286 terra,
2001 2221 2136 2292 lapis

540 2316 709 2371 vitam
739 2330 843 2371 non
868 2315 1089 2381 habent,
1116 2324 1170 2370 et
1198 2325 1376 2370 tamen
1405 2315 1457 2369 in
1493 2315 1600 2370 Deo
1623 2314 1729 2368 vita
1763 2322 1907 2368 sunt.
1941 2311 2138 2367 Vivant

544 2403 709 2477 igitur
749 2403 801 2458 in
847 2402 960 2459 Deo
1011 2405 1126 2460 sine
1165 2397 1346 2469 initio",
1402 2412 1566 2474 atque
1626 2403 2137 2459 ineomnmtabiliter

545 2507 733 2549 omnes
780 2494 1017 2549 rationes
1069 2503 1463 2548 creaturarum.
1496 2494 1573 2550 Ac
1624 2509 1721 2564 per
1776 2493 1877 2548 hoc
1908 2493 2026 2563 plus
2052 2493 2135 2548 vi-

539 2579 698 2659 detur
742 2583 794 2639 in
842 2584 1046 2657 angelis
1087 2585 1291 2642 sanctis
1363 2586 1417 2641 in
1467 2583 1646 2641 Verbo
1707 2586 1822 2652 Dei,
1873 2586 1960 2640 ubi
2012 2593 2136 2639 sunt

542 2677 870 2747 vita,'quam
897 2677 948 2730 in
973 2691 1031 2731 se
1055 2677 1192 2747 ipsa.
1222 2675 1366 2748 Ergo
1392 2676 1445 2731 in
1475 2676 1782 2748 cognitione
1809 2675 2136 2730 ﬁrmamenti

541 2765 813 2823 secundus
851 2765 904 2820 in
937 2765 1244 2837 cognitione
1281 2765 1623 2820 discretionis
1649 2774 1830 2825 terrm.
1867 2775 1922 2819 et
1949 2767 2132 2820 maris.

547 2855 764 2912 Tertius
791 2856 844 2910 in
902 2857 1210 2927 cognitione
1257 2855 1406 2924 solis,
1440 2872 1503 2911 ac
1542 2856 1700 2921 lunae,
1737 2867 1792 2911 et
1837 2855 2134 2911 stellarum.

541 2945 780 3014 Quartus
808 2946 862 3001 in
902 2947 1211 3018 cognitione
1259 2946 1554 3018 reptilium.
1601 2947 1836 3015 Quintus
1862 2949 1915 3002 in
1944 2948 2134 3014 cogni-

537 3039 690 3093 tione
728 3036 1116 3106 iumentorum,
1163 3048 1218 3095 et
1261 3039 1524 3105 ferarum,
1551 3038 1635 3094 vel
1683 3039 1848 3110 ipsius
1879 3040 2133 3106 hominis,

537 3131 729 3186 sextus
761 3145 936 3202 neque
963 3132 1107 3186 enim
1136 3131 1190 3187 hi
1238 3131 1354 3187 dies
1391 3131 1596 3187 solares
1627 3131 1955 3201 intelligendi
1987 3140 2132 3197 sunt,

2237 1935 2468 1981 mortem
2499 1931 2739 1980 nostram
2773 1921 3207 1988 coucinnant,,et
3242 1919 3346 1974 illae
3375 1919 3666 1974 duodecim
3693 1919 3827 1974 horae

2238 2021 2308 2076 ad
2334 2029 2565 2075 mortem
2600 2016 2814 2074 Domini
2861 2016 3130 2087 simplam.
3181 2013 3395 2071 Revera
3445 2015 3596 2069 enim
3649 2024 3827 2080 natura

2238 2112 2354 2184 ejus
2376 2110 2651 2167 senarium
2675 2123 2961 2172 numerum
3006 2109 3170 2164 habet
3195 2108 3265 2163 46
3295 2107 3458 2163 annis
3509 2108 3828 2162 aedificatum

2238 2212 2322 2258 est
2351 2203 2628 2273 templum,
2661 2202 3019 2259 adstruerent
3039 2201 3093 2256 in
3121 2201 3415 2272 Evangelia
3450 2199 3652 2267 Jutliei,
3699 2202 3830 2272 quod

2239 2295 2560 2366 intelligitur
2601 2294 2669 2348 de
2738 2308 2967 2364 corpore
3024 2293 3258 2349 Domini.
3312 2291 3696 2365 Quadraginta
3743 2308 3831 2348 sex

2239 2389 2365 2444 anui
2396 2403 2496 2458 pro
2522 2387 2714 2442 diebus
2736 2387 2897 2456 positi
2928 2397 3054 2443 sunt
3099 2387 3167 2441 46
3208 2387 3400 2442 diebus
3428 2389 3624 2443 dicunt
3662 2387 3829 2442 inlau-

2241 2486 2348 2536 tem
2398 2479 2622 2536 formari
2671 2479 2723 2534 in
2788 2471 2964 2546 utero,
3003 2487 3058 2533 et
3087 2479 3318 2534 subinde
3364 2494 3542 2549 usque
3597 2480 3651 2533 in
3699 2479 3830 2555 diem

2239 2571 2622 2642 parturitionis
2661 2555 3023 2640 augmentari.
3074 2570 3413 2641 Quadragies
3473 2572 3678 2642 quippe
3727 2571 3832 2626 seni

2240 2662 2500 2720 ﬁunt266
2545 2662 2638 2734 qui
2690 2661 2896 2720 faciunt
2934 2678 3146 2719 menses
3189 2679 3406 2730 novem,
3462 2675 3524 2719 et
3573 2665 3694 2719 dies
3725 2681 3832 2720 sex.

2239 2755 2501 2827 Computa
2552 2770 2681 2826 ergo
2728 2757 2796 2810 ab
2825 2757 2858 2813 8
2889 2755 3006 2810 Kal.
3053 2757 3208 2828 Apr.,
3246 2757 3466 2826 quando
3517 2773 3715 2828 passus
3757 2768 3834 2814 est

2240 2848 2520 2920 Dominus,
2558 2856 2613 2903 et
2660 2856 2789 2910 tunc
2839 2848 3004 2909 etiam
3043 2849 3282 2904 creditur
3328 2848 3500 2905 fuisse
3545 2860 3833 2920 conceptus

2237 2953 2410 3010 usque
2436 2933 2500 2992 ad
2529 2938 2671 2994 diem
2693 2938 2725 2994 8
2751 2937 2870 2993 Kal.
2905 2938 3155 3005 Januar.,
3201 2949 3252 2994 et
3279 2941 3524 3011 reperies
3545 2941 3666 2996 (lies
3697 2957 3726 2994 a
3751 2941 3830 3004 76,

2241 3032 2334 3103 qui
2363 3039 2576 3088 constat
2620 3046 2718 3102 per
2768 3032 3041 3087 senarium
3085 3048 3394 3088 numerum.
3442 3031 3587 3100 Quid
3638 3035 3702 3088 de
3750 3032 3833 3086 illa

2243 3124 2466 3180 muliere
2511 3125 2564 3179 iu
2614 3112 2927 3194 Evangelio,
2980 3139 3143 3194 quam
3193 3124 3256 3178 18
3303 3125 3462 3180 annis
3517 3137 3834 3180 ('L'l‘HIV-zl'ﬂl

541 3221 634 3282 Sed
666 3225 834 3298 ipsius
864 3226 968 3281 diei
1006 3225 1188 3292 unius,
1236 3238 1397 3295 quem
1431 3224 1785 3296 intelligimus
1831 3223 2132 3294 spiritalem

2241 3213 2491 3282 Satanas,
2543 3231 2706 3288 quant
2737 3217 2948 3272 sanavit
2984 3215 3264 3282 Dominus,
3311 3217 3415 3272 nisi
3463 3219 3594 3289 quia
3638 3229 3691 3272 et
3739 3217 3830 3288 ipsi

541 3329 876 3385 creaturam,
905 3317 1043 3373 idest
1068 3316 1466 3390 Eva-n'gelicam,
1497 3317 1674 3372 sexies
1701 3315 1841 3372 facta
1871 3317 2128 3388 cognitio.

543 3407 651 3466 Sex
691 3411 805 3466 dies
835 3408 963 3466 fecit
1009 3415 1229 3481 prepter
1269 3408 1470 3464 senarii
1513 3408 1923 3478 perfectionem.
1955 3408 2010 3462 Si
2052 3407 2135 3461 vis

537 3509 606 3556 ut
633 3499 833 3572 aliquid
870 3500 964 3556 tibi
1001 3498 1068 3554 de
1101 3497 1399 3570 Seripturis
1426 3497 1700 3569 colligam,
1723 3497 1895 3553 libens
1921 3495 2132 3564 adesto,

543 3600 601 3649 et
644 3601 812 3648 totum
855 3601 905 3648 te
952 3593 1020 3648 ad
1064 3592 1389 3648 audiendum
1430 3608 1693 3663 praepara.
1743 3590 1895 3649 Unus
1933 3592 1985 3647 in
2029 3609 2128 3647 nu-

536 3682 713 3738 ‘meris
744 3681 908 3737 dividi
934 3669 1038 3738 non
1069 3690 1266 3754 potest,
1301 3684 1368 3737 ab
1394 3684 1512 3754 ipso
1551 3685 1698 3740 enim
1742 3685 1915 3756 surgit
1953 3685 2132 3740 omnis

543 3788 825 3828 numerus.
882 3773 1023 3845 Ergo
1079 3774 1186 3829 duo
1237 3775 1400 3830 dividi
1455 3786 1697 3845 possunt,
1748 3785 1803 3832 et
1853 3793 1977 3847 pars
2016 3777 2132 3847 ejus

537 3877 686 3918 unus
721 3873 825 3918 est.
867 3863 1037 3935 igitur
1068 3865 1263 3921 divisio
1292 3867 1520 3922 duorum
1571 3869 1622 3923 in
1656 3885 1820 3924 unum
1861 3879 1964 3926 est.
1993 3869 2130 3937 Quid

545 3950 747 4021 aliquid
773 3953 860 4007 hic
890 3960 1146 4009 numerus
1193 3957 1448 4022 ostendit,
1490 3959 1591 4012 nisi
1637 3959 1978 4028 Trinitatem,
2017 3976 2136 4033 qua;

549 4044 693 4101 Deus
726 4044 846 4100 est?
893 4041 1025 4113 Quae
1070 4037 1318 4116 quamvis
1347 4055 1457 4103 tres
1497 4062 1742 4118 personae
1775 4051 1905 4116 sint,
1945 4051 2000 4106 in
2031 4067 2135 4108 una

544 4136 844 4193 creduntur
895 4137 1105 4194 unitate
1175 4147 1400 4193 naturai.
1466 4139 1859 4207 Quateruarius
1929 4143 2138 4200 scilicet

545 4231 680 4288 duas
706 4239 890 4303 partes
915 4224 1116 4298 habet;
1145 4247 1271 4288 nam
1297 4242 1489 4303 quarta
1514 4234 1631 4306 ejus
1663 4251 1803 4291 unus
1831 4245 1934 4303 est,
1959 4238 2135 4293 media

547 4321 663 4392 ejus
691 4322 816 4376 duo.
857 4315 1038 4376 Unum
1093 4321 1364 4389 videlicet,
1401 4315 1456 4379 et
1503 4326 1610 4380 duo
1665 4327 1767 4381 tria
1811 4335 1954 4382 sunt.
1997 4329 2136 4386 Ecce

533 4421 731 4482 partes
757 4428 884 4469 suas
909 4429 1011 4468 nec
1054 4413 1196 4468 ultra
1235 4425 1574 4482 excrescent,
1625 4427 1725 4473 nec
1757 4421 2052 4490 complent,
2081 4431 2138 4479 et

548 4501 670 4556 ideo
700 4500 1047 4572 imperfectus
1069 4513 1152 4558 est
1183 4519 1459 4560 numerus.
1510 4504 1803 4573 Quinarms
1851 4525 1979 4567 vero
2025 4528 2130 4568 non

2239 3309 2366 3362 anni
2391 3308 2665 3364 senarium
2689 3322 2972 3363 numerum
3011 3307 3256 3363 habent?
3301 3308 3407 3364 Ter
3435 3311 3608 3383 igitur
3636 3327 3729 3367 sex
3755 3313 3834 3366 de-

2239 3415 2378 3466 cem,
2403 3409 2458 3454 et
2476 3407 2601 3454 octo
2647 3398 2872 3454 faciunt.
2905 3399 2994 3454 llla
3041 3401 3225 3472 itaque
3275 3403 3471 3457 mulier
3519 3404 3833 3474 intelligitur

2237 3504 2409 3562 genus
2438 3490 2756 3563 humanum,
2791 3490 2932 3560 quod
2962 3501 3114 3547 sexta
3160 3502 3322 3568 aetate
3364 3491 3579 3548 scilicet
3612 3510 3645 3548 a
3672 3494 3835 3565 capti-

2235 3583 2406 3657 vitate
2454 3581 2652 3637 diaboli
2685 3581 2942 3636 Dominus
2976 3581 3246 3638 liberavit.
3297 3583 3483 3639 Prima
3506 3595 3645 3640 J‘lda
3667 3586 3836 3653 esi‘ab

2235 3676 2408 3748 Adam
2439 3692 2609 3747 usque
2646 3677 2711 3732 ad
2740 3676 2868 3732 Noe.
2896 3677 3146 3734 Secunda
3191 3690 3323 3735 mlas
3351 3689 3433 3735 est
3467 3697 3502 3735 a
3524 3681 3640 3735 Noe
3671 3695 3834 3750 usque

2237 3767 2303 3853 pd
2325 3767 2619 3824 Abraham.
2655 3765 2838 3823 Tertia
2877 3777 3010 3823 anas
3039 3777 3123 3824 est
3153 3771 3220 3824 ab
3261 3771 3540 3826 Abraham
3577 3788 3747 3842 usque
3774 3775 3836 3828 ad

2238 3851 2430 3940 David.
2465 3861 2669 3928 Quarta
2700 3872 2834 3916 mtas
2863 3873 2944 3918 est
2971 3879 2998 3917 a
3045 3863 3212 3918 David
3263 3879 3434 3936 usque
3471 3865 3542 3919 ad
3588 3867 3836 3922 trausmi~

2233 3957 2542 4032 grationem
2569 3957 2937 4028 Babyloniam.
2983 3958 3180 4026 Quinta
3220 3968 3354 4015 aetas
3398 3970 3484 4015 est
3527 3978 3558 4015 a
3585 3965 3838 4017 transmi-

2234 4048 2484 4122 gt‘atioue
2514 4063 2684 4117 usque
2705 4047 2772 4101 ad
2804 4047 3096 4103 adventum
3125 4051 3186 4104 ι).
3215 4049 3279 4104 Ν.
3304 4047 3354 4103 J.
3387 4051 3448 4106 C.
3480 4049 3657 4107 Sexta
3685 4065 3834 4120 astas,

2233 4156 2360 4216 qua:
2388 4155 2530 4196 mmc
2552 4140 2749 4212 agitur,
2773 4141 2945 4196 donec
2974 4140 3233 4198 Execlsus
3256 4144 3437 4200 veniat
3457 4131 3527 4198 ad
3541 4143 3830 4216 judicium.

2233 4231 2406 4298 Sexta
2436 4233 2601 4306 igitur
2622 4241 2780 4288 a:late
2808 4233 2976 4288 seculi
2999 4232 3325 4306 reformatur
3345 4249 3521 4306 genus
3542 4236 3837 4290 humanum

2239 4326 2306 4383 ad
2336 4327 2623 4399 imaginem
2658 4327 2774 4382 Dei.
2807 4325 3057 4400 Profecto
3088 4327 3229 4398 enim
3259 4330 3390 4383 anni
3421 4330 3617 4384 decem
3644 4341 3699 4383 ct
3719 4338 3840 4384 octo

2238 4420 2557 4488 DOIIISOIUII‘I
2596 4434 2692 4476 sex
2715 4427 2930 4487 aetates,
2957 4421 3049 4476 sed
3101 4423 3267 4478 etiam
3302 4423 3402 4478 tria
3449 4433 3700 4496 tempora
3731 4423 3840 4480 evi-

2239 4510 2431 4566 denter
2456 4511 2869 4579 demonstrant;
2903 4512 3291 4575 uuumseilieet
3317 4523 3446 4570 ante
3479 4515 3678 4586 legem,
3707 4517 3839 4570 alte-

549 4589 714 4646 habet
747 4592 850 4646 nisi
883 4608 1068 4657 unum,
1094 4593 1237 4662 quod
1271 4603 1358 4649 est
1391 4595 1578 4664 quinta
1624 4598 1739 4668 ejus
1794 4616 1939 4670 pars.
1981 4601 2133 4659 Unus
2167 4571 2213 4630 D
2241 4617 2390 4676 rum
2417 4603 2519 4666 sub
2575 4601 2711 4675 lege,
2760 4571 2978 4658 tertium
3021 4604 3118 4660 sub
3162 4605 3357 4675 gratia.
3412 4571 3589 4676 igqu
3626 4571 3679 4662 et
3729 4609 3838 4678 ipse

550 4683 796 4738 senarius
833 4685 996 4753 igitur
1026 4700 1283 4741 nmnerus
1307 4687 1576 4756 perfectus
1605 4699 1707 4757 est,
1735 4694 1857 4762 quia
1892 4697 2136 4764 partibus

551 4773 670 4829 suis
693 4774 1026 4846 completur;
1076 4776 1238 4832 habet
1287 4779 1432 4833 enim
1479 4796 1666 4848 unum,
1698 4786 1842 4854 quod
1877 4796 1959 4842 est
1981 4798 2135 4844 sexta

551 4866 688 4937 ejus,
713 4867 838 4933 duo,
879 4869 1022 4939 quod
1055 4878 1140 4924 est
1195 4871 1375 4938 tertia,
1403 4872 1528 4938 tria,
1579 4878 1721 4944 quod
1761 4888 1845 4932 est
1891 4880 2131 4936 dimidia.

553 4955 732 5013 Unum
757 4972 906 5029 ergo,
933 4958 1060 5025 duo,
1087 4969 1143 5014 et
1175 4961 1274 5016 tria
1303 4976 1398 5017 sex
1442 4963 1664 5020 facitmt.
1696 4966 1930 5038 Ideoque
1977 4971 2134 5040 hujus

555 5049 764 5103 numeri
796 5048 1180 5120 perfectionem
1216 5069 1313 5110 sex
1366 5054 1556 5112 diebus
1601 5068 1857 5128 operatus
1883 5071 1968 5117 est
1997 5062 2138 5121 Deus

554 5153 772 5196 onmem
801 5151 1128 5200 creaturam.
1174 5145 1306 5202 Tres
1337 5147 1420 5203 hae
1459 5160 1641 5221 partes
1681 5153 1882 5208 senarii
1925 5156 2136 5211 numeri

555 5231 932 5288 demonstrant
975 5237 1131 5288 nobis
1185 5237 1504 5288 Trinitatem
1557 5244 1786 5300 numeri,
1848 5260 2135 5302 mensura.

2244 4708 2417 4754 annus
2443 4693 2659 4750 senario
2687 4709 2915 4750 numero
2946 4695 3298 4763 continetur;
3335 4697 3506 4754 habet
3538 4701 3681 4753 enim
3727 4701 3836 4753 dies

2242 4781 2368 4850 555,
2401 4783 2580 4850 sexies
2610 4783 2808 4854 quippe
2837 4785 3092 4857 sexageni
3117 4784 3242 4852 560,
3273 4799 3567 4843 remanent
3593 4788 3837 4860 profecto

2243 4875 2278 4932 5
2309 4885 2364 4932 et
2390 4879 2666 4949 wadrans
2688 4878 2722 4933 5
2763 4879 2880 4950 dies
2909 4889 3062 4936 sexta
3092 4891 3218 4936 sunt
3251 4883 3462 4938 mensis
3500 4893 3682 4938 tamen
3707 4884 3753 4938 si
3784 4891 3837 4937 et

2241 4967 2371 5024 illud
2398 4984 2496 5040 pro
2519 4970 2604 5028 die
2639 4985 2814 5044 ponas
2835 4981 3016 5043 aperte
3059 4981 3230 5027 totum
3274 4987 3372 5029 sex
3418 4972 3649 5030 faciunt.
3697 4973 3837 5028 Ecce

2245 5068 2505 5130 quantum
2536 5076 2622 5117 me
2654 5062 2794 5116 Deus
2831 5062 3065 5133 adjuvet,
3111 5063 3179 5118 de
3225 5067 3429 5119 senarii
3471 5066 3682 5121 numeri
3707 5079 3834 5136 per-

2242 5151 2501 5220 feetioue,
2533 5156 2634 5210 etsi
2684 5172 2790 5212 non
2835 5167 3094 5227 quantum
3126 5157 3293 5212 volui-
3352 5167 3543 5216 tarneu
3572 5169 3834 5234 quantum

2239 5244 2415 5312 potui.
2449 5245 2652 5298 reatum:
2684 5247 2807 5274 ηις..
