4006 5476
196 391 321 452 1519

1445 371 1647 440 LIBER
1685 380 1775 437 DE
1811 361 2161 467 ccupuro.

3315 356 3458 438 i330

197 514 518 578 medietates.
552 519 606 567 et
632 512 844 567 bessem
874 508 1034 566 unius
1077 509 1248 573 horae,
1285 522 1406 578 qua:
1446 517 1571 562 sunt
1613 507 1762 562 horae
1790 509 1836 566 Α
1866 487 2064 568 artum,
2091 502 2452 575 ungulamque
2476 499 2670 560 indicis
2699 501 2802 558 trie
2832 504 2849 523 ‘
2871 499 3108 571 undique
3135 500 3311 554 medio
3340 475 3456 556 tere

193 603 606 673 luiuscujusque
631 603 788 672 signi,
817 610 870 656 et
893 600 1116 656 habebis
1140 597 1208 654 27
1237 600 1420 663 horas,
1445 607 1500 652 et
1531 597 1765 652 medium

189 695 394 765 tignum
436 702 618 764 partes
665 693 732 746 15
779 691 1134 762 peragendas,
1191 699 1245 745 et
1295 690 1566 752 trientem,
1607 687 1765 766 [idest

183 787 400 846 .IBrtiam
479 793 686 855 partem
760 784 919 844 unius
998 784 1165 838 horae.
1234 782 1288 837 In
1346 782 1540 852 quibus
1609 767 1766 836 horis

195 878 250 934 l5
314 886 500 947 partes
544 876 817 946 pratpositi
870 874 960 930 tibi
1025 875 1236 946 signum
1276 873 1400 928 luna
1473 873 1763 944 percurrit.

249 967 306 1022 Si
349 969 431 1022 vis
459 967 619 1030 scire,
652 982 758 1036 quo
783 965 955 1036 spatio
984 980 1140 1018 unam
1171 972 1377 1034 partem
1412 963 1546 1032 signi
1573 978 1766 1036 pervo-

175 1061 274 1130 lat,
301 1060 429 1115 tolle
459 1059 654 1114 eximie
682 1058 752 1112 22
783 1059 968 1123 horas,
1001 1057 1063 1112 l5
1098 1058 1259 1112 horas
1281 1056 1342 1109 da
1379 1055 1762 1126 singulispar—

176 1151 320 1206 tibus
373 1149 610 1220 singulas
661 1149 844 1211 horas,
903 1160 1181 1201 remanent
1213 1145 1274 1199 I2
1323 1143 1487 1199 horae.
1539 1143 1645 1210 llas
1693 1135 1767 1198 ’12

172 1242 354 1299 divide
383 1258 478 1310 per
503 1247 730 1310 punctos
745 1239 983 1310 singulos
998 1253 1060 1292 ea
1080 1238 1215 1308 lege,
1241 1237 1364 1307 quia
1392 1238 1522 1289 liora
1546 1251 1575 1289 a
1600 1236 1724 1290 luna
1745 1237 1764 1255 ⁶

173 1333 208 1406 5
247 1344 479 1406 punctos
541 1335 704 1387 habet
751 1348 880 1403 ergo
933 1332 998 1386 l2
1047 1334 1089 1386 si
1148 1332 1436 1402 quinquies
1477 1329 1762 1396 ducantur,

173 1427 466 1481 f:t(ritmt60
483 1436 714 1496 puncta;
741 1426 944 1496 partire
967 1442 1063 1496 per
1093 1425 1175 1490 15,
1209 1434 1401 1495 quater
1431 1423 1495 1476 15
1526 1422 1594 1477 60
1617 1409 1761 1478 sunt.

172 1523 250 1577 Da
293 1519 328 1574 4
374 1529 602 1590 punctos
654 1518 880 1589 singulis
933 1517 1199 1587 partibus,
1238 1528 1292 1570 et
1343 1517 1568 1580 videbis,
1621 1516 1766 1586 quod

171 1629 337 1668 unam
382 1621 592 1682 partem
627 1611 767 1682 signi
808 1609 933 1663 luna
982 1610 1249 1680 percurrit
1295 1609 1347 1662 in
1404 1609 1578 1679 spatio
1609 1609 1767 1662 tmius

169 1709 322 1777 hunc
345 1723 410 1761 ex
440 1705 473 1759 4
503 1705 738 1777 punctis,
779 1715 832 1758 et
890 1712 1130 1758 remanet
1183 1703 1373 1763 triens,
1426 1702 1561 1756 idest
1607 1695 1764 1756 tertia

167 1775 298 1871 pars
329 1775 517 1855 unius?
539 1799 720 1864 bone;
756 1805 888 1868 quot
916 1805 1041 1851 sunt
1082 1805 1290 1850 ostenta
1322 1793 1414 1857 20,
1445 1796 1567 1865 quia
1610 1794 1766 1864 plena

169 1893 309 1949 hora
359 1890 427 1946 60
454 1891 614 1945 habet
654 1898 887 1944 ostenta.
923 1888 996 1943 Da
1035 1887 1262 1956 singulis
1299 1887 1544 1958 partibus
1596 1902 1762 1940 ttmun
1799 1871 1842 1932 Β

169 1993 468 2048 ostentum,
497 1989 552 2036 et
594 1980 822 2046 videbis,
852 1979 994 2050 quod
1025 1979 1157 2033 luna
1187 1979 1360 2049 spatio
1403 1977 1560 2032 unius
1600 1978 1764 2040 horto,

169 2085 228 2133 et
255 2075 290 2128 4
322 2082 670 2144 punctorum,
700 2079 756 2126 et
809 2072 968 2126 unius
1011 2071 1231 2133 ostenti,
1263 2070 1408 2140 quod
1439 2077 1522 2124 est
1572 2069 1765 2135 triens,

168 2175 384 2238 partem
413 2179 575 2220 unam
605 2163 769 2235 signi,
815 2164 961 2234 quod
986 2172 1072 2220 est
1117 2162 1389 2218 tricesima
1431 2177 1558 2232 pars
1608 2163 1770 2217 unius

171 2258 341 2329 signi,
370 2257 606 2330 peragit.

168 2387 251 2443 De
277 2389 420 2470 snitu
444 2387 586 2443 (ante
622 2404 714 2459 per
735 2387 802 2444 I9
832 2403 1018 2454 annos,
1052 2387 1304 2459 quomodo
1355 2385 1602 2440 decrescit
1645 2400 1768 2439 nam.

243 2487 554 2555 CXXXVII.
599 2497 656 2556 Si
708 2501 790 2555 vis
841 2515 1032 2570 sapere
1079 2500 1132 2554 in
1185 2500 1248 2554 19
1294 2499 1445 2553 anuis
1499 2498 1770 2568 quomodo

173 2591 309 2656 dies,
354 2600 410 2646 et
461 2607 566 2646 nox
597 2577 877 2656 minuitur,
925 2592 1144 2662 quando
1184 2590 1306 2645 luna
1365 2591 1490 2646 facit
1548 2590 1766 2654 saltum,

173 2683 405 2754 singulis
430 2682 586 2738 annis
626 2681 979 2740 et'mensibus
1011 2698 1109 2752 per
1141 2691 1430 2747 momenta,
1459 2691 1513 2738 et
1557 2690 1770 2737 atomos

174 2776 506 2843 nnoquoque
562 2764 714 2827 anno
765 2765 1034 2828 momenta
1099 2773 1167 2828 50
1227 2782 1279 2829 et
1332 2774 1657 2844 medium‘(n
1714 2781 1770 2827 et

169 2879 319 2938 nona
353 2863 559 2918 decima
610 2879 736 2934 pars
783 2865 849 2919 de
893 2864 1116 2918 dimidio
1143 2861 1430 2933 momenti)
1483 2865 1613 2919 facit
1655 2865 1769 2936 ipse

175 2957 388 3012 medius
421 2964 726 3013 momentus
757 2957 953 3012 atomis
989 2957 1095 3011 282
1143 2958 1196 3012 iu
1231 2964 1553 3028 unoquoque
1582 2941 1768 3015 mense

175 3059 451 3104 momenta
488 3048 541 3102 4.
575 3048 643 3104 Et
667 3057 873 3104 sextam
919 3060 1126 3120 partem
1161 3053 1414 3107 momenti
1455 3053 1648 3107 atomis
1673 3036 1763 3107 2:1.

176 3140 430 3197 Secundo
473 3157 658 3198 mense
695 3152 966 3196 momenta
992 3142 1024 3196 4
1054 3151 1108 3198 et
1152 3154 1359 3199 sextam
1403 3155 1608 3215 partem
1654 3163 1769 3202 mo-

173 3235 366 3302 menti,
401 3235 592 3289 atomis
613 3234 702 3288 24.
729 3233 911 3290 Tertio
935 3250 1117 3290 mense
1144 3245 1413 3290 momenta
1433 3239 1464 3290 1
1489 3247 1542 3291 et
1560 3249 1770 3293 sextam
1800 3225 1846 3290 C

165 3321 388 3398 partem
419 3325 696 3390 momenti,
732 3325 929 3380 atomis
962 3325 1051 3380 21.
1087 3325 1149 3380 Ει
1176 3327 1253 3382 sic
1278 3328 1328 3380 in
1358 3327 1582 3397 singulis
1613 3343 1768 3383 men-

173 3420 346 3474 sibus.
404 3417 642 3488 llachue
697 3417 762 3471 12
824 3432 1037 3474 menses
1097 3419 1164 3473 ad
1226 3418 1421 3474 saltum
1480 3417 1652 3484 lume,
1713 3417 1771 3472 lit

167 3495 390 3568 summa
433 3511 490 3566 in
521 3527 627 3566 uno
659 3527 801 3564 anno
849 3520 1119 3566 momenta
1145 3499 1218 3566 :50
1249 3520 1301 3573 et
1352 3509 1656 3566 dimidium.
1695 3511 1769 3564 De

173 3605 282 3659 isto
313 3611 587 3658 momento
621 3600 850 3656 facimus
881 3610 1088 3658 atomos
1113 3603 1238 3658 282.
1259 3603 1378 3672 Ipsa
1411 3601 1478 3657 50
1498 3612 1769 3658 momenta

171 3697 384 3751 faciunt
409 3683 569 3750 unam
613 3695 826 3761 horam,
858 3705 912 3750 et
941 3687 1188 3766 quartam
1239 3706 1450 3766 partem
1501 3698 1568 3751 de
1614 3695 1768 3762 hora,

157 3779 233 3842 ἐι
262 3786 540 3841 dimidium
573 3796 929 3852 momentum,
955 3788 1116 3842 simili
1148 3803 1373 3842 numero
1413 3789 1466 3842 iu
1498 3788 1562 3843 I9
1590 3789 1768 3843 annis.

168 3877 260 3934 Ad
293 3879 488 3933 saltum
519 3877 661 3934 lunae
691 3889 961 3934 momenta
988 3880 1041 3933 in
1075 3879 1139 3933 19
1166 3880 1322 3933 annis
1352 3879 1475 3934 960.
1513 3880 1627 3950 l‘psa
1658 3895 1773 3934 mo-

171 3981 361 4027 menta
402 3970 611 4028 faciunt
651 3973 816 4027 horas
843 3971 937 4036 21,
965 3989 1082 4042 quae
1115 3971 1308 4026 minuit
1338 3972 1454 4029 dies
1481 3967 1535 4028 et
1576 3989 1681 4029 uox
1717 3959 1768 4027 in

173 4062 249 4119 19
279 4063 453 4130 annis,
485 4073 604 4134 quae
631 4063 754 4117 luna
788 4062 916 4117 facit
943 4062 1161 4117 saltum.

637 4175 714 4232 De
748 4175 969 4246 ﬂexibus
1008 4176 1311 4246 digitorum.
1391 4166 1394 4168 ’

249 4267 580 4338 CXXXVIII.
639 4267 714 4324 Ita
775 4255 1284 4348 digitOrumﬂexus
1337 4279 1621 4324 servantur
1674 4287 1770 4341 per

159 4363 418 4440 primum
449 4362 742 4434 digitorum
777 4363 938 4417 trium
996 4362 1048 4416 in
1087 4361 1217 4416 laeva
1249 4363 1316 4416 ab
1359 4371 1623 4428 extremo,
1687 4364 1771 4416 iu-

171 4455 468 4511 ﬂexionem
485 4454 675 4526 palma:
695 4454 746 4508 in
769 4453 1004 4508 medium
1019 4464 1137 4507 artu
1147 4470 1196 4506 ιιι
1220 4453 1416 4508 dicitur
1438 4455 1488 4518 1,
1505 4454 1561 4519 2,
1576 4455 1628 4520 5,
1647 4470 1768 4509 cum

1871 594 2066 648 imlicis
2097 603 2308 658 artum;
2341 594 2520 649 medio
2543 593 2752 665 pollicis
2783 592 2982 655 fronte,
3015 591 3154 645 inter
3191 599 3366 644 artum
3403 597 3460 645 et

1869 686 2122 762 ungulam
2155 687 2281 751 sito,
2301 759 2305 762 Δ
2326 686 2675 758 circumpone
2707 685 2795 750 70,
2828 684 3038 756 pollicis
3087 692 3206 738 artu
3235 691 3459 740 curvato

1867 759 2020 836 trans
2042 777 2278 838 medium
2301 759 2502 851 indicis
2529 787 2706 832 artum
2738 777 2973 832 radicem
2996 775 3206 846 pollicis
3229 790 3258 828 a
3290 773 3462 830 latere

1869 869 2172 940 circuivit‘
2222 853 2422 924 indiciis
2476 869 2544 923 80
2573 868 2818 939 pollicem
2869 869 2920 921 in
2967 866 3184 937 longum
3236 867 3464 922 tendens

1868 947 2047 1016 indice
2088 945 2228 1016 illius
2260 961 2654 1025 summitatem,
2702 959 3064 1031 ungulamque
3109 957 3462 1029 circumpone

1868 1053 1936 1108 90
1999 1053 2215 1118 indicis,
2267 1053 2630 1122 ungulamque
2693 1052 2745 1106 in
2778 1051 2984 1120 pollicis
3035 1050 3217 1105 radice
3263 1050 3461 1119 eriges.
3507 1101 3512 1106 .

1869 1144 1971 1201 100
2007 1145 2059 1198 in
2084 1145 2303 1197 dextera
2332 1144 2600 1213 quomodo
2637 1142 2702 1197 10
2731 1143 2786 1197 in
2819 1141 2972 1196 laeva.
3005 1140 3112 1196 200
3135 1141 3189 1194 in
3214 1141 3463 1205 dextera,

1867 1235 2141 1310 quomodo
2174 1235 2243 1288 20
2273 1236 2324 1288 iu
2373 1235 2523 1289 laeva.
2557 1235 2662 1290 500
2692 1221 2747 1289 in
2788 1234 3034 1299 dextera,
3079 1233 3351 1303 quomodo
3387 1231 3458 1288 50

1870 1331 1922 1385 in
1951 1331 2106 1384 Iazva.
2137 1327 2241 1382 400
2269 1329 2320 1382 in
2361 1328 2604 1394 dextera,
2638 1331 2910 1400 quomodo
2932 1328 3003 1384 40
3028 1328 3253 1383 inlaava.
3279 1327 3384 1383 500
3410 1328 3466 1382 in

1869 1426 2112 1489 dextera,
2145 1422 2422 1495 quomodo
2455 1421 2523 1477 50
2552 1423 2602 1476 in
2637 1422 2788 1477 Izeva.
2822 1421 2925 1476 600
2958 1422 3010 1475 in
3051 1421 3296 1485 dextera,
3326 1435 3466 1491 quo-

1870 1525 2029 1578 modo
2059 1523 2126 1578 60
2166 1524 2216 1576 in
2255 1523 2405 1576 ItBVﬂ.
2439 1521 2542 1576 700
2601 1522 2651 1576 in
2702 1521 2949 1587 dextera,
2994 1517 3266 1590 quomodo
3306 1516 3375 1570 70
3415 1516 3468 1571 in

1870 1616 2023 1670 lazva.
2068 1616 2172 1671 800
2213 1616 2264 1670 in
2311 1618 2552 1674 dextera,
2597 1615 2868 1684 quomodo
2891 1613 2958 1668 80
3004 1613 3056 1666 in
3091 1611 3243 1666 laeva.
3275 1609 3382 1666 900
3414 1609 3469 1664 in

1870 1711 2114 1776 dextera,
2165 1709 2549 1780 quomodo‘90
2585 1710 2652 1764 in.
2687 1708 2836 1763 lmva.
2887 1707 2978 1763 Sic
3009 1720 3221 1776 quoque
3251 1720 3280 1758 a
3326 1702 3472 1758 mille

1871 1803 2043 1857 currit
2077 1802 2130 1856 in
2169 1803 2388 1856 dextera
2434 1810 2718 1870 computus
2759 1814 2929 1868 usque
2985 1795 3167 1863 7,000,
3201 1794 3472 1866 quomodo

1870 1901 2098 1948 Currunt
2130 1893 2386 1948 monades
2425 1892 2476 1945 iu
2531 1891 2666 1946 laeva
2698 1891 2723 1945 1
2763 1904 2935 1959 usque
2971 1889 3038 1943 ad
3090 1890 3141 1953 9,
3177 1886 3374 1952 10,000
3415 1886 3473 1941 in

3503 1121 3518 1147 ι

1871 1985 2094 2041 sinistra
2161 1985 2336 2055 palma
2399 1999 2564 2054 supra
2625 1983 2885 2038 verticem
2949 1981 3260 2052 supinalum
3323 1987 3509 2034 retro-

1871 2092 2065 2146 ponas.
2090 2076 2292 2140 20,000
2315 2078 2503 2131 eodem
2531 2076 2636 2130 situ
2673 2091 2842 2146 prona
2886 2090 3049 2145 super
3078 2089 3295 2128 manum
3326 2071 3470 2126 colli.

1871 2165 2071 2228 50,000
2105 2166 2292 2221 eodem
2325 2165 2430 2219 situ
2455 2180 2624 2235 prona
2667 2165 2719 2219 iu
2762 2165 2938 2220 medio
2980 2163 3238 2235 pectoris.
3271 2159 3474 2226 40,000

1871 2259 2064 2314 eodem
2095 2258 2200 2312 situ
2232 2273 2396 2328 prona
2440 2256 2494 2310 in
2533 2256 2705 2310 latere
2731 2255 2942 2311 dextro.
2975 2254 3174 2321 50,000
3208 2254 3385 2324 pollex
3421 2254 3476 2308 in

1871 2348 2169 2414 umbiculo.
2231 2345 2430 2410 60,000
2510 2347 2730 2401 sinistra
2797 2345 2974 2416 palma
3049 2347 3149 2402 sub
3221 2345 3468 2399 mnbicu-

1871 2442 1924 2498 lo
1984 2442 2197 2512 supina.
2259 2439 2460 2505 70,000
2524 2441 2714 2494 eodem
2771 2440 2875 2494 situ
2935 2440 2986 2495 in
3051 2439 3272 2510 inguine
3333 2451 3466 2508 pro-

1874 2551 1964 2591 na.
1998 2533 2199 2600 80,000
2247 2535 2434 2589 eodem
2488 2532 2596 2587 situ
2652 2534 2705 2588 in
2745 2531 2950 2588 femore
2999 2532 3238 2586 sinistro.
3274 2529 3477 2597 90,000

1873 2625 2063 2682 eodem
2093 2624 2200 2679 situ
2250 2639 2441 2696 prona,
2485 2627 2579 2678 scd
2613 2622 2765 2678 foris.
2797 2623 2876 2678 Ita
2923 2621 3122 2678 iacitur
3149 2622 3201 2676 in
3249 2622 3475 2678 dextera

1874 2733 2061 2784 manu,
2089 2732 2210 2776 cum
2241 2715 2376 2771 dicis
2408 2714 2509 2770 100
2537 2715 2721 2770 millia.
2755 2715 2888 2771 Cum
2921 2721 3099 2768 autem
3129 2713 3265 2768 dicis
3289 2713 3472 2768 decies

1874 2821 2103 2866 centena
2147 2808 2335 2875 millia,
2364 2808 2483 2863 dua:
2532 2808 2724 2879 palma:
2777 2815 2978 2878 apertae
3013 2821 3141 2877 erga
3193 2806 3388 2860 faciem
3439 2819 3470 2860 e

1873 2902 2095 2968 regione
2120 2901 2472 2972 interpositae,
2503 2901 2596 2955 sed
2642 2907 2770 2953 ante
2804 2913 2963 2954 aures
2995 2899 3141 2952 retro
3177 2896 3475 2969 respicien-

1874 3002 1956 3050 tes
1988 3003 2096 3047 tres
2137 2991 2289 3064 digiti
2321 2993 2373 3046 in
2429 2991 2650 3046 sinistra
2695 3005 2880 3055 manu,
2921 2989 3061 3044 idest
3123 2987 3470 3054 auricularis,

1873 3075 2143 3149 medicus,
2184 3092 2240 3139 et
2296 3083 2602 3153 impudicus
2649 3097 2819 3152 usque
2861 3081 2927 3136 ad
2955 3079 2988 3136 9
3018 3081 3300 3136 continent
3329 3081 3383 3146 1,
3413 3079 3470 3146 2,

1797 3187 1843 3248 ’ἡ
1873 3175 1934 3242 ὅ,
1965 3179 2072 3231 etc.
2119 3175 2235 3236 Duo
2263 3175 2417 3248 digiti
2469 3175 2522 3229 in
2555 3174 2774 3230 sinistra
2803 3189 2986 3239 manu,
3024 3173 3164 3228 idest
3203 3172 3385 3238 iudex,
3416 3179 3474 3228 et

1871 3268 2055 3339 pollex
2087 3284 2254 3338 usque
2301 3270 2366 3322 ad
2400 3267 2468 3324 90
2511 3267 2808 3322 continent.
2843 3265 2930 3332 10,
2967 3265 3054 3332 20,
3089 3263 3179 3332 50,
3225 3277 3330 3321 etc.
3365 3267 3480 3322 Duo
3524 3305 3525 3312 η

1876 3359 1934 3414 in
1961 3361 2184 3416 dextera
2227 3374 2390 3414 manu
2421 3357 2576 3430 digiti
2621 3372 2836 3426 semper
2876 3357 3156 3411 continent
3204 3371 3374 3426 usque
3411 3355 3477 3411 ad

1874 3452 1980 3512 900
2007 3435 2205 3526 pollex,
2246 3461 2300 3506 ct
2339 3451 2522 3506 iudex.
2581 3450 2703 3517 100,
2745 3449 2872 3517 200,
2924 3447 3048 3514 500,
3099 3457 3204 3504 etc.
3251 3447 3384 3504 Tres
3422 3449 3479 3505 in

1877 3544 2100 3600 dextera
2132 3557 2292 3596 manu
2325 3540 2477 3611 digiti
2517 3539 2796 3596 continent
2822 3554 2991 3610 usque
3016 3537 3294 3609 ad.9,000,
3327 3539 3476 3593 auri-

1877 3634 2118 3698 cularis,
2173 3617 2510 3702 impudicus,
2572 3642 2627 3687 et
2689 3632 2948 3686 medicus.
3022 3630 3218 3697 1,000,
3288 3632 3474 3698 2,000,

1875 3725 2039 3790 5,000
2061 3723 2435 3784 etc..Coutinet
2461 3723 2679 3778 sinistra
2710 3739 2904 3779 manus
2930 3723 3222 3794 particulas
3250 3739 3466 3795 semper

1877 3832 2048 3888 usque
2072 3817 2138 3871 ad
2169 3816 2390 3882 90,000,
2419 3816 2634 3883 10,000,
2668 3815 2891 3883 20,000,
2919 3814 3142 3883 50,000,
3175 3825 3282 3872 etc.
3318 3815 3470 3872 Con-

1879 3911 2016 3966 tinet
2043 3911 2234 3965 dextra
2274 3924 2467 3964 manus
2505 3923 2602 3979 per
2634 3909 2919 3980 juncturas
2949 3923 3164 3979 semper
3203 3924 3375 3980 usque
3405 3910 3480 3964 ad

1872 4002 2058 4070 9,000,
2084 4003 2336 4068 'l00,00J,
2373 4003 2629 4070 200,000,
2661 4002 2919 4069 500,000,
2946 4011 3053 4058 etc.

1879 4139 1946 4196 1η
1995 4141 2088 4195 Dei
2134 4143 2341 4195 nomine
2372 4141 2552 4210 incipit
2581 4140 2715 4192 ratio
2761 4137 3062 4210 Paschalis,
3098 4146 3150 4210 et
3183 4148 3477 4210 ceterorum

1947 4213 2052 4268 518
2076 4215 2452 4282 episcoporum,
2479 4206 2570 4280 qui
2593 4209 3010 4282 consideratione
3031 4206 3475 4282 festi_Pa_sclmlis,

1947 4293 1994 4338 et
2046 4277 2334 4336 ceterorum
2393 4277 2708 4350 sapientium
2755 4278 2983 4332 virorum
3016 4316 3029 4341 ,
3079 4278 3166 4347 qui
3231 4277 3478 4331 dixerim:

1948 4352 2336 4406 auctoritatem.

1947 4458 2236 4516 CXXXIX.
2276 4458 2410 4514 Cum
2438 4473 2628 4514 omnes
2651 4456 2894 4529 Apostoli
2926 4457 2992 4514 de
3014 4459 3114 4513 hoc
3150 4457 3350 4513 mundo
3380 4471 3478 4528 per

176 4549 320 4607 ἀίοίὸ
337 4548 370 4602 4
394 4557 701 4603 “tremum
724 4546 948 4616 digilum
977 4544 1140 4600 Ῑθνθε·
1171 4544 1306 4600 Cum
1344 4545 1477 4600 diCiS
1518 4545 1551 4599 5
1578 4561 1772 4601 SCCUII-
1879 4555 2188 4609 universum
2213 4553 2396 4607 orbem
2422 4567 2517 4622 per
2537 4551 2774 4622 singulas
2790 4552 3099 4623 provincias
3123 4551 3378 4606 Ecclesiae
3401 4552 3482 4606 di-

176 4641 310 4698 dutn
337 4641 406 4696 ab
429 4647 674 4696 extremo
702 4636 950 4692 similiter
974 4636 1170 4705 erigas.
1199 4635 1333 4691 Cum
1362 4635 1497 4691 dicis
1534 4639 1566 4692 6
1596 4637 1769 4692 modi-

175 4747 307 4790 cum
331 4732 385 4786 in
430 4730 669 4785 mediutn
723 4727 912 4799 palma:
942 4737 1204 4792 extremo,
1249 4735 1305 4781 et
1350 4729 1529 4784 medio
1579 4728 1772 4784 levatis

174 4827 379 4898 erigas.
433 4822 663 4892 Quando
705 4821 771 4876 ab
821 4821 850 4873 7
902 4808 1238 4891 perveneris,
1287 4822 1553 4878 minorem
1596 4823 1770 4879 solum

172 4919 394 4978 caneris
441 4917 634 4973 levatis
663 4930 826 4988 super
860 4913 1053 4986 palma:
1100 4915 1340 4971 radicem
1386 4932 1577 4986 pones,
1615 4915 1771 4986 juxta

173 5027 344 5088 quem
369 5011 425 5066 in
456 5010 488 5064 8
515 5007 774 5066 medium.
808 5005 864 5061 In
897 5006 928 5062 9
971 5016 1151 5061 autem
1184 5008 1514 5078 impudicum
1542 5024 1572 5064 e
1598 5010 1773 5079 regio-

172 5121 249 5162 ne
275 5118 572 5174 compones
603 5101 697 5168 10,
728 5113 933 5171 ungues
969 5097 1165 5154 indicis
1193 5099 1247 5154 in
1275 5100 1454 5156 medio
1486 5101 1624 5156 fixus
1651 5111 1770 5155 artu

172 5198 396 5275 pollicis
432 5195 522 5263 20,
552 5192 841 5252 summitas
862 5183 1070 5264 pollicis
1103 5191 1278 5246 medio
1305 5202 1426 5248 artu
1457 5194 1598 5249 inter
1636 5192 1775 5248 indi-

174 5309 320 5360 cem,
355 5289 796 5362 impudiountque
825 5284 895 5340 30
926 5286 957 5320 *
980 5285 1032 5342 in
1081 5283 1321 5342 inmollis
1370 5287 1423 5341 in
1455 5287 1768 5344 summitate

251 5385 302 5392 ””
352 5382 361 5386 ’
447 5378 458 5382 ’
932 5375 945 5380 ⁵
1039 5390 1079 5406 ιι·
1129 5372 1191 5406 ‘n
1243 5372 1454 5412 hn":n:c
1487 5379 1764 5412 οιιηιητῖισιο

1882 4661 2032 4703 versa
2053 4645 2370 4700 tenebantur
2399 4641 2624 4714 jejunia.
2649 4642 2782 4698 Nam
2797 4653 2850 4699 et
2866 4660 3052 4714 omnes
3069 4643 3203 4700 Galli
3222 4659 3481 4716 quacum-

1879 4751 1985 4810 que
2006 4735 2091 4816 die
2113 4736 2144 4790 8
2159 4733 2276 4788 Kal.
2294 4734 2422 4804 Apr.
2445 4733 2654 4799 fuisset,
2671 4749 2885 4811 semper
2901 4734 3104 4790 Pascha
3129 4720 3480 4808 celebrabant

1881 4830 2121 4884 dicentes
2150 4846 2161 4881 :
2189 4826 2326 4896 Quid
2366 4827 2520 4881 nobis
2549 4835 2632 4882 est
2655 4842 2709 4897 Ia
2754 4827 2820 4882 14
2855 4828 2978 4882 luna
3011 4837 3322 4896 computum
3359 4841 3480 4880 cum

1880 4923 2078 4982 Judaeis
2110 4921 2286 4977 facere
2308 4921 2562 4977 Pascbze?
2608 4921 2714 4978 Sed
2757 4923 2898 4980 sicut
2927 4932 3008 4978 est
3045 4921 3257 4986 Domini
3287 4918 3485 4975 natalis

1869 5030 2223 5090 quocumque
2256 5013 2342 5068 die
2376 5014 2620 5070 evenerit
2648 5012 2681 5068 8
2732 5013 2854 5072 Kal.
2887 5014 3074 5078 Janu.,
3105 5013 3180 5066 ita
3223 5013 3330 5068 et.8
3367 5010 3485 5066 Kal.

1864 5110 2039 5183 _Apr.,
2063 5105 2279 5178 quando
2312 5107 2542 5162 traditur
2567 5103 2779 5182 Christi
2824 5103 3196 5182 Resurreclio,
3231 5104 3492 5162 debemus

1882 5199 2089 5256 Pascha
2122 5207 2326 5256 tenere.
2374 5199 2404 5239 ι»
2443 5196 2742 5257 Orientales
2768 5213 2932 5267 vero,
2966 5199 3108 5256 sicut
3131 5193 3347 5252 Eusebii
3377 5192 3503 5249 (ἷξε-ι

1881 5294 2142 5352 sariensis
2170 5303 2402 5349 narrant
2425 5291 2652 5362 eloquia,
2696 5307 3044 5368 quocumque
3086 5287 3172 5344 die
3214 5291 3268 5344 in
3310 5299 3494 5344 mense

1883 5385 2079 5416 ὶῐηιηοῖΛ
2130 5385 2188 5418 ΙΙ
2250 5381 2380 5418 ‘Ilnn
2430 5385 2613 5420 Γιιῖροοι
2666 5383 2678 5416 ἶ

2666 5383 2888 5424 {nua-un
2971 5381 3183 5424 Dncnlnn
3250 5381 3496 5418 nalalu‘n-
