4020 6310
544 282 676 342 1551

1323 269 1615 330 APPEND.
1653 269 1746 325 an
1783 267 1958 326 sasc.
1998 264 2092 324 IX.
2132 293 2204 310 η-
2239 243 2990 328 ΑυοτοιιΕεΑΝοΝγω.

3699 275 3842 330 1352

535 397 872 471 jejunasset,
909 401 964 450 et
995 391 1082 448 alii
1105 390 1176 446 40
1205 390 1386 446 horas.
1448 388 1583 448 Cum
1612 384 1729 442 haec
1756 360 1924 442 talis‘
1953 385 2140 440 obser-
2166 385 2216 446 Α
2244 398 2371 437 nare
2403 383 2578 438 minus
2614 384 2764 440 initio
2789 384 2975 441 noctis.
3015 381 3134 442 Non
3154 390 3386 457 poterat,
3417 385 3435 408 ‘
3461 385 3566 442 nisi
3589 385 3838 457 plenum.

543 490 776 555 vationis
818 503 914 559 per
967 483 1206 557 singulas
1254 482 1581 554 provincias,
1631 481 1772 535 unde
1818 493 1973 535 error
2019 485 2137 533 erat

542 581 934 646 sacerdotibus,
964 593 1030 634 eo
1057 577 1200 648 quod
1227 592 1258 632 a
1289 577 1484 647 quibus
1503 591 1609 632 una
1648 575 1781 630 ﬁdes
1807 581 1954 628 recta
1987 581 2138 627 tene-

542 677 724 739 batur,
755 686 942 728 eorum
970 668 1319 724 dissentirent
1342 665 1565 739 jejunia.
1606 663 1758 720 Tunc
1785 677 1924 735 papa
1953 660 2139 718 Victor

543 765 800 820 Romana:
833 759 993 816 Urbis
1040 758 1322 829 episcopus
1375 757 1481 812 hoc
1521 754 1683 827 elegit
1716 795 1732 819 ,
1778 761 1840 808 ut
1881 751 2139 823 dirigeret

542 841 940 918 auctoritatem,
980 852 1105 922 quia
1147 860 1276 906 tunc
1303 865 1409 905 non
1439 845 1806 918 Hierosolyma
1831 884 1847 912 ,
1894 845 1988 901 sed
2028 843 2141 900 Cae-

543 965 700 1007 sarea
721 944 1035 1018 metropolis
1063 943 1364 1008 dicebatur,
1397 941 1539 996 unde
1567 937 1845 995 Paschalis
1867 937 2139 994 ordinatio

540 1043 872 1116 proveniret,
909 1053 1016 1110 quo
1053 1035 1218 1096 modo
1256 1033 1462 1090 Pascha
1501 1039 1650 1089 recto
1681 1027 1806 1102 jure
1852 1045 1883 1084 a
1925 1029 2137 1086 cunctis

541 1132 824 1191 catholicis
870 1129 1236 1186 celebraretur
1280 1123 1545 1189 ecclesiis,
1607 1122 1698 1178 ubi
1753 1123 2038 1189 Dominus,
2083 1129 2140 1178 et

542 1226 792 1282 Salvator
832 1221 1014 1278 mundi
1057 1219 1114 1275 in
1148 1233 1311 1276 carne
1335 1216 1514 1272 fuerat
1539 1221 1915 1272 conversatus.
1965 1211 2138 1270 Acce-

539 1327 632 1391 pta
662 1303 845 1386 itaque
875 1312 1196 1370 auctoritate
1222 1309 1552 1382 Theophilus
1589 1324 1697 1364 non
1735 1307 1908 1364 solum
1948 1309 2014 1363 de
2038 1321 2138 1364 sua

540 1406 841 1482 provincia,
883 1405 978 1460 sed
1027 1404 1192 1460 etiam
1225 1401 1291 1457 de
1332 1399 1560 1456 diversis
1599 1397 1913 1471 regionibus
1949 1411 2138 1454 omnes

539 1501 844 1574 episcopos.
875 1506 932 1553 et
959 1495 1236 1567 sapientes
1265 1493 1414 1549 viros
1438 1493 1508 1549 ad
1555 1489 1843 1548 concilium
1869 1489 2138 1546 evocavit.

541 1591 781 1647 Ubicuin
808 1587 897 1643 illa
920 1585 1266 1643 sacerdotum
1279 1583 1362 1639 vel
1381 1583 1705 1662 sapientium
1735 1581 1976 1637 virorum
2000 1578 2138 1636 mul-

539 1683 716 1741 titudo
747 1683 801 1737 in
821 1672 1073 1736 omnibus
1099 1677 1396 1748 Scripturis
1422 1675 1632 1732 erudita
1655 1675 1712 1730 in
1737 1689 1904 1730 unum
1944 1672 2139 1728 fuisset

2311 473 2464 531 Nunc
2487 489 2616 546 ergo
2647 476 3124 550 investigavimus,
3158 476 3431 548 quomodo
3472 477 3526 532 in
3567 477 3842 548 principio

2239 569 2416 628 factus
2451 570 2616 628 fuerit
2669 573 2942 629 mundus:
2994 573 3134 628 idest
3176 571 3265 627 die
3313 571 3618 637 Dominico,
3668 586 3844 628 verno

2239 673 2498 736 tempore,
2531 663 2586 718 in
2612 663 2918 735 aequinoxio
2948 664 2983 720 8
3010 663 3130 720 Kal.
3171 663 3302 735 Apr.
3344 663 3470 719 luna
3501 663 3690 738 plena.
3737 663 3847 720 Per

2239 756 2416 827 ipsum
2443 755 2814 811 tantummodo
2842 763 3055 828 tempus
3080 755 3227 822 dies,
3257 763 3313 811 et
3344 754 3616 812 elementa
3657 770 3847 812 resur-

2239 855 2391 920 gunt.
2461 844 2791 916 Theophilus
2839 845 3124 917 episcopus
3194 845 3332 900 dixit
3382 862 3397 898 :
3451 843 3609 902 Nunc
3675 847 3848 917 igitur

2239 939 2504 1013 agendum
2530 939 2598 994 de
2617 938 2979 1005 ordinatione,
3007 938 3276 1009 quomodo
3304 936 3599 994 debeamus
3625 937 3847 995 Pascha

2239 1043 2449 1090 tenere.
2485 1032 2734 1104 Episcopi
2763 1033 3052 1089 dixerunt:
3083 1030 3354 1102 Numquid
3381 1031 3494 1087 dies
3519 1031 3848 1088 Dominicus

2235 1127 2517 1198 praeterire
2545 1135 2745 1197 potest,
2777 1134 2834 1182 et
2865 1126 2918 1182 in
2947 1141 3013 1183 eo
3047 1125 3253 1181 Pascha
3298 1122 3698 1186 celebraretur,
3751 1125 3848 1196 qui

2237 1229 2320 1278 tot
2339 1227 2396 1276 et
2417 1219 2612 1275 talibus
2635 1217 3099 1276 benedictionibus
3121 1215 3488 1273 sanetilicatus
3505 1217 3635 1272 est?
3667 1215 3851 1272 Theo-

2237 1313 2420 1386 philus
2444 1313 2730 1384 episcopus
2754 1312 2888 1368 dixit
2916 1311 3208 1383 :Apertius
3241 1325 3371 1382 ergo
3403 1310 3594 1375 dicite,
3617 1308 3844 1380 quibus,

2237 1413 2294 1463 et
2313 1404 2564 1477 qualibus
2587 1403 3054 1461 benedictionibus
3082 1417 3206 1459 eum
3237 1402 3403 1459 fuisse
3432 1402 3848 1459 sanctiﬁcatum

2237 1497 2505 1564 asseritis,
2537 1505 2598 1552 ut
2624 1496 2866 1554 scribere
2907 1496 3197 1569 possimus.
3239 1495 3490 1566 Episcopi
3547 1497 3852 1567 responde-

2237 1599 2366 1647 runt
2396 1609 2410 1646 :
2435 1589 2615 1646 Prima
2643 1589 2718 1646 illi
2747 1589 3053 1646 benedictio
3079 1597 3183 1654 est,
3206 1589 3350 1658 quod
3377 1588 3432 1643 in
3454 1588 3578 1658 ipso
3607 1588 3852 1643 tenebrae

2238 1689 2460 1736 remotae
2485 1689 2631 1746 sunt,
2671 1687 2726 1734 et
2758 1679 2850 1734 lux
2891 1678 3159 1750 apparuit.
3203 1676 3454 1732 Secunda
3505 1677 3585 1732 illi
3617 1677 3850 1733 benedi-

539 1778 767 1836 collecta
791 1793 807 1842 ;
852 1785 982 1832 tunc
1003 1772 1292 1844 praedictus
1313 1770 1598 1842 episcopus
1632 1767 1856 1840 protulit
1897 1765 2136 1822 auctori-
2162 1762 2211 1824 B
2237 1772 2348 1827 ctio
2369 1779 2490 1837 est,
2517 1769 2663 1841 quod
2690 1769 2757 1824 de
2781 1777 2926 1824 terra
2963 1757 3183 1840 [Egypti
3221 1766 3450 1838 populus
3486 1765 3850 1833 lsraeliticus,

542 1883 711 1930 tatem
728 1871 795 1926 ad
816 1886 876 1926 se
901 1870 1122 1924 missam
1139 1883 1170 1922 a
1191 1881 1329 1938 papa
1349 1864 1587 1928 Victore,
1606 1871 1661 1918 et
1682 1861 1812 1932 quid
1834 1861 1936 1918 sibi
1955 1860 2136 1930 operis

540 1945 564 2021 l'
565 1965 734 2020 uisset
746 1961 1044 2031 iniunctum
1060 1955 1476 2015 ostendit.Tunc
1487 1953 1690 2025 pariter
1699 1965 1888 2008 omnes
1901 1949 2135 2021 episcopi

540 2045 815 2112 dixerunt.
879 2052 1116 2108 Primum
1143 2049 1300 2105 nobis
1331 2046 1711 2118 inquirendum
1742 2053 1846 2111 est,
1867 2043 2137 2115 quomodo

539 2147 596 2204 in
621 2131 887 2216 principio
913 2142 1144 2198 mundus
1174 2139 1338 2197 fuerit
1364 2138 1559 2206 factus,
1596 2147 1654 2192 et
1684 2151 1807 2192 cum
1846 2137 1949 2192 hee
1973 2134 2139 2192 fuerit

537 2229 852 2310 diligentius
876 2235 1284 2305 investigatum,
1329 2241 1458 2288 tunc
1484 2231 1684 2302 poterit
1711 2243 1780 2284 ex
1807 2244 1874 2286 eo
1899 2228 2135 2284 Pascha-

537 2331 607 2388 lis
667 2328 938 2396 ordinatio
988 2326 1280 2383 salubriter
1330 2324 1634 2396 pervenire.
1705 2323 1969 2378 Dixerunt
2009 2332 2137 2394 ergo

538 2422 818 2495 episcopi:
849 2421 966 2490 Quo
1007 2420 1096 2475 die
1139 2418 1416 2475 credimus
1448 2418 1686 2488 primum
1729 2415 1898 2471 fuisse
1935 2412 2138 2469 factum

535 2497 821 2580 mundum,
861 2513 964 2568 nisi
994 2509 1332 2567 Dominico?
1386 2508 1494 2564 Alii
1537 2507 1826 2564 dixerunt:
1857 2502 2139 2573 Quomodo

535 2595 666 2680 ergo
701 2616 854 2678 potes
890 2606 1144 2676 probare,
1181 2603 1306 2674 quia
1335 2603 1541 2673 primus
1564 2601 1700 2666 dies,
1747 2599 1864 2655 dies
1899 2595 2141 2653 Domini-

537 2715 636 2758 cus
687 2698 891 2754 fuerit?
937 2695 1268 2766 Theophilus
1308 2693 1592 2764 episcopus
1644 2691 1781 2748 dixit
1824 2704 1840 2744 :
1879 2688 2138 2756 Probate,

537 2792 683 2864 quod
735 2789 932 2846 dicitis.
998 2786 1251 2858 Episcopi
1313 2785 1710 2856 responderunt
1757 2798 1771 2837 :
1829 2781 2138 2837 Secundum

539 2881 835 2953 Scriptum
859 2878 1240 2936 auctoritatem
1281 2875 1478 2931 divinae
1518 2872 1721 2929 factum
1765 2878 1850 2928 est
1887 2884 2138 2941 vespere,

537 2985 594 3032 et
623 2974 823 3030 factum
850 2979 935 3029 est
954 2985 1113 3026 mane
1130 2969 1246 3025 dies
1265 2983 1426 3034 unus,
1448 2974 1503 3022 et
1521 2965 1808 3029 secundus,
1839 2971 1896 3019 et
1921 2962 2134 3030 tertius,

537 3075 594 3126 et
619 3047 864 3136 quartus,
896 3071 950 3118 et
974 3061 1198 3132 quintus
1241 3067 1298 3114 et
1340 3057 1622 3129 septimus.
1673 3055 1730 3112 ln
1770 3070 1879 3126 quo
1907 3053 2136 3126 septimo

538 3153 810 3227 requievit
841 3152 908 3208 ab
946 3150 1197 3207 omnibus
1221 3148 1474 3222 operibus
1499 3146 1634 3213 suis,
1665 3159 1826 3217 quem
1864 3144 2009 3201 diem
2048 3159 2136 3200 se-

537 3247 767 3321 ptimum
804 3243 1102 3301 Sabbatum
1129 3241 1436 3313 appellavit.
1489 3238 1624 3296 Cum
1652 3253 1782 3310 ergo
1813 3237 2138 3294 novissimus

537 3339 655 3395 dies
684 3337 757 3393 sit
791 3334 1108 3399 Sabbatum,
1137 3331 1259 3402 quis
1295 3338 1475 3402 potest
1499 3343 1618 3386 esse
1648 3329 1879 3402 primus,
1905 3327 2009 3383 nisi
2033 3327 2138 3383 Do-

537 3427 794 3490 minicus.
851 3423 1182 3494 Theophilus
1222 3422 1510 3492 episcopus
1549 3419 1681 3476 dicit
1711 3437 1726 3475 :
1762 3419 1904 3475 Ecce
1945 3418 2012 3475 de
2051 3418 2139 3474 die

537 3518 822 3577 Dominico
864 3515 990 3586 quia
1039 3513 1247 3584 primus
1288 3513 1380 3578 sit,
1424 3512 1729 3584 probatum.
1779 3510 1857 3566 De
1896 3518 2140 3580 tempore

529 3609 668 3683 'quid
693 3609 846 3666 vobis
866 3607 1112 3663 videtur?
1140 3605 1174 3662 4
1198 3614 1377 3661 autem
1421 3613 1662 3675 tempora
1689 3603 1875 3660 mundi
1903 3603 1958 3658 in
1991 3619 2135 3660 anno

537 3703 792 3759 accidunt
819 3717 834 3754 :
866 3698 1000 3766 Ver,
1031 3697 1235 3766 IEstas,
1263 3697 1585 3760 Autumnus,
1627 3705 1682 3752 et
1707 3697 1927 3769 Hyems.
1981 3695 2138 3764 Quod

537 3808 669 3864 ergo
696 3801 907 3863 tempus
936 3791 1170 3861 primum
1200 3789 1403 3849 factum
1430 3803 1550 3845 esse
1571 3788 1792 3844 creditis
1811 3788 1864 3843 in
1894 3787 2138 3844 mundo?

539 3883 791 3955 EpiscOpi
831 3883 1086 3936 dixerunt
1118 3895 1132 3933 :
1163 3879 1425 3935 Vernum.
1480 3879 1812 3950 Theophilus
1848 3879 2135 3950 episcopus

540 3973 719 4031 dixit:
753 3971 985 4028 Probate
1025 3969 1168 4041 quod
1207 3971 1403 4026 dicitis.
1462 3969 1525 4024 Et
1569 3970 1643 4024 illi
1694 3972 2133 4040 responderunt:

539 4065 817 4136 Scriptum
853 4071 937 4119 est
969 4077 984 4118 :
1013 4059 1274 4118 Germinet
1311 4072 1450 4116 terra
1473 4061 1687 4116 herbam
1721 4063 1827 4132 feni
1848 4063 2135 4117 secundum

539 4172 702 4235 genus
732 4171 909 4220 suum,
937 4162 985 4208 et
1014 4152 1213 4225 lignum
1241 4152 1554 4224 pomiferum
1590 4151 1838 4223 ferentem
1881 4153 2130 4222 fructum.

543 4245 669 4302 Haec
695 4246 838 4300 enim
868 4239 1014 4301 veris
1042 4245 1374 4316 temporibus
1413 4244 1658 4322 videmus
1687 4243 1823 4300 ﬁeri.
1865 4242 2136 4315 Theophi-

537 4333 626 4393 lus
649 4337 930 4408 episcopus
961 4337 1133 4392 dixit:
1158 4336 1274 4404 Quo
1311 4335 1430 4392 loco
1469 4345 1630 4406 caput
1659 4335 1844 4393 mundi
1871 4352 1991 4394 esse
2017 4353 2138 4393 cre-

549 4429 717 4484 ditis?
743 4431 795 4484 in
827 4430 1092 4500 principio
1123 4429 1401 4500 temporis,
1433 4445 1502 4484 an
1543 4430 1720 4486 medio
1757 4430 2032 4502 temporis,
2063 4447 2132 4486 an

543 4519 767 4576 inﬁne?
810 4520 1058 4590 Episcopi
1092 4518 1346 4576 dixerunt
1382 4539 1394 4576 :
1433 4520 1490 4575 In
1523 4519 1881 4591 IEquinoxio,
1937 4521 2075 4577 idest
2099 4521 2132 4577 8

540 4608 664 4668 Kal.
691 4609 822 4680 Apr.
849 4609 1180 4680 Theophilus
1198 4611 1483 4682 episcopus
1509 4610 1642 4666 dixit
1675 4629 1688 4664 :
1717 4609 1952 4668 Probate
1990 4611 2132 4682 quod

543 4701 746 4762 dicitis.
805 4702 875 4758 Et
897 4701 971 4758 illi
995 4701 1430 4773 responderunt:
1468 4703 1748 4775 Scriptura
1789 4704 1954 4772 dicit,
2005 4705 2132 4774 quia

543 4793 664 4867 fecit
693 4793 835 4850 Deus
859 4792 1050 4860 lucem,
1073 4803 1120 4848 et
1143 4795 1342 4850 vocavit
1360 4794 1502 4850 Deus
1524 4794 1689 4851 lucem
1719 4797 1876 4865 diem,
1921 4805 1972 4854 et
2011 4799 2134 4868 fecit

543 4885 688 4942 Deus
713 4885 971 4952 tenebras,
1003 4895 1052 4940 et
1089 4885 1325 4956 tenebras
1354 4889 1551 4943 vocavit
1593 4899 1816 4957 noctem,
1862 4901 1910 4946 et
1960 4893 2132 4948 divisit

543 4977 682 5034 inter
725 4978 890 5034 lucem
934 4987 983 5034 et
1029 4978 1287 5052 tenebras,
1338 4995 1515 5051 wquas
1554 4991 1748 5051 partes.
1806 4979 2157 5054 Theophilus

544 5069 830 5142 episcopus
853 5071 990 5126 dixit
1017 5089 1030 5126 :
1058 5071 1199 5127 Ecce
1221 5071 1289 5128 de
1312 5071 1399 5128 die
1418 5113 1433 5139 ,
1459 5072 1543 5128 vel
1578 5081 1816 5146 tempore
1841 5077 2130 5146 probastis.

542 5160 621 5217 De
643 5160 769 5218 luna
793 5161 922 5233 quid
946 5162 1099 5220 vobis
1130 5163 1390 5220 videtur?
1431 5173 1614 5220 utrum
1660 5176 2020 5234 crescentem,
2064 5184 2132 5225 an

543 5253 780 5326 plenam,
825 5269 894 5309 an
941 5255 1280 5312 imminutam
1322 5273 1353 5312 a
1393 5256 1620 5315 Domino
1657 5257 1826 5316 fuisse
1859 5261 2136 5317 creatam?

544 5346 794 5419 Episcopi
819 5348 1251 5419 responderunt:
1287 5347 1528 5405 Plenam.
1590 5349 1656 5404 Et
1684 5350 1773 5407 ille
1800 5351 1971 5407 dixit:
2001 5352 2134 5408 Pro-

544 5440 671 5495 bate
696 5442 838 5510 quod
866 5441 1044 5498 dicitis
1074 5455 1089 5496 :
1114 5441 1366 5515 Episcopi
1407 5445 1798 5515 responderunt
1829 5461 1844 5499 :
1879 5446 2016 5502 Dicit
2054 5448 2134 5502 di-

545 5531 671 5586 vina
708 5531 987 5605 Scriptura
1022 5552 1034 5588 :
1066 5533 1214 5589 Fecit
1260 5535 1401 5592 Deus
1445 5537 1548 5592 duo
1590 5537 1875 5594 luminaria
1921 5533 2152 5611 magnap

545 5630 594 5675 et
629 5624 799 5691 posuit
844 5641 904 5678 ea
959 5625 1012 5679 in
1046 5625 1377 5694 firmamento
1427 5627 1566 5694 caeli,
1610 5639 1665 5682 ut
1716 5630 1941 5685 Iucerent
1980 5648 2136 5701 super

548 5727 761 5780 verram,
805 5715 1066 5772 luminare
1122 5717 1315 5787 majus,
1341 5730 1396 5773 ut
1438 5731 1678 5790 prmesset
1707 5721 1842 5792 diei,
1875 5732 1921 5781 et
1973 5723 2132 5779 lumi-

2239 1859 2388 1916 vclut
2429 1859 2495 1915 de
2535 1859 2793 1922 tenebris,
2838 1857 2994 1929 quasi
3027 1871 3126 1928 per
3168 1856 3372 1912 fontem
3424 1856 3717 1928 baptismi,
3755 1871 3852 1928 per

2238 1965 2393 2006 mare
2419 1949 2660 2004 Rubrum
2692 1947 2756 2004 de
2782 1945 2917 2003 duro
2939 1947 3161 2002 servitio
3191 1946 3355 2003 fuerit
3384 1946 3678 2003 liberatus.
3715 1945 3851 2004 Ter-

2240 2043 2314 2098 tia
2348 2042 2426 2097 illi
2471 2041 2776 2098 benedictio
2805 2047 2920 2106 est,
2955 2040 3080 2111 quia
3130 2040 3184 2094 in
3228 2039 3418 2096 eodem
3465 2040 3558 2096 die
3607 2040 3852 2098 curiatis

2239 2134 2394 2190 cibus
2415 2147 2614 2188 manna
2642 2131 2950 2187 hominibus
2987 2131 3173 2186 datum
3209 2139 3292 2186 est
3325 2145 3340 2184 :
3373 2130 3578 2199 Quarta
3635 2131 3716 2186 illi
3755 2132 3852 2188 be-

2239 2224 2476 2284 nedictio
2501 2231 2606 2289 est,
2635 2223 2761 2294 quia
2785 2220 2998 2294 Moyses
3019 2222 3298 2278 mandavit
3330 2223 3400 2278 ad
3419 2223 3689 2294 populum
3718 2242 3734 2279 :
3765 2224 3851 2280 Sit

2238 2318 2384 2374 vobis
2424 2315 2723 2372 obseruatus
2755 2315 2867 2370 dies
2895 2315 3096 2385 primus
3120 2354 3137 2382 ,
3172 2325 3221 2370 et
3252 2315 3588 2370 nouissimus.
3647 2315 3852 2385 Quinta

2239 2407 2316 2465 illi
2346 2405 2649 2464 benedictio
2675 2416 2780 2474 est,
2803 2414 2864 2461 ut
2897 2420 3040 2463 cxvn
3085 2405 3328 2477 psalmus
3376 2407 3534 2474 dicit,
3567 2409 3669 2479 qui
3705 2416 3854 2464 totus

2240 2499 2309 2556 de
2335 2498 2614 2565 Passione,
2639 2506 2695 2553 et
2715 2498 3131 2555 Resurrectione
3151 2508 3435 2566 cantatur.
3483 2499 3561 2556 De
3583 2499 3854 2555 Passione

2240 2590 2317 2645 ait
2345 2608 2358 2644 :
2387 2587 2782 2645 Circumdantes
2811 2589 3265 2646 circumdederunt
3302 2607 3414 2654 me,
3455 2601 3507 2644 et
3540 2590 3600 2643 in
3639 2591 3854 2644 nomine

2241 2680 2455 2736 Domini
2499 2681 2757 2736 vindicavi
2805 2680 2860 2736 in
2913 2683 3011 2738 eis.
3063 2681 3531 2737 Circumdederunt
3579 2700 3670 2738 me
3711 2687 3854 2738 sicut

2238 2772 2378 2844 apis,
2407 2780 2456 2826 et
2477 2777 2784 2827 exarserunt
2816 2771 2952 2827 sicut
2980 2771 3114 2843 ignis
3145 2773 3414 2842 inspinis.
3453 2772 3524 2828 Et
3543 2773 3854 2845 interjectis

2239 2863 2486 2920 versibus
2520 2862 2833 2936 :Lapidem,
2876 2879 3030 2936 quem
3062 2863 3467 2935 reprobaverunt
3487 2905 3502 2932 ,
3535 2865 3719 2935 factus
3779 2877 3856 2920 est

2239 2957 2297 3011 in
2324 2966 2477 3027 caput
2500 2956 2702 3028 anguli.
2743 2955 2820 3012 De
2846 2955 3265 3013 Resurrectione
3287 2966 3472 3012 autem
3505 2957 3644 3012 dicit
3672 2973 3688 3011 :
3717 2957 3855 3013 Ηιεσ

2239 3047 2371 3114 dies,
2396 3063 2556 3119 quam
2589 3046 2713 3117 fecit
2762 3047 3040 3112 Dominus,
3072 3046 3387 3115 exultamus,
3412 3059 3460 3102 et
3496 3047 3752 3103 («utemur
3796 3050 3854 3102 in

2161 3113 2209 3178 θ
2237 3155 2320 3194 ea.
2358 3113 2438 3193 Et
2495 3113 2624 3194 item
2675 3137 2969 3210 interjectis
3019 3135 3264 3194 versibus
3313 3157 3327 3193 :
3369 3113 3660 3195 Constituit
3713 3142 3854 3196 diem

2240 3229 2427 3300 festum
2457 3229 2513 3284 in
2543 3229 3143 3302 confrequentationibus
3168 3247 3331 3302 usque
3350 3232 3420 3286 ad
3441 3248 3614 3287 cornu
3636 3232 3852 3287 altaris.

2239 3319 2405 3378 Sexta
2455 3321 2527 3377 illi
2575 3321 2880 3378 benedictio
2911 3329 3015 3390 est,
3055 3321 3202 3394 quod
3235 3323 3290 3378 in
3325 3323 3443 3394 ipsa
3471 3325 3745 3380 Dominus
3770 3340 3854 3380 re-

2237 3413 2496 3471 surrexit.
2551 3413 2810 3470 Videmus
2847 3429 2996 3487 ergo,
3033 3414 3159 3486 quia
3192 3414 3334 3471 diem
3363 3415 3712 3472 Dominieum
3742 3417 3854 3473 sin-

2237 3506 2500 3577 gulariter
2557 3506 2612 3560 in
2674 3503 2880 3563 Pascha
2937 3516 3123 3564 tenere
3168 3507 3448 3578 praecepit.
3509 3507 3855 3580 Theophilus

2237 3598 2522 3670 episcopus
2545 3597 2684 3653 dixit
2713 3615 2726 3652 :
2756 3595 2833 3654 De
2859 3606 3103 3669 tempore
3127 3607 3307 3654 autem
3337 3599 3406 3655 ad
3435 3598 3662 3672 Moysen
3695 3617 3858 3657 utan-

2239 3695 2423 3748 datum
2451 3702 2535 3749 est
2561 3708 2592 3748 a
2615 3693 2726 3748 Deo
2759 3710 2771 3747 :
2807 3691 2911 3748 Hic
2931 3693 3074 3748 vobis
3103 3695 3200 3750 erit
3230 3697 3420 3752 mensis
3451 3697 3665 3752 initium
3700 3715 3853 3755 uten-

2235 3789 2374 3844 sium
2396 3804 2416 3854 ;
2452 3787 2660 3842 Pascha
2700 3788 2857 3858 facite
2882 3788 2938 3840 in
2967 3803 3048 3842 eo.
3096 3785 3214 3844 Non
3259 3789 3396 3845 dixit
3433 3789 3492 3845 in
3527 3791 3716 3862 prima
3767 3791 3856 3848 die

2237 3881 2528 3949 mensium,
2569 3887 2664 3938 aut
2696 3881 2748 3937 in
2781 3881 3008 3948 decima,
3056 3889 3148 3937 aut
3188 3881 3244 3938 in
3287 3882 3391 3938 alia
3435 3883 3710 3955 qualibet,
3758 3887 3854 3943 sed
3927 3923 3934 3928 .

2239 3982 2381 4031 totos
2417 3974 2486 4029 50
2529 3973 2644 4030 dies
2683 3973 2738 4029 in
2779 3971 2988 4030 Pascha
3018 3975 3405 4031 *sanctitieavit.
3458 3976 3724 4049 Episcopi
3768 3993 3854 4033 re-

2236 4065 2611 4136 sponderunt:
2647 4064 2750 4134 Qui
2803 4076 2930 4121 sunt
2977 4063 3053 4122 illi
3097 4066 3168 4122 50
3214 4067 3349 4124 dies.
3397 4067 3670 4140 Superius
3721 4082 3852 4141 ergo

2232 4159 2347 4230 jam
2378 4171 2696 4228 responsum
2719 4155 2987 4224 dedimus,
3017 4157 3343 4228 principium
3381 4159 3572 4215 mundi
3624 4176 3760 4217 esse
3797 4161 3851 4216 in

2236 4251 2542 4327 aequinoxio
2565 4247 2598 4306 8
2630 4249 2750 4306 Kal.
2779 4250 2937 4320 Apr.,
2975 4259 3030 4306 et
3062 4250 3132 4304 ab
3159 4249 3193 4305 8
3221 4248 3342 4304 Kal.
3394 4250 3528 4321 Apr.
3575 4267 3764 4323 usque
3795 4253 3852 4307 in

2235 4342 2270 4398 8
2306 4342 2427 4398 Kal.
2459 4342 2602 4398 Mai:
2632 4342 2859 4416 legimus
2896 4342 3316 4400 consecrandos.
3359 4341 3703 4416 Theophilus
3738 4347 3855 4417 epi-

2242 4449 2440 4506 scopus
2473 4434 2611 4490 dixit
2638 4448 2654 4488 :
2685 4435 2752 4490 Et
2773 4434 2996 4505 impium
3044 4448 3152 4490 non
3193 4444 3297 4501 est,
3329 4443 3388 4489 ut
3437 4434 3513 4490 illi
3566 4445 3686 4491 tres
3737 4437 3853 4492 dies

2239 4525 2513 4598 passionis
2573 4513 2836 4581 Dominici
2885 4535 3094 4582 tantum
3143 4528 3471 4583 sacramenti
3516 4531 3850 4602 mysterium

2237 4619 2387 4675 foras
2426 4617 2652 4673 limitem
2697 4617 3092 4674 excludantur?
3138 4619 3338 4675 Passus
3376 4634 3618 4690 namque
3661 4623 3850 4677 Domi-

2237 4728 2340 4770 nus
2360 4714 2428 4768 ab
2458 4713 2517 4768 ll
2549 4711 2666 4768 Kal.
2689 4712 2820 4784 Apr.
2855 4713 2890 4769 5
2914 4713 3038 4769 Fer.
3063 4729 3226 4786 quam
3253 4714 3420 4771 Coena
3448 4716 3850 4774 Dominivoca-

2230 4791 2379 4874 ‘mus,
2415 4808 2542 4876 quia
2570 4815 2729 4862 nocte
2762 4821 2792 4861 a
2832 4805 3033 4863 Judaeis
3063 4808 3312 4875 traditus,
3354 4809 3577 4879 quando
3619 4819 3681 4866 et
3724 4828 3847 4867 cum

2236 4899 2514 4972 discipulis
2553 4899 2844 4966 discubuit,
2883 4901 3100 4972 quando
3126 4909 3182 4956 et
3209 4898 3362 4956 Judae
3387 4902 3669 4972 praedixit,
3700 4905 3846 4975 quod

2227 4992 2304 5076 .ab
2331 4993 2447 5064 ipso
2475 5001 2620 5048 esset
2643 4993 2958 5048 traditurus.
3003 4991 3157 5062 Quod
3197 5003 3254 5048 et
3293 4993 3368 5048 ita
3412 5003 3634 5049 constat
3677 4995 3844 5052 fuisse

2216 5087 2558 5166 ,suppletuin,
2589 5096 2646 5143 et
2667 5087 2700 5142 8
2723 5087 2841 5142 Kal.
2873 5087 3004 5160 Apr.
3037 5087 3356 5145 resurrexit.
3393 5087 3843 5164 Quomodoergo

2219 5171 2290 5235 l,hi
2323 5181 2431 5231 tres
2462 5176 2578 5232 dies
2622 5176 2770 5233 foras
2815 5179 3106 5234 terminum
3135 5178 3544 5235 exeludentur?
3583 5181 3842 5255 Episcopi

2237 5267 2490 5323 dixerunt
2518 5283 2532 5322 :
2559 5266 2713 5324 Nulla
2737 5271 2946 5326 ratione
2967 5269 3084 5326 ﬁeri
3109 5272 3293 5340 debet,
3319 5281 3379 5326 ut
3408 5280 3630 5327 tantum
3654 5291 3841 5331 sacra-

2235 5369 2472 5416 mentum
2503 5360 2646 5416 foras
2676 5361 2901 5417 limitem
2919 5362 3257 5430 excludatur,
3289 5364 3381 5419 sed
3416 5363 3843 5423 introducantur

2217 5432 2286 5506 "in
2310 5451 2496 5508 ordine
2525 5451 2768 5508 Paschali
2799 5454 2851 5508 hi
2884 5461 2992 5511 tres
3018 5455 3150 5512 dies.
3203 5454 3570 5512 Constitutum
3593 5469 3684 5514 est
3707 5475 3839 5532 ergo

2235 5545 2290 5599 in
2323 5544 2412 5599 illa
2439 5547 2644 5616 synodo
2679 5555 2736 5600 ut
2760 5562 2861 5603 nec
2889 5547 2957 5602 ab
2985 5557 3110 5605 ante
3135 5549 3190 5604 Η
3226 5549 3343 5604 Kal.
3369 5550 3500 5621 Apr.
3529 5593 3545 5617 ,
3581 5567 3689 5608 nec
3714 5563 3841 5625 post

2237 5637 2267 5690 7
2298 5637 2419 5692 Kal.
2453 5637 2574 5706 Mai,
2633 5638 2838 5695 Pascha
2869 5655 2974 5695 non
3004 5641 3234 5697 debeant
3269 5644 3600 5712 observare,
3640 5657 3698 5702 et
3737 5663 3840 5704 nec

2237 5739 2418 5801 antea,
2458 5746 2558 5788 nec
2602 5733 3154 5809 posteaeuieumque
3199 5737 3558 5796 constitutum
3599 5737 3838 5797 limitem
