4020 6310
198 262 343 323 1355

1476 261 1680 318 LIBER
1718 260 1807 318 DE
1844 260 2193 318 COMPUTO.
2984 252 3011 257 ”
3026 253 3083 261 ﬂ

3318 248 3473 327 last

192 372 629 449 transgrediendi
668 381 812 431 esset
846 374 1088 430 libertas.
1151 372 1412 430 Similiter
1453 374 1509 429 et
1550 374 1616 429 de
1653 373 1778 429 luna
1806 383 1860 443 Α
1884 374 1986 429 tias
2013 388 2187 444 usque
2214 374 2270 428 in
2298 389 2360 429 III
2408 372 2545 428 Non.
2579 364 2708 445 Apr.
2739 375 2897 447 primi
2930 376 3132 433 mensis
3166 378 3349 435 lunam
3376 380 3467 435 in-'

190 476 527 539 praaceptum
564 467 803 522 divinum
856 476 1124 531 servetur,
1167 466 1309 535 quod
1343 468 1655 520 mandatum
1701 473 1783 520 est

190 570 296 628 per
315 556 553 627 Moysen,
585 556 656 611 sit
682 555 835 610 Vobis
861 555 1205 610 observatum
1235 569 1267 609 a
1293 553 1359 608 14
1382 553 1507 610 luna
1532 568 1704 623 usque
1725 554 1780 608 in

189 647 286 702 2|.
328 645 439 701 Has
460 661 589 718 ergo
612 647 643 699 7
671 645 825 700 lunas
848 651 1064 700 constat
1097 642 1264 699 fuisse
1294 652 1657 710 consecratas,
1688 644 1783 698 sed

189 737 321 808 quia
342 735 510 792 Judaei
532 752 561 790 a
584 733 651 791 14
674 736 800 790 luna
828 740 1014 789 tenent
1029 721 1259 813 Pascha,
1284 747 1383 788 nos
1402 745 1624 787 necesse
1643 739 1726 786 est
1751 747 1780 785 a

189 824 265 880 15
303 838 473 895 usque
500 824 552 879 in
578 824 640 878 21
670 823 945 880 celebrare
980 820 1208 877 Pascha.
1265 820 1492 889 Quando
1535 834 1664 891 ergo
1712 820 1784 874 sit

191 918 340 975 intra
387 918 539 974 illum
584 915 811 973 limitem
860 916 1213 973 constitutum
1268 914 1335 969 ab
1374 931 1427 969 χι
1472 913 1593 969 Kal.
1648 915 1779 985 Apr.

190 1026 367 1082 usque
393 1008 449 1065 in
474 1026 550 1064 vn
579 1009 697 1065 Kal.
721 1008 824 1064 Mai
846 1024 860 1062 :
880 1007 995 1063 dies
1016 1006 1347 1070 Dominicus,
1371 1013 1426 1060 et
1453 1004 1579 1059 luna
1604 1004 1783 1073 aliqua

189 1108 263 1157 ex
290 1099 395 1155 illis
420 1100 452 1154 7
475 1098 811 1155 sanctificata
830 1096 1133 1162 obveniret,
1163 1094 1368 1151 Pascha
1398 1094 1555 1150 nobis
1577 1093 1783 1148 ’ussum

190 1190 598 1247 est'celcbrare.

248 1279 445 1350 Incipit
466 1278 683 1350 epistola
704 1277 889 1349 Cyrilli
912 1275 1283 1331 Alexandriam
1304 1274 1458 1330 Urbis
1484 1273 1728 1345 episcopi.

213 1366 224 1376 ’
268 1368 429 1425 CXL.
471 1368 785 1439 Antiquitus
832 1366 1078 1423 Ecclesia
1116 1365 1322 1422 Pascha
1345 1365 1432 1421 M.
1464 1364 1615 1420 Luna
1658 1378 1783 1420 cum

190 1458 393 1518 Iudaeis
433 1459 764 1526 celebrabat,
796 1471 1140 1530 quocumque
1170 1456 1257 1511 die
1300 1462 1638 1513 occurreret.
1674 1454 1782 1511 Sed

164 1551 341 1619 hunc
370 1549 535 1605 ritum
576 1549 750 1605 sancti
791 1547 983 1603 Patres
1014 1547 1069 1602 in
1098 1546 1316 1602 Nicaena
1344 1544 1564 1617 Synodo
1598 1544 1784 1617 prohi-

192 1642 454 1708 buerunt,
477 1640 871 1697 constituentes
894 1653 1001 1693 non
1022 1636 1197 1693 solum
1218 1634 1531 1693 Paschalem
1558 1643 1616 1691 et
1633 1649 1785 1690 men-

1881 464 2123 532 quirunt,
2165 473 2219 520 et
2259 464 2307 520 si
2344 464 2408 518 15
2440 464 2563 519 luna
2598 465 2684 519 die
2717 466 2995 524 Dominico
3042 465 3374 539 provenerit,
3403 471 3458 526 in

1880 555 2043 610 aliam
2072 556 2213 610 diem
2240 555 2447 611 Pascha
2478 558 2819 625 protrahunt.
2847 558 3022 614 Graeci
3055 561 3214 629 primi
3257 562 3460 617 mensis

1879 643 2064 699 lunam
2087 643 2156 699 ab
2182 660 2280 699 vut
2316 643 2394 699 Id.
2424 643 2581 698 Mart.
2604 657 2774 714 usque
2801 644 2854 699 in
2880 647 3021 701 diem
3045 647 3179 702 Non.
3202 650 3335 719 Apr.
3359 650 3459 706 ob-

1880 742 2123 799 servant,
2178 743 2232 788 et
2275 733 2324 788 si
2367 733 2437 787 I5
2482 732 2608 786 luna
2648 734 2736 787 die
2777 734 3057 790 Dominico
3100 740 3457 806 concurrerit,

1881 831 2129 878 sanctum
2151 822 2360 876 Pascha
2380 822 2679 875 celebrant.
2704 822 3015 893 Hujusmodi
3043 843 3172 899 ergo
3192 830 3462 882 dissensio

1882 911 2024 967 inter
2043 921 2302 982 utrasque
2320 910 2635 966 Paschalem
2651 911 2890 981 regulam
2917 917 3116 967 turbat.
3148 915 3463 969 Communis

1880 1009 2059 1054 autem
2074 1015 2248 1055 annus
2262 1000 2479 1067 dicitur,
2495 1000 2589 1071 qui
2612 1010 2818 1055 tantum
2844 1001 2907 1054 12
2923 1001 3099 1066 lunas,
3117 1001 3221 1056 hoc
3244 1010 3330 1057 est
3343 1002 3460 1058 dies

1881 1091 1988 1147 354
2003 1092 2199 1158 habet;
2219 1092 2396 1147 dictus
2413 1100 2594 1147 autem
2609 1092 2929 1157 communis,
2946 1092 3073 1162 quia
3093 1107 3235 1163 sazpe
3256 1094 3363 1149 duo
3388 1094 3461 1149 ita

1883 1184 2157 1255 conjuncti
2189 1182 2447 1238 incedunt
2466 1183 2715 1248 invicem,
2732 1192 2788 1239 et
2799 1197 2858 1239 se
2880 1183 2931 1238 in
2947 1182 3189 1239 Paschali
3209 1183 3436 1240 solemni
3450 1214 3466 1225 -

1882 1282 1995 1329 tate
2015 1282 2331 1345 sequuntur.
2347 1272 2479 1329 Nam
2496 1274 2877 1330 embolismalis
2899 1290 3071 1331 annus
3090 1290 3302 1346 semper
3317 1276 3464 1333 solus

1881 1363 2384 1437 esgjenibolismalis
2404 1379 2579 1420 annus
2597 1371 2700 1430 est,
2716 1364 2806 1435 qui
2825 1364 2891 1419 15
2911 1378 3124 1421 menses
3143 1365 3383 1428 lunares,
3406 1366 3464 1422 id

1883 1468 1967 1516 est
1990 1459 2095 1514 581
2111 1458 2228 1515 dies
2250 1458 2450 1515 habere
2471 1465 2820 1513 monstratur.
2836 1458 2953 1528 Ipse
2972 1466 3058 1514 est
3076 1473 3250 1514 annus
3270 1468 3464 1515 sancto

1883 1548 2054 1621 Moysi
2076 1550 2337 1605 divinitus
2352 1549 2644 1616 revelatus,
2659 1549 2712 1603 in
2733 1564 2841 1620 quo
2856 1547 3117 1618 iubentur
3138 1550 3217 1617 hi,
3231 1552 3324 1621 qui
3346 1550 3462 1606 Ion-

1884 1640 2004 1712 gius
2025 1641 2363 1707 habitabant,
2387 1640 2441 1696 in
2464 1641 2700 1698 secundo
2723 1655 2907 1696 mense
2930 1639 3139 1697 Pascha
3165 1641 3459 1697 celebrare.

192 1746 310 1788 sem
351 1722 646 1801 inquirere,
695 1730 791 1786 sed
818 1722 983 1784 etiam
1015 1727 1157 1783 diem
1204 1725 1640 1782 Resurrectionis
1678 1724 1782 1780 Do-
1810 1723 1858 1784 B
1884 1731 2249 1788 Embolismus
2280 1739 2460 1786 autem
2484 1745 2682 1787 nomen
2707 1730 2954 1787 Grazcum
2980 1740 3084 1799 est,
3118 1733 3260 1802 quod
3295 1733 3462 1789 inter-

192 1822 408 1879 minicze
449 1822 783 1888 observare,
842 1829 897 1877 et
940 1821 1009 1877 ob
1059 1819 1163 1877 hoc
1203 1818 1409 1875 Pascha
1452 1810 1487 1874 ’a
1537 1818 1605 1873 15
1655 1816 1783 1872 luna

192 1931 365 1987 usque
427 1917 483 1971 in
552 1915 866 1973 vicesimam
937 1913 1167 1985 primam
1246 1911 1651 1976 extenderunt,
1725 1916 1785 1966 ut

193 2004 311 2061 dies
332 2004 644 2061 Dominicus
671 2020 775 2061 non
802 2003 1200 2059 obmitteretur.
1234 2001 1442 2058 Pascha
1476 2009 1656 2057 autem
1683 2013 1780 2055 vo-

191 2093 444 2150 cahulum
480 2110 603 2152 non
631 2093 901 2161 Graecum,
949 2093 1044 2149 sed
1089 2091 1437 2149 Hebraeorum
1483 2099 1585 2157 est,
1627 2105 1726 2147 nec
1754 2105 1786 2147 a

194 2182 479 2254 Passione,
506 2200 670 2257 quam
708 2184 911 2241 Phasin
960 2183 1147 2240 Graece
1185 2182 1416 2240 dicimus
1457 2183 1593 2254 pati,
1623 2183 1717 2239 sed
1753 2196 1785 2237 a

196 2275 430 2330 transitu
454 2275 682 2333 Hebraeo
705 2276 874 2331 Verbo
900 2270 1110 2330 Pascha
1130 2273 1397 2345 appellata
1426 2283 1533 2342 est,
1555 2288 1620 2330 eo
1642 2274 1787 2344 quod

195 2372 328 2420 tunc
373 2367 604 2437 populus
650 2366 743 2422 Dei
798 2380 866 2420 ex
902 2362 1142 2436 Egypto
1196 2363 1491 2420 transierit.
1551 2361 1702 2421 Unde
1731 2362 1785 2417 in

195 2455 506 2529 Evangelio,
528 2473 645 2512 cum
666 2458 899 2523 vidisset,
924 2455 1118 2526 inquit,
1140 2454 1316 2521 Iesus,
1334 2456 1459 2526 quia
1476 2455 1610 2510 venit
1633 2455 1783 2516 hora,

196 2557 254 2603 ut
282 2550 525 2606 transiret
577 2549 642 2604 de
679 2548 876 2602 mundo
922 2546 993 2602 ad
1026 2546 1264 2601 Patrem.
1298 2544 1468 2616 Cujus
1514 2558 1622 2600 nox
1666 2541 1786 2598 ideo

196 2655 296 2713 per
315 2640 555 2711 vigiliam
582 2639 798 2696 ducitur
820 2645 1042 2709 propter
1068 2636 1359 2692 adventum
1386 2636 1572 2707 Regis,
1601 2650 1666 2690 ac
1691 2633 1786 2689 Dei

200 2731 393 2797 nostri,
427 2738 488 2787 ut
524 2738 735 2800 tempus
779 2728 1217 2786 Resurrectionis
1246 2728 1362 2799 ejus
1392 2742 1493 2783 nos
1525 2741 1632 2781 non
1662 2726 1787 2782 dor-

198 2822 447 2888 mientes,
469 2821 562 2878 sed
582 2821 866 2893 vigilantes
892 2818 1153 2875 inveniat.
1188 2816 1354 2887 Cujus
1375 2815 1551 2874 noctis
1590 2815 1786 2887 duplex

200 2912 339 2968 ratio
365 2920 472 2979 est,
519 2911 634 2967 sive
661 2911 805 2981 quod
852 2909 907 2966 in
950 2909 1143 2966 eadem
1167 2909 1336 2964 vitam
1381 2917 1511 2964 tunc
1556 2907 1783 2978 recepit,

202 3014 322 3059 cum
352 3017 543 3074 passus
571 3008 678 3068 est,
708 3000 823 3057 sive
848 2999 997 3071 quod
1042 3008 1228 3071 postea
1259 3000 1414 3067 hora,
1447 3008 1553 3069 'qua
1598 3010 1782 3053 resur-

202 3068 372 3156 rexit;
391 3091 457 3147 ad
481 3089 829 3162 iudicandum
855 3068 1117 3144 venturus
1152 3096 1256 3145 est.
1288 3087 1366 3144 Eo
1388 3096 1581 3169 autem
1619 3085 1779 3142 modo
1807 3068 1855 3134 Ο

204 3182 410 3253 agimus
430 3181 659 3249 Pascha,
673 3189 735 3235 ut
758 3195 866 3236 non
883 3179 1057 3237 solum
1080 3188 1310 3236 mortem
1354 3189 1409 3235 et
1428 3178 1781 3235 resurrectio-

205 3290 325 3331 nem
363 3273 564 3331 Christi
616 3274 672 3329 in
724 3273 1042 3329 memoriam
1088 3287 1427 3339 revocemus,
1481 3272 1574 3327 sed
1619 3271 1779 3326 etiam

204 3375 420 3433 caetera,
459 3380 578 3437 qua:
599 3365 745 3422 circa
778 3379 905 3422 eum
958 3364 1322 3431 adtestantur,
1353 3364 1419 3420 ad
1457 3364 1780 3420 Sacramen-

208 3466 383 3515 torum
421 3456 872 3531 signiﬁcationem
921 3455 1272 3527 inspicimus;
1318 3462 1540 3527 propter
1570 3455 1782 3510 initium

205 3550 350 3606 enim
380 3562 533 3606 novae
561 3550 705 3615 vitae,
736 3558 791 3605 et
817 3558 1039 3620 propter
1062 3563 1260 3604 novum
1299 3548 1595 3613 hominem,
1624 3562 1783 3619 quem

200 3638 455 3709 iubemur
500 3638 740 3705 induere,
793 3647 849 3694 et
897 3652 1098 3693 exuere
1137 3647 1400 3704 veterem,
1440 3647 1784 3708 expurgantcs

206 3739 349 3786 vetus
380 3728 711 3797 fermentum,
749 3736 807 3783 ut
835 3729 998 3783 simus
1028 3743 1162 3783 nova
1203 3728 1518 3797 conspersio,
1540 3729 1783 3799 quoniam

208 3822 418 3879 Pascha
468 3831 705 3877 nostrum
752 3819 1055 3875 immolatus
1113 3830 1190 3875 est
1244 3819 1506 3875 Christus.
1561 3818 1790 3889 Propter

207 3916 348 3973 hanc
374 3928 505 3986 ergo
534 3914 658 3969 vitae
687 3913 989 3969 novitatem
1027 3910 1237 3983 primus
1275 3912 1476 3968 mensis
1521 3926 1783 3966 novorum

209 4007 266 4060 in
302 4004 428 4060 anni
451 4003 726 4061 mensibus
753 4003 821 4059 ad
852 4002 1274 4060 celebrationem
1308 4001 1530 4059 Paschte
1563 4002 1789 4074 mystice

209 4097 512 4153 adtributus
550 4104 653 4152 est.
681 4096 834 4164 Quod
861 4095 1018 4150 tertia
1057 4093 1399 4151 Hebdomada
1429 4093 1545 4149 dies
1572 4092 1790 4147 Pascha:

209 4187 541 4254 celebretur,
570 4186 625 4242 id
647 4195 731 4242 est
757 4186 851 4257 qui
880 4184 998 4241 dies
1024 4184 1327 4240 occurrerit
1352 4199 1379 4237 a
1418 4184 1483 4237 15
1516 4183 1568 4237 in
1594 4182 1658 4236 21
1688 4182 1791 4236 hoc

212 4279 499 4352 signiﬁcat,
545 4278 670 4349 quia
719 4286 831 4334 toto
858 4287 1097 4347 tempore
1124 4276 1313 4341 seculi,
1342 4274 1433 4345 qui
1485 4272 1791 4344 septenario

212 4385 435 4427 numero
460 4370 659 4441 agitur,
687 4384 830 4425 nunc
860 4370 1077 4424 tertium
1119 4376 1331 4438 tempus
1356 4375 1459 4431 est,
1504 4365 1647 4435 quod
1688 4365 1792 4419 hoc

213 4424 938 4529 Sacramen‘tum'apparuit.
990 4424 1249 4513 Primum.
1269 4455 1414 4510 enim
1451 4424 1661 4523 tempus
1706 4460 1790 4507 est
1825 4424 1872 4482 θ

214 4560 338 4606 ante
361 4551 554 4622 legem,
588 4549 884 4605 secundum
916 4546 1018 4603 sub
1051 4546 1188 4619 lege,
1219 4545 1435 4602 tertium
1466 4545 1566 4600 sub
1593 4542 1787 4614 gratia.

215 4641 316 4698 Ubi
350 4641 464 4712 jam
502 4638 848 4694 manifestum
879 4646 963 4694 est
990 4637 1402 4693 Sacramentum
1429 4635 1580 4705 prius
1606 4632 1792 4689 occul-

216 4741 328 4787 tum
372 4731 675 4801 Prophetize
720 4728 1115 4800 Enigmaticte.
1166 4727 1289 4783 Ideo
1337 4735 1391 4781 et
1435 4723 1793 4796 proptcrliaec

215 4822 322 4878 tria
366 4832 610 4893 tempora
656 4821 837 4878 saeculi
889 4821 1236 4877 Resurrectio
1288 4818 1497 4873 Domini
1544 4816 1792 4871 triduana

217 4921 319 4970 est.
341 4913 494 4981 Quod
516 4928 641 4968 vero
665 4927 696 4966 a
723 4912 789 4967 15
809 4911 933 4967 luna
955 4926 1123 4981 usque
1144 4910 1211 4965 ad
1231 4909 1541 4965 vicesimam
1559 4907 1789 4976 primam

217 5020 313 5077 per
336 5004 454 5061 dies
479 5013 687 5075 septem
715 5002 992 5059 Paschalis
1019 5003 1136 5057 dies
1158 5001 1443 5073 quteritur,
1472 5008 1691 5070 propter
1712 4998 1792 5069 ip-

220 5113 339 5154 sum
365 5110 651 5153 numerum
679 5092 1043 5165 septenarium
1072 5092 1125 5146 in
1150 5090 1521 5146 universitate.
1553 5088 1708 5146 Unde
1740 5096 1797 5143 et

222 5190 494 5247 Iohannes
520 5186 807 5259 Apostolus
847 5186 900 5240 in
933 5185 1253 5258 Apocalypsi
1281 5190 1347 5244 ad
1369 5194 1579 5255 septem
1605 5185 1796 5242 scribit

222 5277 509 5336 Ecclesias.
556 5275 799 5332 Ecclesia
838 5289 967 5332 vero
1008 5276 1185 5330 adhuc
1222 5276 1276 5331 in
1324 5276 1427 5332 ista
1462 5277 1793 5333 mortalitate

222 5371 404 5430 carnis
434 5368 728 5426 constituta
756 5374 978 5436 propter
1007 5364 1176 5434 ipsam
1214 5366 1628 5422 mutabilitatem
1656 5365 1794 5421 lunae

224 5465 442 5524 nomine
471 5463 524 5519 in
556 5459 853 5533 Scripturis
891 5458 1247 5531 signiﬁcatur.
1279 5460 1441 5515 Varia
1476 5467 1654 5515 autem
1695 5461 1794 5516 ob-

224 5557 493 5617 servantia
519 5554 835 5626 opinionum
876 5551 1155 5608 Paschalis
1184 5551 1494 5610 festivitatis
1526 5553 1798 5611 interdum

224 5665 462 5712 errorem
503 5648 692 5722 gignit.
726 5647 902 5704 Latini
926 5661 1160 5717 namque
1189 5663 1218 5703 a
1246 5648 1407 5705 tertio
1432 5646 1614 5704 Nonas
1656 5647 1800 5702 Mar-

536 5741 810 5805 ΡΑτιιοι.
840 5739 1148 5801 CXXIX.

262 5811 305 5831 ὐ

1885 1830 2131 1894 pretatur
2173 1821 2365 1879 Latine
2405 1835 2931 1894 superaugmentum,
2974 1838 3040 1879 eo
3070 1825 3213 1893 quod
3251 1824 3465 1895 expleat

1885 1928 2170 1971 numerum
2203 1928 2470 1969 annorum
2499 1912 2887 1981 communium,
2919 1915 3114 1984 quibus
3152 1915 3211 1969 11
3248 1914 3464 1970 lunares

1885 2006 2003 2064 dies
2024 2008 2213 2064 deesse
2250 2014 2564 2063 cernuntur.
2615 2006 2946 2063 Embolimtei
2990 2015 3171 2062 autem
3220 2008 3368 2074 anni,
3409 2017 3465 2063 et

1885 2112 2200 2157 communes
2248 2100 2329 2155 sic
2381 2098 2748 2153 inveniuntur.
2819 2099 2877 2153 Si
2923 2099 3066 2154 enim
3120 2115 3151 2153 a
3213 2099 3275 2153 15
3335 2098 3462 2153 luna

1884 2190 2107 2246 Paschae
2133 2189 2489 2260 praecedentis
2516 2203 2690 2259 usque
2711 2190 2779 2244 ad
2806 2197 3053 2259 quartam
3085 2188 3352 2245 decimam
3381 2203 3464 2244 se-

1885 2284 2102 2356 quentis
2126 2282 2232 2340 384
2253 2283 2370 2339 dies
2391 2282 2611 2350 fuerint,
2640 2280 3036 2337 Embolismalis
3062 2296 3238 2337 annus
3271 2290 3373 2336 est.
3406 2279 3465 2336 Si

1885 2377 2010 2443 551,
2060 2377 2384 2432 communis.
2434 2375 2713 2431 Bissextus
2764 2382 2846 2429 est
2896 2388 2992 2443 per
3036 2389 3206 2429 annos
3245 2373 3279 2427 4
3325 2388 3466 2429 unus

1887 2468 2005 2524 dies
2052 2467 2319 2538 adjectus.
2381 2466 2592 2523 Crescit
2651 2466 2795 2522 enim
2849 2481 2946 2537 per
3001 2466 3241 2538 singulos
3293 2470 3467 2520 annos

1888 2565 2081 2628 quarta
2106 2570 2234 2628 pars
2259 2556 2420 2624 assis,
2460 2571 2524 2612 ac
2562 2555 2652 2611 ubi
2689 2563 2883 2627 quarto
2911 2570 3054 2610 anno
3091 2570 3270 2611 assem
3319 2569 3467 2609 com-

1886 2647 2139 2719 pleverit,
2174 2641 2508 2703 bissextilem
2536 2660 2738 2702 annum
2766 2645 2912 2702 facit.
2942 2644 3131 2701 Dictus
3157 2653 3339 2701 autem
3361 2644 3464 2700 bis-

1888 2726 2096 2805 sextus,
2126 2738 2251 2809 quia
2286 2738 2371 2795 bis
2406 2738 2585 2794 sexies
2607 2738 2799 2794 ductus
2828 2752 3002 2793 assem
3031 2737 3180 2804 facit,
3216 2738 3356 2808 quod
3383 2747 3468 2792 est

1889 2845 2029 2885 unus
2082 2830 2220 2896 dies,
2274 2830 2417 2885 sicut
2471 2838 2526 2885 et
2586 2827 2944 2899 quadrantem
3003 2837 3228 2899 propter
3276 2838 3469 2900 quater

1889 2919 2132 2986 ductum,
2164 2919 2307 2989 quod
2352 2927 2434 2974 est
2478 2918 2797 2983 bissextum,
2855 2921 2997 2989 quod
3042 2920 3207 2991 super
3254 2919 3465 2975 dierum

1888 3024 2108 3066 cursum
2140 3012 2196 3065 in
2227 3025 2368 3066 anno
2413 3009 2492 3066 sol
2544 3009 2692 3083 facit.
2728 3009 2867 3065 Avn
2889 3019 3069 3067 autem
3117 3010 3257 3067 Non.
3304 3010 3461 3066 Mart.

1887 3115 2056 3173 usque
2100 3101 2154 3156 in
2202 3101 2344 3157 diem
2376 3101 2516 3172 prid.
2549 3099 2668 3156 Kal.
2716 3100 2873 3156 Janu.
2918 3102 2973 3158 in
3022 3101 3159 3158 lunae
3189 3117 3349 3158 cursu
3385 3102 3467 3158 bis

1885 3195 2198 3266 adponitur,
2229 3204 2392 3264 atque
2434 3193 2559 3249 inde
2612 3195 2935 3251 detrahitur.
2966 3194 3324 3255 Intercalares
3365 3210 3466 3250 au-

1885 3294 1995 3342 tem
2035 3286 2150 3341 dies
2197 3285 2401 3342 idcirco
2435 3294 2716 3354 vocantur,
2748 3288 2872 3357 quia
2925 3287 3360 3357 interponuntur,
3409 3298 3471 3340 ut

1884 3376 2024 3432 ratio
2052 3376 2192 3433 lunai
2219 3376 2455 3447 solisque
2496 3379 2805 3434 conveniat.
2850 3376 3044 3434 Calare
3073 3379 3218 3434 enim
3263 3391 3469 3448 ponere

1885 3466 2103 3522 dicitur.
2135 3467 2463 3524 Intercalare
2504 3469 2870 3540 interpunere.
2912 3470 3141 3539 Epactas
3169 3470 3342 3526 Graeci
3371 3484 3470 3526 vo-

1884 3568 2034 3627 cant,
2064 3560 2244 3615 Latini
2288 3558 2619 3630 adiectiones
2643 3575 2856 3616 annuas
2885 3561 3122 3628 lunares,
3155 3564 3275 3632 qua:
3299 3564 3470 3618 unde-

1885 3650 2097 3706 narium
2134 3666 2417 3708 numerum
2451 3666 2624 3723 usque
2651 3651 2718 3705 ad
2743 3652 3098 3709 tricenarium
3126 3653 3179 3707 in
3205 3668 3264 3708 se
3291 3652 3474 3708 revol-

1888 3751 2105 3811 vuntur,
2166 3760 2301 3815 quas
2352 3744 2475 3800 ideo
2530 3744 2765 3817 [Egyptii
2814 3740 3096 3816 adjiciunt,
3153 3753 3212 3800 ut
3261 3745 3469 3802 lunaris

1886 3836 2091 3891 mensis
2137 3836 2333 3891 rationi
2386 3836 2516 3892 solis
2560 3840 2841 3907 aequetur.‘
2876 3837 3025 3892 Luna
3080 3846 3262 3894 autem
3312 3838 3468 3908 juxta

1889 3943 2110 3984 cursum
2139 3944 2297 3984 suum
2323 3927 2416 3995 29,
2446 3937 2501 3984 et
2546 3929 2712 3985 semis
2741 3918 2857 3985 dies
2901 3929 3081 3986 lucere
3109 3931 3467 4001 dignescitur,

1890 4029 1945 4076 et
1972 4030 2097 4077 sunt
2122 4021 2176 4075 in
2207 4032 2349 4076 anno
2372 4020 2591 4075 lunares
2615 4021 2732 4075 dies
2761 4020 2889 4087 554,
2915 4030 3201 4077 remanent
3240 4020 3466 4077 adcur-

1890 4128 2009 4169 sum
2049 4112 2176 4167 anni
2227 4110 2422 4166 solaris
2451 4111 2566 4167 dies
2600 4125 2673 4175 xi,
2724 4120 2860 4181 quos
2906 4110 3143 4182 Egyptii
3187 4110 3469 4181 adjiciunt,

1892 4207 2034 4261 unde
2061 4213 2115 4261 et
2142 4205 2473 4273 atljcctiones
2502 4212 2785 4258 vocantur.
2815 4203 3034 4274 Absque
3062 4196 3147 4259 his
3177 4218 3282 4258 non
3321 4203 3475 4260 inve-

1893 4297 2010 4351 nies
2039 4297 2241 4362 lunam,
2274 4302 2437 4365 quota
2459 4294 2529 4349 sit
2560 4294 2612 4349 in
2644 4282 3075 4364 quolibet'anno,
3101 4304 3156 4351 et
3182 4311 3385 4361 mense,
3417 4304 3473 4352 et

1897 4387 2004 4441 die.
2032 4385 2153 4441 Ista:
2190 4385 2405 4455 Epactze
2425 4394 2640 4455 semper
2665 4385 2717 4438 in
2739 4401 2792 4439 xl
2818 4384 2939 4439 Kal.
2972 4384 3104 4456 Apr.
3131 4386 3470 4455 reperiuntur

1896 4474 1950 4530 in
1979 4474 2167 4530 eadem
2207 4474 2353 4540 luna,
2384 4488 2503 4544 quae
2532 4466 2696 4529 fuerit
2735 4488 2801 4530 eo
2826 4474 2933 4530 die.
2977 4474 3336 4530 Continentur
3368 4491 3473 4543 au-

1893 4573 2000 4621 tem
2029 4564 2233 4621 circulo
2271 4563 2770 4631 decemnovennali,
2802 4565 2897 4621 sed
2941 4579 3067 4620 cum
3102 4565 3169 4620 ad
3197 4566 3263 4620 19
3284 4581 3474 4635 perve-

1893 4656 2099 4722 nerint,
2142 4657 2345 4726 quiest
2389 4656 2629 4712 circulus
2668 4656 3200 4722 decemnovennalis,
3242 4657 3357 4725 jam
3389 4673 3474 4711 se-

1894 4745 2080 4818 quenti
2110 4762 2252 4801 anno
2275 4763 2378 4801 non
2403 4734 2568 4803 addes
2596 4761 2757 4818 super
2775 4748 2955 4815 2911,
2983 4757 3042 4803 ut
3064 4747 3131 4802 10
3157 4750 3471 4815 adnuncies,

1896 4840 2187 4895 destructis
2208 4840 2298 4905 30,
2322 4839 2417 4894 sed
2446 4839 2571 4895 inde
2599 4848 2874 4896 revertere
2903 4849 2964 4895 ut
2988 4842 3046 4895 11
3079 4843 3425 4912 pronuncies.

2236 4952 2241 4956 ·
2280 4931 2508 5003 Είφιὲεἰι
2546 4934 2761 5003 epistola
2793 4934 2854 4991 S.
2885 4931 3091 5004 Cyrilli.

1965 5020 2143 5077 CXLI.
2185 5021 2423 5093 Epistola
2466 5022 2779 5078 Paschasini
2820 5025 3057 5094 episcopi
3104 5023 3168 5078 ad
3224 5024 3479 5082 beatissi-

1896 5128 2044 5169 mum
2067 5112 2269 5182 Papam
2292 5111 2527 5168 Leonem
2550 5114 2616 5168 de
2638 5113 2939 5185 indaganda
2963 5115 3178 5172 ratione
3201 5114 3472 5174 Paschali.

1899 5200 2084 5281 (Edita
2110 5212 2185 5257 est
2213 5220 2246 5257 a
2276 5202 2537 5257 Buchcrio
2561 5211 2609 5257 et
2637 5202 2802 5275 aliis.)

1896 5294 1976 5351 De
2017 5293 2312 5350 nominibus
2357 5293 2659 5359 stellarum,
2705 5295 2892 5366 quibus
2930 5311 2996 5353 ea:
3042 5298 3215 5353 causis
3262 5300 3475 5354 nomina

2515 5374 2842 5436 acceperunt.

1969 5456 2173 5513 CXLII.
2216 5456 2309 5549 Sol
2344 5432 2669 5527 appellatus,
2719 5471 2786 5514 eo
2833 5456 2996 5546 quod'
3026 5432 3174 5514 solus
3218 5465 3478 5549 appareat

1901 5551 2207 5607 obscuratis
2235 5548 2444 5621 fulgore
2471 5564 2569 5607 suo
2594 5550 2806 5608 cunctis
2828 5550 3131 5607 sideribus.
3157 5548 3310 5605 Luna
3335 5549 3479 5604 dicta

1904 5643 2058 5716 quasi
2085 5643 2311 5713 Lucina,
2352 5642 2531 5701 ablata
2560 5642 2738 5701 media
2781 5643 3007 5706 svllaba.
3053 5641 3120 5699 de
3164 5657 3270 5715 qua
3305 5641 3479 5713 Virgi-

2896 5732 2974 5794 1&3
