4006 5578
555 301 576 353 l
589 293 688 352 355

1344 283 1630 340 APPEND.
1670 282 1762 336 an
1803 278 1970 335 δίει).
2017 275 2106 330 1x.
2150 305 2219 313 -
2257 255 2624 329 AUCTORES
2663 267 2993 326 ANONYMI.

3667 262 3786 319 ιδδε

553 413 692 466 lius:
727 408 884 464 Casta
917 407 1030 476 {ave
1059 404 1277 458 Lucina.
1319 398 1558 468 Sumpslt
1583 405 1762 450 autem
1803 406 1996 448 nomen
2029 403 2124 458 per
2152 391 2199 450 Λ
2229 385 2499 452 dicuntur,
2525 385 2738 454 quando
2758 392 2811 436 et
2833 381 3069 436 moleste
3093 387 3213 435 sunt
3242 378 3608 450 purgationes.
3639 377 3790 434 Canis

554 499 946 555 derivationem
983 511 1013 550 a
1042 493 1173 550 solis
1201 492 1336 552 luce,
1371 503 1436 543 eo
1466 486 1610 556 quod
1633 483 1702 538 ab
1735 497 1800 538 eo
1828 481 2006 534 lumen
2037 492 2128 532 ac-

554 593 757 660 cipiat,
805 596 1083 656 acceptum
1133 581 1341 638 reddat.
1401 578 1580 634 Stellae
1623 577 1780 632 dictae
1832 590 1862 627 a
1912 572 2124 636 stando,

553 675 686 750 quia
713 681 832 736 ﬁxae
858 687 1018 734 stant
1043 691 1258 742 semper
1293 673 1348 726 in
1373 671 1546 734 caelo;
1589 683 1691 724 nec
1724 667 1960 728 cadunt;
1999 677 2124 716 nam

552 772 693 836 quod
729 770 972 822 videmus
999 782 1030 820 e
1072 763 1211 820 coelo
1241 761 1427 816 stellas
1468 759 1599 822 labi,
1633 771 1738 812 non
1767 762 1891 810 sunt
1934 750 2123 815 stellae,

552 857 646 910 sed
673 857 891 924 igniculi
916 868 1042 907 aere
1067 851 1227 920 lapsi,
1256 849 1347 919 qui
1384 847 1536 911 ﬁunt,
1569 848 1695 900 dum
1724 851 1917 898 ventus
1934 841 2126 896 altiora

552 953 740 1014 petens
759 943 1052 998 aethereum
1087 941 1263 1010 ignem
1284 953 1466 994 secum
1495 936 1681 1000 trahit,
1706 935 1797 1004 qui
1825 941 2004 988 tractu
2026 945 2128 985 suo

553 1036 797 1110 imitatur
835 1033 1023 1087 stellas
1063 1031 1341 1086 cadentes.
1370 1027 1505 1083 Nam
1560 1025 1731 1082 stellm
1775 1024 1971 1080 cadere
2017 1036 2128 1080 non

554 1131 798 1194 possunt,
831 1121 1261 1190 immobilesquc,
1292 1131 1350 1172 ιιι
1372 1119 1713 1190 praedictum,
1743 1125 1890 1182 sunt,
1921 1123 1976 1170 et
2001 1128 2128 1170 cum

553 1213 691 1270 caelo
736 1213 858 1268 ﬁxa:
897 1210 1162 1266 feruntur.
1219 1209 1409 1264 Sidera
1465 1208 1631 1272 dicta,
1677 1206 1821 1276 quod
1865 1218 1930 1261 ea
1971 1203 2127 1258 navi-

555 1317 741 1377 gantes
803 1304 1194 1361 considerando
1259 1301 1498 1372 dirigunt
1570 1298 1636 1355 ad
1717 1311 1935 1354 cursum
1996 1309 2129 1352 con-

555 1397 754 1461 silium,
813 1410 882 1451 ne
937 1393 1216 1449 fallacibus
1271 1391 1450 1455 undis,
1508 1399 1602 1444 aut
1658 1387 1836 1444 ventis
1891 1386 1999 1442 alio
2036 1383 2129 1440 de-

555 1490 839 1544 ducantur.
907 1485 1160 1553 Quzedam
1227 1491 1409 1538 autem
1469 1480 1640 1537 stella:
1705 1479 1911 1536 idcirco
1973 1476 2128 1548 signa

555 1581 836 1645 dicuntur,
904 1577 1030 1648 quia
1094 1589 1155 1631 ea
1226 1581 1405 1628 nautae
1465 1572 1758 1628 observant
1823 1569 1876 1624 in
1933 1567 2131 1639 guber-

558 1671 747 1727 nandis
798 1668 1035 1740 remigiis
1057 1707 1073 1735 ,
1108 1663 1536 1735 contemplantes
1558 1661 1729 1717 aciem
1764 1658 2131 1730 fulgorcmque

2227 488 2409 534 autem
2463 486 2728 543 vocatur,
2792 483 3076 545 pr0pterea
3128 473 3268 540 quod
3321 486 3554 540 corpora
3613 473 3789 526 morbo

2226 569 2442 637 alliciat,
2465 570 2578 628 sive
2605 577 2824 639 propter
2849 566 3075 622 ﬂammae
3100 565 3386 619 candorem
3406 605 3420 627 ,
3461 578 3584 632 qua:
3610 561 3791 631 hujus-

2227 664 2370 720 modi
2397 664 2488 729 sit,
2518 671 2577 717 ut
2600 676 2710 731 prae
2735 659 2944 714 exteris
2968 656 3148 712 lucere
3178 657 3443 710 videatur.
3481 655 3669 724 Itaque
3695 669 3791 724 quo

2223 754 2396 824 magis
2441 768 2562 808 eam
2608 757 3010 822 cognoscerent,
3042 746 3236 819 Syrion
3287 745 3654 817 appellarunt.
3699 744 3794 800 Co-

2224 851 2396 897 metes
2425 842 2579 898 stella
2622 849 2705 895 est
2728 839 2890 905 dicta,
2919 852 2984 907 eo
3008 837 3150 908 quod
3184 851 3367 892 comas
3403 828 3629 889 luminis
3648 849 3713 890 ex
3739 849 3796 891 se

2223 932 2449 999 fundat,
2477 933 2620 1004 quod
2658 945 2827 1001 genus
2863 929 3054 986 sideris
3083 928 3298 998 quando
3335 927 3681 998 apparuerit,
3708 937 3794 981 aut

2224 1021 2607 1092 pestilentiam,
2639 1028 2733 1074 aut
2761 1017 2898 1074 bella
2921 1057 2937 1084 ,
2961 1027 3055 1072 aut
3074 1016 3269 1071 famem
3292 1015 3585 1087 signiﬁcat.
3613 1013 3794 1070 Come—

2227 1120 2311 1166 tes
2336 1117 2514 1166 autem
2545 1109 2733 1164 Latine
2757 1107 2984 1164 crinitus
3007 1107 3327 1178 appellatur,
3349 1106 3476 1176 quia
3501 1106 3555 1160 in
3585 1105 3793 1160 modum

2226 1199 2455 1258 crinium
2484 1199 2728 1254 flammas
2770 1196 2994 1267 spargit,
3031 1211 3230 1267 easque
3276 1195 3449 1252 Stoici
3473 1196 3794 1251 dicuntesse

2227 1288 2366 1346 ultra
2398 1288 2636 1359 triginta,
2691 1301 2918 1358 quorum
2963 1286 3180 1341 nomina
3227 1295 3282 1340 et
3323 1284 3549 1341 eﬁeetus
3585 1286 3792 1356 quidam

2227 1378 2496 1450 Astrologi
2535 1377 2886 1449 scripserunt.
2926 1377 3141 1433 Lucifer
3167 1377 3374 1444 dictus,
3401 1392 3466 1433 eo
3494 1378 3641 1448 quod
3665 1378 3798 1434 inter

2229 1471 2411 1528 omnia
2453 1471 2627 1527 sidera
2671 1469 2794 1541 plus
2824 1469 2960 1525 lucis
2995 1468 3154 1526 ferat.
3203 1469 3296 1525 Est
3334 1478 3518 1524 autem
3565 1487 3705 1525 unus
3737 1483 3797 1523 ex

2230 1563 2487 1622 Planetis.
2519 1561 2616 1617 llic
2635 1561 2852 1633 proprie
2877 1570 2927 1616 et
2948 1560 3109 1631 jubar
3140 1560 3355 1626 dicitur,
3394 1575 3462 1616 eo
3487 1561 3630 1631 quod
3648 1559 3801 1630 jubas

2231 1655 2370 1711 lueis
2413 1655 2681 1710 ostendat.
2732 1651 2838 1707 Sed
2874 1661 2928 1706 et
2957 1651 3206 1722 splendor
3235 1651 3393 1716 Solis,
3435 1662 3492 1707 et
3521 1652 3704 1716 Luna2,
3751 1663 3803 1706 et

554 1777 762 1827 eorum,
793 1731 989 1830 quibus
1027 1731 1192 1813 rebus
1211 1731 1386 1812 status
1410 1751 1534 1809 εωιί
1557 1749 1772 1807 futurus
1805 1747 2125 1804 ostenditur.
2160 1731 2205 1793 Β
2233 1745 2509 1804 stellarum
2550 1745 2712 1816 jubar
2741 1743 2966 1808 dicitur,
2997 1742 3138 1813 quod
3169 1743 3220 1797 in
3238 1742 3467 1814 modum
3491 1743 3638 1813 juba:
3671 1741 3801 1796 radii

555 1855 660 1910 Sed
684 1861 738 1909 et
770 1867 956 1908 onmes
986 1851 1232 1906 homines
1261 1862 1325 1903 ea
1357 1844 1639 1902 intendunt
1665 1842 1732 1899 ad
1763 1839 2133 1912 praevidendas
2234 1835 2474 1907 ipsorum
2507 1833 2882 1892 extendantur.
2921 1834 3188 1904 Vesperus
3225 1832 3381 1889 stella
3411 1833 3800 1903 Occidentalis,

557 1949 697 2005 acris
748 1946 1034 2018 qualitates
1081 1959 1176 2015 per
1211 1948 1491 2006 aestatem,
1529 1945 1584 1994 et
1610 1937 1858 2007 hyemem
1883 1973 1899 2002 ,
1936 1947 2132 1990 verna-
2233 1943 2392 1999 quam
2437 1926 2866 1998 cognominatam
2912 1925 3197 1997 perhibent
3234 1941 3264 1980 a
3306 1925 3550 1997 Vespero
3596 1925 3803 1995 Spanix

556 2016 778 2111 lemque?
814 2038 1147 2108 temperiem.
1173 2035 1307 2091 Ortu
1332 2033 1476 2089 enim
1508 2030 1593 2086 vel
1621 2043 1818 2086 occasu
1843 2041 1944 2083 suo
1970 2025 2135 2082 certis
2236 2020 2400 2090 Rege.
2433 2019 2530 2075 Est
2555 2028 2735 2073 autem
2771 2026 2825 2074 et
2856 2018 2969 2087 ipsa
3007 2032 3072 2072 ex
3102 2017 3340 2088 quinque
3379 2016 3552 2074 stellis
3575 2017 3804 2089 planetis

557 2109 881 2185 stationibus
919 2136 1217 2197 temporum
1251 2122 1536 2193 qualitates
1574 2119 1900 2191 signiﬁcant.
1943 2117 2136 2186 Signo—
2235 2122 2446 2168 noctem
2497 2111 2698 2167 ducens
2721 2151 2736 2176 ,
2766 2119 2822 2168 et
2867 2109 3046 2166 Solem
3089 2125 3337 2182 sequens.
3372 2110 3570 2167 Fertur
3607 2122 3802 2176 autem,

557 2239 675 2280 rum
700 2222 910 2294 primus
942 2227 1167 2284 Arcton,
1195 2216 1286 2286 qui
1318 2216 1371 2271 in
1400 2229 1500 2271 axe
1534 2213 1675 2269 ﬁxus
1714 2208 2130 2281 Septentrionali
2232 2203 2374 2273 quod
2399 2203 2512 2258 lucc
2538 2203 2688 2258 stclla
2721 2202 2913 2258 Oriens
2950 2201 3270 2267 Luciferum,
3302 2201 3570 2260 Occidens
3603 2202 3803 2272 Vespe-

553 2315 609 2368 in
638 2328 695 2369 se
737 2309 1010 2368 revolutus
1045 2315 1275 2365 rotatur.
1327 2305 1532 2361 Nomen
1564 2311 1648 2360 est
1693 2302 1963 2366 Graecum,
1991 2297 2133 2371 quod

554 2403 747 2459 Latine
793 2402 990 2458 dicitur
1019 2397 1177 2463 Ursa,
1229 2411 1348 2465 quae
1374 2387 1496 2464 quia
1546 2393 1599 2448 in
1647 2392 1864 2446 modum
1908 2387 2133 2460 plaustri

555 2495 805 2558 vertitur,
833 2492 1005 2548 nostri
1035 2505 1153 2545 eam
1191 2485 1647 2557 Septemtrionem
1674 2484 1949 2538 dixerunt.
1979 2479 2135 2535 Trio-

554 2601 653 2641 nes
674 2585 818 2640 enim
847 2583 1064 2654 proprie
1106 2588 1230 2636 sunt
1258 2579 1421 2634 boves
1441 2575 1662 2632 aratorii
1693 2574 1822 2630 dicti
1847 2614 1860 2637 ,
1891 2588 1957 2629 eo
1991 2571 2134 2642 quod

557 2689 758 2732 terram
788 2684 982 2741 terant,
1011 2671 1164 2744 quasi
1217 2669 1470 2727 teriones.
1513 2665 1937 2738 Septemtriones
1987 2662 2134 2718 enim

555 2783 662 2824 non
689 2767 936 2835 occidere
987 2764 1105 2820 axis
1147 2762 1396 2819 vicinitas
1440 2758 1587 2824 facit,
1640 2756 1766 2828 quia
1792 2757 1845 2810 in
1880 2769 1946 2811 eo
1986 2759 2132 2810 sunt.

555 2855 906 2927 ArctOphilax
960 2854 1136 2910 dictus
1163 2894 1177 2918 ,
1239 2849 1588 2907 Arctonidem
1634 2845 1842 2903 scilicet
1915 2856 2133 2900 cursum

556 2947 799 3017 sequitur
843 2945 1124 3011 eumdem,
1181 2952 1236 2998 et
1290 2941 1510 3000 Bootem
1559 2939 1832 3002 dixerunt,
1883 2950 1949 2991 eo
1991 2931 2137 3004 quod

553 3039 797 3110 plaustro
843 3038 1042 3100 hmret,
1090 3034 1269 3090 multis
1329 3034 1533 3104 signum
1585 3025 1899 3099 expectabile
1949 3022 2130 3080 stellis.

557 3130 702 3185 Inter
749 3144 884 3200 quas
928 3129 1189 3183 Arcturus
1229 3131 1329 3181 est.
1388 3124 1650 3179 Arcturus
1697 3119 1846 3174 sidus
1896 3123 1980 3171 est
2013 3123 2135 3184 post

549 3223 784 3277 .caudam
820 3218 1040 3288 majoris
1064 3216 1216 3273 Ursa:
1241 3213 1473 3286 positum
1508 3212 1561 3267 in
1593 3211 1746 3281 signo
1769 3207 1971 3273 Bootis,
1994 3206 2136 3262 unde

559 3321 823 3381 Arcturus
851 3317 1066 3381 dicitur,
1107 3312 1300 3390 ἄρκτου
1336 3311 1500 3390 οὐρὰ,
1536 3306 1662 3376 quia
1695 3302 1879 3360 Bootls
1901 3314 2135 3373 praecor-

547 3411 664 3466 diis
691 3409 1002 3466 conlocatus
1021 3413 1124 3462 est.
1142 3403 1325 3460 Oritur
1345 3411 1521 3456 autem
1540 3394 1853 3453 Autumnali
1875 3403 2132 3461 tempore.

547 3501 726 3557 Orion
764 3501 1024 3554 Austrum
1059 3504 1183 3550 ante
1217 3491 1382 3548 Tauri
1420 3487 1644 3558 vestigia
1663 3483 1849 3554 fulget,
1881 3489 1936 3536 et
1959 3479 2136 3536 dictus

562 3593 728 3649 Urion
753 3591 821 3646 ab
843 3589 1021 3652 urina,
1047 3587 1098 3642 id
1121 3593 1206 3640 est
1226 3583 1292 3638 ab
1314 3579 1663 3638 inundatione
1685 3587 1980 3645 aquarum;
2009 3579 2136 3625 tem-

561 3699 691 3754 pore
717 3682 863 3737 enim
905 3673 1118 3750 byemis
1158 3684 1312 3732 ortus
1349 3683 1519 3748 mare,
1550 3677 1604 3724 et
1651 3675 1822 3721 terras
1865 3662 2040 3734 aquis,
2072 3675 2136 3714 ac

563 3769 974 3842 tempestatibus
1007 3768 1203 3823 turbat.
1245 3763 1400 3819 Hunc
1437 3760 1611 3816 Latini
1637 3756 1886 3829 Jugulum
1919 3759 2135 3818 vocant,

563 3865 707 3933 quod
737 3861 808 3916 sit
834 3868 1074 3914 armatus
1093 3896 1108 3922 ,
1139 3865 1195 3909 ut
1221 3853 1428 3925 gladius
1448 3890 1464 3918 ,
1490 3859 1546 3904 et
1575 3847 1852 3904 stellarum
1879 3846 1998 3901 luce
2030 3851 2138 3898 ter-

565 3950 736 4007 ribilis
772 3957 934 4018 atque
989 3944 1336 4002 clarissimus.
1365 3940 1480 4008 Quo
1510 3938 1752 4010 fulgente
1775 3936 1953 3992 omnis
1982 3947 2133 3989 sere-

549 4045 706 4102 nitas
745 4040 968 4104 tollitur,
999 4051 1061 4092 ac
1089 4035 1428 4095 obscuratur,
1457 4037 1512 4085 et
1534 4028 1817 4084 imminere
1845 4034 2138 4096 tempestas

563 4133 822 4190 cernitur.
868 4128 1082 4200 Hyades
1123 4111 1279 4181 dictae
1309 4123 1376 4178 ab
1400 4120 1583 4192 Hyan,
1615 4119 1667 4173 id
1696 4125 1780 4172 est
1811 4131 1844 4170 a
1873 4128 2054 4180 succo,
2083 4123 2140 4169 et

545 4225 777 4296 pluviis,
828 4238 951 4277 nam
1003 4217 1194 4288 pluviae
1231 4215 1420 4286 byetos
1462 4211 1734 4267 dicuntur.
1765 4205 1898 4265 Ortu
1943 4205 2138 4278 quippe

564 4335 663 4376 suo
705 4315 940 4373 efﬁciunt
977 4312 1214 4385 pluvias,
1257 4309 1397 4362 unde
1439 4315 1492 4361 et
1532 4317 1626 4360 eas
1670 4300 1846 4357 Latini
1891 4297 2138 4354 succulas

2235 2309 2354 2349 rum
2388 2293 2534 2350 facit.
2562 2292 2638 2349 De
2677 2309 2787 2363 qua
2838 2292 3081 2348 Statius:
3131 2293 3197 2347 Et
3248 2293 3449 2349 alterno
3498 2295 3804 2365 dependitur

2233 2401 2368 2440 unus
2412 2385 2468 2440 in
2496 2393 2633 2440 ortu.
2669 2383 2904 2440 Planetaa
2932 2383 3097 2438 stellae
3124 2391 3248 2438 sunt
3291 2384 3414 2439 ﬁxa:
3449 2385 3505 2438 in
3553 2384 3712 2447 etelo,
3751 2393 3808 2440 ut

2235 2475 2478 2544 reliquae,
2509 2475 2604 2530 sed
2636 2475 2687 2528 in
2722 2489 2844 2528 aere
2871 2472 3136 2529 feruntur.
3166 2472 3331 2528 Dictaa
3365 2483 3549 2528 autem
3583 2473 3809 2544 planeve

2234 2578 2335 2634 apo
2382 2572 2436 2619 to
2477 2563 2688 2635 planos,
2731 2563 2782 2618 id
2809 2571 2893 2619 est
2927 2561 2996 2618 ab
3036 2577 3250 2628 errore;
3288 2579 3413 2617 nam
3448 2563 3729 2618 interdum
3757 2564 3806 2618 in

2231 2655 2526 2720 Austrum,
2571 2654 2842 2710 interdum
2890 2654 2943 2708 in
2973 2653 3455 2724 Septemtrionem,
3494 2635 3807 2725 plerumque

2233 2756 2425 2802 contra
2465 2745 2754 2810 Mundum,
2797 2760 2902 2800 non
2934 2758 3204 2815 nunquam
3243 2762 3365 2802 cum
3407 2745 3609 2802 Mundo
3638 2748 3806 2802 ferum

2237 2845 2340 2891 tur.
2381 2835 2618 2904 Quarum
2662 2837 2879 2892 nomina
2919 2833 3104 2892 Grzeca
3144 2846 3288 2892 sunt.
3340 2837 3616 2904 Phaeton,
3648 2838 3807 2893 Phae-

2235 2936 2421 2993 tonta,
2473 2927 2742 2997 Phyriona
2793 2941 3077 2997 aSperum,
3124 2927 3381 2983 Stelbom.
3422 2927 3534 2982 llas
3583 2929 3805 2983 Romani

2191 3077 2203 3094 Q
2237 3017 2544 3074 nominibus
2593 3017 2813 3074 deorum
2845 3003 3088 3082 suorum,
3139 3017 3192 3071 id
3232 3025 3317 3072 cst
3352 3016 3537 3084 Jovis,
3570 3019 3804 3081 Saturni,

2235 3107 2446 3175 Martis,
2477 3109 2723 3174 Veneris,
2766 3116 2928 3179 atque
2975 3107 3224 3173 Mercurii
3267 3119 3673 3176 sacraverunt;
3719 3111 3806 3166 de-

2237 3198 2376 3270 cepti
2417 3200 2596 3266 enim,
2639 3207 2694 3255 et
2736 3199 2984 3269 decipere
3022 3199 3261 3256 volentes
3311 3201 3364 3254 in
3398 3216 3590 3256 eorum
3636 3203 3808 3256 adula-

2239 3291 2403 3356 tione,
2432 3292 2524 3362 qui
2555 3291 2656 3348 sibi
2692 3291 2894 3363 aliquid
2923 3291 3214 3349 secundum
3255 3308 3501 3349 amorem
3530 3295 3810 3364 praestitis;

2237 3390 2376 3448 sent,
2426 3383 2602 3439 sidera
2647 3381 3009 3438 adtendebant
3056 3383 3107 3439 in
3155 3383 3291 3440 caelo
3321 3384 3616 3441 dicentes:
3669 3385 3807 3451 Quod

2235 3472 2385 3529 Jovis
2411 3483 2558 3531 esset
2585 3473 2712 3530 illud
2734 3475 2902 3539 sidus,
2932 3483 2986 3529 et
3013 3475 3144 3530 illud
3172 3474 3445 3541 Mercurii,
3475 3486 3532 3532 et
3555 3486 3808 3545 concepta

2237 3573 2322 3620 est
2345 3565 2528 3636 opinio
2566 3563 3026 3628 vanitatisﬂanc
3054 3566 3359 3637 opinionem
3391 3569 3604 3622 erroris
3630 3568 3809 3624 Diabo-

2237 3655 2321 3713 lus
2341 3657 2700 3724 conﬁrmavit,
2735 3657 2982 3716 Christus
3005 3659 3216 3715 evertit.
3248 3659 3368 3715 Jam
3396 3674 3530 3716 vero
3555 3654 3680 3724 illa,
3703 3675 3810 3730 qua

2239 3747 2305 3803 ab
2329 3748 2460 3817 ipsis
2485 3747 2785 3804 Gentilibus
2806 3751 2957 3820 signa
2999 3750 3282 3814 dicuntur,
3313 3751 3368 3806 in
3396 3752 3598 3822 quibus
3626 3762 3681 3808 et
3705 3754 3812 3808 auio

2239 3838 2501 3894 mantium
2538 3839 2715 3908 imago
2752 3839 2818 3894 de
2863 3839 3030 3895 stellis
3069 3839 3352 3906 formatur,
3398 3851 3457 3896 ut
3501 3845 3726 3908 Arcton,
3757 3851 3811 3897 ut

2237 3929 2416 3995 Aries,
2469 3928 2702 3995 Taurus,
2754 3929 2942 3996 Libra,
2973 3915 3038 3983 iet
3084 3929 3388 3998 hujusmodi
3438 3931 3568 3999 alia,
3624 3934 3678 3986 bi
3727 3932 3809 4001 qui

2238 4019 2418 4076 sidera
2464 4020 2833 4089 perviderunt,
2880 4021 2932 4075 in
2983 4035 3262 4076 numerum
3311 4021 3595 4077 stellarum
3644 4023 3809 4092 specie

2239 4113 2482 4182 corporis
2526 4113 2898 4180 superstitiosa
2948 4113 3186 4168 vanitate
3237 4114 3468 4183 permoti
3521 4113 3808 4178 ﬁnxerunt,

2238 4211 2295 4258 et
2322 4218 2388 4258 ex
2408 4203 2584 4259 causis
2615 4203 2937 4274 quibusdam
2963 4203 3184 4260 deorum
3222 4218 3446 4258 suormn
3476 4215 3533 4259 et
3573 4204 3811 4276 imaginis

2241 4308 2433 4352 nomen
2455 4293 2862 4351 conﬁrmarunt.
2888 4293 3022 4349 Nam
3053 4293 3296 4352 Arietern
3318 4293 3556 4363 primum
3584 4295 3809 4365 signum,

566 4411 990 4483 appellaverunt,
1036 4406 1161 4476 quia
1204 4402 1419 4473 quando
1474 4407 1790 4462 nascuntur,
1834 4393 2135 4465 pluviarum
2170 4429 2216 4487 Ι)
2243 4386 2350 4451 cui,
2383 4396 2441 4440 ut
2467 4385 2659 4452 Libne,
2707 4386 2890 4442 mundi
2931 4386 3126 4442 lineam
3149 4385 3365 4441 tradunt
3405 4398 3635 4457 propter
3693 4389 3808 4440 Am-

565 4505 719 4574 signa
771 4493 1083 4554 nascuntur.
1134 4495 1208 4549 De
1244 4493 1440 4562 quibus
1487 4485 1787 4560 Virgilius:
1832 4484 2137 4574 Arcturum,

565 4571 867 4664 pluviasque
924 4585 1164 4661 Hyadas.
1216 4583 1354 4640 Sunt
1394 4589 1572 4635 autem
1623 4583 1830 4646 septem
1858 4573 1915 4630 in
1961 4571 2140 4628 fronte

569 4661 752 4748 Tauri,
785 4661 839 4736 et
860 4678 1108 4734 oriuntur
1141 4683 1382 4742 tempore
1421 4666 1647 4724 vernali.
1685 4663 1928 4721 Pleiades
1954 4676 1984 4717 a
2019 4661 2140 4731 plu-

567 4774 782 4830 ralitate
806 4771 981 4834 diem,
1008 4766 1133 4835 quia
1157 4761 1516 4834 pluralitatem
1540 4757 1766 4814 Graecia
1796 4763 1849 4810 to
1873 4755 1890 4774 ‘
1918 4753 2140 4825 tylicton

569 4863 857 4934 appellant.
899 4859 1038 4914 Sunt
1084 4865 1262 4910 autem
1305 4850 1471 4908 stella:
1517 4857 1719 4918 septem
1765 4853 1889 4900 ante
1919 4844 2138 4914 januam

569 4955 754 5021 Tauri,
785 4968 852 5008 ex
888 4950 1084 5025 quibus
1119 4962 1212 5004 sex
1239 4944 1506 5008 videntur,
1532 4955 1654 4995 nam
1687 4938 1816 4993 latet
1855 4951 1978 4991 una.
2031 4934 2140 4990 llas

570 5041 1137 5112 Latini,Virgiliusque
1168 5039 1356 5095 dicunt
1388 5051 1420 5089 a
1443 5032 1698 5103 temporis
1727 5027 2138 5101 signiﬁcatione,

571 5140 714 5211 quod
728 5146 810 5194 est
829 5135 1159 5206 ver,quando
1173 5130 1508 5188 exoriuntur.
1533 5125 1667 5180 Nam
1681 5136 1876 5179 occasu
1897 5134 1996 5176 suo
2013 5119 2147 5190 hye-

574 5249 714 5288 mem
723 5239 866 5299 ,ortu
877 5238 1115 5286 aestatem
1132 5221 1635 5296 primm,primusque
1649 5212 2002 5286 navigationis
2015 5221 2146 5268 tem-

574 5343 673 5397 pus
714 5323 1020 5381 ostendunt.
1044 5318 1294 5375 Canicula
1313 5311 1534 5370 aestuale
1553 5311 1718 5374 sidus,
1741 5322 1858 5378 quae
1877 5314 1930 5362 et
1956 5305 2026 5377 Sy
2036 5304 2146 5359 rius

577 5417 792 5472 dicitur.
822 5412 1045 5470 lEstivis
1072 5409 1344 5464 mensibus
1372 5406 1427 5460 in
1462 5403 1640 5458 medio
1669 5401 1840 5457 centri
1872 5397 1996 5453 eceli
2038 5405 2143 5462 est,

577 5518 630 5563 et
651 5507 776 5561 dum
801 5504 891 5558 Sol
922 5503 989 5556 ad
1019 5515 1138 5556 eam
1175 5495 1498 5558 ascenderit,
1525 5495 1810 5565 conjuncta
1839 5506 1962 5546 cum
1998 5488 2144 5555 Sole,

2244 4490 2458 4531 mortem
2481 4474 2668 4531 Jovem
2712 4477 2832 4532 ideo
2863 4484 3206 4532 vocaverunt.
3239 4477 3294 4531 ln
3327 4477 3483 4546 cujus
3519 4479 3702 4548 capite
3728 4478 3807 4545 qui

2241 4566 2528 4623 simulacra
2587 4566 2791 4624 faciunt
2853 4566 3038 4625 arietis
3097 4583 3298 4624 cornua
3367 4568 3616 4639 ﬁngunt,
3680 4567 3811 4638 quod

2241 4659 2454 4728 signum
2515 4656 2756 4716 Gentiles
2816 4659 2936 4716 ideo
2993 4659 3135 4715 inter
3199 4660 3350 4729 signa
3399 4662 3806 4720 constituerunt,

2241 4757 2370 4826 quia
2395 4757 2448 4812 in
2476 4755 2668 4811 Martio
2697 4769 2899 4820 mense,
2921 4755 3012 4824 qui
3037 4764 3122 4812 est
3140 4756 3267 4810 anni
3292 4755 3618 4826 principium
3639 4753 3809 4810 Solem

2244 4849 2298 4902 in
2323 4863 2388 4904 eo
2439 4863 2658 4904 cursum
2687 4861 2842 4902 suum
2885 4861 3046 4917 agere
3087 4845 3292 4903 dicunt.
3329 4845 3438 4902 Sed
3486 4857 3541 4902 et
3586 4846 3807 4900 Taurum

2247 4943 2387 4997 inter
2439 4939 2614 4996 sidera
2657 4938 2942 4995 conlocant
2969 4946 3027 4994 et
3055 4938 3226 5008 ipsum
3255 4938 3309 4993 in
3361 4939 3621 4993 honorem
3650 4936 3807 4997 Jovis,

2247 5048 2311 5087 eo
2335 5031 2476 5102 quod
2524 5030 2579 5084 in
2626 5031 2820 5086 bovem
2858 5029 2930 5084 sit
2975 5027 3217 5084 fabulose
3253 5042 3587 5093 converss,
3603 5027 3809 5098 quando

2244 5123 2515 5193 Europam
2565 5120 2882 5176 transvexit.
2911 5119 3188 5175 Castorem
3215 5133 3436 5189 quoque
3462 5128 3520 5174 et
3553 5118 3808 5172 Pollucem

2246 5221 2368 5283 post
2413 5218 2644 5267 mortem
2690 5209 2830 5264 inter
2872 5208 3162 5266 novissima
3205 5208 3364 5277 signa
3402 5209 3806 5264 constituerunt,

2219 5302 2392 5374 quod
2447 5301 2660 5372 signum
2711 5298 2966 5357 Geminos
3021 5298 3224 5353 dicunt.
3285 5298 3557 5354 Cancrum
3608 5309 3809 5366 quoque

2249 5393 2373 5451 inde
2399 5392 2671 5458 dixerunt,
2699 5404 2765 5446 eo
2785 5389 2928 5461 quod
2960 5403 3081 5444 cum
3112 5387 3178 5442 ad
3218 5387 3351 5442 illud
3389 5387 3597 5458 signum
3637 5395 3809 5438 mense

2245 5484 2408 5542 Junio
2437 5482 2527 5540 Sol
2550 5483 2782 5549 venerit,
2812 5492 2958 5536 retro
2995 5480 3238 5551 graditur
3271 5479 3326 5535 in
3360 5480 3577 5535 modum
3601 5472 3809 5532 Cancri.

3969 5510 3974 5570 ἰ
