4006 5438
301 315 436 392 i557

1569 335 1766 392 LIBER
1809 339 1894 394 DE
1933 339 2278 400 COMPUTO.

3405 365 3543 423 I358

298 455 402 500 tem
455 458 696 527 gressum
753 442 956 514 dirigit,
1000 443 1071 496 ita
1122 451 1181 498 ut
1237 444 1384 514 prior
1427 460 1553 516 pars
1589 428 1660 503 sit
1688 459 1868 519 poste-
1898 454 1944 513 Α
1972 453 2253 510 nisterium
2291 455 2384 512 Dei
2413 457 2627 527 scitote,
2669 463 2810 533 quod
2852 479 2958 520 non
2990 463 3184 523 mirum
3215 471 3259 525 si
3283 478 3543 533 accende-

207 561 210 564 ~
296 535 423 599 rior,
469 543 523 587 et
567 526 836 603 posterior
892 533 1058 602 prior.
1124 532 1356 600 Leonem
1413 536 1466 589 in
1518 535 1726 592 Graecia
1784 538 1864 594 in-

291 635 504 695 gentem
570 623 829 679 Hercules
890 625 1127 690 occidit,
1200 635 1256 682 et
1322 636 1542 697 propter
1609 629 1861 684 virtutem

289 730 443 771 suam
491 714 634 770 hunc
677 714 818 768 inter
860 723 1004 768 astra
1061 723 1114 770 et
1147 715 1426 770 duodecim
1463 717 1613 788 signa
1656 721 1860 775 consti-

289 815 465 860 tuunt.
501 804 614 860 I‘loc
628 805 839 874 signum
868 804 958 860 Sol
990 793 1120 860 cum
1143 805 1415 876 adtigerit,
1455 809 1679 864 nimium
1724 811 1862 867 calo-

288 912 402 952 rem
426 896 626 968 mundo
653 896 860 962 reddit,
889 905 942 952 et
963 912 1169 953 annuos
1197 897 1355 954 ﬂatus
1379 939 1396 966 ,
1431 900 1639 957 Etesias
1672 918 1863 974 nempe

287 985 433 1039 facit.
488 985 727 1056 Virginis
780 985 942 1040 etiam
988 987 1199 1058 signum
1256 989 1459 1044 idcirco
1513 991 1653 1046 inter
1716 1003 1860 1050 astra

284 1075 705 1138 collocaverunt,
761 1085 1041 1145 propterea
1096 1079 1240 1149 quod
1300 1081 1490 1136 iisdem
1538 1082 1745 1150 diebus,
1808 1086 1860 1139 in

280 1167 480 1234 quibus
510 1181 603 1236 per
639 1165 766 1220 illud
808 1167 898 1220 SOI
935 1167 1206 1235 decurrit,
1237 1179 1380 1225 terra
1417 1173 1678 1229 exhausta
1721 1174 1862 1233 Solis

271 1239 478 1309 ardore
509 1254 640 1308 nihil
675 1256 868 1324 pariat.
897 1257 991 1312 Est
1018 1259 1160 1312 enim
1195 1261 1297 1315 hoc
1341 1270 1548 1330 tempus
1573 1262 1860 1320 Canicula-

279 1345 421 1398 rium
454 1346 683 1399 dierum.
732 1345 950 1400 Libram
1002 1357 1182 1403 autem
1213 1360 1543 1405 vocaverunt
1583 1352 1651 1407 ab
1682 1365 1862 1423 atqua-

278 1434 434 1490 litate
484 1435 687 1489 mensis
726 1434 914 1504 ipsius,
954 1438 1079 1506 quia
1115 1455 1211 1494 νιιι
1268 1439 1386 1494 Kal.
1418 1439 1605 1496 Octob.
1650 1442 1741 1497 Sol
1765 1459 1862 1514 per

275 1524 408 1579 illud
440 1525 651 1596 signum
698 1540 924 1605 currens
954 1527 1366 1598 ZEquinoctium
1408 1531 1558 1597 facit,
1609 1537 1750 1589 unde
1806 1545 1860 1591 et

276 1616 573 1671 Lucanus:
616 1617 698 1670 Ad
732 1618 898 1687 justa.’
936 1620 1164 1690 pondere
1201 1608 1370 1677 librw.
1416 1622 1700 1695 Scorpium
1725 1642 1859 1696 quo-

274 1723 382 1778 que
428 1718 482 1763 et
525 1707 878 1780 Sagittarium
927 1723 1148 1784 propter
1189 1713 1398 1786 fulgora
1449 1717 1650 1772 mensis
1692 1717 1859 1787 ipsius

1966 554 2066 612 ret,
2095 548 2116 566 ‘
2143 548 2188 603 si
2219 549 2271 603 in
2304 549 2567 620 judicium
2613 557 2926 612 convenerit
2964 560 3366 631 aequinoctium,
3399 569 3543 636 quod

1963 643 2049 692 est
2071 652 2163 692 vin
2185 637 2304 692 Kal.
2332 640 2463 710 Apr.
2493 652 2643 698 sexta
2671 643 2826 700 Feria
2858 646 2984 703 luna
3009 649 3096 716 14,
3132 659 3185 705 et
3215 657 3542 712 resurrectio

1962 724 2090 781 luna
2120 727 2185 780 16
2213 738 2335 798 post
2365 746 2437 784 xu
2466 731 2582 786 Kal.
2633 735 2791 803 Apr.,
2822 737 2964 806 quod
2991 741 3369 810 aequinoctium
3415 732 3541 802 vero

1961 818 2102 885 nale,
2139 821 2241 875 hoc
2262 833 2344 876 est
2371 822 2580 879 initium
2608 829 2735 880 anni
2794 827 3017 896 Solaris,
3046 838 3101 886 et
3149 842 3276 890 ante
3304 834 3407 890 hoc
3432 836 3538 892 ini-

1964 908 2094 963 tium
2123 925 2228 964 non
2259 910 2452 967 facitur
2481 912 2688 970 Pascha
2741 921 2879 988 apud
2910 919 3185 988 Hebraeos,
3225 933 3277 978 et
3300 923 3540 994 Graecos,

1960 1005 2014 1052 et
2040 996 2282 1066 Latinos,
2335 1001 2438 1056 nisi
2469 1004 2522 1057 in
2557 1017 2763 1072 errore,
2815 1009 2940 1077 quia
2987 1011 3100 1065 dies
3145 1013 3444 1082 Dominica,
3483 1019 3539 1073 in

1961 1103 2064 1158 qua
2095 1087 2238 1144 facta
2286 1101 2372 1148 est
2410 1094 2521 1160 lux,
2546 1111 2652 1151 non
2679 1097 2782 1152 fuit
2811 1110 2936 1156 ante
2964 1117 3038 1154 xn
3071 1103 3187 1158 Kal.
3214 1106 3368 1175 Apr.,
3399 1111 3540 1177 quod

1959 1189 2042 1236 est
2065 1180 2118 1235 in
2146 1191 2305 1238 nocte
2329 1183 2384 1237 2.
2414 1184 2571 1241 Feria
2608 1185 2832 1245 numero
2861 1193 3058 1249 crucis.
3087 1211 3161 1248 xu
3196 1205 3374 1254 autem
3417 1199 3536 1257 Kal.

1957 1269 2090 1340 Apr.
2118 1266 2158 1337 3,
2193 1270 2372 1340 Feria,
2399 1284 2452 1330 et
2480 1293 2510 1330 λ
2536 1275 2662 1338 Kal.
2683 1280 2814 1349 Apr.
2842 1281 2876 1334 4
2905 1281 3083 1349 Feria,
3115 1285 3166 1339 in
3196 1302 3301 1356 qua
3328 1287 3531 1344 dictum

1959 1369 2043 1416 est
2067 1379 2082 1415 :
2110 1361 2236 1416 Post
2263 1364 2476 1419 biduum
2500 1366 2707 1424 Pascha
2735 1370 2842 1439 ﬁet.
2877 1372 3078 1429 Deinde
3104 1376 3317 1446 aliquod
3340 1379 3412 1433 ita
3437 1380 3532 1434 ﬁat

1958 1461 2079 1522 post
2115 1453 2625 1524 biduumPascha,
2677 1462 2813 1517 idest
2859 1475 2976 1534 post
3024 1468 3436 1537 completionem
3483 1484 3538 1527 et

1959 1541 2326 1613 integritatem
2357 1546 2586 1602 duorum
2611 1559 3081 1622 testamentorum,
3109 1567 3162 1612 et
3193 1567 3538 1617 transcensus

1958 1635 2024 1690 ad
2057 1650 2277 1705 regnum
2309 1635 2403 1692 Dei
2433 1641 2784 1697 conveniente
2804 1643 2870 1698 ad
2895 1644 2946 1698 6.
2978 1645 3192 1702 Feriam
3215 1648 3538 1718 :equinoctio

1959 1723 2083 1778 luna
2125 1725 2189 1780 H
2210 1735 2264 1781 et
2291 1727 2633 1786 solemnitate
2659 1732 3095 1793 Besurrectionis
3119 1738 3207 1793 die
3239 1740 3534 1810 Dominica,

275 1800 702 1871 appellaverunt.
731 1801 1057 1874 Sagittarius
1080 1805 1163 1858 vir
1182 1806 1396 1876 equinis
1419 1806 1667 1862 cruribus
1687 1809 1861 1864 defor-
1892 1796 1935 1856 Β
1967 1815 2068 1870 hoc
2100 1826 2184 1871 est
2213 1818 2376 1874 totius
2413 1822 2626 1890 generis
2663 1823 2906 1890 humani,
2929 1841 2996 1880 ex
3021 1843 3127 1892 quo
3164 1844 3360 1900 genere
3385 1796 3536 1904 virga

274 1897 488 1968 matus,
519 1889 606 1945 cui
661 1891 914 1961 sagittam
956 1901 1012 1947 et
1037 1909 1222 1948 arcum
1252 1893 1580 1966 adjungunt,
1613 1905 1670 1949 ut
1698 1912 1763 1951 ex
1796 1912 1861 1953 eo

273 1981 480 2034 mensis
507 1979 676 2050 ipsius
698 1980 1414 2059 fulminademonstrentur,
1441 1986 1583 2041 unde
1603 1994 1658 2041 et
1682 1985 1862 2059 Sagit-

273 2069 469 2124 larius.

580 2163 775 2234 Incipit
821 2164 1040 2233 epistola
1075 2164 1313 2237 Dianysii
1340 2166 1558 2236 Exigui.

342 2250 567 2306 CXLIII.
611 2253 858 2309 Dominis
897 2269 927 2308 a
958 2270 1044 2309 me
1080 2253 1371 2324 plurimum
1406 2258 1726 2312 venerandis
1752 2257 1855 2312 Bo-

270 2342 474 2398 nifacio
533 2343 848 2399 Primicerio
909 2344 1280 2414 Notariorum,
1343 2355 1394 2402 et
1460 2346 1608 2404 Bono
1650 2347 1858 2404 Secun-

269 2433 490 2489 dicatrio
516 2433 802 2505 Dionysius
832 2433 1092 2506 Exiguus,
1119 2445 1224 2492 etc.
1256 2435 1439 2508 (Edita
1465 2455 1496 2491 a
1515 2437 1772 2492 Bucherio
1801 2440 1855 2494 in

267 2521 536 2592 Append.)

380 2611 574 2684 Incipit
608 2615 825 2684 epistola
863 2614 922 2670 S.
964 2615 1152 2687 Cyrilli
1200 2633 1233 2670 v
1284 2617 1410 2671 Kal.
1451 2616 1722 2674 Decembr.

342 2703 568 2759 CXLIV.
611 2706 851 2762 Dominis
907 2707 1304 2763 venerabilibus
1337 2709 1536 2764 sanctis
1576 2709 1853 2764 Fratribus

269 2797 534 2868 episcopis
579 2799 831 2866 Aurelio,
884 2799 1169 2855 Valentino
1193 2842 1208 2867 ,
1242 2800 1338 2855 sed
1367 2809 1421 2854 et
1460 2801 1605 2855 omni
1640 2801 1852 2856 Sanctae

270 2886 708 2959 Congrcgationi,
745 2899 847 2945 etc.
879 2888 1059 2962 (Edita
1087 2910 1118 2945 a
1151 2891 1408 2946 Bucherio
1428 2909 1551 2962 pag.
1577 2891 1665 2946 72.
1694 2891 1851 2947 Hunc

269 2987 446 3031 autent
469 2979 625 3047 ﬁnem
675 2980 732 3034 in
751 2979 939 3034 Codice
967 2991 1144 3036 nostra
1175 2980 1372 3052 habet.)
1413 2982 1681 3038 Etomnia
1716 2983 1852 3038 scri-

269 3083 362 3144 pta
406 3076 677 3130 autentica
744 3077 931 3148 synodi
977 3077 1207 3134 Nictenze
1272 3078 1469 3149 protuli
1536 3078 1848 3135 Innocentio

1963 1907 2029 1962 de
2051 1908 2228 1964 radice
2249 1907 2399 1964 JeSse
2419 1912 2552 1965 exiit
2569 1929 2688 1982 qua:
2711 1916 2936 1972 redemit
2963 1918 3163 1975 Israhel
3192 1922 3256 1976 de
3276 1921 3533 1994 AEgypto,

1959 2012 2080 2067 quae
2124 2013 2382 2054 conversa
2435 2010 2518 2056 est
2567 2003 2618 2056 in
2679 2002 3014 2075 Serpentem,
3070 2018 3129 2064 ut
3179 2010 3536 2070 liberarentur

1959 2085 2249 2142 lsrahelitae
2269 2087 2582 2162 ahlEgypto
2617 2092 2752 2158 Quid
2775 2094 3284 2169 Serpenspersuasit
3303 2102 3530 2170 homini,

1957 2175 2061 2231 hoc
2082 2187 2166 2232 est
2209 2177 2462 2233 Diabolus
2507 2192 2755 2236 mortem.
2802 2183 2858 2239 Si
2909 2201 3040 2258 ergo
3080 2203 3112 2242 a
3145 2189 3412 2260 Serpente
3449 2203 3538 2250 est

1957 2283 2124 2334 mors,
2171 2268 2330 2339 Virga
2379 2270 2432 2324 in
2486 2271 2824 2342 Serpentem,
2875 2276 3123 2334 Christus
3179 2281 3235 2336 in
3279 2293 3531 2350 mortem,

1957 2355 2192 2427 Serpens
2219 2360 2492 2415 exaltatur
2521 2361 2574 2416 in
2615 2363 2834 2420 heremo
2873 2369 3119 2434 aere,'ut
3157 2384 3378 2432 sanaret
3420 2374 3534 2430 vul—

1954 2464 2083 2504 nera
2113 2464 2400 2519 corporum
2437 2453 2809 2522 respicientem
2836 2460 2851 2476 ‘
2875 2459 3110 2514 aenium.
3141 2461 3212 2517 Ut
3235 2463 3391 2522 solvit
3419 2481 3533 2520 scr-

1953 2539 2176 2594 vilutem
2210 2540 2613 2598 Israhelitartun
2654 2544 3030 2603 famulantium
3059 2549 3112 2603 in
3156 2549 3408 2624 Egypto,
3453 2555 3532 2610 sic

1955 2631 2130 2686 aninis
2159 2633 2175 2651 ⁶
2222 2632 2391 2704 Moysi
2445 2650 2472 2687 a
2531 2639 2870 2706 serpentibus
2925 2655 2956 2696 a
3008 2643 3229 2698 venenis
3276 2644 3532 2702 intuendo

1953 2719 2267 2791 Serpentem
2296 2739 2548 2794 magnum
2576 2725 2987 2784 Sacramentum
3008 2732 3150 2800 quod
3175 2741 3258 2787 est
3279 2733 3533 2793 intuendo

1952 2814 2270 2883 Serpentem
2297 2817 2500 2882 sanari,
2530 2817 2631 2872 nisi
2669 2820 2833 2876 credo
2868 2821 2920 2875 in
2954 2832 3224 2879 mortuum
3256 2824 3531 2881 Christum

1952 2904 2131 2959 sanari
2154 2921 2184 2960 a
2209 2913 2383 2960 morte
2401 2917 2774 2976 peccatorum.
2797 2910 2863 2965 Et
2886 2896 2943 2965 ut
2964 2911 3289 2970 liberaretur
3306 2917 3533 2986 populus

1950 2999 2020 3053 ab
2053 2996 2293 3069 {Egypto
2345 3014 2444 3069 per
2475 2998 2694 3070 Virgam
2739 3003 2792 3058 in
2824 3004 3140 3075 Serpentem
3190 3023 3530 3079 conversam,

1952 3097 2008 3142 et
2030 3089 2240 3159 Agnum
2270 3089 2320 3142 in
2355 3089 2562 3145 Pascha
2615 3095 2878 3161 occisum,
2905 3097 3008 3154 hoc
3036 3106 3120 3156 est
3157 3097 3432 3156 Christum
3475 3101 3531 3157 in

269 3165 592 3246 presbytero
620 3175 678 3220 ut
709 3143 917 3223 adferat
946 3170 1011 3223 ad
1032 3184 1149 3224 vos.
1180 3169 1291 3223 Pax
1313 3185 1432 3225 cum
1460 3170 1650 3240 spiritu
1674 3179 1852 3226 vestro
1877 3143 1923 3207 C
1955 3143 2206 3244 morie"),
2260 3179 2333 3233 ita
2383 3178 2639 3236 liberator
2691 3191 2862 3238 totum
2909 3185 3208 3243 humanum
3265 3204 3433 3260 genus
3476 3192 3533 3247 in

265 3243 326 3307 ct
363 3271 480 3309 meo
512 3258 564 3310 in
595 3257 811 3314 Christo
852 3257 996 3315 Jesu.
1028 3259 1195 3315 Finit.
1224 3262 1418 3317 Anien.

267 3369 735 3450 IncipitﬁEpistola
767 3375 933 3450 sanc_t_i
970 3374 1200 3450 I’roterii
1247 3376 1589 3450 Alexandrini
1631 3381 1853 3450 episcopi

342 3443 822 3514 angeatissimum
876 3442 1079 3514 Papam
1126 3445 1350 3501 Leonem
1401 3442 1668 3502 Romana!
1697 3442 1852 3506 Urbis

341 3511 652 3581 Episcopum
689 3513 752 3566 de
776 3511 976 3567 ratione
1003 3512 1273 3577 Paschali.

338 3626 543 3683 CXLV.
572 3628 799 3683 Domino
819 3643 937 3684 meo
955 3629 1308 3687 dilectissimo
1339 3632 1538 3698 Fratri,
1573 3633 1846 3688 etConsa-

270 3718 475 3772 cerdoti
497 3717 660 3773 Leoni
677 3718 971 3784 Proterius,
987 3731 1093 3777 etc.
1105 3762 1121 3788 ,
1142 3722 1322 3794 (Edita
1338 3741 1367 3777 a
1382 3723 1656 3791 Bucherio,
1669 3743 1719 3795 p.
1735 3723 1848 3796 82.)

269 3826 463 3898 Incipit
512 3827 770 3901 Epistold
798 3827 1029 3884 Moriani
1087 3830 1326 3901 Episcopi
1382 3831 1729 3889 Alexandrini
1785 3835 1848 3889 de

395 3906 514 3950 ortu
540 3899 812 3965 Paschali,
841 3916 899 3954 eo
920 3902 1059 3971 quod
1080 3899 1347 3956 senserunt
1377 3903 1470 3956 alii
1498 3902 1715 3958 diverse.

340 4009 570 4068 CXLVI.
608 4010 688 4068 De
731 4027 794 4068 co
840 4013 982 4082 quod
1008 4014 1266 4084 scriptum
1302 4024 1422 4070 est:
1469 4014 1596 4069 Post
1631 4015 1846 4072 biduum

268 4099 480 4154 Pascha
509 4099 620 4164 lict,
662 4098 1012 4172 incongruum
1044 4101 1148 4157 fuit
1189 4103 1394 4159 Pascha
1438 4103 1745 4161 Judmorum
1791 4107 1845 4163 in

266 4191 633 4260 Equinoctio,
668 4191 772 4245 hoc
792 4199 876 4247 est
913 4192 966 4247 in
990 4209 1082 4248 vin
1112 4193 1230 4249 Kal.
1254 4197 1382 4267 Apr.
1414 4196 1471 4251 In
1500 4195 1847 4268 {Equinoctio

265 4283 546 4338 renovatio
581 4283 871 4339 novissima
904 4284 1108 4351 Mundi,
1155 4296 1210 4342 et
1238 4288 1532 4359 redemptio
1575 4305 1672 4359 per
1707 4289 1843 4346 Cru-

264 4388 386 4428 cem
409 4373 628 4438 Christi,
660 4374 785 4444 quia
812 4373 867 4429 in
891 4373 1237 4444 [Equinoctio
1271 4377 1370 4432 fuit
1390 4379 1571 4434 Mundi
1598 4390 1844 4436 constru-

262 4465 396 4530 ctio,
445 4473 502 4520 et
551 4465 939 4535 compositione
999 4466 1183 4535 dispar
1231 4466 1329 4522 sibi
1387 4467 1616 4522 invicem
1670 4467 1848 4524 fuerat

263 4564 516 4624 utraque.
565 4556 768 4611 Deinde
813 4556 984 4610 Adam
1021 4555 1296 4626 longitudo
1338 4547 1482 4614 facta
1521 4566 1625 4625 est,
1662 4567 1717 4615 et
1749 4576 1842 4630 po-

265 4645 437 4700 tentia
469 4645 563 4699 Dei
593 4645 764 4700 tribus
790 4645 978 4702 diebus
1004 4645 1199 4713 factis;
1234 4648 1328 4704 sed
1369 4646 1461 4703 Sol
1487 4649 1690 4704 addidit
1716 4664 1842 4706 cur-

261 4752 388 4793 sum
417 4737 646 4804 dierum,
669 4740 882 4808 quando
914 4738 1108 4794 inluxit
1133 4740 1187 4803 in
1208 4739 1403 4796 Mundo
1428 4749 1621 4811 quarto
1647 4743 1752 4798 diei
1776 4745 1792 4763 θ
1814 4758 1846 4798 e

260 4833 540 4888 contrario
577 4832 828 4903 dempsit.
859 4849 958 4888 cur
995 4838 1007 4852 '
1042 4835 1279 4890 noctium
1311 4835 1507 4890 etenim
1533 4835 1661 4890 Adae
1685 4850 1846 4890 vene-

261 4922 532 4980 rationem
555 4931 609 4978 et
630 4923 888 4978 honorem
909 4923 1212 4994 aequinoctii
1235 4924 1531 4988 novissimi,
1554 4933 1609 4978 et
1628 4923 1848 4980 Paschae

259 5013 468 5070 Christi
491 5013 800 5084 persignata
825 5000 924 5078 est,
951 5023 1002 5068 et
1029 5013 1165 5068 facta
1207 5022 1288 5068 est
1309 5014 1483 5083 prima
1511 5014 1690 5071 Mundi
1719 5028 1846 5068 eon-

259 5104 493 5160 structio
525 5105 575 5158 in
612 5103 936 5174 aequinoctio
972 5103 1165 5172 primo.
1195 5103 1250 5158 In
1286 5105 1606 5175 agquinectio
1633 5121 1843 5176 quaque

227 5251 232 5255 ,
262 5193 415 5248 facta
457 5203 539 5250 est
569 5192 780 5255 solutio,
815 5200 870 5246 et
915 5192 1210 5264 redemptio
1233 5193 1435 5250 Israhel
1485 5197 1549 5251 de
1579 5196 1840 5251 servitute

260 5283 570 5336 Jmlmmvnm
615 5297 664 5324 m
696 5285 746 5321 in
770 5285 954 5332 tandem
979 5288 1298 5334 miluinnctin
1325 5300 1445 5338 mist
1469 5307 1541 5338 xu
1567 5289 1683 5338 Kal.
1711 5289 1816 5336 At"

1951 3266 2167 3328 Pascha'
2183 3272 2456 3332 Passionis
2475 3273 2698 3342 Christi,
2722 3277 2925 3348 quiest
2951 3295 3112 3338 verus
3139 3297 3365 3353 serpens
3389 3286 3535 3343 occi-

1951 3365 2084 3422 dens
2111 3366 2452 3438 Serpentem,
2473 3371 2618 3429 idest
2654 3371 2955 3436 Diabolum,
2980 3379 3035 3425 et
3061 3373 3323 3430 devorans
3343 3375 3532 3448 Virgas

1945 3457 2271 3529 Magorum,
2320 3461 2460 3517 idest
2518 3459 3005 3532 Philosophorum,
3055 3475 3110 3520 et
3158 3466 3530 3527 ministrorum

1952 3548 2179 3604 Diaboli.
2205 3549 2305 3616 Qui
2327 3558 2409 3605 est
2434 3559 2635 3618 autem,
2658 3552 2876 3621 expavit
2896 3553 3124 3625 Moyses,
3148 3564 3202 3612 et
3225 3556 3379 3628 fugit,
3402 3562 3528 3632 quia

1945 3639 2167 3708 quando
2192 3640 2551 3697 mortiﬁcatus
2577 3649 2659 3697 est
2682 3641 2948 3710 Christus,
2989 3659 3341 3716 expaverunt,
3369 3661 3422 3706 et
3447 3653 3530 3708 fu-

1947 3740 2146 3800 gerunt
2209 3731 2476 3802 discipuli.
2534 3732 2772 3789 Caudam
2835 3736 3178 3806 apprehende
3230 3745 3531 3811 posteriore

1949 3821 2403 3890 adprehendente,
2431 3831 2490 3877 ut
2515 3832 2599 3878 est
2637 3823 2805 3880 illud:
2836 3823 3140 3882 Posteriora
3174 3845 3289 3886 mea
3311 3833 3526 3890 videbis.

1949 3911 2132 3969 Primo
2157 3913 2330 3969 factus
2359 3923 2441 3969 est
2491 3913 2725 3985 Serpens
2775 3918 2869 3973 sed
2914 3919 3083 3974 cauda
3121 3928 3354 3989 retenta,
3386 3925 3530 3982 visus

1947 4011 2031 4056 est
2053 4001 2279 4072 Cazphte,
2317 4003 2510 4060 deinde
2537 4006 2622 4059 ll.
2654 4005 2747 4061 Est
2784 4007 2945 4062 etiam
2979 4009 3030 4063 in
3053 4014 3224 4067 cauda
3249 4012 3527 4086 Serpentis

1949 4090 2071 4146 linis
2101 4092 2286 4158 seculi,
2312 4095 2435 4164 quia
2458 4096 2756 4153 mortalitas
2784 4100 2999 4170 generis
3021 4101 3245 4157 humani
3289 4107 3527 4162 ambulat

1948 4199 2045 4252 per
2079 4194 2308 4240 mortem
2339 4201 2369 4240 a
2411 4187 2634 4243 Diabolo
2679 4189 2924 4258 inlatam,
2970 4195 3063 4250 sed
3092 4195 3147 4249 in
3193 4194 3297 4250 line
3335 4200 3521 4264 seculi,

1950 4275 2091 4330 sicut
2135 4289 2167 4330 a
2195 4277 2365 4331 cauda
2395 4277 2633 4333 redimus
2661 4279 2727 4332 ad
2766 4295 2985 4335 manum
3019 4283 3134 4350 Dei,
3180 4293 3235 4338 et
3265 4285 3526 4343 eﬂicimur

1950 4368 2245 4424 stabilitum
2273 4384 2496 4439 regnum
2537 4370 2650 4424 Dei.
2680 4369 2808 4426 Post
2833 4372 2948 4428 hate
2975 4383 3154 4429 autem
3183 4379 3368 4432 omnia
3397 4382 3522 4434 bre-

1950 4462 2090 4517 viter
2123 4462 2322 4528 dicam,
2349 4462 2492 4532 quod
2531 4479 2821 4534 numquam
2842 4467 3080 4522 breviter
3107 4469 3248 4539 apud
3271 4470 3525 4529 Hebraeos

1947 4562 2073 4610 ante
2100 4569 2175 4609 xu
2202 4553 2322 4608 Kal.
2346 4554 2474 4624 Apr.
2499 4555 2624 4625 quia
2666 4555 2790 4612 luna
2816 4565 2944 4613 nata
2971 4558 3026 4613 in
3049 4574 3147 4616 vut
3167 4558 3245 4615 Id.
3276 4561 3429 4617 Mart.
3453 4565 3524 4621 ,14

1949 4645 2005 4699 in
2031 4659 2083 4698 xl
2107 4643 2222 4698 Kal.
2251 4644 2384 4713 Apr.
2411 4644 2648 4702 Observa
2676 4646 2838 4718 igitur
2865 4663 3082 4704 cursum
3105 4649 3348 4707 lunarem
3369 4652 3526 4722 juxta

1952 4735 2190 4807 regulam
2227 4734 2560 4804 Graecorum,
2610 4747 2667 4792 et
2704 4754 2853 4794 more
2905 4740 3299 4813 Egyptiorum,
3332 4755 3388 4799 et
3417 4761 3524 4801 non

1952 4828 2245 4884 secundum
2295 4829 2546 4898 Epactas,
2600 4831 2736 4887 idest
2770 4832 3102 4901 adiectiones
3130 4835 3366 4902 lunares,
3400 4841 3525 4909 quia

1956 4921 2026 4976 ibi
2055 4921 2364 4990 pervenitur
2388 4937 2422 4993 a
2440 4924 2478 4980 4
2503 4925 2628 4980 luna
2656 4938 2822 4994 usque
2843 4927 2909 4980 ad
2934 4928 3021 4995 16,
3046 4928 3133 4983 hic
3163 4937 3338 4983 autem
3367 4933 3433 4985 ad
3462 4933 3528 4988 15

1947 5014 2100 5082 juxta
2125 5015 2577 5083 compositionem
2606 5015 2846 5082 Eusebii,
2869 5021 2959 5088 qui
2987 5022 3196 5091 primus
3213 5024 3534 5094 conscripsit

1951 5103 2210 5160 circulum
2240 5104 2307 5158 19
2330 5118 2632 5171 annorum,
2676 5106 2978 5178 Athanasii,
3004 5111 3307 5178 Theophili,
3329 5112 3534 5184 Cyrilli,

1955 5194 2301 5266 Dionysiique
2347 5201 2580 5284 exigui,
2618 5212 2786 5267 usque
2833 5199 2958 5256 dum
3007 5200 3224 5270 scripsit
3272 5199 3542 5262 Victorius

1955 5287 2156 5328 IliIm-in
2192 5284 2350 5326 pana:
2381 5287 2579 5346 IIrh-m
2610 5288 2792 5326 anrn
2838 5289 3093 5328 Ώηὶοιιη-ι
3165 5289 3207 5308 '“
