4006 5478
539 346 678 409 1559

1316 354 1604 410 ΑΡΡΕΝΙ).
1641 355 1733 410 AD
1771 353 1946 411 SE6.
1985 352 2078 410 IX.
2120 382 2187 394 —
2228 349 2598 410 AUCTORES
2637 349 2973 407 ANONYMI.

3663 354 3794 412 i560

535 467 808 536 I‘jlllSSilllO
831 465 976 522 Patri
996 465 1252 522 Patronio
1272 467 1539 538 Episcopo
1557 469 1842 538 Dionysius
1863 468 2118 538 Exiguus,
2153 471 2195 527 Α
2231 472 2620 518 monstrantur.
2669 463 2748 516 Illi
2785 473 2964 517 autem
3013 461 3248 534 Egyptii
3295 465 3586 534 supradicti
3639 473 3798 521 totum

538 567 645 613 etc.
677 556 859 627 (Edita
887 575 918 611 α
965 557 1226 614 Bucherio
1276 576 1397 629 pag.
1452 559 1578 615 485.
1621 558 1724 612 Hic
1763 575 1879 613 vero
1904 559 2006 612 ista
2049 549 2158 612 le-°

539 647 784 720 guntur.)
813 648 949 715 Quia
978 663 1108 703 vero
1147 647 1205 704 S.
1234 649 1467 719 Cyrillus
1511 649 1743 719 primum
1788 648 2009 720 Cyclum
2051 647 2120 703 ab

534 751 679 792 anno
708 737 1023 792 Diocletiani
1070 739 1366 793 centesimo
1401 737 1846 809 quinquagesimo
1880 737 2120 793 secundo

533 827 716 895 carpit,
752 833 806 880 et
829 825 1072 880 ultimum
1105 826 1156 880 in
1193 842 1334 881 anno
1366 826 1434 880 47
1463 827 1794 892 terminavit,
1820 841 1918 882 nos
1955 841 1986 880 a
2021 825 2119 880 du-

532 918 828 972 centesimo
867 917 1284 989 quadragesimo
1317 927 1510 974 octavo
1543 933 1687 973 anno
1716 915 1981 987 ejusdem,
2008 927 2114 972 etc.

532 1008 599 1064 In
639 1010 848 1064 nomine
879 1008 974 1064 Dei
1008 1007 1207 1084 Pati-ig,
1234 1020 1282 1084 et
1311 1009 1462 1084 Filii,
1500 1019 1547 1084 et
1591 1009 1821 1066 Soin’tus
1858 1010 2028 1064 sancti
2052 1010 2116 1064 de

1075 1079 1130 1133 Μ
1135 1079 1262 1134 ιῐηιιὶ
1290 1081 1566 1151 principio.

601 1169 875 1226 CXLVIII.
915 1169 1194 1237 Quomodo
1226 1171 1398 1227 factus
1419 1181 1504 1228 est
1524 1188 1754 1228 mundus
1782 1173 1938 1228 initio
1959 1187 2116 1229 crea-

531 1271 778 1315 turarum
811 1259 948 1315 Dei?
993 1261 1046 1314 in
1090 1276 1198 1330 quo
1238 1261 1361 1316 die?
1389 1262 1442 1318 in
1467 1261 1658 1318 diebus
1689 1263 1933 1318 mensis?
1969 1271 2025 1318 et
2063 1262 2116 1318 in

531 1351 725 1406 diebus
756 1351 1074 1420 septimana:
1093 1351 1116 1405 ?
1137 1360 1194 1406 et
1240 1351 1292 1406 in
1316 1367 1422 1422 quo
1459 1368 1602 1407 anno
1624 1353 1648 1406 ?
1670 1361 1725 1407 et
1755 1352 1808 1406 in
1833 1366 1940 1422 quo
1984 1362 2117 1406 tem-

533 1441 710 1512 pore?
746 1442 859 1496 sive
907 1442 960 1497 in
994 1442 1126 1496 die?
1164 1457 1232 1497 an
1276 1443 1327 1497 in
1371 1443 1573 1498 nocte?
1613 1451 1669 1498 et
1705 1443 1761 1498 in
1799 1458 1905 1513 qua
1942 1442 2118 1497 hora?

532 1531 950 1601 interrogamus.
1003 1531 1059 1585 In
1097 1530 1446 1602 Equinoctio
1470 1542 1672 1600 autem,
1715 1543 1770 1588 et
1817 1533 1869 1587 in
1896 1533 1982 1588 die
2008 1533 2116 1587 Do-

533 1621 756 1687 minico,
793 1630 847 1676 et
877 1622 930 1676 in
961 1623 1233 1678 communi
1265 1638 1426 1690 anno,
1477 1632 1532 1678 et
1579 1624 1631 1678 in
1659 1623 1931 1694 Ogdoade,
1963 1631 2018 1678 et
2062 1624 2115 1678 in

531 1710 704 1780 prima
737 1711 868 1766 hora
891 1720 1106 1767 creatus
1134 1721 1240 1778 est,
1268 1719 1321 1767 ct
1361 1712 1413 1766 in
1442 1722 1715 1768 momento
1755 1712 1895 1768 oculi
1934 1713 2113 1766 omnia

2225 570 2426 608 annum
2482 554 2770 624 complent,
2819 553 3140 623 incipientes
3193 569 3224 607 a
3256 570 3311 609 Iv
3357 553 3476 608 Kal.
3525 549 3796 625 Septemb.

2227 665 2397 719 usque
2427 649 2478 703 in
2512 665 2564 702 tv
2594 649 2711 702 Kal.
2744 648 3018 720 Septemb.
3052 647 3342 703 Sciendum
3369 657 3453 703 est
3488 650 3649 704 nobis
3675 657 3802 720 quot

2221 747 2347 793 sunt
2382 746 2564 806 partes
2595 737 2817 801 mensis,
2845 746 2899 790 et
2929 744 3060 806 quot
3096 736 3401 791 habuerunt
3437 738 3582 808 apud
3609 737 3806 793 Roma-

2222 840 2338 879 nos.
2380 823 2623 880 Primum
2664 825 2791 880 illud
2832 834 3009 880 autem
3038 826 3142 881 hoc
3177 825 3337 880 modo
3373 826 3624 882 solvitur.
3665 827 3803 894 Qua-

2228 923 2349 970 tuor
2388 915 2636 984 partibus
2676 923 3049 970 monstrantur
3090 915 3386 980 habuisse,
3437 923 3500 972 ut
3553 925 3640 972 est
3693 926 3804 972 tres

2220 1020 2460 1074 menses,
2488 1015 2542 1063 et
2585 1003 2673 1073 I4,
2717 1015 2773 1062 et
2800 1007 3061 1061 decimus.
3117 997 3223 1062 Sed
3259 1014 3436 1061 tamen
3478 1007 3801 1078 principium

2218 1095 2541 1166 incipientes
2571 1111 2602 1150 a
2640 1107 2828 1150 mense
2860 1090 3072 1162 Martio,
3103 1102 3161 1151 et
3193 1094 3364 1166 Aprili
3395 1104 3452 1150 et
3499 1095 3660 1162 Maio,
3698 1112 3795 1151 an-

2218 1201 2348 1242 num
2381 1195 2550 1241 totum
2579 1199 2737 1240 suum
2765 1185 3176 1257 compleverunt
3220 1184 3274 1240 in
3306 1183 3481 1239 tribus
3511 1184 3802 1241 mensibus.

2215 1276 2284 1330 Et
2317 1274 2608 1345 aliquando
2643 1275 2695 1329 in
2741 1275 2776 1328 4
2819 1274 3124 1340 mensibus,
3168 1274 3389 1344 quando
3431 1274 3630 1330 Iunius
3672 1289 3804 1331 con-

2212 1363 2463 1436 iungitur
2491 1363 2624 1434 ipsis
2661 1363 2942 1418 mensibus
2980 1361 3305 1432 supradictis
3337 1362 3535 1428 tribus,
3579 1372 3640 1418 et
3680 1371 3806 1417 tunc

2223 1457 2278 1510 in
2323 1456 2511 1510 decem
2547 1455 2826 1510 mensibus
2859 1453 3088 1525 adjectis
3123 1454 3361 1525 quinque
3397 1454 3532 1523 ipsis
3558 1493 3576 1521 ,
3626 1463 3687 1508 ut
3728 1463 3809 1509 est

2217 1546 2349 1613 Jul.,
2377 1547 2541 1617 Aug.,
2566 1546 2871 1617 Septemb.,
2901 1545 3046 1611 Oct,
3077 1545 3338 1602 Novemb.
3368 1553 3426 1600 et
3448 1543 3731 1609 Decemb.,
3755 1553 3810 1599 et

2225 1649 2353 1695 tunc
2385 1640 2440 1695 in
2479 1638 2546 1692 12
2580 1639 2857 1694 mensibus
2896 1645 3082 1708 postea
3114 1637 3148 1692 ii
3180 1646 3308 1693 sunt
3341 1637 3541 1708 adjecti
3588 1635 3712 1691 Jan.
3756 1644 3810 1689 et

2219 1728 2378 1784 Febr.
2411 1728 2682 1794 omnibus,
2715 1743 2852 1797 quos
2881 1729 3119 1782 diximus
3145 1742 3337 1798 nuper,
3371 1735 3428 1782 et
3463 1740 3809 1781 consumma-

457 1851 466 1857 .
531 1805 846 1860 simult'acta
869 1815 1036 1861 sunta
1059 1808 1190 1873 Deo,
1207 1809 1828 1879 secundumApostolmn
1849 1810 2115 1865 dicentem
2147 1826 2192 1884 Β
2223 1828 2308 1873 tur
2343 1833 2519 1872 annus
2561 1817 2704 1872 Solis
2732 1831 2831 1887 per
2861 1818 2960 1872 hos
2990 1817 3274 1872 duodecim
3316 1831 3554 1872 menses.
3597 1815 3707 1870 Sed
3746 1814 3809 1869 dc

530 1896 674 1951 hunc
699 1911 1008 1952 sermonem
1032 1914 1047 1952 :
1073 1907 1130 1952 ut
1161 1899 1315 1963 dimit,
1348 1901 1525 1953 omnia
1545 1899 1706 1954 simul
1730 1900 1872 1970 facta
1895 1911 2036 1965 sunt,
2061 1909 2116 1956 et

531 1987 782 2044 similiter
811 2004 841 2044 a
862 1982 980 2046 Deo
1011 1990 1132 2045 vivo
1162 1990 1215 2044 in
1247 1990 1334 2044 die
1380 1989 1574 2046 Judicii
1607 1992 1788 2047 omnia
1826 1992 1987 2048 simul
2023 1993 2115 2049 de-

533 2089 836 2146 struentur,
867 2089 922 2135 et
980 2081 1034 2135 in
1098 2081 1373 2136 meliorem
1438 2089 1637 2136 statum
1692 2081 2113 2138 renovabuntur.

533 2171 708 2228 Recto
733 2186 864 2244 ergo
914 2174 1131 2228 tramite
1183 2174 1413 2240 dierum,
1457 2189 1592 2245 quos
1643 2174 1994 2246 praediximus
2023 2190 2116 2231 su-

535 2260 721 2330 perius
750 2273 945 2330 nuper,
1001 2261 1346 2333 principium,
1399 2273 1454 2318 et
1498 2263 1622 2319 ﬁnis
1675 2263 1889 2319 illorum
1934 2279 2120 2321 nume-

533 2359 712 2416 ratur,
735 2350 878 2420 quod
908 2350 1141 2421 primum
1191 2367 1266 2407 xu
1295 2351 1419 2406 Kal.
1461 2353 1594 2424 Apr.
1627 2352 1683 2408 in
1717 2352 1983 2424 principio
2011 2353 2116 2410 diei

531 2441 832 2497 Dominicaa
867 2441 1082 2512 incipit,
1114 2443 1267 2512 quasi
1309 2442 1500 2500 fuisset
1528 2450 1653 2499 ante
1681 2443 1736 2499 in
1778 2443 2004 2499 sabbato
2029 2442 2114 2498 di-

533 2533 759 2590 midium
788 2533 960 2604 ipsius
991 2534 1120 2600 diei,
1166 2544 1220 2590 et
1248 2535 1300 2589 in
1351 2542 1504 2590 sexta
1549 2535 1680 2590 hora
1713 2534 1977 2590 Dominici
2008 2533 2115 2590 diei

534 2622 743 2687 ﬁnitur,
769 2622 863 2676 sed
904 2621 1063 2692 paulo
1106 2629 1229 2692 post
1257 2639 1291 2676 χ
1328 2622 1446 2676 Kal.
1479 2623 1612 2691 Apr.
1660 2631 1984 2677 consecutus
2008 2630 2114 2677 est.

532 2713 601 2767 Et
627 2712 878 2768 similiter
921 2713 975 2767 in
1027 2721 1181 2768 sexta
1226 2715 1360 2768 hora
1405 2714 1463 2768 2.
1497 2713 1656 2770 Feria
1706 2721 2114 2769 consummatus

531 2814 637 2870 est,
665 2814 722 2860 et
750 2822 780 2859 χ
812 2805 930 2859 Kal.
968 2806 1101 2876 Apr.
1146 2821 1321 2876 usque
1353 2807 1420 2860 ad
1451 2805 1729 2862 dimidium
1751 2807 1805 2861 3.
1836 2805 2010 2861 Feria:
2039 2807 2118 2862 in-

530 2897 740 2967 cipiens
785 2912 814 2950 a
845 2904 996 2951 sexta
1030 2897 1163 2951 hora
1195 2897 1431 2953 secunda
1468 2896 1624 2952 Feria
1665 2895 1934 2967 migravit,
1977 2905 2034 2952 et
2061 2913 2116 2950 ut

535 2987 656 3042 Kal.
690 2987 821 3058 Apr.
850 3003 1022 3058 usque
1051 2986 1117 3042 ad
1147 2987 1427 3043 dimidium
1454 2988 1489 3042 4
1534 2984 1708 3043 Feria:
1734 2987 2002 3058 apparuit,
2035 2986 2117 3040 in-

535 3079 742 3148 cipiens
769 3086 895 3132 ante
921 3087 1129 3133 sextam
1181 3079 1372 3133 horam
1395 3077 1430 3132 5
1458 3077 1650 3145 Ferize,
1690 3086 1746 3134 et
1797 3079 1851 3132 in
1901 3079 2004 3134 hoc
2029 3079 2117 3133 die

2219 1907 2391 1963 cauda
2449 1905 2578 1960 anni
2625 1905 2942 1961 Januarium
2988 1915 3044 1961 et
3080 1905 3436 1961 Februarium
3487 1905 3810 1960 addiderunt

2217 2000 2496 2072 sapientes
2533 1998 2830 2055 Gentilium
2874 1999 3136 2054 virorum.
3192 1995 3360 2051 Nobis
3405 2011 3541 2068 ergo
3583 1998 3810 2052 interm-

2216 2095 2488 2165 gantibus,
2539 2094 2633 2164 qui
2684 2103 2810 2148 sunt
2862 2093 2974 2158 isti,
3019 2093 3109 2162 qui
3159 2093 3560 2147 constituerunt
3595 2101 3811 2145 menses

2216 2185 2465 2256 primitus
2513 2198 2544 2240 a
2583 2183 2842 2240 Romanis
2873 2223 2888 2249 ,
2939 2183 3082 2239 scire
3136 2181 3430 2243 convenit,
3490 2182 3596 2236 hoc
3654 2181 3811 2236 modo

2215 2277 2465 2343 solvitur,
2514 2277 2658 2348 quod
2698 2276 2871 2332 Numa
2903 2275 3230 2348 Pompilius,
3276 2284 3330 2332 et
3373 2277 3597 2347 Zyngus
3649 2275 3810 2329 duces

2217 2367 2489 2422 mirabiles
2532 2375 2956 2438 composuerunt
3014 2380 3228 2420 menses
3289 2366 3432 2436 apud
3494 2365 3807 2426 Romanos.

2217 2466 2274 2512 et
2315 2457 2595 2512 invenitur
2648 2458 2926 2528 proprium
2967 2457 3208 2512 numeris
3261 2456 3506 2526 ipsorum
3563 2455 3636 2511 ab
3680 2455 3812 2525 ipsis

2217 2547 2515 2613 mensibus,
2563 2561 2630 2603 eo
2681 2547 2826 2618 quod
2878 2547 3052 2602 Numa
3103 2546 3438 2618 Pompilins‘
3496 2545 3700 2601 Iulium
3759 2555 3813 2600 et

2216 2639 2520 2708 Augustum
2567 2643 2775 2693 tantum
2813 2637 3039 2705 addidit,
3069 2647 3126 2694 et
3170 2639 3388 2710 Zyngus
3433 2639 3575 2693 alios
3623 2652 3811 2693 omnes

2216 2729 2528 2808 composuit
2585 2743 2802 2786 menses
2849 2730 2904 2785 in
2962 2732 3504 2787 commemoratione
3539 2729 3809 2786 [dolorum

2217 2836 2439 2877 suorum
2483 2820 2666 2877 facere
2715 2820 3003 2878 utilitatem
3051 2838 3148 2894 per
3195 2823 3298 2880 bos
3345 2839 3564 2878 menses
3620 2839 3807 2894 supra-

2218 2911 2413 2968 dictos.
2459 2912 2585 2967 Ideo
2625 2913 2755 2968 l'acti
2795 2924 2920 2968 Slllll
2956 2929 3147 2969 onmes
3189 2929 3288 2984 per
3326 2923 3660 2985 potestatem
3709 2915 3810 2969 Do-

2220 3004 2374 3059 mini.
2449 3005 2654 3072 Quibus
2710 3005 2885 3060 modis
2931 3007 3149 3061 nomina
3199 3007 3377 3062 sortiti
3417 3015 3549 3061 sunt
3597 3020 3809 3061 menses

2221 3092 2359 3163 apud
2404 3093 2720 3149 Romanos?
2763 3095 3010 3162 Quatuor
3040 3095 3212 3151 modis
3257 3095 3518 3151 dicuntur
3559 3115 3574 3151 :
3619 3095 3803 3158 Idolis,

536 3167 633 3223 Sol
656 3168 813 3222 luxit.
843 3168 1000 3222 Initio
1024 3168 1211 3239 ipsius,
1248 3179 1303 3224 et
1334 3170 1388 3224 in
1415 3185 1507 3226 vut
1531 3169 1651 3224 Kal.
1691 3171 1823 3240 Apr.
1848 3185 2019 3240 usque
2049 3169 2115 3224 ad

2221 3183 2478 3253 Regibus,
2531 3193 2586 3240 et
2625 3185 2911 3252 numeris,
2964 3193 3025 3240 ut
3065 3195 3150 3240 est
3196 3203 3210 3240 :
3251 3183 3550 3242 Ianuarius
3602 3203 3633 3241 a
3678 3186 3809 3251 Janp

542 3260 822 3316 dimidium
852 3259 886 3315 5
911 3260 1081 3316 Feriae
1103 3261 1437 3329 morabatur,
1469 3261 1730 3331 incipiens
1753 3275 1782 3316 a
1815 3270 1964 3317 sexta
1984 3263 2116 3316 hora

533 3356 569 3410 4
602 3355 774 3410 Feriae
825 3364 970 3422 ante,
1002 3366 1057 3410 et
1087 3355 1139 3409 in
1170 3370 1264 3410 VIII
1305 3354 1422 3410 Kal.
1457 3355 1590 3426 Apr.
1623 3363 1839 3410 ostensa
1869 3362 1953 3410 est
1991 3353 2116 3408 luna

532 3445 587 3499 in
610 3444 749 3500 coelo
777 3445 828 3498 in
855 3443 960 3500 line
996 3443 1138 3500 illius
1163 3445 1268 3500 diei
1313 3445 1365 3499 in
1399 3445 1466 3500 I4
1521 3445 1686 3500 Luna:
1713 3454 1893 3500 aetate.
1924 3444 2116 3500 Scien-

533 3536 660 3590 dum
689 3545 768 3590 est
796 3544 998 3599 autem,
1025 3551 1126 3591 cur
1153 3536 1324 3606 major
1345 3537 1485 3592 facta
1523 3545 1608 3593 est
1626 3539 1835 3594 Aurora
1877 3537 2017 3593 Solis
2060 3537 2115 3592 in

530 3627 798 3697 principio
836 3627 1041 3692 mundi,
1092 3644 1253 3697 quam
1284 3637 1503 3685 maneat
1550 3629 1604 3684 in
1634 3629 1718 3685 his
1763 3629 2114 3700 temporibus,

531 3733 598 3773 eo
635 3721 778 3788 quod
813 3717 1146 3788 splendidior
1195 3728 1313 3775 erat
1364 3719 1455 3774 Sol
1499 3729 1626 3776 ante
1661 3729 1943 3791 peccatum
1988 3719 2116 3776 Adae

531 3817 737 3878 septem
768 3807 1024 3873 lucernis,
1053 3826 1188 3879 quas
1214 3811 1466 3878 habebat,
1496 3821 1552 3868 et
1589 3827 1698 3868 non
1728 3821 1909 3868 manet
1947 3812 2000 3867 in
2027 3827 2114 3878 eo,

533 3900 637 3955 nisi
678 3915 782 3953 una
807 3916 932 3970 pars
966 3912 1170 3956 tantum
1208 3904 1274 3959 de
1301 3914 1506 3974 septem
1533 3904 1772 3960 lucernis
1798 3921 1964 3961 causa
1990 3921 2117 3976 pee-

533 3991 639 4046 cati
678 3990 819 4045 illius
858 3991 1004 4044 Adae.
1039 3981 1145 4045 Sed
1185 4007 1344 4047 nemo
1387 3994 1650 4063 potuisset
1693 3996 1964 4051 sustinere
1988 4010 2115 4050 eum

533 4093 756 4152 propter
809 4083 1059 4138 ardorem
1112 4081 1252 4152 ejus,
1299 4083 1404 4141 nisi
1442 4085 1770 4142 defendisset
1823 4101 1924 4142 nos
1976 4089 2117 4143 Deus

533 4174 708 4228 tribus
733 4173 890 4228 caelis
916 4170 1016 4245 pro
1033 4189 1119 4230 eo.

611 4265 720 4321 Nos
755 4266 896 4322 scire
933 4267 1260 4334 volentibus,
1290 4268 1562 4340 quomodo
1590 4268 1777 4325 dicunt
1812 4268 2022 4326 Hebraai
2049 4271 2118 4326 12

533 4371 748 4413 menses
785 4361 943 4425 anni,
993 4359 1097 4415 hoc
1133 4359 1292 4415 modo
1333 4362 1767 4431 respondemus:
1819 4361 1964 4432 quod
2007 4375 2115 4416 non

535 4450 900 4505 adnumerant
933 4448 1100 4506 ειυόωί
1141 4453 1437 4506 secundum
1461 4450 1666 4516 Solem,
1694 4452 1788 4507 sed
1818 4454 2112 4508 secundum

2219 3276 2367 3333 Idolo
2402 3277 2632 3347 accepit,
2673 3277 2803 3346 quia
2846 3277 2898 3332 in
2936 3279 3126 3334 eodem
3165 3291 3353 3335 mense
3399 3280 3590 3336 docuit
3618 3280 3807 3334 Roma-

2217 3385 2338 3437 nos,
2372 3377 2434 3426 ut
2466 3369 2757 3440 implerent
2803 3369 2877 3425 illi
2928 3384 3025 3426 sua
3069 3371 3233 3426 verba
3277 3378 3392 3428 tota
3439 3371 3680 3426 dicens:
3722 3370 3805 3426 Li-

2219 3473 2382 3530 gnum
2440 3457 2815 3529 lumigantem;
2848 3459 3140 3530 oleumque
3175 3461 3188 3481 ‘
3247 3457 3419 3515 tincta
3484 3461 3554 3515 ad
3621 3475 3807 3531 corpus

2217 3565 2397 3606 meum
2437 3551 2826 3616 devorandum,
2856 3559 2911 3606 et
2951 3559 3091 3606 totos
3130 3550 3380 3606 inimicos
3420 3561 3641 3606 vestros
3670 3561 3806 3607 retro

2215 3643 2487 3715 iacentem
2520 3657 2618 3712 pro
2653 3657 2718 3698 eo
2746 3643 2892 3713 quod
2935 3656 3022 3698 me
3053 3641 3198 3698 videt
3239 3642 3596 3709 morientem,
3627 3659 3805 3698 omnes

2217 3749 2314 3790 vos
2349 3733 2507 3789 amici
2557 3733 2664 3788 mei
2703 3734 3024 3800 accendite,
3075 3742 3132 3790 et
3185 3743 3476 3805 postquam
3519 3737 3806 3792 moriturus

2216 3840 2361 3890 sum,
2393 3823 2652 3894 templum
2692 3825 2958 3880 aediﬁcato
3003 3826 3059 3881 in
3107 3826 3329 3882 nomine
3374 3841 3503 3884 meo
3541 3829 3611 3884 ad
3655 3843 3806 3884 oran-

2217 3915 2343 3971 dum
2381 3916 2433 3970 in
2464 3930 2548 3978 eo,
2582 3923 2638 3970 et
2678 3915 2966 3986 imaginem
3015 3932 3192 3972 meam
3229 3916 3391 3973 facite
3434 3932 3562 3974 cum
3605 3921 3804 3974 duabus

2217 4008 2501 4080 speciebus
2550 4006 2717 4063 facies
2764 4008 2866 4062 viri
2913 4017 2970 4064 et
3010 4009 3277 4075 mulieris,
3320 4017 3383 4064 ut
3435 4011 3673 4066 adorent
3725 4024 3804 4063 me

2215 4100 2338 4165 viri,
2382 4109 2438 4154 et
2480 4099 2734 4156 mulieres
2767 4100 2820 4155 in
2856 4101 2960 4156 hoc
2998 4101 3220 4172 templo,
3268 4111 3325 4157 et
3369 4102 3540 4159 multa
3584 4106 3724 4160 ostia
3755 4104 3801 4158 in

2215 4206 2282 4248 eo
2323 4192 2520 4262 templo
2554 4200 2758 4262 aptate,
2810 4201 2869 4247 ut
2906 4193 3220 4263 aperiantur
3255 4193 3524 4251 adversus
3561 4211 3681 4263 eos,
3718 4195 3802 4266 qui

2215 4301 2313 4343 vos
2353 4295 2767 4356 persequentur,
2817 4294 2873 4340 et
2929 4302 3035 4341 non
3099 4287 3307 4357 possint
3367 4287 3572 4343 bellum
3634 4288 3802 4344 facere

2218 4380 2476 4434 adversus
2503 4393 2598 4433 vos
2629 4393 2790 4433 causa
2821 4378 2982 4450 hujus
3013 4379 3115 4434 rei.
3155 4379 3221 4432 Et
3258 4379 3349 4434 hic
3375 4378 3552 4435 Janus
3580 4379 3799 4445 bifrons,

2219 4471 2284 4524 de
2329 4485 2438 4540 quo
2476 4469 2684 4538 accepit
2723 4466 3016 4524 Ianuarius
3051 4481 3288 4533 nomen;
3329 4468 3494 4524 aliter
3519 4467 3799 4524 Januarius

535 4554 753 4596 cursum
774 4540 958 4596 Lunae.
993 4541 1225 4595 Tantum
1254 4541 1548 4596 adnunciat
1573 4542 1662 4610 qui
1693 4542 1803 4597 Iun.
1833 4543 1904 4598 29
1937 4553 1993 4600 et
2025 4559 2111 4600 se-
2144 4530 2193 4592 D
2218 4561 2286 4616 de
2323 4530 2490 4629 ίξιηυε
2525 4530 2720 4614 nomen
2751 4559 2982 4630 accepit,
3018 4558 3147 4630 quia
3190 4530 3283 4614 hic—
3323 4567 3411 4614 es;
3449 4557 3623 4628 iam“
3660 4559 3797 4614 mni,

536 4631 704 4688 misse
745 4639 974 4686 utuntur
1000 4632 1146 4686 aetati
1195 4646 1319 4687 cum
1348 4630 1770 4702 uniuscujusque
1808 4634 2115 4705 incipientis

535 4740 567 4779 a
596 4725 663 4780 15
691 4724 813 4779 luna
867 4723 1027 4794 primi
1055 4724 1256 4780 mensis
1282 4737 1450 4795 usque
1479 4723 1546 4778 ad
1577 4723 1644 4778 l4
1670 4723 1849 4779 lunam
1871 4724 2113 4792 Pascha,

535 4826 764 4887 excepto
804 4815 1062 4870 videlicet
1097 4817 1272 4885 primo
1317 4831 1478 4885 anno,
1527 4831 1688 4887 quem
1719 4831 1973 4874 curamus
2019 4833 2120 4874 nu-

537 4908 737 4962 merari
775 4922 804 4960 a
835 4905 903 4960 15
940 4905 1067 4959 luna
1095 4921 1266 4976 usque
1293 4907 1360 4960 ad
1387 4909 1454 4964 I4
1487 4909 1670 4963 lunam
1700 4907 1863 4977 primi
1893 4907 2118 4962 mensis.

609 4999 763 5052 Initia
808 4997 1074 5052 mensium
1106 4997 1247 5067 apud
1274 4996 1554 5070 Egyptios
1583 4997 1696 5053 haec
1720 5005 1888 5054 sunt:
1915 5013 1967 5054 tv
1996 4997 2116 5052 Kal.

541 5087 841 5158 Septemb.,
872 5104 926 5143 tv
957 5087 1073 5143 Kal.
1122 5087 1337 5153 Octob.,
1374 5105 1406 5142 v
1450 5089 1566 5143 Kal.
1610 5088 1897 5154 Novemb.,
1927 5105 1960 5145 v
1995 5088 2115 5144 Kal.

541 5177 820 5244 Decemb.,
847 5195 880 5232 v
922 5179 1037 5232 Kal.
1068 5180 1211 5243 Jan.,
1245 5197 1319 5234 vu
1351 5179 1465 5234 Kal.
1499 5179 1680 5243 Fchr.,
1720 5198 1752 5236 v
1787 5181 1907 5235 Kal.
1936 5180 2116 5246 Mart.,

542 5283 596 5322 vi
635 5268 755 5322 Kal.
777 5269 933 5340 Apr.,
955 5287 1008 5324 γι
1037 5271 1155 5325 Kal.
1177 5271 1344 5335 Maii.,
1365 5288 1438 5326 vn
1457 5271 1554 5324 Kal
1595 5270 1740 5336 Jun.,
1761 5289 1834 5328 vn
1851 5273 1970 5327 Kal.
1986 5272 2116 5339 Jul.,

542 5374 639 5412 vm
665 5358 780 5411 Kal.
798 5360 930 5411 Atta.
949 5360 986 5411 li
1006 5371 1131 5410 sunt
1155 5361 1647 5410 intercalaresdiec-
1665 5371 1723 5408 ut
1741 5378 1790 5408 Ir
1808 5362 1921 5407 Kal-
1944 5361 2114 5408 Sent.

2215 4649 2417 4705 Mensis
2465 4647 2796 4704 Februarius
2841 4647 3021 4707 dictus
3070 4656 3154 4704 est
3199 4649 3268 4705 de
3313 4647 3635 4716 Laratione,
3683 4651 3799 4720 quia

2217 4742 2473 4798 Febrium
2503 4741 2898 4813 interpretatur
2926 4743 3222 4808 lavacrum,
3254 4759 3321 4799 eo
3348 4747 3495 4815 quod
3529 4747 3797 4808 Lurconis,

2220 4834 2304 4889 vel
2347 4833 2574 4904 Luperci
2639 4848 2866 4904 corpora
2917 4850 3011 4890 sua
3071 4835 3137 4890 de
3197 4836 3546 4893 immunditia
3604 4838 3799 4910 hyeutis

2223 4923 2582 4987 lavaverunt,
2637 4923 2726 4978 vel
2768 4938 2837 4980 eo
2877 4925 3022 4998 quod
3069 4925 3142 4981 sit
3199 4925 3392 4982 febris.
3441 4927 3649 4984 Deinde
3707 4927 3796 4982 Fe-

2219 5015 2474 5071 bruarius
2517 5015 2831 5070 nominatur
2876 5025 3098 5087 propter
3134 5014 3494 5089 {rigiditatem
3550 5019 3796 5090 temporis

2222 5101 2398 5158 istius.
2431 5102 2657 5160 Martius
2684 5106 2752 5162 de
2776 5106 2945 5162 Marte
2973 5107 3116 5162 idolo
3156 5110 3371 5180 accepit
3421 5126 3636 5178 nomen,
3678 5112 3794 5182 quia

2223 5205 2470 5250 mortuus
2515 5205 2637 5251 erat
2683 5198 2734 5252 in
2781 5198 2871 5254 illo
2918 5197 3117 5264 Mense,
3159 5209 3214 5256 et
3259 5213 3487 5273 propter
3535 5203 3793 5259 boccolc-

2223 5285 2385 5339 batur
2436 5286 2576 5355 apud
2627 5287 2866 5342 Gentiles
2914 5289 3002 5344 hic
3054 5292 3275 5347 mensis.
3321 5294 3522 5364 Aprilis
3566 5295 3632 5350 ab
3672 5308 3791 5363 ape.

2225 5377 2414 5424 ripndn
2445 5376 2666 5430 dicitur,
2703 5394 2768 5432 eo
2797 5380 2941 5428 mind
2971 5381 3146 5434 aberit
3175 5382 3410 5438 mundus
3439 5383 3598 5440 liores
3633 5386 3684 5438 ill
3711 5398 3790 5443 ω.
