4006 5714
419 932 422 939 ’
542 946 652 1000 rint
679 943 844 999 verba
875 940 1143 1011 completa
1170 938 1223 993 in
1252 936 1529 1009 Evangelii
1571 935 1904 1007 perfectione
1932 939 2127 1001 quater

541 414 677 523 istis
1343 449 1631 506 APPEND.
1673 444 1764 500 AD
1806 438 1978 497 smc.
2019 432 2111 490 1x.
2150 459 2213 471 -—
2259 428 2625 483 Aue'ronus
2662 419 3031 499 nomine
3660 374 3792 464 {364

538 584 750 634 mentes
776 574 940 630 etiam
968 578 1369 632 convertamus,
1400 564 1597 636 quibus
1632 559 1940 634 praecipitur
1968 554 2124 628 spiri-
2151 593 2157 603 .

2300 546 2571 636 ulriugqu-e
2591 540 3007 636 (ingurgprwcw
3031 537 3261 636 videlicet
3284 548 3331 636 et
3357 535 3565 593 Latium
3586 540 3795 636 ’διέρηξ-

538 612 750 634 meum
776 612 940 630 ...η-η.
969 612 1369 632 νν..........μ--,
1403 612 1596 636 τηη-
1633 612 1923 634 Γηντ-κη
1980 612 2016 628 γι

538 670 721 726 taliter
745 679 930 723 mense
955 677 1219 720 novorum
1250 658 1316 733 14
1338 658 1424 714 die
1452 656 1657 713 mensis
1692 653 1854 726 primi
1886 649 2123 711 Pascha-

2297 616 2337 670 ti
2370 612 2601 670 scientia
2635 612 2886 682 pra’ditus
2921 612 3227 679 composuit,
3282 619 3330 663 et
3384 612 3700 679 conscripsit
3734 612 3795 665 de

2293 701 2511 740 numero
2530 699 2789 739 annorum
2818 682 2883 736 ab
2903 680 3054 735 initio
3087 680 3288 740 mundi,
3311 680 3390 734 vel
3425 680 3797 735 lucernam

540 763 646 818 lem
683 774 902 817 carnem
928 757 1235 827 comedere,
1260 726 1322 811 ut
1352 754 1406 809 in
1431 752 1587 809 vobis
1635 747 1981 806 nascentibus
2019 745 2121 801 bo-

2293 756 2364 811 D.
2393 758 2465 811 Ν.
2498 755 2556 810 J.
2586 754 2647 809 (ἰ.
2677 752 2937 824 quomodo
2986 752 3215 807 invenire
3242 750 3451 815 debeas,
3486 766 3584 805 nec
3608 766 3714 805 non
3747 761 3797 806 et

542 867 732 908 norum
763 865 986 921 operum
1019 824 1302 913 fructibus,
1333 860 1455 901 cum
1481 843 1733 913 Deealogi
1762 857 1795 896 a
1819 839 1976 897 nobis
2003 836 2122 899 fue-
2294 826 2518 921 νεξίιζααν
2550 842 2667 897 qm
2690 823 2924 877 *κῦπειτα
2944 831 3087 900 “mh
3672 898 3680 903 Α
3785 824 3790 829 ’

2298 902 2475 973 CLIII.
2500 915 2557 971 Si
2577 915 2657 969 vis
2672 914 2812 969 scire
2833 898 3081 986 annosab
3096 910 3251 979 initio
3272 910 3486 977 mundi,
3503 898 3799 980 multiplica

542 1049 775 1092 numero
799 1032 1158 1099 consistentes
1183 1031 1215 1066 ³*
1251 1028 1421 1086 ternis
1450 1027 1627 1084 nostri
1669 1025 1791 1099 agni
1817 1024 1871 1080 iu
1902 1036 2129 1094 vespere

2263 1010 2315 1072 5,
2365 1008 2495 1074 100,
2526 1008 2661 1062 ﬁunt
2685 1006 2738 1061 6.
2792 1005 2994 1061 Iterum
3038 1003 3336 1074 multiplica
3394 1003 3483 1068 15,
3535 1003 3639 1069 21,
3673 1003 3802 1073 ﬁunt

546 1123 755 1186 mundi,
781 1122 836 1178 in
865 1136 972 1195 quo
1000 1120 1306 1185 seculorum
1338 1118 1462 1175 ﬁnis
1480 1095 1820 1190 pervenerit;
1851 1130 1958 1171 non
1981 1113 2126 1189 enim
2226 1104 2351 1162 515.
2394 1103 2547 1179 Adde
2578 1100 2928 1195 lndictionem
2957 1095 3199 1166 ejusdem
3243 1097 3397 1162 anni,
3424 1096 3480 1150 in
3529 1109 3641 1164 quo
3662 1109 3800 1149 com-

546 1223 632 1269 est
660 1214 693 1249 δί
720 1186 1069 1277 tenebricatis
1105 1211 1360 1267 cordibus
1411 1186 1617 1281 Spiritu
1663 1186 1854 1266 sancto
1911 1186 2126 1275 noctem
2226 1205 2408 1266 putas,
2441 1202 2502 1261 ut
2528 1201 2657 1265 puta
2687 1190 2816 1252 anni
2857 1189 3158 1261 praesentis,
3206 1203 3328 1258 quae
3369 1196 3457 1242 est
3483 1187 3713 1257 Ξοῦιιιιι
3734 1186 3803 1239 εἰ·

547 1314 788 1365 nostram
813 1305 1169 1373 inluminante
1202 1276 1573 1360 comedamus.
1607 1302 1775 1359 Finit.
2232 1288 2341 1343 mul
2367 1288 2547 1348 6,518.
2579 1285 2669 1340 Isti
2702 1283 2828 1338 anni
2874 1290 3001 1353 sunt
3045 1280 3115 1334 ab
3140 1289 3260 1335 ortu
3295 1279 3503 1334 mundi.
3547 1276 3663 1331 [Ioc
3692 1286 3799 1329 tan-

978 1393 1059 1449 De
1087 1393 1384 1455 nominibus
1412 1393 1693 1463 Memium,
2239 1376 2505 1439 tummodo
2540 1388 2745 1428 memor
2772 1380 2891 1427 esto
2941 1368 3112 1426 lector
3140 1368 3408 1430 solicitus,
3434 1375 3498 1421 ut
3518 1366 3808 1421 succeden-

615 1485 746 1542 CLI.
786 1483 1097 1551 Januarius,
1122 1484 1412 1555 Aquarius,
1438 1460 1750 1555 bydrodios,
1782 1482 2134 1550 Februarius,

2259 1468 2378 1523 ibus
2398 1465 2554 1520 annis
2582 1477 2815 1533 semper,
2855 1462 3069 1532 quando
3094 1459 3162 1515 ad
3198 1458 3266 1527 15
3312 1457 3671 1529 Indictionem
3697 1468 3811 1524 per-

548 1574 739 1640 Piscis,
770 1548 981 1649 Actbis.
1020 1548 1274 1642 "nimi...
1299 1548 1687 1641 Aries,-Crios,
1732 1548 1956 1644 Aprilis,
1993 1548 2135 1627 Tan;
2232 1560 2470 1649 veneris.
2488 1557 2573 1649 21
2591 1572 2688 1627 per
2711 1556 2778 1610 l5
2800 1552 3477 1649 multiiilieeS._iterumque
3499 1564 3600 1619 per
3724 1562 3811 1617 per

549 1681 666 1732 rus,
697 1636 928 1721 Taurus.
973 1665 1165 1737 Majus,
1212 1636 1503 1731 Geminus,
1548 1636 1872 1722 Dasdamus.
1918 1636 2131 1730 Junius,

2259 1649 2305 1705 ,5
2347 1647 2669 1718 multiplica,
2718 1652 2776 1699 et
2824 1653 2947 1714 post
2975 1642 3042 1698 15
3078 1640 3432 1697 Indictionem
3473 1636 3811 1709 completam,

548 1755 776 1821 Cancer,
821 1735 1115 1827 Carcenos.
1164 1753 1370 1822 Julius,
1410 1756 1552 1822 Leo,
1599 1754 1767 1812 Leon.
1816 1753 2133 1825 Augustus,
2235 1751 2290 1797 et
2316 1756 2484 1797 unum
2512 1753 2727 1809 semper
2758 1735 2950 1805 adjice.

549 1845 735 1918 Virgo,
761 1845 1081 1920 Parthenos.
1128 1846 1470 1918 September,
1510 1846 1705 1914 Libra,
1737 1845 1933 1918 Tygos.
1974 1843 2136 1911 Octo:
2169 1896 2208 1920 η
2802 1829 2907 1920 De;
2948 1828 3251 1920 indictione.

550 1896 682 2005 beru,
732 1936 1022 2008 Scorpius,
1048 1896 1324 2010 Scorprios.
1378 1896 1718 2006 No'vember',
1771 1896 2135 2008 Sagittarius,
2168 1896 2211 1958 Β
2310 1922 2370 1980 Si
2401 1922 2482 1979 vis
2506 1921 2649 1978 seire
2691 1920 2756 1976 de
2785 1918 2943 1977 annis
2963 1918 3030 1973 ab
3059 1916 3215 1973 initio
3245 1914 3432 1970 mundi
3470 1913 3817 1987 indietioneui

555 2002 802 2089 Torotis.
830 2002 1145 2101 December,
1176 2002 1562 2103 Sapricornus,
2238 2017 2439 2078 facere,
2485 2027 2640 2069 sume
2663 2024 2835 2066 annos
2863 2009 2932 2064 ab
2955 2008 3109 2065 initio
3137 2006 3342 2072 mundi,
3375 2014 3437 2059 ut
3472 2012 3606 2074 puta
3642 2002 3817 2066 6,518.

953 2126 1032 2182 De
1062 2125 1330 2187 Mensibus
1358 2122 1728 2178 Hebraeorum.

626 2218 817 2287 Nisan,
844 2220 1066 2303 Aprilis.
1096 2219 1211 2286 Jar,
1232 2219 1422 2291 Maius.
1450 2218 1641 2282 Siban,
1663 2213 1877 2270 Junius.
1903 2212 2138 2276 Tabani,

550 2315 744 2373 Julius.
759 2316 864 2383 Ab,
880 2316 1175 2388 Augustus.
1191 2315 1340 2382 EIur,
1360 2314 1699 2385 September.
1717 2312 1963 2379 Theseri,
1979 2311 2141 2367 Octo-

552 2407 670 2461 ber.
701 2405 975 2473 Marsuan,
1000 2405 1325 2463 November.
1339 2404 1561 2471 Casleu,
1578 2403 1896 2461 December.
1913 2401 2138 2470 Teretb,

552 2495 859 2559 Ianuarius.
892 2496 1119 2563 Sabatb,
1147 2495 1495 2566 Februarius.
1520 2493 1723 2560 Adare,
1751 2492 1993 2549 Martius.

961 2586 1039 2642 De
1067 2583 1124 2640 Μ
1127 2585 1337 2645 ensibus
1368 2584 1737 2640 Macedonum.
2116 2628 2119 2633 .

627 2675 929 2734 November
948 2675 1175 2747 Apolus.
1200 2674 1497 2730 December
1516 2674 1829 2730 Audinaeus.
1852 2671 2143 2729 Januario:

557 2766 789 2824 Peritus.
849 2766 1178 2823 Februarius
1244 2765 1483 2821 Disthor.
1550 2764 1779 2820 Martius
1836 2762 2139 2819 Psanticus.

559 2860 761 2930 Aprilis
798 2860 1144 2933 Artemisius.
1188 2856 1363 2926 Maius
1393 2856 1603 2913 Desios.
1633 2854 1825 2910 Junius
1854 2853 2141 2909 Panemos.

558 2951 731 3007 Julius
761 2949 923 3007 Loos.
954 2951 1228 3022 Augustus
1262 2948 1537 3019 Sarpieos.
1579 2945 1902 3017 September
1927 2942 2139 3015 Hyper-

558 3042 872 3098 beretlieus.
904 3041 1141 3098 October
1168 3040 1321 3095 Dius.

961 3131 1038 3186 De
1064 3129 1332 3186 Hensibus
1362 3128 1756 3199 ngyptiorum.

634 3224 775 3280 Thot
833 3224 1112 3295 Septemb.
1168 3221 1373 3292 PaOphi
1428 3220 1619 3277 Octob.
1672 3219 1831 3275 Athir
1885 3216 2144 3273 Novemb.
2176 3245 2220 3307 Ο

562 3316 732 3372 Chiae
758 3316 1017 3372 Decemb.
1046 3313 1182 3368 Tnbi
1224 3312 1388 3373 Janu.
1421 3311 1626 3367 Mechir
1660 3311 1823 3367 Febr.
1848 3308 2148 3365 Famenoth

564 3408 808 3466 Martius.
850 3408 1132 3464 Farmuthi
1183 3407 1402 3479 Aprilis.
1451 3407 1698 3462 Paschon
1741 3403 1931 3473 Maius.
1985 3402 2149 3459 Pacni

562 3500 774 3559 Junius.
806 3504 960 3576 Epil'a
991 3503 1187 3562 Julius.
1217 3503 1454 3563 Mensuri
1479 3503 1772 3574 Augustus.

707 3597 785 3651 De
814 3598 1043 3668 regulari
1070 3597 1221 3651 Anno
1255 3596 1486 3661 Domini,
1512 3605 1558 3650 et
1585 3596 1648 3649 de
1673 3594 2002 3648 Inductione.

637 3685 788 3741 CLII.
822 3686 904 3741 Ad
928 3700 1101 3743 annos
1122 3685 1334 3741 Domini
1357 3686 1427 3740 ab
1454 3684 1837 3740 Incarnatione
1861 3683 1982 3739 ideo
2022 3682 2149 3738 mitc

569 3778 734 3833 timus
765 3777 833 3832 12
856 3777 1155 3848 regulares,
1189 3776 1314 3848 quia
1347 3784 1475 3831 nato
1503 3775 1565 3829 D.
1612 3774 1675 3829 N.
1711 3774 1761 3829 J.
1799 3775 1861 3830 Ο.
1895 3774 1983 3829 illa
2015 3773 2153 3829 Indi-

567 3869 770 3934 ctione,
801 3883 923 3938 qua:
952 3879 1079 3923 tunc
1111 3878 1228 3922 erat
1254 3869 1381 3921 anni
1411 3869 1469 3932 5,
1498 3876 1654 3921 erant
1681 3866 1941 3936 praeteriti
1972 3875 2022 3921 et
2069 3880 2151 3920 re-

566 3968 887 4016 manserunt
923 3959 1011 4014 12.
1052 3958 1349 4028 Propterea
1393 3968 1644 4012 auctores
1683 3957 1752 4011 ad
1794 3956 2149 4026 supplendum

569 4065 856 4107 numerum
888 4050 956 4106 de
979 4048 1113 4122 ipsis
1136 4050 1202 4121 12
1223 4030 1500 4127 regulares
1521 4049 1942 4105 constituerunt.

637 4144 721 4198 Ad
762 4142 1111 4200 indictionem
1138 4157 1269 4198 vero
1311 4128 1432 4197 ideo
1473 4140 1739 4206 mittimus
1781 4138 1815 4193 5
1858 4138 2154 4210 regulares,

568 4233 695 4305 quia
729 4235 802 4289 illi
833 4234 868 4289 5
896 4234 1044 4301 anni,
1074 4234 1168 4305 qui
1200 4234 1267 4289 de
1297 4234 1384 4289 illa
1420 4232 1720 4305 Indictione
1750 4231 2153 4302 praeterieram,

570 4326 697 4381 inde
734 4327 770 4381 5
796 4325 1070 4394 regulares
1092 4313 1513 4391 constituerunt.
1762 4326 1767 4333 '

641 4418 724 4473 Ad
771 4417 1068 4473 bissextum
1111 4431 1278 4472 unum
1313 4416 1551 4485 require,
1598 4416 1725 4486 quia
1757 4423 1885 4471 nato
1930 4416 2155 4470 Domino

571 4511 781 4582 primus
810 4526 986 4566 annus
1012 4519 1133 4565 erat
1153 4516 1275 4580 post
1300 4508 1623 4564 bissextum.

641 4604 727 4658 Ad
773 4603 996 4674 Cyclum
1041 4599 1588 4657 decemnovennalem
1639 4613 1803 4659 unum
1852 4597 2153 4669 regularem
2184 4599 2235 4665 D

2140 2160 2145 2161 ,
2240 2108 2350 2173 llos
2370 2106 2551 2161 divide
2585 2118 2686 2174 per
2714 2101 2781 2169 15
2827 2109 3031 2173 partes,
3087 2099 3213 2169 quia
3239 2096 3467 2152 indictio
3494 2109 3597 2165 per
3640 2093 3707 2146 15
3726 2107 3817 2146 an-

2239 2219 2338 2259 nos
2370 2200 2646 2264 discurrit,
2701 2199 2806 2253 hoc
2859 2197 3058 2254 modo:
3089 2194 3246 2251 Prius
3284 2192 3551 2249 subtrahe
3582 2188 3672 2252 15,
3701 2186 3816 2247 «100.

2239 2296 2301 2351 Iit
2337 2293 2522 2361 0,000.
2574 2292 2879 2347 Remanent
2908 2290 3033 2345 518.
3075 2288 3273 2343 Iterum
3317 2285 3411 2351 $0,
3453 2284 3543 2340 15.
3586 2282 3675 2336 Fit
3701 2280 3816 2335 500.

2239 2387 2371 2442 Item
2400 2385 2490 2451 15,
2518 2383 2687 2440 semel
2709 2382 2769 2436 Iit
2797 2381 2885 2447 15,
2933 2387 3214 2436 remanent
3232 2377 3267 2432 5
3291 2385 3405 2433 tota
3451 2373 3683 2431 indictio
3725 2380 3822 2428 est.

2242 2481 2299 2537 Si
2323 2479 2458 2537 nihil
2481 2474 2827 2539 remanserit,
2863 2473 3075 2529 decima
3102 2471 3289 2542 quinta
3314 2468 3440 2529 erit.

2455 2570 2532 2626 De
2556 2568 2709 2624 annis
2751 2567 2816 2620 ab
2849 2564 3222 2619 Incarnatione
3255 2561 3320 2614 D.
3351 2558 3428 2613 Ν.
3454 2558 3512 2613 ,1.
3545 2556 3618 2612 C.

2314 2661 2375 2718 Si
2418 2661 2502 2716 vis
2541 2674 2704 2715 nosse
2750 2665 2951 2726 quotus
3000 2669 3176 2709 annus
3223 2660 3308 2708 est
3334 2652 3405 2706 ab
3450 2646 3827 2707 lncarnatione

2244 2753 2307 2808 D.
2357 2751 2423 2807 N.
2472 2750 2522 2805 J.
2552 2751 2615 2806 C.
2669 2755 2917 2817 compota
2971 2744 3081 2811 15,
3132 2740 3528 2813 quinquaginta
3578 2748 3821 2808 quatuor,

2243 2843 2382 2900 ﬁunt
2408 2842 2533 2900 810.
2561 2840 2658 2897 [Iis
2682 2853 2897 2909 semper
2923 2836 3063 2894 adde
3110 2834 3179 2892 19
3215 2832 3514 2903 regulares.
3540 2830 3827 2903 Propterea

2245 2944 2430 2992 autem
2468 2941 2720 2989 auctores
2750 2929 2838 2995 12,
2867 2926 3144 3000 regulares
3173 2930 3239 2980 ad
3269 2938 3443 2979 annos
3476 2921 3688 2978 Domini
3735 2919 3823 2973 ad-

2244 3034 2563 3098 posuerunt,
2593 3022 2722 3093 quia
2756 3019 2972 3091 quando
3000 3016 3308 3073 Incarnatio
3338 3013 3477 3070 facta
3515 3022 3623 3076 erit,
3648 3012 3716 3066 12
3738 3025 3830 3063 an-

2248 3124 2305 3189 ni
2331 3124 2397 3179 de
2425 3122 2514 3176 illa
2537 3118 2833 3175 indictione
2861 3120 3262 3170 remanserunt.
3309 3110 3437 3165 Ideo
3464 3117 3651 3163 autem
3677 3120 3828 3176 regu-

2252 3216 2396 3271 lares
2427 3215 2703 3278 dicuntur,
2764 3208 2891 3279 quia
2943 3218 3227 3261 numerum
3287 3215 3562 3257 annorum
3628 3195 3828 3253 Domini

2255 3304 2504 3377 regulare
2556 3301 2831 3359 videntur.
2886 3296 2955 3352 12
2989 3309 3147 3363 ergo.
3167 3291 3367 3348 additis
3407 3290 3477 3344 ad
3522 3286 3827 3377 praedictum

2254 3376 2564 3457 numerum,
2596 3387 2873 3445 tiunt521.
2909 3377 3062 3441 Adde
3092 3381 3445 3440 indictionem
3466 3376 3718 3447 eiusdem
3740 3389 3827 3427 an-

2132 3526 2141 3531 -
2253 3485 2332 3552 ni,
2388 3481 2544 3551 cujus
2593 3478 2851 3543 volueris,
2880 3484 2942 3531 ut
2982 3482 3115 3545 puta
3142 3472 3198 3539 6,
3230 3472 3367 3526 Iiunt
3390 3467 3557 3526 simul
3603 3461 3829 3524 θὶλωί

2255 3584 2381 3631 sunt
2405 3574 2532 3643 anni
2561 3570 2774 3630 Domini
2804 3568 2868 3623 N.
2897 3567 2947 3621 J.
2971 3566 3032 3621 C.
3065 3564 3179 3620 Hoc
3220 3558 3603 3617 tantummodo
3638 3569 3830 3611 memor

2255 3676 2374 3724 cslo
2421 3668 2592 3723 lector
2618 3663 2883 3725 solicitus,
2916 3669 2977 3714 ut
2996 3654 3416 3714 succedentibus
3442 3651 3610 3706 annis
3634 3662 3829 3717 semper

2254 3758 2471 3830 quando
2498 3756 2566 3812 ad
2613 3754 2858 3826 quintam
2888 3750 3153 3806 decimam
3179 3745 3534 3815 indictionem
3585 3753 3833 3830 pervene:

2256 3825 2353 3915 ris,
2379 3848 2422 3904 si
2458 3845 2527 3902 54
2580 3825 2677 3916 per
2708 3842 2774 3898 15
2818 3837 3218 3909 multiplicabis,
3270 3834 3470 3890 iterum
3525 3831 3596 3886 55
3650 3844 3743 3899 per
3774 3825 3830 3879 15

2257 3936 2676 4008 multiplicabis,
2712 3942 2767 3989 et
2824 3942 2947 4003 post
2990 3928 3074 3984 15.
3123 3926 3426 3982 Indictione
3485 3920 3753 4008 completa
3784 3922 3832 3971 et

2257 4006 2427 4086 unum
2458 4039 2673 4096 semper
2716 4022 2911 4093 adiice,
2941 4018 3139 4090 quibus
3172 4015 3371 4071 additis
3401 4025 3626 4081 semper
3671 4006 3732 4061 1'2
3753 4021 3831 4059 su-

2258 4122 2575 4194 prascriptis
2624 4115 2980 4189 regularibus,
3026 4112 3274 4184 implebis
3331 4122 3625 4164 numerum
3680 4116 3833 4158 anno-

2259 4229 2377 4285 rum
2420 4210 2654 4293 Domini,
2685 4216 2741 4264 et
2768 4205 2898 4263 nihil
2947 4211 3210 4266 remanet,
3238 4200 3382 4270 quod
3418 4214 3522 4268 per
3556 4198 3623 4251 12
3652 4194 3829 4250 addere

2259 4305 2454 4375 possis,
2486 4284 2627 4358 sicut
2681 4300 2734 4355 in
2771 4298 2893 4354 aliis
2940 4294 3328 4352 indictionibus
3368 4298 3643 4354 remanet,
3686 4295 3741 4340 ut
3784 4284 3829 4336 in

2259 4372 2431 4466 prima
2464 4391 2755 4449 indictione
2787 4391 2838 4455 1,
2889 4389 2942 4443 in
2973 4385 3205 4443 secunda
3231 4383 3289 4450 2,
3334 4382 3391 4436 in
3448 4381 3611 4435 tertia
3651 4377 3721 4440 5,
3760 4372 3832 4447 vel

2262 4465 2433 4557 usque
2461 4484 2527 4540 ad
2559 4484 2648 4549 14,
2681 4490 2759 4537 tot
2784 4487 3066 4535 remanent
3094 4478 3161 4532 de
3196 4481 3452 4545 compoto
3477 4465 3829 4557 suprascripto

2262 4556 2423 4651 quem
2477 4578 2643 4634 fuerit
2690 4575 2937 4630 indictio.
2981 4572 3038 4626 In
3070 4571 3138 4626 15
3163 4584 3294 4624 vero
3348 4565 3652 4621 indictione
3681 4560 3725 4615 si
3754 4556 3829 4651 ad

641 4649 727 4658 --..
779 4649 840 4674 ν,
857 4649 996 4657 νη---
1044 4649 1587 4657 μ-------,-.-----η-----
2080 4649 2117 4651 η
2184 4649 2228 4665 ,ν
2282 4649 2294 4651 _

574 4694 862 4757 mittimus,
895 4694 1022 4762 quia
1061 4701 1190 4746 nato
1220 4691 1449 4746 Domino
1495 4705 1633 4745 unus
1660 4704 1835 4744 annus
1867 4690 2159 4744 Decemno-
2235 4688 2531 4729 'Sllmlllam
2559 4670 2915 4740 ειψονίονθητ,
2940 4667 2992 4721 id
3012 4677 3097 4721 εει
3127 4664 3217 4727 54,
3247 4661 3331 4717 νθί
3353 4659 3424 4716 55
3448 4673 3550 4730 Ρεν
3577 4649 3827 4762 {imm

574 4784 820 4840 vennalis
845 4782 993 4845 Cycli
1021 4782 1313 4853 przecessit.

645 4880 726 4935 Ad
766 4879 1029 4934 circulum
1054 4878 1191 4934 luna:
1220 4879 1285 4934 de
1308 4878 1467 4933 annis
1488 4878 1698 4933 Domini
1731 4878 1865 4932 duos
1888 4876 2161 4942 subtrabi~

577 4988 726 5037 mus,
754 4971 879 5041 quia
922 4981 1051 5027 nato
1097 4971 1323 5028 Domino
1366 4972 1434 5027 de
1486 4970 1577 5026 illo
1616 4969 1779 5042 Cyclo
1808 4969 2007 5024 Lunari
2055 4969 2154 5025 duo

578 5073 702 5117 anni
736 5073 1130 5119 remanserunt.

648 5153 729 5207 Ad
757 5166 1144 5212 concurrentes
1178 5156 1211 5211 ι
1254 5157 1527 5227 regulares
1573 5154 1866 5211 mittimus.
1900 5156 2023 5222 quia
2069 5168 2164 5227 per

580 5253 874 5313 quaternos
930 5246 960 5297 7
1015 5246 1209 5316 Cyclus
1266 5245 1476 5300 Solaris
1527 5244 1805 5307 discurrit,
1858 5243 1909 5295 id
1962 5253 2045 5296 est
2093 5242 2164 5295 ‘28

583 5351 770 5393 annos.

646 5429 733 5484 ‘Ad
758 5431 1014 5500 Epactam
1040 5448 1135 5501 per
1176 5432 1246 5485 10
1276 5431 1695 5500 multiplicamus
1714 5471 1728 5495 ,
1757 5430 1881 5498 quia
1915 5430 1979 5483 de
2025 5444 2167 5483 anno

584 5519 758 5575 Solari
793 5523 863 5599 11-
885 5533 1284 5589 remanserunt,
1313 5532 1368 5578 et
1390 5538 1483 5593 per
1525 5523 1670 5592 ipsos
1698 5522 1757 5574 11
1787 5529 1995 5576 ceteras
2024 5521 2164 5592 Epa-

588 5618 703 5668 ctas
734 5612 1171 5685 multiplicamus.

2265 4764 2510 4834 plicabis,
2541 4777 2755 4831 semper
2788 4761 2810 4813 1
2859 4759 3048 4813 addas.
3085 4756 3198 4809 Hoc
3231 4759 3561 4823 argumento
3590 4746 3658 4800 ad
3683 4754 3831 4805 aniles

2266 4853 2477 4911 Domini
2512 4850 2865 4907 inveniendos
2892 4847 3195 4919 pervenies.

2642 4932 2797 4997 illam
2822 4938 2930 4995 alia
2953 4938 3017 4992 de
3046 4935 3200 5007 annis
3223 4933 3459 4987 Domini.

2340 5040 2398 5095 Si
2446 5040 2528 5106 vis
2575 5035 2817 5091 invenire
2856 5044 3026 5089 annos
3079 5029 3148 5083 ab
3201 5023 3583 5081 lncarnatione
3642 5012 3829 5069 Domini

2275 5132 2339 5187 N.
2371 5132 2420 5189 1.
2450 5103 2534 5195 C.,
2564 5127 2859 5198 multiplica
2903 5125 2971 5180 15
3004 5120 3352 5192 quadragies,
3385 5117 3523 5171 limit
3550 5111 3654 5168 600
3688 5116 3741 5162 et
3775 5101 3830 5198 15

2276 5193 2557 5301 terdecies,
2588 5193 2736 5275 ﬁunt-
2768 5218 2892 5275 795.
2942 5215 3091 5269 Adde
3119 5226 3337 5282 semper
3362 5206 3638 5301 regulares
3666 5199 3731 5254 η

2276 5295 2590 5384 ιίτωάὶοιυιη
2631 5323 2939 5372 numerum,
2985 5315 3041 5360 et
3068 5302 3420 5359 indictionem
3448 5295 3689 5367 ejusdem
3719 5300 3828 5384 agitat

2275 5375 2468 5459 stium
2522 5402 2685 5457 simul
2714 5399 2837 5457 810.
2869 5398 2960 5454 Isti
3012 5404 3139 5452 sunt
3172 5392 3301 5447 anni
3349 5392 3414 5447 ι).
3463 5387 3525 5442 N.
3572 5384 3619 5439 J.
3648 5381 3705 5436 c.
3734 5375 3826 5431 Hoc

2277 5496 2652 5553 tantummodo
2702 5508 2909 5550 memor
2943 5499 3062 5548 esto
3089 5487 3335 5545 solicitus
3370 5483 3565 5549 lector,
3590 5481 3827 5575 utsncce-
