4020 6310
188 411 348 469 1565

763 521 840 580 De
898 514 1198 576 indictione.

266 636 327 692 Si
383 635 488 690 vis
525 634 665 690 scire
702 644 866 704 quota
916 635 987 690 sit
1036 632 1258 689 indictio
1301 632 1428 688 anni
1467 630 1765 703 praesentis,

190 739 353 780 sume
400 737 574 780 annos
615 722 847 789 Domini,
871 731 1004 794 quot
1028 721 1245 790 fuerint,
1276 729 1332 776 ut
1353 730 1476 792 puta
1521 719 1644 777 810.
1674 721 1770 778 His

192 830 415 886 semper
444 814 620 884 adjice
642 815 677 868 5
703 814 997 886 regulares.
1037 813 1327 884 Propterea
1355 827 1484 867 vero
1523 820 1772 868 auctores

190 912 498 976 posuerunt
541 904 576 982 5
628 903 922 978 Regulares
954 905 1020 959 ad
1069 903 1438 966 indictionem,
1461 903 1586 974 quia
1613 903 1770 958 tertia

191 995 424 1052 indictio
477 1004 617 1061 erat,
671 995 885 1064 quando
932 994 1236 1051 Incarnatio
1261 993 1380 1048 fuit.
1418 993 1615 1047 Tribus
1643 1007 1771 1063 ergo

193 1085 400 1142 additis
427 1086 494 1142 ad
521 1085 835 1156 pratdictum
883 1100 1186 1150 numerum,
1243 1085 1366 1139 anni
1398 1085 1607 1140 Domini
1641 1083 1774 1138 fiunt

191 1177 322 1236 815.
373 1173 483 1244 Hos
537 1175 738 1246 partire
765 1189 862 1244 per
890 1174 955 1230 15
990 1183 1221 1245 partem,
1260 1174 1387 1244 quia
1426 1174 1610 1245 cyclus
1637 1173 1774 1229 indi-

191 1267 436 1322 ctionum
463 1258 560 1337 per
586 1265 652 1320 15
677 1281 845 1321 annos
879 1266 1150 1322 discurrit.
1177 1265 1300 1321 Ideo
1323 1265 1682 1338 quinquageni
1708 1265 1774 1320 l5

194 1357 332 1412 ﬁunt
363 1359 489 1414 750.
520 1358 651 1424 Item
678 1357 929 1429 quaterni
971 1358 1284 1432 quindecies
1311 1359 1446 1412 ﬁunt
1479 1357 1566 1434 60,
1599 1371 1774 1413 rema-

193 1459 329 1503 nent
365 1449 418 1503 5.
454 1449 636 1505 Tertia
677 1451 897 1507 indictio
929 1459 1014 1506 est
1055 1450 1180 1507 anni
1219 1450 1535 1523 praesentis,
1562 1447 1607 1506 si
1641 1448 1775 1504 nihil

192 1539 538 1610 remanserit,
573 1541 637 1597 l5
667 1541 771 1597 erit
801 1531 1046 1598 indictio.
1239 1529 1244 1536 ’
1416 1531 1418 1534 ’

556 1665 558 1667 ’
588 1653 661 1718 De
684 1651 880 1716 circulo
911 1639 1384 1716 decemnorennali.

268 1763 446 1820 CLIV.
485 1763 540 1820 Si
572 1765 652 1819 vis
693 1778 903 1835 sapere,
934 1772 1131 1835 quotus
1159 1778 1334 1818 annus
1377 1763 1448 1818 sit
1471 1763 1663 1820 circuli
1685 1763 1775 1818 de-

192 1855 628 1918 cemnovennalis
644 1870 928 1919 annorum,
944 1868 1096 1910 sume
1115 1850 1283 1910 annos
1299 1855 1534 1921 Domini,
1549 1855 1640 1926 qui
1663 1853 1777 1910 fue-

193 1944 324 2011 rint,
355 1953 414 1998 ut
437 1954 563 2016 puta
586 1946 712 2010 810,
740 1953 792 2000 et
813 1960 1030 2016 semper
1055 1945 1080 2000 1
1108 1945 1406 2016 regularem
1431 1946 1622 2016 adiice,
1650 1946 1779 2017 quia

194 2034 413 2104 quando
449 2032 754 2090 Incarnatio
789 2034 929 2090 facta
959 2036 1082 2100 fuit,
1118 2051 1257 2090 unus
1288 2053 1462 2092 annus
1493 2038 1779 2093 decemno-

191 2125 440 2180 vennalis
467 2125 602 2196 cycli
654 2127 950 2194 praecessit,
999 2141 1108 2182 uno
1136 2141 1265 2198 ergo
1297 2127 1483 2183 addito
1514 2128 1581 2182 ad
1604 2144 1780 2185 annos

195 2213 430 2279 Domini,
460 2213 598 2268 ﬁunt
623 2214 746 2270 811.
796 2213 906 2272 1108
939 2217 1143 2287 partire
1168 2207 1272 2289 per
1297 2217 1362 2274 19
1390 2227 1620 2288 partem,
1652 2222 1777 2290 quia

193 2304 379 2375 cyclus
419 2304 930 2362 decemnovennalis
959 2323 1059 2377 per
1083 2308 1147 2365 I9
1185 2323 1360 2366 annos
1399 2309 1680 2379 discurrit,
1710 2313 1778 2368 19

195 2396 544 2468 quadrageni,
576 2395 710 2451 ﬁunt
739 2399 859 2453 760.
889 2399 1020 2454 Item
1053 2400 1136 2456 bis
1167 2401 1544 2458 decemnovies
1588 2403 1648 2459 ﬁt
1683 2403 1793 2471 '58,

195 2495 484 2541 remanent
513 2485 599 2542 15.
641 2485 860 2548 Tertius.
885 2491 1126 2547 decimus
1156 2487 1393 2552 circulus
1427 2502 1518 2562 est
1563 2496 1777 2554 decem-

198 2578 518 2654 uovennalis
541 2581 666 2634 anni
693 2583 990 2650 prmsentis.
1020 2582 1173 2650 Quod
1193 2584 1238 2640 si
1269 2583 1401 2640 nihil
1428 2588 1774 2653 remanserit,

199 2683 375 2723 nonus
398 2666 641 2724 decimus
669 2685 844 2726 annus
868 2681 953 2726 est
981 2673 1486 2732 decemnovennalis
1520 2676 1678 2732 cvcli.

731 2785 809 2840 De
850 2790 1044 2857 epactis
1084 2787 1224 2844 Iunce

267 2875 422 2933 CLV.
455 2875 510 2936 Si
542 2878 624 2933 vis
660 2892 1004 2949 eosnoscere,
1036 2889 1324 2950 quotsunt
1355 2891 1578 2952 epactae,
1613 2885 1664 2938 id
1696 2893 1778 2939 est

200 2965 528 3034 adjectiones
549 2966 784 3033 lunares,
811 2983 962 3024 sume
984 2985 1153 3026 annos
1177 2970 1406 3034 Domini,
1431 2975 1520 3043 qui
1551 2973 1786 3044 fuerint,

203 3065 258 3108 ut
279 3063 405 3125 puta
441 3055 564 3122 810,
597 3058 696 3114 1108
717 3059 922 3128 partire
943 3075 1039 3129 per
1072 3061 1137 3116 19
1158 3070 1388 3131 partem,
1425 3065 1548 3132 quia
1591 3064 1774 3135 cyclus

203 3143 407 3200 lunaris
432 3160 529 3216 per
551 3146 618 3202 I9
637 3161 809 3203 annos
830 3148 1105 3204 discurrit.
1135 3151 1514 3208 Decetnnovies
1543 3155 1775 3222 quadra-

1459 405 1658 461 unen
1697 401 2166 494 DEHQOMPUTO.

3314 409 3450 466 l366

1792 519 1840 577 Α
1873 547 1953 596 tes
1975 533 2288 611 septimam
2311 543 2445 610 dies,
2472 558 2622 600 sumc
2646 559 2818 599 annos
2839 543 3082 609 Domini,
3105 543 3196 613 qui
3219 541 3450 611 fuerint,

1873 641 1932 687 ut
1953 641 2079 702 puta
2091 633 2195 689 810
2207 643 2264 689 et
2287 649 2549 691 annorum
2576 636 2786 691 Domini
2811 645 3058 706 quartam
3079 643 3291 706 partem
3312 651 3452 692 sem-

1872 740 1969 794 per
2003 726 2174 796 adjice
2207 742 2370 796 supra
2407 743 2576 784 annos
2603 729 2850 795 Domini,
2883 737 3007 786 sunt
3037 728 3162 795 202,
3189 729 3282 798 qui
3311 729 3450 783 ﬁunt

1874 816 2033 872 simul
2060 817 2214 872 1012.
2249 818 2342 874 1118
2367 835 2582 890 semper
2610 807 2750 875 adde.
2773 820 2806 876 4
2839 819 3134 891 regulares.
3166 819 3224 874 In
3254 818 3360 873 ﬁne
3394 819 3453 872 fit

1873 909 2048 964 omnis
2075 923 2283 964 summa
2315 911 2472 976 1016,
2507 913 2603 967 1108
2630 913 2836 982 partire
2871 927 2970 983 per
2999 911 3030 964 7
3051 951 3066 977 ,
3091 911 3216 982 quia
3255 909 3452 982 Cyclus

1876 999 2019 1056 Solis
2059 1017 2154 1071 per
2191 1001 2260 1058 28
2297 1019 2468 1058 annos
2510 1003 2788 1060 discurrit.
2826 1003 3038 1076 Septies
3067 1012 3285 1060 centum
3317 1003 3454 1057 ﬁunt

1875 1091 1998 1146 700.
2050 1091 2179 1146 Item
2211 1094 2412 1162 septies
2440 1093 2508 1148 40
2538 1095 2670 1150 ﬁunt
2711 1094 2838 1152 280.
2888 1095 3130 1164 Itemque
3177 1093 3376 1165 septies
3417 1092 3452 1146 5

1877 1180 2009 1235 ﬁunt
2049 1180 2136 1256 '55,
2163 1192 2406 1238 remanet
2443 1183 2495 1238 1.
2539 1183 2641 1240 Τοι
2686 1186 3072 1240 concurrentes
3115 1191 3241 1237 sunt
3287 1180 3453 1253 septi-

1877 1283 2052 1326 mana:
2077 1269 2191 1324 dies
2209 1311 2225 1336 ,
2251 1271 2340 1341 qui
2373 1272 2438 1328 de
2469 1272 2612 1330 Solis
2637 1289 2796 1329 cursu
2827 1272 3170 1344 perveniunt.

2500 1384 2576 1439 De
2619 1385 2862 1440 bissexto.

1949 1471 2004 1528 Si
2042 1472 2126 1528 vis
2163 1475 2333 1535 scire.
2378 1482 2558 1528 utrum
2604 1475 2875 1529 bissextus
2902 1476 2971 1529 sit
2997 1491 3168 1529 annus
3190 1515 3203 1539 ,
3234 1491 3298 1529 an
3329 1489 3470 1530 vero.

1878 1579 2051 1620 annus
2095 1566 2504 1635 praeparationis
2531 1567 2789 1622 bissexti:
2823 1582 2975 1624 sume
3015 1581 3183 1622 annos
3210 1567 3454 1632 Domini,

1881 1659 1971 1728 qui
2001 1656 2239 1723 fuerint,
2271 1669 2330 1711 ut
2355 1668 2480 1729 puta
2508 1659 2633 1716 810.
2676 1658 2786 1715 1108
2825 1659 3026 1730 partire
3066 1674 3161 1730 per
3202 1667 3453 1730 quartam

1880 1757 2110 1818 partem.
2146 1747 2201 1803 Si
2231 1749 2265 1802 4
2293 1758 2501 1803 tantum
2531 1746 2843 1814 remanent,
2889 1749 3160 1805 bissextus
3183 1757 3297 1814 est,
3331 1749 3456 1818 quia

1881 1846 2001 1907 post
2025 1837 2060 1893 4
2084 1832 2260 1892 annos
2287 1851 2533 1908 peractos
2583 1839 2910 1894 intervenit.
2936 1839 3162 1895 Centum
3208 1839 3454 1908 quaterni

1882 1927 2016 1982 ﬁunt
2049 1927 2175 1983 400.
2218 1927 2350 1982 Item
2385 1929 2653 1997 nonageni
2694 1929 2946 1998 quaterni
2984 1927 3119 1984 ﬁunt
3153 1927 3276 1982 560.
3324 1927 3456 1983 110111

1876 2021 2000 2077 deni
2027 2021 2278 2092 quaterni
2305 2020 2538 2076 11111114οη.
2569 2021 2698 2076 Item
2730 2022 2813 2076 bis
2843 2020 3091 2092 quaterni
3121 2021 3253 2074 ﬁunt
3278 2021 3332 2085 8,
3363 2035 3450 2076 re-

1878 2119 2101 2164 manent
2157 2112 2284 2164 duo.
2343 2108 2625 2165 Secundus
2682 2125 2858 2165 annus
2907 2118 2992 2166 est
3041 2109 3455 2180 prmparationis

1875 2199 2125 2254 bissexti.
2157 2198 2212 2253 Si
2243 2199 2275 2252 5
2309 2200 2691 2265 remanserint,
2739 2200 2931 2258 tertius
2949 2215 3121 2256 annus
3161 2201 3266 2255 erit
3305 2213 3447 2269 prae-

1875 2291 2174 2359 parationis
2205 2290 2450 2346 bissexti.
2485 2289 2541 2348 Si
2574 2290 2706 2345 nihil
2737 2289 3091 2355 remanserit,
3127 2291 3230 2346 hoc
3264 2298 3374 2355 est,
3407 2289 3454 2346 si

1879 2389 2024 2436 totus
2052 2395 2313 2436 numerus
2339 2397 2438 2452 per
2461 2391 2758 2451 quaternos
2782 2382 3004 2452 mqualis
3031 2381 3225 2448 fuerit,
3253 2381 3459 2436 blsSex-

1880 2482 1964 2528 tus
1991 2488 2166 2528 annus
2192 2473 2316 2527 erit.
2353 2473 2428 2529 Ne
2459 2475 2556 2528 tibi
2591 2471 2817 2529 forsitan
2847 2473 3022 2544 aliqua
3051 2473 3226 2544 caligo
3255 2472 3458 2530 erroris

1877 2573 2129 2619 occurrat
2155 2580 2250 2634 per
2270 2579 2483 2620 omnem
2514 2574 2822 2635 compotum
2845 2607 2859 2629 ,
2884 2579 3044 2634 quem
3073 2565 3254 2628 duces,
3289 2564 3334 2619 si
3361 2562 3448 2619 ni-

1880 2655 1953 2717 hil
1979 2669 2142 2724 supra
2172 2655 2336 2711 fuerit
2355 2695 2369 2719 ,
2399 2655 2540 2712 scies
2570 2657 2816 2711 eumdem
2845 2662 3152 2725 compotum
3181 2669 3332 2720 esse,
3357 2668 3455 2724 per

1877 2760 2037 2814 quem
2063 2744 2248 2808 duces,
2281 2753 2339 2798 ut
2371 2754 2493 2815 puta
2523 2745 2566 2801 si
2600 2761 2694 2816 per
2723 2745 2788 2800 19
2817 2745 3001 2808 duces,
3026 2752 3081 2798 et
3105 2743 3235 2799 nihil
3269 2757 3456 2812 snper-

1879 2837 2072 2898 fuerit,
2105 2837 2241 2892 scies
2277 2837 2336 2893 19
2364 2853 2514 2902 esse;
2544 2837 2586 2891 si
2617 2853 2713 2908 per
2744 2836 2808 2891 l5
2846 2835 3042 2901 duces,
3093 2834 3192 2898 45;
3221 2834 3264 2889 si
3291 2849 3388 2905 per
3423 2834 3455 2886 7

1791 2955 1802 2964 -
1879 2927 2061 2992 duces,
2094 2927 2157 2993 7.;
2187 2928 2230 2980 si
2260 2915 2355 2996 per
2378 2927 2431 2992 4,
2460 2936 2711 2997 quatuor.

2425 3039 2558 3094 Item
2589 3040 2650 3094 de
2680 3040 2920 3094 bissexto.

1951 3131 2006 3188 Si
2034 3133 2116 3188 vis
2145 3134 2285 3188 scire
2315 3133 2380 3188 de
2403 3133 2660 3196 bissexto,
2691 3141 2813 3187 tene
2839 3147 3008 3188 annos
3036 3131 3240 3188 Solaris
3264 3131 3409 3203 CycIi
3435 3173 3450 3196 ,

201 3236 318 3307 geni
350 3236 485 3290 ﬁunt
512 3235 632 3308 760.
665 3236 795 3294 item
813 3238 894 3294 bis
924 3238 1298 3296 decemnovies
1327 3242 1462 3297 ﬁunt
1483 3243 1574 3309 58,
1605 3259 1775 3300 rema-

1882 3223 2209 3292 quicnmqne
2239 3221 2510 3278 fuerintin
2540 3223 2787 3292 praesenti
2817 3238 2978 3287 anno,
3001 3222 3064 3278 V.
3088 3223 3153 3280 G.
3188 3223 3252 3276 14
3284 3237 3456 3278 annus

203 3335 333 3381 nent
384 3327 471 3382 12.
500 3328 610 3384 1108
633 3343 731 3398 per
772 3330 831 3384 11
881 3340 1086 3400 partem
1136 3332 1450 3402 multiplica,
1489 3336 1622 3390 ﬁunt
1656 3337 1774 3393 152.

203 3419 312 3478 llos
333 3421 536 3490 partire
563 3422 757 3478 iterum
804 3438 900 3493 per
926 3424 994 3479 50
1041 3433 1268 3494 partem.
1301 3426 1562 3494 Quaterni
1588 3430 1778 3486 triceni

202 3511 336 3576 ﬁunt
364 3512 486 3578 120,
531 3523 815 3569 remanent
860 3515 946 3568 12.
997 3516 1318 3574 Duodecimn
1362 3531 1551 3592 epacta
1577 3531 1660 3578 est
1686 3523 1784 3590 ad:

195 3602 451 3678 jcctionis
479 3604 705 3664 lunaris.

753 3701 831 3756 De
860 3700 1014 3774 Cyclo
1045 3705 1230 3763 Lunw.

269 3789 330 3844 Si
373 3803 670 3860 agnoscere
707 3792 977 3859 volueris,
1020 3807 1215 3866 quotus
1251 3800 1448 3872 Cyclas
1488 3802 1654 3860 Lunae
1695 3815 1788 3862 est

200 3877 290 3948 qui
331 3878 804 3937 decemnovennali
853 3882 1015 3952 Cyclo
1055 3888 1385 3956 continetur,
1435 3899 1558 3948 tene
1607 3910 1778 3951 annos

201 3969 425 4026 Domini.
460 3972 514 4028 in
561 3989 722 4029 manu
778 3984 901 4040 tua,
952 3977 1042 4046 qui
1075 3978 1307 4047 fuerint,
1359 3992 1419 4038 ut
1463 3972 1614 4053 puta,
1645 3985 1772 4042 810.

205 4059 277 4114 00
306 4060 390 4116 his
427 4075 644 4148 semper
683 4065 940 4123 subtrahe
975 4068 1110 4126 duos
1131 4111 1146 4135 ,
1178 4072 1306 4142 quia
1345 4076 1560 4144 quando
1594 4075 1778 4133 1110111-

203 4153 348 4208 natio
376 4153 518 4210 facta
549 4166 665 4221 est,
698 4157 804 4213 duo
835 4160 961 4215 anni
990 4161 1058 4220 de
1100 4163 1191 4218 illo
1232 4164 1396 4237 Cyclo
1437 4165 1638 4224 Lunari
1687 4187 1772 4227 re-

203 4252 542 4315 manserunt.“
571 4243 873 4303 Subtractis
905 4264 1036 4321 ergo
1060 4253 1296 4317 duobus,
1333 4268 1614 4313 remanent
1649 4260 1772 4324 808,

203 4334 298 4389 1108
323 4335 527 4404 partire
551 4350 646 4405 per
666 4339 732 4394 19
753 4348 960 4408 partem
979 4383 994 4407 ,
1026 4343 1152 4412 quia
1173 4344 1368 4416 Cyclus
1397 4347 1627 4403 Lunaris
1654 4361 1776 4418 post

204 4426 267 4480 19
296 4441 464 4483 annos
503 4427 556 4482 in
585 4443 646 4485 se
679 4433 985 4488 revertitur.
1030 4434 1416 4494 Decemnovies
1445 4442 1773 4512 quadrageni

207 4519 337 4573 ﬁunt
365 4518 487 4573 760.
519 4519 649 4575 Item
681 4520 763 4577 his
791 4522 976 4581 decem
1002 4527 1188 4582 novies
1211 4529 1344 4583 liunt
1370 4529 1461 4593 '58,
1485 4543 1766 4588 remanent

207 4610 291 4677 10,
319 4624 492 4668 11011118
511 4611 678 4668 Luna:
720 4622 804 4669 est
843 4615 1351 4680 decemnovennalis
1375 4620 1596 4678 Circuli.
1628 4624 1770 4693 Quo-

205 4699 340 4766 tiens
368 4707 548 4756 autem
579 4702 713 4758 nihil
742 4714 990 4761 remanet
1017 4721 1193 4762 nonus
1222 4709 1466 4765 decimus
1493 4720 1592 4770 est.

703 4792 783 4848 De
812 4776 1267 4852 Concurrentibus.
1314 4823 1316 4826 ν

272 4880 326 4936 Si
363 4883 443 4939 vis
475 4899 635 4940 nosse
669 4884 998 4956 adiectiones
1029 4886 1200 4954 Solis,
1243 4889 1295 4946 id
1328 4898 1412 4960 est
1437 4891 1776 4951 Concurren-

1882 3311 2027 3382 Cycli
2061 3311 2266 3368 Solaris
2294 3321 2398 3367 est.
2448 3311 2670 3369 Dimitte
2700 3327 2913 3384 semper
2941 3315 2988 3376 I,
3040 3322 3323 3368 remanent
3363 3312 3455 3390 15.

1882 3404 2092 3459 Partire
2117 3419 2215 3475 per
2239 3404 2272 3458 4
2299 3407 2499 3474 partes.
2528 3403 2750 3460 Dimitte
2780 3404 2868 3471 12,
2903 3404 3029 3474 quia
3057 3404 3091 3457 4
3122 3404 3261 3459 terni
3292 3414 3449 3468 sunt,

1882 3505 2125 3552 remanet
2149 3496 2200 3550 1.
2226 3494 2440 3550 Primus
2463 3510 2637 3551 annus
2663 3503 2750 3551 est
2771 3495 3182 3566 praeparationis
3207 3494 3454 3551 bissexti.

1883 3587 1940 3642 Si
1968 3586 2101 3642 nihil
2123 3587 2479 3654 remanserit,
2507 3587 2779 3644 bissextus
2802 3587 2925 3643 erit.

1881 3678 2185 3748 Sequuntur
2213 3676 2346 3748 cycli
2370 3676 2862 3748 decemnovennales
2884 3675 3099 3748 Cyritu,
3136 3686 3183 3748 et
3215 3675 3466 3746 Dionysii.

2005 3747 2072 3800 ub
2102 3745 2378 3804 anno'798
2405 3747 2730 3817 incipientes,
2761 3757 2808 3800 et
2838 3747 2892 3801 in
2921 3745 3024 3802 987
3050 3745 3316 3800 desinunt.

2368 3863 2446 3918 De
2484 3863 2642 3933 Cyclo
2689 3861 2958 3916 Paschali.

1948 3955 2122 4012 CLVI.
2163 3955 2477 4010 Paschalem
2527 3953 2752 4024 Cyclum
2802 3950 3119 4022 Hippolytus
3170 3943 3452 4020 episcopus

1879 4049 2207 4120 temporibus
2235 4047 2522 4102 Alexandri
2557 4045 2918 4116 imperatoris,
2962 4052 3068 4099 etc.
3109 4041 3294 4112 (Edita
3331 4049 3452 4097 sunt

1876 4144 1941 4197 ab
1968 4142 2176 4196 Isidoro
2211 4139 2514 4209 llispalensi
2544 4139 2633 4191 lib.
2666 4153 2752 4202 vr,
2784 4153 2906 4204 cap.
2939 4136 3026 4200 17,
3057 4134 3313 4203 0rigin.).

1877 4254 2071 4323 Incipit
2115 4251 2395 4323 Tractatus
2431 4248 2606 4323 sancti
2644 4246 2941 4323 Athanasii
2969 4245 3194 4316 episcopi
3226 4241 3457 4298 Alexan-

2301 4319 2442 4373 drini
2462 4319 2526 4372 de
2551 4319 2754 4371 ratione
2779 4314 3021 4370 'Paschaé.

1947 4412 2151 4468 Mensis
2201 4410 2292 4466 hic
2339 4408 2493 4465 vobis
2532 4407 2744 4462 initium
2794 4407 3056 4462 mensium
3100 4407 3308 4476 primus
3352 4405 3457 4458 erit

1875 4508 2026 4564 vobis
2056 4507 2108 4562 in
2140 4503 2416 4562 mensibus
2441 4504 2599 4568 anni,
2627 4512 2732 4559 etc.
2767 4503 2785 4575 (
2809 4503 3129 4573 Opusculum
3159 4501 3297 4554 istud
3331 4499 3455 4554 olim

1805 4589 1850 4648 Ι)
1875 4602 1997 4657 misi
2028 4601 2098 4656 ad
2127 4599 2206 4655 Cl.
2254 4599 2314 4653 γ.
2344 4597 2410 4652 D.
2448 4596 2779 4653 Bernardum
2802 4595 2866 4651 de
2891 4595 3236 4664 Montfaucon
3265 4593 3453 4648 Mona-

1878 4696 2030 4748 chum
2060 4691 2460 4747 Benedictinum
2492 4689 2685 4760 Congr.
2728 4687 2788 4744 S.
2843 4687 3053 4768 Mauri,
3100 4689 3190 4758 qui
3225 4699 3273 4741 et
3317 4684 3449 4738 illud

1875 4786 2068 4858 publici
2083 4784 2227 4855 juris
2249 4783 2370 4853 fecit
2394 4791 2521 4837 tom.
2539 4781 2625 4847 II,
2646 4799 2768 4852 pag.
2794 4780 2918 4845 7H,
2947 4779 3172 4850 Operum
3204 4778 3265 4833 S.
3291 4779 3452 4832 Attia-

1878 4877 2016 4936 nasii
2042 4893 2076 4930 a
2103 4892 2158 4930 se
2187 4874 2450 4929 editorum
2473 4891 2491 4938 ;
2525 4889 2685 4944 quare
2712 4871 3050 4926 omittendum
3081 4871 3164 4924 hic
3196 4871 3390 4924 censui.

273 4973 464 5060 Incipit
501 4977 676 5048 cyclus
696 4996 980 5060 nuntiorum
1013 4982 1309 5060 octoginta,
1351 4959 1402 5038 et
1441 4995 1694 5060 _quatuor,
1726 4991 1813 5060 qui
1850 4996 2185 5060 computatur
2212 4987 2298 5060 die
2335 4985 2694 5060 Kalendarum
2727 4959 3109 5060 Januarja.rum
3140 4981 3298 5036 Festo
3329 4993 3379 5060 et

341 5042 494 5124 Callo
525 5042 824 5124 consulibus
852 5049 960 5124 (est
989 5042 1325 5124 (1111⁷298),
1357 5063 1405 5107 et
1433 5042 1678 5124 impletur

1771 5059 1940 5126 iagrio
1965 5051 2036 5112 'et
2096 5057 2362 5111 Antonino
2401 5073 2536 5120 coss.
2605 5055 2721 5126 (est
2759 5071 2883 5108 ann.
2920 5054 3024 5126 582
3047 5054 3063 5122 )
3086 5094 3100 5118 ,
3141 5063 3186 5106 et
3219 5051 3380 5126 _redit

339 5115 408 5170 ad
434 5127 605 5200 caput
628 5115 931 5200 1101061111έο
953 5131 1001 5175 et
1026 5115 1321 5177 Saturnino
1353 5139 1487 5179 coss.
1507 5115 1616 5196 '(est
1644 5145 1770 5182 ann.
1807 5115 1956 5200 585.),
1997 5139 2044 5182 ct
2069 5127 2222 5182 tertio
2249 5127 2380 5181 redit
2409 5115 2478 5178 ad
2508 5115 2658 5195 caput
2688 5123 2874 5178 Postea
2901 5134 2948 5178 et
2977 5115 3184 5177 Joanne
3219 5120 3278 5174 V.
3313 5115 3372 5174 ϐ.

335 5202 470 5239 coss.
499 5185 522 5256 “(
534 5198 608 5242 est
641 5206 764 5243 ann.
794 5189 929 5260 467)
959 5203 1008 5243 ⁸.

205 5277 340 5330 Anni
749 5279 871 5334 Dies
903 5279 1031 5334 solis
1286 5281 1434 5336 Luna
1464 5285 1553 5338 xxi

209 5347 252 5401 ii.
745 5349 831 5403 die
862 5351 897 5403 ii
1287 5352 1410 5414 luna
1438 5354 1568 5408 xxiii

208 5415 263 5471 iii
745 5417 831 5472 die
859 5419 913 5474 iii
1287 5421 1409 5476 luna
1443 5424 1494 5476 iv

209 5485 260 5540 iv
744 5487 830 5542 die
853 5504 886 5540 v
1285 5491 1409 5546 luna
1435 5509 1502 5548 xv

208 5605 238 5641 v
745 5592 828 5650 die
853 5594 906 5648 vi
1283 5592 1407 5666 luna
1441 5602 1564 5653 xxvi

277 5730 301 5757 α
317 5705 588 5792 ⁵(1011811101
613 5718 784 5792 lector
805 5721 1074 5792 egregiam
1101 5723 1166 5778 de
1190 5721 1434 5781 Paschali
1462 5725 1775 5785 Latinorum

209 5786 366 5858 CycIo
404 5786 878 5860 Dissertationem',
917 5786 1115 5849 €Iitam
1171 5793 1237 5848 ab
1287 5795 1606 5856 immortalis
1654 5814 1765 5856 me—

1832 5288 2023 5344 Pasch.
2051 5303 2083 5342 v
2116 5287 2188 5340 Id.
2230 5286 2356 5352 Apr.
2908 5281 3055 5352 Luna
3096 5285 3183 5334 xxi

1835 5357 2026 5413 Pasch.
2057 5359 2107 5410 ix
2132 5355 2247 5410 Kal.
2281 5351 2409 5423 Apr.
2910 5351 3034 5423 luna
3072 5352 3176 5423 xvii

1832 5427 2026 5483 Pasch.
2066 5426 2140 5480 Id.
2167 5425 2298 5494 Apr.
2332 5421 2340 5423 ⁷
2909 5421 3030 5494 luna
3065 5421 3169 5472 xvii

1831 5496 2027 5552 Pasch.
2064 5495 2200 5549 Non.
2217 5490 2368 5562 'Apr.
2909 5490 3030 5562 luna
3067 5505 3134 5541 xx

1834 5602 1876 5656 Ι,
2060 5565 2134 5619 xii
2164 5559 2442 5630 Kalprr.
2909 5559 3034 5611 luna
3063 5560 3148 5611 xvi

1878 5601 2029 5656 asch.
2064 5634 2173 5656 _:--.-
2203 5633 2288 5656 _:-.
2326 5632 2420 5656 unt
2477 5631 2597 5656 u-::
2909 5629 3027 5656 1.....-
3063 5644 3127 5656 ν..

1878 5618 2029 5658 ascn'
2061 5618 2175 5689 sive
2203 5633 2288 5687 xiv
2326 5618 2443 5686 Kal.
2477 5631 2597 5686 Maii
2908 5629 3028 5681 luna
3063 5644 3127 5680 xv

1885 5729 2070 5783 moria:
2101 5727 2214 5781 viro
2249 5725 2484 5781 Henrico
2513 5725 2724 5782 Norisio
2757 5725 2813 5781 S.
2847 5724 2909 5777 R.
2947 5725 3003 5778 E.
3036 5724 3290 5777 cardmali
3313 5767 3325 5790 ,
3359 5727 3449 5794 qui

1880 5802 1994 5855 haec
2022 5796 2264 5868 pluribus
2293 5797 2598 5853 illustravit.
