4020 6310
224 470 369 530 1369
1495 455 1695 514 LIBER
1732 451 1811 511 DE

1982 448 2206 508 muro.
3339 429 3476 488 me
3556 502 3569 513 .

224 581 394 665 lxxxi.
968 662 975 665 Α
1314 569 1441 665 luna
1469 568 1639 654 xxviii
1861 562 2058 665 επεὶ).
2079 577 2119 644 ξ
2144 558 2428 665 ll‘i‘al.AApt'.
2784 630 2787 631 ν
2904 626 2909 629 ι
2933 547 3062 665 {una
3086 560 3177 627 xx_t

1372 656 1436 665 ...-
1468 656 1521 665 ...
1901 648 1993 665 non
2079 648 2115 665 ιι
2302 642 2368 665 nr
2805 627 2825 643 ¹
2955 632 3060 665 una
3086 630 3175 665 XII

964 662 979 685 ι
1468 612 1639 696 ix."-
2079 612 2119 686 ii
2144 612 2387 711 talpa
2784 627 2825 643 "
2904 626 2909 629 ‘
2933 617 3060 670 luna
3086 612 3196 668 xxii

253 736 422 777 χχχιιι
773 716 861 771 die
887 728 940 768 VI
1316 709 1442 765 luna
1466 724 1541 765 ιι
1858 703 2052 777 2930'!-
2077 698 2390 777 Kal:.MP'i..
2427 765 2465 777 ..
2934 687 3064 777 [3'13
3084 682 3194 777 Eii}.

1338 682 1442 765 ἶιίἱὲ
1858 682 2052 760 iiiééﬁ‘.
2077 682 2353 755 Κέιῖίἱέιῖἰ
2380 764 2385 765 γ
2934 687 3064 765 luna
3084 682 3214 765 xviii

230 750 422 777 ιιιιιιι
773 750 861 771 uno
896 750 940 768 vl
1316 750 1442 765 ιιι-.-
1468 750 1541 765 ιι-
1858 750 1883 760 ,
1902 750 2052 760 ..ν-η-
2077 750 2196 755 _.___
2223 750 2307 753 ﬂ-“

230 791 325 849 lxx
774 784 864 846 die
893 782 967 838 vii
1319 779 1446 835 luna
1473 779 1494 834 i
1867 771 2066 831 Pasch.
2088 785 2161 825 xv
2184 750 2465 825 KalfMaii
2941 754 3066 811 luna
3088 750 3218 808 xviii

614 1005 812 1059 lterum
849 1005 918 1057 ad
952 1010 1108 1074 caput
1144 1002 1436 1054 revertitur.
1830 989 1873 1053 Δ
2117 984 2213 1043 Sic
2231 981 2492 1040 ambitum
2525 976 2741 1035 Zodiaci

898 1066 1148 1185 Explica,
2136 1074 2438 1130 Sollustrat
2462 1066 2819 1129 discursibus,

304 1234 519 1290 Nullum
551 1245 682 1287 sane
701 1244 797 1302 pes
826 1235 1062 1294 moveat,
1098 1241 1167 1282 eo
1203 1222 1347 1296 quod
1375 1220 1598 1292 quintus
1637 1228 1814 1273 annus

232 1325 386 1398 Cyeli
444 1323 780 1395 designatum
829 1320 972 1375 diem
1037 1316 1259 1373 Pascha:
1312 1312 1530 1377 habeat,
1573 1310 1679 1366 hoc
1730 1314 1816 1363 est

231 1396 309 1472 xu
354 1416 470 1470 Kal.
504 1414 632 1484 Apr.
666 1413 762 1468 Die
788 1408 1067 1468 Dominica
1112 1406 1240 1462 luna
1293 1404 1363 1460 16
1394 1404 1500 1459 hoc
1547 1397 1717 1457 semel
1756 1396 1814 1453 in

234 1508 394 1564 annis
425 1508 495 1564 84
522 1504 826 1561 faciendum
845 1510 928 1558 est
952 1501 1055 1556 hac
1080 1497 1313 1562 ratione,
1340 1510 1406 1553 eo
1439 1493 1581 1565 quod
1610 1489 1821 1547 violen-

237 1795 344 1852 qua
370 1779 456 1834 die
480 1777 583 1833 erit
612 1777 736 1831 luna
762 1774 835 1829 25
863 1780 917 1829 et
958 1785 1123 1840 super:
1144 1766 1389 1824 semisse.
1424 1762 1657 1818 Maxime
1693 1773 1818 1815 cum

239 1850 359 1945 lege
388 1871 460 1927 sit
484 1877 723 1933 cautum,
755 1880 825 1921 ne
856 1865 1082 1927 modum,
1119 1859 1258 1914 luna:
1280 1863 1481 1912 statum
1504 1850 1698 1923 aliquis
1725 1864 1820 1905 ex-

239 1961 415 2029 cedat,
447 1968 503 2017 et
524 1961 576 2015 in
605 1971 821 2030 gravem
848 1952 1198 2010 offensionem
1221 1947 1483 2003 incurrat.
1508 1940 1822 2012 Sedpotius

240 2063 325 2111 est
356 2028 416 2108 ut
443 2051 530 2108 die
560 2028 634 2106 xu
663 2047 781 2104 Kal.
808 2046 942 2116 Apr.
960 2041 1272 2099 celebretur
1307 2036 1537 2100 Pascha,
1570 2032 1660 2088 ubi
1687 2028 1823 2088 levis

242 2141 591 2215 reprehensio
642 2145 748 2204 est,
795 2149 956 2207 quam
996 2129 1239 2188 criminis
1294 2136 1440 2189 nota,
1490 2123 1632 2179 sicut
1669 2128 1724 2177 et
1767 2120 1822 2175 in

242 2233 412 2289 veteri
442 2229 704 2287 laterculo
724 2228 1052 2286 continetur.
1084 2222 1152 2278 Et
1192 2222 1297 2277 hoc
1322 2213 1632 2276 necessario
1658 2226 1822 2282 opor-

245 2328 349 2384 tuit
378 2324 685 2391 intermitti,
707 2337 827 2379 esse
853 2318 1115 2392 quosdam
1139 2327 1329 2377 annos,
1356 2310 1410 2365 in
1432 2306 1628 2379 quibus
1649 2300 1824 2373 dupli-
1851 2328 1899 2389 Β

243 2421 324 2480 cis
349 2421 593 2486 Paschae,
622 2418 736 2475 sive
763 2417 880 2473 duae
905 2415 960 2471 in
983 2427 1150 2469 unum
1174 2407 1420 2471 veniunt,
1451 2412 1508 2458 et
1546 2399 1671 2471 quia
1716 2410 1823 2451 una

245 2511 581 2569 observanda
624 2516 726 2574 est,
778 2506 884 2561 erit
930 2505 984 2560 in
1015 2500 1240 2561 arbitrio
1270 2493 1468 2554 summi
1513 2485 1827 2547 Sacerdotis

246 2601 496 2661 conferre
548 2614 671 2656 cum
710 2593 1073 2668 Presbyteris,
1127 2590 1219 2662 qui
1274 2586 1391 2642 dies
1432 2582 1556 2653 eligi
1613 2578 1827 2643 debeat,

249 2691 543 2752 dummodo
593 2703 783 2746 omnes
824 2684 1107 2743 unanimes
1133 2682 1306 2752 ipsum
1347 2676 1487 2733 diem
1525 2671 1749 2731 Pascha:
1772 2667 1828 2723 in

251 2800 418 2843 unum
440 2781 827 2840 convenientes
846 2777 1197 2834 celebremus.

286 2874 515 2940 Explicit
546 2873 823 2929 Tractatus
860 2870 924 2925 de
958 2869 1163 2940 ratione
1200 2860 1445 2928 Paulus,
1484 2858 1583 2914 hoc
1616 2861 1694 2912 est
1729 2852 1797 2909 de

839 2941 911 2996 η
946 2936 1074 2993 Kal.
1113 2936 1243 3008 Apr.

320 3040 379 3096 In
405 3035 809 3096 commentariis
835 3028 1095 3090 Victorini
1120 3028 1260 3084 inter
1278 3023 1505 3097 plurima
1525 3021 1642 3076 haec
1668 3015 1834 3072 etiam

255 3131 454 3202 scripta
479 3128 800 3201 reperimus.
822 3120 1128 3178 lnvenimus
1158 3117 1212 3173 in
1241 3110 1567 3171 membranis
1593 3106 1835 3163 Alexan-

257 3222 341 3279 dri
362 3192 630 3291 iipiscopi,
656 3216 747 3287 qui
790 3213 889 3269 fuit
918 3212 973 3272 in
1012 3203 1371 3269 Hierusalem,
1406 3198 1547 3272 quod
1584 3192 1837 3251 transcri-

257 3312 368 3384 psit
408 3283 574 3365 inanti
611 3283 707 3363 Sua
758 3304 826 3361 de
870 3297 1270 3373 exemplaribus
1319 3289 1723 3363 Apostolorum,
1759 3283 1837 3339 ita

258 3373 356 3458 vm
387 3399 507 3456 Kal.
536 3396 697 3453 Janu.
731 3402 892 3450 natus
916 3399 1002 3447 est
1040 3387 1303 3445 Dominus
1328 3380 1393 3438 Ν.
1434 3378 1483 3435 J.
1511 3378 1573 3435 C.
1606 3373 1839 3444 Sulpitio

260 3503 316 3551 et
338 3490 625 3550 Camerino
648 3487 801 3544 Coss.
845 3484 913 3541 Et
938 3480 1242 3553 baptizatus
1280 3486 1363 3531 est
1390 3487 1508 3528 vm.
1554 3467 1635 3523 Id.
1664 3463 1829 3523 Janu.

265 3582 552 3641 Valeriano
581 3588 638 3636 et
663 3575 900 3647 Asiatico
951 3571 1109 3630 Coss.
1157 3568 1356 3624 Passus
1380 3570 1464 3620 est
1497 3577 1530 3616 χ
1554 3555 1675 3613 Kal.
1700 3553 1834 3647 Apr.

264 3675 477 3741 Nerone
526 3672 589 3728 Ill
647 3679 702 3727 et
730 3642 973 3725 'Valerio
1034 3657 1259 3716 Messala
1314 3654 1466 3711 Coss.
1513 3642 1846 3745 itesurrexit
1868 3679 1919 3745 ο

269 3734 365 3820 vm
392 3762 511 3819 Kal.
544 3760 675 3830 Apr.
707 3758 862 3815 Coss.
884 3748 1289 3829 suprascriptis.
1317 3741 1577 3800 Ascendit
1602 3739 1657 3795 in
1680 3734 1847 3792 emlos

264 3875 297 3914 ιν
320 3854 458 3912 Non.
489 3828 616 3909 Mai.
647 3858 772 3923 post
799 3849 913 3906 dies
930 3846 1001 3902 40
1023 3842 1178 3901 Coss.
1207 3833 1608 3913 suprascriptis.
1639 3828 1847 3886 Johan-

267 3961 367 4003 nes
394 3918 904 4015 Baptista—nascitur
929 3950 1024 3995 vtu
1050 3931 1172 3999 Kal.
1212 3928 1313 3986 IuL
1349 3934 1408 3989 et
1432 3918 1845 3981 circumciditur

269 4036 390 4093 Kal.
416 4005 524 4091 Jul.
582 4032 664 4088 Ad
719 4028 942 4085 Mariam
994 4037 1128 4079 vero
1190 4019 1404 4083 loeutus
1465 4020 1552 4070 est
1613 4005 1856 4081 Angelus

271 4141 369 4183 vut
412 4123 531 4181 Kal.
582 4124 713 4192 Apr.
741 4119 906 4176 Sexto
937 4115 1050 4186 jam
1093 4105 1471 4185 Conceptlonis
1508 4114 1697 4159 mense
1743 4095 1857 4154 Eli—

273 4219 466 4277 sabetb
493 4222 510 4239 '
540 4216 743 4273 habere
767 4212 974 4269 dicens.
1027 4208 1107 4263 Ex
1157 4220 1264 4276 quo
1305 4207 1626 4273 supputatur
1662 4192 1854 4255 eodem

276 4314 365 4370 die
408 4311 695 4369 Dominum
733 4305 899 4363 fuisse
926 4308 1247 4372 conceptum
1287 4311 1395 4375 quo
1445 4300 1503 4351 et
1532 4283 1834 4347 resurrexit

276 4410 449 4465 Amen

552 4493 775 4549 Domino
807 4500 853 4543 et
890 4486 1001 4555 ﬁlio
1042 4481 1282 4539 Sisebuto
1318 4474 1601 4531 Esidorus.

352 4610 490 4667 Dum
551 4617 605 4662 te
649 4608 993 4675 praestantem
1052 4592 1290 4667 ingenio,
1345 4585 1726 4654 facundiaque,
1750 4584 1859 4634 otc.

284 4700 534 4773 (Editum
559 4704 634 4752 est
650 4669 973 4763 bpusculum
1002 4687 1136 4740 inter
1182 4682 1241 4739 S.
1287 4678 1484 4736 Isidori
1533 4669 1863 4746 Hispalenst's

287 4791 461 4863 Opera
490 4790 585 4844 hoc
613 4783 799 4841 titulo:
822 4782 899 4837 De
919 4792 1102 4834 rerum
1135 4782 1348 4837 natura.

855 4889 1047 4960 Incipit
1091 4884 1283 4942 Versus

429 5015 617 5070 Annus
648 5006 791 5065 Solis
819 5004 1126 5060 continetur
1893 5029 1947 5090 Π

504 5104 751 5172 Quatuor
789 5093 1144 5166 temporibus,

511 5195 591 5249 Ac
615 5189 809 5247 deinde
830 5183 1150 5256 adimpletur

507 5285 781 5355 Duodenis
803 5280 1101 5337 mensibus.

512 5372 939 5445 Quinquaginta,
984 5376 1041 5423 et
1089 5363 1300 5421 duabus

516 5465 699 5522 Currit
737 5457 1194 5522 Hebdomadibus,

513 5560 633 5617 Una
661 5558 747 5615 die
775 5555 1117 5627 superducta,

515 5652 583 5713 Et
606 5665 701 5707 sex
723 5647 872 5704 boris
893 5632 1136 5717 paribus.

522 5742 863 5801 Tricentenis
889 5740 1192 5809 sexaginta,

522 5838 698 5907 Atque
726 5834 963 5907 quinque
993 5830 1199 5901 diebus.

2121 1166 2228 1222 Sed
2252 1172 2476 1235 excepta
2503 1171 2659 1231 parte
2687 1165 2883 1229 quarta

2120 1255 2311 1313 Noctis
2358 1263 2521 1324 atque
2566 1250 2696 1317 diei,

2120 1347 2253 1419 Quae
2278 1346 2489 1403 dierum
2517 1354 2799 1411 superesse

2123 1439 2378 1497 Cernitur
2414 1434 2595 1493 seriei.

2056 1536 2131 1591 De
2154 1533 2457 1605 quadrante
2481 1536 2603 1598 post
2627 1538 2892 1581 annorum

2128 1624 2215 1679 Bis
2235 1622 2485 1678 binorum
2509 1616 2803 1673 terminum

2130 1710 2476 1769 Calculantes
2496 1703 2856 1776 colligendum

2125 1806 2491 1863 Decreverunt
2528 1798 2848 1854 bissextum.

2127 1894 2335 1953 Tantus
2380 1892 2432 1949 ei
2472 1891 2649 1947 honor
2697 1887 2857 1942 datus

2126 1988 2176 2045 A
2196 1984 2361 2057 regali
2396 1981 2650 2047 culmine,

2134 2077 2287 2146 Quod
2310 2066 2390 2136 εἰ)
2415 2072 2517 2128 fuit
2548 2069 2860 2126 nominatus

2132 2169 2179 2226 Ᾱ
2200 2168 2342 2225 Julio
2379 2165 2612 2223 Caesare.

2137 2261 2310 2329 Quem
2337 2256 2644 2330 ponendum
2668 2250 2797 2308 anni
2831 2249 2935 2303 line

2137 2353 2470 2408 Decrevente
2490 2348 2510 2366 ‘
2535 2343 2705 2415 Gajus

2137 2441 2264 2499 Dies
2297 2439 2533 2510 quinque
2570 2435 2800 2489 iterante

2139 2534 2311 2603 Quam
2339 2530 2520 2585 brevis
2545 2522 2875 2582 Februarius

2069 2626 2208 2683 Hinc
2245 2634 2511 2678 annorum
2541 2617 2884 2673 diversantnr

2140 2714 2293 2772 Luna
2319 2708 2691 2783 longitudinis,

2144 2806 2384 2875 Quorum
2422 2800 2638 2872 quidem
2666 2792 2981 2853 Embolismi

2146 2896 2377 2965 Quidem
2402 2894 2537 2949 [lunt
2563 2900 2916 2953 communes;

2148 2985 2338 3042 Brevis
2372 2983 2570 3054 quippe
2591 2978 2682 3052 qui
2700 2982 2929 3035 vocatur

2147 3073 2461 3133 Communis
2496 3068 2821 3127 Lunaribus.

2151 3170 2245 3225 Sic
2269 3180 2484 3238 semper
2511 3160 2792 3220 duodecim

2151 3261 2500 3318 Tcrminatur
2523 3251 2800 3311 mensibus

2150 3350 2494 3409 Tricentenis
2521 3346 2887 3419 quinquageni

2157 3445 2361 3515 Bisque
2398 3440 2541 3498 binis
2576 3436 2790 3494 diebus.

2161 3537 2259 3593 llic
2290 3533 2519 3591 undenis
2541 3542 2716 3587 annus
2749 3523 2865 3582 Soli

2157 3625 2435 3685 Percurrit
2469 3617 2839 3680 discursibus;

2164 3718 2381 3789 Longus
2408 3726 2583 3769 annus
2611 3702 2931 3765 Embolismi

2166 3810 2600 3882 Supercrescens
2636 3799 2833 3857 dicitur
2855 3813 2873 3866 ;

2155 3899 2323 3957 Luna:
2348 3896 2544 3960 tribus,
2566 3900 2732 3961 atque
2750 3888 2936 3946 decem

2161 3990 2437 4047 Mensibus
2464 3984 2755 4056 colligitur.

2164 4083 2382 4153 Longus
2413 4078 2516 4133 iste
2535 4087 2708 4130 annus
2737 4069 2878 4126 lunae

2163 4171 2220 4227 In
2250 4170 2460 4225 dierum
2493 4161 2724 4221 termino

2166 4246 2490 4315 Continetur
2526 4253 2831 4307 tricenteno

2171 4347 2447 4417 Octogeno
2484 4353 2753 4414 quaterno

2099 4437 2305 4495 Novem
2343 4436 2487 4506 idem
2518 4427 2885 4493 Embolismis,

2170 4529 2346 4597 Atque
2370 4524 2554 4581 decem
2574 4520 2763 4577 diebus

2171 4617 2495 4676 Pervidetur
2521 4625 2724 4667 annum
2749 4606 2893 4663 Solis

2179 4706 2482 4777 Superatur
2511 4707 2597 4757 est
2624 4700 2641 4720 ’
2666 4695 2941 4760 cursibus.

2182 4797 2485 4855 Brevioris'
2507 4792 2699 4849 Annus
2734 4798 2886 4844 totus

2187 4890 2535 4948 Terminatur
2571 4880 2807 4939 circulos

2177 4985 2237 5041 ln
2261 4978 2517 5039 trecentis
2540 4970 2932 5047 quinquaginta

2182 5076 2360 5145 Atque
2385 5079 2620 5143 quatuor
2645 5065 2854 5122 diebus.

2186 5167 2307 5225 Uno
2336 5175 2530 5232 nempe
2552 5168 2717 5228 atque
2745 5156 2931 5211 decem

2184 5258 2388 5325 Diebus
2416 5254 2470 5309 in
2498 5250 2691 5307 ordine

2196 5350 2385 5407 Brevis
2410 5359 2586 5401 annus
2610 5353 2750 5396 anno
2775 5336 2918 5393 Solis

2198 5441 2503 5512 Superatur
2540 5432 2774 5504 agmine.

2190 5531 2521 5592 Embolismo
2557 5526 2893 5580 incremento

2202 5624 2396 5695 Magna
2424 5622 2573 5690 larga
2600 5615 2757 5687 copia

2199 5713 2340 5771 Anni
2370 5712 2510 5767 luna:
2532 5706 2680 5765 brevi
2705 5702 2899 5760 ordine

2203 5805 2490 5888 Suppletur
2517 5799 2716 5872 inopia.
