2003 2861
263 166 348 206 ηπ

335 236 437 264 Dehinc
452 236 546 264 decem
563 240 645 270 atque
659 243 759 264 novem

365 281 506 309 Annorum
524 280 702 309 constituitur

374 326 493 362 Tempus
507 332 622 360 certum,
637 335 690 361 quo
707 327 808 354 lunaris

369 370 515 399 Terminus
529 372 687 408 porrigitur,

369 417 398 444 In
414 426 468 453 quo
482 419 543 445 luna
558 419 727 453 replicantur

358 462 455 492 ,Cursu
468 463 584 498 quadam
596 463 691 490 subtili

368 507 465 535 Decies
477 508 551 542 quini
567 507 711 543 quinquies
728 509 791 535 noni

373 552 459 580 Simul
472 553 562 588 quinis
577 553 682 581 circuli.

337 598 406 626 Huic
419 599 511 634 eyclu‘s
524 603 554 626 ut
571 599 656 634 exigit

368 643 566 671 Perscrutaudo
586 644 658 671 ratio

372 688 486 724 Semper
501 695 593 724 partes
615 690 673 717 dies
687 689 774 718 saltus

368 733 511 761 Interserit
526 734 616 769 spatio

366 778 396 805 ιη
411 779 541 807 duodena:
557 779 629 806 horae
650 779 701 806 line

371 824 511 852 Percurrit
534 825 666 853 incensio.

365 869 410 897 Sic
424 874 561 898 momenta
576 875 673 905 quater
686 871 769 898 ducto

367 916 453 944 Cursu
465 918 474 928 ‘
490 925 598 953 semper
610 923 775 946 menstruas.

368 962 402 989 Et
416 963 545 990 momenti
565 963 696 991 duodente

368 1007 465 1035 Addita
479 1008 612 1043 particula

366 1052 419 1079 Per
433 1060 573 1080 mensuum
593 1054 777 1082 duodenarum

367 1097 479 1132 Singula
501 1099 636 1126 curricula

369 1142 460 1170 Λιοῐηί
475 1144 656 1179 superaddilis

370 1188 529 1216 Ducenteno
549 1197 664 1218 numero

368 1233 506 1268 Trigesies
519 1239 547 1262 et
560 1235 707 1270 quinquies

366 1277 452 1306 Ducto
465 1280 621 1307 earumdem
636 1281 753 1308 cumulo.

332 1322 425 1351 Saltus
449 1324 519 1352 lunte
539 1326 718 1360 supercrescit

367 1367 454 1396 Cursu
476 1370 654 1398 subtilissima

371 1413 527 1442 Ducenteno
547 1423 641 1444 mense
654 1416 737 1451 quino

359 1479 361 1481 τ
370 1457 478 1486 Necnon
493 1463 520 1487 et
535 1460 682 1496 trigesimo.

368 1503 418 1536 Qui
435 1504 474 1531 sic
494 1504 559 1532 [iant
574 1511 672 1540 quater
686 1506 758 1534 ducti

370 1548 495 1576 Elﬁciunt
510 1551 647 1579 cumulum

368 1593 564 1623 Momentorum
587 1602 787 1632 nongentarum

370 1640 555 1676 Quadraginta
571 1643 604 1669 ad
620 1642 767 1670 cumulum.

335 1685 438 1718 Quibus
452 1687 544 1721 puncti
558 1687 626 1715 ﬁunt
644 1688 734 1715 cuncti

368 1729 423 1757 Sex
442 1734 469 1758 et
489 1738 586 1760 novem
599 1732 691 1760 decies

368 1776 567 1805 Momentorum
583 1782 783 1814 nongentarum

369 1822 457 1857 Atque
471 1823 563 1851 decem
583 1823 682 1857 sexies,

367 1867 450 1895 Dcnis
466 1869 545 1896 nonis
559 1869 637 1896 annis
649 1869 737 1897 ductis

367 1911 473 1939 Habent
484 1920 563 1941 suum
582 1914 698 1948 spatium

368 1956 432 1983 Dies
450 1958 515 1985 salis
529 1963 609 1993 atque
625 1959 694 1986 luna:

371 2001 490 2037 [Equum
507 2005 612 2039 pondus
624 2005 752 2040 partium.

333 2046 479 2083 Dionysius
494 2053 615 2078 attentus

1071 239 1092 269 ﬁ

670 180 815 208 ᾹΡΡΕΝΩ,
835 180 879 206 AD
898 155 985 206 sine.
1005 177 1051 206 tx.
1065 193 1102 199 —
1118 179 1302 209 AUCTORES
1322 181 1487 210 ANONYMI.

1216 237 1326 274 Cyclum
1345 239 1423 266 nobis
1439 238 1557 269 tradidit,

1214 284 1370 312 Communis
1385 288 1412 311 et
1425 283 1612 315 imbolLssitnus

1213 328 1260 356 Jus
1273 329 1403 357 Paschale
1417 328 1542 356 reddidit.

1216 373 1409 400 Sanctissimus
1428 373 1486 407 ipse
1499 372 1587 407 abbas,

1219 419 1294 445 Diem
1311 418 1396 445 saltus
1414 422 1553 450 memorat,

1216 464 1312 500 Quinjs
1326 463 1403 491 denis
1422 462 1609 495 Kalendarum1

1215 510 1294 545 Magii
1310 510 1552 543 demonstraverat,

1216 555 1362 582 (Zaleulavit
1376 563 1457 581 unum
1473 555 1543 581 diem

1213 600 1256 626 Bis
1272 602 1279 610 ‘
1295 600 1417 627 obtimiui
1436 599 1552 631 termini,
1600 593 1602 595 ’

1213 646 1251 672 Ne
1269 646 1373 672 deesset
1389 646 1458 672 idem
1478 652 1575 672 munus

1215 693 1304 719 Primo
1320 699 1391 718 anno
1406 691 1542 719 communi

1214 736 1269 763 lloc
1283 741 1456 770 augmentum
1470 736 1491 761 si
1508 735 1662 762 concrescit.

1214 782 1348 808 Iliensibus
1363 781 1525 816 plut‘issimis

1214 827 1387 857 Dueenteuis,
1404 831 1483 859 atque
1498 825 1588 860 quinis

1216 871 1270 897 Nec
1284 879 1336 897 non
1358 875 1385 897 et
1400 870 1554 904 trigesimis.

1216 916 1301 943 Grmci
1315 916 1418 947 dicunt,
1432 920 1458 941 et
1476 914 1594 950 ZEgyptit

1215 961 1253 988 Dc
1269 960 1338 988 saltu
1357 960 1509 988 certissima

1212 1006 1241 1033 ln
1260 1006 1376 1034 undenis
1390 1005 1569 1032 Kalendarum

1212 1051 1312 1086 Epacta
1337 1050 1474 1085 trigesima

1211 1097 1240 1124 in
1254 1096 1358 1123 Latinis
1376 1096 1446 1123 diem
1462 1095 1546 1123 saltus

1211 1143 1362 1170 Memorant
1379 1142 1405 1169 in
1424 1141 1578 1176 quindecim

1212 1188 1270 1216 Kal.
1288 1188 1415 1215 Deeemb.
1431 1187 1631 1215 concelebrant.

1177 1233 1260 1268 Hujus
1274 1233 1341 1270 cyeli
1355 1240 1418 1268 pars
1433 1235 1545 1259 vocatur

1214 1280 1321 1316 Ogdoas
1339 1278 1470 1310 anterior,

1214 1325 1254 1352 Ae
1272 1324 1370 1352 deinde
1391 1322 1543 1358 appellatur

1211 1371 1334 1398 Endecas
1348 1369 1470 1397 ulterior.

1212 1416 1330 1451 ()gdaadi
1348 1416 1510 1450 deputantur

1213 1463 1280 1490 Oeta
1297 1462 1360 1489 anui
1377 1461 1491 1495 priores.

1213 1507 1363 1535 Endeeadis
1379 1508 1484 1533 undena

1213 1552 1412 1587 Comprobatur
1431 1551 1514 1578 series

1214 1599 1240 1624 ln
1266 1598 1316 1624 llOC
1330 1604 1409 1623 cursu
1431 1595 1499 1622 tiunt
1513 1597 1575 1623 anni

1212 1642 1375 1671 Communes
1391 1641 1544 1669 duodecies.

1210 1688 1280 1716 Anni
1296 1694 1362 1714 vero
1383 1685 1546 1713 cmbolissim

1211 1734 1397 1768 Subputantur
1416 1731 1525 1766 septies.
1605 1761 1608 1763 1

1212 1779 1264 1807 Per
1281 1779 1374 1806 decem
1386 1780 1413 1804 et
1433 1782 1528 1805 novem
1545 1786 1635 1805 annos

1211 1825 1262 1853 llic
1275 1825 1405 1853 calculus,
1415 1825 1533 1854 tenditur

1210 1871 1238 1898 ln
1252 1871 1377 1898 eumdem
1395 1871 1465 1898 luna:
1480 1878 1588 1899 cursum

1211 1917 1307 1953 Cyelus
1332 1918 1479 1946 revertitur

1208 1962 1261 1991 Sex
1278 1962 1359 1991 millia
1380 1968 1575 1999 nongentarum

1209 2009 1389 2037 Triennarum
1402 2009 1540 2037 biennium

1208 2054 1306 2089 Bisque
1326 2054 1403 2082 trinis
1425 2053 1608 2088 supramissis.

916 2098 1025 2134 Reliqua
1038 2099 1232 2129 desiderantur.

902 2245 1242 2303 HISTORIA

490 2353 869 2405 TRANSLA'I‘IONIS
903 2354 1137 2406 CORPORIS
1172 2357 1210 2406 S.
1246 2356 1478 2408 CORNELII
1515 2357 1655 2429 PAPIE

882 2447 978 2488 Apud
995 2447 1242 2487 Compendium.

1830 182 1893 210 {5:2

258 2178 1883 2192 Μ

319 2512 431 2543 (Lmen.
444 2513 541 2539 Recueil
557 2513 588 2540 de
599 2513 682 2541 dive"
690 2515 762 2542 ém'u
773 2515 1176 2557 pettrsgi'ijrlfffgi‘reissﬂnefus
1191 2518 1212 2557 ei
1220 2519 1344 2557 {uincire
1355 2521 1388 2547 de
1399 2521 1512 2548 France:
1529 2525 1676 2548 manu
1687 2522 1830 2557 lunarique:

797 2554 839 2572 sur
853 2546 1026 2579 Charlemague
1037 2551 1060 2573 et
1077 2547 1177 2575 Charles
1190 2548 1213 2576 le
1225 2550 1343 2583 Chauve.)

294 2798 323 2826 Je
336 2800 452 2839 _n‘a_i_pas
463 2801 506 2839 éte
521 2802 568 2829 des
580 2801 728 2839 derniersa
741 2809 870 2839 mat-quer
881 2802 916 2830 du
937 2803 1038 2839 mépris

257 2839 324 2861 naur
336 2834 359 2861 Ie
377 2834 554 2861 Martvrnloge
568 2836 684 2861 nalliean
697 2837 731 2861 de.
743 2838 778 2861 du
798 2834 926 2861 Sangus.
942 2838 962 2861 11
982 2834 1002 2861 'v
1025 2847 1038 2861 εδ

939 2672 1201 2713 ΜΟΝΙΤΗΜ.

1095 2840 1188 2861 ἰηιιΙίΙρ

1092 2806 1226 2835 chanoine
1239 2806 1272 2835 de
1286 2806 1324 2834 Pa

1207 2842 1241 2861 (In
1255 2849 1319 2859 ι-π--ι

1327 2806 1366 2848 r_is
1376 2827 1384 2840 ,
1395 2806 1427 2849 le.
1435 2815 1487 2851 cas.
1497 2808 1561 2843 qu‘il
1576 2816 1614 2852 ριιΔ
1625 2809 1797 2850 tallaitfaire.
1810 2810 1828 2837 ll
1837 2814 1875 2837 est
