4006 5360
530 447 669 514 1375

1345 459 1638 518 APPEND.
1677 459 1769 515 AD
1807 459 1983 518 SEC.
2023 459 2114 517 IX.
2157 492 2223 502 —
2262 460 2638 523 AUCTORES
2671 465 3006 525 ANONYMI.

3657 472 3678 527 Ι
3688 471 3791 531 5⁸16

528 638 3774 689 Μῂ--ψ--ι-τ-α-ῄ-η

569 755 953 847 HISTORIA
1001 778 1638 847 TRANSLATIONIS
1696 777 2090 842 CORPORIS
2130 788 2135 840 :

2241 779 2619 873 CORNELII
2662 781 2894 846 PAPE
2936 784 3150 846 APUD
3192 781 3762 877 COMPENDlUMa

574 1085 697 1146 .Est
735 1098 915 1154 opera:
964 1085 1197 1155 pretium
1241 1099 1304 1139 ac
1350 1084 1484 1140 satis
1527 1082 1827 1152 proficuum
1875 1081 2117 1146 cunctis,
2146 1082 2194 1142 Α
2227 1089 2390 1150 taque
2427 1079 2734 1148 provisione
2773 1088 2953 1134 actum
2989 1089 3114 1146 est,
3162 1090 3222 1136 ut
3269 1083 3552 1140 subductis
3602 1086 3796 1158 lappis,

525 1175 671 1231 beati
700 1190 852 1246 papa:
875 1173 1116 1230 Cornelii
1141 1174 1432 1230 ﬁdentibus
1461 1173 1670 1228 meritis
1686 1213 1701 1238 ,
1727 1171 1844 1244 ejus
1867 1171 2116 1244 gloriosas

527 1263 844 1331 qualitatem
910 1280 1019 1320 non
1084 1264 1338 1334 ignorare
1391 1262 1795 1328 translationis;
1847 1269 2115 1332 quatenus

525 1351 697 1420 ipsius
739 1351 1176 1407 archimandritas
1224 1352 1344 1408 loco
1390 1368 1498 1422 quo
1539 1359 1726 1408 sancta
1764 1351 2119 1422 requiescunt

523 1457 648 1496 ossa
673 1443 950 1512 .cognitio,
994 1445 1141 1498 omni
1191 1443 1528 1515 labyrintheo
1574 1457 1760 1498 errore
1794 1442 2115 1512 postposito,

527 1530 770 1598 ejusdem
817 1527 1071 1602 sull'ragia
1107 1532 1398 1601 perniciori
1444 1531 1655 1586 valeant
1705 1539 1959 1600 appetere
1991 1545 2114 1585 cor-

528 1637 662 1692 pore
711 1632 766 1677 et
793 1622 995 1677 animo;
1026 1621 1228 1678 Noscat
1263 1623 1430 1692 igitur
1456 1622 1881 1692 circumquaque
1922 1618 2115 1676 dill‘usa

529 1711 854 1767 Christianam
893 1712 1171 1782 religionis
1214 1711 1550 1776 fraternitas,
1603 1711 1841 1782 qualiter
1887 1712 2117 1766 domnus

527 1802 752 1859 Carolus
791 1803 1043 1859 Lodovnci
1092 1802 1234 1858 filius
1277 1803 1346 1858 ab
1397 1803 1488 1857 illo
1528 1802 1874 1874 magnanimo
1919 1801 2116 1857 Carolo

530 1910 626 1950 rex
671 1895 993 1966 cognomine
1029 1895 1222 1950 tertius
1247 1935 1260 1959 ,
1311 1894 1679 1966 progenieque
1721 1893 1981 1964 quintus,
2024 1893 2117 1964 qui

525 1991 656 2039 tunc
687 1985 944 2053 temporis
975 1984 1228 2038 Romanae
1267 1984 1598 2054 perindeque
1641 1982 1889 2038 Fraucim
1933 1991 2121 2053 gratu-

527 2075 741 2130 labatur
763 2077 1042 2146 regimine,
1063 2076 1355 2132 conseissis
1376 2075 1593 2130 Christo
1617 2075 1754 2130 duce
1775 2074 2118 2129 inimicorum

525 2167 761 2233 labaris,
803 2167 1041 2238 undique
1085 2166 1420 2222 Francorum
1452 2165 1642 2236 patriae
1682 2164 1849 2234 cmpit
1891 2163 2121 2218 solerter

524 2258 645 2316 loca
695 2258 1064 2314 collustrando
1113 2257 1465 2328 perquirere,
1498 2271 1605 2326 quo
1650 2253 1823 2325 gratia
1878 2252 2122 2308 victoria:

526 2348 709 2404 divina
739 2347 840 2404 sibi
890 2348 956 2404 de
998 2348 1154 2403 hoste
1205 2346 1556 2402 miseratione
1605 2358 1889 2409 concessa,
1915 2342 2119 2399 Christi

2217 1170 2444 1242 palinris
2475 1179 2530 1226 et
2557 1169 2790 1236 carduis,
2834 1170 2924 1226 tali
2955 1171 3008 1226 in
3040 1170 3161 1226 loco
3191 1171 3437 1227 ecclesia:
3459 1175 3797 1246 erigerentur

2218 1261 2498 1327 macerize,
2551 1261 2606 1316 in
2637 1276 2744 1330 quo
2773 1261 3067 1326 abeodem
3118 1263 3172 1318 in
3207 1272 3487 1334 posterum
3528 1269 3798 1337 tempore,

2217 1353 2305 1422 pio
2364 1353 2529 1407 corde
2580 1353 2928 1421 petentibus,
2982 1353 3306 1424 integreque
3359 1357 3590 1412 cerebro
3646 1373 3798 1413 aures

2216 1443 2417 1498 Christi
2447 1441 2810 1514 pulsantibus,
2852 1445 3528 1516 materialiutn.5pinarum
3557 1448 3802 1502 acutissi-

2218 1551 2319 1591 ma:
2355 1535 2502 1589 velut
2545 1535 2786 1605 vigorem
2828 1536 3229 1605 disrumpentes
3275 1536 3577 1598 internum,
3611 1536 3802 1593 animae

2219 1629 2577 1681 humanorum
2615 1626 2906 1681 criminum
2957 1626 3167 1683 cmlesti
3189 1627 3400 1696 pietate
3422 1636 3586 1681 erant
3611 1627 3800 1683 oblite-

2217 1717 2399 1773 randae
2429 1717 2671 1773 maculze.

2287 1807 2366 1863 De
2409 1807 2568 1878 hujus
2611 1807 2819 1863 scilicet
2863 1808 3104 1864 ecclesia:
3149 1809 3356 1865 fabrica
3408 1809 3550 1866 miro
3600 1809 3801 1881 lapides

2217 1900 2567 1958 contabulatu
2589 1909 2899 1956 constructa
2926 1901 3152 1956 multum
3181 1901 3337 1958 nobis
3376 1901 3526 1972 quod
3561 1902 3806 1973 loquere-

2220 2007 2343 2047 mur
2375 1992 2598 2058 aderat;
2629 1991 2722 2046 sed
2750 1992 2875 2060 quia
2914 1990 3031 2061 ejus
3066 1993 3285 2047 minime
3311 1993 3654 2065 ‘frustramur
3675 2009 3806 2062 pra-

2221 2081 2419 2145 sentia,
2451 2079 2653 2134 idcirco
2684 2080 3057 2136 ratiocinando
3079 2081 3145 2135 de
3172 2097 3233 2136 ea
3262 2082 3431 2137 dividi
3455 2083 3810 2152 prohibemur

2223 2184 2382 2224 sensu
2415 2185 2511 2240 per
2535 2168 2788 2240 plurima;
2826 2169 2934 2225 Sed
2977 2170 3106 2226 illud
3145 2171 3326 2242 obtegi
3360 2171 3586 2228 silentio
3613 2181 3698 2227 sat
3727 2173 3807 2226 in-

2224 2258 2443 2328 dignum
2473 2257 2802 2323 decernitur,
2843 2257 3080 2327 qualiter
3121 2259 3242 2328 pius
3281 2267 3438 2329 pater
3467 2255 3695 2315 Carolus
3720 2261 3809 2330 qui

2225 2349 2396 2404 instar
2419 2348 2656 2404 cmlestis
2689 2349 2881 2404 sideris
2903 2351 3100 2405 mundo
3123 2349 3436 2420 splendebat
3466 2352 3809 2422 conspicuus,

525 2441 626 2497 sub
672 2442 878 2496 honore
925 2440 1162 2496 nominis
1210 2439 1492 2494 basilicam
1541 2436 1803 2492 valuisset
1841 2435 2118 2491 fundando
2147 2444 2192 2504 Β
2219 2440 2312 2496 ubi
2361 2439 2510 2510 regia
2559 2439 2718 2495 fulvis
2757 2439 2998 2496 emicans
3040 2441 3162 2496 aula
3193 2441 3355 2497 tholis
3385 2451 3578 2498 evecta
3615 2451 3701 2500 est
3726 2459 3812 2498 su-

525 2531 917 2603 condignanter
946 2539 1285 2586 construere.
1311 2529 1478 2600 Cujus
1498 2529 1760 2598 optimum
1788 2527 1914 2582 boni
1936 2527 2118 2584 cordis

531 2623 863 2680 desiderium
907 2622 1199 2692 praeclarus
1248 2620 1337 2677 ille
1376 2621 1566 2676 oculus
1609 2634 1769 2689 quem
1818 2618 1893 2674 nil
1931 2618 2118 2676 fallere

527 2714 792 2784 nequivit,
831 2728 930 2769 nec
957 2714 1093 2784 quit,
1125 2727 1228 2768 nec
1254 2726 1489 2783 unquam
1532 2711 1706 2782 potuit
1748 2725 1814 2766 ex
1855 2709 1968 2765 alto
1992 2726 2120 2782 pro.

527 2807 780 2878 spiciens,
807 2807 1064 2879 quidquid
1093 2806 1160 2863 de
1187 2805 1284 2862 Dei
1329 2804 1554 2861 servitio
1580 2805 1757 2860 inerat
1784 2811 1843 2858 ut
1867 2803 2117 2875 supplere

527 2914 628 2970 pro
650 2909 775 2956 voto
805 2898 1064 2954 valuisset
1090 2897 1516 2954 misericorditer
1543 2895 1876 2951 euucleando
1918 2911 2115 2966 sugge-

527 3005 653 3048 rere
676 2991 927 3061 dignatus
971 2999 1075 3046 est.
1126 2989 1262 3044 Dum
1303 2989 1448 3046 enim
1480 2989 1778 3059 imperator
1807 2988 2118 3058 praelibatus

529 3083 680 3138 velut
703 3083 842 3138 alter
869 3082 1124 3138 Salomon
1153 3081 1374 3153 superni
1403 3080 1609 3136 amoris
1649 3080 1771 3152 igne
1798 3095 2116 3147 succensus,

529 3174 600 3230 ad
618 3174 868 3245 jacienda
899 3173 1065 3230 divini
1102 3175 1283 3245 templi
1312 3173 1662 3229 fundamenta
1692 3188 1791 3229 suo
1820 3188 1942 3228 cum
1969 3172 2116 3228 omni

528 3267 796 3336 exercitu,
837 3276 948 3322 tam
983 3266 1143 3336 plana
1188 3281 1353 3337 quam
1381 3267 1604 3322 dumosa
1633 3265 1969 3321 diversorum
2003 3266 2116 3321 eir-

529 3357 708 3413 cuirot
735 3356 981 3413 Franciae
1024 3357 1276 3414 locorum
1326 3357 1523 3428 spatia,
1553 3356 1775 3426 contigit
1825 3355 1974 3410 illum
2006 3372 2114 3412 non

530 3444 776 3511 fortuitu,
823 3447 918 3504 sed
942 3445 1183 3503 caelestis
1227 3445 1579 3517 providentiae
1634 3455 1798 3511 nutu,
1827 3447 2114 3517 quemdam

528 3545 816 3606 penetrare
884 3536 1079 3593 saltum
1145 3537 1353 3606 percito
1408 3551 1595 3591 cursu.
1656 3535 1803 3590 illius
1865 3534 2115 3591 videlicet

529 3627 700 3684 saltus
725 3628 770 3684 si
797 3629 1049 3697 requiris,
1081 3629 1270 3692 frater,
1308 3627 1649 3692 vocabulum,
1687 3641 1882 3682 noscas
1913 3625 2115 3685 dictum

531 3728 841 3776 nostrorum
867 3721 1045 3790 prisca
1078 3719 1336 3775 relatione
1367 3729 1586 3790 patrum

2219 2530 2388 2602 premi
2415 2531 2482 2585 ad
2509 2546 2690 2586 arcem
2736 2546 2904 2601 usque
2941 2531 3212 2596 culminis,
3253 2533 3612 2603 centenisque
3645 2534 3810 2589 cleri-

2219 2635 2405 2676 corum
2445 2620 2577 2676 satis
2623 2621 2843 2690 opipare
2895 2631 3086 2676 ornata
3131 2623 3369 2678 numeris
3396 2662 3411 2688 ,
3459 2639 3530 2679 ac
3565 2625 3811 2694 plurimis

2217 2709 2490 2764 variarum
2516 2710 2915 2779 possessionum
2946 2711 3120 2765 dicata
3149 2713 3214 2768 de
3239 2713 3504 2777 donariis,
3528 2714 3697 2784 etrapit
3720 2730 3811 2767 an-

2218 2802 2356 2857 xiari
2387 2810 2442 2857 et
2469 2799 2731 2858 sollicitus
2752 2818 2892 2869 esse,
2923 2802 3176 2875 ignorans
3204 2805 3403 2874 quibus
3439 2805 3609 2871 hanc,
3649 2815 3707 2861 ut
3741 2807 3810 2861 ita

2220 2895 2420 2961 dicam,
2460 2910 2748 2966 supernam
2796 2894 3096 2951 Jerusalem
3139 2906 3454 2952 sanctorum
3495 2898 3813 2968 pignoribus

2217 2988 2478 3044 valuisset
2501 2988 2761 3044 decorare
2789 2990 3066 3043 attentius.
3109 2989 3234 3044 Haec
3261 2999 3316 3044 et
3346 2990 3434 3046 his
3463 2989 3668 3045 similia
3713 2990 3810 3050 im-

2217 3078 2408 3149 periali
2449 3078 2576 3133 dum
2613 3089 2902 3134 versantur
2941 3079 2995 3133 in
3039 3088 3346 3150 peccatore,
3393 3082 3576 3136 divina
3619 3081 3700 3151 jlli
3748 3082 3810 3134 ad

2219 3170 2534 3227 memoriam
2568 3169 2844 3225 reducitur
2876 3170 3077 3241 pietate
3107 3181 3309 3236 semet,
3343 3172 3439 3228 Dei
3480 3174 3664 3242 gratia
3691 3186 3814 3241 pro-

2218 3273 2466 3326 curante,
2500 3264 2662 3318 totius
2685 3280 2821 3334 pene
2839 3265 2988 3319 orbis
3017 3263 3218 3319 ditione
3247 3265 3462 3335 vigere;
3499 3279 3566 3318 ac
3591 3263 3813 3332 proinde

2217 3368 2324 3408 non
2369 3351 2444 3408 illi
2482 3368 2618 3424 opus
2641 3369 2762 3410 esse
2803 3353 2926 3409 talia
2961 3353 3222 3412 volvendo
3266 3356 3318 3409 iu
3370 3354 3543 3411 corde
3588 3356 3812 3410 nimium

2219 3444 2406 3499 intima
2447 3441 2656 3514 turbari,
2686 3452 2884 3512 mente,
2933 3447 3061 3517 quia
3098 3447 3165 3502 de
3213 3462 3542 3517 quacunque
3586 3447 3813 3502 voluerit

2217 3533 2458 3589 locorum
2494 3541 2669 3603 parte,
2702 3533 2849 3590 nullo
2875 3536 3148 3590 hominum
3173 3537 3442 3602 obstante,
3481 3536 3588 3591 sibi
3618 3535 3813 3589 valebit

2217 3638 2453 3688 sumere,
2500 3625 2642 3679 unde
2686 3625 3059 3696 przescriptam
3112 3625 3390 3681 basilicam
3433 3625 3614 3694 quibit
3661 3626 3813 3680 deco-

2217 3714 2387 3771 rando
2419 3729 2678 3786 pompare
2706 3733 2719 3769 :
2753 3713 2906 3785 cujus
2943 3716 3136 3770 secreti
3157 3730 3221 3770 ac
3241 3714 3412 3770 divini
3436 3714 3810 3784 supplemento

601 3807 804 3862 Videns
838 3807 1019 3877 itaque
1065 3807 1362 3876 imperator
1391 3804 1635 3876 praedicti
1665 3804 1837 3861 saltus
1877 3804 2116 3862 diverso-
2142 3812 2188 3878 ο
2220 3805 2550 3862 refocillatns
2575 3805 2808 3871 consilii,
2829 3805 2974 3860 omni
2998 3806 3328 3860 Francorum
3354 3805 3554 3860 iterato
3571 3804 3810 3860 exercitu

530 3895 672 3950 rium
701 3893 865 3950 veluti
893 3895 1189 3950 secundum
1226 3896 1538 3964 paradisum
1576 3894 1918 3950 diversorum
1949 3908 2115 3965 gene—

530 3999 652 4038 rum
677 3984 961 4040 arboribus
997 3983 1224 4040 miriliee
1263 3986 1531 4040 consitum
1577 3983 1862 4056 habileque
1909 3994 2019 4039 tam
2049 3985 2117 4041 ad

532 4075 849 4145 piscandum
879 4067 1040 4145 quani
1065 4074 1133 4129 ad
1178 4065 1355 4146 ignem
1385 4073 1604 4130 l'ervidze
1631 4076 1798 4145 pestis
1827 4075 2118 4131 salubriter

528 4169 954 4240 reprimendum,
977 4167 1299 4238 limpharum
1343 4166 1532 4223 rivulis
1561 4164 1763 4221 all‘atim
1812 4167 2074 4237 irriguum
2098 4207 2112 4230 ,

530 4273 655 4314 mox
680 4272 913 4329 superna
938 4258 1236 4337 inspirante
1261 4257 1544 4314 clementia
1570 4258 1951 4313 animadvertit
1980 4257 2118 4314 velle

531 4349 746 4405 sibimet
775 4349 1054 4411 Christum
1095 4349 1226 4406 inibi
1258 4349 1529 4406 constrari
1559 4348 1911 4404 domicilium.
1951 4349 2117 4419 Cujus

531 4438 635 4493 loci
684 4439 868 4494 divino
918 4439 988 4494 ad
1030 4439 1406 4495 aediﬁcandum
1453 4438 1658 4493 numini
1711 4437 2114 4496 tabernaculum

529 4528 810 4585 hahilitate
833 4537 1128 4598 comperta,
1153 4529 1446 4598 cunctique
1474 4526 1808 4582 Francorum
1844 4529 2115 4584 exercitus

530 4619 794 4690 phalange
839 4621 1102 4691 imperiali
1132 4618 1287 4689 jussu
1331 4620 1384 4674 in
1422 4634 1528 4673 uno
1550 4618 1896 4688 conglobata,
1943 4621 2110 4690 coepit

527 4710 757 4766 Carolus
793 4717 904 4766 tam
938 4719 1175 4766 mentem
1205 4709 1535 4764 intrinsecus
1561 4707 1706 4763 vitiis
1731 4717 1925 4764 exutus
1953 4709 2114 4779 spiris-

530 4803 746 4868 talibus,
775 4817 938 4874 quam
963 4801 1194 4858 frontem
1218 4802 1559 4857 extrinsecus
1579 4801 1855 4870 corporeis
1883 4801 2114 4857 nudatus

529 4893 774 4950 crinibus
809 4893 838 4932 ι’
881 4907 912 4946 a
937 4893 1050 4947 suis
1099 4891 1366 4947 sciscitari
1410 4891 1716 4956 consilium,
1761 4905 1991 4962 quorum
2026 4907 2113 4946 ra-

530 4986 678 5040 tione
728 4985 782 5040 in
833 4983 1025 5039 eodem
1077 4981 1196 5038 loco
1240 4982 1494 5038 valuisset
1547 4981 1774 5058 fundare
1830 4973 2108 5051 templum,

527 5076 767 5144 Quorum
789 5073 1029 5129 omnium
1049 5088 1270 5129 assensu
1299 5082 1534 5144 votoque
1556 5073 1818 5127 benevolo
1833 5071 2106 5128 salutifera

2221 3905 2566 3968 congregato,
2599 3897 2737 3951 dixit
2774 3912 2832 3952 se
2867 3895 3093 3952 Romam
3137 3897 3272 3952 velle
3313 3907 3501 3966 petere
3543 3896 3810 3952 desiderio

2221 3991 2462 4044 ardentis
2503 3989 2669 4044 animi
2725 3988 2845 4059 plus
2891 3987 3050 4044 solito
3097 4001 3144 4041 ο.
3183 3987 3293 4042 Nec
3347 4003 3522 4053 mora,
3583 3988 3807 4058 quisque

2219 4081 2550 4136 Francorum
2579 4080 2914 4136 exercituum
2936 4077 3092 4134 miles
3125 4078 3375 4150 inclytus,
3401 4080 3454 4133 in
3480 4079 3628 4133 nullo
3649 4079 3810 4149 jussis

2219 4175 2424 4228 audens
2465 4173 2735 4229 contraire
2781 4172 3182 4244 imperialibus,
3228 4181 3390 4226 tantae
3451 4171 3808 4240 expeditionis

2218 4266 2439 4321 festinat
2479 4265 2583 4320 sibi
2622 4279 2720 4335 pro
2743 4277 2901 4334 posse
2931 4263 3211 4334 acquirere
3241 4271 3556 4333 apparatus,
3590 4271 3650 4314 ut
3679 4262 3804 4316 hora

2217 4371 2322 4426 qua
2353 4354 2556 4411 moveri
2587 4364 2766 4410 castra
2808 4354 3031 4425 jusserit
3074 4354 3368 4424 imperator
3397 4353 3655 4420 Carolus,
3695 4339 3806 4408 nul-

2217 4445 2324 4500 lam
2347 4459 2554 4500 moram
2580 4445 2828 4516 ingerere
2851 4444 3098 4500 videatur
3133 4444 3294 4514 regiis
3332 4445 3589 4500 curribus
3632 4454 3804 4514 partes

2215 4535 2427 4591 Italicas
2456 4535 2710 4590 ardenter
2737 4533 3169 4605 properantibus.
3223 4533 3381 4601 Quod
3417 4535 3490 4588 ita
3521 4543 3581 4587 ut
3610 4535 3801 4589 factum

2215 4637 2319 4695 est,
2360 4628 2660 4700 imperator.
2706 4626 2847 4701 laxis
2893 4626 3117 4682 habenis
3160 4624 3388 4681 Romam
3435 4626 3593 4680 ocius
3633 4625 3799 4696 petiit,

2215 4726 2571 4788 sanctumque
2606 4718 2748 4788 quod
2785 4717 2874 4772 diu
2907 4726 3087 4772 mente
3110 4715 3453 4785 disposuerat
3479 4716 3799 4771 desiderium

2213 4823 2434 4878 compos
2462 4809 2678 4863 Christo
2701 4808 3120 4863 adminiculante
3145 4806 3470 4876 complevit;
3507 4806 3797 4862 beatissimi

2214 4901 2463 4957 videlicet
2493 4916 2643 4972 papae
2673 4899 2906 4956 Cornelii
2936 4915 3131 4971 corpus
3171 4900 3295 4955 inde
3338 4899 3612 4966 deferens,
3639 4900 3798 4954 victo-

2213 4991 2481 5062 riosisque
2516 4989 2848 5046 Francorum
2885 4990 3127 5060 partibus
3159 4998 3270 5045 toto
3303 4990 3461 5048 laetus
3497 5002 3725 5058 corpore
3746 4995 3797 5040 et

2213 5081 2391 5137 animo
2423 5082 2757 5152 gratulanter
2791 5081 3049 5137 inferens.
3697 5083 3703 5086 ’

528 5167 584 5220 in
631 5167 942 5222 decretione
994 5167 1377 5222 corroboratus
1423 5167 1752 5236 imperator,
1802 5181 1902 5220 suo
1947 5166 2109 5236 jussit

531 5255 700 5281 -m-:-
771 5266 829 5281 ..ι
873 5257 1096 5281 ἆμαρ-..2,
1130 5258 1297 5281 ,Αηιει-
1341 5257 1593 5281 -.Αηηζιη-
1634 5255 1967 5281 ’.ι-..Ληιῖηι-..Α
2014 5257 2074 5281 ..21

2288 5189 2389 5244 Hic
2409 5200 2899 5276 auctorsermoncm
2918 5192 3170 5281 [corruerit]
3193 5191 3262 5242 ad
3284 5191 3462 5280 {trbeiu
3491 5190 3790 5281 Romani?»

528 5255 701 5290 Λητώ’
771 5266 832 5308 ἠ
870 5257 1099 5314 ᾶθηιυιίε
1128 5258 1300 5312 acutis
1341 5257 1596 5306 venrilmg
1633 5255 1968 5300 ςιιιφιιιῖςηιιρ
2013 5257 2074 5292 ρει
