4020 6310
201 237 334 295 1577

197 355 436 413 veridica
461 353 678 408 Patrum
710 351 932 421 cognovi
963 350 1222 408 relatione
1249 367 1488 424 meaeque
1513 351 1776 409 mandans
1806 359 1852 418 Α

198 447 465 503 attitulavi
517 460 823 516 quanquam
878 443 1052 515 fragili
1111 446 1388 501 memoriae
1414 485 1431 512 ,
1487 446 1776 518 omnigeno

195 540 415 596 Christo
442 525 687 610 loquens,
721 536 974 608 propulso
1002 535 1213 604 frivolo,
1243 538 1500 594 fraternis
1529 539 1774 602 auribus,

193 638 360 700 prout
390 629 590 693 audivi,
624 628 875 683 intimare
901 627 1124 682 curabo.
1171 626 1366 682 Fertur
1405 627 1605 683 etenim
1631 627 1777 698 quod

196 723 325 776 dum
358 719 434 776 tui
478 716 804 774 sanctissimi
847 715 1090 786 corporis
1133 730 1232 786 per
1268 731 1436 787 opaca
1478 716 1776 788 supradicti

195 809 368 866 saltus
409 809 648 865 humeris
684 807 1079 879 episcopalibus
1114 807 1443 873 ferebantur,
1493 824 1590 879 per
1633 810 1776 863 viam

194 899 422 968 contigit
460 898 640 955 divino
670 905 802 953 nutu
849 896 906 952 in
945 895 1182 965 ejusdem
1232 906 1386 967 parte
1439 897 1552 953 fere
1603 898 1778 952 media
1817 959 1820 962 Α

193 991 274 1046 ita
303 989 582 1062 aggravari
627 988 742 1055 illa,
787 996 847 1043 ut
895 988 1114 1058 penitus
1160 987 1536 1058 episcoporum
1586 989 1777 1044 eadem

193 1077 482 1134 ferentium
548 1078 836 1147 nequirent
887 1075 1116 1133 sufferre
1172 1077 1400 1134 ulterius
1440 1078 1777 1148 spatularum

197 1168 388 1224 fulcra.
439 1166 541 1236 Qui
586 1168 909 1238 quantocius
951 1167 1134 1222 aureis
1197 1167 1487 1225 subtractis
1533 1169 1778 1226 vestibus

195 1267 364 1316 tantae
389 1259 546 1316 molis
572 1259 894 1315 humotenus
919 1259 1274 1328 deponentes,
1327 1267 1572 1316 reatuum
1601 1260 1780 1329 jusse-

194 1356 327 1404 runt
375 1348 663 1405 acclamari
710 1348 948 1415 veniam,
976 1357 1036 1403 ut
1075 1348 1202 1404 huic
1235 1349 1544 1420 spectaculo
1593 1348 1777 1404 statim

193 1439 390 1496 adesse
437 1438 762 1496 festinare...
820 1438 1016 1494 Procul
1064 1453 1298 1510 namque
1332 1438 1495 1495 dubio
1528 1445 1779 1494 sensatus

193 1539 376 1586 mente
400 1528 694 1600 imperator
711 1528 1004 1586 Carolus...
1054 1537 1108 1584 te
1143 1529 1305 1600 hujus
1329 1527 1482 1583 aulae
1507 1527 1778 1598 hospitem

193 1629 318 1692 post
357 1620 529 1677 beatae
566 1620 844 1690 memoriae
881 1620 1143 1692 virginem
1173 1619 1284 1674 vult
1309 1618 1554 1690 gloriari,
1580 1627 1638 1672 ut
1661 1626 1778 1672 erat

1043 235 1428 295 TRANSLAT.
1471 237 1529 294 S.
1566 235 1887 294 CORNELII
1921 237 2025 294 PP.
2065 239 2252 300 APUD
2286 241 2634 301 COMPEND.

3313 250 3453 309 1578

1879 355 2027 422 dere,
2057 364 2118 410 ut
2146 355 2221 410 ita
2249 356 2500 426 dignetur
2528 357 2780 427 precibus
2825 358 2970 414 beati
3020 375 3174 432 papae
3219 361 3454 420 Cornelii

1877 445 2021 500 hunc
2056 445 2234 500 locum
2261 446 2682 501 misericorditer
2705 461 3054 516 conservare,
3089 465 3196 521 quo
3220 453 3468 522 amplius.

1879 534 1970 590 tali
1993 549 2090 604 pro
2119 550 2180 590 re
2201 549 2336 605 opus
2362 551 2470 590 non
2501 537 2700 591 habeat
2721 540 3151 612 restaurationis.
3173 540 3220 597 Ο
3244 556 3454 596 summa
3475 561 3482 567 ·

1877 632 1933 679 et
1956 621 2241 680 ineffabilis
2270 633 2488 679 aeternae
2520 625 2691 680 virtus
2710 627 2927 682 deitatis
2953 628 2967 680 !
3001 643 3120 698 quae
3144 637 3262 684 tam.
3299 629 3456 685 miris

1877 714 2052 770 modis
2075 716 2334 770 honorem
2369 715 2642 785 nunquam
2670 717 2867 772 desinit
2894 710 3204 790 impendere
3233 721 3458 777 testibus

1877 804 1993 859 suis
2018 804 2031 856 ε
2066 820 2188 858 mox
2211 819 2444 874 namque
2466 815 2525 859 ut
2555 808 2857 876 praesentis,
2889 810 2954 867 de
2983 825 3090 879 quo
3117 826 3296 866 sermo
3321 825 3455 866 ven-

1879 894 2092 960 tilatur,
2130 895 2388 966 martyris
2436 896 2761 951 desiderium
2802 914 2870 953 ex
2904 898 3105 969 olympi
3136 900 3458 956 celsitudine

1875 985 2155 1056 prospexit
2179 973 2467 1043 efﬁcaciter
2491 988 2837 1058 completum,
2861 990 2934 1046 ita
2970 992 3087 1062 ejus
3111 993 3304 1048 iterum
3333 1008 3462 1065 per-

1877 1077 2028 1131 misit
2055 1076 2294 1132 alleviari
2343 1079 2741 1148 corpusculum,
2770 1089 2831 1134 ut
2859 1080 2904 1135 si
2957 1083 3087 1152 (quo
3135 1081 3210 1137 ita
3256 1083 3458 1152 dicam)

1878 1165 2023 1222 istud
2050 1167 2309 1223 voluisset
2332 1168 2638 1223 discurrere
2675 1183 2775 1239 per
2811 1170 2971 1225 inane
3002 1186 3283 1243 magnum,
3309 1172 3460 1228 omni

1876 1251 2066 1328 procul
2093 1257 2348 1329 repagula
2373 1267 2583 1314 remoto
2615 1258 2847 1315 volitare
2890 1259 3148 1317 valuisset
3185 1275 3339 1318 more
3364 1275 3462 1316 vo—

1877 1345 2088 1402 lucrum
2117 1346 2264 1417 ipsas
2315 1347 2487 1402 nubes
2517 1347 2745 1419 remigio
2792 1347 3001 1404 alarum
3028 1348 3462 1419 quandocunque

1878 1437 2276 1492 excedentium.
2332 1437 2486 1504 Quod
2522 1437 2690 1508 ipsius
2727 1439 2806 1494 rei
2858 1439 3161 1496 certissimo
3207 1453 3461 1510 compro-

1877 1528 2039 1583 batur
2056 1527 2245 1593 exitu;
2297 1528 2426 1600 quia
2471 1529 2616 1599 quod
2657 1519 2863 1586 dudum
2889 1531 2977 1586 bis
3013 1531 3166 1586 mille
3205 1530 3466 1601 nequibat

1880 1621 2086 1675 moveri
2135 1621 2398 1676 manibus‘
2437 1607 2740 1688 hominum,
2795 1636 2939 1678 nunc
2983 1621 3225 1678 cernitur
3260 1620 3463 1676 deferri

191 1728 538 1784 consequens
583 1711 747 1769 totius
800 1712 1025 1768 dominii
1073 1726 1139 1767 ac
1179 1709 1416 1766 basilicae
1454 1709 1771 1780 principem.
1807 1712 1853 1772 Β
1881 1709 2130 1765 binorum
2155 1709 2390 1780 scapulis
2413 1711 2786 1781 episcoporum
2811 1711 3094 1782 praesentis
3115 1709 3274 1766 ovilis
3294 1724 3463 1779 usque

192 1803 317 1872 Quo
343 1803 608 1860 divinitus
639 1803 856 1877 cognito
893 1803 962 1860 de
985 1802 1228 1860 locorum
1257 1815 1410 1858 more
1443 1800 1654 1871 plicatis
1687 1815 1777 1854 va-

189 1894 298 1949 diis
337 1893 595 1965 quidquid
630 1902 684 1949 te
721 1893 935 1951 sentire
962 1891 1137 1966 potuit
1170 1891 1326 1958 velle,
1353 1907 1454 1963 pro
1483 1906 1642 1963 posse
1682 1891 1783 1946 im-

192 1983 384 2054 periali
411 1984 557 2040 dicto
575 1984 735 2040 citius
760 1984 952 2040 devota
975 1990 1158 2040 mente
1178 1997 1284 2040 non
1313 1983 1521 2040 distulit
1550 1984 1783 2039 libenter

189 2073 460 2144 supplere.
504 2075 586 2130 Ac
623 2075 818 2129 deinde
852 2072 961 2129 tale
1006 2072 1285 2144 imperiale
1331 2073 1515 2130 sanxit
1562 2071 1781 2143 privile-

189 2169 373 2238 gium,
404 2178 466 2224 ut
487 2169 629 2226 inter
655 2179 774 2228 tuos
799 2170 1320 2242 sanctasqueMaria
1362 2169 1593 2226 famulos
1637 2168 1780 2224 nulla

188 2258 450 2313 distantia
502 2259 816 2331 nullumque
864 2261 1117 2332 deinceps
1163 2260 1378 2320 adforet
1438 2260 1781 2330 digladiabile

187 2347 504 2415 discidium,
545 2352 638 2406 sed
682 2359 742 2405 ut
785 2359 1022 2406 vestrum
1055 2352 1448 2422 aequanimiter
1487 2353 1782 2409 valuissent

189 2439 415 2508 exsequi
446 2441 752 2506 servitium,
797 2442 992 2511 aequali
1023 2443 1336 2498 foverentur
1379 2443 1618 2512 pondere
1641 2457 1781 2513 prae—

190 2529 509 2584 hcndarum.
571 2530 644 2587 Ut
693 2539 875 2588 autem
927 2532 1035 2588 hoc
1067 2532 1246 2589 securi
1296 2533 1460 2588 totius
1507 2532 1780 2590 saecularis

190 2621 408 2690 inopiae,
430 2622 634 2693 absque
658 2623 818 2679 ullius
840 2623 1210 2694 impedimenti
1239 2625 1637 2695 intercapedine
1661 2624 1781 2695 qui-

192 2712 399 2766 vissent
442 2727 638 2784 agere,
687 2728 785 2769 sua
836 2713 902 2769 de
933 2713 1174 2785 .propria
1225 2714 1596 2784 supellectile,
1652 2728 1777 2770 cum

189 2801 340 2856 onmi
361 2819 481 2874 quae
500 2805 690 2860 adesse
722 2804 1004 2862 videbatur
1023 2803 1362 2862 Francorum
1403 2819 1513 2860 non
1554 2803 1778 2858 minima

191 2890 481 2964 phalange,
504 2894 603 2950 sub
625 2893 926 2950 clarissimo
955 2893 1031 2948 tui
1059 2894 1294 2950 nominis
1317 2879 1540 2960 decore,
1561 2905 1777 2948 omnem

192 2982 374 3036 dotem
398 2983 556 3055 hujus
587 2984 721 3040 aulae
745 2984 903 3056 regiae
923 2969 1225 3055 duplicibus
1256 2983 1498 3041 donariis
1522 2982 1778 3053 imperia-

195 3073 319 3128 liter
341 3076 553 3131 curavit
587 3075 868 3146 ampliare.
897 3075 1067 3134 Nemo
1096 3075 1295 3132 etenim
1316 3075 1426 3132 illic
1448 3083 1572 3131 tunc
1597 3073 1770 3130 Fran-
1799 3059 1846 3124 (⁸

192 3181 382 3223 corum
409 3169 744 3224 exercituum
787 3169 937 3224 visus
987 3177 1088 3236 est,
1119 3168 1212 3238 qui
1259 3167 1415 3240 juxta
1462 3181 1621 3238 posse
1647 3180 1773 3236 pro-

191 3257 370 3324 prium
398 3258 522 3314 huic
548 3259 790 3315 ecclesia:
816 3259 1084 3330 denegare
1121 3257 1377 3337 voluisset
1401 3257 1652 3320 beneficii
1677 3257 1773 3313 do-

192 3351 457 3408 nativum.
507 3351 640 3420 Quis
693 3367 928 3423 namque
982 3350 1291 3407 mortalium
1355 3359 1462 3406 tam
1513 3348 1772 3406 obstinati

191 3445 428 3516 pectoris
452 3458 518 3500 eo
547 3444 649 3500 loci
678 3446 870 3501 adesse
911 3453 1123 3517 poterat
1145 3444 1237 3516 qui
1266 3450 1344 3500 tot
1366 3443 1498 3499 visis
1540 3443 1778 3498 miracu-

193 3537 368 3592 lorum
417 3536 585 3607 signis
612 3537 668 3592 in
693 3537 882 3594 eadem
933 3535 1225 3593 solitudine
1277 3533 1509 3605 triplicia
1555 3541 1774 3588 aeternae

191 3630 392 3685 virtute
427 3637 773 3699 peractorum
818 3625 1068 3698 potentiae
1097 3624 1224 3700 huic
1251 3625 1409 3680 beato
1435 3636 1589 3693 papae
1621 3621 1776 3692 cujus

193 3720 398 3777 fiebant
423 3721 616 3776 merito
653 3719 967 3789 requirente
1007 3715 1352 3772 famulaturis
1394 3713 1636 3786 fugitiva:
1667 3726 1773 3766 non

115 3858 122 3865 .
191 3811 500 3883 provideret
521 3811 757 3866 tribuere
777 3825 884 3880 quo
910 3808 1187 3868 alerentur
1211 3806 1496 3863 donarium
1523 3804 1774 3862 substan-

197 3903 324 3959 tiae?
348 3903 472 3958 dum
502 3912 612 3958 tres
638 3916 812 3957 caecos
841 3901 1038 3966 visum,
1085 3906 1199 3954 tres
1241 3905 1404 3968 atque
1441 3895 1640 3952 surdos
1675 3909 1776 3948 au—

195 3994 388 4060 ditum,
418 3993 588 4047 tribus
619 4006 722 4048 nec
743 4006 849 4046 non
876 3990 1039 4046 mutis
1071 3988 1234 4045 solvit
1255 3987 1454 4060 linguae
1475 3985 1773 4050 vinculum,

195 4084 518 4156 paralyticos
547 4097 762 4153 quoque
790 4079 1216 4154 quamplurimos
1259 4087 1387 4134 ante
1430 4077 1576 4135 beati
1622 4091 1776 4147 papa:

195 4175 391 4231 ostium
419 4174 662 4244 pristinae
699 4172 945 4228 sanitatis
969 4170 1214 4227 hauriret
1253 4167 1430 4227 oculis
1452 4181 1775 4237 recuperare

195 4265 512 4322 remedium.
564 4264 718 4333 Quod
762 4264 1044 4319 verissima
1095 4261 1395 4319 assertione
1453 4260 1773 4316 testificatur
1800 4265 1849 4327 υ

196 4357 373 4412 adhuc
394 4355 571 4410 crucis
597 4353 931 4424 signaculum
965 4353 1018 4406 in
1047 4351 1238 4408 eodem
1275 4349 1395 4404 loco
1421 4347 1637 4404 sublimi
1677 4345 1778 4400 sti-

195 4449 307 4518 pite
331 4447 513 4502 fixum.
547 4445 684 4500 llinc
711 4456 902 4512 nempe
927 4450 1132 4496 tantum
1161 4441 1213 4496 in
1239 4441 1499 4496 honorem
1533 4435 1775 4492 excrevit

198 4540 346 4596 locus
371 4549 488 4602 lSle,
517 4553 591 4600 Ill,
615 4534 716 4591 etsi
750 4535 810 4594 in,
830 4540 910 4588 tot
934 4531 1142 4588 vicibus
1165 4537 1408 4604 repertus
1437 4526 1578 4582 foret
1594 4525 1774 4596 jactu-

201 4639 372 4697 ratus,
403 4629 579 4684 nullus
604 4629 844 4683 locorum
871 4623 1114 4682 Francia:
1149 4622 1277 4678 huic
1304 4634 1364 4678 se
1409 4628 1604 4676 ornatu
1637 4633 1774 4690 prae-

197 4722 520 4793 sumpsisset
543 4718 816 4774 ullomodo
843 4729 1183 4786 comparare.
1209 4712 1317 4770 Sed
1355 4713 1448 4769 ubi
1467 4726 1611 4782 saepe
1634 4710 1774 4782 ignis

200 4827 400 4868 vorans
425 4811 676 4882 exigente
721 4807 902 4880 p0puli
945 4806 1088 4861 mole
1127 4804 1500 4875 peccaminum
1533 4801 1778 4857 accidere

203 4902 560 4975 dignoscitur,
617 4901 886 4957 excidium
928 4898 1278 4970 graverinum
1314 4904 1370 4953 et
1404 4891 1780 4952 inextricabile

203 4997 541 5052 terrestrium
571 4994 877 5050 consuescit
904 5005 1096 5062 parere
1118 4988 1481 5062 dispendium.
1521 4986 1641 5043 Non
1671 4985 1776 5041 mi-

201 5101 354 5149 retur
377 5090 557 5160 itaque
575 5087 696 5160 quis
714 5085 1080 5143 assistentium
1101 5090 1420 5154 praesentem
1446 5081 1622 5136 locum
1652 5077 1775 5135 auri

202 5183 521 5254 argentique
568 5181 723 5252 copia
757 5179 1036 5246 nudatum,
1085 5177 1211 5248 quia
1255 5176 1340 5232 bis
1383 5181 1508 5245 post
1552 5185 1772 5244 gravem

203 5277 501 5332 labentium
532 5273 860 5330 invasionem
907 5271 1260 5326 ﬂammarum.
1281 5307 1296 5322 .
1314 5307 1328 5322 .
1348 5307 1364 5322 .
1385 5307 1398 5322 .
1419 5305 1436 5322 .
1459 5263 1778 5322 cedentibus

205 5387 314 5426 non
350 5371 455 5426 erit
489 5376 891 5428 restauratum:
947 5365 1042 5423 sed
1087 5363 1268 5434 potius
1316 5360 1408 5416 tali
1445 5371 1665 5414 cessans
1707 5353 1778 5410 ab

205 5465 585 5531 admiratione,
620 5462 837 5520 Christo
869 5466 1082 5530 satagat
1100 5468 1293 5527 preces
1313 5451 1629 5526 suppliciter
1654 5447 1777 5503 fun-

1880 1802 1934 1858 iu
1965 1804 2187 1858 atrium.
2223 1802 2310 1868 Et,
2344 1811 2404 1857 ut
2449 1802 2770 1874 quibusdam
2817 1811 3126 1858 nostrorum
3158 1809 3284 1856 tunc
3328 1809 3463 1856 tent-

1879 1895 2028 1968 poris
2065 1896 2414 1965 praesentium
2452 1895 2696 1966 ipsorum
2745 1909 2842 1950 ore
2890 1893 3156 1964 prolatum
3188 1891 3354 1946 fuisse
3381 1890 3464 1945 di-

1880 1989 2162 2058 gnoscitur
2205 1985 2564 2042 deferentium
2590 2026 2606 2052 ,
2665 1995 2772 2040 tam
2827 1985 3114 2040 videbatur
3159 1983 3267 2039 illis
3313 1981 3460 2036 ferre

1878 2093 2016 2134 onus
2036 2078 2392 2144 levissimum,
2419 2092 2484 2132 ac
2511 2077 2558 2132 si
2584 2076 2731 2131 omni
2764 2075 2923 2131 modo
2953 2082 3201 2129 maneret
3226 2087 3458 2126 vacuum

1877 2185 1987 2241 quo
2031 2185 2158 2226 ossa
2215 2168 2552 2224 vehebantur
2600 2167 2746 2222 beati
2793 2181 2948 2236 papae
2997 2164 3269 2235 capulum.
3310 2160 3464 2226 Unde

1879 2263 2102 2319 minime
2142 2262 2420 2330 haesitans,
2467 2275 2604 2332 papa
2649 2259 2830 2322 beate,
2863 2257 3028 2313 credo
3079 2257 3225 2328 quod
3269 2254 3468 2310 divinae

1877 2357 2170 2412 voluntatis
2193 2358 2499 2427 obsequens
2525 2354 2710 2409 munio
2741 2353 2951 2408 cunctis
2990 2351 3238 2407 Francia:
3282 2347 3467 2420 profu-

1881 2447 2018 2502 turis
2047 2446 2244 2502 incolis
2293 2445 2636 2515 requiescere
2685 2443 2943 2514 cupiebas
2979 2443 3078 2498 sub
3107 2441 3300 2496 umhra
3343 2453 3467 2510 cry-

1875 2545 2094 2610 ptarum
2115 2537 2352 2593 basilica;
2375 2534 2623 2592 astantis.
2643 2534 2915 2602 Quantum
2937 2531 3168 2602 denique
3185 2531 3254 2586 ab
3273 2529 3465 2586 eodem

1878 2635 2120 2696 tempore
2172 2625 2338 2696 pollet
2376 2624 2530 2680 locus
2559 2624 2661 2679 iste
2710 2632 2803 2678 tuo
2849 2621 2978 2678 felix
3023 2627 3328 2685 stemmate,
3357 2617 3457 2673 tibi

1877 2715 2104 2786 loquens
2145 2715 2313 2771 frater
2359 2715 2469 2781 ille,
2494 2725 2522 2756 ι
2544 2723 2725 2770 mente
2767 2713 2957 2779 crevit,
2988 2726 3126 2784 papa
3151 2717 3358 2772 sancte,
3381 2707 3466 2764 sic

1876 2819 2035 2861 orsus
2065 2813 2194 2860 tunc
2225 2803 2452 2860 metrice
2477 2817 2493 2857 :

2156 2959 2252 3014 Est
2273 2958 2423 3015 locus
2443 2959 2634 3016 beatus
2662 2957 2771 3026 ille,

2157 3047 2371 3104 Corneli
2393 3048 2756 3114 sanctissime,

2158 3139 2287 3196 Post
2310 3155 2509 3212 agones
2534 3150 2590 3196 et
2613 3155 2864 3207 coronas,

2161 3227 2279 3296 Quo
2303 3229 2540 3301 quiescis
2569 3243 2814 3300 corpore,

2087 3309 2092 3312 I
2159 3323 2259 3392 Qui
2284 3331 2374 3378 tuo
2395 3322 2522 3378 felix
2549 3321 2822 3392 triumpho

2159 3414 2434 3472 Gloriatur
2455 3421 2778 3484 praepotens.

2227 3503 2396 3559 Roma
2426 3504 2723 3574 quondam,
2755 3509 2808 3556 te
2837 3497 3064 3554 fruendo

2160 3594 2463 3671 Pullulahat
2488 3593 2719 3658 actibus,

2158 3684 2312 3740 Nunc
2333 3692 2423 3738 tua
2450 3684 2649 3738 virtute
2677 3681 2810 3737 fulta

2156 3773 2471 3828 Gratulatur
2489 3773 2718 3827 Francia

2158 3861 2440 3942 Prosperis
2463 3863 2742 3934 versisque
2765 3864 2928 3938 rebus

2155 3959 2290 4014 Dote
2313 3967 2458 4013 tanta
2485 3957 2700 4012 nobilis.

2219 4047 2333 4116 Qua
2363 4049 2485 4120 pius
2508 4063 2600 4102 rex
2628 4048 2742 4103 aede
2767 4046 2907 4102 facta

2154 4137 2456 4194 Transtulit
2491 4147 2541 4216 te
2568 4135 2816 4201 Carolus,

2152 4229 2319 4298 Cujus
2340 4239 2424 4286 est
2453 4243 2673 4284 enorme
2697 4227 2907 4298 pondus

2161 4308 2491 4378 Preminenti
2522 4319 2744 4384 fabrica,

2163 4415 2399 4484 Quaeque
2426 4410 2580 4467 valde
2605 4406 2857 4480 pretiosis

2164 4506 2338 4562 Pollet
2364 4505 2420 4561 in
2441 4502 2702 4559 donariis.

2237 4599 2355 4667 Quo
2383 4600 2504 4654 loco
2529 4595 2698 4651 multo
2723 4592 2997 4664 triumpho

2159 4691 2326 4764 Regis
2363 4698 2525 4756 atque
2547 4684 2870 4758 principum,

2161 4781 2492 4840 Clericorum
2515 4792 2638 4834 cum
2664 4775 2851 4829 favore

2159 4877 2240 4932 Ac
2260 4877 2578 4944 sequentum
2606 4863 2858 4930 militum,

2157 4965 2335 5038 Eque
2360 4961 2502 5033 vulgi
2524 4955 2910 5032 perstrepentis

2158 5055 2233 5112 Es
2250 5062 2500 5125 receptus
2523 5047 2781 5123 pondere.

2157 5185 2191 5211 .
2231 5149 2472 5204 Tanta...
2500 5146 2574 5202 ibi
2600 5143 2937 5216 triumphans

2162 5244 2408 5302 Obviavit
2435 5241 2624 5314 gloria,
2903 5243 2906 5246 ’

2166 5337 2238 5394 Ut
2270 5350 2452 5392 comes
2473 5335 2676 5405 phebea
2703 5333 2906 5403 lampas

2161 5434 2484 5492 Crederetur
2511 5423 2718 5514 adfore,

281 5624 307 5652 ι
349 5608 449 5664 Hic
475 5609 526 5661 in
559 5621 655 5658 ms.
688 5602 890 5658 videtur
916 5613 1062 5653 error
1081 5593 1269 5668 aliquis
1290 5587 1622 5660 irrepsisse...
1648 5578 1896 5636 Forsitan
1925 5575 2000 5633 ill.
2033 5582 2166 5631 tenet
2197 5572 2370 5628 locum
2396 5566 2621 5625 nominis
2635 5560 2856 5638 proprii.
