4006 5474
588 262 724 316 4579

1387 243 1677 302 APPE‘ND.
1721 244 1811 330 Al)
1851 242 2024 298 SrBC.
2063 242 2154 298 IX.
2194 274 2262 283 —
2301 240 2670 298 AUCTORES
2706 237 3019 297 ΑΝΟΝΥΜΙ

871 365 962 421 Sic
987 361 1200 420 refulsit
1221 373 1318 432 per
1342 358 1552 413 viarum

876 458 1048 514 Terna
1079 453 1348 509 milliaria.

939 547 1003 602 lli
1029 559 1219 601 cruces
1238 543 1354 596 auri
1393 541 1652 603 ferebant,

867 639 1034 694 Alteri
1066 635 1395 693 candelabra
1414 649 1428 698 ;
1583 699 1598 710 ν

868 728 1283 786 Thura‘fumant
1311 726 1438 781 hinc
1459 735 1512 778 et
1542 725 1687 789 inde,

861 823 924 877 Hi
957 821 1222 893 refulgent
1248 819 1465 874 coccino
1489 835 1502 871 :

866 914 1144 986 Supplices
1167 925 1354 967 omnes
1378 910 1535 964 adora
1546 917 1618 978 nt,

862 1006 1012 1060 Nuda
1042 1006 1172 1060 dant
1200 987 1446 1074 vestigia.

933 1097 1079 1152 Colla
1110 1105 1239 1150 tunc
1274 1093 1651 1163 episcoporum

871 1188 1048 1257 Atque
1069 1185 1210 1257 regis
1232 1183 1417 1256 inclyti

857 1279 1022 1334 Dulce
1046 1277 1257 1348 pondus
1279 1273 1593 1331 deferebant

861 1371 1015 1426 Edis
1043 1370 1110 1425 ad
1132 1368 1452 1432 sacrarium,

860 1459 1124 1528 Plebsque
1154 1457 1374 1528 supplex
1401 1454 1702 1510 conﬂuebat

857 1549 1051 1604 Fulera
1078 1548 1321 1618 gaudens
1352 1555 1594 1616 tangere.

930 1638 1216 1694 Antecedit
1240 1638 1394 1690 turba
1419 1635 1582 1688 multa

859 1734 1191 1790 Clericorum
1229 1730 1474 1793 candida,

858 1826 1157 1882 Subsecuta
1183 1832 1264 1880 est
1295 1823 1449 1877 turba
1483 1820 1655 1890 plebis

867 1916 934 1971 Ut
964 1908 1155 1988 vigin'ti
1189 1914 1380 1979 millia,

854 2007 1218 2063 Concinentes
1247 2021 1379 2063 voce
1406 2019 1599 2076 magna

857 2094 1074 2150 Gratias
1100 2094 1398 2150 Altissimo.

933 2185 1093 2241 Nulla
1119 2201 1222 2240 vox
1250 2185 1536 2254 nullusque
1563 2198 1744 2238 sermo

881 2276 1142 2331 Prmvalet
1163 2274 1499 2343 depromere,

862 2367 1072 2434 Quanta
1101 2367 1177 2421 sit
1199 2365 1358 2434 hujus
1380 2365 1485 2420 dici

864 2458 1180 2528 Obsequens
1210 2457 1416 2522 laetitia,

855 2549 988 2604 Cum
1017 2557 1269 2619 receptus
1298 2563 1378 2614 es,
1407 2557 1652 2617 patrone,

858 2639 1019 2711 Regis
1040 2639 1092 2694 in
1114 2637 1396 2709 palatium.

929 2732 998 2787 Hi
1029 2739 1252 2797 canunt,
1282 2730 1356 2785 illi
1387 2730 1655 2785 resultant

856 2823 1014 2880 Clara
1048 2823 1267 2877 laudum
1293 2822 1556 2886 carmina,

862 2916 950 2972 Fit
974 2917 1222 2972 tubarum
1247 2915 1478 2971 bombus
1508 2915 1720 2986 ingens,

865 3007 1219 3078 Perstrepunt
1244 3014 1298 3060 et
1323 3021 1548 3078 organa,

859 3097 1187 3167 Insuperque
1211 3097 1577 3166 lacrymantur

856 3187 1079 3242 Plurimi
1106 3187 1316 3242 laetitia.

929 3279 1211 3334 Emicabat
1240 3293 1473 3348 namque
1501 3281 1758 3350 templum

859 3368 1060 3426 Sericis
1087 3368 1138 3422 in
1163 3367 1338 3439 palliis

859 3457 1053 3512 Aureis
1079 3457 1476 3526 argenteisque,

856 3549 910 3602 ln
942 3548 1157 3603 coronis
1188 3547 1502 3617 splendidis,

855 3637 1250 3707 Luminumque
1267 3646 1678 3708 aromatumun

860 3728 994 3783 Cum
1026 3727 1222 3783 decore
1251 3729 1506 3782 maxime.

929 3821 1141 3886 Quanta
1174 3829 1301 3874 tunc
1323 3819 1419 3874 tibi
1451 3818 1573 3886 fuit,
1603 3835 1716 3883 rex,

856 3910 1100 3966 Pectoris
1127 3910 1331 3973 lzetitia,

857 4002 991 4057 Cum
1029 4015 1220 4072 greges
1247 4015 1470 4068 magnos
1495 4000 1709 4055 videres

859 4091 1114 4162 Sospitati
1143 4090 1402 4157 redditos,

863 4183 1039 4252 Atque
1064 4182 1245 4252 plures
1275 4183 1343 4238 ad
1369 4183 1599 4239 salutem

859 4271 1123 4326 Cerneres
1148 4285 1493 4342 consurgere.

929 4361 974 4417 0
999 4363 1154 4416 beate
1177 4361 1334 4416 Carle
1360 4362 1527 4417 Cesar
1553 4363 1566 4414 !

866 4451 911 4507 Ο
933 4453 1088 4527 beata
1115 4439 1344 4506 Francia
1371 4453 1384 4504 ι

860 4542 990 4610 Quae
1021 4552 1248 4614 patrono
1278 4527 1409 4596 fulta
1435 4550 1584 4597 tanto

863 4633 1200 4688 Promereris
1227 4633 1417 4704 gaudia
1463 4652 1474 4686 :

859 4723 970 4777 Nec
991 4723 1212 4793 pavebis
1241 4722 1308 4776 ad
1337 4723 1548 4777 ruinam

858 4814 1002 4869 Illius
1025 4813 1285 4883 pericula.
1339 4802 1341 4804 ’

929 4903 1056 4958 Inde
1080 4920 1174 4958 rex
1199 4904 1298 4959 iste
1319 4914 1593 4974 receptum
1663 4921 1666 4925 '

859 4997 992 5051 Dote
1019 4995 1183 5050 multa
1220 5007 1496 5062 munerat;

865 5085 1104 5155 Namque
1133 5101 1350 5142 sacrum
1379 5088 1703 5144 clericorum

866 5177 1163 5246 Duplicavit
1187 5179 1454 5244 ordinem,

867 5267 1080 5338 Resque
1100 5269 1298 5324 multas
1327 5268 1605 5338 largiendo

864 5359 996 5414 Esse
1021 5358 1148 5414 fecit
1166 5360 1412 5414 divitem.

947 5448 970 5474 Δ
989 5447 1258 5474 ᾸᾹΞᾹΞιι-..Α
1284 5457 1498 5474 nul-nne...
1524 5448 1684 5474 ...ιη-1...

2213 362 2259 419 Α

2569 355 2848 426 Aggerans
2876 351 3316 424 quamplurimas,

2568 446 2636 500 Et
2657 445 2818 500 simul
2847 459 3088 516 gemmas
3117 445 3349 501 nitentes

2570 536 2808 591 Pratbuit
2837 535 3155 606 largissime.

2637 629 2710 684 Es
2739 636 2918 682 tamen
2943 626 3150 684 locatus
3176 628 3309 693 τωο,

2565 721 2759 775 Aureis
2790 721 2843 774 in
2875 719 3092 775 sedibus

2561 811 2728 875 Vivis,
2755 811 2808 864 in
2836 824 2943 880 qua
2970 809 3260 879 gloriosus,

2567 901 2842 972 Multiplex
2873 901 3180 966 virtutibus,

2565 991 2772 1064 llicque
2796 992 2989 1048 Franci
3017 1002 3069 1048 te
3101 1003 3418 1064 patronum;

2561 1084 2686 1149 Ore,
2717 1084 2860 1139 votis
2887 1085 3152 1140 ambiunt.

2635 1174 2880 1231 Gloriosa
2906 1177 3201 1232 sanitatum

2564 1267 2664 1322 Hic
2692 1268 2826 1322 fiunt
2856 1268 3138 1334 miracula,

2561 1357 2660 1424 Qui
2689 1358 2823 1428 petit
2847 1359 2994 1429 capit
3019 1359 3264 1425 salutem,

2561 1448 2729 1503 Nemo
2758 1447 2962 1504 frustra
2989 1448 3284 1518 supplicat;

2556 1537 2694 1594 Hinc
2716 1539 2868 1594 locus
2890 1537 3017 1594 felix
3043 1539 3359 1608 triumphat,

2556 1627 2734 1698 Atque
2767 1627 2932 1696 pollet
2951 1628 3158 1697 patria;

2630 1717 2910 1771 Daemones
2935 1716 3024 1772 hic
3045 1726 3098 1772 te
3119 1718 3373 1772 timentes

2541 1809 2898 1890 Confitentur
2917 1809 3166 1877 crimina,

2561 1899 2877 1970 Versipellis
2902 1909 3066 1972 atque
3095 1903 3329 1972 pmdoo

2556 1989 2726 2060 Capta
2755 1990 2951 2061 linquit
2975 2006 3225 2062 corpora,

2558 2079 2628 2136 Et
2657 2081 2825 2137 miser
2853 2081 2993 2153 fugit
3016 2095 3239 2154 repente

2555 2173 2790 2230 Horrido
2813 2190 2939 2231 cum
2961 2177 3261 2231 murmure.

2619 2268 2795 2326 Verba
2817 2270 3004 2337 mutis,
3035 2279 3197 2340 atque
3227 2271 3385 2326 caecis

2558 2356 2914 2432 Porriguntur
2942 2361 3166 2427 lumina,

2558 2451 2786 2506 Aurium
2817 2452 3122 2522 pedumque
3146 2452 3300 2507 tarda

2565 2543 2914 2599 Dissecantur
2942 2541 3154 2598 vincula
3181 2560 3224 2598 :-

2553 2633 2805 2704 Languor
2828 2634 3007 2710 omnis
3037 2634 3125 2690 hic
3149 2633 3405 2705 quiescit,

2463 2785 2474 2794 ,
2559 2723 2843 2796 Egritudo
2871 2725 3110 2795 pellitur.

2623 2816 2778 2887 Saepe
2801 2831 2933 2872 vero
2961 2818 3029 2872 de
3048 2826 3256 2872 remeta

2551 2907 2714 2963 Parte
2736 2909 2889 2980 regni
2914 2909 3139 2978 debiles,

2548 2999 2681 3054 Dum
2711 3009 2860 3055 tuum
2893 3009 3086 3070 petunt
3119 3001 3434 3072 sepulcrum

2549 3089 2620 3144 Se
2655 3089 2903 3143 medendi
2938 3091 3132 3160 gratia,

2551 3179 2606 3233 In
2633 3180 2718 3233 via
2748 3189 2873 3234 sunt
2901 3181 3136 3236 restituti

2557 3269 2791 3326 Sanitati
2814 3272 3080 3341 pristinae.

2625 3361 2721 3417 Est
2746 3370 2802 3418 et
2829 3363 2960 3418 illud
2984 3363 3140 3420 valde
3176 3364 3379 3420 mirum

2546 3454 2602 3508 In
2631 3454 2818 3510 relatis
2855 3456 3104 3526 partibus

2553 3545 2809 3616 Languidi
2839 3562 2965 3602 cum
2999 3555 3124 3605 vota
3149 3550 3373 3605 mittunt

2558 3635 2639 3690 Ad
2663 3645 2809 3691 tuam
2840 3640 3209 3707 praesentiam,

2550 3725 2628 3780 Ac
2648 3726 2796 3782 velut
2819 3743 2984 3798 sopor
3011 3731 3235 3785 recedat

2554 3815 2647 3871 Sic
2675 3817 2882 3873 medela
2909 3821 3180 3875 subvenit.

2629 3906 2819 3964 Nullus
2846 3909 2937 3964 hic
2963 3910 3183 3979 impune
3214 3910 3404 3980 praedo

2553 3995 2822 4051 Allevabit
2850 3997 3120 4064 lanceam,

2558 4085 2626 4141 Ut
2650 4087 2804 4142 ruina
2831 4089 3209 4158 comprobavit

2554 4181 2920 4236 Barbarorum
2953 4183 3222 4244 maxima;

2557 4269 2683 4341 Igne
2713 4271 2974 4340 templum
2998 4283 3357 4327 cencremare

2560 4362 2812 4431 Quinque
2834 4361 3039 4416 vellent
3071 4361 3263 4418 millia.

2631 4452 2866 4522 Spiculis
2888 4453 3013 4508 dum
3041 4453 3366 4510 dimicarent

2561 4543 2740 4613 )Eque
2759 4543 2997 4613 quinque
3024 4544 3214 4611 millia,

2557 4635 2833 4706 Hispidam
2857 4635 3070 4691 volante
3096 4636 3244 4692 ferro

2559 4727 2842 4783 Redderen
2851 4738 2977 4797 tque
2997 4728 3308 4782 machinam

2557 4819 2806 4875 Ordinati
2835 4834 2932 4888 per
2952 4818 3248 4890 phalanges

2555 4911 2771 4966 Horridi
2799 4923 2899 4964 ceu
2921 4910 3211 4966 daemones.

2620 5000 2699 5054 Ac
2717 5000 2867 5056 velut
2891 5001 2937 5055 si
2965 5015 3093 5069 pars
3118 5004 3321 5058 Averni

2551 5092 2849 5146 Ructuaret
2871 5093 3152 5162 sulphura,

2553 5179 2742 5238 Mistu‘s
2763 5183 2902 5252 ignis
2934 5181 3219 5239 fluctuaret

2558 5273 2680 5327 Alta
2701 5273 2922 5344 pulsans
2939 5275 3132 5339 sidera,

2557 5366 2781 5420 Barbari
2809 5366 3016 5422 circum
3043 5367 3308 5436 furentes,

3734 237 3844 295 lSE‘t‘
