4020 6310
201 359 340 418 1585

1442 352 1806 416 EPISTOLIE
1847 357 2224 440 FORMATAS.

3338 363 3477 419 I386

199 474 430 534 cerdotii
471 490 610 533 onus
629 489 952 532 consecrare
991 468 1098 530 non
1121 472 1400 539 dubitetis,
1434 481 1489 526 ct
1519 471 1674 527 nobis
1705 485 1790 526 re-
1817 476 1867 535 Α
1897 469 2325 540 hospitalitatem
2388 471 2611 536 sectari,
2675 479 2730 525 et
2785 471 3202 526 necessitatibus
3269 483 3486 529 sancto-

199 567 456 624 mittatis.
474 568 542 622 Et
559 575 617 622 ut
641 582 832 624 verum
861 568 1100 624 credatis
1119 581 1183 623 ac
1203 565 1567 638 cognoscatis,
1593 562 1794 619 litteris

201 659 408 718 Graecis
462 673 587 714 cum
645 673 834 714 earum
885 673 1125 715 numero
1161 659 1351 715 subter
1377 673 1498 714 eam
1530 649 1796 726 jussitnus

193 745 352 821 juxta
397 745 680 819 praefatum
724 746 1010 802 Consilium
1067 747 1329 803 roborari.
1373 748 1520 802 Bene
1569 747 1708 823 vale,
1741 745 1796 805 iii

200 839 433 896 Domino
484 836 838 906 dilectissime
889 847 945 892 et
997 838 1335 893 amatissime
1396 836 1793 912 frater.vnocit

200 949 343 988 Lxxx
371 947 477 988 Lxx
501 943 582 988 cc’t
612 930 1122 991 HAMOAAnlndict.
1148 933 1216 985 xv
1253 947 1287 1003 q
1317 919 1357 988 Θ
1377 946 1564 986 xcvlm
1596 942 1751 989 AMIIN
1777 949 1794 987 ι

201 1041 396 1082 XLVIII.
427 1039 481 1081 ι..

578 1113 700 1171 Alia
727 1115 806 1170 M.
835 1103 1064 1189 episcopi
1095 1108 1338 1172 Theatini
1371 1113 1420 1172 ιι.

271 1227 328 1286 2.
357 1239 419 1296 n,
455 1239 516 1295 Υ,
542 1244 596 1282 Α.
624 1227 892 1286 Celerimo
947 1227 1103 1300 (forte
1133 1223 1512 1298 celeberrimo)
1542 1225 1650 1282 vati
1692 1223 1799 1282 fra-

204 1320 385 1391 trique
427 1311 772 1376 sanctissimo
805 1328 862 1374 et
885 1329 1158 1392 prompto,
1189 1319 1454 1390 sapientia
1497 1308 1630 1374 cum'
1649 1319 1795 1374 omni

205 1408 416 1468 honore
439 1399 745 1478 recidenda,
777 1418 833 1467 et
865 1412 1118 1468 decorate
1142 1411 1198 1467 in
1224 1411 1498 1477 omnibus,
1530 1411 1584 1466 in
1608 1411 1797 1466 Domi-

203 1517 276 1558 no
303 1504 468 1570 ﬁdeli,
500 1512 556 1560 et
582 1503 737 1562 valde
775 1505 1111 1571 doctissimo,
1134 1520 1230 1561 seu
1251 1505 1320 1560 ab
1339 1495 1590 1560 omnibus
1615 1503 1798 1559 ortho-

203 1595 360 1676 doxis
383 1595 667 1667 multiplici
695 1598 1003 1654 scientiae...
1037 1591 1216 1666 gratia
1249 1589 1573 1676 decorate...
1599 1593 1797 1650 dilecto

203 1684 261 1740 in
291 1675 511 1743 Christo
535 1679 730 1744 Joanni
757 1687 828 1742 Μ.
876 1686 1187 1758 speculatOr
1215 1695 1419 1743 sanctae
1441 1685 1587 1742 sedis
1609 1683 1798 1741 Eccle-

205 1777 302 1834 siae
343 1777 626 1835 Thcatina:
674 1779 1029 1851 episcopus...
1064 1761 1173 1837 Nos
1215 1781 1280 1836 de
1305 1779 1388 1834 ill.
1421 1787 1626 1836 sanctis
1652 1778 1797 1835 sedis

1900 577 2019 617 rum
2041 562 2284 618 virorum
2329 562 2774 629 communicare,
2799 570 2982 620 tamen
3027 559 3252 634 propter
3275 577 3372 618 eos
3391 567 3485 636 qui

1897 653 2254 708 cauteriatam
2283 653 2487 710 habent
2513 654 2905 710 conscientiam
2934 651 3111 720 suam,
3153 655 3394 712 dicentes
3424 671 3487 712 se

1897 751 2018 800 esSe
2045 745 2341 816 simplices,
2363 741 2489 802 cum
2519 745 2628 801 Sint
2653 746 2848 801 astutia
2887 741 3153 804 diabolica
3187 748 3398 818 repleti,
3430 758 3486 804 et

1895 829 1995 907 pro
2023 833 2190 908 opere
2212 835 2428 908 pietatis
2448 839 2636 898 dicunt
2659 839 2718 894 8e
2745 838 2815 895 de
2840 836 2959 895 loco
2987 840 3055 895 ad
3097 840 3274 896 locum
3307 851 3486 900 trans-

1898 927 1999 994 ire,
2052 943 2175 983 cum
2222 929 2334 984 sint
2367 927 2573 1000 fugitivi
2616 927 2730 986 sua
2772 927 2990 995 malitia.
3029 927 3294 1000 faciente;
3327 945 3384 990 ct
3413 937 3490 992 di-

1897 1028 2028 1076 cunt
2048 1036 2109 1077 se
2130 1037 2250 1077 esse
2277 1022 2579 1078 ministerio
2602 1039 2759 1080 sacro
2783 1025 3040 1092 insertos,
3063 1042 3186 1083 cum
3211 1044 3317 1084 non
3340 1031 3482 1086 sint:

1897 1109 2162 1168 statutum
2207 1125 2292 1170 est
2317 1130 2347 1170 a
2377 1112 2580 1172 sanctis
2630 1113 2881 1174 Patribus
2921 1117 3194 1191 neminem
3221 1121 3482 1179 clericum

1898 1200 2138 1260 alienum
2168 1212 2223 1261 et
2252 1206 2494 1280 ignotum
2529 1207 2695 1278 recipi
2723 1209 2792 1265 ab
2833 1199 3014 1280 aliquo
3043 1211 3300 1284 episcopo
3321 1221 3377 1268 et
3406 1215 3488 1270 in-

1899 1295 2197 1352 tbronizari
2227 1296 2282 1350 in
2305 1312 2404 1352 sua
2425 1297 2682 1365 ecclesia,
2720 1299 2823 1354 nisi
2845 1299 3048 1356 habeat
3069 1303 3104 1356 a'
3121 1303 3344 1372 proprio
3373 1305 3488 1376 epi-

1897 1403 2064 1459 scopo
2091 1385 2374 1459 epistolam
2428 1405 2548 1460 quae
2576 1390 2630 1445 in
2679 1390 2981 1448 canenibus
3029 1393 3343 1450 nominatur
3377 1394 3491 1451 for-

1898 1490 2068 1536 mata.
2101 1480 2228 1537 Ideo
2255 1491 2442 1538 notum
2473 1477 2703 1540 facimus
2733 1480 3044 1555 paternitali
3099 1491 3314 1553 ‘vestrm,
3343 1490 3490 1560 quod

1897 1576 2137 1642 praebens
2172 1568 2343 1628 frater
2371 1572 2558 1630 noster
2575 1574 2767 1630 harum
2797 1575 3098 1648 litterarum
3127 1580 3360 1649 portitor
3386 1596 3486 1637 no-

1899 1662 2045 1718 mine
2073 1660 2385 1719 Ecmannus
2422 1678 2529 1718 non
2581 1679 2682 1734 pro
2716 1680 2814 1721 sua
2845 1656 3084 1735 nequitia
3108 1668 3364 1739 expulsus
3405 1683 3490 1728 est

1899 1767 1930 1806 a
1954 1751 2134 1818 nobis,
2170 1754 2264 1809 sed
2294 1755 2695 1824 postulantibus
2721 1755 2982 1830 fratribus
3002 1757 3221 1825 nostris;
3251 1777 3317 1818 eo
3343 1763 3487 1832 quod

204 1869 464 1927 Ecclesia:
493 1871 574 1928 ill.
603 1842 890 1943 episcopus
913 1870 966 1927 in
995 1863 1224 1928 Domino
1245 1869 1373 1928 Jesu
1399 1869 1620 1927 Christo
1647 1879 1793 1940 opta-
1831 1849 1872 1908 Β
1900 1858 1966 1943 ef
1989 1842 2192 1943 {fmina
2222 1846 2408 1900 ηοδίτέ
2442 1844 2563 1938 fui."
2607 1855 2662 1902 θί
2690 1857 2874 1943 η⁰⁵¹θ¹ξ
2894 1848 3222 1943 Mittimus,
3257 1851 3489 1910 fecimus

206 1978 329 2019 mus
375 1964 531 2020 vobis
562 1967 816 2036 magnam
845 1963 1076 2020 salutem
1121 1964 1286 2035 atque
1323 1963 1586 2019 honorem
1629 1961 1719 2018 hic
1743 1970 1800 2018 et

203 2056 261 2111 in
290 2071 486 2112 aevum.
517 2055 749 2128 PrOpter
783 2055 1307 2124 incommoditatem,
1349 2057 1494 2128 quod
1517 2055 1622 2110 iter
1648 2069 1798 2110 arre-

202 2155 327 2216 ptus
357 2162 476 2202 sum
507 2149 754 2219 partibus
779 2148 1100 2214 Beneventi,
1126 2145 1270 2204 sicut
1307 2147 1528 2204 domina
1558 2147 1797 2218 impera-

203 2237 314 2292 trix
346 2225 445 2308 per
474 2253 602 2294 suos
633 2239 818 2310 apices
839 2239 1096 2305 innotuit,
1118 2247 1178 2293 ut
1200 2239 1253 2293 in
1274 2237 1391 2307 ejus
1412 2237 1634 2294 servitio
1662 2235 1796 2293 alla-

206 2331 316 2386 turi
345 2331 516 2387 simus
546 2331 745 2401 quibus
772 2327 891 2402 jam
945 2345 1160 2402 semper
1187 2331 1242 2386 in
1269 2329 1517 2404 molestia
1549 2331 1796 2406 corporis

205 2423 408 2480 diutius
462 2424 778 2495 fatigamur,
825 2425 895 2480 ad
945 2424 1179 2480 clericos
1237 2433 1438 2502 nostra:
1495 2423 1795 2481 diceceseos

204 2517 384 2572 sacris
409 2517 693 2572 ordinibus
726 2514 1098 2573 sublimandos
1127 2515 1516 2573 insuﬂicientes
1554 2516 1793 2570 arbitra-

206 2623 354 2663 mur.
385 2607 592 2664 Idcirco
619 2608 984 2678 pra:sentibus
1010 2613 1209 2665 nostra:
1255 2608 1650 2664 mediocritatis
1679 2604 1796 2679 api-

208 2701 366 2756 cibus
394 2715 705 2768 exoramus,
739 2701 883 2758 hunc
907 2685 1228 2774 praesentem
1261 2699 1520 2757 clericum
1546 2709 1794 2755 nostrum

211 2789 486 2862 Luponem
531 2793 598 2847 ad
645 2793 874 2862 gradum
920 2791 1210 2848 levitarum
1259 2791 1590 2863 promoveri,
1637 2799 1693 2846 et
1727 2793 1796 2848 ad

213 2893 449 2941 vestram
496 2887 808 2958 specialiter
853 2885 1260 2942 fraternitatem
1309 2886 1615 2959 dirigimus.
1648 2886 1820 2980 Etut,

211 2976 318 3032 hoc
370 2978 572 3044 certius
624 2978 1066 3051 probabiliusque
1109 2981 1388 3046 credatur,
1431 2979 1622 3058 Graeca
1669 2977 1797 3034 huic

212 3066 478 3122 elementa
514 3069 722 3141 paginas
760 3072 1058 3126 secundum
1084 3080 1287 3126 statuta
1325 3079 1627 3126 sanctazac
1674 3084 1792 3126 ma-

215 3174 334 3229 gna:
354 3161 548 3231 synodi
575 3159 991 3232 Nicaentejnseri
1019 3163 1386 3234 praecipimus,
1410 3163 1664 3219 videlicet
1691 3162 1795 3216 Pa-

214 3251 312 3308 tris
329 3262 384 3308 ct
419 3252 544 3308 Filii
565 3261 620 3310 et
646 3253 884 3325 Spiritus
911 3255 1107 3312 sancti.
1141 3255 1351 3312 Primas
1379 3256 1591 3312 litteras
1613 3265 1789 3321 uoca,

212 3359 334 3416 quae
382 3362 525 3402 Lux
543 3363 650 3403 1.x:
697 3363 761 3404 cc
815 3357 880 3428 et.
918 3349 1152 3419 primum
1199 3349 1470 3422 signiﬁcat
1513 3365 1789 3407 numeros.

211 3439 359 3496 Petri
388 3458 602 3512 quoque
655 3443 1026 3514 apostolorum
1083 3445 1346 3516 principis
1388 3445 1564 3517 prima
1611 3446 1793 3502 littera

211 3533 273 3598 ιι.
302 3547 422 3603 qua:
452 3549 590 3588 Lxxx
642 3535 930 3612 signiﬁcat.
961 3534 1172 3592 Nostrae
1209 3551 1424 3608 quoque
1450 3536 1795 3593 mediocrita-

213 3623 284 3681 tis
311 3625 542 3696 primam
590 3625 826 3682 litteram
854 3639 920 3694 Μ,
970 3613 1320 3683 sublimitatis
1360 3636 1555 3684 vestrae
1601 3643 1796 3685 secun-

211 3721 337 3776 dam
379 3731 442 3786 0,
471 3719 586 3791 ejus
628 3719 720 3790 qui
753 3719 952 3791 accipit
996 3721 1212 3776 tertiam
1242 3727 1281 3774 II
1321 3721 1558 3776 civitatis
1596 3729 1796 3777 nostra:
1877 3767 1882 3774 .

211 3823 534 3884 quartam...
574 3819 629 3866 et
679 3811 870 3868 Indict.
903 3813 1188 3882 praesentis
1236 3813 1361 3867 anni
1392 3812 1547 3868 istius
1581 3828 1673 3878 xv,
1712 3822 1796 3870 est

213 3911 396 3958 autem
425 3919 619 3960 nomen
649 3903 769 3975 ejus
810 3903 1089 3973 Luponein
1133 3903 1389 3959 clericum
1419 3904 1632 3960 futurus
1664 3904 1798 3960 levi-

211 4003 289 4051 ta.
315 3995 630 4051 Addidimus
660 3996 825 4052 etiam
851 4011 1036 4052 xcvnn
1065 4011 1102 4066 q
1129 4004 1171 4052 Θ
1203 4011 1300 4067 per
1339 3995 1454 4052 haec
1473 3995 1663 4053 Grieca
1693 3997 1798 4054 ele-

211 4095 394 4141 menta
425 4087 774 4143 adnotantur.
808 4098 982 4145 munt.

374 4197 674 4254 Burchardi
711 4197 1091 4256 Vormatiensis
1119 4201 1348 4273 episcOpi
1373 4199 1649 4256 Formam.

283 4309 342 4364 In
377 4311 595 4367 nomine
615 4311 793 4368 Patris
820 4320 876 4368 et
897 4311 1020 4368 Filii
1047 4323 1102 4370 et
1126 4312 1360 4385 Spiritus
1381 4315 1574 4371 sancti.
1597 4315 1792 4370 Amen.

213 4401 480 4459 Walterio
533 4402 807 4473 Spirensis
855 4404 1128 4476 episcopo.
1155 4405 1266 4476 Ego
1291 4404 1642 4462 Burchardus
1671 4415 1800 4462 san-

215 4505 316 4552 cite
361 4496 756 4552 V'ormatiensis
804 4495 1062 4550 Ecclesiae
1111 4496 1338 4553 devotus
1386 4498 1564 4571 gregis
1593 4499 1794 4554 Christi

1900 1933 1951 1988 ei
1990 1921 2296 1990 libertatem
2325 1936 2599 2008 receptam
2623 1953 2794 1994 cornu
2821 1939 3012 1996 altaris
3033 1943 3296 1998 canonice
3322 1952 3377 1998 et
3403 1959 3492 1999 or-

1899 2025 2209 2082 dinavimus
2248 2042 2372 2082 eum
2413 2028 2480 2083 ad
2519 2030 2769 2108 gradum,
2798 2032 3155 2104 presbyterii;
3199 2037 3286 2092 eri
3321 2037 3486 2093 etiam

1885 2114 1997 2171 *has
2034 2115 2374 2194 dimiss‘orias
2418 2119 2534 2174 sive
2577 2117 3050 2187 commendatitias
3096 2125 3310 2185 litteras
3355 2127 3488 2183 feci-

1897 2219 2039 2271 mus,
2069 2195 2126 2262 et
2165 2221 2292 2261 eum
2321 2208 2389 2263 ad
2417 2217 2653 2264 vestram
2694 2209 2944 2268 dilectam
2985 2211 3384 2271 fraternitatem
3408 2216 3489 2271 di-

1897 2298 2144 2371 rigimus,
2170 2311 2230 2356 ut
2257 2301 2310 2356 in
2338 2310 2518 2358 vestra
2565 2304 2824 2374 parochia
2853 2307 2954 2362 sub
2987 2316 3168 2364 vestro
3197 2325 3356 2370 sacro
3397 2327 3487 2370 re-

1895 2392 2100 2462 gimine
2141 2393 2197 2448 et
2255 2394 2569 2452 defensidne
2617 2398 2918 2454 consistere
2971 2400 3166 2455 valeat.
3218 2403 3363 2474 Ego,
3405 2405 3486 2462 in-

1895 2499 2082 2560 quam,
2127 2489 2494 2554 Burchardus,
2542 2491 2761 2547 humilis
2810 2485 3119 2564 cpiscopus,
3174 2497 3228 2550 in
3265 2499 3487 2564 nomine

1894 2578 2102 2648 Patris,
2131 2591 2187 2636 et
2215 2577 2358 2649 Filii,
2383 2591 2438 2638 et
2461 2579 2698 2654 Spiritus
2730 2587 2926 2652 sancti,
2953 2589 3090 2657 etin
3127 2589 3335 2646 unitate
3360 2607 3487 2647 san-

1895 2682 1998 2729 cta:
2023 2672 2283 2729 Ecclesiae
2312 2673 2365 2729 in
2394 2690 2498 2744 qua
2536 2676 2699 2731 Petro
2728 2677 2915 2732 datum
2950 2676 3137 2748 estjus
3169 2679 3369 2750 ligandi
3399 2691 3487 2738 at-

1895 2777 2002 2833 que
2038 2763 2301 2828 solvendi,
2351 2763 2577 2822 absolvo
2621 2767 2958 2824 Ecmannum
2990 2771 3368 2843 presbyterum
3421 2773 3489 2829 de

1894 2854 2115 2912 civitate
2167 2856 2526 2914 Vormatiensi
2562 2859 2856 2918 indictione
2885 2875 2939 2928 x;
2992 2872 3047 2917 et
3094 2863 3370 2920 licentiam
3417 2867 3486 2921 do

1893 2945 2049 3002 vobis
2090 2946 2493 3004 inthroni'z'andi
2541 2951 2665 3006 eum
2695 2945 2748 3006 in
2795 2950 3174 3026 quamcunque
3197 2957 3488 3013 ecclesiam

1893 3035 2058 3092 Vultis
2090 3048 2287 3092 vestrae
2316 3037 2608 3110 paroChite.
2641 3039 2795 3097 Hanc
2823 3057 2953 3115 ergo
2973 3043 3258 3115 epistolam
3281 3047 3487 3103 Graecis

1895 3123 2091 3183 litteris
2126 3129 2254 3184 hinc
2303 3129 2536 3201 indeque
2563 3132 2779 3189 munire
2825 3134 3166 3194 decrevimus
3191 3147 3246 3194 et
3271 3154 3300 3194 a
3331 3141 3481 3195 nullo

1820 3214 1865 3277 C
1895 3221 2138 3278 ecclesiae
2169 3232 2368 3279 nostrze
2423 3224 2906 3286 Firmacrensium.
2941 3227 3361 3291 Fraternitatem
3395 3249 3488 3292 ve-

1895 3319 2064 3369 stram
2095 3314 2344 3372 Christus
2364 3317 2519 3394 nobis
2542 3319 2864 3398 incolumem
2893 3318 3196 3400 eoiiscryet.

2148 3417 2204 3462 ιι.
2237 3418 2295 3465 1-.
2326 3409 2643 3468 4.11.9.9.
2676 3411 2745 3470 .v.
2775 3413 2866 3470 W.
2898 3417 3050 3489 d.)-(.
3089 3417 3155 3474 l-l.
3182 3421 3241 3475 Ζ.

1895 3496 2031 3553 Data
2060 3498 2356 3556 Vormatiae
2393 3501 2471 3557 Id.
2506 3503 2706 3568 Martii,
2740 3521 2884 3581 anno
2907 3509 3204 3568 Dominicze
3243 3515 3492 3572 incarna-’

1896 3589 2061 3644 tionis
2099 3581 2224 3672 me.
2271 3592 2389 3660 xu,
2421 3594 2711 3652 indictione
2753 3585 3014 3672 decima;

1957 3671 2271 3737 Jurainetita
2317 3685 2676 3755 episcoporum
2697 3693 2932 3759 prtrstita
2963 3694 3076 3749 sedi
3099 3678 3413 3756 Arelatensi.

1967 3773 2080 3845 Ego
2132 3774 2357 3832 Pontius
2388 3775 2445 3833 S.
2483 3777 2669 3836 Marize
2694 3777 2961 3852 Aqucnsis
2996 3788 3139 3844 sedis
3167 3807 3313 3850 nunc
3337 3795 3485 3852 ordi-

1897 3867 2107 3922 nandus
2135 3867 2420 3938 episcopus
2449 3870 2685 3928 debitam
2709 3867 3118 3952 subjectionem,
3150 3891 3206 3937 et
3228 3900 3484 3944 reveren-

1875 3957 2048 4023 tiam,
2101 3968 2156 4014 et
2202 3960 2566 4018 obedientiam
2603 3980 2633 4018 a
2684 3964 2784 4022 SS.
2844 3966 3095 4027 Patribus
3127 3977 3482 4035 constitutam

1895 4048 2192 4140 secundum
2244 4061 2514 4124 praecepta
2553 4069 2820 4112 canonum
2867 4058 2923 4114 S.
2979 4059 3104 4118 sedi
3147 4066 3486 4127 Arelatensis
3553 4133 3564 4140 ,

1895 4137 2187 4223 Ecclesiae,
2234 4145 2644 4226 recteribusquc
2691 4145 2808 4230 ejus
2861 4147 2913 4204 in
2963 4149 3253 4228 prmsentla
3303 4160 3487 4218 domui

1897 4231 2293 4301 archiepiscopi
2331 4233 2636 4290 Raimbaldi
2675 4247 2938 4309 perpetuo
2962 4239 3331 4303 exhibiturum
3362 4266 3489 4320 pro-

1897 4320 2074 4386 mitto,
2135 4325 2186 4375 et
2239 4336 2404 4392 super
2430 4333 2678 4380 sanetum
2709 4327 2882 4385 altare
2929 4333 3146 4403 proliria
3186 4352 3351 4395 manu
3393 4341 3487 4396 lir-

1897 4423 2008 4466 mo.

1969 4503 2082 4574 Ego
2106 4502 2276 4560 frater
2305 4504 2613 4578 Rostagnus
2645 4487 2699 4565 S.
2750 4499 3019 4584 Aquensis
3055 4495 3308 4575 Ecclesiae
3345 4525 3492 4580 ordi-

218 4590 474 4658 famulus,
527 4591 581 4644 in
612 4590 720 4646 Deo
751 4605 895 4646 vera:
921 4607 1146 4646 summa:
1183 4590 1457 4666 felicitatis
1505 4594 1796 4650 beatitudi-
1826 4578 1878 4638 ι)
1904 4596 2118 4650 nandus
2138 4593 2425 4667 episcopus
2447 4597 2710 4679 debitam,
2741 4578 2873 4670 etc.,
2903 4614 2958 4658 ut
2985 4621 3167 4679 supra.

215 4695 359 4736 nem.
399 4676 533 4735 Cum
589 4688 775 4735 sancta
821 4678 1100 4735 Catholica
1153 4680 1394 4737 Ecclesia
1436 4691 1684 4754 prompta
1730 4685 1803 4741 Sit

215 4773 371 4842 sequi
401 4772 724 4844 documenta
747 4771 1082 4848 evangelica,
1101 4788 1230 4846 qua:
1261 4769 1449 4829 dicunt
1483 4794 1495 4829 :
1531 4775 1634 4841 Qui
1661 4779 1798 4831 reci-

212 4863 287 4931 pit
311 4863 616 4934 prophetam
639 4864 694 4917 in
724 4862 930 4916 nomine
957 4863 1240 4932 prophetia,
1265 4865 1551 4918 mercedem
1576 4867 1799 4936 pmphe-

153 4953 158 4956 ’
215 4966 283 5013 tce
312 4945 564 5030 accipiet;
591 4968 639 5013 et
665 4959 755 5030 qui
770 4943 956 5029 recipit
975 4957 1184 5030 justum
1203 4959 1260 5012 in
1281 4945 1490 5014 nomine
1503 4961 1661 5030 justi,
1686 4967 1793 5017 etc.

219 5044 435 5118 (Matth.
483 5064 517 5102 ι
548 5084 564 5114 ,
609 5047 733 5120 4i);
789 5056 845 5104 et
895 5030 1182 5119 Apostolus
1225 5048 1415 5119 jubeat
1457 5049 1634 5122 (Rom.
1693 5053 1794 5124 xu)

289 5173 314 5201 ι
345 5160 404 5235 In
447 5160 550 5235 hac
597 5160 852 5230 secunda.
879 5159 1134 5235 formata,
1172 5177 1307 5235 qua:
1354 5161 1692 5235 luxatissgima
1747 5174 1802 5221 et

217 5231 631 5304 mendosissi‘ma
653 5239 759 5294 eS't,
798 5232 1060 5302 quasdem
1087 5231 1249 5288 voces
1285 5233 1502 5304 punctis
1532 5233 1800 5292 iudicatas

218 5301 525 5372 omisimus,
571 5316 637 5356 eo
680 5301 831 5371 quod
861 5313 1098 5372 sensum
1152 5319 1258 5358 non
1286 5301 1628 5360 'redderent.
1678 5306 1796 5361 Alia

220 5387 394 5447 pauca
436 5381 549 5447 tute
586 5373 1010 5447 emendavimus;
1056 5374 1138 5447 uti
1177 5373 1230 5427 Μ
1261 5375 1578 5447 speculator
1607 5393 1706 5447 pro
1733 5393 1800 5433 eo

220 5443 364 5514 quod
418 5445 790 5516 scriptugmcst
835 5443 1204 5516 inspeculalor.
1231 5444 1511 5516 Episcopi
1535 5443 1796 5502 enimno-

219 5513 369 5585 men,
391 5513 810 5585 quotliocrl‘oco
839 5514 1100 5582 signatur,
1138 5513 1325 5585 incipit
1361 5532 1391 5572 a
1417 5513 1596 5571 littera
1637 5517 1708 5584 M,’
1738 5528 1798 5573 ut

220 5584 324 5639 sub
377 5586 536 5657 linem
592 5584 758 5657 ipsius
789 5583 1032 5657 formatae
1063 5583 1320 5650 traditur;
1375 5586 1626 5657 facilique
1647 5583 1798 5657 ama-

219 5656 508 5728 nuensium
553 5654 840 5728 oscitantis
888 5656 942 5708 in
969 5669 1147 5728 proin
1187 5654 1581 5728 nonnunquam
1607 5655 1800 5714 scribi-

224 5736 333 5800 tur.
362 5723 645 5800 Catalngus
674 5725 1048 5800 episcoporum
1081 5725 1336 5800 Ecclesiae
1354 5723 1634 5784 Theatinaa
1657 5733 1796 5800 apud

221 5795 527 5868 Ughcllumv,
558 5795 686 5852 cum
728 5797 800 5849 sit
843 5795 1214 5866 imperfectus,
1251 5799 1408 5868 hujus
1438 5795 1799 5872 episcopi—no-

661 5890 934 5950 ΡΑτιιοι..
984 5887 1280 5954 CXXIX.

1979 4685 2090 4756 Ego
2115 4684 2423 4758 Stephanus
2448 4677 2816 4748 Vendacensis
2843 4677 3100 4752 Ecclesite
3123 4709 3347 4756 vocatus
3371 4703 3494 4773 epi-

1904 4791 2101 4848 scopus
2133 4779 2395 4848 promitto
2425 4795 2610 4837 coram
2647 4783 2753 4840 Deo
2789 4789 2845 4841 et
2871 4787 3076 4846 Sanctis
3113 4789 3229 4861 ejus
3272 4808 3491 4851 omnem

1906 4867 2318 4939 sulijectionem,
2347 4880 2401 4928 et
2437 4873 2801 4933 obedientiam
2832 4883 3174 4951 canonicam,
3216 4895 3270 4944 et
3311 4887 3488 4944 ﬁdeli-

1907 4962 2071 5048 tatem
2122 4961 2380 5019 Ecclesia:
2415 4963 2474 5020 S.
2514 4966 2770 5039 Stephani
2815 4965 2960 5029 sedis
3006 4975 3361 5046 Arelatensis,
3398 4977 3490 5036 ubi

1905 5059 2103 5124 corpus
2144 5055 2204 5110 Β.
2234 5049 2512 5128 Trophinii
2535 5053 2868 5121 eonl'eSSOris’
2909 5067 3161 5139 quiescit,
3189 5081 3244 5128 et
3267 5073 3488 5132 Annoni

1909 5183 2034 5254 men
2079 5185 2110 5249 a
2154 5171 2339 5254 littera
2361 5169 2422 5234 Μ
2448 5173 2742 5254 incipiente
2770 5194 2879 5254 non
2909 5184 3171 5254 suggerit.
3197 5185 3334 5244 Cum
3359 5204 3490 5246 vero

1905 5243 2237 5338 inprimi-etM
2252 5243 2600 5338 [imperatrig
2625 5262 2746 5338 qna;
2769 5243 3331 5338 Beneve'n'tipartibus
3362 5243 3485 5318 ver;

1903 5311 2145 5395 stabatur:
2183 5311 2516 5395 potenti-que
2559 5311 2784 5395 indictio
2834 5338 2925 5395 3v,
2993 5311 3489 5386 iudieari‘videtur

1904 5381 2597 5466 sivenhdel.ais_;Ottonls;_l
2625 5395 2780 5466 uxor,
2811 5381 2952 5466 sive
2973 5381 3324 5466 Theophania
3338 5381 3458 5456 "iis;

1895 5449 1995 5537 jure
2023 5449 2344 5537 Otto-Irish,-
2370 5471 2490 5537 quae
2508 5449 2794 5537 aliquoties
2817 5463 2872 5537 in
2903 5449 3092 5537 iisdem
3107 5449 3489 5537 part—ibus};-

1907 5523 2116 5604 stitere.
2152 5523 2286 5604 Etsi.
2312 5523 2467 5604 enim
2503 5523 2824 5604 Angilberga
2854 5523 3187 5592 Ludovici."
3213 5523 3482 5597 uxorin-ii-

1907 5591 2042 5682 gem
2076 5592 2558 5682 luerité‘iildictio
2591 5591 2793 5682 Vtamen'
2834 5619 2903 5658 xv
2932 5606 3051 5682 ips_i_
3080 5591 3191 5682 non
3217 5591 3483 5682 diligam.
3521 5609 3528 5618 ’

1907 5661 2197 5744 Hinc_._er_go
2235 5665 2325 5744 ille
2366 5667 2664 5744 Theatinus
2690 5661 2976 5744 episcopus
3005 5675 3072 5730 M.
3107 5661 3206 5733 sub
3224 5661 3484 5737 oii‘éiiié'i

1909 5733 1992 5822 vel
2027 5733 2100 5822 illi
2131 5733 2361 5822 imperiti
2390 5739 2563 5822 vixit,
2597 5756 2660 5822 ac
2683 5733 3076 5822 Ilieati'norum
3109 5733 3485 5822 episcoporum

1905 5804 2152 5878 catalogo
2180 5804 2518 5879 adjiciendus
2544 5819 2646 5868 est.
2677 5811 3062 5884 (Rauennam)

3011 5909 3087 5969 [ιδ
