4006 5502
104 378 129 440 1
142 383 263 440 589

103 606 352 665 Ebraini
368 606 712 663 Bituriceusis
732 608 800 662 ad
828 607 1144 678 Magnonem
1162 609 1512 665 Senouensem
1542 608 1711 663 art-hic

183 679 495 751 episcopum
522 695 629 751 pro
655 679 950 751 Dodoberto
976 679 1292 751 presbytero,
1322 690 1376 733 ut
1398 680 1454 735 in
1474 680 1589 751 ejus
1613 697 1711 751 pa-

152 794 163 815 ,
189 746 384 803 ιίοεΙιὶιι
410 749 552 818 apud
580 746 1024 803 llercambaldum
1047 746 1257 803 manere
1281 750 1461 820 possit.

189 859 405 918 Sancto
429 870 483 917 et
512 861 622 917 Deo
643 860 859 919 amabili
886 863 1135 935 Magnoni
1156 864 1299 921 dono
1324 864 1416 920 Dei
1436 862 1713 935 archiepi-

104 967 290 1023 scopo
315 967 383 1007 cx
409 951 674 1009 Senonica
703 954 855 1022 urbe,
879 969 979 1028 ego
1009 957 1064 1011 in
1091 956 1184 1011 Dei
1207 958 1422 1013 nomine
1452 956 1718 1014 Ebroinus

104 1042 267 1098 dono
292 1043 391 1098 Dei
419 1044 858 1118 archiepiscOpus
879 1062 945 1102 ex
973 1046 1213 1117 Biturige
1233 1050 1386 1115 urbe,
1415 1049 1469 1103 in
1490 1047 1716 1105 Domino

102 1130 249 1188 Jesu
284 1136 517 1189 Salutem
539 1146 788 1206 optamus
815 1139 968 1194 vobis
994 1138 1047 1193 in
1076 1151 1415 1210 perpetuum.

188 1221 275 1277 De
295 1231 493 1279 caetero
535 1232 722 1280 notum
763 1226 995 1282 facimus
1040 1222 1319 1283 sanctitati
1355 1230 1548 1285 vestrm
1592 1229 1716 1300 quia

108 1312 289 1369 istum
312 1324 635 1385 praesentem
664 1318 1061 1391 presbyterum,
1087 1320 1304 1376 nomine
1330 1320 1713 1383 Dodobertum,

107 1404 519 1473 parochianum
545 1415 824 1475 nostrum,
864 1408 916 1463 in
940 1417 1125 1465 nostra
1160 1409 1377 1467 dioecesi
1415 1420 1621 1476 natum,
1666 1419 1715 1465 et

115 1509 325 1550 sacras
362 1495 574 1552 litteras
598 1497 872 1565 edoctum,
896 1500 962 1554 ad
988 1500 1231 1557 ordinem
1262 1515 1475 1555 sacrum
1505 1516 1717 1572 promo.

109 1587 240 1642 veri
275 1587 557 1658 jussimus.
596 1587 792 1645 Postea
842 1596 971 1647 vero
998 1591 1152 1662 petiit
1190 1607 1220 1646 a
1244 1591 1402 1650 nobis
1423 1592 1716 1658 licentiam,

111 1690 181 1736 ut
210 1681 269 1738 in
292 1690 473 1739 vestra
498 1682 755 1753 parochia
781 1684 919 1755 apud
942 1684 1217 1743 hominem
1247 1684 1479 1756 aliquem
1503 1683 1720 1757 nomine

111 1771 579 1849 ltercambaldum
615 1789 837 1831 manere
864 1775 1054 1844 possit.
1094 1775 1206 1831 Nos
1234 1790 1367 1831 vero
1404 1776 1715 1847 petitionem

1386 381 1742 440 ΕΡΙδΤΟιΑς
1782 381 2153 442 ιεύιιΜΑΤιλΕ.

1742 510 1781 562 Α
1815 496 2023 552 litteras
2072 500 2120 552 ei
2176 501 2511 559 dimissorias
2542 506 2824 560 dedimus:
2872 520 2966 575 per
3016 520 3150 574 quas
3198 514 3253 559 et
3288 507 3387 574 ipsi
3445 516 3467 535 ί

3281 391 3387 447 390

1810 590 2190 659 concediinns,
2229 601 2291 650 ut
2315 596 2414 651 sub
2446 598 2629 652 vestro
2658 598 2966 667 magisterio
2993 596 3184 653 divinae
3222 598 3385 653 servi-

1814 683 1911 738 tuti
1939 683 2216 751 insistens,
2249 701 2361 741 suae
2384 689 2653 744 deserviat
2678 690 2931 757 utilitati,
2963 699 3016 744 ct
3046 691 3197 746 vobis
3220 690 3386 745 licen-

1816 778 1942 832 tiam
1981 779 2290 847 tribuimus,
2321 790 2379 836 nt
2416 782 2461 838 si
2488 784 2706 855 dignum
2736 785 3273 857 eumjmlicaveritis,
3325 784 3391 839 ad

1815 879 2000 924 sacros
2047 870 2266 927 ordines
2322 877 2703 949 promoveatis.
2764 877 3211 934 Commendatum
3265 872 3399 947 ergo

1816 976 1936 1015 eum
1965 976 2107 1016 curae
2141 972 2335 1019 vestrm
2380 966 2659 1038 suscipite,
2704 979 2762 1024 et
2807 969 3011 1024 nostris
3038 985 3103 1023 ex
3130 968 3395 1040 partibus

1817 1051 2120 1107 absolutum
2172 1053 2224 1108 in
2271 1064 2574 1113 vestrarum
2621 1058 2801 1113 ovium
2852 1074 3076 1114 numero
3103 1058 3391 1113 custodite.

1817 1136 1962 1210 Quas
1987 1124 2224 1208 litteras,
2254 1156 2311 1201 ut
2334 1146 2517 1219 vigore
2541 1149 2790 1205 veritatis
2828 1148 3054 1204 firmatae
3083 1149 3391 1204 indubitan-

1820 1242 1903 1288 ter
1927 1249 1956 1288 a
1984 1235 2138 1290 vobis
2169 1236 2551 1309 suscipiantur,
2578 1239 2770 1295 litteris
2795 1239 3018 1304 Grmcis,
3055 1248 3113 1294 ut
3137 1238 3396 1295 canonica

1818 1325 1980 1382 docet
2005 1328 2322 1390 auctoritas,
2351 1328 2675 1386 conllrmare
2695 1329 3007 1403 sategimus.
3039 1330 3237 1385 Sancta
3278 1327 3398 1383 ’l‘ri-

1817 1416 1965 1473 nitas
1991 1427 2232 1474 vestram
2259 1410 2661 1489 bcatitndinejm‘
2687 1421 2755 1477 ad
2785 1421 3023 1493 regimen
3058 1428 3263 1476 sancta:
3288 1432 3399 1473 suae

1819 1507 2077 1564 Ecclesiae
2101 1511 2491 1582 perpetualiter
2525 1513 2662 1568 bene
2688 1508 2868 1567 valere
2897 1513 3176 1568 concedat.
3203 1503 3294 1571 n5.
3322 1511 3400 1566 in-

1820 1599 2056 1657 dictione
2088 1616 2144 1656 x.
2177 1601 2432 1658 Continet
2475 1604 2590 1660 lucc
2616 1602 2846 1660 formata
2876 1604 3100 1674 epistola
3132 1617 3400 1659 summam

1821 1694 2030 1748 numeri
2058 1708 2321 1751 ucccxxv.

1896 1804 2142 1884 (Indictio
2172 1826 2205 1865 ι
2240 1819 2295 1865 et
2316 1796 2620 1884 Wolfeoms
2645 1811 2985 1884 episcopatus
3011 1826 3209 1884 annum
3239 1809 3402 1884 deno-

112 1861 272 1918 illius
303 1878 411 1919 non
450 1863 869 1934 denegavimus,
906 1864 1010 1919 nisi
1035 1863 1308 1921 licentiam
1341 1863 1413 1919 illi
1453 1863 1716 1927 dedimus,
1752 1865 1794 1921 Β
1824 1861 1935 1929 imit
1963 1877 2085 1932 817,
2110 1861 2343 1935 5.5;“;53'
2362 1861 3403 1938 ,5;15g,g',;,;.‘,{g,g"g5},M551,}-

112 1952 253 2023 quia
277 1954 479 2010 scimus
500 1956 644 2026 quod
667 1955 734 2011 de
755 1956 891 2010 bene
913 1954 1100 2011 liberis
1124 1956 1437 2012 hominibus
1454 1965 1607 2012 ortus
1628 1957 1718 2011 sit.

113 2039 284 2097 Unde
330 2043 429 2099 has
470 2043 677 2100 litteras
715 2044 1215 2114 commendatitias,
1269 2061 1421 2102 more
1465 2045 1722 2102 ecclesia-

116 2134 266 2190 stico
297 2134 487 2201 factas,
542 2136 608 2192 ad
654 2138 1002 2193 sanctitatem
1051 2148 1288 2199 vestram
1335 2139 1616 2205 misimus,
1665 2147 1723 2193 ut

120 2225 273 2281 scire
328 2225 505 2280 valeat
557 2226 667 2283 Deo
718 2226 879 2300 digna
927 2228 1169 2284 cliaritas
1211 2236 1413 2294 vestra,
1449 2243 1573 2284 eum
1623 2242 1723 2284 nec

121 2317 253 2389 fuga
286 2316 520 2389 lapsum,
569 2332 670 2374 nec
698 2334 795 2376 sua
836 2319 1041 2375 malitia
1080 2335 1110 2374 a
1141 2306 1297 2376 nobis
1326 2318 1557 2389 ejectum
1581 2361 1596 2386 ,
1629 2321 1722 2377 sed

123 2420 322 2466 nostra
351 2411 630 2467 voluntate
675 2413 1027 2469 destinatum.
1056 2412 1123 2467 Et
1149 2423 1209 2468 ut
1233 2414 1436 2469 certius
1466 2404 1722 2480 credatis,

123 2502 321 2560 Grmca
344 2502 644 2573 elementa,
675 2520 794 2577 qua:
824 2505 1230 2576 octogenarium
1255 2546 1268 2569 ,
1308 2506 1724 2577 quadringente-

127 2597 328 2652 simum
368 2605 425 2654 et
462 2587 695 2668 primum
745 2614 1003 2655 numeros
1044 2599 1391 2671 exprimunt,
1433 2598 1489 2655 in
1534 2598 1725 2670 primis

128 2688 513 2745 annexuimus.
549 2701 607 2748 ll.
638 2689 785 2751 Petri
810 2704 1024 2762 quoque
1058 2689 1294 2747 nominis
1316 2690 1548 2763 primam
1577 2689 1725 2745 litte-

129 2795 249 2836 ram
275 2790 545 2853 sumptam
570 2782 626 2839 in
650 2781 887 2839 medium
910 2782 1183 2851 ascribere
1207 2766 1537 2855 rogavimus.
1555 2781 1726 2843 Nihil-

130 2871 351 2928 ominus
397 2872 560 2928 etiam
604 2873 889 2944 parvitatis
954 2881 1151 2930 nostrae
1202 2873 1437 2931 nominis
1492 2874 1724 2946 primam

132 2960 370 3019 litteram
406 2974 465 3030 Ε,
494 2963 876 3035 magnitudinis
933 2973 1126 3019 vestrae
1164 2964 1461 3020 secundam
1487 2963 1725 3021 litteram

136 3067 193 3121 Α,
219 3053 377 3109 istius
403 3051 587 3109 fratris
634 3053 870 3109 nominis
902 3052 1119 3108 tertiam
1171 3052 1410 3109 litteram
1444 3069 1497 3122 Α,
1529 3053 1726 3109 civita—

138 3146 209 3204 tis
236 3156 433 3205 nostra:
459 3156 709 3218 quartam
756 3158 815 3215 Υ,
844 3158 898 3203 et
940 3147 1285 3204 indictionem
1318 3156 1569 3219 quartam
1624 3145 1723 3221 ad-

1827 1955 1983 2001 matzc
2020 1949 2253 2018 ascripta
2277 1952 2541 2008 conflatur
2577 1966 2643 2008 ex
2686 1966 2914 2008 numero
2955 1951 3226 2007 comnmni
3266 1966 3402 2007 eum

1824 2023 1873 2106 et
1906 2030 1978 2106 ei
2000 2020 2442 2106 propriqmctmv,
2469 2024 2562 2094 qui
2591 2024 2832 2106 exsurgit
2879 2040 2943 2077 ex
2964 2091 2976 2105 .
2996 2023 3190 2106 litteris
3216 2033 3304 2106 Υη
3323 2035 3401 2082 Βιο

1823 2098 1904 2149 Νι.
1947 2084 2025 2152 Σξ,
2054 2084 2114 2231 εξ
2138 2089 2427 2149 indictione
2457 2084 2522 2159 x';
2555 2108 2657 2148 una
2687 2084 2831 2147 enim
2856 2091 3128 2161 conjuncti
3175 2084 3404 2145 reddunt

1825 2169 2086 2212 ucccxxv.

1825 2169 2086 2212 HCCCXXV.

2609 2252 2695 2308 lll.

1828 2353 2120 2483 Teultigaudi
2148 2361 2521 2483 archiépiscopi
2553 2361 2873 2417 Trerirensis
2898 2360 3117 2431 epistola
3147 2358 3408 2431 generalis

1895 2442 1927 2479 α
2004 2429 2256 2483 Curatum
2330 2432 2505 2483 alvum
2528 2448 2721 2483 reaem.
2761 2433 3025 2483 episcenos
3053 2442 3099 2483 el
3130 2430 3263 2483 alios
3291 2429 3408 2482 uni-

1895 2430 1966 2483 ad
2004 2430 2505 2502 Caroluntﬂaloum
2528 2448 2721 2502 regem,
2761 2430 3025 2502 episcopos
3053 2442 3099 2485 et
3130 2430 3263 2484 alios
3291 2430 3409 2502 rmi-

1899 2502 2089 2565 versos,
2128 2516 2222 2571 pro
2254 2500 2513 2573 Hegilone
2535 2499 2830 2572 presbytero
2869 2499 2939 2555 ad
2967 2511 3269 2556 sanctorum
3292 2499 3407 2553 loca

1903 2574 2285 2643 peregrinante.

1895 2682 2298 2742 Gloriosissimo
2316 2693 2372 2740 et
2395 2699 2427 2739 a
2452 2685 2563 2741 Deo
2586 2693 2843 2741 coronato
2873 2697 3067 2754 magno
3091 2691 3146 2738 et
3185 2679 3412 2751 paciﬁca

1826 2779 1938 2852 regi
1983 2778 2220 2844 Carolo,
2270 2785 2326 2833 et
2371 2777 2621 2834 omnibus
2684 2776 3013 2833 bcatissimis
3063 2772 3407 2845 praesidibus,

1827 2870 2147 2940 cteterisque
2190 2869 2244 2924 in
2291 2868 2548 2941 gradibus
2583 2866 2971 2924 ecclesiasticis
3019 2864 3307 2927 ordinatis,
3356 2867 3413 2917 et

1828 2960 2095 3016 universis
2131 2959 2185 3015 in
2218 2970 2386 3031 regno
2411 2958 2528 3028 ejus
2565 2958 2877 3014 saecularem
2907 2952 3413 3013 administrantibus

1826 3052 2182 3125 dignitatem,
2239 3067 2337 3108 seu
2403 3050 2613 3107 cunctis
2666 3049 2912 3105 fidelibus
2981 3046 3195 3123 Domini
3241 3044 3411 3101 nostri

1826 3144 1953 3202 Jesu
2005 3136 2206 3201 Christi
2270 3145 2561 3200 adventum
2631 3142 3020 3215 diligentibus,
3070 3138 3413 3214 'l‘eotgaudus

132 3239 437 3312 iunximus.
456 3239 773 3296 Addidimus
789 3239 1215 3312 nonagenarium
1237 3247 1293 3297 et
1314 3254 1516 3296 nonum
1541 3255 1729 3296 nume-
1755 3227 1801 3289 C
1833 3239 2166 3295 humillimus
2239 3237 2587 3294 Trevirorum
2680 3236 3116 3306 archiepiscopus
3199 3243 3412 3304 plenam

138 3344 304 3397 rum;
333 3328 411 3385 ld.
440 3314 504 3389 θ’.
536 3341 590 3385 et
617 3328 669 3386 Θ⁰
697 3329 764 3385 Ει
791 3329 1137 3400 insequenter
1175 3329 1531 3402 impressione
1568 3328 1729 3402 sigilli

140 3422 315 3480 nostri
361 3421 910 3479 subterﬁrmavimus.
946 3421 1012 3477 Et
1046 3436 1210 3476 manu
1251 3420 1471 3495 propria
1493 3436 1612 3477 eam
1645 3435 1731 3476 ro-

141 3512 472 3577 boravinms,
513 3520 570 3569 et
600 3528 631 3567 a
667 3505 883 3569 cleriCis
933 3511 1133 3567 nostris
1177 3509 1418 3566 roborari
1448 3511 1729 3582 iussimus.

141 3603 338 3659 Actum
367 3602 422 3658 in
468 3618 612 3660 anno
655 3619 684 3657 κ
733 3603 945 3673 imperii
989 3602 1194 3658 domini
1238 3602 1408 3658 nostri
1450 3601 1648 3666 Caroli,
1678 3612 1734 3658 et

145 3710 288 3752 anno
346 3710 479 3750 mn
552 3695 701 3767 regni
751 3693 907 3763 ejus,
966 3696 1020 3750 in
1080 3686 1174 3748 Dei
1221 3693 1441 3748 nomine
1505 3691 1736 3749 feliciter

147 3788 342 3846 Amen.

218 3902 468 3975 (lndictio
509 3918 562 3957 IV
612 3911 679 3975 et
696 3903 848 3975 anui
901 3901 1049 3975 regni
1097 3909 1288 3975 atqueA
1305 3898 1520 3975 imperii
1554 3898 1734 3955 Caroli

148 3969 324 4045 Magni
395 3989 594 4028 annum
644 3972 846 4045 Christi
912 3969 1200 4041 designant
1260 3969 1400 4045 8_lO;
1432 3985 1735 4045 _sumn_eam

148 4040 276 4100 vero
314 4045 524 4099 nume-i
559 4059 748 4099 omnes
789 4042 1017 4097 formata
1042 4040 1447 4111 comprehensi
1496 4041 1738 4096 alliciunt

150 4129 379 4180 uexxrv;
419 4130 542 4170 nam
583 4116 650 4169 ad
697 4128 1039 4169 communem
1094 4112 1338 4167 omnium
1382 4111 1736 4167 formatarum

151 4192 432 4241 numerum
491 4201 626 4240 non
691 4185 1026 4255 adjiciendus
1090 4194 1177 4238 est
1252 4181 1414 4253 bujus
1488 4183 1740 4255 proprius

149 4272 386 4340 ccpcxuv,
412 4257 510 4399 ἱιιιὶ
539 4254 805 4311 conflatur
833 4258 899 4309 ex
939 4255 1137 4312 litteris
1162 4265 1216 4320 Ε,
1250 4270 1279 4308 Α
1301 4294 1315 4319 ,
1340 4266 1374 4308 Δ
1392 4293 1407 4318 ,
1429 4263 1488 4317 Υ,
1515 4263 1570 4307 et
1598 4254 1737 4306 indi—

149 4335 327 4386 ctione
355 4343 405 4382 ιν
439 4366 452 4380 .

149 4328 327 4386 ctione
355 4328 452 4386 iv).

156 4530 444 4605 Wolfeom's
484 4530 906 4605 Constantiensis
933 4532 1172 4605 episcopi
1192 4532 1260 4585 ad
1298 4529 1607 4605 Bernaltum
1639 4530 1732 4605 Ar-

223 4602 601 4677 gentariensem
620 4645 635 4668 ,
664 4619 760 4673 pro
800 4602 1020 4677 Annone
1047 4603 1239 4656 clerico
1260 4642 1275 4667 ,
1310 4612 1379 4677 ut
1399 4604 1456 4656 in
1491 4602 1742 4677 parochia

220 4673 427 4731 manere
455 4683 503 4730 et
544 4676 612 4730 ad
642 4690 821 4729 sacros
851 4674 1062 4729 ordines
1088 4674 1380 4745 promoveri
1400 4673 1585 4744 possit.

225 4801 282 4857 11,
305 4803 365 4857 Υ,
408 4807 460 4852 Α,
483 4801 543 4847 Π.
567 4789 914 4845 sanctissimo
937 4790 994 4844 in
1043 4788 1264 4846 Christo
1294 4786 1478 4854 fratri,
1507 4800 1735 4841 summa

157 4898 258 4956 que
286 4882 573 4939 dulcedine
596 4881 998 4951 amplectende,
1028 4880 1283 4935 Bernalto
1304 4878 1745 4953 Argentariensis

157 4974 389 5031 civitatis
446 4974 726 5044 episcopo,
778 4971 980 5039 Wolfe,
1011 4972 1443 5029 Constantiensis
1491 4969 1745 5026 Ecclesiae

160 5065 370 5138 praesul,
401 5073 676 5136 perpetua:
704 5063 1058 5119 beatitudinis
1078 5068 1229 5132 optat
1267 5062 1321 5116 in
1357 5064 1572 5119 Christo
1599 5059 1729 5114 salu-

160 5172 281 5219 tem.
311 5170 370 5225 Υ,
393 5167 449 5225 Β,
475 5173 535 5226 N,
563 5166 619 5211 Σ.

220 5253 296 5309 De
319 5261 512 5308 etetero
542 5249 761 5304 noverit
790 5256 984 5303 sancta
1025 5247 1343 5305 fraternitas
1372 5244 1572 5307 vestra'
1600 5247 1743 5314 quod

160 5348 255 5410 iste
297 5343 542 5411 clericus,
599 5340 825 5396 nomine
863 5339 1042 5409 Anno,
1068 5347 1253 5396 nostra
1281 5342 1332 5398 in
1360 5337 1620 5417 parocbia
1666 5324 1761 5393 in-'
1856 5347 2009 5401 tione
2050 5337 2351 5417 suscepta,
2409 5334 2513 5402 ειι

1831 3347 2042 3404 pacem,
2092 3341 2149 3387 et
2184 3330 2429 3402 perpetui
2464 3329 2643 3403 gaudii
2693 3328 2985 3398 optabilem
3032 3326 3283 3396 implorat
3330 3337 3415 3377 sa-

1832 3408 2019 3479 lutem.
2870 3430 2873 3433 ‘
3452 3410 3455 3411 ⁷

1902 3513 2040 3581 Quia
2077 3527 2219 3583 saepe
2245 3512 2360 3569 fieri
2390 3512 2526 3569 solet
2553 3520 2610 3566 ut
2653 3513 2829 3583 magni
2860 3512 2983 3576 viri,
3038 3524 3248 3566 summa
3296 3506 3418 3562 reli-

1835 3605 2011 3677 gionis
2058 3618 2186 3661 arce
2232 3604 2531 3675 conspicui,
2577 3604 2836 3657 virtutum
2881 3604 3073 3656 robore
3115 3596 3416 3671 prmvalidi,

1836 3698 2004 3753 armis
2042 3695 2268 3766 iustitiae
2305 3694 2552 3759 accincti,
2595 3694 2861 3751 castitatis
2880 3693 3114 3749 candore
3152 3688 3419 3761 insigniti,

1836 3786 2114 3857 sapientiae
2144 3786 2339 3841 decore
2385 3783 2711 3856 praefulgidi,
2743 3782 3011 3855 migrandi
3054 3782 3122 3837 de
3151 3781 3263 3836 suis
3286 3778 3422 3833 locis

1836 3877 2428 3948 concipiantamorem,
2478 3891 2584 3946 quo
2616 3889 2713 3946 per
2748 3874 2907 3932 talem
2951 3873 3295 3930 occasionem
3321 3870 3422 3925 hu-

1841 3986 2052 4026 manam
2115 3971 2324 4040 possint
2375 3968 2748 4041 subterfugere
2808 3965 3044 4027 laudem.
3092 3974 3149 4021 et
3198 3960 3427 4019 minoris

1841 4062 2017 4119 meriti
2041 4062 2377 4118 :cstimentnr
2417 4062 2486 4115 ab
2518 4060 2793 4116 extraneis
2819 4059 2912 4129 qui
2948 4056 3226 4130 granditer
3254 4056 3429 4110 bono-

1844 4155 2193 4210 riflcabantur
2217 4169 2245 4208 a
2279 4152 2456 4209 nobis.
2490 4151 2726 4206 Plurima
2758 4150 2956 4220 quippe
2974 4158 3101 4204 sunt
3123 4144 3430 4202 istiusmodi

1841 4243 2143 4300 occasionis
2161 4240 2373 4297 Veteris
2422 4248 2477 4295 et
2498 4238 2642 4293 Novi
2674 4237 3010 4293 Testamenti
3061 4237 3427 4294 hortamenta.

1846 4332 2319 4389 etcvidentissima
2369 4345 2480 4401 pra:
2508 4328 2680 4385 oculis
2733 4330 3082 4391 documenta,
3128 4341 3248 4394 quae
3274 4323 3433 4379 vobis

1845 4426 1970 4496 quia
2000 4424 2134 4480 satis
2168 4423 2352 4495 agnita
2394 4436 2514 4478 esse
2554 4435 2660 4476 non
2696 4418 3044 4487 ambigimus,
3072 4414 3431 4488 opportunius

1846 4532 1910 4571 ea
1932 4515 2291 4587 praeterimus.
2336 4515 2450 4570 Hac
2486 4513 2648 4584 igitur
2697 4510 3010 4568 felicissima
3044 4508 3433 4565 eonSuetudine

1772 4576 1823 4639 ί)
1847 4617 1901 4663 et
1928 4576 2279 4662 saluberrima
2317 4576 2561 4663 doctrina
2606 4601 2972 4658 commonitus
3015 4599 3234 4671 quidam
3271 4598 3438 4654 frater

1850 4699 2003 4754 nobis
2025 4696 2359 4764 carissimus,
2391 4703 2447 4752 et
2475 4692 2687 4750 cunctis
2729 4688 3191 4751 benevolentibus,
3222 4687 3441 4744 nomine

1850 4787 2057 4860 Hegilo,
2088 4786 2212 4858 quia
2242 4787 2582 4844 dimcesanus
2612 4792 2800 4837 noster
2826 4791 2963 4846 crat,
2998 4780 3052 4835 in
3075 4786 3261 4833 nostra
3291 4777 3442 4832 vide-

1848 4881 1974 4937 licet
2009 4877 2228 4934 ditecesi
2258 4876 2498 4935 nutritus
2544 4882 2600 4925 et
2634 4880 2847 4937 tonsus,
2896 4882 3163 4937 sacroque
3192 4869 3447 4940 dogmate

1848 4977 2157 5027 sanctarum
2186 4964 2595 5043 Scripturarum
2632 4960 2949 5032 plenissime
2975 4956 3242 5022 eruditus,
3274 4967 3331 5014 et
3355 4957 3453 5011 lio-

1852 5060 2162 5122 nestissime
2229 5044 2627 5123 conversatus,
2682 5051 2941 5124 atquein
2988 5044 3233 5104 Ecclesia
3307 5046 3459 5105 nobis

1866 5152 2143 5218 :ommissa
2174 5148 2242 5205 ad
2273 5136 2578 5219 sacerdOt't't
2608 5130 2927 5216 dignitatem
2959 5138 3140 5196 fuerat
3157 5148 3471 5206 promotus.

1854 5244 2127 5306 licentiam
2156 5257 2187 5297 a
2215 5247 2402 5316 nobis
2453 5234 2630 5317 petiit,
2664 5245 2727 5291 ut
2769 5254 2923 5297 more
2958 5222 3221 5317 canonico
3258 5226 3481 5317 absolu-

2521 5325 2687 5396 argita
2734 5329 2839 5389 sibi
2876 5314 3277 5389 [ιθιιθάἱοῑίοηθ.
3324 5316 3493 5378 tutius

2444 5450 2455 5454 s
2495 5441 2510 5446 σ
2530 5425 2798 5454 ἎἈΛῺΛΜΙΜ
2821 5426 3040 5458 υἶοῖοηουι

3086 5414 3139 5442 Α.
3163 5405 3229 5440 συὶ
3246 5418 3493 5450 παρη-ιν*
