4006 5496
576 430 710 493 1591

1354 439 1642 497 APPEND.
1684 442 1775 497 AD
1817 441 1993 501 SE6.
2032 441 2122 498 IX.
2152 472 2220 485 —--
2246 443 2618 504 AUCTORES
2652 447 2985 507 ANONYMI.

3711 448 3836 505 ι-εεθ

574 554 755 634 vimus
784 554 1174 612 consentiendo
1186 556 1328 627 quod
1349 557 1643 614 secundum
1660 557 1829 615 Deum
1846 557 2158 614 desiderare
2184 559 2232 619 Α
2260 560 2405 616 circa
2431 577 2648 633 gregem
2676 562 2857 619 divina
2883 571 3082 618 nostrae
3101 561 3484 634 sollicitudinis
3510 560 3834 632 providentia

575 630 876 723 videbatur.
951 645 1213 714 Quocirca
1286 648 1601 720 suppliciter
1664 649 2039 721 deprecamur,
2100 658 2157 704 et

572 733 769 819 obniie
795 724 1135 807 deposcimus
1179 739 1568 795 humanitatem
1616 750 1876 808 vestram,
1903 748 1964 796 ut
1988 741 2155 797 hono-

571 829 814 887 rabiliter
858 839 1195 902 susceptum,
1245 831 1389 888 sicut
1427 832 1518 888 Dei
1559 832 1836 904 templum,
1864 841 1919 889 et
1946 832 2155 888 habita-

569 909 750 979 culum
821 922 1058 996 Spiritus
1112 925 1308 991 sancti,
1357 925 1522 982 veluti
1568 928 1902 984 mansionem
1954 935 2155 984 sancire

570 1014 874 1082 Trinitatis,
891 1016 1343 1087 quemadmodum
1366 1017 1820 1090 pretiosissimum
1852 1016 2153 1075 membrum

567 1104 789 1170 Christi,
824 1107 982 1164 sicuti
1026 1116 1242 1164 auctum
1288 1108 1428 1165 dono
1466 1118 1520 1164 et
1543 1108 1792 1181 largitate
1823 1108 2154 1182 septiformis

567 1197 756 1267 gratiae
780 1198 898 1266 Dei,
945 1198 1266 1271 quocunque
1297 1201 1625 1272 pervenerit,
1657 1202 1770 1257 sive
1797 1201 2030 1266 modico,
2056 1217 2150 1258 seu

583 1290 784 1361 argiori
815 1291 990 1363 spatio
1019 1291 1160 1363 apud
1198 1307 1294 1349 vos
1315 1302 1666 1372 moraturus,
1702 1294 1928 1366 benigne
1957 1302 2150 1351 tracte-

476 1460 479 1461 ν
520 1456 527 1459 Ἰ
567 1379 660 1445 tis,
693 1380 929 1438 humane
963 1382 1269 1440 exhibeatis
1305 1397 1322 1438 :
1367 1394 1427 1440 ut
1464 1385 1738 1441 Christum
1778 1385 1830 1440 in
1871 1400 1937 1442 eo
1979 1385 2151 1441 susci-

562 1471 794 1542 pientes,
836 1483 997 1544 prout
1030 1490 1301 1547 rogamus,
1355 1475 1606 1545 ﬁdeliter,
1651 1493 1750 1549 pro
1773 1477 1864 1534 illo
1895 1477 2149 1535 meritum

562 1561 945 1621 muniﬁcentiae
975 1574 1167 1622 vestrae
1209 1568 1505 1639 acquiratis
1537 1568 1884 1624 reternaliter.
1909 1568 2150 1640 Denique

563 1666 688 1708 cum
731 1662 955 1724 propter
1006 1657 1412 1713 memorabilem
1474 1648 1922 1729 justiﬁcationum
1982 1659 2150 1731 ipsius

560 1745 978 1829 prtemgativam
1021 1747 1121 1803 has
1154 1747 1308 1804 vobis
1336 1750 1592 1822 pacilicas
1633 1740 1842 1807 litteras
1872 1751 2149 1823 porrigere

562 1828 1000 1906 decerneremus,
1031 1857 1209 1921 operte
1230 1830 1462 1914 pretium
1506 1843 1620 1900 fore
1660 1828 1905 1901 arbitrati
1935 1860 2145 1912 sumus,

2259 653 2604 709 commissum
2647 654 2787 709 intra
2822 653 3028 724 proprii
3053 652 3209 710 ovilis
3247 660 3400 724 septa
3436 651 3732 725 pastoralis
3755 669 3839 709 ne-

2258 743 2376 815 quit
2413 759 2600 815 regere
2634 744 2934 817 vigilantia.
2980 744 3024 800 E
3061 744 3258 815 quibus
3294 757 3537 815 praesens
3562 742 3837 827 sacerdos.

2212 860 2221 865 ·
2260 834 2419 892 Ursio
2460 835 2723 892 vocabulo
2750 876 2764 901 ,
2813 852 2844 891 a
2890 835 3065 893 beata:
3104 835 3500 895 recordationis
3546 822 3836 905 ι)ηάθώ

2256 939 2381 981 sore
2425 933 2610 981 nostro
2650 923 2990 990 Teuderico,
3056 925 3196 997 apud
3256 934 3488 981 matrem
3547 923 3840 980 Ecclesiam

2255 1028 2496 1076 nostram
2528 1032 2627 1088 per
2653 1032 2843 1075 omnes
2866 1019 3066 1090 gradus
3093 1017 3353 1074 canonice
3388 1026 3700 1088 promotus,
3728 1016 3841 1071 reli-

2254 1110 2510 1181 gioseque
2554 1109 2681 1164 dum
2724 1109 2879 1166 licuit
2918 1118 3288 1175 conversatus,
3329 1108 3653 1188 suppliciter
3693 1105 3844 1163 eilia-

2253 1201 2444 1273 gitavit
2486 1200 2718 1267 litteras,
2763 1199 3075 1256 Graecorum
3119 1199 3403 1255 elementis
3449 1196 3841 1271 impraevarirao

2255 1293 2452 1350 bilibus
2473 1285 2797 1351 sanctissimi
2819 1292 3021 1349 Nicani
3046 1293 3259 1350 concilii
3282 1291 3523 1350 decretis
3542 1292 3840 1363 roboratas;

2254 1393 2442 1441 nostra
2503 1382 2760 1454 pastorali
2808 1383 3142 1455 indulgentia
3200 1384 3304 1439 sibi
3370 1382 3560 1454 largiri
3588 1425 3604 1447 ,
3657 1382 3843 1453 quibus

2252 1473 2495 1545 munitus
2538 1472 2762 1537 dimitti,
2788 1480 2844 1527 et
2872 1470 3195 1544 quocunque
3232 1472 3338 1528 sibi
3383 1480 3573 1541 aptum
3619 1470 3841 1541 reperis-

2251 1571 2337 1621 set
2376 1562 2576 1628 locum,
2620 1570 2804 1634 posset
2846 1561 3105 1617 canonice
3144 1560 3338 1632 recipi,
3384 1575 3448 1616 ac
3484 1558 3843 1614 ministerium

2249 1654 2510 1712 divinitus
2532 1653 2633 1712 sibi
2660 1667 2975 1711 concessum
3001 1667 3277 1725 peragere.
3324 1649 3436 1706 Nos
3459 1651 3629 1722 igitur
3658 1649 3844 1720 hujus-

2252 1743 2398 1800 modi
2439 1736 2753 1815 petitionem
2797 1742 3185 1812 suscipientes,
3233 1750 3437 1797 nostra:
3479 1737 3649 1794 etiam
3689 1738 3841 1808 atque

2252 1835 2422 1908 ipsius
2447 1835 2678 1891 miseria:
2702 1834 3071 1899 condolentes,
3113 1833 3370 1903 omnique
3410 1829 3844 1912 carentem'dolo

561 1938 625 1986 ut
649 1928 839 1987 Gmca
872 1920 1088 2005 quoque
1113 1933 1378 1992 elementa
1424 1950 1490 1991 ex
1519 1937 1738 2007 nomine
1783 1936 1961 1993 Patris
1993 1948 2054 2003 Π,
2090 1946 2145 1994 et
2246 1937 2654 2002 cognoscentes,
2684 1926 2969 2001 migrandi
2997 1925 3307 1982 facultatem
3352 1923 3743 1981 liberalissime
3771 1922 3848 1976 itt-

560 2020 682 2077 Filii
713 2030 771 2085 Υ,
796 2031 851 2079 et
890 2020 1125 2095 Spiritus
1169 2027 1341 2083 sancti
1378 2044 1430 2093 Α,
1458 2028 1688 2097 primani
1739 2043 1953 2099 quoque
2004 2028 2147 2084 litte-

563 2124 682 2165 ram
711 2127 778 2167 ex
812 2113 1029 2169 nomine
1058 2114 1202 2171 beati
1260 2115 1407 2172 Petri
1438 2116 1669 2188 apostoli
1699 2128 1779 2182 ιι,
1826 2127 1881 2174 et
1920 2132 2064 2175 una
2090 2118 2142 2174 iu

569 2198 677 2255 ﬁne
706 2200 1095 2270 iusereremus,
1140 2202 1261 2260 cum
1302 2205 1498 2263 litteris
1532 2208 1702 2264 nihilo
1728 2204 1903 2266 minus
1940 2210 2145 2267 Graecis

557 2303 829 2346 summam
880 2291 1092 2360 illarum
1134 2292 1628 2356 demonstrantibus
1662 2307 1792 2367 eas,
1829 2309 1890 2356 ut
1912 2317 2010 2372 per
2041 2302 2144 2359 hoc

557 2378 712 2435 vobis
753 2381 1056 2440 evidentius
1115 2383 1321 2442 luceret
1362 2387 1772 2445 honoriﬁcentia
1823 2391 1938 2463 ejus
1982 2407 2141 2464 quem

557 2472 874 2543 exoramus,
917 2477 1156 2547 praeﬁxis
1199 2480 1446 2552 apicibus
1489 2491 1690 2540 sancta:
1735 2483 2037 2551 Trinitatis,
2087 2494 2146 2541 ut

557 2574 907 2621 sacrosancta
960 2565 1201 2625 Trinitas
1258 2569 1407 2626 illum
1441 2562 1640 2643 ubique
1674 2583 1985 2643 conservet,
2018 2592 2139 2630 mu-

550 2654 691 2723 niat,
726 2665 889 2727 atque
923 2657 1200 2727 defendat,
1249 2660 1615 2720 intercedente
1642 2665 1799 2721 beato
1826 2664 1988 2723 Petro
2013 2681 2140 2738 apo-

557 2747 716 2805 stolo.
756 2765 901 2806 una
933 2767 1064 2809 vero
1109 2754 1163 2809 in
1205 2764 1451 2815 extremo
1499 2774 1769 2832 apponere
1810 2762 2138 2830 studuimus,

552 2847 804 2909 optantes
825 2849 884 2897 ut
908 2842 1015 2898 iter
1038 2843 1184 2901 illius
1226 2845 1521 2905 salubriter
1547 2850 1831 2923 dirigatur,
1860 2854 2033 2911 oculis
2055 2855 2135 2911 di-

551 2928 693 2986 vinae
746 2930 1046 3002 maiestatis
1094 2935 1360 2994 eﬂiciatur
1404 2944 1760 3013 acceptabile,
1812 2948 2139 3018 receptabilc

550 3026 774 3090 sanctis,
806 3035 861 3081 et
898 3029 1248 3086 memorabile
1296 3031 1347 3087 in
1390 3040 1674 3103 aeternum,
1707 3052 1805 3108 per
1851 3038 2137 3096 Dominum

554 3128 799 3176 nostrum
824 3120 1010 3178 Jesum
1031 3123 1326 3182 Christum.
1372 3126 1486 3184 llac
1536 3130 1748 3186 ratione
1778 3130 1833 3187 in
1880 3133 1981 3190 hac
2018 3135 2136 3204 epi-

549 3210 687 3266 stola
715 3211 903 3270 Grzeca
939 3214 1203 3272 elementa
1229 3219 1530 3289 posuimus,
1572 3232 1778 3278 nonut
1815 3224 2132 3281 canonicam

549 3302 837 3361 formatam
859 3303 1240 3377 l'ormaremus,
1267 3311 1361 3367 sed
1403 3319 1463 3366 ut
1491 3312 1665 3368 eidem
1692 3314 1857 3371 etiam
1886 3315 2134 3374 intimato

550 3391 794 3465 llegiloni
823 3412 1081 3469 prospera
1119 3414 1218 3472 per
1260 3400 1526 3479 elementa
1557 3404 1725 3460 indita
1762 3420 2130 3477 precaremur.

548 3481 754 3541 Valete.
779 3487 1013 3545 Dextera
1040 3489 1138 3546 Dei
1164 3490 1366 3559 Patris,
1400 3507 1498 3563 per
1517 3509 1679 3566 quem
1708 3495 1847 3552 facta
1878 3505 2004 3553 sunt
2034 3513 2133 3554 sae.

548 3573 692 3642 cuia,
727 3576 1038 3651 religionem
1071 3589 1308 3638 vestram
1341 3592 1578 3653 tueatur,
1617 3593 1674 3642 et
1691 3586 1887 3643 bonam
1914 3586 2134 3659 impleat

548 3669 879 3728 voluntatem
895 3673 1052 3745 juxta
1082 3675 1407 3733 desiderium
1433 3686 1699 3747 vestrum,
1727 3694 1919 3736 omnes
1946 3679 2132 3738 ﬁdeles

543 3768 601 3815 et
642 3763 825 3819 cuncti
871 3764 1169 3823 beatissimi
1222 3766 1439 3835 fratres,
1479 3786 1603 3827 cum
1655 3785 1784 3844 rege
1831 3771 2049 3839 Carolo,
2098 3790 2127 3829 a

546 3844 693 3919 Rege
719 3853 960 3908 omnium
985 3870 1169 3927 regum
1187 3871 1286 3929 pro
1308 3860 1483 3932 magis
1504 3860 1714 3918 meritis
1738 3862 1789 3918 in
1810 3872 2126 3936 perpetuum

543 3944 861 4000 coronandi.
896 3945 1065 4001 Amen
1084 3988 1085 3991 η

613 4076 978 4162 (Theutgaudi
1016 4081 1399 4162 episcopatus
1445 4084 1622 4162 Caroli
1683 4086 1831 4143 Calvi
1879 4091 2128 4162 congruit

539 4150 1031 4234 temporibusted
1064 4150 1299 4234 findic'tio
1346 4154 1435 4211 hic
1471 4156 1615 4234 nulla
1654 4168 1738 4214 est
1784 4174 1852 4234 ert
1901 4150 2014 4232 qua
2059 4162 2126 4219 de

538 4233 683 4275 anno
730 4220 1207 4303 Christistatuere
1262 4225 1444 4283 liceat.
1494 4228 1585 4303 _De
1633 4230 1872 4303 numeris
1917 4220 2125 4299 autem,

536 4305 660 4376 cum
704 4291 797 4345 alii
825 4293 969 4376 .sint-
995 4310 1311 4376 communes
1358 4298 1731 4376 omnium,__ut
1774 4301 1974 4376 dictum
2016 4291 2121 4370 est,

538 4359 627 4414 alii
658 4363 859 4440 proprii
885 4365 1146 4437 cujusque
1173 4365 1440 4435 formatae,
1472 4359 1705 4440 propriis
1732 4372 1949 4428 omissis
1973 4359 2123 4429 com-'-

539 4432 1391 4527 lmtinittrnntant'unt'Summam,
1415 4432 1607 4527 .néque
1647 4439 1794 4495 illam
1831 4442 2120 4527 integram,

532 4499 742 4584 Graecis
760 4502 956 4561 litteris
966 4507 1236 4584 expressit
1249 4499 1429 4566 oza'id
1447 4499 1533 4565 est
1544 4520 1666 4584 oux:
1684 4527 1698 4577 ;
1721 4527 1843 4566 nam
1864 4499 2122 4584 adjicienl

533 4571 605 4652 da
624 4584 782 4629 erant
802 4591 947 4640 xcu,
980 4571 1101 4647 qua:
1149 4578 1202 4632 in
1262 4595 1405 4635 una
1453 4571 1817 4647 continentur,
1854 4571 2120 4640 ut'ﬁeret

534 4651 744 4715 integra
776 4661 985 4702 summa
1018 4664 1172 4703 uccx.

1282 4741 1369 4797 IV.

516 4848 586 4906 lo
600 4852 757 4906 annis
793 4854 1019 4932 episcopi
1056 4854 1454 4932 Camargcensis
1495 4859 1714 4932 epistula
1750 4862 2011 4932 generalis
2050 4859 2120 4919 ad

602 4938 793 5005 euntes.
804 4924 1090 5005 episcopos,
1115 4942 1211 5005 pro
1233 4925 1459 5005 Ursione
1482 4924 1802 5005 presbytero,
1829 4944 1885 4988 ut
1914 4936 1970 4991 in
1993 4952 2120 5005 qua-

602 4984 725 5046 libet
754 4984 1243 5066 illorum'paro'chia
1273 4999 1431 5068 recipi
1456 4984 1641 5068 possit:

601 5106 659 5163 in
709 5110 926 5167 nomine
972 5122 1031 5177 t1,
1057 5122 1116 5177 Υ,
1142 5128 1196 5178 Α,
1222 5123 1283 5177 II,
1310 5123 1351 5178 t,
1375 5098 1512 5180 11,2,
1540 5131 1592 5181 Α,
1642 5115 1933 5173 indictione
1981 5135 2079 5175 xm

529 5212 721 5262 mnu.
762 5205 1024 5264 Omnibus
1055 5220 1261 5266 sanctae
1287 5211 1479 5268 matris
1503 5211 1759 5268 Ecclesize
1786 5212 2105 5282 pastoribus,

1681 5328 1684 5335 ι
1716 5324 1899 5338 ιιι-*συν-
1923 5324 2116 5352 αρν-θη-

2247 2020 2531 2088 dulsimus,
2560 2019 2910 2077 eminentiam
2948 2030 3204 2083 veStram,
3237 2017 3303 2074 ad
3335 2032 3478 2088 quos
3514 2014 3850 2099 pervenerit,

2246 2113 2448 2172 obnixe
2490 2106 2866 2187 exposcentes,
2914 2121 2972 2168 ut
3017 2112 3070 2168 in
3117 2118 3470 2167 sacrosancto
3518 2116 3720 2164 vestrm
3757 2122 3847 2177 pa-

2249 2206 2520 2263 ternitatis
2563 2198 2772 2278 gremio
2811 2219 2934 2262 eum
2980 2202 3373 2275 suscipientes,
3421 2199 3721 2276 ministerii
3766 2198 3847 2254 sui

2243 2295 2480 2354 ollicium
2530 2296 2672 2353 intra
2716 2304 2952 2355 vestram
2993 2292 3254 2350 dimcesin
3299 2290 3589 2348 celebrare
3634 2289 3842 2346 sinatis.

2247 2389 2319 2448 Ut
2356 2405 2487 2447 vero
2530 2390 2587 2447 hi
2629 2398 2828 2447 nostra!
2866 2387 3148 2461 parvitatis
3186 2386 3368 2457 apices
3394 2384 3587 2440 verius
3621 2383 3846 2439 eratan-

2244 2489 2356 2547 tur,
2400 2479 2713 2538 Grrecorum
2755 2494 3042 2534 numerum
3086 2477 3199 2534 suis
3237 2472 3726 2547 supputationibus
3766 2472 3844 2525 in-

2244 2571 2551 2630 servimus:
2596 2569 2775 2627 Patris
2815 2569 3065 2625 videlicet
3098 2568 3328 2639 primani
3369 2578 3429 2630 ιι.
3467 2566 3594 2621 Filii
3628 2579 3846 2636 quoque

2241 2660 2472 2733 primam
2500 2658 2569 2727 τί
2607 2666 2661 2716 et
2698 2658 2870 2714 sancti
2913 2656 3149 2729 Spiritus
3193 2674 3263 2722 Α;
3312 2655 3460 2711 Petri
3503 2656 3675 2711 etiam
3717 2669 3847 2725 apo-

2182 2754 2187 2759 “
2243 2757 2505 2816 stolorum
2567 2755 2829 2828 principis
2883 2754 3111 2826 primam
3156 2762 3233 2818 ιι.
3302 2750 3479 2807 nostri
3537 2750 3843 2822 quinetiam

2242 2850 2477 2906 nominis
2510 2849 2741 2921 primam
2776 2858 2823 2912 ι,
2866 2847 3120 2917 quoniam
3158 2846 3477 2921 ignoramus
3514 2844 3677 2913 cujus
3713 2857 3842 2912 pon-

2230 2928 2404 2997 tiﬁcis
2443 2939 2703 2995 diteccsin
2744 2937 3063 2994 nominatim
3108 2937 3257 2991 adire
3298 2935 3537 2996 debeat,
3589 2948 3695 3004 pro
3723 2946 3841 3003 spe-

2240 3028 2365 3087 ciali
2400 3014 2584 3085 littera
2621 3028 2854 3084 nominis
2886 3025 3146 3097 episcopi,
3170 3040 3293 3096 qua:
3327 3024 3432 3079 hoc
3463 3022 3591 3079 loco
3622 3021 3842 3077 deberet

2237 3136 2360 3179 esse
2401 3121 2658 3182 secunda,
2703 3117 2967 3189 generalis
3014 3117 3209 3172 ibidem
3257 3116 3497 3171 nominis
3535 3114 3839 3169 secundam

2237 3212 2508 3285 ponimus,
2550 3226 2672 3283 qua:
2714 3218 2798 3266 est
2835 3221 2896 3275 tl,
2940 3224 3062 3280 qua:
3100 3206 3354 3263 similiter
3389 3204 3667 3277 signiﬁcat
3693 3212 3840 3285 octo—

2237 3284 2404 3378 ginta.
2472 3304 2635 3361 lstius
2687 3298 2911 3371 insuper
2963 3298 3146 3355 fratris
3198 3298 3415 3353 tertiam
3459 3308 3533 3361 Σ,
3585 3284 3837 3365 quartam

2236 3395 2592 3452 nihilominus
2636 3393 2787 3451 urbis
2828 3400 3027 3448 nostrae
3065 3386 3303 3447 litteram
3333 3409 3388 3456 Α,
3421 3403 3552 3444 cum
3586 3386 3842 3445 indictio-

2232 3501 2303 3543 ne
2360 3484 2613 3542 instantis
2685 3481 2812 3539 anni
2858 3480 2974 3537 χιιι
3025 3479 3411 3537 subnectentes
3468 3485 3656 3535 autin.
3712 3476 3839 3531 Ideo

2231 3595 2362 3637 vero
2399 3579 2517 3635 haec
2555 3579 2750 3634 innexa
2790 3584 2937 3641 sunt,
2972 3591 3040 3630 ne
3074 3573 3212 3629 forte
3251 3570 3615 3628 beatitudinis
3642 3578 3838 3625 vestra:

2231 3685 2364 3741 pura
2406 3684 2527 3740 qua:
2566 3670 2649 3724 est
2689 3666 2742 3722 in
2785 3663 3004 3722 Christo
3041 3662 3362 3733 simplicitas
3403 3660 3595 3732 aliquo
3630 3659 3836 3716 fraudis

2230 3759 2576 3819 obnubiletur
2615 3768 2837 3815 accesSu
2880 3772 2895 3813 :
2960 3765 3015 3812 et
3054 3764 3114 3812 ut
3160 3754 3407 3828 profecto
3449 3754 3647 3810 sciatis
3687 3754 3836 3808 hunc

2228 3854 2454 3911 fratrem
2501 3868 2677 3925 neque
2714 3850 2840 3923 fuga
2882 3851 3117 3922 lapsum,
3159 3865 3260 3907 nec
3302 3848 3544 3918 alicujus
3585 3847 3837 3904 criminis

2229 3963 2381 4005 amvo
2409 3946 2706 4014 luscatum,
2731 3946 2828 4003 sed
2852 3945 3088 4001 instante
3113 3942 3586 4001 Nortmannorum
3616 3941 3836 4013 feritate

2228 4038 2499 4106 nolentem
2521 4030 2858 4111 propulsum.
2890 4035 3079 4092 Valeat
3097 4034 3361 4092 sanctitas
3381 4043 3568 4090 vestra
3591 4046 3836 4104 superno

2226 4132 2557 4204 propitiante
2577 4130 2781 4187 Christi
2808 4129 3095 4185 clementia
3120 4128 3329 4185 munita
3356 4127 3638 4198 praesidio.
3670 4125 3833 4182 Sum-

2227 4239 2314 4280 ma
2342 4238 2691 4281 numerorum
2719 4222 2962 4294 epistola}
2987 4236 3298 4279 necccuxrv.

2296 4338 2671 4410 (lndictiorxm
2703 4345 2758 4393 et
2782 4336 3126 4410 episcopatus
3150 4324 3376 4391 Joannis
3402 4330 3836 4410 Camaraeensp

2224 4400 2429 4481 annum
2442 4409 2742 4481 designant
2768 4400 2893 4481 865.
2951 4400 3174 4464 Summa
3206 4419 3560 4481 numerorum
3603 4406 3669 4459 ad
3710 4400 3829 4458 cal-

2223 4475 2607 4555 cem‘adjecta',
2638 4488 2692 4535 et
2723 4476 2881 4533 initio
2909 4476 3264 4555 quoquesuis
3292 4475 3495 4531 litteris
3520 4489 3795 4555 ειμι-ξφ
3812 4512 3829 4536 ,

2223 4547 2488 4605 conﬂatur
2523 4564 2592 4605 ex
2627 4563 2853 4604 numero
2880 4547 3152 4603 communi
3191 4561 3329 4602 nou
3381 4554 3438 4600 et
3484 4560 3550 4599 ex
3600 4547 3832 4616 proprio

2142 4645 2196 4703 Β
2224 4618 2651 4703 hnjnsformatte
2673 4621 2843 4703 sectr,
2879 4619 2968 4687 qui
2996 4617 3283 4703 conﬁcitur
3302 4632 3371 4671 ex
3395 4614 3830 4672 litteris’Griacis

2226 4701 2268 4758 ι,
2292 4701 2354 4757 ιι,
2384 4699 2438 4754 Σ,
2468 4705 2522 4756 Α,
2552 4699 2609 4746 et
2636 4690 2928 4746 indictione
2956 4690 3101 4759 xm.)

2988 4799 3047 4856 V.

2226 4916 2439 4973 [λαιαάὶ
2470 4915 2697 4984 ρρὶεσορί
2731 4911 3024 4969 Vincieu’sia
3061 4909 3488 4984 αάὶγςιιὶιοιιᾳιιι
3524 4908 3827 4963 Rationu—

2294 5002 2507 5063 gensent
2528 4980 3108 5063 _archi_episcopt_mt_,nt.ie
3133 4980 3355 5063 Wqudo
3384 4981 3631 5063 diacono,

2294 5052 2421 5112 blim
2440 5057 2539 5110 sibi
2583 5052 2835 5110 traditum
2861 5052 2927 5109 ub
2960 5052 3173 5108 Ebbone
3217 5052 3515 5115 lemensi,
3552 5066 3692 5104 nunc

2291 5128 2546 5182 concedit.
3770 5160 3775 5161 ν

2294 5229 2417 5277 11.Σ.
2441 5234 2492 5273 Α.
2532 5214 2992 5273 Reverentissimo
3034 5224 3090 5270 et
3123 5202 3476 5271 sanctissimo
3510 5200 3649 5284 patri
3683 5210 3825 5267 We-

2221 5306 2384 5366 nilnni
2435 5309 2858 5368 Rothomaaensi
2918 5307 3332 5368 archiepiscom
3371 5306 3631 5362 Liutadus
3671 5305 3821 5362 Vin-
