4006 5396
191 366 214 420 l
223 365 327 424 595

1424 382 1782 445 EPISTULA:
1821 389 2202 484 sonitum.

3317 403 3454 470 4591

185 479 506 535 memoriam
536 493 715 536 coram
763 493 952 543 sancto
1016 489 1174 548 altari
1215 493 1418 556 habere
1455 497 1771 568 dignemini,
1802 512 1849 570 Α
1880 511 2104 568 ternitas
2152 514 2459 586 acolythum
2500 519 2790 578 ordinavit.
2832 519 3142 593 Propterea,
3198 526 3454 595 qhoniam

181 577 487 641 vestrasque
533 588 619 628 me
657 580 1037 638 commendare
1079 583 1354 653 Ecclesia,
1387 591 1641 659 quoniam
1679 609 1777 650 ve-

182 662 355 719 stra’m
402 665 724 722 charitatem
765 668 878 739 jam
931 672 984 728 in
1015 679 1222 746 gremio
1270 679 1526 738 Ecclesiae
1576 695 1776 741 nostra:

182 753 510 824 recepimus,
540 765 596 812 et
633 773 733 829 pro
761 761 914 818 vobis
959 766 1288 836 quotidianis
1312 764 1578 841 precibus
1607 762 1774 830 Deum

182 859 494 923 exoramus.
563 848 826 907 Caeterum
907 859 1206 928 comperiat
1273 866 1532 922 sanctitas
1597 876 1771 922 vestra

180 921 468 1002 quemdam
526 935 746 995 fratrem
817 921 1102 1016 nostrum,
1165 959 1220 1005 et
1288 951 1456 1008 ﬁlium
1516 955 1773 1012 Ecclesiae

179 1034 406 1095 nostrze,
442 1031 660 1087 nomine
697 1027 999 1104 Wlfadum,
1027 1041 1416 1100 subdiaconum
1443 1061 1530 1102 me
1553 1057 1772 1118 petente

175 1119 438 1174 traditum
475 1122 602 1176 mihi
641 1139 738 1194 per
790 1127 1022 1197 litteras,
1059 1147 1194 1203 quas
1235 1135 1600 1194 ecclesiastica
1642 1154 1806 1195 conn

179 1210 410 1266 suetudo
466 1212 726 1272 formatas
789 1221 1056 1290 appellat,
1120 1239 1149 1280 a
1209 1228 1502 1286 venerabili
1548 1231 1770 1292 Ebbone

173 1303 446 1368 quondam
491 1303 783 1364 Rhemensi
829 1313 1254 1387 archiepiscopo.
1306 1319 1373 1374 Et
1407 1322 1533 1391 quia
1562 1323 1768 1395 impen-

173 1389 427 1448 dentibus
459 1395 784 1465 quibusdam
807 1402 1011 1470 causis,
1039 1416 1330 1477 postquam
1361 1389 1494 1466 mihi
1537 1389 1767 1474 traditus

172 1476 315 1549 erat,
344 1477 408 1539 in
460 1489 674 1558 propria
723 1495 986 1550 remansit
1017 1476 1282 1567 Ecclesia,
1325 1517 1411 1558 me
1446 1516 1766 1576 suggerente

168 1573 438 1630 ordinavit
461 1593 583 1632 eum
618 1580 759 1635 idem
788 1583 936 1640 Ebbo
965 1586 1018 1642 in
1042 1591 1209 1660 gradu
1239 1573 1575 1664 diaconatus.
1608 1573 1768 1665 Nunc

167 1673 376 1734 autem,
428 1671 552 1739 quia
583 1673 734 1729 scitis
773 1690 895 1730 cum
940 1691 1163 1750 propter
1192 1699 1386 1743 causas
1425 1693 1762 1749 necessarias

165 1755 220 1810 in
251 1759 498 1828 partibus
529 1763 725 1820 vestris
763 1769 994 1851 morari,
1014 1763 1154 1827 sicut
1182 1775 1313 1830 mihi
1352 1782 1760 1838 commendatus

1879 602 1996 658 sine
2023 616 2198 662 vestra
2231 607 2444 665 licentia
2471 623 2596 668 eum
2623 614 2875 670 nolumus
2913 616 2967 669 in
3000 625 3187 672 nostra
3225 617 3456 685 ecclesia

1879 693 2092 752 diutino
2125 707 2366 770 tempore
2393 701 2688 768 immorari,
2716 704 2948 773 petimus
2987 705 3331 763 dilectionem
3361 723 3454 763 ve-

1875 797 2068 855 stram,
2107 801 2168 846 ut
2196 791 2262 846 de
2307 791 2397 849 illo
2440 794 2596 850 nobis
2643 796 2854 853 litteras
2897 799 3187 855 canonicas
3219 799 3454 865 faciatis,

1874 887 2143 948 quatenus
2173 894 2295 935 eum
2337 883 2390 937 in
2441 884 2682 943 Ecclesia
2713 892 2898 945 nostra
2927 891 3198 960 pessimus
3246 888 3458 966 regula-

1873 967 2006 1023 riter
2041 969 2312 1028 ordinarc.
2838 987 2842 992 ‘

1945 1058 2275 1119 llincmarus
2317 1066 2538 1123 nomine
2583 1085 2688 1124 non
2737 1070 2934 1127 merito
2975 1070 3306 1129 Rhemorum
3342 1075 3456 1146 epi-

1871 1163 2088 1219 scopus,
2119 1166 2182 1208 ac
2211 1146 2396 1224 plebis.
2416 1156 2508 1210 Dei
2543 1153 2782 1217 famulus.
2803 1161 3000 1218 dilecto
3029 1163 3184 1220 fratri
3214 1174 3270 1220 et
3297 1180 3456 1224 vene-

1871 1239 2026 1295 rabili
2051 1243 2302 1316 episcopo
2325 1246 2510 1303 Enen:
2531 1250 2780 1308 salutem.

1939 1330 2211 1390 Canonica
2248 1347 2411 1408 atque
2453 1340 2825 1400 ecclesiastica
2859 1347 3033 1402 sancit
3070 1350 3367 1406 auctoritas
3394 1360 3454 1406 ut

1867 1437 2028 1485 nemo
2057 1426 2432 1498 episcoporum
2458 1429 2681 1508 alterius
2703 1433 2958 1491 Ecclesiae
2981 1437 3312 1504 ordinatum,
3332 1441 3451 1496 sine

1865 1529 2170 1584 consensu,
2219 1519 2316 1576 vel.
2369 1519 2565 1578 litteris
2622 1523 2946 1582 dimissoriis
2996 1527 3139 1584 illius
3188 1528 3447 1600 episcopi,

1865 1606 2020 1678 cujus
2045 1609 2327 1668 ordinatus
2355 1612 2553 1681 fuerat,
2584 1615 2638 1671 in
2663 1618 2878 1688 propria
2913 1620 3168 1689 parochia
3213 1622 3449 1678 retinere

1866 1709 1962 1757 aut
1989 1703 2243 1760 ordinare
2264 1715 2578 1775 praesumat.
2618 1707 2770 1765 Hanc
2793 1710 3023 1782 denique
3055 1713 3445 1769 institutionem

1863 1804 2178 1850 sanctorum
2222 1781 2457 1852 'Patrum
2517 1798 2826 1868 plenissime
2875 1802 3192 1870 retinentes,
3244 1805 3447 1874 rogasti

2408 1851 2415 1852 ,
2517 1851 2823 1868 ,Ἰὼ-ω---
2875 1851 3192 1870 _--_-------_,
3244 1851 3446 1874 ην---

163 1858 307 1916 erat,
359 1851 513 1907 vobis
560 1869 685 1909 eum
731 1860 1032 1930 committo,
1079 1873 1378 1937 vestrmque
1423 1873 1680 1927 custodiae
1705 1883 1760 1929 et
1790 1861 1837 1924 B
1861 1886 2018 1942 nobis
2063 1888 2349 1958 quemdam
2383 1890 2626 1947 ecclesia
2664 1901 2864 1948 nostra,
2899 1892 3088 1961 mium,
3126 1903 3181 1970 ει
3213 1910 3242 1949 a
3288 1894 3446 1950 nobis

163 1939 516 1970 ηιιηινῖ.1υ..ι2..η
567 1944 733 1970 1..1-.....
825 1958 856 1970 -.
912 1961 967 1970 --.
1024 1969 1032 1970 ,
1067 1953 1086 1970 ι
1228 1957 1240 1968 .
1523 1964 1534 1970 -

160 1939 517 2008 providentia:
551 1944 758 2015 delego,
807 1958 893 2031 et_
911 1961 970 2006 ut
1015 1953 1086 2009 ad
1136 1957 1370 2026 majores
1407 1964 1604 2031 gradus
1632 1981 1754 2022 eum

159 2031 475 2099 prove-hstis
523 2037 840 2108 suppliciter
867 2022 1066 2100 Exora.
1109 2045 1390 2108 Credimus
1431 2055 1571 2110 enim
1618 2072 1756 2127 quo-

159 2121 305 2176 niam
338 2134 392 2178 et
419 2127 683 2196 sapientia
727 2141 781 2186 et
813 2149 994 2191 mores
1033 2138 1098 2193 ad
1148 2141 1249 2196 hoc
1278 2158 1398 2198 cum
1427 2140 1654 2221 dignum
1677 2149 1757 2222 ip-

159 2212 366 2269 dicant.
429 2217 888 2280 Commendamus
947 2227 1108 2298 igitur
1184 2241 1385 2288 vestra}.
1435 2212 1754 2299 beatitudini

161 2300 523 2377 Ecclesiaeque
547 2320 738 2364 vestrm
759 2314 1043 2383 praefatum
1068 2319 1290 2376 fratrem
1321 2333 1563 2380 nostrum
1587 2326 1757 2383 Wlfa-

155 2389 310 2458 dum,
335 2402 390 2448 et
419 2394 485 2450 de
510 2397 752 2467 profectu
781 2403 896 2473 ejus
924 2408 1161 2476 petimus
1189 2426 1282 2467 vos
1312 2412 1484 2470 laetari
1517 2415 1570 2470 in
1594 2428 1752 2474 aeta-

157 2499 308 2537 num.
359 2484 438 2541 Ac
466 2487 767 2548 sicnt'mos
797 2495 1198 2556 ecclesiasticus
1237 2513 1340 2568 est,
1372 2515 1426 2560 et
1471 2507 1749 2565 inventum

156 2585 221 2625 ac
251 2573 605 2631 constitutum
658 2595 688 2633 a
735 2596 988 2653 cccxvm,
1042 2586 1095 2643 in
1141 2589 1352 2646 Niczena
1387 2582 1592 2666 synodo
1639 2599 1751 2668 epi-

151 2666 356 2735 scopis,
388 2665 679 2725 formatam
703 2675 987 2744 epistolam
1021 2678 1302 2749 facientes,
1347 2665 1425 2738 ut
1450 2686 1501 2740 in
1532 2690 1750 2747 nomine

151 2765 362 2812 sancta:
389 2767 442 2814 et
487 2760 778 2820 individua:
809 2765 1094 2826 Trinitatis
1124 2783 1370 2830 nostrum
1407 2792 1543 2848 Opus
1587 2779 1750 2852 largi-

153 2847 317 2904 tionis
341 2858 397 2905 et
419 2851 754 2914 dimissionis
780 2858 940 2929 hujus
976 2867 1147 2921 nostri
1170 2867 1351 2924 dilecti
1375 2847 1565 2931 fratris
1590 2847 1748 2933 robo-

152 2947 353 3006 ratum,
384 2941 715 3004 fructuosius
741 2959 797 3006 et
823 2953 1006 3011 utilius
1047 2958 1221 3026 fieret,
1261 2960 1314 3015 in
1362 2967 1747 3034 supputatione

151 3028 534 3090 calculationis
578 3042 968 3110 assumpsimus
1019 3047 1192 3117 prima
1234 3050 1498 3109 elementa
1533 3042 1742 3126 Graeca,

149 3116 350 3186 Patris,
392 3131 448 3178 et
488 3123 645 3190 Filii,’
664 3137 718 3183 et
771 3116 1030 3200 Spiritus
1047 3139 1244 3205 sancti,
1282 3153 1353 3207 II,
1397 3155 1456 3210 Υ,
1501 3164 1565 3212 Α,
1621 3116 1742 3218 qua;

1861 1994 2033 2050 nuper
2054 1980 2363 2052 acolythum
2391 1971 2722 2052 ordinatum,
2752 1987 2970 2042 nomine
2994 1987 3316 2055 Bernonem,
3350 1987 3442 2057 qui

1858 2087 2022 2127 causa
2071 2072 2313 2143 discendi
2359 2083 2524 2147 atque
2568 2077 2831 2146 educandi
2874 2079 3072 2135 vestris
3100 2080 3154 2135 in
3199 2079 3443 2150 partibus

1857 2165 2134 2234 quondam
2165 2166 2378 2230 missus,
2409 2176 2514 2222 etc.
2549 2167 2772 2241 Reliqua
2795 2171 3002 2226 desunt.

2593 2280 2683 2360 vn

1858 2371 2138 2450 Hedilonis
2168 2397 2395 2466 episcopi
2438 2397 2800 2454 Noviomensis
2827 2400 2898 2453 ad
2933 2399 3185 2454 Didonem
3216 2398 3437 2454 Lauda-

1927 2481 2134 2518 nensem
2177 2483 2272 2546 pro
2302 2467 2556 2547 Arnegiso
2601 2469 2916 2547 presbytero,
2953 2480 3006 2522 ut
3036 2471 3089 2524 in
3131 2469 3243 2540 ejus
3284 2486 3441 2539 para-

1925 2535 2094 2588 chiam
2130 2537 2355 2603 migrare
2385 2535 2582 2607 ipSique
2605 2535 2792 2607 subjici
2826 2538 2997 2593 liceat.

1921 2645 1979 2700 lu
2011 2647 2228 2700 nomine
2258 2646 2433 2702 Patris
2465 2658 2527 2713 Π,
2549 2657 2604 2703 et
2629 2648 2751 2703 Filii
2799 2660 2857 2716 Υ,
2903 2659 2959 2705 et
3001 2647 3233 2720 Spiritus
3263 2648 3436 2704 sancti

1852 2746 1909 2802 Δ,
1943 2735 2131 2794 Ηθιιίιο
2170 2735 2678 2810 Noviomagensium
2700 2741 2983 2812 episcopus
3012 2741 3205 2798 Didoni
3233 2742 3436 2813 inclyto

1851 2838 1908 2883 et
1931 2829 2230 2894 venerabili
2263 2830 2582 2902 coepiscopo
2624 2839 2880 2888 aeternam
2913 2833 2966 2887 in
3000 2831 3231 2889 Domino
3264 2831 3434 2888 felici-

1851 2929 1901 2974 ta
1909 2931 2014 2975 tem
2023 2959 2038 2974 .

1921 3012 2237 3083 Comperiat
2264 3015 2486 3072 dilectio
2514 3026 2690 3073 vestra
2721 3018 2863 3087 quod
2885 3018 3180 3090 Arnegisus
3211 3016 3432 3089 presby-
3476 3070 3483 3078 .

1853 3114 1957 3172 ter,
1993 3104 2164 3162 frater
2195 3123 2259 3162 ac
2287 3107 2428 3164 filius
2454 3117 2660 3175 noster,
2687 3110 2840 3180 petiit
2867 3119 2924 3166 ut
2943 3126 3040 3181 per
3069 3125 3242 3165 meam
3265 3110 3430 3166 licen-

144 3215 559 3284 ociogenarium
614 3227 670 3273 ει
735 3198 1351 3298 (ιυέάτίηεθηιεείωύή
1770 3235 1819 3296 c
1851 3198 2000 3264 tiam,
2025 3209 2127 3254 eta
2155 3216 2241 3256 me
2265 3200 2551 3284 formatam
2587 3202 3214 3308 epistolam,‘secundurn
3243 3212 3433 3306 aucto-

146 3298 499 3386 signiflcant:
533 3315 776 3363 nostram
805 3326 1020 3384 quoque
1059 3318 1150 3388 qui
1191 3322 1480 3380 scribimus
1508 3298 1739 3397 primam

145 3383 390 3447 litteram
435 3409 490 3462 Α,
522 3406 869 3471 vestramque
895 3383 1048 3475 cujus
1072 3383 1421 3470 beatitudinis
1453 3383 1742 3476 scribimus

145 3484 450 3538 secundam
487 3497 546 3553 Υ.
579 3490 893 3560 accipientis
940 3494 1129 3555 fratris
1159 3503 1376 3560 tertiam
1406 3524 1458 3572 Α,
1506 3509 1740 3567 civitatis

143 3581 370 3641 nostrae,
403 3575 470 3631 de
505 3593 611 3647 qua
657 3582 938 3651 scribitur,
973 3597 1223 3657 quartam
1272 3605 1323 3658 Σ,
1373 3595 1668 3656 indictione
1695 3616 1734 3666 ι,

138 3665 468 3721 canonicum
509 3671 756 3727 ordinem
805 3681 1068 3743 tenentes,
1104 3680 1230 3737 huic
1267 3694 1464 3742 nostra:
1499 3689 1739 3760 epistolae

138 3756 439 3827 aliigimus;
483 3770 647 3832 atque
682 3765 997 3844 Graecarum
1037 3771 1344 3830 litterarum
1393 3783 1733 3854 numeros'in

139 3861 408 3903 summam
437 3852 690 3911 collectos
726 3858 1010 3927 epistolam
1042 3871 1226 3927 tenere
1264 3865 1514 3935 facimus,
1549 3872 1603 3926 id
1629 3852 1731 3939 est,

138 3954 312 4006 Lxxx,
340 3957 491 4010 cccc,
524 3959 563 4010 ι,
595 3962 726 4016 xxx,
773 3966 921 4016 cccc,
965 3971 1094 4021 xxx,
1127 3974 1210 4024 cc,
1254 3975 1298 4025 ι,
1340 3971 1398 4016 ut
1428 3977 1523 4032 per
1550 3966 1729 4020 omnia

137 4038 259 4084 rata
291 4041 347 4087 et
371 4033 607 4104 legitima
642 4051 840 4096 nostra:
875 4043 1192 4101 dimissorize
1215 4051 1513 4106 auctoritas
1537 4068 1728 4123 proce-

134 4121 313 4206 deret.
349 4124 652 4196 Separatim
687 4142 895 4201 autem,
929 4144 988 4191 ut
1016 4139 1295 4214 epistolam
1331 4121 1728 4219 clauderemus,

131 4205 564 4296 nonagenarium
594 4231 648 4277 et
687 4239 886 4280 nonum
933 4245 1213 4287 numerum
1240 4233 1444 4290 Graecis
1491 4217 1734 4294 elemen-

134 4291 210 4362 tis
240 4306 410 4386 etiam
441 4292 796 4390 signavimus,
818 4326 875 4371 et
901 4319 1122 4374 omnino
1143 4320 1498 4380 firmavimus.
1536 4329 1619 4399 76.

207 4424 464 4512 (Indictio
500 4438 647 4512 aget
691 4429 995 4512 Fenilonis
1049 4436 1389 4510 episcopatus
1424 4452 1728 4512 congruunt

131 4510 280 4549 anno
312 4497 512 4579 Christi
695 4499 949 4572 l’roprius
974 4497 1510 4579 forti-ialm'numerus
1528 4497 1723 4579 νυοωιι,

1850 3288 2066 3346 ritatem
2109 3287 2462 3360 canonicam,
2497 3293 2640 3350 sicut
2695 3295 2834 3349 inter
2886 3293 3105 3349 dantem
3155 3293 3428 3364 accipien-

1845 3386 2060 3450 temque
2089 3380 2207 3436 ﬁeri
2243 3388 2476 3451 oportet,
2509 3393 2702 3436 vestra:
2740 3380 2932 3439 ditioni
2963 3381 3156 3450 subjici
3199 3381 3426 3436 valeret.

1845 3457 2092 3524 Misimus
2121 3483 2251 3540 ergo
2289 3468 2446 3524 vobis
2475 3469 2616 3524 hanc
2654 3470 2938 3540 epistolam
2967 3469 3225 3525 canonica
3268 3469 3426 3525 insti-

1845 3560 2052 3616 tutioue
2081 3559 2394 3626 formatam,
2426 3569 2485 3615 ut
2519 3562 2860 3632 cognoscatis
2889 3561 3090 3632 justam
3136 3571 3300 3630 atque
3335 3574 3426 3614 ca—

1840 3651 2090 3709 nonicam
2118 3664 2240 3706 eum
2271 3665 2301 3705 a
2339 3665 2426 3723 me
2465 3650 2739 3722 accepisse
2766 3649 3064 3721 licentiam.
3099 3649 3225 3705 Tria
3256 3649 3426 3722 siqui-

1839 3745 1964 3800 dem
1985 3744 2186 3816 Graeca
2213 3743 2480 3818 elementa
2506 3744 2658 3816 prius
2684 3744 2889 3800 inserta
2917 3746 3346 3819 octogenarium,
3367 3755 3424 3802 et

1835 3813 2452 3908 quadringentesimum,
2478 3845 2535 3892 et
2558 3836 2790 3906 primum
2811 3836 3094 3894 continent
3113 3852 3420 3893 numerum.

1835 3925 1915 3994 Ex
1947 3925 2164 3980 nomine
2202 3924 2418 3995 quidem
2461 3925 2608 3982 Petri
2645 3927 2872 3998 apostoli
2911 3928 3088 4000 prima
3132 3927 3334 3995 littera,
3366 3928 3423 3984 id

1832 4024 1916 4070 est
1939 4025 1998 4086 ιι,
2037 4014 2313 4081 similiter,
2345 4027 2403 4070 ut
2426 4016 2600 4087 prius,
2621 4018 2896 4091 octoginta
2925 4018 3198 4089 exprimit.
3221 4015 3421 4074 Ex'no-

1832 4119 1960 4166 strue
1972 4109 2256 4181 parvitatis
2275 4110 2491 4178 nomine
2507 4111 2757 4166 similiter
2775 4097 2946 4183 prima
2970 4111 3167 4176 littera,
3187 4113 3240 4167 id
3260 4120 3343 4167 est
3357 4126 3415 4178 ε,

1831 4201 2023 4271 quinto
2051 4201 2302 4271 congruit
2330 4216 2557 4256 numero
2584 4219 2597 4254 :
2624 4210 2820 4256 vestra:
2855 4217 3072 4277 quoque
3111 4203 3420 4258 sanctitatis

1832 4289 2069 4352 secunda
2119 4289 2354 4345 nominis
2388 4289 2591 4356 littera,
2634 4289 2688 4344 id
2726 4299 2887 4354 est],
2930 4291 3287 4361 proculdubio
3323 4291 3417 4347 de-

1831 4380 2046 4434 narium
2097 4378 2298 4435 format
2342 4385 2651 4436 num’erum.
2723 4381 2937 4436 Praefati
2995 4381 3300 4454 presbyteri
3347 4396 3418 4437 ex

1830 4472 2003 4546 ipsius
2043 4471 2266 4528 nomine
2311 4473 2496 4538 tertia,
2539 4473 2594 4528 id
2635 4483 2718 4530 est
2755 4489 2809 4540 Ν,
2852 4489 3138 4530 numerum
3179 4475 3420 4530 ostendit

126 4581 294 4634 quem
338 4565 577 4622 elliciunt
607 4563 814 4645 litterai
841 4584 907 4636 A,
941 4585 1001 4639 Υ,
1031 4587 1088 4640 Δ,
1112 4587 1164 4640 Σ,
1198 4586 1254 4630 et
1283 4563 1508 4635 indictio
1535 4563 1726 4645 nihil:

1857 4563 2361 4636 minquagesimum.
2405 4563 2650 4637 Denique
2689 4579 2755 4619 ex
2788 4573 2987 4622 nostra:
3023 4565 3264 4621 civitatis
3307 4581 3413 4620 no—

123 4651 318 4716 merus
345 4640 668 4718 communis,
721 4656 826 4695 non
871 4660 1029 4718 occx,
1072 4655 1130 4698 ut
1166 4647 1218 4700 in
1257 4647 1398 4713 aliis,
1435 4649 1528 4704 sed
1561 4640 1722 4718 oxxc,

123 4706 336 4786 oniissa
386 4706 564 4763 littera
615 4721 672 4786 ῃ,
725 4726 844 4780 quas
880 4706 1054 4783 prima
1087 4726 1208 4770 erat
1262 4706 1500 4776 nominis
1551 4706 1719 4786 Petri:

127 4777 360 4830 Summa
391 4793 520 4848 ergo
549 4777 832 4853 utriusque
848 4777 1058 4840 numeri
1089 4788 1330 4860 uccxu.)

899 4895 982 4952 Vl.

119 4997 325 5059 Ᾰέηεαε
357 4998 677 5076 Parisiegsis
705 5009 930 5076 episcopi
968 5010 1038 5063 ad
1067 5009 1418 5068 Hincmarum
1464 5014 1720 5073 Rhemen-

195 5085 332 5148 sein,
371 5072 429 5122 iu
480 5074 526 5127 ei
563 5072 1209 5155 Blernonent'acolythum
1241 5085 1297 5140 in
1317 5086 1568 5155 parochia
1621 5072 1721 5144 sua

194 5138 420 5212 retinere
441 5153 487 5196 et
514 5144 764 5199 ordinare
797 5147 970 5202 liceat.

195 5230 505 5308 Venerabili
532 5237 588 5291 in
624 5234 840 5293 Christo
867 5239 1016 5296 Patri
1055 5244 1345 5303 llincmaro
1387 5248 1716 5308 Rhcmorum

116 5321 521 5366 ..ΓριιῖρηῗοηηηΑ
606 5325 742 5348 HT..-.

1831 4655 1977 4709 mine
2005 4662 2218 4729 quarta,
2245 4654 2298 4709 id
2327 4663 2412 4711 est
2449 4667 2486 4723 t,
2517 4655 2810 4722 decimum,
2854 4664 2913 4712 ut
2945 4673 3129 4728 supra,
3157 4658 3416 4728 exprimit

1831 4759 2138 4800 numerum.
2202 4744 2311 4804 Sed
2355 4756 2412 4802 et
2461 4755 2657 4801 vestras
2703 4748 2942 4806 civitatis
2993 4749 3182 4819 quinta
3232 4749 3412 4803 littera

1831 4835 2000 4914 ipsius
2053 4836 2310 4903 nominis,
2360 4838 2415 4912 id
2461 4847 2544 4893 est
2583 4848 2644 4904 Υ,
2692 4838 3290 4914 quadringentesimum
3324 4857 3418 4909 ap-

1829 4929 2026 4999 probat
2057 4945 2363 5001 numerum.
2405 4930 2502 4986 Est
2529 4930 2693 4985 etiam
2724 4949 2866 4990 nunc
2892 4933 3115 4990 indictio
3142 4947 3219 4987 x1.
3255 4931 3419 5032 Addi:

1831 5021 2014 5079 dimus
2049 5021 2272 5093 insuper
2301 5022 2734 5095 nonagenarium
2763 5042 2964 5082 nonum
2992 5038 3304 5086 numerum,
3326 5022 3419 5091 qui

1829 5112 2130 5172 secundum
2175 5111 2365 5170 Graeca
2395 5116 2661 5172 elementa
2690 5117 2957 5188 significat
2984 5127 3158 5172 mus.
3200 5114 3424 5168 Summa

1833 5229 1960 5272 vero
1987 5212 2156 5272 totius
2186 5220 2404 5275 numeri
2451 5213 2725 5272 in-omnia
2751 5218 2898 5278 ducti
2941 5213 3172 5284 complet
3210 5227 3426 5267 HCXLVI.

1829 5303 1957 5350 "me
2004 5313 2184 5350 alliam
2230 5313 2418 5356 nm“;ﬂ
2469 5303 2800 5352 rpnnimndg
2848 5317 2969 5355 ρηηι
3020 5303 3308 5346 (min-nn“...
3383 5311 3429 5332 ηρ
