4006 5764
141 279 315 348 1597

1410 277 1764 336 EPISTOLE
1806 279 1938 337 FOR
1947 279 2155 336 ΜΑΤᾹί
2167 320 2180 334 .

3290 276 3427 333 1598

137 390 386 442 minem
416 389 669 445 clericum
697 389 928 446 aliemun
951 398 1006 445 et
1031 389 1268 460 ignotum
1295 389 1459 460 recipi
1487 391 1554 444 ab
1577 389 1756 460 aliquo
1783 400 1832 458 Α
1862 396 1966 442 tem
2020 396 2075 442 et
2120 389 2476 458 accipientem
2527 389 2644 444 fieri
2696 395 2944 461 oportet;
3002 396 3270 458 quatenus
3327 391 3430 445 hac

137 479 477 549 episcopo,
527 489 582 535 et
635 480 987 536 intbrouizari
1040 482 1095 536 in
1162 496 1258 536 sua
1323 481 1595 548 Ecclesia,
1646 481 1752 536 uisi

138 571 379 625 habeat
404 586 433 624 a
457 571 672 641 proprio
693 573 941 643 episcOpo
983 572 1280 643 epistolam,
1317 588 1436 642 qua:
1481 572 1534 626 in
1586 587 1752 628 cano-

135 661 336 716 nibus
371 663 680 717 nominatur
709 662 959 718 formata.
984 664 1106 719 ldeo
1147 674 1332 718 notum
1380 663 1608 719 facimus
1651 649 1752 734 pa-

138 754 423 808 ternitati
450 763 661 819 vestrae,
694 756 834 824 quod
858 771 1096 826 praesens
1123 755 1522 822 frater—noster,
1561 756 1750 810 harum

136 843 487 898 litterarum
515 845 764 914 portitor,
794 847 1010 901 nomine
1056 847 1357 912 Adruinus,
1382 861 1487 900 non
1519 862 1618 917 pro
1654 861 1750 902 sua

138 935 422 1005 nequitia
470 936 727 1006 expulsus
767 946 865 992 est
925 953 955 991 a
1001 937 1178 1002 nobis,
1223 937 1318 993 sed
1355 936 1754 1008 postulantibus

137 1022 439 1079 fratribus
476 1025 697 1091 nostris,
725 1041 790 1082 eo
836 1027 977 1096 quod
1015 1040 1084 1082 ex
1128 1025 1334 1080 familia
1383 1035 1565 1082 nostra
1624 1027 1748 1092 fuit,

136 1112 423 1168 dedimus
444 1113 493 1167 ei
523 1113 824 1169 libertatem
857 1123 1127 1186 receptam
1153 1129 1184 1169 a
1213 1130 1385 1170 cornu
1426 1115 1615 1177 altaris
1662 1130 1752 1172 ca-

135 1201 390 1268 nonice,
422 1210 476 1258 et
503 1203 869 1262 ordinavimus
895 1219 1018 1260 eum
1043 1205 1108 1261 ad
1137 1205 1363 1276 gradum
1407 1207 1748 1277 presbyterii.

133 1289 261 1345 Cui
292 1291 462 1346 etiam
492 1292 588 1348 bas
618 1293 952 1352 dimissorias
978 1295 1092 1350 sive
1141 1297 1612 1352 commendatitias
1656 1297 1749 1352 lit-

137 1391 316 1441 teras
344 1385 598 1452 fecimus,
619 1395 675 1442 et
707 1402 830 1442 eum
855 1389 923 1445 ad
947 1397 1185 1446 vestram
1210 1391 1462 1446 dilectam
1495 1390 1752 1446 fraterni-

135 1481 336 1528 tatem
363 1475 666 1546 dirigimus,
697 1479 838 1532 utin
885 1488 1065 1534 vestra
1111 1481 1368 1550 parocliia
1418 1482 1516 1536 sub
1564 1492 1748 1538 vestro

136 1581 326 1622 sacro
360 1569 623 1638 regimine
651 1579 703 1625 et
728 1571 1039 1628 defensione
1064 1573 1362 1628 consistere
1383 1574 1578 1629 valeat.
1611 1574 1742 1645 Ego,

138 1661 413 1730 inquam,
456 1663 510 1716 in
539 1665 754 1720 nomine
784 1672 821 1722 n
850 1666 1048 1733 Patris,
1079 1675 1135 1722 et
1179 1678 1218 1724 Υ
1254 1666 1396 1733 Filii,
1450 1676 1504 1723 et
1541 1684 1573 1723 Α
1619 1667 1742 1738 Spi-

1855 479 2176 534 auctoritate
2217 495 2463 546 securus,
2500 480 2621 550 jure
2649 489 2842 535 vestrae
2875 476 3068 549 dittoni
3112 480 3303 550 subjici
3335 497 3430 536 va-

1855 567 2009 623 leret.
2036 568 2198 638 Cujus
2239 570 2585 639 petitionibus
2627 580 2945 638 annuentes,
2977 570 3243 626 mittimus
3269 570 3426 625 nobi-

1853 660 1994 718 litati
2035 673 2227 720 vestrae
2269 664 2408 720 lianc
2450 663 2730 734 epistolam
2778 664 3038 720 canonica
3087 663 3430 719 institutione

1854 752 2161 821 formatam,
2190 765 2248 810 ut
2273 770 2432 826 quem
2473 755 2776 812 sanctitatis
2802 761 3000 810 vestrae
3028 755 3222 810 amodo
3251 763 3432 809 custo-

1854 843 1956 898 diae
1984 846 2222 916 rogando
2246 845 2656 911 committimus,
2699 859 2823 899 eum
2861 843 3031 900 libera
3076 854 3260 900 nostra
3299 858 3430 900 ccu-

1853 940 2096 996 cessione
2135 939 2202 995 ad
2233 941 2590 1011 quodcunque
2626 938 2884 1006 ofﬁcium,
2918 953 3011 994 seu
3041 939 3107 993 ad
3131 953 3430 1008 quemcun—

1853 1045 1958 1101 que
1997 1032 2220 1101 gradum
2247 1031 2423 1087 visum
2475 1030 2655 1097 fuerit,
2699 1030 3107 1100 promoveatis,,
3129 1038 3184 1084 et
3213 1042 3429 1084 omnem

1853 1135 2012 1192 quam
2055 1136 2182 1192 erga
2227 1136 2350 1177 eum
2400 1123 2660 1178 hactenus
2706 1129 3026 1192 potestatem
3056 1120 3211 1176 nobis
3257 1120 3428 1184 licuit,

1849 1225 2103 1268 exercere
2153 1214 2225 1268 sit
2252 1213 2402 1270 vobis
2444 1214 2672 1269 licitum.
2723 1213 2787 1268 Et
2817 1223 2876 1269 ut
2922 1213 3100 1268 nullus
3149 1214 3202 1267 in
3248 1220 3432 1268 vestro

1850 1304 2030 1360 animo
2076 1305 2362 1376 scrupulus
2415 1305 2771 1361 baesitationis
2821 1313 3117 1370 remaneat,
3164 1318 3227 1358 ea
3279 1305 3430 1376 signa

1849 1413 1968 1468 qua:
2007 1397 2178 1462 sancti
2228 1405 2409 1468 patres
2448 1398 2501 1452 in
2549 1397 2767 1453 Nicaeno
2819 1395 3050 1453 concilio
3101 1405 3344 1450 statuere
3373 1395 3426 1448 in

1848 1487 2153 1557 liujusmodi
2178 1487 2423 1557 epistolis
2451 1487 2756 1555 scribenda,
2798 1487 2853 1542 in
2896 1483 3086 1558 primis
3128 1494 3182 1540 et
3227 1484 3431 1539 ultimis

1848 1578 2245 1634 adnotavimus.
2289 1591 2473 1638 AMHN.

1920 1694 2159 1765 (Litterae
2204 1693 2366 1749 fronti
2410 1693 2646 1765 praefixae
2681 1709 2786 1748 non
2818 1693 2949 1749 satis
2994 1693 3214 1763 integrae
3244 1692 3431 1747 viden-

137 1753 304 1808 ritus
323 1756 524 1818 sancti,
553 1763 606 1810 et
639 1755 690 1811 in
729 1758 938 1814 unitate
985 1767 1186 1814 sancta:
1221 1758 1494 1825 Ecclesiae,
1541 1759 1594 1814 in
1639 1775 1742 1831 qua
1777 1759 1819 1819 Β
1850 1753 1958 1829 tur,
2023 1774 2076 1820 et
2141 1753 2456 1820 subdiaconi
2524 1780 2719 1819 nomen
2773 1780 2879 1818 non
2936 1753 3253 1832 expressum
3316 1778 3430 1817 rem

137 1849 327 1902 Petro
359 1848 542 1903 datum
567 1859 650 1905 est
673 1849 762 1920 jus
787 1850 985 1923 ligandi
1029 1859 1192 1922 atque
1238 1851 1499 1917 solvendi,
1527 1852 1746 1908 absolvo

137 1934 314 1992 Dado
340 1939 559 1997 humilis
581 1941 867 2012 episcopus
893 1943 1271 2016 presbyterum
1322 1942 1622 1997 Adruinum
1678 1943 1748 1998 de

143 2028 781 2099 civitate-\Tirtlunensi,‘
815 2033 1106 2090 indictione
1149 2049 1229 2099 rx,
1259 2043 1313 2090 et
1357 2033 1628 2089 licentiam
1676 2035 1745 2089 do

137 2118 340 2186 vobis,
371 2121 635 2188 Ratbode,
666 2123 989 2179 venerabilis
1019 2125 1448 2195 arcbiepiscope,
1481 2125 1746 2179 intbroni-

143 2211 322 2276 gandi
349 2225 471 2266 eum
499 2212 550 2266 in
579 2227 900 2284 quacunque
928 2215 1155 2270 ecclesia
1199 2215 1367 2292 vultis
1405 2225 1602 2270 vestrae
1644 2230 1742 2286 pa-

151 2300 384 2355 rochiaa.
446 2301 706 2357 Dilectam
755 2305 1137 2373 paternitatem
1195 2313 1433 2361 vestram
1479 2304 1742 2359 virtutum

145 2388 388 2446 ﬂoribus
441 2382 773 2464 insignitam,
821 2395 1163 2468 omnipotens
1220 2397 1361 2450 Deus
1421 2408 1743 2451 conservare

153 2481 438 2552 dignetur.

227 2619 429 2674 amant.
487 2629 813 2674 occuxvm.
857 2627 917 2672 Il.
949 2627 1006 2673 Υ.
1045 2628 1100 2673 Δ.
1136 2626 1194 2673 II.
1223 2627 1277 2671 A.
1307 2627 1360 2671 A.
1403 2628 1458 2670 A.
1495 2625 1557 2673 Θ.
1590 2597 1642 2674 5.
1675 2625 1737 2672 Θ.

230 2701 369 2756 Data
413 2704 602 2773 quinto
628 2705 749 2760 Idus
783 2703 932 2773 Maii,
979 2721 1122 2761 anno
1166 2706 1458 2772 Dominicae
1488 2707 1742 2762 incarna-

153 2795 328 2853 tionis
363 2796 486 2863 906,
515 2797 811 2864 indictione
847 2816 926 2862 rx.

231 2926 480 3003 (Ind‘i‘ctio
525 2945 578 3003 rx
611 2944 794 2986 mense
825 2931 986 2997 Maio,
1023 2939 1079 2988 et
1118 2933 1456 3003 episcopatus
1500 2931 1736 2987 Dadonis

231 2947 480 3001 unutcuo
525 2947 578 2983 IX
611 2947 794 2986 mense
825 2947 986 2997 alato,
1023 2947 1079 2988 et
1118 2947 1148 2988 e
1187 2947 1456 3003 tscopatus
1503 2947 1732 2987 uaaoms

153 3011 305 3052 anno
341 2998 541 3053 Cbristi
605 3009 921 3072 competunt
964 3003 1089 3058 906.
1141 2947 1499 3058 gumerorum
1551 3013 1732 3057 autem

1848 1835 2134 1904 obscuram
2179 1835 2326 1890 facit.
2379 1835 2454 1890 De
2501 1843 2739 1904 tempore
2768 1843 2948 1904 autem
2981 1831 3226 1904 formata:
3256 1833 3427 1901 conji-

1848 1921 1972 1960 cere
2002 1903 2127 1959 licet
2155 1921 2219 1960 ex
2249 1906 2396 1959 obitu
2431 1902 2692 1967 Durandi,
2730 1918 2888 1974 quem
2929 1902 3182 1974 incidisse
3216 1911 3430 1974 constat

1847 1976 1899 2028 in
1926 1990 2143 2030 ,anuum
2170 1976 2328 2038 1095,
2386 1976 2486 2029 sub
2542 1972 2761 2028 initium
2807 1972 3019 2028 concilii
3069 1972 3427 2027 Arvernensis

1851 2043 2050 2114 Urbani
2112 2043 2176 2097 ll.
2232 2045 2506 2099 llactenus
2566 2059 2696 2114 ergo
2765 2040 3118 2097 lormularum
3178 2041 3426 2111 exempla

1847 2113 2095 2168 undecim
2147 2129 2268 2182 quae
2316 2113 2791 2183 proposuera’mus,
2853 2121 3138 2167 auctorum
3202 2123 3426 2167 suorum

1844 2183 2152 2254 nominibus
2197 2184 2490 2254 insignita:
2546 2183 2751 2254 quibus
2787 2183 2908 2237 addi
2934 2188 3138 2254 potest
3181 2189 3428 2235 extremo

1844 2250 1961 2306 loco
1985 2260 2040 2324 et
2066 2252 2218 2324 aliud,
2255 2250 2702 2324 generale,_quod
2743 2253 2884 2307 inter
2926 2251 3184 2324 formulas
3214 2261 3428 2306 veteres

1841 2320 2313 2462 ﬁoﬁrlarculfum
2334 2322 2506 2378 editas
2530 2321 2726 2392 legitur
2753 2335 2978 2376 numero
3008 2320 3096 2375 12.
3129 2320 3222 2376 Sic
3245 2329 3426 2375 autem

1882 2407 1910 2445 a
1975 2432 1982 2440 .
2031 2408 2043 2444 :

1882 2400 2006 2445 abet
2031 2408 2043 2444 ζ

2070 2479 2327 2536 Formula
2360 2480 2617 2552 generalis
2655 2480 2888 2551 epistolae
2925 2481 3188 2551 formatae.

1911 2593 1969 2648 ln
2021 2592 2118 2648 Dei
2182 2593 2401 2651 nomine
2464 2593 2806 2648 sanctissimo
2855 2608 2918 2646 ac
2976 2591 3426 2647 reverendissimo

1841 2680 1994 2737 fratri
2027 2681 2121 2736 Illi
2159 2684 2433 2754 episcopo,
2487 2682 2588 2737 Ille
2634 2682 2789 2736 Illius
2838 2681 2988 2736 urbis
3027 2682 3330 2754 episcopus,
3364 2684 3419 2738 in

1841 2774 2068 2830 Domino
2111 2774 2495 2844 sempiternam
2524 2774 2776 2830 salutem.

1910 2865 2213 2937 Cognoscat
2257 2866 2568 2921 fraternitas
2619 2882 2713 2920 seu
2762 2865 2998 2921 cbaritas
3046 2875 3247 2933 vestra,
3292 2867 3420 2936 quia

1840 2960 1944 3016 iste
1970 2975 2210 3030 prtesens
2237 2960 2522 3032 presbyter
2555 2960 2771 3020 nomine
2816 2957 2935 3024 Ille,
2986 2960 3039 3012 in
3083 2959 3338 3030 parochia
3365 2970 3420 3014 et

153 3048 543 3138 Quintillae
577 3048 1734 3146 sub-"tritica'eiiprimit‘urfe;'Iﬁ:
1761 3098 1807 3160 Ο
1841 3051 1893 3106 in
1922 3051 2150 3107 ecclesia
2192 3060 2378 3107 nostra
2410 3051 2582 3107 sacris
2613 3050 2809 3106 litteris
2833 3049 3093 3106 educatus
3118 3048 3241 3115 fuit,
3267 3057 3323 3104 et
3351 3051 3418 3104 ab

155 3137 290 3160 εις-,2η
327 3139 627 3160 ,ι--ε----.--η
681 3141 737 3160 ΩΑ
791 3157 845 3160 __.
896 3159 901 3160 ,
936 3159 959 3160 η
1004 3150 1043 3160 ;,
1098 3159 1105 3160 ,
1176 3159 1216 3160 ,,
1248 3159 1273 3160 η
1320 3159 1329 3160 κ
1386 3144 1431 3160 ,,-,
1486 3159 1567 3160 ,,,
1594 3159 1601 3160 ,
1684 3151 1724 3160 -.
1839 3141 1924 3160 9,0
1957 3142 2056 3160 κιρ-
2100 3141 2193 3160 ρέα.
2250 3157 2303 3160 ___
2338 3143 2383 3160 ,1
2434 3157 2523 3160 ,,__
2591 3158 2671 3160 ,_,,
2724 3141 3145 3160 __,-.I________-
3182 3149 3393 3160 ‘-_.._--

155 3137 293 3192 teris
321 3137 650 3208 designatur,
681 3141 741 3196 fit
781 3157 850 3196 ex
894 3137 1118 3198 numero
1163 3137 1436 3198 communi
1485 3159 1643 3208 nccx,
1675 3151 1730 3197 et

155 3221 225 3263 ex
266 3212 480 3282 proprio
500 3226 708 3282 cxvm,
740 3225 898 3282 quem
934 3214 1163 3269 reddunt
1200 3213 1396 3269 littera:
1423 3225 1480 3279 A,
1505 3229 1560 3278 Α,
1589 3225 1646 3279 P,
1672 3224 1727 3277 Δ,
1756 3260 1758 3262 τ

156 3289 283 3400 gum
328 3277 620 3421 indictione
667 3277 1043 3339 txmenium
1087 3283 1230 3340 enim
1259 3299 1364 3339 una
1394 3277 1605 3340 summa
1633 3277 1733 3338 est

171 3362 485 3409 eccuxvm.

171 3362 485 3409 βοςιηνιιι.

906 3485 994 3541 Χι.

157 3600 220 3657 Π,
258 3602 318 3658 1',
351 3611 404 3659 Α,
439 3606 498 3660 Il,
529 3608 599 3672 Α,Δ
625 3613 675 3672 ΑΔ
706 3607 768 3672 8,
799 3609 858 3672 tt,
898 3605 1072 3672 M,_x.
1107 3599 1349 3654 Durandi
1374 3602 1597 3672 episcopi
1632 3603 1732 3656 Αν-

233 3668 599 3740 vernorum_ad
630 3665 925 3740 Radulfum
962 3665 1348 3736 ’Turonensem,
1386 3665 1480 3740 pro
1517 3665 1729 3726 subdia-

230 3747 358 3786 cono
385 3735 632 3803 quodam,
659 3735 822 3806 quem'
840 3738 953 3808 ejus
985 3755 1125 3793 cura:
1153 3735 1446 3794 committit.

237 3865 512 3922 Durandus
540 3867 634 3921 Dei
671 3870 845 3940 gratia
893 3871 1250 3927 Arveruensis
1295 3872 1578 3943 episcopus
1623 3873 1731 3929 Ro-

162 3955 308 4012 tlulfo
357 3958 808 4017 excellentissimo
876 3961 1228 4018 Turonicensi
1281 3964 1727 4035 archiepiscopo,

161 4048 306 4119 quod
338 4049 389 4102 in
419 4057 560 4103 terra
599 4050 810 4108 felicius
834 4053 919 4109 vel
957 4054 1168 4110 beatius
1198 4055 1250 4110 in
1293 4055 1454 4111 caalo.

232 4141 537 4212 Comperiat
565 4143 779 4201 dilectio
805 4153 983 4202 vestra
1011 4148 1152 4220 quod
1201 4148 1289 4204 hic
1323 4164 1560 4218 praesens
1602 4151 1728 4206 sub-

167 4232 439 4301 diaconus,
475 4248 636 4304 quem
681 4253 842 4293 manu
873 4239 1092 4309 propria
1136 4241 1600 4307 consecravimus,
1624 4242 1726 4296 mi-

168 4323 502 4381 sericorditer
535 4325 821 4384 formatam
864 4344 894 4383 a
921 4329 1076 4386 nobis
1103 4330 1322 4403 expetiit
1351 4332 1652 4400 epistolam,
1677 4341 1730 4386 et

169 4431 368 4483 clunem
411 4420 790 4482 auctoritatem
828 4421 1168 4478 canonicam.
1209 4420 1348 4477 sicut
1399 4421 1542 4475 inter
1590 4421 1726 4476 dan-

1838 3141 2065 3196 infantia
2098 3141 2199 3196 fuit
2245 3143 2384 3212 apud
2431 3157 2549 3208 nos,
2584 3158 2675 3196 seu
2722 3141 3150 3212 praedecessores
3181 3149 3416 3204 nostros,

1835 3233 2036 3287 bonum
2085 3231 2292 3288 habens
2341 3231 2727 3294 testimonium,
2784 3232 3091 3300 bonamque
3144 3228 3423 3284 continen-

1835 3325 1964 3378 tiam
1996 3331 2052 3378 ct
2099 3324 2441 3378 innocentem
2484 3323 2648 3376 vitam
2697 3321 2983 3376 deducens.
3025 3319 3173 3376 Unde
3215 3318 3417 3387 placuit

1831 3405 1905 3470 illi
1938 3415 2097 3469 modo
2148 3422 2208 3468 ut
2251 3415 2319 3467 ad
2375 3413 2533 3467 aliam
2595 3412 2892 3468 Ecclesiam
2943 3425 3002 3467 se
3053 3418 3412 3486 converteret,

1833 3503 2016 3559 volens
2075 3503 2176 3558 sibi
2231 3518 2476 3572 quaerere
2533 3501 2820 3567 seniorem,
2874 3502 2968 3571 qui
3023 3515 3082 3556 se
3130 3500 3198 3555 de
3254 3499 3417 3554 rebus

1835 3597 2216 3668 temporalibus
2245 3597 2487 3666 adjuvet,
2518 3606 2574 3651 et
2599 3596 2685 3650 cui
2719 3595 2807 3650 ille
2833 3594 3131 3650 secundum
3162 3593 3411 3648 ministe-

1832 3688 1994 3752 rium,
2047 3686 2190 3756 quod
2226 3687 2327 3741 sibi
2381 3685 2679 3758 injunctum
2748 3693 2854 3749 est,
2909 3682 3226 3752 obsequium
3276 3698 3415 3753 prte-

1829 3779 1968 3834 bcat.
2006 3779 2159 3835 Unde
2187 3787 2423 3834 vestram
2459 3777 2852 3834 fraternitatem
2902 3785 3232 3846 compertam
3282 3774 3417 3831 faci-

1831 3888 1969 3934 mus.
2003 3880 2061 3926 ut
2086 3871 2386 3941 cuicunque
2412 3870 2674 3940 placuerit
2702 3885 2823 3924 eum
2873 3869 3166 3943 suscipere,
3211 3869 3413 3937 absque

1833 3964 1938 4018 ulla
1971 3964 2322 4034 ambiguitate
2347 3963 2448 4017 hoc
2476 3961 2659 4026 faciat,
2689 3962 2866 4016 sciens
2893 3960 3040 4014 illum
3065 3971 3117 4013 et
3145 3959 3270 4014 boni
3294 3975 3413 4015 esse

1831 4055 2145 4120 testimonii,
2172 4063 2225 4109 et
2249 4071 2277 4107 a
2311 4054 2465 4110 nobis
2487 4054 2590 4108 sibi
2621 4054 2688 4107 ab
2718 4051 2958 4106 Ecclesia
2976 4090 2991 4115 ,
3014 4065 3134 4119 quae
3163 4051 3319 4104 nobis
3345 4053 3411 4103 ad

1830 4146 2125 4216 regendum
2169 4160 2422 4201 concessa
2464 4153 2565 4208 est,
2618 4142 2881 4212 migrandi
2932 4141 3204 4196 licentiam
3251 4155 3409 4195 acce-

1828 4236 1994 4307 pisse.
2026 4236 2090 4288 Et
2119 4243 2175 4287 ut
2213 4235 2295 4288 lue
2326 4233 2517 4286 littera:
2554 4231 2846 4285 firmiorem
2874 4231 3154 4286 obtineant
3181 4228 3433 4297 dignita--

1832 4336 1960 4389 tem,
1993 4325 2291 4394 meliusque
2331 4323 2411 4378 eis
2457 4321 2589 4378 ﬁdes
2618 4321 2962 4387 adhibeatur,
3011 4334 3173 4374 manu
3222 4326 3407 4379 nostra

1832 4433 1926 4472 eas
1957 4414 2499 4472 subterlirmavimus.
