4006 5536
283 379 417 440 μοι
1607 398 2008 457 ΒΙίΝΕΟΙΟΤΙΟ
2047 403 2176 458 DEI.
3369 414 3509 471 1402

344 500 449 570 Alii
479 516 615 565 i‘CI‘O,
655 516 768 572 qui,
799 503 940 572 quod
965 503 1134 573 pudet
1155 503 1356 569 dicere,
1381 504 1550 560 etiam
1577 509 1834 580 episcopi,
1869 517 1916 572 Α
1940 528 2062 594 tuus
2112 513 2300 569 laudes
2353 532 2472 570 cum
2530 532 2739 572 summo
2789 518 2966 574 studio
3019 521 3250 576 creatori
3320 533 3506 583 nostro

277 601 388 659 tota
416 591 502 644 die
539 591 798 646 conviviis
820 601 873 646 et
902 592 1105 662 poculis
1131 601 1408 660 vacantes,
1428 602 1484 650 et
1517 609 1651 664 pene
1673 595 1840 666 usque
1940 591 2164 656 referre.
2201 602 2331 657 Nam
2359 605 2577 675 reliquae
2598 607 2742 662 horae
2766 609 2965 664 nostris
2999 611 3186 666 usibus
3215 623 3342 668 sunt
3381 630 3510 671 con-

273 686 323 736 iu
356 682 529 736 noctis
553 681 786 748 medium
813 683 896 738 vel
944 699 1113 754 usque
1165 685 1230 739 ad
1279 684 1548 756 gallorum
1591 698 1833 752 cautum,
1940 709 2126 747 ccssae.
2156 694 2299 763 Quas
2321 697 2366 751 si
2409 699 2748 770 negligimus,
2795 711 3110 758 sanctorum
3155 703 3377 761 Patrum
3424 708 3508 762 in-

272 780 382 838 θυι,
415 787 480 826 θο
531 771 780 842 amplius.
822 773 1048 840 δῖνονεῑε
1096 776 1314 830 student
1365 777 1671 845 potionibus
1725 795 1835 834 sua:
1939 786 2144 841 stitutis
2183 789 2785 860 contraimus,‘quibus
2829 795 3102 849 contraire
3142 797 3502 866 periculosum

268 863 581 918 satisfacere
628 862 1148 934 voluntati;quibus
1179 867 1431 920 convenit
1489 867 1638 932 illud,
1691 883 1794 938 quo

1937 887 2039 931 est.
2063 878 2247 948 Neque
2267 879 2406 933 enim
2423 889 2645 950 possunt
2659 883 3088 939 communionem
3111 862 3310 943 sanctae
3328 889 3506 945 Eccle-

266 956 398 1012 dixit
426 955 657 1025 Spiritus
686 965 904 1012 sanctus
944 973 1043 1027 per
1069 957 1408 1013 Salomonem
1433 976 1449 1012 :
1477 955 1576 1012 Cui
1616 960 1730 1014 me?
1750 977 1794 1013 cr

1935 968 2029 1023 size
2053 969 2270 1034 habere,
2299 970 2389 1039 qui
2420 972 2534 1041 ejus
2559 971 2824 1038 instituta,
2880 975 2982 1030 etsi
3009 991 3116 1030 non
3144 978 3342 1042 verbis,
3371 983 3499 1050 ope-

255 1043 348 1137 jus
382 1045 522 1113 patri
554 1045 671 1099 me?
699 1047 783 1102 cui
824 1046 952 1101 rixa:
977 1048 1003 1100 .9
1035 1048 1120 1101 cui
1145 1055 1304 1116 [avere
1328 1047 1354 1101 Ρ
1384 1049 1468 1101 cui
1515 1049 1625 1102 sine
1676 1067 1834 1104 causa
1937 1057 2086 1113 ribus
2115 1074 2242 1112 vero
2268 1074 2578 1130 Oppugnare
2594 1061 2869 1117 nituntur:
2895 1065 3205 1135 dum,quod
3227 1043 3496 1137 permaxi-

261 1132 472 1186 vulnera
498 1135 523 1187 .’
543 1136 630 1225 cui
659 1137 885 1204 suﬂ'usio
907 1135 1178 1192 oculorum
1207 1134 1446 1192 tNonne
1472 1139 1552 1193 liis
1575 1141 1664 1210 qui
1693 1157 1831 1194 com-
1934 1165 2080 1204 mum
2110 1159 2212 1216 est,
2247 1150 2300 1204 in
2331 1161 2516 1206 sancta
2542 1152 2780 1212 Ecclesia
2828 1154 2896 1225 (si
2951 1132 3098 1210 cum—
3123 1132 3388 1215 charitate
3442 1169 3500 1216 et

258 1231 531 1320 morantur
578 1221 631 1275 in
660 1223 840 1320 mino;
875 1226 1172 1320 etjtudent
1227 1224 1474 1320 calicibus
1517 1230 1786 1320 epolftnfiis
1807 1230 1833 1284 ?
1933 1240 2109 1295 studio
2135 1241 2352 1310 pietatis
2372 1244 2702 1315 peragatur),
2731 1244 2783 1299 id
2808 1221 2912 1313 est,
2936 1245 3108 1300 laudis
3134 1247 3328 1304 divium
3352 1249 3496 1320 psal-

256 1307 443 1380 (Prov.
479 1312 747 1376 “111,29,
778 1313 892 1384 50.)
936 1313 1002 1370 Et
1048 1313 1173 1368 illud
1227 1317 1504 1386 propheta:
1549 1335 1561 1370 :
1614 1316 1794 1372 Cithar

1933 1330 2110 1385 modia
2139 1332 2430 1398 modulata,
2463 1345 2518 1388 et
2548 1335 2836 1391 missarum
2885 1335 3170 1402 solemnia,
3202 1353 3301 1394 nec
3353 1349 3492 1396 tent-

252 1409 303 1453 ει
343 1399 458 1496 (ilia
488 1410 535 1455 ει
573 1413 970 1496 tympanum.”
1009 1405 1136 1458 Ιὶὂία
1159 1414 1206 1458 ει
1246 1406 1422 1459 tinum
1478 1407 1532 1459 δη
1585 1408 1828 1463 conviviis
1929 1421 2150 1492 poribus
2177 1423 2450 1493 congruis,
2481 1439 2580 1479 nec
2611 1399 3490 1496 religiosiscelebraniaffectibus.

255 1492 554 1556 eestris;et
609 1509 736 1562 opus
805 1493 1016 1549 Domini
1064 1512 1167 1551 non
1211 1497 1487 1567 respicitis,
1539 1515 1629 1552 nec
1675 1515 1794 1569 aper

1929 1511 2044 1569 Non
2071 1513 2213 1570 enim
2245 1492 2368 1568 talia
2400 1514 2678 1570 referendo
2710 1529 2803 1570 vos
2832 1516 3087 1571 denotare
3113 1517 3252 1584 volo,
3277 1519 3395 1585 sed,
3421 1535 3492 1576 ne

259 1595 517 1635 manuum
541 1582 655 1652 ejus
681 1585 1020 1639 consideratis
1068 1585 1202 1655 (ιτα.
1261 1602 1314 1649 v,
1369 1585 1477 1658 12).
1531 1587 1620 1642 Isti
1674 1588 1794 1645 tales

1928 1607 2013 1663 bis
2047 1607 2441 1678 participemini
2467 1607 2757 1663 admonere
2783 1623 2988 1662 summa
3013 1609 3330 1666 humilitatis
3359 1611 3489 1666 sub-

245 1670 422 1771 magis
468 1671 746 1728 studentes
800 1674 1109 1730 hominibus
1177 1675 1389 1746 placere
1451 1693 1612 1747 quam
1667 1679 1814 1747 Deo,
1921 1670 2155 1769 jecu'one
2183 1670 2734 1769 ριῖωευωοείιιεοιιυθ
2782 1697 2880 1752 ss,
2937 1697 3179 1765 patrum,
3230 1716 3350 1771 qua;
3403 1716 3487 1756 se-

240 1763 560 1862 ιξῖῖυείιυπω
592 1767 882 1862 εξοτωῖῑυηι
907 1779 1052 1834 eam:
1081 1779 1376 1827 ιιοοιυνηθε
1425 1773 1652 1845 νίεῑιίτιε.
1685 1775 1823 1831 δεξί’
1860 1860 1875 1862 _
1921 1763 2353 1862 itumitum-dicta
2376 1805 2544 1860 pauca
2571 1763 2742 1846 obtuli
2796 1799 2888 1855 ut,
2941 1790 3132 1845 horum
3166 1763 3487 1850 Vde-vitantes

241 1854 396 1926 diose
447 1856 819 1926 persolventes
850 1899 865 1922 ,
917 1869 1090 1914 stratu
1140 1876 1265 1916 mox
1311 1862 1596 1928 decubant,
1653 1865 1791 1922 done

1924 1899 2166 1942 errorem
2198 1891 2253 1939 et
2296 1883 2520 1938 istorum
2567 1891 2854 1953 sequentes
2900 1882 3225 1954 exemplum,
3252 1886 3483 1956 irrepre-

237 1943 438 2001 iterum
469 1950 678 2015 tempus
708 1947 1064 2002 manducandi
1115 1956 1170 2003 et
1199 1950 1414 2005 bibendi
1439 1952 1640 2008 redeat.
1689 1953 1794 2008 Sur

1923 1974 2260 2030 liensibiliter
2285 1989 2466 2029 coram
2495 1974 2606 2029 Deo
2628 1943 2686 2030 et
2703 1973 3012 2028 hominibus
3038 1943 3344 2030 Iiivinitatis
3359 1943 3486 2044 ope-

234 2042 433 2103 gentes
459 2049 586 2090 vero
611 2035 736 2090 dum
767 2037 1107 2094 se'vestibus
1156 2037 1403 2105 induunt,
1452 2040 1642 2095 diurna
1695 2058 1794 2113 per

1919 2081 1979 2119 ra
2035 2065 2230 2119 divinis
2284 2064 2445 2133 digna
2501 2064 2878 2134 conspectibus
2925 2074 3140 2119 strenue
3193 2063 3246 2118 in
3299 2072 3482 2122 vestra

232 2121 406 2190 agunt
429 2121 625 2188 oﬂicia,
655 2132 907 2192 putantes
936 2124 1037 2180 sibi
1085 2125 1334 2183 sufﬁcere
1361 2142 1520 2198 posse
1547 2129 1593 2183 si
1623 2131 1794 2186 salten

1918 2153 2156 2208 Ecclesia
2184 2153 2578 2222 persolvantur,
2602 2162 2885 2222 quatenus,
2909 2152 3047 2206 sicut
3075 2151 3193 2206 aliis
3219 2152 3479 2208 mirandis

229 2227 455 2282 quoquo
506 2213 663 2268 modo
712 2213 799 2268 illa
855 2215 1177 2282 decanteut;
1239 2217 1408 2288 ignari
1465 2219 1593 2288 quia
1655 2221 1802 2276 horae

229 2312 364 2357 sunt
392 2304 444 2356 in
475 2312 658 2359 sancta
687 2305 924 2361 Ecclesia
954 2307 1280 2372 constitutae,
1311 2309 1509 2378 quibus
1536 2326 1635 2381 per
1660 2311 1805 2367 diem

227 2401 289 2448 et
315 2400 528 2447 noctem
557 2393 752 2448 divinae
779 2395 1058 2450 servitutis
1084 2395 1262 2451 ofﬁcia
1295 2397 1691 2466 persolvantur,
1753 2399 1806 2456 id

225 2490 338 2548 est,
363 2483 704 2545 matutinum,
744 2485 936 2554 prima,
963 2485 1145 2550 tertia,
1177 2495 1348 2551 sexta,
1373 2502 1536 2554 nona,
1559 2503 1803 2558 vespera,

226 2571 671 2642 completorium.
706 2573 780 2628 De
806 2573 892 2629 liis
917 2575 1061 2629 enim
1093 2576 1233 2630 dixit
1258 2575 1564 2647 Pr0pheta:
1612 2576 1809 2648 Septies

223 2664 285 2718 in
311 2663 398 2718 die
427 2664 634 2720 laudem
663 2667 774 2721 dixi
811 2667 902 2721 tibi
927 2665 1100 2739 (Psal.
1131 2683 1318 2735 cxvin,
1347 2670 1456 2742 64).
1481 2669 1558 2726 De
1589 2679 1810 2727 noctur-

224 2755 318 2810 nis
347 2771 478 2812 vcro
521 2758 720 2827 vigiliis
746 2759 822 2813 ait
849 2777 862 2813 :
890 2759 1066 2815 Media
1096 2772 1242 2816 nocte
1265 2763 1539 2834 surgebam
1566 2764 1635 2818 ad
1684 2781 1809 2819 con-

217 2843 481 2912 ﬁtendum
509 2845 600 2898 tibi
623 2846 815 2916 (Ibid.,
837 2849 950 2918 62).
980 2850 1084 2904 Sed
1109 2859 1164 2906 et
1181 2847 1250 2906 de
1279 2851 1555 2908 matutinis
1577 2852 1701 2908 alibi
1728 2853 1810 2909 di-

218 2936 301 2989 cit
331 2949 345 2988 :
375 2935 440 2988 In
492 2939 763 2993 matutinis
815 2939 1103 2995 meditabor
1137 2942 1208 2996 in
1255 2953 1326 3008 te,
1379 2945 1502 3014 quia
1555 2953 1611 2998 tu
1661 2945 1806 3013 fuisti

217 3025 444 3096 adjutor
465 3043 610 3082 meus
655 3027 828 3099 (Psal.
884 3046 1015 3097 un,
1073 3031 1146 3102 7).
1201 3032 1257 3087 lu
1305 3034 1426 3089 istis
1473 3035 1616 3090 enim
1642 3036 1803 3092 debe-

243 3227 2607 3259 Mm

1917 2254 1971 2298 et
2003 2242 2410 2313 magniﬁcandis
2463 2244 2708 2313 prteclari
2759 2244 2891 2298 estis
2943 2243 3216 2312 operibus,
3270 2243 3324 2298 in
3381 2243 3487 2298 hoc

1914 2335 2078 2390 etiam
2109 2333 2227 2388 sitis
2249 2331 2531 2404 perlucidi,
2565 2341 2622 2388 ut
2650 2332 2896 2390 exemplo
2944 2343 3126 2388 vestro
3177 2332 3483 2390 corrieatur

1913 2425 2345 2496 Supradictorum
2374 2425 2606 2495 ignavia.

1984 2513 2130 2580 Haec,
2158 2514 2371 2570 domine
2395 2513 2576 2579 Pater,
2605 2530 2725 2586 quae
2749 2515 2864 2570 solo
2895 2514 3175 2570 cbaritatis
3231 2522 3287 2570 et
3332 2529 3482 2570 amo-

1918 2605 1995 2662 ris
2022 2604 2278 2660 instinctu
2309 2619 2478 2673 pauca
2505 2605 2692 2677 collegi
2715 2621 2781 2662 ex
2811 2606 3075 2678 pluribus,
3123 2606 3248 2661 licet
3294 2615 3478 2661 vestra

1915 2696 2187 2767 sagacitas
2211 2695 2444 2766 potiora,
2477 2695 2620 2752 sicut
2641 2705 2766 2752 sunt
2793 2696 2846 2750 in
2875 2694 3034 2752 dictis
3081 2695 3304 2750 Patrum
3353 2710 3478 2750 san‘

1915 2798 2142 2854 ctorum,
2171 2789 2348 2846 valeat
2371 2789 2632 2854 invenire,
2653 2787 2954 2862 gratissimo
2976 2787 3232 2858 suscipite
3257 2783 3475 2851 aﬂ'ectu,

1913 2889 1973 2939 ut
1998 2896 2151 2938 meus
2178 2880 2330 2938 labor
2355 2889 2536 2936 vestro
2587 2877 2896 2951 perﬁciatur
2945 2875 3142 2932 studio.
3185 2875 3328 2930 Bene
3379 2889 3476 2928 vos

1912 2974 2090 3031 valere
2111 2989 2321 3048 semper
2333 2982 2461 3047 opto
2487 2973 2541 3028 in
2563 2972 2786 3028 Domino
2807 2970 2970 3027 vestri
2993 2969 3222 3042 benigne
3245 2981 3470 3022 memor.

2693 3237 3343 3244 _______,
3368 3237 3441 3240 ef

783 3387 910 3472 DE
986 3391 1323 3467 LAUDE
1379 3390 2006 3470 PSALMOBUM
2075 3390 2206 3470 ET
2265 3389 2834 3475 PSALTERIL

1133 3590 1233 3651 Ea:
1269 3593 1638 3673 prwfatt'one
1677 3590 2044 3654 Cassiodori
2084 3592 2152 3654 in
2191 3588 2491 3651 Psalmos.

293 3889 541 3960 Repulsis
585 3887 872 3960 aliquando
902 3888 956 3942 in
987 3851 1283 3946 Ravennati
1313 3891 1445 3946 urbe
1469 3889 1784 3946 sollicitudi—
1813 3893 1861 3956 ο
1961 3887 2089 3955 Sed,
2139 3896 2198 3943 ut
2226 3891 2448 3960 quidam
2479 3889 2545 3945 de
2571 3885 2807 3943 Homero
2835 3885 2912 3942 ait
2940 3903 2954 3941 :
2989 3885 3121 3943 Tale
3145 3895 3227 3942 est
3255 3886 3320 3943 de
3341 3887 3460 3960 ejus

202 3982 380 4036 nibus
405 3980 746 4052 dignitatum,
771 3987 826 4033 et
849 3979 994 4034 curis
1022 3979 1370 4036 secularibus
1409 3981 1570 4035 noxio
1597 3993 1791 4050 sapore

201 4072 477 4137 conditis,
527 4087 648 4127 cum
699 4070 951 4127 Psalterii
1002 4073 1238 4128 caelestis
1285 4074 1588 4128 animarum
1631 4073 1790 4129 mella

195 4169 538 4232 gustassem,
567 4160 620 4214 id
649 4161 790 4232 quod
813 4161 986 4217 solent
1015 4162 1382 4218 desiderantes
1412 4163 1650 4230 eﬂicere,
1680 4165 1791 4220 avi-

197 4253 319 4308 dus
371 4269 457 4308 mc
487 4261 855 4323 perscrutator
887 4253 1104 4325 ingessi,
1137 4265 1196 4310 ut
1219 4255 1359 4310 dicta
1389 4255 1643 4310 salutaria
1669 4271 1791 4310 sua-

197 4344 362 4398 viter
395 4342 708 4398 imbiberem
736 4353 857 4413 post
885 4345 1254 4400 amarissimas
1283 4345 1540 4400 actiones.
1575 4345 1683 4401 Sed
1705 4344 1789 4399 fa-

200 4433 446 4490 miliaris
477 4434 856 4490 inchoantibus
880 4437 1116 4490 occurrit
1137 4437 1454 4500 obscuritas,
1479 4451 1598 4505 qua:
1625 4435 1790 4491 variis

194 4530 298 4577 est
344 4521 550 4590 intexta
590 4524 838 4593 personis
866 4534 920 4579 et
951 4523 1122 4578 velata
1154 4524 1442 4595 parabolis.
1476 4525 1598 4581 Haec
1627 4527 1678 4581 in
1710 4527 1789 4582 di-

193 4615 320 4692 ctis
343 4601 594 4670 vitalibus
623 4616 784 4692 noxia
825 4616 1253 4672 dissimulatione
1294 4617 1623 4686 prteteritur,
1659 4619 1785 4674 dum

192 4691 358 4776 Saepe
392 4707 520 4762 illud
554 4691 780 4779 reperiri
808 4708 944 4764 solet
973 4707 1305 4778 ambiguum,
1330 4707 1470 4776 quod
1497 4709 1673 4780 magni
1703 4724 1788 4765 sa-

191 4789 477 4872 cramenti
502 4806 677 4868 gestat
704 4814 984 4871 arcanum.
1017 4798 1168 4853 Tunc
1199 4799 1264 4852 ad
1289 4800 1573 4871 Augustini
1604 4799 1782 4856 facun-

193 4885 420 4940 dissimi
468 4882 646 4941 Patris
687 4875 900 4959 confugi
931 4881 1359 4958 opinatissimam
1387 4887 1686 4951 lectionem,
1730 4889 1784 4942 in

193 4989 321 5044 qua
350 4984 494 5056 tanta
515 4987 636 5033 erat
679 4977 832 5048 (Opia
872 4985 1127 5056 congesta
1158 4975 1447 5043 dictorum,
1477 4985 1537 5032 ut
1561 4977 1782 5032 retineri

193 5068 298 5121 vix
331 5053 492 5137 possit
516 5065 800 5136 relectum,
823 5053 1207 5142 quodiabunde
1228 5071 1440 5149 videtur
1457 5071 1778 5142 expositum.

192 5164 404 5228 Credo,
451 5183 576 5224 cum
623 5167 784 5222 nimis
819 5167 1006 5221 avidos
1033 5162 1660 5236 populos'ecclesiasticis
1689 5151 1778 5224 da.-

167 5255 361 5335 'pi_bus
396 5260 617 5332 explere

187 5345 428 5387 ῗιν¹⁰⁴κησδ
439 5364 452 5388 Ι
462 5354 547 5386 ἴση
557 5349 598 5382 ἶο

651 5339 945 5400 emanavit.
991 5349 1272 5418 Quocirca,
1318 5368 1527 5412 memor
1551 5338 1768 5420 inﬁrmi-

1067 5455 1144 5462 ”···’
1159 5439 1274 5480 λοι-η
1301 5445 1630 5484 ηαιιιπηηνιιηὶ
1657 5436 1762 5484 Γηιιικ

665 5245 837 5333 cupit,
877 5248 1178 5314 necessario
1212 5259 1406 5316 fluenta
1441 5269 1550 5316 tam
1579 5273 1776 5329 magna:
1803 5259 1874 5326 ι)

1897 3995 2058 4036 sensu
2107 3979 2309 4050 aliquid
2347 3979 2649 4049 subripere,
2695 3976 2852 4047 quale
2891 3974 3108 4031 Herculi
3156 3976 3364 4033 clavam
3400 3979 3467 4033 de

1895 4087 2056 4127 manu
2083 4071 2288 4127 tollere.
2313 4072 2411 4127 Est
2437 4070 2582 4126 enim
2613 4069 2911 4124 litterarum
2935 4069 3176 4124 omnium
3209 4069 3466 4138 magister

1897 4162 2176 4234 egregius;
2221 4172 2296 4228 et,
2347 4162 2490 4234 quod
2517 4162 2572 4215 in
2597 4161 2841 4214 ubertate
2870 4175 3050 4212 rarum
3082 4166 3187 4223 est,
3215 4159 3464 4214 cautissi-

1893 4270 2013 4309 nius
2051 4255 2367 4324 disputator.
2413 4250 2659 4308 Decurrit
2705 4249 2902 4319 quippe
2936 4259 3191 4319 tanquam
3215 4248 3337 4303 fons
3366 4264 3464 4319 pu-

1892 4345 2158 4408 rissimus,
2189 4343 2334 4399 nulla
2363 4343 2492 4399 fzece
2515 4340 2768 4413 pollutus,
2791 4339 2885 4394 sed
2916 4339 2968 4394 in
2993 4339 3304 4409 integritate
3335 4339 3459 4394 ﬁdei

1890 4453 2264 4509 perseverans.
2305 4437 2490 4493 Nescit
2528 4435 2800 4492 haereticis
2823 4434 2974 4498 dare,
2999 4434 3141 4488 unde
3169 4447 3226 4487 se
3250 4431 3462 4503 possint

1891 4529 2068 4600 aliqua
2117 4529 2497 4585 colluctatione
2557 4525 2866 4582 defendere.
2921 4523 3088 4579 Totus
3134 4523 3456 4586 catholicus,

1891 4629 2036 4675 totus
2060 4619 2393 4674 orthodoxus
2433 4617 2741 4672 invenitur:
2774 4624 2829 4671 et
2873 4615 2925 4670 in
2975 4613 3217 4669 Ecclesia
3246 4611 3458 4668 Domini

1888 4712 2212 4771 suavissimo
2235 4713 2412 4767 nitore
2437 4709 2808 4777 resolcudens,
2834 4707 3050 4780 superni
3086 4705 3304 4760 luminis
3345 4703 3453 4758 cla-

1879 4803 2050 4864 ritate
2071 4802 2266 4856 radiat.

1962 4891 2213 4959 Quaedam
2235 4906 2382 4961 ,vero
2422 4888 2632 4944 noviter
2669 4885 2913 4955 inventa,
2943 4894 3068 4958 post
3107 4891 3217 4937 tam
3247 4880 3461 4936 mirabi-

1893 4989 1999 5046 lem
2029 4985 2360 5054 magistrum,
2387 4980 2499 5037 sola
2530 4977 2746 5033 Domini
2781 4974 3200 5054 praesumptione
3236 4969 3462 5040 subieci,

1898 5075 1990 5156 Qui
2046 5073 2278 5148 parvulis
2320 5070 2722 5132 conﬁdentiam,
2765 5076 2931 5133 (τεθεὶς
2952 5069 3147 5125 visum,
3175 5062 3336 5116 mutis
3362 5071 3471 5112 ser-

1903 5185 2135 5237 monem,
2161 5166 2338 5223 surdis
2362 5170 2580 5238 praestat
2609 5160 2896 5227 auditum.

1983 5262 2146 5330 Quem
2184 5257 2326 5312 enim
2372 5255 2608 5314 codicem
2654 5249 2858 5320 etiam
2891 5268 2984 5333 per
3005 5245 3074 5302 50
3104 5239 3334 5339 psalmos
3359 5246 3482 5339 curn

1907 5327 2312 5437 praifationibus
2361 5349 2471 5405 suis
2500 5341 2656 5437 trina
2682 5353 2850 5412 su“,
2872 5327 3495 5437 d'ivisionegpartitusn:

1908 5416 1967 5491 ΖΙ
1995 5443 2205 5482 ωιτη-ἓως
2228 5437 2419 5472 "Nam
2443 5429 2753 5470 αηηῖηιυῖιιιιρ
2801 5438 2978 5479 “nunc
3004 5441 3061 5464 ρο
3083 5416 3347 5457 ηιιιιιιι-..ηο
3371 5420 3496 5443 σιω-
