4006 5536
543 348 680 406 ηοδ

1356 340 1643 405 APPEND.
1683 339 1774 395 AD
1813 336 1986 419 SlEC.
2028 335 2119 395 IX.
2160 367 2227 377 —
2265 335 2636 396 AUCTORES
2670 339 3009 407 ANONYML

3621 348 3737 417 tm.

541 462 1034 540 sus..Quapropter
1068 458 1322 519 mandato
1372 457 1583 513 Domini
1609 455 1963 521 confldentes,
2007 466 2118 508 cce-
2143 457 2191 517 Α
2220 452 2386 517 deret,
2419 451 2472 506 in
2505 467 2609 506 ιιι
2639 453 2846 523 psalmo
2869 455 3107 511 dicturus
3141 461 3224 508 est
3254 471 3267 507 :
3300 453 3409 526 Ego
3440 466 3606 512 autem
3632 476 3741 523 eum

543 556 696 614 lestis
742 552 983 628 mysterii
1029 552 1264 609 claustra
1304 549 1600 623 pulsemus,
1629 558 1689 604 ut
1715 548 1920 620 aperiat
1947 544 2121 601 sensi-

543 646 646 714 bus
686 643 888 699 nostris
920 636 1182 697 ﬂoriferas
1218 640 1395 706 sedes,
1427 649 1692 711 quatenus
1715 639 1769 693 in
1794 637 1885 694 illo
1911 636 2117 693 cmlesti

545 734 796 805 paradiso
838 732 1145 787 salutariter
1174 728 1484 795 introducti,
1517 726 1777 799 spiritalia
1811 740 1970 798 poma
1999 725 2119 781 sine

547 823 723 892 aliqua
745 820 904 891 primi
930 819 1162 875 hominis
1189 818 1615 890 transgressione
1641 830 1946 889 carpamus.
1975 813 2117 869 Vere

547 928 802 970 coruscus
848 910 1006 977 liber,
1047 924 1226 969 sermo
1272 908 1574 980 lampabilis
1611 920 1659 973 α,
1709 924 1840 962 cura
1883 904 2114 962 sauciati

548 1004 748 1070 cordis,
778 1008 932 1057 tavus
969 997 1246 1057 interioris
1272 1000 1527 1068 hominis,
1556 1001 1722 1072 pinax
1753 998 2117 1071 spiritualium

548 1109 925 1166 personarum,
954 1092 1286 1149 occultarum
1336 1090 1515 1163 lingua
1559 1092 1823 1146 virtutum
1853 1107 1868 1144 :
1896 1089 1988 1160 qui
2030 1088 2117 1143 in-

549 1187 715 1243 clinat
744 1185 1005 1258 superbos
1030 1182 1343 1249 humilitati,
1374 1197 1527 1254 reges
1548 1168 1873 1253 pauperibus
1898 1179 2118 1236 subdit:

2217 541 2411 596 fitebor
2459 540 2557 596 tibi
2605 541 2659 596 in
2707 542 2853 597 vasis
2901 543 3227 615 psalmorum
3276 545 3544 600 veritatem
3597 558 3735 608 tuam.

2215 632 2442 698 Revera,
2469 648 2600 689 vasa
2628 634 2901 700 veritatis,
2929 650 3050 708 quae
3079 642 3161 690 tot
3183 634 3410 691 virtutes
3432 638 3653 707 capiunt,
3678 650 3741 700 tot

2217 728 2416 785 divinis
2446 727 2704 803 odoribus
2736 728 3058 797 farciuntur,
3109 736 3191 785 tot
3237 727 3501 784 thesauris
3542 732 3741 790 emtesti

2217 816 2319 873 bus
2361 816 2726 874 cumulantur.
2773 817 3011 889 Hydriae,
3043 832 3162 888 quae
3191 817 3374 873 vinum
3401 818 3607 874 caeleste
3634 824 3739 878 reci-

2216 908 2450 980 pientes,
2481 908 2778 980 puritatem
2805 909 2922 980 ejus
2963 921 3181 978 semper
3225 907 3279 961 in
3323 908 3556 964 novitate
3597 922 3745 966 custo-

2218 999 2394 1055 diunt.
2422 998 2660 1055 Dulcedo
2697 998 2978 1065 mirabilis,
3003 1012 3122 1069 quae
3145 997 3326 1053 saaculi
3356 999 3745 1069 corruptionibus

2221 1108 2331 1149 non
2365 1091 2605 1157 acescit;
2641 1092 2735 1146 sed
2758 1091 2812 1147 in
2840 1105 2936 1145 sna
2965 1103 3289 1161 permanens
3312 1089 3584 1161 dignitate,
3607 1092 3745 1161 gratia

2219 1196 2437 1255 semper
2499 1182 2810 1255 purissimae
2872 1181 3157 1238 suavitatis
3219 1190 3465 1252 augetur.
3514 1180 3747 1252 Apotheca

550 1275 863 1331 atl‘abilitate
907 1272 1159 1346 parvulos
1210 1271 1404 1328 nutrit.
1458 1270 1671 1340 Quanta
1713 1269 1858 1326 enim
1897 1269 2007 1327 illic
2036 1275 2121 1325 est

551 1365 891 1438 pulchritudo
914 1380 1188 1431 sensuum,
1212 1372 1269 1420 et
1285 1362 1602 1419 stillantium
1638 1360 1907 1418 medicina
1934 1359 2124 1416 verbo-

552 1468 757 1525 rum,nt
770 1460 962 1515 merito
976 1460 1064 1514 hic
1079 1458 1206 1516 illud
1220 1456 1525 1514 Salomonis
1536 1462 1750 1528 aptetur
1762 1453 1906 1526 quod
1917 1450 2053 1507 dixit
2065 1449 2121 1506 in

554 1536 1403 1609 Canticocanticorumztllortus
1422 1545 2123 1617 conclusus,etfonssigna-
2222 1563 2481 1620 organum
2535 1548 2788 1604 humanis
2838 1548 3059 1607 vocibus
3104 1548 3448 1603 aminlantur.
3517 1549 3748 1606 Tubarum

556 1652 659 1709 tus,
678 1643 953 1715 paradisus
981 1641 1170 1713 plenus
1195 1641 1435 1698 omnium
1462 1654 1745 1713 pomorum
1772 1634 1948 1710 (Cant.
1978 1633 2073 1708 tv).
2096 1652 2116 1687 ι
2229 1637 2438 1693 sonitus
2477 1636 2850 1707 grandiloquis
2887 1637 3211 1693 clamoribus
3249 1638 3499 1693 reddunt.
3541 1637 3748 1696 Vocalem

556 1734 712 1791 Modo
738 1734 881 1790 enim
912 1732 1130 1804 quidam
1163 1730 1498 1788 Psalmorum
1532 1728 1760 1786 salutari
1784 1725 2123 1785 institutione
2158 1805 2181 1807 Α
2224 1728 2496 1785 citharam
2522 1727 2815 1782 viventium
2839 1728 3161 1807 chordarum
3192 1729 3545 1801 permistione
3571 1746 3751 1803 compo-

553 1824 791 1889 formati,
828 1821 1073 1879 turbidos
1101 1829 1156 1877 et
1195 1831 1588 1894 tempesmosos
1613 1818 1824 1874 animos
1848 1814 2122 1872 declinant
2154 1805 2206 1869 Β
2230 1826 2388 1875 nunt.
2411 1817 2480 1874 Et
2499 1816 2759 1888 quidquid
2787 1805 2918 1873 ante
2940 1817 3310 1876 instrumentis
3330 1821 3553 1877 musicis
3572 1820 3755 1878 videns.

554 1916 623 1970 ad
660 1913 933 1985 limpidam
968 1919 1024 1967 et
1058 1910 1554 1982 tranquillissimam
1585 1909 1774 1963 vitam.
1808 1905 1965 1963 Modo
1995 1919 2120 1976 pro-
2162 1958 2171 1969 ,
2226 1919 2317 1966 tur
2366 1907 2477 1982 agi,
2523 1923 2667 1964 nunc
2707 1909 2970 1980 probatur
2997 1924 3094 1981 per
3126 1911 3420 1969 rationales
3470 1912 3756 1969 substantias

553 2003 830 2059 mittentes
856 2002 1025 2056 Deum
1061 2009 1282 2072 propter
1313 2000 1545 2055 salutem
1583 1996 1916 2053 credentium
1944 1994 2124 2051 visna-
2222 1999 2504 2074 explicari.
2524 2000 2928 2068 Verumtamen,
2953 2017 3293 2075 nequaquam
3319 2004 3499 2073 nobis,
3525 2013 3583 2060 ιιι
3600 2005 3758 2077 psum.

553 2093 675 2150 liter
718 2092 1144 2159 humanandum,
1183 2092 1332 2171 et_ad
1366 2089 1715 2160 iudicandum
1764 2089 1954 2145 orbem
2004 2100 2124 2142 esse
2224 2095 2308 2153 cis
2345 2094 2675 2165 inermisque
2715 2095 3046 2151 vernandum
3077 2104 3181 2162 est,
3212 2096 3324 2168 qui,
3353 2098 3484 2155 dum
3510 2099 3660 2155 verba
3685 2115 3758 2154 no-

555 2193 865 2249 venturum,
912 2183 1071 2239 modo
1116 2191 1463 2238 commonent
1498 2180 1756 2256 lacrymis
1782 2188 2005 2250 peccata
2036 2178 2120 2233 di-
2223 2193 2339 2241 sua
2386 2193 2656 2241 conantur
2697 2184 2919 2249 imitari,
2951 2184 3078 2257 quid
3117 2194 3294 2242 tamen
3322 2196 3545 2258 canam,
3571 2203 3758 2244 noscun.

555 2276 731 2342 luere,
768 2273 1120 2346 elcemosynis
1147 2273 1342 2328 delicta
1373 2287 1585 2339 curare,
1617 2270 1777 2328 modo
1802 2269 1974 2325 sacris
2000 2281 2123 2325 ora-
2226 2283 2315 2330 tur
2348 2273 2524 2331 modis
2549 2273 2803 2331 omnibus
2846 2273 3117 2346 ignorare.
3151 2275 3319 2337 Malos
3343 2278 3606 2349 siquidem
3636 2279 3758 2333 blan-

557 2367 791 2447 tiouibus
811 2374 1122 2422 reverenter
1158 2364 1397 2431 attoniti,
1424 2363 1585 2420 modo
1610 2359 1822 2417 Hebraei
1853 2356 2124 2431 alphabeti
2226 2365 2356 2421 dum
2405 2362 2618 2420 animos
2661 2362 2926 2432 oblectat;
2962 2363 3058 2422 sed
3091 2380 3202 2422 non
3227 2366 3507 2437 compellit
3533 2367 3594 2423 ad
3619 2368 3759 2439 lacry-

555 2460 755 2516 virtute
790 2456 1065 2529 profundi,
1090 2456 1246 2512 modo
1274 2456 1340 2512 de
1364 2455 1617 2528 passione
1646 2462 1702 2509 et
1729 2451 2126 2509 resurrectione
2225 2470 2346 2512 mas
2388 2454 2717 2512 fructuosas.
2761 2453 3065 2513 Permuleet
3112 2471 3293 2523 aures,
3322 2452 3444 2513 sed
3471 2474 3577 2515 non
3606 2458 3665 2513 ad
3688 2473 3759 2514 su-

554 2548 769 2613 Domini
809 2546 1067 2603 salutaria
1109 2544 1490 2627 praedicantes,
1525 2542 1682 2599 modo
1713 2541 2123 2598 lamentantium
2223 2562 2396 2619 perna
2421 2546 2582 2618 erigit
2619 2546 2923 2603 audientes.
2949 2544 3125 2603 Corde
3159 2560 3339 2603 autem
3364 2550 3760 2625 compungimur,

554 2638 923 2717 deploratione
966 2637 1221 2708 piissimi,
1267 2635 1427 2693 modo
1478 2648 1733 2691 versuum
1778 2631 2123 2704 repetitione,
2227 2641 2273 2700 si
2294 2640 2437 2712 quod
2466 2654 2563 2695 ore
2592 2639 2844 2706 dicimus,
2879 2640 3311 2697 animadvertere
3335 2641 3632 2708 valeamus,
3654 2643 3763 2699 sicut

554 2732 800 2803 quietiam
829 2716 1003 2786 nobis
1054 2736 1391 2786 sacramenta
1419 2725 1738 2799 pandentes,
1766 2724 1925 2782 modo
1952 2724 2125 2780 canti-
2227 2735 2285 2789 in
2336 2731 2605 2789 Psalterio
2657 2729 3111 2801 legitur:Beatus
3153 2731 3398 2802 populus,
3446 2734 3535 2803 qui
3564 2731 3761 2804 intelligit

552 2838 741 2880 eorum
791 2821 1056 2895 graduum
1116 2820 1431 2877 ascensione
1477 2816 1793 2885 mirabiles;
1851 2824 2126 2893 postremo
2218 2827 3007 2903 jubilationem(Psal.|.xxxv,
3044 2830 3166 2901 l6);
3196 2839 3250 2884 et
3278 2830 3517 2885 iterum:
3544 2829 3767 2897 ρκσηὶαυι

551 2912 800 2981 supernis
834 2911 1082 2966 laudibus
1109 2909 1342 2966 feliciter
1375 2909 1722 2974 inhaerentes,
1760 2907 1920 2963 beata
1947 2906 2122 2977 copia,

2228 2936 2327 2997 req
2346 2920 2513 2974 omnis
2540 2930 2694 2975 terrte
2722 2920 2889 2987 Deus,
2930 2918 3140 2992 psallite
3164 2921 3432 2989 sapienter
3457 2918 3622 2991 (Psal.
3647 2935 3762 2985 xm,

555 3003 927 3075 inexplicabile
956 3001 1302 3067 desiderium,
1340 2998 1977 3072 stupetidaiprol‘unditas.
2008 2996 2125 3052 Non
2226 3011 2306 3084 Β),
2322 2996 2611 3087 philippus
2629 3028 2842 3084 quoque
2863 3012 3139 3085 aposmlus
3163 3026 3287 3067 cum
3308 3013 3514 3083 regina;
3532 3010 3764 3069 eandm

555 3102 732 3165 potest
769 3094 982 3149 animus
1023 3092 1196 3148 ﬁdelis
1232 3091 1455 3163 expleri
1480 3092 1571 3163 qui
1614 3091 1841 3162 coeperit
1875 3091 1999 3145 inde
2030 3104 2122 3144 sa-
2152 3151 2177 3177 Γ

2229 3106 2539 3160 eunuchum
2586 3104 2781 3158 Isaiam
2824 3104 3000 3174 legere
3023 3102 3388 3177 cognovisset,
3424 3090 3707 3174 Scriptum
3724 3104 3765 3171 ei

555 3180 698 3243 tiari.
2152 3151 2196 3212 Ε
2228 3204 2447 3253 sanctas
2489 3202 2859 3264 competenter
2874 3151 3159 3264 Dexposnit.
3198 3190 3301 3261 Qui
3336 3151 3620 3266 postquam
3653 3170 3765 3265 quod

624 3272 826 3329 Psalmi
854 3279 982 3329 sunt
1001 3271 1251 3343 denique,
1274 3286 1367 3342 qut
1388 3287 1545 3328 noots
1575 3281 1758 3345 gratas
1782 3281 1983 3329 tacmnt
2008 3286 2128 3327 esse

2240 3290 2452 3361 legebat
2477 3288 2730 3355 advertit,
2771 3290 2949 3344 statim
2988 3289 3212 3361 gratiam
3245 3290 3591 3359 baptismatis
3614 3292 3766 3365 exqui-

553 3363 783 3435 vigilias,
832 3363 1048 3433 quando
1078 3362 1260 3419 silenti
1310 3373 1487 3429 nocte,
1540 3361 1897 3435 psallentibus
1918 3363 2125 3428 choris,

2233 3384 2380 3457 sivit,
2413 3393 2468 3440 et
2488 3398 2613 3440 mox
2643 3384 2880 3454 perfecte
2908 3399 3135 3441 munera
3188 3383 3381 3441 salutis
3431 3388 3631 3457 accepit
3653 3361 3760 3458 (.lct.

553 3457 810 3548 humana
834 3471 941 3511 νοι
965 3455 1222 3548 erumpit
1250 3454 1634 3548 inmusicam;
1688 3454 1973 3527 verbisque
2011 3463 2127 3548 {me
2230 3491 2353 3540 vm,
2375 3454 2466 3540 '27,
2490 3474 2601 3548 39).
2628 3476 2687 3530 In
2711 3476 2998 3547 Evangelia
3019 3478 3179 3532 etiam
3205 3476 3471 3534 Dominus
3487 3454 3597 3533 ait:
3620 3454 3763 3533 οὲηηίε

554 3544 867 3611 modulatis,
911 3544 979 3600 ad
1023 3542 1175 3600 illum
1220 3544 1396 3600 redire
1437 3544 1587 3612 facit,
1631 3559 1802 3616 aquo
1823 3560 1921 3614 pro
1954 3543 2126 3600 salute

2225 3569 2318 3640 qui
2347 3568 2495 3624 audit
2525 3542 2734 3625 uerbum
2764 3542 2929 3641 regni,
2956 3579 3003 3624 et
3037 3586 3138 3627 non
3161 3569 3427 3641 intelligit,
3453 3571 3585 3625 venit
3608 3569 3760 3631 malas,

555 3636 776 3692 humani
802 3636 1016 3708 generis
1037 3636 1279 3694 divinum
1301 3638 1448 3694 venit
1467 3637 1760 3709 eloquium.
1786 3639 2012 3706 Cantus,
2034 3640 2126 3709 qui

2226 3636 2275 3713 et
2302 3658 2438 3730 rapit
2468 3659 2619 3729 quod
2655 3636 2967 3714 seminata»:
3007 3669 3081 3713 est
3125 3660 3181 3713 ia
3227 3636 3385 3714 corde
3426 3663 3544 3731 ejus
3587 3659 3760 3731 (Haut.

554 3741 717 3784 aures
738 3727 999 3794 oblectat,
1026 3736 1083 3784 et
1103 3728 1315 3784 animas
1347 3729 1590 3794 instruit,
1621 3728 1683 3785 ιιι
1712 3746 1815 3786 vox
1850 3745 1956 3784 una
1983 3729 2127 3801 psal-

2228 3727 2501 3819 “IL-19).
2523 3744 2678 3802 Unde
2699 3762 2938 3818 congrue
2964 3748 3120 3802 datur
3148 3747 3372 3819 intelligi
3408 3727 3527 3815 haec
3552 3727 3647 3803 illis
3668 3762 3761 3817 pro-

554 3816 899 3913 lentium,_et
922 3833 1062 3913 cum
1107 3819 1314 3913 angelis
1331 3818 1461 3913 ADei,
1492 3834 1631 3890 quos
1660 3820 1848 3913 audire
1875 3835 1980 3876 non
2004 3835 2128 3913 pos-
2228 3838 2417 3893 venire
2453 3816 2572 3893 non
2616 3852 2775 3908 posse
2803 3816 2827 3904 ,⁷
2873 3837 2963 3913 qui
3022 3816 3346 3908 Scripturas'
3397 3849 3617 3895 sanctas
3657 3816 3762 3908 puro

557 3922 771 4002 sumus,
797 3907 1033 4002 laudum
1079 3910 1583 4002 verha_miscemAus,
1616 3926 1712 4002 per
1740 3911 1888 4002 illum
1923 3912 2129 3967 scilicet
2228 3928 2395 3985 θοι-ἀρ
2439 3907 2718 3985 mel-cnim
2756 3907 3055 3985 advehere.
3108 3907 3181 3986 De
3222 3945 3330 4001 qua
3373 3932 3599 4002 ρηιοιηεε
3633 3929 3762 3985 pater

555 3999 649 4093 (illi
690 3999 840 4093 νξθηίι
870 4013 964 4093 ρει,
995 3998 1200 4093 semine
1238 3999 1437 4093 Pili“:
1463 3999 1771 4093 Pominum
1818 4001 2122 4093 Δ(Πηίδῑυηιν
2227 4019 2590 4093 ﬂeronymus
2632 4021 2746 4076 ait:
2780 4038 2799 4073 ι
2826 4019 3170 4091 Margaritum
3218 3998 3493 4091 quoddam
3531 4031 3612 4079 est
3648 4020 3763 4076 Scri-

554 4088 838 4188 ‘j°“_‘_ip_sf’
867 4089 921 4144 in
938 4086 1431 4188 Apocalleéidici“
1454 4087 1564 4161 E90
1587 4090 1885 4188 ‘uinfadix
1908 4101 1955 4144 ⁸⁸
1982 4092 2125 4188 (ξτίθο
2226 4125 2382 4188 ptura
2415 4086 2618 4182 divina,
2648 4127 2704 4171 et
2747 4131 2817 4172 ex
2862 4086 3046 4173 multis
3096 4086 3339 4188 partibus
3388 4116 3558 4174 forari
3598 4125 3759 4188 potest.

546 4178 724 4257 David
766 4182 948 4254 (Apoc.
979 4198 1115 4250 un,
1140 4182 1262 4254 16);
1311 4197 1341 4236 a
1369 4197 1477 4254 quo
1498 4190 1554 4251 et
1584 4179 1898 4263 religionem
1929 4182 2125 4238 saluta-

2227 4178 2489 4274 bnocirea
2517 4247 2533 4272 ,
2589 4205 2753 4261 Pater
2804 4178 3117 4278 apostolice;
3165 4207 3254 4277 qni
3282 4207 3539 4264 caelestes
3587 4178 3760 4262 litteras

554 4283 669 4323 rem
713 4270 1037 4342 accepimus,
1077 4280 1132 4326 et
1169 4269 1227 4327 S.
1266 4269 1550 4326 Trinitatis
1583 4270 1843 4342 mysteria
1883 4272 2122 4327 revelata

2227 4269 2440 4351 sanctis
2488 4269 2729 4350 moribus
2775 4269 3054 4351 reddidiSti
3082 4269 3370 4366 praestante
3397 4297 3529 4363 Deo,
3564 4306 3645 4353 tua
3669 4296 3762 4350 imi-

553 4359 950 4429 cognoscimus.
995 4359 1148 4427 Unde
1191 4360 1387 4417 merito
1427 4362 1507 4417 eis
1556 4360 1755 4426 Patris,
1799 4370 1854 4417 et
1889 4361 2033 4429 Filii,
2071 4373 2127 4420 et

2231 4385 2434 4439 talione
2479 4395 2823 4455 provocatus,
2860 4359 3098 4459 abyssos-
3123 4387 3335 4447 divinos
3372 4359 3658 4461 ingrediar,
3691 4387 3760 4457 qui

555 4448 789 4518 Spiritus
815 4450 988 4553 sam?“
1013 4465 1119 4506 una
1145 4450 1316 4553 gloria
1360 4452 1620 4553 θθθίίξίωίν
1668 4461 1727 4507 ’³⁸
1757 4454 1996 4526 Ferrem“
2033 4469 2129 4510 θθ·
2155 4512 2201 4553 η
2229 4477 2471 4534 clemens
2501 4486 2680 4533 errata
2708 4448 2956 4550 corrigis',
2988 4495 3089 4534 nec
3123 4495 3344 4536 severus
3374 4448 3627 4553 imputas,
3650 4448 3760 4551 quod

554 4557 672 4597 rum
714 4544 984 4613 praeconia
1017 4544 1453 4614 comprobentur.
1495 4546 1601 4619 Ipsi
1646 4551 1790 4607 enim
1826 4551 1967 4608 diem
1996 4569 2123 4609 ven-
2154 4544 2177 4570 ⁸

2230 4569 2511 4626 eruendas.
2551 4588 2569 4621 ι
2632 4567 2739 4625 Sed
2797 4544 3085 4641 antequam
3146 4544 3759 4645 apothems-‘spiﬁvtuales

555 4643 737 4738 “Tm”
770 4635 1436 4738 ¹Ῑξ³ίι¹ιί¹¹³ηθξ⁸¹ξιιξξιῖοηθ
1468 4641 1772 4738 ςοπξείιίίξηί»
1837 4643 1936 4715 ίρεῖ
1967 4645 2123 4703 ηοδῖε
2230 4661 2514 4732 attingam,
2564 4662 2809 4733 quatdam
2855 4635 3043 4720 divisis
3084 4635 3372 4734 capitibus,
3411 4635 3662 4738 qui-sunt
3683 4680 3761 4719 nu-

552 4727 787 4799 primam
813 4728 1003 4783 horam
1031 4728 1137 4784 diei
1175 4729 1443 4798 dedicant,
1475 4734 1573 4803 ipsi
1601 4736 1758 4791 nobis
1787 4737 1976 4792 horam
2015 4748 2125 4795 ter-

2231 4727 2400 4805 mero'
2441 4727 2625 4806 decem
2671 4759 2727 4807 et
2765 4760 2995 4825 septem,
3034 4727 3243 4809 mstimo
3290 4727 3684 4827 prieghstanda,
3716 4764 3760 4807 nt

562 4819 693 4870 tiam
722 4826 1063 4885 consecrant,
1104 4819 1205 4889 ipsi
1245 4831 1453 4877 sextam
1487 4823 1539 4877 in
1567 4825 1722 4895 panis
1749 4825 2123 4886 confractione

2232 4857 2354 4897 cum
2410 4858 2596 4897 earum
2649 4858 2828 4900 rerum
2880 4844 3030 4902 locus
3077 4860 3140 4901 se
3185 4846 3446 4912 intulerit,
3490 4848 3656 4920 magni
3687 4861 3759 4900 ne-

551 4905 848 5004 ίξξδιίίῖεθηῑυ
900 4908 1001 4980 ίΡδί
1046 4910 1215 5004 “oms,
1250 4927 1392 4968 "0"“
1434 4914 1643 4986 jejuni“
1688 4916 1984 4987 τθεοίνυυίν
2019 4920 2120 4991 ίΡεῘ
2229 4930 2396 4989 claris
2424 4945 2581 5004 potus
2609 4935 2944 4992 suavissimis
2965 4937 3410 5001 delectationibus
3432 4905 3713 4995 'hauri’atur.

551 4998 639 5054 die
677 5008 949 5071 postrema
990 5002 1340 5072 concludunt,
1388 5005 1487 5078 ipsi
1537 5009 1715 5064 noctis
1760 5010 2013 5080 adventu,
2054 5028 2111 5072 ne

552 5104 704 5146 mens
749 5102 931 5148 nostra
964 5097 1295 5165 tenebretur,
1326 5097 1562 5155 elliciunt
1602 5103 1742 5158 sicut
1766 5105 1868 5175 ipsi
1897 5106 2119 5161 dicunt:

564 5176 678 5224 ’νη-τ
696 5179 1010 5238 illuminatio
1031 5202 1143 5241 mea
1164 5188 1218 5241 in
1241 5189 1441 5245 deliciis
1463 5191 1875 5264 meis,quoniam
1901 5198 2122 5254 tenebrw

1172 5277 1216 5298 ’”
1274 5289 1318 5316 "’
1394 5279 1605 5330 Domine.
1645 5280 1817 5336 (Ριαι,
1856 5301 2109 5336 ειςχνιιι

2219 1275 2374 1331 valde
2404 1274 2649 1344 copiosa,
2679 1273 2747 1330 de
2772 1288 2879 1345 qua
2903 1289 3026 1331 cum
3055 1274 3241 1331 bibant
3268 1283 3379 1340 tam
3408 1290 3583 1346 magni
3612 1284 3748 1331 terra

2220 1381 2339 1422 rum
2383 1365 2586 1443 populi,
2615 1365 2839 1421 ubertas
2863 1363 2982 1435 ejus
3009 1365 3181 1422 nescit
3206 1365 3459 1436 expendi.
3489 1365 3647 1434 Quam
3670 1367 3749 1422 mi-

2221 1457 2406 1514 rabilis
2434 1467 2615 1514 autem
2643 1473 2709 1512 ex
2736 1457 2872 1528 ipsis
2896 1456 3114 1527 proﬂuit
3141 1457 3411 1512 suavitas!
3448 1456 3753 1512 Dulcisonum

2299 5022 2339 5077 l.
2382 5023 2458 5079 De
2501 5024 2802 5096 prophetiae
2841 5027 3067 5087 diversis
3107 5029 3395 5101 speciebus
3444 5028 3758 5084 nihilominus

2216 5114 2311 5171 est
2336 5113 2622 5171 dicendum
2645 5125 2725 5182 ut,
2742 5132 2863 5189 quae
2884 5118 3069 5176 sitista
3096 5119 3373 5188 Davidiba,
3396 5121 3655 5192 possimus
3675 5119 3759 5170 dis.

2230 5204 2451 5261 tinetius
2478 5206 2714 5261 edoceri.

2300 5295 2361 5346 ll.
2401 5295 2512 5348 Cur
2536 5297 2593 5348 in
2621 5297 2950 5357 psalmorum
2994 5292 3176 5358 titulis.
3204 5305 3365 5362 quasi
3389 5296 3655 5358 auctorum
3683 5312 3757 5351 no~
