4006 5560
326 406 459 473 1ιο5

1650 393 2056 455 BENEDlLTIO
2091 394 2226 451 DEI.

3432 391 3571 459 μθσ

388 522 475 577 IV.
511 521 648 589 Quid
662 521 734 579 sit
751 522 1092 589 Psalterium,
1111 514 1191 578 vel
1215 519 1403 594 psalmi
1429 532 1598 592 quare
1623 517 1889 575 dicantur.
1922 517 1967 577 Λ
1995 511 2256 579 Marcum,
2286 511 2339 567 in
2364 512 2486 567 loco
2508 510 2595 566 ubi
2619 511 2695 567 ait
2717 510 2782 567 de
2828 509 3038 568 Joanne
3071 530 3086 569 :
3119 532 3137 565 ι
3167 511 3316 571 Vidit
3354 522 3572 585 apertos

393 611 453 665 V.
495 610 633 678 Quid
663 614 735 669 sit
761 613 1021 684 psalmus.

390 698 474 757 Vl.
510 700 649 767 Quid
678 703 750 758 sit
774 704 1070 759 canticum.

383 791 491 847 VII.
532 793 671 859 Quid
696 794 767 850 sit
794 793 1294 866 psalmocanticutu.

382 883 513 938 Vill.
550 884 689 952 Quid
719 886 791 941 sit
820 887 1088 955 canticum
1120 885 1408 956 psalmum.

379 973 471 1028 IX.
507 975 585 1030 De
614 976 987 1048 quinquefaria
1018 977 1303 1033 divisione.

378 1061 448 1117 X.
490 1062 568 1119 De
593 1066 750 1122 unica
783 1065 1134 1137 inscriptione
1167 1066 1466 1123 titulorum.

375 1154 468 1211 XI.
509 1156 649 1226 Quid
684 1158 760 1215 sit
792 1156 1111 1231 diapsaltna.

1996 603 2165 658 eteius
2204 612 2260 657 et
2302 602 2561 673 Spiritum
2592 609 2846 672 tanquam
2890 602 3191 659 columbam
3234 603 3569 660 descenden-

1994 708 2102 753 tem
2132 707 2187 754 et
2213 707 2519 753 manentem
2545 697 2598 752 in
2629 696 2745 767 ipso
2773 695 2989 768 (Matth.
3024 713 3111 762 ιιι,
3143 696 3252 769 16).
3286 715 3305 751 ι
3355 697 3432 753 ita
3458 698 3571 755 evi-

1994 789 2140 845 denti
2189 790 2402 863 ratione
2446 789 2717 854 tractavit,
2752 797 2811 844 ut
2838 801 2997 844 nemo
3024 798 3212 845 contra
3245 791 3566 846 sententiam

1993 879 2162 948 ipsius
2188 880 2376 935 venire
2417 888 2728 949 praesumat.
2779 878 2838 934 in
2878 881 3086 950 psalmo
3120 896 3334 952 quoque
3375 898 3407 937 ι.
3432 881 3564 939 Pro-

1991 970 2149 1039 pheta
2173 979 2296 1040 post
2321 972 2818 1042 prophetam‘rogat
2838 970 3126 1040 :Spiritum
3152 983 3391 1028 sanctum
3418 983 3565 1028 tuum

1992 1078 2054 1115 ne
2103 1062 2315 1131 auferas
2363 1080 2396 1115 a
2434 1078 2534 1116 me.
2586 1061 2718 1116 Nam
2764 1063 2810 1117 si
2859 1077 3095 1134 semper,
3147 1072 3208 1119 ut
3250 1064 3331 1120 ait
3374 1065 3565 1121 beatus

1991 1150 2349 1223 Hieronymus
2384 1152 2436 1206 in
2483 1147 2762 1223 prophetis
2790 1194 2806 1217 ,
2837 1163 2983 1211 esset
3028 1170 3209 1212 sermo
3252 1157 3464 1223 divinus
3509 1164 3565 1217 et

374 1245 490 1302 Xll.
532 1248 723 1306 Utrum
754 1250 806 1305 in
861 1250 1097 1323 quinque
1140 1250 1504 1307 voluminibus
1556 1251 1886 1323 psalmorum
1984 1242 2109 1315 juge
2136 1245 2190 1298 in
2220 1253 2439 1314 pectore
2466 1259 2653 1301 eorum
2683 1245 2908 1302 haberet
2942 1248 3258 1317 hospitium,
3289 1263 3564 1318 nunquam

300 1335 366 1389 sit
402 1338 638 1393 secanda
660 1341 973 1406 contextio,
1024 1355 1091 1395 an
1139 1351 1285 1396 certe
1329 1356 1468 1397 unus
1516 1340 1650 1397 liber
1694 1341 1888 1397 debeat

300 1428 624 1496 nuncupari.

369 1516 506 1573 χιιι.
548 1517 1009 1585 Quemadmodum
1062 1519 1115 1574 in
1162 1519 1384 1591 pSalmis
1428 1520 1498 1577 sit
1549 1519 1616 1576 de
1665 1518 1887 1577 Christo

293 1604 527 1674 Domino
555 1611 914 1666 senliendutn.

1987 1332 2180 1388 crebro
2215 1332 2462 1390 Ezechiel
2504 1343 2730 1406 poneret
2760 1353 2775 1390 :
2807 1334 2877 1391 Et
2922 1337 3091 1408 factus
3132 1349 3206 1393 est
3242 1354 3412 1393 sermo
3454 1337 3563 1393 Do-

1987 1424 2118 1478 mini
2164 1423 2232 1477 ad
2270 1440 2371 1487 me,
2399 1426 2575 1481 dicens
2618 1425 2836 1498 (δισσὴ.
2868 1443 2941 1495 v1,
2969 1429 3030 1495 ις
3071 1445 3166 1495 vtt,
3193 1430 3268 1499 1).
3316 1429 3373 1484 In
3424 1430 3561 1486 libro

1986 1514 2115 1585 quin
2142 1514 2306 1571 etiam
2340 1516 2545 1586 Regum
2573 1536 2587 1571 :
2612 1517 2834 1575 Elisseus
2875 1520 3136 1590 propheta
3179 1520 3310 1598 dicit
3341 1521 3408 1576 de
3440 1535 3559 1575 mu-

1986 1606 2136 1673 liere,
2162 1608 2318 1679 cujus
2345 1608 2485 1664 illius
2508 1618 2811 1665 extremum
2841 1611 3109 1666 clauserat
3131 1612 3273 1667 diem
3305 1631 3331 1667 ει
3348 1612 3561 1668 Dimitte

368 1695 509 1754 XIV.
550 1698 1011 1767 Quemadmodum
1064 1704 1134 1757 sit
1177 1702 1446 1773 expositio
1494 1702 1699 1774 digesta
1734 1705 1883 1775 psal-
1984 1715 2098 1753 eam
2121 1700 2243 1771 quia
2273 1700 2328 1756 in
2355 1701 2706 1756 amaritudine
2741 1712 2855 1768 est;
2883 1714 2931 1757 et
2963 1702 3214 1759 Dominus
3239 1703 3422 1758 celavit
3450 1720 3555 1770 me,

291 1802 531 1850 tuorum.

361 1876 479 1933 XV.
524 1879 599 1935 De
637 1879 942 1950 eloquentia
974 1886 1143 1937 totius
1179 1897 1310 1952 regis
1338 1890 1554 1939 divinae.

360 1969 503 2026 XVI.
546 1971 621 2027 De
652 1972 870 2042 propria
896 1971 1200 2042 eloquentia
1229 1971 1495 2028 Psalterii.

357 2058 524 2115 XVI.
565 2062 708 2119 Laus
736 2062 1007 2119 Ecclesiae.

354 2152 518 2209 Nunc
544 2154 613 2209 ad
638 2155 973 2227 praemissum
1002 2154 1277 2219 ordinem,
1307 2156 1535 2213 Domino
1560 2165 1872 2227 prtestante,

282 2247 594 2304 veniamus.

850 2341 891 2398 Ι.
930 2340 1010 2396 De
1040 2342 1333 2413 prophetia.

351 2430 645 2502 Prophetia
669 2442 753 2489 est
775 2433 1035 2504 aSpiratio
1062 2432 1265 2498 divina,
1291 2448 1410 2503 qua:
1426 2442 1655 2490 eventus
1683 2448 1866 2489 rerum

276 2531 372 2576 aut
401 2537 502 2592 per
543 2521 689 2578 facta
735 2532 829 2579 aut
875 2538 973 2593 per
1021 2524 1163 2579 dicta
1210 2524 1565 2594 quorumdam
1605 2520 1865 2578 immobili

276 2612 515 2681 veritate
564 2613 917 2683 pronuntiat,
965 2612 1031 2668 de
1084 2630 1190 2683 qua
1240 2614 1376 2668 bene
1420 2614 1639 2689 quidam
1679 2612 1861 2667 dixit:

276 2702 583 2775 Prophetia
625 2714 709 2759 est
755 2702 938 2760 suavis
965 2703 1129 2760 dictio
1160 2703 1398 2760 cmlcstis
1427 2703 1687 2759 doctrinm
1714 2701 1866 2759 favos

265 2804 323 2849 et
352 2794 541 2850 dulcia
571 2793 736 2855 divini
787 2785 984 2864 eloquii
1032 2791 1192 2848 mella
1230 2808 1577 2863 componens.
1632 2791 1784 2849 Unde
1809 2802 1865 2848 et

267 2884 387 2954 ipse
427 2883 603 2939 David
653 2884 708 2939 in
753 2884 960 2955 psalmo
1006 2899 1172 2939 cxvttt
1219 2883 1463 2937 dicturus
1508 2891 1592 2938 est
1636 2901 1650 2937 :
1688 2882 1861 2948 Quam

261 2975 451 3036 dulcia
489 2976 731 3046 faucibus
767 2977 892 3031 meis
917 2975 1122 3047 eloquia
1146 2985 1257 3039 tua,
1282 2991 1439 3044 super
1464 2973 1565 3028 mel
1593 2983 1641 3027 et
1663 2973 1859 3043 favum,

262 3066 346 3122 ori
379 3083 526 3121 meo.
570 3065 750 3121 Multis
797 3073 974 3119 autem
1026 3063 1199 3119 modis
1231 3062 1416 3132 gratim
1445 3062 1601 3118 istius
1634 3078 1857 3117 munera

259 3155 703 3227 praestabantur;
732 3154 850 3221 sed,
880 3162 941 3208 ut
967 3154 1032 3211 de
1052 3153 1297 3224 plurimis
1318 3168 1486 3222 pauca
1505 3151 1853 3221 complectar,

1983 1800 2031 1843 et
2078 1807 2182 1845 non
2225 1791 2471 1845 indicavit
2517 1791 2645 1846 mihi
2686 1790 2795 1861 (IV
2832 1791 2956 1864 Reg.
2997 1808 3071 1861 tv,
3106 1793 3223 1857 27).
3266 1793 3554 1864 Apostolus

1902 1872 1949 1931 B
1981 1896 2198 1964 quoque
2219 1881 2350 1937 dicit
2379 1900 2392 1935 :
2427 1881 2504 1937 De
2548 1880 2847 1953 Virginibus
2877 1894 3190 1954 prazceptum
3217 1883 3427 1939 Domini
3450 1900 3554 1939 non

1978 1972 2184 2040 habeo;
2226 1974 2502 2029 consilium
2549 1984 2724 2029 autem
2765 1975 2834 2030 do
2891 1976 2946 2047 (Ι
2986 1977 3111 2032 Cor.
3136 1994 3232 2043 vn,
3260 1978 3375 2051 23).
3424 1978 3553 2034 Item

1978 2060 2093 2131 ipse
2124 2072 2514 2118 commemorat
2541 2080 2555 2117 :
2599 2082 2618 2115 ι
2651 2062 2764 2119 Hoc
2795 2078 2897 2135 ego
2921 2067 3198 2136 praecipio,
3231 2082 3337 2120 non
3370 2067 3549 2121 Domi-

1976 2166 2077 2206 nus
2104 2151 2156 2223 (I
2178 2152 2299 2205 Cor.
2326 2168 2419 2215 vn,
2452 2151 2537 2224 10)
2565 2149 3047 2224 [Vutg.,praecipio
3080 2171 3183 2210 non
3200 2170 3318 2226 ego,
3336 2155 3429 2211 sed
3454 2154 3556 2210 Do-

1976 2240 2196 2313 minus].
2214 2242 2279 2295 Et
2302 2240 2407 2297 alio
2426 2241 2544 2297 loco
2558 2243 2637 2299 sic
2649 2243 2923 2298 meminit:
2945 2264 2963 2296 ι
2983 2244 3111 2309 Qua:
3125 2245 3319 2315 loquor
3340 2244 3548 2316 [Vulg.,

1971 2347 2091 2403 quae
2109 2348 2214 2388 non
2240 2332 2451 2405 loquor]
2486 2334 2780 2389 secundum
2817 2335 2979 2396 Deum
3017 2334 3099 2405 (II
3127 2334 3252 2389 Cor.
3274 2352 3355 2403 xt,
3381 2336 3491 2403 l7).
3524 2354 3544 2388 ι

1972 2421 2124 2478 Unde
2158 2422 2409 2478 similiter
2435 2423 2599 2478 etiam
2632 2426 2845 2482 caneris
2870 2428 3173 2497 pmphetis,
3214 2427 3393 2497 aliqua
3430 2428 3550 2498 qui.

1968 2511 2092 2568 dem
2139 2513 2401 2569 Dominus
2445 2514 2656 2570 locutus
2702 2528 2815 2579 est,
2868 2525 2924 2571 et
2988 2532 3092 2572 non
3137 2520 3448 2588 prophetae;
3494 2526 3549 2573 et

1968 2602 2150 2674 aliqua
2185 2604 2483 2677 prophetas,
2515 2614 2569 2660 et
2604 2620 2708 2660 non
2744 2607 3018 2663 Dominus.
3054 2607 3162 2663 Nec
3189 2609 3318 2665 illud
3342 2611 3546 2680 specia-

1966 2695 2092 2749 liter
2143 2694 2211 2751 de
2288 2697 2515 2752 Domino
2581 2694 2708 2753 Jesu
2760 2696 2980 2755 Christo
3044 2701 3250 2757 diceret
3308 2701 3545 2759 Joannes

1964 2783 2205 2856 Baptista
2231 2801 2246 2840 :
2279 2804 2297 2838 ι
2322 2785 2429 2854 Qui
2457 2786 2603 2843 misit
2630 2801 2717 2843 me
2741 2788 3039 2860 baptizare,
3060 2792 3177 2862 ipse
3202 2791 3338 2853 dixit
3364 2792 3497 2848 mihi
3525 2812 3538 2847 :

1965 2872 2143 2944 Super
2189 2890 2349 2946 quem
2412 2875 2614 2933 videris
2661 2876 2923 2948 Spiritum
2970 2889 3215 2936 sanctam
3264 2882 3321 2937 in
3363 2883 3546 2954 specie

1963 2965 2228 3023 columba:
2297 2967 2708 3024 descendentem
2763 2979 2821 3025 et
2862 2981 3166 3027 manentem
3211 2973 3265 3028 in
3312 2987 3412 3031 eo.
3454 2974 3545 3029 hic

1962 3065 2047 3112 est
2081 3058 2174 3128 qui
2215 3058 2459 3129 baptizat
2501 3060 2553 3133 in
2591 3061 2796 3131 Spiritu
2835 3073 3023 3119 sancto
3064 3064 3323 3129 (10013.1,
3351 3068 3468 3131 55).
3515 3086 3535 3120 ι

1964 3145 2246 3216 Nunquam
2290 3148 2434 3201 enim
2477 3149 2750 3219 proprium
2772 3161 2914 3207 esset
2956 3153 3009 3207 in
3047 3152 3273 3209 Domino
3299 3154 3539 3221 Christo,

260 3223 391 3299 acta
446 3253 533 3300 est
579 3259 677 3315 per
721 3223 1069 3314 operatioues
1104 3242 1423 3308 hominum;
1476 3249 1533 3296 ut
1580 3240 1683 3296 fuit
1728 3257 1855 3298 arca
1886 3223 1931 3283 (εἶ
1961 3239 2104 3309 quod
2152 3239 2405 3305 additur;
2456 3248 2512 3298 et
2555 3251 2863 3298 manentem
2907 3244 2962 3299 in
2999 3260 3089 3311 eo,
3142 3246 3244 3302 nisi
3295 3246 3365 3302 ab
3412 3247 3534 3304 aliis

261 3333 427 3401 Noe,
470 3342 535 3391 et
583 3333 908 3391 sacriﬁcium
962 3330 1231 3397 Abrahae,
1281 3341 1334 3386 et
1386 3330 1649 3386 transitus
1692 3329 1861 3385 maris

259 3416 468 3482 Rubri.
516 3425 624 3481 Per
670 3425 982 3481 nativitates
1010 3438 1225 3495 quoque
1271 3423 1607 3494 geminorum
1637 3422 1775 3479 Esau
1804 3432 1859 3479 et

254 3513 462 3579 Jarob,
494 3515 584 3585 qui
616 3513 918 3570 futurarum
961 3529 1137 3567 rerum
1173 3522 1510 3569 sacramenta
1546 3514 1852 3583 gestabant.

255 3586 371 3659 Der
406 3604 669 3674 angelos,
713 3605 852 3667 sicut
907 3602 1068 3657 locuti
1118 3612 1243 3657 sunt
1288 3603 1519 3658 Abrahae
1546 3643 1561 3669 ,
1604 3603 1685 3657 vel
1730 3602 1854 3669 Lot,

254 3694 552 3759 Zachariae
594 3702 649 3749 et
700 3692 900 3749 Mariae.
950 3688 1059 3747 Per
1103 3693 1376 3758 visiones,
1423 3693 1563 3748 sicut
1600 3693 1752 3749 Isaia:
1800 3705 1857 3750 et

252 3784 562 3857 Ezechieli,
584 3793 638 3840 et
659 3784 870 3840 caeteris
898 3782 1117 3839 sanctis.
1144 3781 1245 3837 Per
1272 3784 1502 3849 somnia,
1528 3785 1668 3839 sicut
1695 3783 1854 3841 Salo—

251 3878 415 3932 moni
462 3885 517 3931 et
558 3874 786 3930 Danieli.
837 3875 942 3929 Per
990 3873 1187 3928 nubem
1233 3882 1289 3928 et
1336 3888 1526 3929 vocem
1570 3874 1636 3930 de
1686 3875 1848 3941 coelo,

250 3968 410 4033 sicut
458 3964 651 4036 Moysi.
705 3963 858 4019 Unde
902 3970 1137 4027 constat,
1184 3962 1479 4017 secundum
1520 3962 1712 4020 David.
1742 3980 1848 4019 non

247 4071 359 4128 per
385 4055 727 4129 operatioues
756 4054 1054 4119 hominum,
1083 4067 1190 4107 non
1217 4068 1314 4123 per
1343 4053 1652 4109 nativitates
1681 4055 1849 4125 gemi-

246 4162 482 4211 norum,
515 4160 621 4200 non
665 4161 761 4216 per
804 4142 1040 4215 angelos,
1072 4157 1177 4198 non
1208 4159 1304 4213 per
1332 4142 1587 4209 visiones,
1618 4159 1722 4199 non
1748 4160 1845 4216 per

243 4234 530 4299 somnium
559 4274 575 4301 ,
622 4250 727 4288 non
761 4248 855 4303 per
882 4233 1081 4293 nubem
1110 4242 1164 4288 et
1195 4248 1381 4290 vocem
1410 4232 1477 4288 de
1516 4232 1654 4290 caelo
1676 4274 1693 4301 ,
1746 4249 1845 4290 nec

246 4312 357 4397 per
390 4319 524 4381 alios
565 4310 915 4396 quoscunque
966 4323 1153 4378 modos
1178 4362 1194 4387 ,
1242 4323 1360 4387 sed,
1392 4323 1597 4377 cmlesti
1629 4324 1840 4393 aspira-

246 4418 407 4471 tione
450 4415 617 4470 t‘uisse
660 4415 1021 4484 completum,
1070 4413 1212 4467 sicut
1264 4413 1329 4467 de
1376 4414 1494 4481 ipso
1542 4411 1739 4484 legitur
1782 4413 1836 4468 in

1961 3342 2347 3399 nonnunquam
2376 3331 2629 3386 recedere
2656 3333 2997 3402 probaretur.
3040 3334 3097 3389 lu
3139 3335 3361 3392 Christo
3387 3338 3531 3393 enim

1958 3420 2278 3488 permansit,
2310 3421 2438 3491 quia
2464 3432 2747 3491 peccatum
2775 3439 2882 3479 non
2911 3424 3118 3482 habuit.
3157 3425 3249 3481 Ab.
3268 3427 3391 3483 aliis
3409 3426 3533 3497 iure

1957 3509 2243 3577 discessit,
2297 3512 2422 3582 quia
2480 3514 2789 3583 pollutionis
2841 3514 3105 3570 maculam
3150 3528 3528 3588 perceperunt.

1957 3600 2185 3671 Spiritui
2233 3603 2379 3658 enim
2432 3613 2620 3660 saneto
2672 3619 2776 3663 non
2823 3614 3000 3675 potest
3051 3619 3175 3661 esse
3223 3607 3531 3663 communio

1954 3707 2077 3746 cum
2104 3692 2342 3759 delictis;
2385 3711 2508 3750 nam
2536 3697 2616 3752 sic
2644 3698 2906 3769 scriptum
2934 3705 3019 3754 est
3048 3699 3102 3754 in
3127 3697 3267 3754 libro
3305 3698 3530 3770 Sapien-

1956 3779 2043 3835 tiae
2090 3780 2397 3839 Salomonis
2450 3801 2465 3838 :
2523 3782 2751 3853 Spiritus
2797 3786 2935 3840 enim
2979 3796 3190 3842 sumtus
3234 3786 3527 3858 disciplina:
3556 3812 3569 3827 κ

1951 3870 2161 3942 effugiet
2205 3872 2411 3942 licium,
2443 3884 2492 3929 et
2516 3875 2718 3944 auferet
2753 3893 2809 3931 se
2847 3860 3329 3949 a-Jcogitationibus
3354 3916 3369 3945 ,
3408 3894 3527 3948 qua:

1950 3972 2073 4016 sunt
2096 3964 2209 4018 sine
2234 3964 2495 4019 intellectu
2536 3964 2690 4038 (Sap.
2718 3984 2758 4033 ι,
2785 3966 2862 4039 5).
3126 4010 3131 4022 .
3184 4017 3192 4021 ,

2023 4054 2116 4109 Est
2141 4064 2322 4110 autem
2353 4056 2635 4126 prophetia
2670 4056 3013 4129 magniﬁcum
3042 4058 3204 4115 nimis
3239 4065 3296 4114 et
3330 4058 3526 4115 verilo-

1945 4158 2112 4213 quum
2137 4145 2348 4200 dicendi
2379 4162 2568 4216 genus,
2605 4162 2710 4200 non
2748 4148 2979 4209 humana
3005 4148 3280 4202 voluntate
3304 4162 3519 4217 compo-

1944 4233 2141 4297 situm,‘
2164 4234 2257 4287 sed
2307 4234 2488 4286 divina
2535 4234 2887 4303 inspiratione
2924 4235 3236 4306 profusum,
3277 4235 3421 4291 sicut
3445 4238 3521 4291 ait

1943 4322 2134 4377 Petrus
2196 4323 2522 4392 apostolus:
2590 4324 2715 4378 Non
2759 4326 2895 4379 enim
2977 4325 3237 4381 voluntate
3283 4326 3517 4381 humana

1939 4411 2106 4466 allata
2143 4421 2218 4466 est
2260 4413 2548 4484 aliquando
2594 4415 2900 4485 prophetia,
2940 4416 3032 4471 sed
3085 4413 3287 4486 Spiritu
3335 4426 3517 4472 sancto

241 4508 264 4578 ι
299 4507 511 4577 Regum
542 4505 854 4575 volumine:
893 4502 958 4557 Et
985 4505 1211 4559 directus
1244 4514 1319 4558 est
1357 4501 1585 4573 Spiritus
1624 4503 1835 4560 Domini
1870 4577 1873 4578 ν
1939 4501 2212 4571 inspirati,
2248 4504 2410 4558 locuti
2450 4513 2573 4559 sunt
2616 4506 2785 4560 sancti
2833 4504 2928 4559 Dei
2966 4506 3200 4563 homines
3244 4505 3329 4578 (II
3365 4505 3513 4562 Petr.

239 4576 304 4679 in
336 4598 507 4679 David
530 4616 563 4652 a
590 4599 675 4673 die
696 4597 791 4665 illa
823 4606 871 4651 et
904 4597 1162 4666 deinceps.
1193 4596 1311 4666 Ipse
1336 4610 1551 4666 quoque
1577 4595 1837 4653 Dominus
1864 4577 1917 4637 ἶ)
1943 4607 1981 4657 t,
2012 4592 2127 4663 2|).
2168 4592 2301 4648 Nam
2329 4603 2384 4650 et
2411 4594 2608 4650 Paulus
2645 4594 2918 4666 apostolus
2948 4595 3079 4651 dicit
3109 4612 3124 4649 :
3155 4576 3261 4661 Qui
3290 4597 3514 4667 prophe-

243 4691 305 4748 in
360 4689 652 4760 Evangelio
697 4688 831 4745 dicit
878 4704 892 4742 :
948 4705 967 4740 ι
1015 4687 1074 4742 Si
1127 4686 1294 4741 David
1341 4686 1394 4740 iu
1439 4687 1632 4758 spiritu
1680 4697 1837 4742 vocat

240 4796 380 4835 eum
398 4780 699 4855 Dominum,
715 4776 983 4849 quomodo
1009 4776 1185 4833 dicitis
1212 4776 1355 4847 quod
1376 4776 1517 4831 [ilius
1535 4773 1650 4845 ejus
1671 4776 1790 4831 est?
1810 4794 1830 4829 ι

241 4869 471 4945 (Matth.
509 4886 643 4935 χιιι,
676 4869 792 4941 45.)
832 4869 949 4937 Quo
976 4867 1119 4923 dicto
1150 4866 1586 4937 recognoscimus
1614 4864 1836 4921 eviden-

243 4971 341 5018 ter
391 4977 487 5032 per
542 4959 803 5032 Spiritum
852 4969 1096 5021 sanctum
1138 4956 1303 5013 fuisse
1328 4957 1567 5027 psalmos
1597 4955 1830 5026 prophe-

243 5061 415 5106 tatos.
447 5051 737 5114 Sciendum
765 5060 849 5107 est
881 5066 1013 5107 sane
1040 5048 1184 5119 quod
1213 5048 1392 5105 omnis
1427 5044 1708 5121 prophetia
1739 5056 1831 5103 aut

238 5143 320 5196 de
348 5143 641 5211 praeterito,
664 5150 757 5197 aut
783 5143 849 5197 de
873 5141 1143 5212 przesenti,
1166 5149 1258 5196 aut
1279 5140 1346 5198 de
1377 5142 1559 5199 futuro
1586 5147 1828 5209 tempore

236 5231 519 5302 loquatur,
548 5241 645 5286 aut
672 5222 795 5302 agat
819 5231 1042 5303 aliquid.

1937 4692 2037 4748 tat,
2066 4683 2360 4739 hominibus
2406 4685 2641 4756 loquitur
2672 4686 2743 4740 ad
2778 4687 3197 4757 mdiﬁcationem,
3240 4697 3289 4741 et
3325 4691 3518 4740 exhor-

1936 4777 2207 4842 tationem,
2230 4785 2279 4831 et
2304 4776 2713 4832 consolationem
2746 4776 2797 4848 (1
2829 4776 2954 4835 Cor.
2991 4792 3102 4841 xtv,
3129 4776 3209 4850 4).
3259 4778 3329 4833 Et
3354 4777 3513 4848 paulo

1938 4875 2059 4935 post
2110 4884 2123 4920 :
2176 4866 2280 4930 Qui
2328 4866 2596 4937 prophetat
2648 4863 2939 4923 Ecclesium
2981 4865 3214 4934 wdiﬁcat
3271 4865 3345 4937 (Ι
3384 4865 3508 4923 Cor.

1938 4971 2048 5021 xtv,
2076 4954 2154 5028 4).
2200 4953 2458 5013 Ediﬁcat
2488 4954 2667 5025 plane,
2697 4959 2914 5026 quando
2953 4970 3043 5013 res
3079 4955 3394 5027 incognitas,
3432 4961 3513 5014 ui-

1940 5046 2149 5115 misque
2174 5049 2511 5105 necessarias
2531 5046 2934 5116 prmlocutionis
2952 5045 3215 5105 beneﬂcio
3241 5046 3365 5104 facit
3394 5065 3515 5106 esse

1935 5138 2265 5193 notissimas.
2313 5139 2449 5196 Nam
2494 5146 2551 5192 et
2592 5138 2791 5207 quibus
2838 5145 2962 5200 data
2997 5142 3089 5193 est
3120 5137 3348 5199 facultas
3378 5141 3515 5197 bene

1939 5228 2289 5302 intelligendi,
2322 5235 2404 5292 vel
2455 5232 2846 5299 interpretandi
2893 5230 3205 5300 Scripturas
3224 5230 3458 5298 divinas,
3486 5248 3516 5283 a

321 5320 865 5378 Animadvertendum
897 5333 980 5377 εει
1034 5335 1246 5389 quoque
1282 5321 1545 5396 Spiritum
1576 5328 1822 5376 sanctum
1931 5333 2153 5376 munere
2180 5324 2484 5394 prophetiae
2513 5333 2618 5373 non
2655 5320 2913 5383 videntur
2938 5318 3173 5385 excepti,
3203 5319 3347 5374 sicut
3373 5320 3518 5393 Apo-

232 5410 323 5440 οἶΛ
362 5413 523 5444 ι’..ςυη
558 5410 835 5450 ηνῆηΙιρΙῖα
868 5409 1222 5457 ςεηιριῖοεῖηιῖς
1262 5420 1585 5459 εὶΙΙΡῖΙιι-Ιιιηὶ
1640 5417 1697 5436 ““⁹
1736 5414 1749 5436 ⁸
