4020 6310
541 334 565 390 1
575 333 677 390 4οἳ

1341 342 1630 398 ΔΡΡΕΜ).
1671 346 1764 400 AD
1804 343 1978 406 SA‘ZC.
2017 342 2108 400 ιχ.
2143 372 2214 406 ,--
2245 340 2616 423 AUCTQRES
2648 344 2982 402 ANONYMI.

3669 347 3820 406 “03

538 445 602 502 ll.
643 445 751 503 Cur
776 447 830 501 in
857 441 1177 534 psalmorum
1202 450 1394 520 tiiulis',
1421 457 1573 534 quasi
1603 466 1875 514 auctorum
1902 457 2114 512 nomina
2142 460 2188 517 Α
2220 451 2312 508 Sic
2349 454 2504 508 cnim
2555 455 2786 513 dicimus
2813 477 2826 512 :
2865 459 3076 516 ﬁnitum
3120 461 3325 531 cibum,
3375 463 3466 534 qui
3494 465 3691 520 sedula
3719 482 3822 522 co—

1035 519 1238 582 divcrsa
1271 519 1618 594 reperiuntur.

608 629 667 684 In
716 645 733 683 ι
779 629 1411 702 ΙὶδτοιΡπιιιίροηιεηοιι
1475 636 1671 708 legitur
1725 655 1740 693 :
1785 639 1924 707 Cum,
1983 655 2110 708 pro-

536 717 698 788 pheta
724 717 890 774 David
915 719 1105 776 devota
1130 722 1358 779 Domino
1382 733 1540 790 aetate
1569 727 1856 794 senuisset,
1883 739 2114 800 quatuor

539 807 704 861 millia
731 808 990 876 juvenem
1035 826 1104 866 ex
1147 801 1442 882 Israelitico
1483 817 1680 894 populo
1711 799 1990 890 delegisse,
2017 820 2110 891 qui

533 899 793 968 psalmos,
823 917 961 971 quos
1005 903 1122 972 ipse
1168 903 1380 980 Domini
1432 907 1759 988 aspiratione
1791 910 2109 980 protulerat,

533 990 772 1060 organis,
801 992 1054 1059 citharis,
1084 993 1286 1060 nablis,‘
1311 999 1598 1068 tympanis,
1629 1002 1915 1072 cymbalis,
1942 1003 2106 1067 tubis,

535 1081 860 1151 propriaque
901 1098 1074 1150 voce,
1129 1085 1182 1140 in
1237 1100 1430 1157 magna
1477 1087 1816 1168 iucunditate
1863 1106 2110 1162 supernae

534 1172 722 1243 gratiae
769 1187 1136 1243 personarent.
1187 1177 1317 1244 Quae
1364 1181 1546 1236 suavis
1623 1181 1881 1238 adunatio
1936 1184 2108 1240 tribus

533 1259 780 1334 partibus
807 1265 980 1324 divisa
1027 1270 1329 1328 constabat.
1364 1271 1662 1348 Rationalis
1692 1275 1996 1345 pertinebat
2039 1278 2107 1332 ad

531 1352 822 1411 humanam
851 1372 1073 1425 vocem;
1120 1360 1462 1430 irrationalis,
1494 1366 1560 1421 ad
1590 1367 1951 1422 instrumenta
1982 1383 2108 1423 mu-

530 1445 660 1500 sica.
709 1447 1022 1522 Communis
1069 1461 1248 1509 autem
1295 1455 1360 1510 de
1386 1457 1630 1527 utrisque
1667 1461 1912 1529 partibus
1948 1470 2105 1531 apta-

527 1535 708 1602 batur,
738 1547 796 1592 ut
821 1549 875 1594 et
901 1555 1004 1595 vox
1033 1542 1266 1599 hominis
1296 1547 1461 1602 certis
1495 1547 2103 1618 modulationibnsedee

527 1633 694 1689 retur,
719 1637 770 1682 et
795 1629 1276 1689 instrumentorum
1302 1635 1470 1692 melos
1491 1651 1728 1694 consona
1747 1655 1807 1694 se
1827 1640 2104 1698 vicinitate

526 1715 898 1787 conjungerct.
943 1719 1055 1787 Sic,
1084 1725 1265 1780 suavis
1300 1725 1391 1780 illa
1423 1735 1477 1782 et
1497 1725 1736 1796 jucunda
1767 1730 1975 1787 musica
2001 1731 2104 1787 Ec-

2213 542 2477 597 mestioue
2518 555 2868 616 consumptus
2911 558 3029 614 est;
3085 549 3292 606 ﬁnitam
3326 555 3644 622 pecuniam,
3685 571 3821 624 quae

2211 630 2437 686 docetur
2463 649 2725 705 expensa,
2751 647 2804 692 et
2832 649 3051 706 cmtera,
3084 657 3204 712 qua:
3233 643 3336 698 hoc
3374 646 3534 702 modo
3565 647 3820 716 probam

2213 735 2301 780 tur
2319 726 2478 782 edici.
2507 727 2788 786 Secundus
2810 731 3013 808 dicitur
3045 734 3167 790 linis
3192 736 3468 806 perlectus
3495 749 3672 808 atque
3689 755 3820 810 pcr-

2209 826 2428 888 petuus,
2461 836 2621 890 quem
2653 823 2810 900 modo
2841 826 3172 894 quierimus;
3203 829 3294 897 qui
3327 838 3438 884 tum
3479 831 3648 886 nobis
3675 845 3817 901 pro-

2211 907 2354 963 tendi
2379 911 2551 978 magis
2577 926 2642 967 ac
2670 911 2884 968 dilatari
2911 914 3118 985 incipit,
3147 919 3363 987 quando
3392 921 3459 974 ad
3489 935 3621 976 eum
3649 935 3816 976 mens

2211 999 2403 1055 devota
2456 1004 2781 1074 pervenerit.
2831 1004 2986 1061 Finis
3039 1022 3168 1078 ergo
3217 1008 3350 1081 legis
3403 1027 3469 1066 ac
3515 1012 3814 1081 plenitudo

2214 1086 2478 1144 Dominus
2508 1101 2694 1147 noster
2722 1101 2804 1148 est
2829 1093 3100 1164 Christus,
3135 1098 3278 1153 sicut
3297 1099 3599 1170 Apostolus
3627 1103 3768 1158 dicit
3791 1122 3809 1157 :

2207 1172 2362 1232 Finis
2410 1179 2550 1234 enim
2585 1179 2718 1254 legis
2743 1193 2817 1244 est
2853 1181 3094 1241 Christus
3123 1189 3192 1241 ad
3208 1189 3477 1260 justitiam
3505 1192 3660 1245 omni
3690 1209 3814 1246 crc-

2207 1263 2350 1322 denti
2387 1266 2561 1338 (Rom.
2594 1285 2650 1336 ι,
2679 1271 2761 1343 4).
2789 1273 2873 1330 Ad
2908 1292 3069 1346 quem
3099 1277 3223 1333 dum
3251 1284 3689 1351 pervenerimus,
3715 1285 3812 1340 ni—

2205 1356 2281 1411 hil
2308 1357 2447 1414 ultra
2477 1363 2882 1432 perquiremus,
2925 1368 3020 1422 sed
3060 1369 3114 1422 in
3154 1370 3273 1441 ipso
3303 1372 3666 1429 beatitudinis
3689 1375 3812 1432 ﬁne

2204 1453 2466 1518 contenti,
2491 1453 2806 1524 plenissima
2838 1457 3179 1529 iucunditate
3218 1463 3584 1532 periruemur.
3627 1465 3809 1536 Cujus

2206 1545 2415 1594 tantum
2455 1555 2609 1598 amor
2645 1545 2882 1614 proﬁcit,
2929 1559 3194 1617 quantum
3228 1552 3537 1610 intellectus
3581 1565 3805 1622 noster,

2205 1631 2438 1697 Domino
2487 1647 2800 1706 praestante,
2845 1639 3116 1698 clarescit.
3169 1644 3238 1698 Et
3285 1646 3422 1711 ideo,
3477 1650 3702 1726 quoties
3743 1651 3804 1705 in

2206 1720 2378 1776 titulis
2407 1723 2739 1792 psalmorum
2759 1719 2919 1797 ﬁnem
2945 1731 3173 1802 reperis,
3199 1733 3266 1788 ad
3290 1733 3576 1792 Dominum
3605 1723 3808 1794 Salva-

523 1803 740 1862 clcsiam
767 1811 1088 1868 catholicam
1118 1815 1207 1869 tali
1235 1825 1357 1870 actu
1396 1818 1742 1888 praedicebat,
1775 1839 1895 1893 quae
1923 1837 1991 1878 ex
2017 1824 2098 1879 di-

2203 1819 2376 1866 torem
2423 1814 2596 1884 aciem
2646 1816 2888 1886 intende,
2913 1797 3122 1892 quiest
3150 1797 3275 1879 ﬁnis
3301 1824 3418 1881 sine
3445 1827 3574 1894 line,
3610 1838 3668 1884 et
3694 1830 3806 1887 bo-

521 1897 693 1952 vcrsis
720 1899 934 1970 linguis,
966 1904 1221 1976 varioque
1247 1920 1512 1964 concentu
1543 1910 1598 1967 in
1626 1928 1788 1968 unam
1815 1902 1940 1970 ﬁdei
1969 1930 2095 1971 cou-

520 1989 757 2044 eordiam
784 1999 926 2058 erat,
952 1994 1176 2070 Domino
1210 2007 1522 2066 praestante,
1555 2002 1848 2058 creditura.

589 2078 668 2136 Ex
693 2095 800 2151 quo
824 2099 1071 2150 numero,
1100 2086 1271 2142 indita
1296 2091 1513 2146 nomina
1543 2091 1852 2162 frequenter
1882 2094 1934 2150 iu
1965 2095 2092 2150 titu-

520 2167 585 2224 lis
609 2167 929 2240 invenimus,
960 2183 1036 2240 ut,
1066 2174 1298 2244 ldithun,
1343 2178 1543 2250 Asaph,
1573 2181 1668 2237 ﬁlii
1702 2181 1898 2249 Chore,
1930 2193 1985 2239 et
2008 2184 2094 2240 his

517 2259 731 2314 similia.
783 2261 903 2318 Non
946 2265 1070 2334 quia
1099 2266 1218 2336 ipsi,
1249 2277 1306 2322 ut
1335 2269 1555 2340 quidam
1599 2270 1806 2338 volunt,
1845 2281 2093 2329 auctores

515 2344 666 2402 fuere
687 2349 1050 2421 psalmorum;
1079 2355 1172 2410 sed
1192 2359 1640 2428 quemadmodum
1662 2362 1934 2432 praepositi
1962 2363 2094 2417 arti-

514 2438 746 2506 ﬁcibus,
794 2443 1259 2502 administratores
1314 2464 1502 2518 earum
1546 2465 1728 2506 rerum
1782 2453 2090 2522 pmbabiles

511 2532 875 2601 exstiterunt,
924 2544 984 2590 ut
1029 2537 1289 2594 honorem
1340 2540 1408 2595 de
1447 2541 1538 2596 tali
1575 2547 2090 2603 commemoratione

510 2633 804 2689 sumerent,
835 2627 928 2696 qui
961 2627 1136 2685 ollicio
1169 2640 1357 2687 sancto
1399 2632 1606 2690 devotis
1651 2637 1922 2694 mentibus
1967 2654 2088 2694 ser-

507 2712 748 2781 viebant,
792 2718 1046 2785 maxime,
1077 2721 1202 2792 quia
1231 2729 1287 2778 et
1319 2725 1540 2780 nomina
1566 2741 1752 2803 eorum
1783 2729 2088 2788 intellectus

509 2819 724 2862 rerum:
751 2823 1020 2879 congruos
1083 2813 1326 2872 indicare
1393 2829 1708 2877 noscuntur.
1768 2821 1892 2879 Non
1941 2825 2085 2881 enim

507 2899 812 2965 supradicti?
829 2900 931 2956 viri
961 2903 1029 2958 ad
1057 2905 1292 2974 psalmos
1322 2907 1597 2968 faciendos
1624 2913 1779 2970 electi
1818 2925 1962 2982 sunt,
1991 2919 2086 2987 sed

503 3000 601 3041 eos
655 3001 1010 3061 congregatos
1067 3004 1272 3050 tantum
1341 2997 1567 3068 legimus
1617 3003 1685 3058 ad
1741 3006 2081 3073 canendum;

505 3076 948 3150 psalmographos
977 3093 1155 3139 autem
1200 3083 1367 3142 fuisse
1394 3088 1618 3146 historia
1653 3093 1798 3148 nulla
1829 3104 2077 3151 testatur.

503 3169 1097 3244 Et‘prtesumptuosum
1156 3190 1239 3234 est
1291 3181 1473 3237 dicere
1523 3185 1664 3253 quod
1714 3186 1860 3242 nulla
1909 3190 2082 3258 possit

502 3261 820 3318 auctoritate
851 3265 1073 3321 ﬁrmari.
1107 3267 1350 3325 Psalmos
1376 3272 1522 3328 enim
1551 3275 1617 3330 ad
1647 3275 1819 3332 solum
1848 3282 2084 3350 prophe-

502 3356 614 3402 tam
668 3349 832 3408 David
888 3355 1198 3424 pertinere,
1255 3362 1422 3415 certis
1488 3362 1792 3420 declaratur
1840 3349 2075 3426 indiciis.

501 3440 742 3513 Denique
789 3445 841 3499 in
876 3447 1236 3519 Apocalypsi,
1283 3452 1467 3508 volens
1493 3453 1638 3526 istud
1665 3473 1801 3529 opus
1831 3459 2076 3533 intelligi,

500 3533 667 3590 solius
696 3537 940 3593 meminit
967 3539 1156 3596 dicens
1187 3560 1200 3595 :
1235 3541 1367 3598 Ilwc
1393 3547 1521 3601 dicit
1544 3547 1774 3606 Sanctus
1803 3562 1852 3606 et
1889 3552 2075 3622 Verus,

495 3625 586 3694 qui
615 3625 766 3681 habet
794 3628 988 3684 clavem
1023 3631 1220 3697 David,
1259 3636 1352 3704 qui
1389 3639 1556 3706 aperit
1591 3649 1640 3693 et
1680 3657 1828 3696 nemo
1855 3643 2074 3712 claudit,

475 3712 697 3769 claudit
743 3726 790 3770 et
834 3734 982 3773 nemo
1028 3723 1192 3790 aperit
1242 3721 1432 3797 (Apoc.
1449 3742 1534 3790 ut,
1560 3727 1637 3799 7).
1680 3729 1736 3784 ln
1785 3731 2076 3804 Evangelio

496 3817 710 3873 quoque
760 3807 1049 3866 Pharismis
1095 3813 1208 3881 ipse
1259 3815 1513 3873 Dominus
1546 3819 1698 3877 dicit
1740 3821 2073 3902 :Quomodo

495 3910 617 3963 ergo
651 3895 820 3952 David
860 3901 912 3954 in
945 3903 1132 3972 spiritu
1177 3918 1322 3961 vocat
1352 3926 1470 3964 eum
1507 3911 1816 3981 Dominum,
1842 3899 2019 3974 dicens
2052 3936 2073 3974 :

491 3979 952 4046 DixiLDominus
1009 3994 1232 4051 Domino
1281 4015 1434 4066 meo,
1492 4012 1599 4059 etc.
1663 3979 1881 4070 (Matth.
1933 4027 2070 4078 xxn,

472 4075 582 4140 '45,
605 4076 718 4150 44).
748 4079 897 4135 Unde
941 4085 1199 4160 probatur
1229 4089 1509 4146 universos
1535 4094 1774 4164 psalmos
1798 4113 1904 4153 non
1936 4075 2070 4156 mul;

495 4174 672 4223 torum
711 4173 966 4240 existere,
995 4177 1088 4232 sed
1117 4187 1324 4236 tantum
1368 4183 1556 4254 ipsius,
1591 4200 1750 4257 quem
1780 4203 1812 4243 a
1842 4189 2070 4249 Domino

492 4269 708 4317 constat
745 4275 864 4319 esse
901 4268 1256 4326 nominatum.
1292 4273 1428 4331 Usus
1453 4291 1668 4348 quoque
1694 4279 1947 4348 Ecclesia:
1976 4299 2068 4340 ca-

496 4351 727 4420 tholicae,
762 4357 997 4427 Spiritus
1034 4364 1205 4417 sancti
1243 4365 1622 4436 inspiratione,
1660 4374 1986 4441 generaliter
2011 4385 2066 4432 et

493 4440 838 4499 immobiliter
869 4456 1045 4515 tenet,
1087 4459 1146 4505 ut
1193 4453 1500 4525 quicunque
1547 4440 1734 4514 eorum
1767 4466 2064 4522 cantandus

490 4527 675 4597 fuerit,
701 4533 790 4602 qui
809 4533 1031 4592 diverso
1060 4540 1274 4595 nomine
1301 4555 1694 4613 praenotantur,
1724 4548 1894 4605 lector
1919 4551 2063 4609 aliud

489 4622 784 4688 praedicare
818 4641 925 4681 non
965 4629 1178 4694 audeat,
1208 4631 1309 4686 nisi
1351 4635 1587 4704 psalmos
1617 4637 1803 4695 David.
1835 4642 1988 4709 Quod
2016 4645 2062 4700 si

463 4722 670 4766 essent
696 4717 916 4786 proprii,
957 4729 1053 4774 aut
1086 4720 1322 4788 ldithun,
1352 4735 1445 4780 aut
1485 4727 1717 4784 ﬁliorum
1744 4731 1942 4800 Chore,
1969 4744 2064 4792 aut

488 4801 692 4872 Asaph,
726 4818 818 4860 aut
858 4807 1047 4878 Moysi,
1079 4825 1264 4866 eorum
1313 4817 1530 4873 nomina
1575 4821 1758 4890 utique
1801 4825 2062 4892 prazdica-

459 4903 697 4960 'rentur,
737 4897 878 4951 sicut
903 4907 958 4952 et
987 4900 1040 4953 in
1072 4901 1374 4974 Evangeliis
1400 4906 1480 4974 ﬁt,
1507 4899 1842 4979 quando‘aut
1867 4914 2057 4982 Marci,

457 4989 460 4992 ’
488 4994 580 5038 aut
605 4985 784 5052 Lucae,
803 4999 898 5045 aut
923 4989 1144 5049 Joannis
1166 4997 1423 5054 vocabulo
1448 5003 1883 5070 pronuntiantur.
1907 5007 2059 5074 Quod

485 5076 649 5132 etiam
675 5089 894 5135 secutus
930 5081 1092 5138 Pater
1111 5085 1466 5157 Augustinus,
1497 5105 1854 5163 congruenter
1870 5114 2059 5156 omnes

483 5165 718 5235 psalmos
743 5169 872 5225 dicit
897 5186 1016 5227 esse
1043 5173 1344 5233 Davidicos.

459 5256 572 5312 'lll.
607 5258 748 5325 Quid
772 5263 1052 5332 signiﬁcet,
1083 5266 1136 5354 in
1158 5266 1346 5354 linem,
1373 5273 1513 5354 quod
1537 5272 1836 5345 frequenter
1857 5283 2054 5336 inveni-

725 5381 728 5384 .
793 5386 796 5392 ,
1080 5346 1166 5390 tur
1188 5346 1242 5392 in
1267 5346 1456 5396 titulis.

553 5421 744 5478 Finem
793 5425 1001 5482 duobus
1053 5429 1282 5487 dicimus
1317 5435 1508 5490 modis.
1560 5436 1775 5496 Primus
1819 5453 1902 5499 est
1950 5447 2052 5502 iste

453 5521 784 5576 communis
809 5525 972 5596 atque
1003 5521 1268 5590 mortalis,
1297 5527 1510 5594 quando
1537 5542 1626 5584 res
1652 5530 1832 5601 aliqua
1861 5534 1928 5588 ad
1957 5550 2052 5590 ex-

483 5613 716 5663 tremum
741 5609 969 5666 deducta
999 5613 1324 5681 pervenerit,
1360 5632 1463 5673 nec
1489 5617 1712 5676 ulterius
1738 5633 1912 5692 potest
1931 5641 2049 5696 pro-

481 5697 625 5766 dire;
680 5701 768 5772 qui
824 5712 1002 5759 motus
1044 5705 1126 5765 sui
1175 5707 1464 5766 terminum
1490 5711 1753 5784 probatur
1780 5717 2042 5788 accipere.

2199 1916 2390 1957 norum
2417 1905 2658 1970 omnium
2680 1907 3002 1980 completiva
3028 1911 3313 1982 perfectio.

2196 1992 2286 2049 ιν.
2325 1994 2467 2060 Quid
2503 1998 2573 2052 sit
2616 1996 2962 2066 Psalterium,
2996 2002 3074 2057 vel
3096 2003 3289 2074 psalmi
3317 2022 3482 2078 quare
3514 2010 3798 2067 dicantur.

2262 2086 2585 2149 Psalterium
2612 2099 2718 2157 est,
2758 2101 2818 2146 ut
2849 2092 3212 2166 Hieronymus
3238 2097 3332 2164 ait,
3365 2097 3418 2153 in
3446 2101 3672 2156 modum
3693 2103 3800 2158 lit-

2195 2185 2324 2232 terae
2351 2190 2386 2234 Δ
2415 2178 2630 2236 formati
2656 2181 2790 2252 ligni
2813 2198 3006 2240 sonora
3035 2187 3368 2256 concavitas,
3395 2191 3628 2248 obesum
3658 2209 3798 2250 ven-

2195 2275 2332 2322 trem
2385 2270 2438 2322 in
2482 2271 2854 2340 superioribus
2900 2274 3126 2342 habens,
3180 2277 3271 2332 ubi
3319 2279 3652 2336 chordarum
3697 2284 3793 2338 ﬁla

2193 2358 2440 2430 religata,
2474 2359 2937 2432 disciplinahiliter
2963 2365 3172 2436 plectro
3201 2384 3480 2440 percussa,
3511 2374 3792 2429 suavissi-

2191 2465 2335 2504 mam
2363 2451 2618 2508 dicuntur
2639 2455 2866 2512 reddere
2892 2459 3239 2526 cantilenam.
3270 2461 3406 2519 Huic
3431 2465 3662 2521 cithara:
3685 2483 3792 2537 po-

2191 2539 2318 2594 sitio
2347 2541 2560 2602 VitiCllll‘
2592 2559 2714 2601 esse
2739 2550 3033 2614 contraria,
3079 2553 3229 2625 dum,
3268 2554 3410 2623 quod
3444 2555 3545 2608 ista
3581 2557 3640 2610 in
3670 2559 3788 2612 imo

2188 2633 2460 2700 continet;
2510 2635 2641 2699 illud
2682 2652 2943 2696 conversa
2978 2642 3098 2708 vice
3128 2653 3304 2714 gestat
3328 2645 3382 2700 in
3415 2648 3620 2718 capite.
3663 2648 3786 2708 Hoc

2189 2733 2370 2781 autem
2417 2744 2588 2798 genus
2619 2732 2807 2803 organi
2837 2749 3098 2802 canorum
3131 2745 3293 2810 atque
3315 2738 3592 2808 singulare
3627 2750 3784 2809 apta-

2190 2825 2277 2872 tur
2299 2820 2514 2890 corpori
2565 2821 2775 2877 Domini
2829 2823 3149 2893 Salvatoris,
3186 2813 3440 2906 quoniam
3468 2829 3611 2885 sicut
3635 2830 3782 2885 istud

2190 2907 2562 2977 dealtiorihus
2602 2921 2780 2979 sonat,
2813 2914 2914 2980 sic,
2942 2924 2998 2970 et
3027 2916 3157 2983 illud
3183 2918 3433 2989 gloriosa:
3469 2921 3780 2976 institutio-

2189 2995 2274 3052 nis
2302 3013 2535 3068 superna
2571 3001 2934 3069 concelebrat,
2963 3004 3105 3060 sicut
3139 3005 3254 3078 ipse
3280 3007 3334 3062 in
3364 3008 3662 3078 Evangelia
3683 3009 3777 3064 di-

2187 3087 2264 3142 cit
2293 3104 2308 3142 :
2339 3088 2444 3156 Qui
2469 3101 2543 3144 est
2568 3091 2634 3146 de
2657 3103 2819 3159 terra,
2853 3095 2916 3149 de
2937 3105 3079 3150 terra
3117 3083 3212 3166 est,
3251 3110 3299 3160 et
3327 3099 3392 3154 de
3417 3109 3561 3155 terra
3603 3100 3778 3172 loqui—

2183 3187 2309 3244 tur;
2337 3180 2427 3251 qui
2456 3192 2629 3237 autem
2657 3184 2720 3238 de
2748 3186 2874 3240 calo
2913 3189 3068 3256 venit,
3109 3172 3226 3269 quin
3269 3193 3420 3260 υῑάὶι,
3451 3203 3507 3270 ειη
3544 3195 3774 3267 audit-it,

2183 3276 2406 3323 testatur
2429 3269 2610 3342 (Joan.
2636 3289 2826 3340 xum,
2851 3276 2964 3349 32).
3423 3272 3434 3282 ’

2255 3356 2406 3416 Unde
2431 3361 2648 3430 quidam
2687 3365 2790 3420 hoc
2816 3383 2950 3437 opus
2980 3369 3294 3449 Davidicum
3326 3373 3786 3453 psalmosodictos.

2179 3461 2298 3504 csse
2344 3450 2673 3521 praeﬁniunt,
2701 3455 2850 3525 quia,
2879 3459 2945 3513 de
2978 3447 3213 3530 superno
3242 3447 3491 3518 culmine
3506 3447 3788 3540 resonare.

2180 3548 2499 3594 noscuntur.
2545 3540 2824 3615 Cognosce
2851 3561 2981 3604 vero
3007 3550 3150 3620 quod
3185 3551 3274 3607 isti
3307 3561 3511 3608 tantum
3538 3571 3642 3625 pro
3670 3571 3770 3612 ex-

2177 3629 2428 3686 cellentia
2456 3634 2538 3688 sui
2567 3635 2816 3692 dicantur
2840 3640 3058 3711 psalmi,
3084 3644 3175 3714 qui
3203 3644 3307 3700 hoc
3332 3645 3608 3702 volumine
3633 3665 3770 3704 cou-

2178 3719 2438 3777 tinentur.
2463 3723 2597 3779 Nam
2621 3735 2675 3782 et
2703 3727 3054 3797 Psalterium,
3079 3748 3249 3804 genus
3278 3750 3400 3790 esse
3427 3738 3765 3795 musicorum

2175 3807 2707 3890 [instrumentorum]
2772 3819 2960 3876 Daniel
3023 3823 3286 3892 propheta
3359 3836 3624 3894 testatur,
3678 3830 3764 3885 in-

2173 3898 2413 3968 quiens:
2452 3901 2647 3960 Vocem
2695 3907 2857 3974 tubae,
2907 3909 3118 3976 ﬁstulte,
3145 3914 3454 3981 sambucas,
3510 3919 3761 3984 citharae,

2173 3989 2414 4059 psalterii
2459 4002 2514 4048 et
2550 3997 2904 4067 symphonia,
2941 4002 3224 4074 omnisque
3269 4009 3487 4078 generis
3517 4011 3761 4066 musico-

2176 4080 2468 4137 rum.Nam
2490 4093 2543 4140 et
2561 4085 3005 4158 Paralipomenon
3025 4107 3058 4146 v
3081 4096 3323 4165 exponit,
3352 4112 3475 4152 cum
3506 4098 3656 4166 dicit,
3690 4101 3774 4164 de

2170 4170 2334 4243 lignis
2365 4175 2586 4248 thyinis,
2609 4195 2729 4251 quae
2754 4182 2914 4255 vulgo
2941 4186 3148 4242 eveliua
3175 4188 3431 4264 [ποῦκινα]
3464 4203 3753 4259 vacantur.

2174 4264 2375 4334 gradus
2409 4267 2576 4338 factos
2606 4271 2658 4326 in
2689 4273 2842 4329 domo
2881 4275 3119 4346 Domini,
3147 4291 3194 4335 et
3221 4282 3275 4336 in
3302 4283 3459 4338 domo
3497 4287 3640 4358 regia
3675 4275 3768 4342 ci?

2165 4352 2346 4444 moras
2385 4355 2630 4430 quoque,
2657 4371 2706 4416 et
2755 4363 3010 4433 psalteria
3033 4371 3332 4426 cantoribus
3368 4372 3456 4444 (11
3498 4352 3632 4432 Par.
3666 4392 3751 4441 ιι,

2165 4441 2278 4535 ξι).
2305 4443 2418 4502 Hoc
2444 4450 2584 4520 apud
2614 4450 2868 4510 Hebraeos
2895 4457 3091 4513 dicitur
3119 4461 3360 4530 nablum,
3378 4441 3533 4535 quod
3565 4475 3750 4523 tamen

2168 4533 2224 4587 in
2272 4541 2642 4614 suprascripto
2690 4543 2829 4602 libro
2878 4547 3146 4621 frequenti
3194 4533 3515 4626 repetitione
3559 4559 3750 4632 vulga-

2164 4633 2277 4680 tum
2304 4639 2406 4684 est.
3671 4647 3678 4654 ’

2235 4715 2409 4786 Ipsum
2441 4736 2568 4778 vero
2592 4725 2858 4795 psalmqu
2893 4729 3140 4789 Graecum
3174 4751 3295 4792 esse
3334 4748 3543 4794 constat
3579 4755 3746 4796 voca-

2160 4807 2381 4877 bulum;
2429 4831 2588 4885 quem
2617 4820 2818 4876 dictum
2845 4824 3063 4894 quidam
3115 4828 3322 4896 volunt,
3353 4834 3456 4888 ἁπό
3481 4841 3572 4889 τοῦ
3604 4836 3740 4907 ψάλ-

2161 4899 2276 4965 λιιν,
2323 4903 2428 4959 hoc
2453 4915 2556 4972 est,
2595 4924 2623 4962 a
2657 4913 2940 4982 tangendo.
2984 4914 3118 4971 Nam
3145 4927 3199 4974 et
3232 4920 3534 4989 psalterias.
3565 4899 3735 5002 citha-

2165 4989 2346 5046 roedas
2372 5007 2647 5062 vocamus,
2679 4998 2836 5056 docto
2864 5001 3056 5071 pollice
3080 5007 3475 5064 modulationes
3500 4999 3737 5069 musicas

2160 5080 2546 5151 exprimentes.

2619 5179 2679 5232 V.
2725 5178 2866 5245 Quid
2893 5183 2962 5238 sit
2987 5185 3236 5254 psalmus.

2227 5257 2476 5320 Psalmus
2496 5275 2597 5333 est,
2613 5283 2734 5323 cum
2755 5285 2821 5324 ex
2849 5273 2964 5342 ipso
2985 5275 3101 5330 solo
3123 5276 3478 5335 instrumento
3500 5283 3729 5356 musico,

2156 5348 2210 5406 id
2237 5361 2340 5418 est,
2365 5356 2640 5425 psalterio,
2670 5363 2966 5420 modulatio
2988 5369 3230 5437 quaedam
3253 5371 3426 5426 dulcis
3451 5380 3508 5427 et
3527 5348 3730 5438 canora

2151 5439 2516 5510 profunditur.

2614 5537 2701 5596 Vl.
2742 5539 2883 5609 Quid
2905 5545 2971 5599 sit
2996 5549 3270 5603 canticum.

2217 5626 2499 5686 Canticum
2549 5639 2652 5698 est,
2711 5636 2853 5703 quod
2905 5637 2970 5690 ad
3025 5637 3284 5694 honorem
3338 5641 3433 5698 Dei
3487 5647 3720 5714 canitur,

2150 5721 2365 5790 quando
2393 5721 2484 5794 qui
2523 5721 2775 5780 libertate
2817 5727 3048 5798 propriae
3088 5731 3233 5786 vocis
3260 5732 3466 5787 utitur:
3497 5749 3593 5791 nec
3639 5736 3720 5794 lo-
