4020 6310
249 297 414 359 1409..

1590 299 1995 359 BENEDICTIO
2030 303 2161 376 sui.

3367 296 3507 360 “l0

240 410 404 474 auaci
451 409 813 468 instrumento
838 413 1090 483 cuiquam
1121 415 1328 478 musico
1354 427 1590 469 consona
1621 413 1820 475 ,modu-
1849 424 1894 479 Α
1923 415 2099 470 stinus
2142 431 2324 479 rerum
2381 416 2734 482 obscurarum
2781 414 3161 472 subtilissimus
3203 415 3503 484 indagator,
3531 458 3535 464 .

239 507 444 562 talione
467 504 722 560 sociatur.
751 505 862 558 Hoc
887 515 988 570 est,
1021 505 1165 576 quod
1187 505 1350 560 etiam
1375 518 1517 559 nunc
1548 492 1600 558 in
1623 503 1823 565 divini:-

240 595 650 669 tatis_laudibus
677 596 873 666 agitur.
931 665 933 667 ι
1359 653 1364 658 ,
1415 653 1423 658 ,
1499 613 1502 657 ζ

565 683 674 740 VII.
717 685 856 752 Quid
904 687 969 740 sit
1022 687 1506 757 psalmocanticum.
1696 745 1704 750 _
1843 745 1847 752 ,

313 775 799 836 Psalmocanticum
839 786 997 842 erat,
1035 792 1158 833 cum
1211 776 1570 833 instrumento
1618 776 1826 833 musico

237 869 572 940 praecinente
597 909 613 936 ,
649 884 850 926 canens
872 870 1072 927 chorus
1119 870 1340 927 sociatis
1383 871 1606 928 vocibus
1651 870 1831 928 accla-

242 965 450 1031 mabat,
477 964 672 1021 divinis
693 967 956 1022 duntaxat
986 967 1209 1024 vocibus
1235 967 1540 1032 obsecutus.

285 1055 411 1110 VIII.
439 1055 580 1121 Quid
601 1057 666 1112 sit
693 1059 952 1113 canticum
975 1057 1234 1131 psalmum
1259 1056 1793 1131 [canticopsalmum].

315 1143 867 1216 Canticumpsalmum
885 1155 1031 1214 erat,
1054 1163 1202 1214 cum,
1240 1148 1406 1204 choro
1434 1147 1786 1203 antecedente
1809 1187 1826 1213 ,

241 1248 336 1290 ars
368 1234 708 1290 instrumenti
754 1236 942 1292 musici
980 1237 1034 1292 in
1061 1252 1222 1291 unam
1265 1223 1714 1294 convenientiam.
1736 1251 1830 1292 co-

241 1324 405 1379 miter
450 1325 755 1396 aptabatur,
786 1327 1060 1400 verbaque
1103 1328 1290 1400 hymni
1325 1329 1491 1388 divini
1532 1329 1712 1386 suavis
1736 1345 1829 1386 co-

240 1412 368 1482 pula
392 1416 740 1485 personabat.

443 1519 448 1522 '
498 1514 502 1518 '
594 1505 688 1562 IX.
713 1506 790 1563 De
811 1509 1181 1581 quinquefaria
1201 1511 1476 1568 divisione.
1570 1561 1574 1566 .

263 1644 265 1646 .
312 1597 464 1654 lianc
503 1608 702 1664 autem,
732 1616 894 1671 quam
921 1601 1188 1668 diximus,
1228 1603 1659 1674 quinquefariam
1689 1603 1826 1660 divi-

239 1688 468 1755 sionem,
503 1699 663 1762 prout
701 1707 1035 1765 unaquaeque
1062 1710 1248 1751 earum
1290 1695 1626 1752 Psalmorum
1657 1696 1826 1752 titulis

1927 504 2067 560 inter
2093 508 2259 560 ardua
2307 507 2425 563 sine
2457 505 2755 563 offensione
2791 509 3124 572 discurrens,
3157 508 3295 563 hanc
3332 509 3508 578 potius

1927 605 2132 664 partem
2169 599 2428 670 elegisse
2453 600 2796 672 cognoscitur
2818 640 2833 666 ,
2883 610 2944 656 ut
2968 600 3140 672 magis
3168 600 3361 666 divisio
3389 615 3507 668 esse

1926 687 2194 755 videatur,
2220 689 2452 744 nominis
2477 673 2644 759 ipsius
2666 690 2961 753 discutiens
2989 691 3328 758 qualitatem,
3357 712 3502 748 avu-

1925 778 2106 851 ψοιλμα
2127 773 2522 849 (sympsalma),
2549 781 2745 850 quippe
2767 780 2967 834 dicitur
2996 780 3186 849 Graeco
3221 778 3506 842 vocabulo,

1925 885 2120 926 vocum
2167 870 2400 926 adunata
2451 871 2739 942 copulatio,
2789 871 3068 945 ,διαψαλμα
3126 870 3508 944 (diapsalma)

1926 975 2056 1017 vero
2081 974 2390 1016 sermonum
2437 971 2592 1032 rupta
2636 963 2972 1030 continuatio.
3017 964 3237 1032 docens,
3278 962 3507 1018 ubicun-

1926 1068 2056 1124 que'
2082 1051 2584 1122 repertum'fuerit,
2637 1062 2733 1108 aut
2777 1068 3136 1126 personarum
3181 1063 3275 1110 aut
3325 1069 3506 1122 rerum

1927 1143 2045 1199 ﬁeri
2090 1143 2563 1213 permutationem.
2596 1129 2787 1200 Merito
2827 1159 2958 1216 ergo
3005 1145 3112 1200 tale
3154 1160 3348 1222 nomen
3399 1145 3510 1200 illic

1927 1235 2417 1306 interponitur,ubi
2438 1236 2532 1291 vel
2558 1252 2767 1301 sensus,
2791 1237 2875 1292 vel
2896 1252 2993 1308 per
3012 1253 3144 1294 sona
3170 1237 3334 1294 dividi
3357 1252 3508 1292 com-

1925 1327 2244 1399 probantur.
2282 1324 2435 1382 Unde
2463 1334 2517 1382 et
2538 1342 2634 1382 nos
2653 1327 2942 1394 divisiones
2965 1343 3201 1399 congrue
3223 1327 3506 1396 faciemus,

1927 1417 2232 1486 ubicunque
2268 1416 2320 1472 in
2350 1417 2574 1488 psalmis
2599 1418 2900 1490 diapsalma
2930 1419 3164 1490 potuerit
3186 1419 3432 1475 inveniri.

1998 1509 2252 1580 Reliquas
2275 1519 2474 1577 autem,
2504 1521 2663 1583 prout
2689 1513 2872 1570 datum
2903 1513 3087 1580 fuerit,
3110 1513 3504 1584 indagabimus,

1927 1597 2018 1654 ubi
2051 1606 2232 1653 tamen
2279 1600 2580 1656 auctoritas
2628 1601 2787 1674 hujus
2837 1602 3075 1658 nominis
3127 1617 3237 1658 non
3274 1600 3508 1674 potuerit

1929 1709 2180 1753 anenll‘l.

223 1782 477 1852 potuerit
521 1785 828 1852 convenire,
865 1787 999 1844 locis
1048 1789 1342 1859 aptissimis
1391 1791 1710 1856 admonebo,
1736 1790 1820 1846 ubi

1930 1805 2046 1862 XII.
2090 1805 2275 1880 Utrum
2330 1810 2385 1863 in
2421 1812 2646 1880 quinque
2687 1810 3033 1866 voluminibus
3073 1809 3393 1879 psalmorum
3438 1818 3506 1865 stt

238 1867 659 1942 significandam
689 1879 975 1946 quamdam
1022 1882 1474 1952 subsequentibus
1502 1885 1664 1939 rebus
1707 1899 1826 1956 my-

237 1961 374 2018 stica
405 1961 848 2033 interpretatione
895 1970 1239 2026 contradunt.
1295 1970 1402 2028 Sed
1449 1973 1576 2044 quia
1625 1981 1832 2029 suntet

239 2053 359 2109 alia:
388 2053 695 2111 multifaria:
719 2059 1222 2131 super-scriptiones,
1249 2077 1386 2133 quas
1424 2065 1829 2134 praetereundas

237 2155 360 2196 esse
397 2157 503 2198 non
535 2143 771 2202 arbitror
796 2187 811 2213 ,
849 2147 1090 2206 breviter
1129 2150 1183 2206 in
1233 2167 1396 2206 unam
1424 2152 1826 2214 conclusionem

235 2235 446 2290 mstimo
469 2237 818 2310 colligendas,
842 2249 921 2308 ut,
945 2257 1044 2299 nec
1068 2241 1342 2300 fastidium
1368 2243 1540 2302 lector
1564 2246 1825 2314 incurrat,

233 2340 342 2382 nec
392 2326 446 2382 in
498 2329 696 2386 damno
744 2331 1110 2404 intelligentia:
1155 2337 1459 2392 necessaria
1512 2337 1654 2394 forte
1684 2353 1827 2410 prae-

239 2423 435 2471 tereat.
565 2465 568 2469 .
743 2458 746 2460 η
1783 2437 1786 2441 λ

485 2505 554 2561 Χ.
595 2507 674 2564 De
702 2510 857 2565 unica
898 2517 1238 2584 inscriptione
1281 2515 1577 2571 titulorum.

305 2596 578 2664 Quasdam
633 2603 1118 2675 superscriptiones
1162 2607 1492 2677 psalmorum
1543 2625 1642 2680 per
1693 2610 1827 2666 allu-

238 2687 446 2758 sionein
493 2691 829 2762 consimilem
875 2705 1088 2751 constat
1120 2698 1472 2768 spiritualiter
1516 2700 1822 2758 intuendas.

237 2782 393 2851 Quia,
427 2784 474 2840 si
523 2785 758 2842 litteram
791 2804 894 2844 non
951 2790 1264 2848 consideres
1287 2833 1301 2858 ,
1330 2801 1648 2864 extraneum
1697 2804 1781 2851 est
1805 2837 1825 2860 ,

235 2887 359 2929 cum
390 2890 493 2931 non
522 2892 585 2931 ea
625 2877 870 2935 invenias
901 2880 954 2935 in
984 2882 1206 2952 psalmis
1247 2898 1366 2952 quae
1396 2886 1745 2942 continentur
1771 2888 1822 2942 in

237 2962 426 3019 titulis.
458 2964 514 3020 Si
543 2981 672 3021 vero
699 2968 982 3025 trahantur
1026 2973 1094 3027 ad
1148 2973 1410 3044 tropicum
1469 2974 1820 3044 intellectum,

237 3055 398 3110 nimis
431 3057 678 3112 videntur
700 3062 1139 3130 accommodatae,
1167 3073 1226 3118 ut
1271 3073 1355 3119 est
1399 3063 1528 3120 illud
1557 3083 1572 3121 :
1604 3064 1702 3121 Ubi
1738 3084 1819 3122 res

1999 1878 2225 1959 secanda
2267 1878 2652 1946 contertio,'an
2682 1891 2819 1937 certe
2847 1898 2983 1936 unus
3013 1878 3143 1936 liber
3163 1881 3351 1935 debeat
3371 1897 3508 1936 nun-

1933 2010 1936 2012 ν
1997 1963 2202 2018 cupart.

1997 2057 2196 2114 Beatus
2223 2059 2586 2132 Hieronymus
2613 2063 2949 2132 prophetiam
2978 2063 3308 2132 psalmorum
3342 2065 3503 2133 quin-

1926 2160 2032 2216 que
2081 2146 2235 2208 lihris
2279 2149 2488 2218 putavit
2534 2164 2656 2206 esse
2703 2150 3067 2217 dividendam,
3098 2152 3224 2222 quia
3276 2152 3328 2207 in
3355 2161 3506 2208 textu

1925 2236 2109 2308 operis
2154 2235 2313 2306 hujus
2337 2247 2534 2308 quarto
2584 2239 2812 2312 legitur:
2863 2239 3018 2307 Fiat,
3057 2241 3195 2310 fiat,
3225 2241 3350 2312 dum
3404 2243 3507 2299 hcc

1923 2329 2090 2384 verbo
2135 2328 2538 2395 intercedente,
2587 2331 2847 2385 nonnulla
2901 2346 2961 2386 se
3005 2331 3252 2396 videatur
3297 2333 3510 2402 aperire

1925 2420 2138 2480 divisio.
2190 2420 2326 2477 Huic
2369 2421 2508 2477 favit
2543 2437 2764 2478 assensa
2805 2425 3112 2494 posteritas.
3154 2425 3350 2492 Credo,
3378 2425 3506 2490 dum

1923 2513 2031 2570 sibi
2075 2513 2383 2570 consultum
2437 2515 2743 2586 judicavit:
2780 2518 2923 2588 quod
2970 2517 3024 2572 in
3079 2518 3276 2575 multas
3322 2528 3506 2591 partes

1924 2603 2242 2660 curtabatur
2291 2606 2510 2665 taediosa
2559 2606 2949 2678 longinquitas.
3007 2607 3244 2665 Hilarius
3302 2618 3485 2666 autem

1923 2697 2284 2755 Pictaviensis
2305 2700 2610 2770 episcopus,
2635 2700 2938 2756 divinarum
2961 2717 3141 2757 rerum
3161 2702 3506 2760 acutissimus

1923 2798 1980 2843 et
2003 2787 2460 2860 profundissimus
2496 2791 2798 2861 exquisitor
2819 2831 2836 2858 ,
2883 2794 3274 2862 congruentius
3306 2792 3504 2853 librum

1923 2881 2159 2952 aestimat
2210 2881 2316 2937 dici
2368 2882 2564 2938 debere
2607 2881 3129 2952 psalmorum;_quia
3177 2883 3230 2938 in
3279 2884 3506 2942 Hebraeo

1921 2986 2088 3028 unum
2114 2970 2361 3033 volumen
2385 2979 2489 3036 est,
2521 2980 2578 3027 et
2600 2971 2856 3036 maxime,
2879 2987 3002 3027 cum
3034 2973 3085 3028 in
3110 2973 3335 3040 Actibus
3377 2989 3508 3046 apo-

1921 3061 2196 3116 stolorum
2215 3061 2425 3132 legatur
2454 3061 2681 3126 dictum,
2709 3061 2764 3116 in
2783 3061 2914 3115 libro
2939 3060 3274 3116 Psalmorum
3298 3061 3436 3134 (Act.
3463 3077 3502 3130 ι,

235 3152 406 3216 gestia
436 3147 822 3217 signiﬁcantur,
851 3151 903 3207 id
941 3162 1055 3216 est,
1095 3119 1212 3208 cum
1251 3155 1385 3226 fugit
1431 3174 1462 3210 a
1490 3119 1626 3226 facie

1923 3150 2039 3222 20).
2072 3119 2410 3222 Quapropter
2443 3149 2640 3206 merito
2666 3119 2811 3205 unus
2841 3149 2978 3206 liber
3005 3151 3207 3208 dicitur
3231 3119 3322 3222 qui
3356 3119 3504 3209 tanta

235 3238 342 3294 Ion.
373 3239 476 3294 Ubi
499 3239 666 3305 locus,
695 3253 748 3296 ut
776 3255 860 3299 est
894 3263 908 3299 :
944 3263 1062 3300 cum
1083 3257 1215 3302 esset
1240 3249 1293 3302 in
1319 3249 1521 3303 deserto
1543 3249 1818 3306 ldumteat.

235 3329 337 3387 Ubi
363 3334 472 3388 dies
498 3373 512 3397 ,
558 3335 699 3390 sicut
725 3347 806 3392 est
839 3357 851 3392 :
883 3340 946 3404 in
982 3341 1154 3410 prium
1192 3338 1430 3400 S‘abbati.
1459 3339 1561 3394 Ubi
1597 3340 1821 3398 Hebra’a

235 3424 470 3487 nomina,
496 3424 641 3479 sicut
663 3433 777 3481 est:
803 3427 1042 3484 [dit/tun.
1075 3427 1175 3483 Ubi
1221 3429 1366 3499 facta
1393 3439 1470 3485 est
1499 3433 1820 3501 comparatio
1913 3466 1920 3470 -

233 3516 516 3580 gestorum,
544 3514 746 3581 idest,
791 3533 909 3572 cum
937 3520 1154 3574 mutavit
1201 3522 1400 3576 vultum
1445 3537 1598 3575 suum
1643 3538 1820 3576 coram

234 3603 548 3660 Abimelech.
579 3603 671 3661 Vel
695 3609 996 3677 specierum
1030 3611 1390 3668 consimilium
1416 3653 1432 3678 ,
1471 3613 1523 3667 id
1571 3621 1672 3678 est,
1724 3630 1819 3685 pro

237 3694 612 3754 torcularibus.
645 3697 986 3772 Quapmpter
1030 3703 1083 3757 in
1113 3705 1660 3776 superscriptionibus
1687 3707 1818 3764 titu-

236 3785 586 3844 Iorum:sive
626 3791 909 3860 psalmum,
940 3793 1054 3848 sive
1099 3794 1383 3860 canticum,
1430 3795 1544 3851 sive
1590 3796 1820 3866 psalmo-

235 3880 515 3947 canticum,
542 3882 656 3937 sive
690 3884 1215 3955 canticumpsalmum
1238 3925 1255 3950 ,
1287 3886 1400 3941 sive
1425 3887 1479 3940 in
1498 3886 1675 3962 ﬁnem,
1705 3889 1820 3950 sive

235 3967 434 4039 aliquid
473 3971 538 4026 de
562 3979 713 4028 sexta
739 4012 754 4037 ,
785 3987 945 4042 quam
970 3974 1224 4041 diximus,
1253 3975 1646 4046 complexione,
1672 3991 1820 4048 repe-

237 4059 344 4116 rire
363 4065 636 4132 potueris;
661 4073 755 4120 aut
774 4066 1069 4138 sigillatim,
1097 4075 1192 4123 aut
1217 4084 1408 4133 unum,
1435 4067 1542 4124 duo
1571 4070 1657 4126 vel
1689 4071 1814 4136 tria,

236 4151 348 4208 sive
374 4164 606 4223 quatuor
639 4171 706 4212 ex
732 4157 811 4213 eis
838 4158 1044 4214 inserta
1099 4160 1438 4230 cognoveris,
1463 4161 1532 4216 ad
1577 4161 1694 4216 illas
1715 4162 1819 4216 vir-

239 4255 378 4302 tutes
401 4249 579 4314 trahe,
604 4250 753 4319 quia,
785 4263 967 4306 rerum
1003 4251 1228 4307 istarum
1254 4253 1695 4307 commemoratio
1747 4251 1816 4307 ad

237 4335 637 4393 similitudinem
663 4341 891 4396 occultat
937 4341 1304 4412 intelligentiae
1341 4341 1515 4412 posita
1546 4341 1816 4397 subtiliter

237 4427 522 4484 invenitur.
551 4430 657 4486 lsta
687 4431 830 4487 enim
856 4441 983 4486 ante
1011 4431 1156 4488 fores
1192 4432 1520 4503 psalmorum
1557 4442 1812 4505 tanquam

237 4530 444 4576 sacrata
471 4521 588 4577 vela
617 4523 884 4591 pendent;
916 4537 1013 4592 per
1036 4538 1176 4594 quae,
1221 4523 1266 4579 si
1296 4523 1465 4578 aciem
1497 4525 1696 4581 mentis
1732 4525 1819 4580 in-

237 4609 443 4674 tendas,
491 4611 890 4667 rarescentibus
937 4611 1257 4681 quibusdam
1293 4611 1417 4678 filis,
1445 4611 1603 4669 facile
1627 4629 1812 4679 eorum

235 4699 527 4767 penetralia
570 4702 860 4758 conlueris.
893 4700 1025 4770 Quis
1069 4703 1466 4768 enimcausas,
1510 4711 1591 4759 tot
1637 4702 1814 4761 diver-

237 4790 422 4846 sitates
450 4792 726 4848 nominum
756 4801 908 4862 putat
938 4793 1194 4849 otiosas?
1220 4807 1342 4848 cum
1371 4793 1524 4850 nefas
1553 4795 1625 4849 sit
1649 4835 1665 4862 ,
1695 4809 1813 4851 cre-

235 4877 382 4944 dere,
415 4879 724 4952 Scripturas
766 4882 977 4938 divinas
1005 4883 1206 4953 aliquid
1243 4899 1638 4953 supervacuum
1683 4900 1812 4941 con-

239 4969 680 5040 tinere..Legitur
709 4973 858 5046 enim
888 4991 901 5026 :
933 4972 1119 5040 Amen,
1159 4989 1312 5027 amen
1348 4973 1466 5028 dico
1503 4974 1643 5029 vobis
1671 4975 1814 5046 quod

235 5063 342 5116 iota
369 5079 551 5129 unum,
583 5072 674 5118 aut
707 5081 844 5120 unus
873 5081 1008 5136 apex
1044 5082 1147 5120 non
1177 5065 1462 5135 praeteribit
1493 5083 1526 5122 α
1558 5067 1686 5139 lege,
1717 5069 1812 5123 do-

237 5169 327 5206 nec
355 5152 530 5207 omnia
562 5153 918 5222 compleantur
945 5153 1160 5226 (Matth.
1183 5169 1236 5221 v,
1277 5155 1387 5227 I8).

655 5243 748 5298 XI.
792 5243 932 5310 Quid
969 5246 1036 5298 sit
1066 5245 1382 5316 diapsalma.

302 5333 446 5389 Inter
473 5332 810 5403 expositores
834 5334 1162 5402 psalmorum
1191 5335 1258 5390 de
1279 5336 1382 5390 hoc
1410 5337 1628 5393 nomine
1665 5352 1812 5409 quae-

236 5422 374 5482 dam.
414 5426 654 5479 noscitur
723 5425 1034 5494 provenisse
1065 5425 1378 5492 diversitas.
1426 5426 1807 5500 Hieronymus,

223 5511 510 5578 llcbraicae
557 5513 748 5584 linguae
790 5513 1132 5568 doctissimus
1179 5514 1502 5584 inquisitor,
1528 5517 1812 5592 continuaa

240 5601 435 5655 tionem
465 5599 699 5672 Spiritus
727 5600 900 5658 sancti
932 5616 1052 5658 esse
1077 5603 1399 5680 confirmat;
1431 5606 1500 5660 ob
1526 5593 1657 5670 hoc,
1683 5608 1808 5682 quia
1867 5675 1887 5696 δ

239 5691 527 5762 diapsalma
571 5693 836 5763 significet
886 5707 1114 5767 semper.
1154 5693 1353 5750 Beatus
1407 5704 1586 5752 autem
1625 5698 1807 5770 Angu-

1921 3240 2250 3301 Aauctoritale
2279 3239 2550 3296 firmatur.
3299 3319 3304 3323 _
3481 3307 3494 3313 η

1923 3349 2060 3405 XIII.
2090 3350 2542 3418 Quemadmodum
2563 3354 2618 3408 in
2638 3353 2854 3424 psalmis
2879 3359 2946 3408 sit
2965 3355 3030 3410 de
3048 3353 3256 3410 Christo
3276 3356 3502 3412 Domino

1961 3479 1974 3484 _
1997 3471 1999 3474 ι
2057 3471 2060 3478 .
2533 3425 2882 3495 sentiendum.
3264 3489 3272 3496 φ
3487 3445 3494 3452 ⁴

1919 3569 1924 3575 ,
1994 3511 2190 3568 Tribus
2213 3512 2388 3568 modis
2413 3513 2606 3584 psalmi
2637 3513 2931 3586 loquuntur
2950 3515 3016 3570 de
3030 3531 3259 3587 persona
3289 3517 3501 3574 Domini

1919 3601 2050 3659 Jesu
2079 3601 2302 3670 Christi,
2333 3618 2432 3673 pro
2458 3605 2816 3661 instructione
2840 3605 3094 3661 fidelium.
3123 3607 3384 3680 Primum,
3405 3623 3503 3679 per

1921 3693 1974 3750 id
2009 3694 2151 3763 quod
2185 3693 2252 3748 ad
2293 3693 2685 3750 humanitatem
2712 3695 2828 3766 ejus
2855 3697 3096 3752 noscitur
3121 3698 3415 3768 pertinere,
3443 3707 3504 3752 ut

1920 3797 2006 3846 est
2055 3788 2451 3854 illudsecundi
2496 3790 2726 3860 psalmi:
2758 3791 3047 3846 Astiterunt
3095 3807 3236 3862 reges
3267 3800 3419 3846 terra:
3450 3800 3500 3845 et

1907 3879 2177 3948 principes
2220 3890 2567 3935 convenerunt
2609 3882 2664 3934 in
2697 3897 2860 3954 unum
2906 3881 3157 3935 adversus
3197 3879 3497 3944 Dominum,

1918 3978 1966 4024 et
1997 3969 2245 4024 adversus
2295 3968 2563 4024 Christum
2591 3970 2729 4041 ejus.
2770 3970 2837 4026 Et
2860 3971 2914 4026 in
2955 3987 3025 4025 xx
3055 3970 3301 4040 psalmo:
3349 3969 3501 4030 Desi-

1905 4059 2121 4124 derium
2167 4059 2280 4129 ejus
2323 4061 2551 4114 tribuisti
2582 4061 2649 4124 ei,
2680 4070 2729 4114 et
2774 4060 3040 4132 voluntate
3071 4059 3334 4114 labiorum
3382 4060 3498 4128 ejus

1919 4168 2022 4206 non
2050 4151 2314 4220 fraudasti
2355 4167 2489 4205 eunt.
2523 4149 2808 4216 Secundo,
2861 4152 3003 4221 quod
3050 4151 3271 4220 aequalis
3308 4163 3364 4207 et
3407 4167 3495 4208 co-

1903 4249 2150 4306 aeternus
2198 4227 2496 4296 ostenditur
2533 4240 2713 4306 Patri,
2775 4249 2834 4295 ut
2879 4250 2962 4296 cst
3003 4240 3129 4295 illud
3173 4240 3416 4316 ejusdem
3458 4259 3494 4296 ιι

1917 4330 2109 4399 psalmi
2147 4346 2160 4383 :
2220 4329 2476 4384 Dominus
2503 4331 2637 4384 dixit
2674 4330 2745 4384 ad
2776 4346 2857 4384 me
2879 4343 2899 4382 :
2929 4328 3098 4384 Filius
3123 4346 3266 4384 meus
3308 4348 3361 4386 es
3396 4342 3496 4397 tu;

1917 4437 2010 4492 ego
2037 4420 2191 4474 hodie
2209 4422 2365 4490 genui
2390 4430 2459 4475 te.
2493 4420 2557 4475 Et
2585 4421 2637 4474 in
2666 4420 2874 4492 psalmo
2903 4436 2991 4476 cxx
3017 4440 3030 4475 :
3086 4420 3276 4476 Tecum
3301 4424 3496 4493 princi-

1918 4511 2064 4581 pium
2084 4511 2139 4565 in
2158 4511 2242 4564 die
2260 4511 2466 4582 virtutis
2486 4520 2612 4577 tuae,
2635 4511 2688 4565 in
2709 4511 3072 4580 splendoribus
3094 4522 3417 4579 sanctorum,
3431 4534 3498 4568 ea:

1922 4610 2068 4656 utero
2121 4611 2241 4656 ante
2290 4601 2586 4677 luciferum.
2615 4602 2771 4672 genui
2817 4611 2886 4657 te.
2919 4601 3123 4668 Tertio,
3163 4618 3194 4657 a
3235 4605 3495 4660 membris

1921 4693 2199 4758 Ecclesiae,
2247 4691 2398 4763 cujus
2446 4694 2561 4764 ipse
2589 4691 2700 4749 dux
2746 4702 2802 4749 et
2829 4705 2990 4768 caput
3017 4703 3102 4750 est
3131 4681 3402 4762 ChriStus,
3435 4705 3494 4750 ut
3553 4763 3560 4767 _

1918 4791 2004 4838 est
2033 4781 2160 4836 illud
2190 4798 2279 4836 xxi
2313 4781 2508 4836 Psalmi
2537 4799 2550 4836 :
2587 4781 2760 4853 Longe
2787 4800 2819 4836 a
2841 4782 3010 4838 salute
3034 4799 3146 4838 mea
3173 4785 3324 4839 verba
3361 4784 3492 4839 deli-

1918 4885 2120 4929 ctorum
2163 4889 2418 4927 meorum.
2450 4873 2516 4928 Et
2553 4873 2603 4928 in
2636 4873 2844 4943 psalmo
2871 4890 3034 4929 vant
3062 4893 3074 4929 :
3113 4875 3276 4941 Deus,
3306 4886 3362 4930 tu
3390 4879 3492 4932 scis

1918 4968 2275 5039 insipientiam
2304 4977 2567 5040 meamget
2589 4967 2777 5022 delicta
2825 4984 2940 5022 mea
2959 4986 2992 5023 a
3021 4978 3069 5022 te
3103 4986 3205 5023 non
3231 4981 3349 5025 sunt
3373 4974 3490 5027 abs-

1921 5058 2167 5123 condita;
2213 5056 2356 5128 quod
2437 5058 2637 5113 dictum
2711 5072 2809 5128 pro
2873 5073 3194 5129 unoquoque
3253 5061 3488 5118 ﬁdelium

1920 5150 2176 5207 debemus
2229 5149 2494 5220 accipere.
2529 5149 2795 5204 Caeterum
2831 5149 3025 5205 delicta
3047 5167 3078 5205 a
3125 5151 3340 5210 Christo
3366 5169 3490 5224 pro-

1920 5239 2116 5295 bantur
2155 5237 2398 5295 funditus
2449 5239 2644 5294 aliena.
2689 5239 2842 5297 Unde
2884 5241 3198 5308 Ticbonius,
3249 5244 3300 5297 in
3332 5245 3488 5320 libris

1921 5329 2268 5401 Regularnm,
2317 5329 2481 5386 latius
2527 5330 2912 5402 diligenterque
2967 5331 3239 5387 disseruit.
3276 5318 3408 5400 Hoc,
3441 5318 3486 5405 si

1916 5421 2100 5474 animo
2141 5420 2447 5486 condimus,
2499 5419 2642 5475 nulla
2688 5419 3002 5477 confusione
3036 5423 3333 5488 turbamur,
3363 5424 3489 5494 quia

1914 5527 2068 5566 error
2094 5512 2360 5567 maximus
2393 5511 2518 5568 inde
2553 5497 2832 5592 nascitur,
2861 5513 3074 5593 quando
3109 5513 3488 5572 inconvenien-

1916 5613 1999 5661 ter
2029 5604 2271 5660 redditur
2290 5603 2417 5660 alibi
2444 5599 2586 5675 quod
2613 5604 2813 5661 dictum
2836 5614 3046 5660 constat
3073 5604 3138 5660 ad
3163 5605 3326 5660 aliud.
3351 5605 3483 5680 Nam

1919 5697 1964 5752 si
1997 5711 2102 5752 uno
2127 5697 2285 5752 modo
2330 5696 2516 5752 fuisset
2547 5696 2789 5763 locutus,
2817 5698 2937 5768 quis
2964 5695 3078 5765 ejus
3107 5685 3364 5770 [nituisset
3394 5714 3485 5771 ge.
