4006 5376
575 387 706 443 Mli
1433 389 1720 444 APPEND.
1753 389 1842 443 AD
1884 389 2054 444 S.EC.
2099 387 2186 441 IX.

2223 418 2293 428 -—
2319 388 2686 444 AUCTORES
2712 388 2944 444 ΑΝΟΧΥ
2956 388 3042 442 Ml.
3670 389 3782 443 Il’li’.

574 500 778 554 minam
826 486 1183 555 substantiam
1221 513 1554 569 agnoscere;
1611 515 1732 555 cum
1788 500 1952 554 etiam
2008 513 2151 552 nunc
2185 509 2226 557 Α
2259 509 2423 554 male
2485 500 2949 570 complectemur,
3012 508 3105 553 aut
3185 508 3369 554 contra
3431 499 3651 556 haereses
3702 500 3782 556 ali-

578 591 630 645 in
656 599 763 644 tam
785 589 1183 644 evidentissima
1209 589 1555 645 distinctione
1579 589 1830 644 naturam
1859 589 2159 643 divinitatis

576 689 628 735 et
657 680 1007 736 humanitatis
1038 680 1250 734 Domini
1277 679 1505 745 Christi,
1534 681 1696 750 aliqui
1725 681 1964 735 nitantur
1990 678 2164 734 sacri-

579 772 696 843 Icga
723 771 999 828 voluntate
1034 770 1406 826 confundere?

652 862 816 917 Multa
886 877 1102 933 quoque
1163 863 1458 917 secundum
1531 862 1770 918 litteram
1821 869 2160 926 commonet;

580 953 748 1007 multa
779 951 1097 1023 spiritaliter
1137 949 1330 1021 jubet;
1384 967 1646 1023 personas
1693 951 1873 1007 subito
1913 952 2168 1008 decenter

581 1047 852 1113 immutat,
880 1055 938 1100 ut
968 1053 1111 1101 nunc
1132 1047 1380 1103 Christus
1416 1047 1591 1112 Deus,
1636 1046 1872 1102 Verbum
1917 1046 2167 1100 incarna-

583 1147 737 1203 tum;
772 1145 827 1192 et
877 1138 1038 1193 homo
1083 1136 1281 1202 factus,
1333 1147 1495 1206 caput
1543 1136 1826 1201 Ecclesiae;
1883 1152 2024 1191 nunc
2055 1137 2168 1207 ipsa

587 1229 860 1296 Ecclesia;
895 1245 1040 1286 nunc
1083 1232 1245 1286 homo
1283 1229 1500 1300 justus;
1556 1246 1701 1286 nunc
1728 1231 2000 1301 paenitens
2027 1231 2170 1300 loqui

584 1321 867 1386 videatur,
897 1331 957 1376 ut
991 1323 1175 1376 omnia
1213 1322 1520 1377 necessaria
1551 1330 1736 1392 tangat
1763 1330 1925 1389 atque
1953 1321 2172 1376 conclu-

587 1413 699 1465 dat.
737 1411 945 1481 Ubique
970 1412 1347 1483 plenissimum
1385 1412 1687 1467 cmlestium
1717 1427 1899 1465 rerum
1931 1419 2174 1466 sanetum

588 1505 766 1558 vibrat
791 1502 1062 1575 eloqu'ium
1085 1546 1100 1570 ,
1126 1514 1181 1559 et
1203 1504 1486 1574 multiplici
1536 1503 1852 1559 diversitate
1895 1503 2175 1567 virtutum,

587 1603 808 1666 propter
843 1595 1068 1650 humani
1098 1597 1318 1668 generis
1359 1597 1691 1667 Iargiendam
1739 1595 1990 1659 salutem,
2028 1595 2180 1666 regni

590 1687 674 1740 sui
723 1687 997 1743 adoranda
1049 1688 1307 1759 mysteria
1347 1688 1469 1758 pius
1530 1687 1862 1756 Redemptor
1915 1687 2177 1742 insinuat.

591 1778 719 1834 11ωο
762 1779 883 1834 ideo
912 1779 1121 1850 praefati
1163 1795 1351 1834 sumus
1382 1788 1464 1845 ut,
1491 1794 1614 1834 cum
1660 1786 1881 1833 ventum
1929 1778 2088 1832 fuerit
2117 1775 2180 1831 ad

591 1869 709 1926 loca
741 1870 865 1924 talia
885 1909 901 1935 ,
933 1869 1238 1941 intrepidus
1279 1869 1449 1925 lector
1475 1869 1664 1923 audire
1705 1867 1913 1938 possit,
1941 1867 2087 1938 quod
2122 1881 2180 1922 se

586 1959 696 2028 jam
723 1961 1014 2017 salubriter
1042 1961 1298 2017 didicisse
1335 1960 1670 2030 cognoverit.
1702 1959 1834 2013 Illud
1868 1968 2046 2013 tamen
2083 1973 2177 2012 au-

589 2053 841 2108 ctoritate
865 2053 1111 2118 Patrum,
1143 2061 1197 2108 et
1236 2052 1482 2108 veritatis
1512 2052 1680 2122 ipsius
1715 2050 2066 2105 attestatione
2090 2049 2181 2104 fire

591 2142 837 2197 missima
869 2141 1189 2198 credulitate
1233 2142 1525 2196 tenendum
1557 2150 1640 2196 cst
1669 2157 1684 2196 :
1741 2139 1920 2194 Unum
1964 2140 2031 2195 de
2061 2139 2181 2193 Tri-

591 2233 786 2298 nitate,
829 2233 945 2287 sive
995 2248 1157 2287 unam
1221 2245 1287 2288 ex
1336 2231 1602 2286 Triuilate
1650 2246 1971 2301 personam,
2009 2231 2179 2286 Deum

597 2321 869 2386 Verbum,
902 2323 1253 2379 miseratione
1297 2323 1604 2378 mortalium
1640 2339 1707 2378 ex
1747 2321 1915 2376 Maria
1954 2321 2181 2392 Virgine

594 2413 870 2468 hominem
917 2411 1118 2468 factum
1153 2421 1452 2483 Spontanea
1482 2413 1705 2479 virtute,
1749 2425 1858 2466 non
1904 2411 2183 2466 ministra-

596 2506 730 2559 toria
761 2505 1104 2568 necessitate,
1132 2507 1258 2577 quia
1284 2516 1384 2562 nec
1414 2515 1624 2560 naturae
1671 2521 1782 2560 sum
1808 2505 1974 2559 ullam
2007 2512 2184 2559 muta-

594 2596 744 2652 bilita
755 2606 857 2652 tem
883 2597 1162 2662 sustinuit,
1185 2613 1288 2654 nec
1306 2597 1676 2668 assumptione
1698 2596 1903 2662 carnis,
1925 2610 2184 2666 augmen-

599 2696 712 2742 tum
740 2686 1025 2742 Trinitatis
1049 2686 1246 2754 ellceit,
1274 2687 1386 2750 sed,
1421 2688 1562 2743 sicut
1590 2686 1807 2757 quidam
1837 2685 1912 2740 ait
1937 2699 1950 2743 :
2001 2685 2183 2740 Macu-

598 2778 680 2834 las
704 2775 920 2834 nostras
947 2779 1077 2833 lavit
1101 2779 1154 2833 in
1178 2780 1466 2852 sanguine,
1497 2793 1660 2850 rugas
1689 2777 1850 2832 etiam
1885 2777 2108 2831 tetendit
2131 2777 2184 2830 in

598 2865 790 2924 cruce.
825 2868 974 2932 Hoc,
1018 2884 1142 2925 cum
1167 2869 1253 2941 {sit
1297 2869 1410 2939 spei
1443 2877 1643 2926 nostra:
1683 2867 1956 2939 singulare
1995 2868 2186 2938 pransi.

599 2960 770 3027 dimn,
799 2962 1081 3018 beatitudo
1108 2963 1444 3019 credentium
1466 3003 1480 3027 ,
1513 2962 1742 3017 felicitas
1771 2973 1970 3031 magna
2007 2959 2188 3030 justo-

599 3070 744 3121 rum,
772 3072 881 3110 non
917 3055 1176 3111 desinunt
1212 3055 1454 3111 haeretici
1488 3055 1651 3126 impia
1688 3050 1966 3110 voluntate
2000 3066 2187 3108 corro-

602 3145 752 3210 dcre,
783 3147 925 3214 quoi
955 3147 1191 3201 humano
1213 3146 1398 3216 generi
1428 3145 1618 3201 salutis
1653 3158 1873 3200 causam
1902 3141 2186 3211 cognosci-

603 3244 692 3290 tur
720 3236 1059 3307 praestitisse.

607 3325 745 3382 XIV.
774 3327 1227 3393 Quemadmodum
1250 3329 1318 3381 sit
1339 3327 1590 3398 expositio
1611 3328 1810 3398 digesta
1838 3326 2186 3397 psalmorum.

675 3416 864 3473 Primo
913 3417 1068 3484 nobis
1095 3418 1162 3473 de
1208 3417 1485 3472 titulorum
1533 3415 1905 3485 inscriptione,
1959 3415 2190 3485 Domino

598 3508 840 3581 juvante,
889 3509 1175 3564 dicendum
1225 3518 1327 3564 est.
1377 3509 1551 3574 Unde,
1599 3507 1742 3563 velut
1790 3507 2047 3562 uberibus
2097 3523 2192 3562 ex-

603 3603 827 3674 pressis,
853 3602 1062 3658 lactcus
1087 3618 1277 3657 sensus
1301 3601 1497 3657 divinae
1531 3599 1931 3671 praedicationis
1953 3607 2187 3654 emanat.

604 3693 768 3759 Tum,
800 3693 1170 3762 unusquisque
1200 3693 1439 3763 psalmus
1471 3707 1568 3762 pro
1601 3705 1698 3745 sua
1725 3689 1988 3758 qualitate
2012 3687 2193 3742 viden-

605 3787 708 3842 dus
736 3795 838 3851 est,
866 3800 934 3840 ne
963 3787 1117 3842 nobis
1144 3785 1476 3841 intellectum
1511 3784 1836 3853 permisceat
1865 3791 1956 3836 aut
1983 3779 2191 3837 occulta

609 3879 841 3933 mutatio
869 3892 1073 3943 rerum,
1102 3887 1192 3932 aut
1216 3879 1452 3932 varietas
1486 3877 1794 3931 introducta
1836 3875 2192 3945 loquentium.

611 3969 816 4032 Tertio,
865 3984 1127 4024 arcanum
1159 3967 1374 4039 psalmi,
1429 3967 1646 4035 partim,
1694 3965 1990 4021 secundum
2038 3965 2198 4051 spiri-

610 4059 774 4115 talem
814 4058 1224 4129 intelligentiam
1245 4096 1261 4124 ,
1290 4057 1486 4128 partim
1505 4096 1520 4120 ,
1553 4055 1848 4110 secundum
1878 4053 2196 4109 historicum

609 4148 916 4216 lectionem,
970 4149 1202 4221 partimo,
1258 4149 1554 4204 secundum
1614 4145 1903 4218 mysticum
1957 4160 2194 4211 sensum,

611 4243 937 4300 subtilitates
976 4258 1154 4298 rerum
1198 4240 1526 4306 discutiens,
1574 4239 2039 4311 proprietatesque
2077 4253 2200 4294 ver-

611 4335 824 4403 borum,
861 4343 1020 4407 prout
1049 4349 1364 4391 concessum
1417 4333 1611 4397 fuerit,
1663 4333 1904 4387 conabor
1965 4331 2197 4402 aperire.

615 4428 842 4495 Quarto,
875 4435 1034 4496 prout
1056 4425 1208 4480 locus
1237 4423 1501 4495 exegerit,
1531 4423 1786 4476 virtutem
1823 4421 1940 4492 ejus
1963 4421 2201 4476 breviter

615 4521 984 4575 demonstrare
1031 4517 1375 4578 contendam,
1427 4498 1696 4584 quatenus
1742 4514 1967 4568 intentio
2005 4513 2194 4584 digesti

618 4610 894 4672 carminis,
946 4610 1126 4664 divino
1175 4622 1416 4671 munere,
1466 4605 1636 4662 oculis
1684 4605 2032 4661 interioribus
2075 4605 2193 4660 elu-

614 4711 814 4758 cescat.
842 4701 1109 4754 Virtutem
1137 4697 1333 4769 psalmi
1363 4697 1482 4752 dico
1502 4696 1908 4768 inspirationem
1933 4695 2190 4761 divinam,

613 4808 720 4862 qua
748 4793 900 4846 nobis
929 4793 1152 4846 intentio
1198 4805 1431 4860 superna
1476 4800 1780 4856 reseratur,
1838 4797 1912 4853 et,
1945 4804 2194 4844 sermone

616 4883 895 4946 Davidico,
925 4899 950 4934 a
984 4882 1126 4937 vitiis
1158 4896 1255 4938 nos
1293 4891 1552 4948 removet,
1581 4892 1636 4937 et
1663 4890 1810 4937 recte
1835 4881 1989 4935 nobis
2010 4881 2194 4936 vivere

615 4973 922 5042 persuadet.
949 4972 1170 5039 Quinto,
1192 4973 1258 5029 de
1273 4974 1460 5029 ordine
1480 4973 1685 5028 numeri
1704 4972 2050 5043 psalmorum,
2070 4988 2190 5025 cum

617 5077 706 5117 res
733 5064 993 5132 exegerit,
1029 5063 1480 5130 memorabimus;
1506 5063 1596 5134 qui
1626 5063 2196 5118 reverendissimarum

621 5166 798 5194 "mm
840 5153 1042 5202 ‘iﬂllﬂm
1084 5163 1330 5208 sacratus
1358 5163 1459 5206 est.
1497 5153 1610 5202 Hoc
1646 5153 1788 5200 enim
1829 5167 1926 5198 ner
1959 5149 2198 5196 simruan

2260 592 2389 662 quid
2431 591 2672 646 dicemus
2710 592 3082 647 destrucndas.
3135 592 3252 661 Ipsa
3309 599 3391 646 est
3423 591 3563 646 enim
3610 591 3784 647 Domini

2262 698 2389 738 vera
2442 683 2703 740 dilectio:
2747 683 3089 740 adversarios
3145 681 3262 752 ejus
3317 681 3440 738 odio
3473 682 3662 738 habere
3692 699 3790 754 per-

2263 773 2422 831 fecto.

2472 858 2588 920 XV.
2626 863 2706 920 De
2735 864 3029 936 eloquentia
3061 867 3219 920 totius
3255 865 3380 934 legis
3412 864 3616 918 dicina.

2337 957 2654 1028 Eloquentia
2684 957 2819 1028 legis
2857 958 3053 1013 divinae
3083 957 3330 1012 humanis
3354 971 3458 1010 non
3493 955 3576 1011 est
3606 956 3795 1010 formata

2269 1051 2611 1106 sermonibus
2637 1087 2652 1116 ,
2700 1064 2876 1121 neque
2903 1048 3142 1104 confusis
3169 1049 3369 1104 incerta
3408 1047 3577 1102 fertur
3597 1049 3796 1116 ambagi-

2269 1126 2389 1208 bus,
2422 1149 2477 1195 ut
2515 1150 2608 1194 aut
2655 1155 2686 1194 a
2736 1139 2900 1195 rebus
2945 1140 3238 1210 prmteritis
3281 1139 3551 1194 oblivione
3579 1139 3796 1202 discedat,

2272 1240 2366 1287 aut
2390 1231 2738 1301 praesentium
2762 1230 3080 1286 confusione
3111 1215 3380 1294 turbetur,
3430 1238 3522 1283 aut
3547 1228 3798 1284 futuronnn

2273 1322 2680 1377 dubiiscasibus
2708 1321 2987 1387 eludatur;
3035 1319 3127 1376 sed
3152 1321 3324 1385 cordi,
3347 1335 3456 1374 non
3485 1319 3802 1390 corporalibus

2279 1413 2501 1467 auribus
2531 1411 2778 1480 loquens,
2831 1427 3026 1482 magna
3052 1411 3296 1476 veritate,
3344 1425 3535 1479 magna
3566 1412 3804 1480 pnescien-

2279 1503 2365 1556 tite
2393 1501 2647 1556 ﬁrmitate
2678 1511 2871 1556 cuncta
2899 1502 3220 1570 dijudicans,
3241 1501 3498 1556 Auctoris
3518 1501 3596 1566 sui
3624 1501 3805 1555 veritate

2278 1592 2544 1648 consistit.
2578 1591 2670 1646 Sic
2691 1592 2832 1647 enim
2883 1591 2938 1645 in
2977 1591 3287 1662 Evangelio,
3316 1591 3382 1646 de
3408 1589 3613 1644 Domini
3646 1589 3802 1643 Christi

2279 1682 2666 1752 praedicatione
2727 1683 2929 1738 dictum
2977 1690 3100 1738 est:
3145 1681 3482 1752 Loquebatur
3517 1689 3677 1734 autem
3704 1681 3806 1732 sicut

2282 1784 2584 1844 potestatem
2608 1774 2822 1839 habens,
2845 1790 2948 1829 non
2974 1775 3106 1828 sicut
3138 1771 3336 1828 Scriba:
3365 1788 3550 1826 eorum
3576 1781 3620 1825 et
3660 1770 3810 1823 Phari-

2212 1857 2252 1914 "
2282 1867 2376 1921 sici
2422 1866 2642 1936 (Matth.
2677 1881 2773 1929 vn,
2818 1865 2934 1936 29).
2983 1864 3075 1920 Ille
3116 1864 3417 1920 indubitata
3467 1861 3710 1932 loquitur,
3744 1861 3808 1915 cui

2280 1957 2461 2013 omnia
2483 1957 2768 2026 praesentia
2791 1965 2935 2020 sunt,
2959 1965 3015 2012 et
3045 1971 3226 2011 rerum
3253 1955 3434 2008 exitus
3463 1952 3703 2022 probatur
3719 1964 3810 2003 esse

2281 2044 2575 2115 subjectus.
2624 2045 2943 2114 Eloquentia
3001 2045 3267 2115 siquidem
3297 2053 3376 2098 est
3405 2041 3477 2096 ad
3512 2055 3811 2109 unamquam—

2281 2154 2388 2210 que
2415 2153 2531 2194 rem
2582 2147 2897 2208 competens
2917 2177 2932 2202 ,
2975 2145 3030 2192 et
3065 2137 3259 2192 decora
3289 2134 3512 2189 locutio.
3545 2132 3662 2186 [hac
3688 2131 3810 2200 igitur

2281 2239 2463 2296 casta,
2489 2229 2594 2284 lixa
2618 2271 2632 2296 ,
2681 2244 2848 2285 verax
2871 2237 2928 2284 et
2968 2237 3172 2285 aeterna
3209 2227 3549 2299 praedicatio,
3588 2226 3725 2278 nimis
3741 2239 3810 2293 pu-

2284 2321 2503 2376 rissimo
2530 2321 2667 2376 nitet
2707 2319 2960 2389 eloquio;
2992 2318 3146 2388 cujus
3178 2318 3381 2374 utilitas
3413 2317 3588 2382 lucet;
3618 2313 3810 2385 magniﬁ-

2283 2415 2460 2471 centia
2509 2413 2730 2469 virtutis
2781 2419 3051 2483 apparet:
3104 2411 3348 2481 operatio
3396 2408 3589 2465 salutis
3632 2405 3809 2468 arridet,

2283 2506 2424 2561 sicut
2469 2513 2524 2560 et
2577 2505 2629 2559 in
2660 2519 2825 2559 cxvut
2853 2504 3092 2574 psalmo,
3125 2503 3368 2558 dicturus
3423 2510 3549 2556 est:
3590 2500 3701 2569 quia
3734 2496 3812 2550 elo-

2283 2598 2463 2668 quium
2491 2606 2638 2650 tuum
2667 2595 2942 2664 viuiﬁcubit
2971 2611 3084 2659 me;
3104 2601 3159 2648 et
3188 2593 3381 2648 iterum
3406 2609 3421 2645 :
3463 2611 3481 2641 ι
3505 2591 3724 2644 Lucerna
3745 2599 3812 2656 pc-

2285 2689 2444 2744 dibus
2469 2688 2605 2743 meis
2633 2688 2860 2742 verbum
2891 2697 3062 2751 tuum,
3093 2685 3337 2749 Domine,
3366 2693 3428 2739 et
3461 2683 3628 2736 lumen
3653 2678 3810 2735 semitis

2287 2779 2443 2834 meis.
2478 2799 2497 2831 ι
2539 2777 2746 2832 Revera
2785 2777 2986 2842 lumen,
3037 2777 3162 2846 quia
3193 2788 3408 2846 semper
3457 2772 3632 2828 vitalia
3675 2771 3807 2842 jubet,

2287 2872 2448 2926 noxia
2476 2869 2743 2941 prohibet,
2761 2878 2975 2924 terrena
3009 2878 3266 2928 removet,
3291 2865 3538 2921 caelestia
3566 2862 3809 2933 persuadet.

2359 2963 2496 3018 Hinc
2519 2970 2574 3018 et
2598 2963 2794 3017 Doctor
2821 2962 3056 3031 gentium
3085 2959 3138 3013 in
3164 2956 3392 3028 Epistula
3424 2957 3444 3010 1
3469 2954 3536 3010 ad
3557 2951 3809 3010 Corinthios

2289 3056 2521 3111 scribit:
2566 3053 2690 3108 Non
2723 3055 2860 3107 enim
2898 3053 2952 3107 in
2997 3067 3230 3105 sermone
3261 3059 3336 3103 est
3364 3064 3583 3120 regnum
3623 3045 3723 3108 Dei,
3747 3043 3810 3096 sai

2290 3150 2347 3204 in
2392 3147 2600 3203 uirtute.
2625 3147 2768 3202 Idem
2805 3146 2870 3200 ad
2924 3144 3263 3198 Timotheum
3294 3159 3329 3195 ι.
3389 3139 3460 3204 11,
3495 3137 3715 3193 meminit
3749 3134 3810 3188 di.

2214 3214 2260 3276 C
2291 3255 2421 3296 cens
2447 3258 2460 3294 :
2498 3239 2682 3294 Omnis
2712 3236 3012 3307 Scriptura,
3042 3235 3290 3288 divinitus
3310 3231 3598 3302 inspirata,
3623 3227 3811 3280 utilius!

2289 3335 2360 3386 ad
2391 3330 2714 3390 docendum,
2758 3327 2827 3384 ad
2873 3325 3230 3397 arguentium,
3281 3323 3350 3376 ad
3388 3313 3812 3400 erudiendum]!

2291 3425 2656 3496 corrigendum
2695 3423 2748 3476 in
2799 3419 3094 3490 disciplina,
3137 3434 3254 3488 quae
3282 3425 3357 3471 est
3397 3413 3650 3485 justitia',
3674 3417 3812 3476 etper-

2294 3520 2458 3589 [cctus
2483 3518 2549 3572 sit
2591 3517 2746 3569 homo
2776 3513 2873 3568 Dei
2900 3512 2968 3566 ad
3009 3527 3162 3565 omne
3187 3526 3326 3580 opus.
3351 3508 3546 3562 bonum
3572 3506 3810 3559 instructu.

2294 3609 2440 3675 Haec,
2495 3607 2632 3662 sicut
2677 3602 2855 3658 Patris
2911 3600 3222 3672 Hieronymi
3270 3607 3510 3653 testatur
3563 3591 3812 3651 auctoritas,

2294 3700 2434 3770 apud
2461 3697 2715 3752 Hebraeos
2757 3709 2830 3759 tv,
2863 3701 2958 3748 aut
2983 3692 3253 3764 rhythmo,
3286 3698 3380 3743 aut
3406 3687 3630 3743 mettica
3656 3689 3812 3738 constat

2295 3791 2411 3860 lege
2440 3788 2735 3858 composita
2754 3827 2768 3850 ,
2797 3801 2918 3856 qua:
2938 3825 2951 3850 ,
2974 3793 3036 3838 ut
3061 3782 3161 3853 ipsi
3191 3782 3398 3847 dicunt,
3436 3777 3666 3834 fastutiis
3689 3770 3814 3828 conti-

2299 3890 2478 3937 netur.
2521 3877 2825 3934 Fastutium
2853 3874 2997 3930 enim
3027 3881 3112 3928 est
3154 3887 3253 3942 per
3278 3878 3550 3925 commata
3580 3862 3812 3937 procedens

2299 3974 2366 4028 ad
2381 3970 2804 4045 depromendum
2827 3981 3043 4023 sensqu
3068 3965 3278 4018 naviter
3289 3961 3556 4031 explicata
3574 3950 3811 4045 conceptis

2299 4043 2465 4137 Cujus
2505 4065 2553 4119 si
2582 4063 2832 4117 virtutem
2865 4059 3036 4115 lector
3066 4057 3293 4126 diligens
3319 4052 3686 4126 perscrutatis,
3727 4043 3812 4137 audi

2300 4135 2612 4227 Apostolum
2660 4152 2727 4207 ad
2769 4151 3020 4205 Hebraeos
3070 4147 3372 4203 dicentem:
3423 4142 3581 4197 Vivus
3628 4149 3691 4194 est
3716 4135 3812 4190 ειιὶιιι

2308 4251 2407 4306 Dei
2433 4265 2600 4305 sermo
2639 4256 2686 4301 et
2715 4245 2913 4316 efﬁcax,
2942 4255 2988 4297 et
3012 4243 3186 4296 acrior
3206 4239 3348 4293 omni
3375 4237 3554 4308 gladio
3572 4229 3812 4301 ancipitia

2301 4343 2598 4413 pertingens
2645 4352 2806 4408 usque
2854 4334 2922 4389 ad
2971 4332 3274 4386 divisionem
3320 4329 3514 4383 anima:
3548 4342 3607 4378 ac
3633 4321 3811 4414 spiritu,

2302 4447 2611 4502 compagum
2642 4440 2846 4499 quoque
2871 4441 2933 4479 ac
2974 4422 3320 4478 medullarum
3345 4429 3393 4474 et
3420 4419 3663 4471 diceretur
3691 4424 3813 4502 cogitt-

2303 4501 2505 4578 tionum
2542 4532 2590 4576 et
2633 4520 2977 4574 intentionum
3021 4515 3214 4570 cordis.
3247 4513 3545 4581 Scriptum
3585 4518 3736 4562 autem
3753 4501 3810 4554 di-

2303 4614 2442 4668 vina:
2477 4619 2663 4667 sancta
2712 4607 3052 4678 profunditas
3087 4603 3219 4660 adeo
3247 4614 3562 4657 communes
3595 4604 3810 4651 sermones

2302 4704 2464 4760 habet
2488 4711 2545 4755 ut
2571 4717 2691 4756 eam
2718 4697 2953 4754 universi
2987 4697 3368 4751 incunctanter
3396 4691 3682 4746 admittant.
3705 4682 3808 4735 ‘Seu—

2301 4811 2394 4850 sus
2423 4802 2601 4849 autem
2632 4791 2876 4846 recondit
2895 4787 3140 4842 veritatis
3158 4799 3407 4849 arcanos,
3437 4793 3497 4838 ut
3524 4783 3575 4836 in
3604 4778 3713 4850 ipsis
3732 4785 3811 4828 stu-

2301 4886 2604 4942 diosissime
2654 4883 2836 4938 vitalis
2889 4880 3156 4938 sententia
3208 4879 3398 4934 debeat
3435 4871 3676 4946 indagari.
3713 4866 3806 4921 Nam

2302 4995 2421 5036 eam
2442 4992 2628 5034 revera
2652 4992 2774 5032 esse
2794 4975 3030 5030 divmam
3051 4974 3174 5028 hinc
3197 4971 3426 5027 maxime
3450 4969 3602 5022 datur
3620 4957 3806 5025 intelligi.

2300 5070 2442 5140 quod
2519 5067 2720 5122 indocti
2797 5064 3183 5126 subtilissima,
3257 5056 3571 5130 temporales
3628 5060 3806 5106 eterna.

2303 5157 2514 5206 nonnisi
2546 5157 2728 5208 divino
2753 5153 2942 5210 repleti
2971 5151 3198 5206 Spiritu.
3229 5149 3466 5204 potuisse
3491 5144 3806 5204 ιηιιεωιεαι·
