  <div class='ocr_page' id='page_1' title='image "/cluster/home/n/w/nwhite01/storage/ocr_20150623/129/hvd.32044015471709/712.png"; bbox 0 0 4006 5512; ppageno 0'>
   <div class='ocr_carea' id='block_1_1' title="bbox 198 327 328 396">
    <p class='ocr_par' dir='ltr' id='par_1_1' title="bbox 198 327 328 396">
     <span class='ocr_line' id='line_1_1' title="bbox 198 327 328 396; baseline -0.023 0"><span class='ocrx_word' id='word_1_1' title='bbox 198 327 328 396; x_wconf 66' lang='grc' dir='ltr'>ιιιδ</span> 
     </span>
    </p>
   </div>
   <div class='ocr_carea' id='block_1_2' title="bbox 1532 333 2078 391">
    <p class='ocr_par' dir='ltr' id='par_1_2' title="bbox 1532 333 2078 391">
     <span class='ocr_line' id='line_1_2' title="bbox 1532 333 2078 391; baseline -0.005 -1"><span class='ocrx_word' id='word_1_2' title='bbox 1532 334 1936 391; x_wconf 78' lang='lat' dir='ltr'><strong>BENEDICTIO</strong></span> <span class='ocrx_word' id='word_1_3' title='bbox 1973 333 2078 388; x_wconf 76' lang='lat' dir='ltr'><strong>DEI</strong></span> 
     </span>
    </p>
   </div>
   <div class='ocr_carea' id='block_1_3' title="bbox 3291 329 3432 390">
    <p class='ocr_par' dir='ltr' id='par_1_3' title="bbox 3291 329 3432 390">
     <span class='ocr_line' id='line_1_3' title="bbox 3291 329 3432 390; baseline 0 -1"><span class='ocrx_word' id='word_1_4' title='bbox 3291 329 3432 390; x_wconf 73' lang='lat' dir='ltr'><strong>MM</strong></span> 
     </span>
    </p>
   </div>
   <div class='ocr_carea' id='block_1_4' title="bbox 194 447 3434 522">
    <p class='ocr_par' dir='ltr' id='par_1_4' title="bbox 194 447 3434 522">
     <span class='ocr_line' id='line_1_4' title="bbox 194 447 3434 522; baseline 0 -17"><span class='ocrx_word' id='word_1_5' title='bbox 194 452 357 507; x_wconf 81' lang='lat' dir='ltr'><strong>fuisse</strong></span> <span class='ocrx_word' id='word_1_6' title='bbox 395 461 661 522; x_wconf 90' lang='lat' dir='ltr'><strong>suscepta.</strong></span> <span class='ocrx_word' id='word_1_7' title='bbox 695 452 820 508; x_wconf 61' lang='lat' dir='ltr'><strong>Haec</strong></span> <span class='ocrx_word' id='word_1_8' title='bbox 843 452 1025 506; x_wconf 88' lang='lat' dir='ltr'><strong>multis</strong></span> <span class='ocrx_word' id='word_1_9' title='bbox 1055 451 1226 507; x_wconf 86' lang='lat' dir='ltr'><strong>modis</strong></span> <span class='ocrx_word' id='word_1_10' title='bbox 1249 465 1444 521; x_wconf 87' lang='lat' dir='ltr'><strong>genera</strong></span> <span class='ocrx_word' id='word_1_11' title='bbox 1472 465 1584 504; x_wconf 75' lang='lat' dir='ltr'><strong>suae</strong></span> <span class='ocrx_word' id='word_1_12' title='bbox 1614 449 1763 504; x_wconf 87' lang='lat' dir='ltr'><strong>locu-</strong></span> <span class='ocrx_word' id='word_1_13' title='bbox 1791 452 1835 511; x_wconf 77' lang='grc' dir='ltr'>Α</span> <span class='ocrx_word' id='word_1_14' title='bbox 1867 447 2041 502; x_wconf 89' lang='lat' dir='ltr'><strong>inesse</strong></span> <span class='ocrx_word' id='word_1_15' title='bbox 2071 447 2420 504; x_wconf 84' lang='lat' dir='ltr'><strong>nihilominus</strong></span> <span class='ocrx_word' id='word_1_16' title='bbox 2445 449 2641 504; x_wconf 90' lang='lat' dir='ltr'><strong>virtute</strong></span> <span class='ocrx_word' id='word_1_17' title='bbox 2665 449 2945 505; x_wconf 76' lang='lat' dir='ltr'><strong>sentimus.</strong></span> <span class='ocrx_word' id='word_1_18' title='bbox 2971 447 3105 502; x_wconf 85' lang='lat' dir='ltr'><strong>Nam</strong></span> <span class='ocrx_word' id='word_1_19' title='bbox 3137 455 3191 506; x_wconf 90' lang='lat' dir='ltr'><strong>et</strong></span> <span class='ocrx_word' id='word_1_20' title='bbox 3211 449 3434 521; x_wconf 50' lang='lat' dir='ltr'><strong>Aposto.</strong></span> 
     </span>
    </p>
   </div>
   <div class='ocr_carea' id='block_1_5' title="bbox 193 541 1765 607">
    <p class='ocr_par' dir='ltr' id='par_1_5' title="bbox 193 541 1765 607">
     <span class='ocr_line' id='line_1_5' title="bbox 193 541 1765 607; baseline -0.004 -6"><span class='ocrx_word' id='word_1_21' title='bbox 193 545 351 601; x_wconf 93' lang='lat' dir='ltr'><strong>tionis</strong></span> <span class='ocrx_word' id='word_1_22' title='bbox 380 553 597 600; x_wconf 86' lang='lat' dir='ltr'><strong>exercet</strong></span> <span class='ocrx_word' id='word_1_23' title='bbox 625 544 1023 600; x_wconf 83' lang='lat' dir='ltr'><strong>definitionibus</strong></span> <span class='ocrx_word' id='word_1_24' title='bbox 1064 545 1367 607; x_wconf 87' lang='lat' dir='ltr'><strong>succincta,</strong></span> <span class='ocrx_word' id='word_1_25' title='bbox 1397 541 1765 597; x_wconf 83' lang='lat' dir='ltr'><strong>schematibus</strong></span> 
     </span>
    </p>
   </div>
   <div class='ocr_carea' id='block_1_6' title="bbox 187 629 1766 705">
    <p class='ocr_par' dir='ltr' id='par_1_6' title="bbox 187 629 1766 705">
     <span class='ocr_line' id='line_1_6' title="bbox 187 629 1766 705; baseline -0.006 -13"><span class='ocrx_word' id='word_1_26' title='bbox 187 638 406 693; x_wconf 80' lang='lat' dir='ltr'><strong>decora.</strong></span> <span class='ocrx_word' id='word_1_27' title='bbox 424 636 814 704; x_wconf 80' lang='lat' dir='ltr'><strong>verborumque</strong></span> <span class='ocrx_word' id='word_1_28' title='bbox 836 634 1161 705; x_wconf 82' lang='lat' dir='ltr'><strong>proprietate</strong></span> <span class='ocrx_word' id='word_1_29' title='bbox 1179 633 1413 702; x_wconf 87' lang='lat' dir='ltr'><strong>signata,</strong></span> <span class='ocrx_word' id='word_1_30' title='bbox 1433 629 1766 701; x_wconf 81' lang='lat' dir='ltr'><strong>syllogismo-</strong></span> 
     </span>
    </p>
   </div>
   <div class='ocr_carea' id='block_1_7' title="bbox 190 713 1761 798">
    <p class='ocr_par' dir='ltr' id='par_1_7' title="bbox 190 713 1761 798">
     <span class='ocr_line' id='line_1_7' title="bbox 190 713 1761 798; baseline -0.008 -14"><span class='ocrx_word' id='word_1_31' title='bbox 190 743 304 784; x_wconf 91' lang='lat' dir='ltr'><strong>rum</strong></span> <span class='ocrx_word' id='word_1_32' title='bbox 336 727 794 798; x_wconf 78' lang='lat' dir='ltr'><strong>complexionibus</strong></span> <span class='ocrx_word' id='word_1_33' title='bbox 827 725 1096 795; x_wconf 72' lang='lat' dir='ltr'><strong>eXpedita,</strong></span> <span class='ocrx_word' id='word_1_34' title='bbox 1130 723 1429 792; x_wconf 88' lang='lat' dir='ltr'><strong>disciplinis</strong></span> <span class='ocrx_word' id='word_1_35' title='bbox 1467 713 1761 782; x_wconf 84' lang='lat' dir='ltr'><strong>irrutilans,</strong></span> 
     </span>
    </p>
   </div>
   <div class='ocr_carea' id='block_1_8' title="bbox 188 809 1765 886">
    <p class='ocr_par' dir='ltr' id='par_1_8' title="bbox 188 809 1765 886">
     <span class='ocr_line' id='line_1_8' title="bbox 188 809 1765 886; baseline -0.006 -12"><span class='ocrx_word' id='word_1_36' title='bbox 188 835 295 875; x_wconf 89' lang='lat' dir='ltr'><strong>non</strong></span> <span class='ocrx_word' id='word_1_37' title='bbox 318 828 524 874; x_wconf 89' lang='lat' dir='ltr'><strong>tantum</strong></span> <span class='ocrx_word' id='word_1_38' title='bbox 543 817 611 872; x_wconf 93' lang='lat' dir='ltr'><strong>ab</strong></span> <span class='ocrx_word' id='word_1_39' title='bbox 629 818 709 872; x_wconf 89' lang='lat' dir='ltr'><strong>eis</strong></span> <span class='ocrx_word' id='word_1_40' title='bbox 735 816 1006 886; x_wconf 89' lang='lat' dir='ltr'><strong>accipiens</strong></span> <span class='ocrx_word' id='word_1_41' title='bbox 1033 823 1351 870; x_wconf 80' lang='lat' dir='ltr'><strong>extraneum</strong></span> <span class='ocrx_word' id='word_1_42' title='bbox 1376 811 1646 872; x_wconf 84' lang='lat' dir='ltr'><strong>decorem,</strong></span> <span class='ocrx_word' id='word_1_43' title='bbox 1671 809 1765 864; x_wconf 90' lang='lat' dir='ltr'><strong>sed</strong></span> 
     </span>
    </p>
   </div>
   <div class='ocr_carea' id='block_1_9' title="bbox 187 896 1764 977">
    <p class='ocr_par' dir='ltr' id='par_1_9' title="bbox 187 896 1764 977">
     <span class='ocr_line' id='line_1_9' title="bbox 187 896 1764 977; baseline -0.008 -15"><span class='ocrx_word' id='word_1_44' title='bbox 187 907 364 977; x_wconf 89' lang='lat' dir='ltr'><strong>potius</strong></span> <span class='ocrx_word' id='word_1_45' title='bbox 412 906 516 960; x_wconf 89' lang='lat' dir='ltr'><strong>illis</strong></span> <span class='ocrx_word' id='word_1_46' title='bbox 573 905 846 976; x_wconf 88' lang='lat' dir='ltr'><strong>propriam</strong></span> <span class='ocrx_word' id='word_1_47' title='bbox 905 901 1194 958; x_wconf 87' lang='lat' dir='ltr'><strong>conferens</strong></span> <span class='ocrx_word' id='word_1_48' title='bbox 1249 900 1584 971; x_wconf 88' lang='lat' dir='ltr'><strong>dignitatem.</strong></span> <span class='ocrx_word' id='word_1_49' title='bbox 1640 896 1764 950; x_wconf 67' lang='lat' dir='ltr'><strong>Haec</strong></span> 
     </span>
    </p>
   </div>
   <div class='ocr_carea' id='block_1_10' title="bbox 186 990 1762 1068">
    <p class='ocr_par' dir='ltr' id='par_1_10' title="bbox 186 990 1762 1068">
     <span class='ocr_line' id='line_1_10' title="bbox 186 990 1762 1068; baseline -0.009 -14"><span class='ocrx_word' id='word_1_50' title='bbox 186 999 328 1054; x_wconf 89' lang='lat' dir='ltr'><strong>enim</strong></span> <span class='ocrx_word' id='word_1_51' title='bbox 359 999 575 1068; x_wconf 83' lang='lat' dir='ltr'><strong>quando</strong></span> <span class='ocrx_word' id='word_1_52' title='bbox 607 997 659 1050; x_wconf 93' lang='lat' dir='ltr'><strong>in</strong></span> <span class='ocrx_word' id='word_1_53' title='bbox 710 994 908 1050; x_wconf 84' lang='lat' dir='ltr'><strong>divinis</strong></span> <span class='ocrx_word' id='word_1_54' title='bbox 936 992 1231 1062; x_wconf 88' lang='lat' dir='ltr'><strong>Scripturis</strong></span> <span class='ocrx_word' id='word_1_55' title='bbox 1279 990 1587 1060; x_wconf 85' lang='lat' dir='ltr'><strong>splendent,</strong></span> <span class='ocrx_word' id='word_1_56' title='bbox 1617 995 1762 1042; x_wconf 86' lang='lat' dir='ltr'><strong>certa</strong></span> 
     </span>
    </p>
   </div>
   <div class='ocr_carea' id='block_1_11' title="bbox 185 1073 1764 1155">
    <p class='ocr_par' dir='ltr' id='par_1_11' title="bbox 185 1073 1764 1155">
     <span class='ocr_line' id='line_1_11' title="bbox 185 1073 1764 1155; baseline -0.009 -14"><span class='ocrx_word' id='word_1_57' title='bbox 185 1095 346 1155; x_wconf 89' lang='lat' dir='ltr'><strong>atque</strong></span> <span class='ocrx_word' id='word_1_58' title='bbox 384 1085 674 1154; x_wconf 88' lang='lat' dir='ltr'><strong>purissima</strong></span> <span class='ocrx_word' id='word_1_59' title='bbox 699 1093 841 1138; x_wconf 90' lang='lat' dir='ltr'><strong>sunt.</strong></span> <span class='ocrx_word' id='word_1_60' title='bbox 869 1080 1002 1136; x_wconf 90' lang='lat' dir='ltr'><strong>Cum</strong></span> <span class='ocrx_word' id='word_1_61' title='bbox 1027 1094 1156 1134; x_wconf 90' lang='lat' dir='ltr'><strong>vero</strong></span> <span class='ocrx_word' id='word_1_62' title='bbox 1185 1078 1254 1133; x_wconf 92' lang='lat' dir='ltr'><strong>ad</strong></span> <span class='ocrx_word' id='word_1_63' title='bbox 1279 1077 1562 1148; x_wconf 90' lang='lat' dir='ltr'><strong>opiniones</strong></span> <span class='ocrx_word' id='word_1_64' title='bbox 1593 1073 1764 1129; x_wconf 63' lang='lat' dir='ltr'><strong>homi«</strong></span> 
     </span>
    </p>
   </div>
   <div class='ocr_carea' id='block_1_12' title="bbox 185 1165 1764 1244">
    <p class='ocr_par' dir='ltr' id='par_1_12' title="bbox 185 1165 1764 1244">
     <span class='ocr_line' id='line_1_12' title="bbox 185 1165 1764 1244; baseline -0.007 -14"><span class='ocrx_word' id='word_1_65' title='bbox 185 1189 313 1230; x_wconf 91' lang='lat' dir='ltr'><strong>num</strong></span> <span class='ocrx_word' id='word_1_66' title='bbox 337 1183 412 1230; x_wconf 63' lang='lat' dir='ltr'><strong>«et</strong></span> <span class='ocrx_word' id='word_1_67' title='bbox 459 1175 782 1244; x_wconf 55' lang='lat' dir='ltr'><strong>quaestiones</strong></span> <span class='ocrx_word' id='word_1_68' title='bbox 813 1171 1160 1226; x_wconf 91' lang='lat' dir='ltr'><strong>inanissimas</strong></span> <span class='ocrx_word' id='word_1_69' title='bbox 1204 1169 1465 1233; x_wconf 89' lang='lat' dir='ltr'><strong>veniunt,</strong></span> <span class='ocrx_word' id='word_1_70' title='bbox 1497 1165 1764 1236; x_wconf 76' lang='lat' dir='ltr'><strong>ambiguis</strong></span> 
     </span>
    </p>
   </div>
   <div class='ocr_carea' id='block_1_13' title="bbox 185 1258 1764 1333">
    <p class='ocr_par' dir='ltr' id='par_1_13' title="bbox 185 1258 1764 1333">
     <span class='ocr_line' id='line_1_13' title="bbox 185 1258 1764 1333; baseline -0.006 -11"><span class='ocrx_word' id='word_1_71' title='bbox 185 1267 594 1322; x_wconf 87' lang='lat' dir='ltr'><strong>altercationum</strong></span> <span class='ocrx_word' id='word_1_72' title='bbox 628 1264 878 1319; x_wconf 79' lang='lat' dir='ltr'><strong>ﬂuctibus</strong></span> <span class='ocrx_word' id='word_1_73' title='bbox 910 1264 1182 1333; x_wconf 84' lang='lat' dir='ltr'><strong>agitantur</strong></span> <span class='ocrx_word' id='word_1_74' title='bbox 1203 1301 1217 1324; x_wconf 88' lang='lat'><strong>,</strong></span> <span class='ocrx_word' id='word_1_75' title='bbox 1271 1269 1331 1316; x_wconf 92' lang='lat' dir='ltr'><strong>ut</strong></span> <span class='ocrx_word' id='word_1_76' title='bbox 1371 1259 1514 1330; x_wconf 92' lang='lat' dir='ltr'><strong>quod</strong></span> <span class='ocrx_word' id='word_1_77' title='bbox 1554 1258 1644 1312; x_wconf 90' lang='lat' dir='ltr'><strong>hic</strong></span> <span class='ocrx_word' id='word_1_78' title='bbox 1679 1263 1764 1312; x_wconf 87' lang='lat' dir='ltr'><strong>est</strong></span> 
     </span>
    </p>
   </div>
   <div class='ocr_carea' id='block_1_14' title="bbox 185 1348 1762 1424">
    <p class='ocr_par' dir='ltr' id='par_1_14' title="bbox 185 1348 1762 1424">
     <span class='ocr_line' id='line_1_14' title="bbox 185 1348 1762 1424; baseline -0.007 -13"><span class='ocrx_word' id='word_1_79' title='bbox 185 1357 496 1412; x_wconf 84' lang='lat' dir='ltr'><strong>firmissime</strong></span> <span class='ocrx_word' id='word_1_80' title='bbox 543 1370 756 1424; x_wconf 88' lang='lat' dir='ltr'><strong>semper</strong></span> <span class='ocrx_word' id='word_1_81' title='bbox 785 1368 970 1409; x_wconf 90' lang='lat' dir='ltr'><strong>verum</strong></span> <span class='ocrx_word' id='word_1_82' title='bbox 1000 1351 1312 1422; x_wconf 87' lang='lat' dir='ltr'><strong>frequenter</strong></span> <span class='ocrx_word' id='word_1_83' title='bbox 1348 1349 1477 1405; x_wconf 87' lang='lat' dir='ltr'><strong>alibi</strong></span> <span class='ocrx_word' id='word_1_84' title='bbox 1507 1348 1762 1404; x_wconf 88' lang='lat' dir='ltr'><strong>reddatur</strong></span> 
     </span>
    </p>
   </div>
   <div class='ocr_carea' id='block_1_15' title="bbox 188 1437 1760 1510">
    <p class='ocr_par' dir='ltr' id='par_1_15' title="bbox 188 1437 1760 1510">
     <span class='ocr_line' id='line_1_15' title="bbox 188 1437 1760 1510; baseline -0.006 -10"><span class='ocrx_word' id='word_1_85' title='bbox 188 1449 478 1500; x_wconf 90' lang='lat' dir='ltr'><strong>incertum.</strong></span> <span class='ocrx_word' id='word_1_86' title='bbox 511 1445 602 1499; x_wconf 91' lang='lat' dir='ltr'><strong>Sic</strong></span> <span class='ocrx_word' id='word_1_87' title='bbox 633 1454 686 1498; x_wconf 91' lang='lat' dir='ltr'><strong>et</strong></span> <span class='ocrx_word' id='word_1_88' title='bbox 711 1444 766 1497; x_wconf 92' lang='lat' dir='ltr'><strong>in</strong></span> <span class='ocrx_word' id='word_1_89' title='bbox 790 1441 970 1508; x_wconf 83' lang='lat' dir='ltr'><strong>lingua</strong></span> <span class='ocrx_word' id='word_1_90' title='bbox 1000 1451 1188 1497; x_wconf 88' lang='lat' dir='ltr'><strong>nostra</strong></span> <span class='ocrx_word' id='word_1_91' title='bbox 1213 1480 1229 1503; x_wconf 83' lang='lat'><strong>.</strong></span> <span class='ocrx_word' id='word_1_92' title='bbox 1255 1440 1381 1494; x_wconf 92' lang='lat' dir='ltr'><strong>dum</strong></span> <span class='ocrx_word' id='word_1_93' title='bbox 1407 1437 1760 1510; x_wconf 85' lang='lat' dir='ltr'><strong>psalmodiam</strong></span> 
     </span>
    </p>
   </div>
   <div class='ocr_carea' id='block_1_16' title="bbox 185 1528 1762 1601">
    <p class='ocr_par' dir='ltr' id='par_1_16' title="bbox 185 1528 1762 1601">
     <span class='ocr_line' id='line_1_16' title="bbox 185 1528 1762 1601; baseline -0.004 -12"><span class='ocrx_word' id='word_1_94' title='bbox 185 1535 356 1601; x_wconf 87' lang='lat' dir='ltr'><strong>canit,</strong></span> <span class='ocrx_word' id='word_1_95' title='bbox 384 1534 664 1590; x_wconf 88' lang='lat' dir='ltr'><strong>nobilitate</strong></span> <span class='ocrx_word' id='word_1_96' title='bbox 691 1533 934 1588; x_wconf 83' lang='lat' dir='ltr'><strong>veritatis</strong></span> <span class='ocrx_word' id='word_1_97' title='bbox 975 1540 1219 1586; x_wconf 89' lang='lat' dir='ltr'><strong>ornatur.</strong></span> <span class='ocrx_word' id='word_1_98' title='bbox 1246 1531 1380 1586; x_wconf 91' lang='lat' dir='ltr'><strong>Cum</strong></span> <span class='ocrx_word' id='word_1_99' title='bbox 1431 1530 1498 1584; x_wconf 91' lang='lat' dir='ltr'><strong>ad</strong></span> <span class='ocrx_word' id='word_1_100' title='bbox 1548 1528 1762 1584; x_wconf 89' lang='lat' dir='ltr'><strong>fabulas</strong></span> 
     </span>
    </p>
   </div>
   <div class='ocr_carea' id='block_1_17' title="bbox 185 1618 1762 1696">
    <p class='ocr_par' dir='ltr' id='par_1_17' title="bbox 185 1618 1762 1696">
     <span class='ocr_line' id='line_1_17' title="bbox 185 1618 1762 1696; baseline -0.006 -15"><span class='ocrx_word' id='word_1_101' title='bbox 185 1628 394 1696; x_wconf 87' lang='lat' dir='ltr'><strong>ineptas</strong></span> <span class='ocrx_word' id='word_1_102' title='bbox 421 1622 476 1680; x_wconf 87' lang='lat' dir='ltr'><strong>et</strong></span> <span class='ocrx_word' id='word_1_103' title='bbox 503 1624 812 1695; x_wconf 89' lang='lat' dir='ltr'><strong>blasphema</strong></span> <span class='ocrx_word' id='word_1_104' title='bbox 867 1637 927 1677; x_wconf 88' lang='lat' dir='ltr'><strong>se</strong></span> <span class='ocrx_word' id='word_1_105' title='bbox 981 1622 1144 1676; x_wconf 85' lang='lat' dir='ltr'><strong>verba</strong></span> <span class='ocrx_word' id='word_1_106' title='bbox 1178 1619 1532 1683; x_wconf 81' lang='lat' dir='ltr'><strong>converterit,</strong></span> <span class='ocrx_word' id='word_1_107' title='bbox 1570 1618 1638 1673; x_wconf 89' lang='lat' dir='ltr'><strong>ab</strong></span> <span class='ocrx_word' id='word_1_108' title='bbox 1665 1618 1762 1672; x_wconf 85' lang='lat' dir='ltr'><strong>ho-</strong></span> 
     </span>
    </p>
   </div>
   <div class='ocr_carea' id='block_1_18' title="bbox 183 1709 1762 1785">
    <p class='ocr_par' dir='ltr' id='par_1_18' title="bbox 183 1709 1762 1785">
     <span class='ocr_line' id='line_1_18' title="bbox 183 1709 1762 1785; baseline -0.003 -15"><span class='ocrx_word' id='word_1_109' title='bbox 183 1731 315 1770; x_wconf 88' lang='lat' dir='ltr'><strong>nore</strong></span> <span class='ocrx_word' id='word_1_110' title='bbox 339 1715 622 1785; x_wconf 85' lang='lat' dir='ltr'><strong>probitatis</strong></span> <span class='ocrx_word' id='word_1_111' title='bbox 664 1713 998 1778; x_wconf 78' lang='lat' dir='ltr'><strong>excluditur,</strong></span> <span class='ocrx_word' id='word_1_112' title='bbox 1025 1712 1166 1767; x_wconf 91' lang='lat' dir='ltr'><strong>sicut</strong></span> <span class='ocrx_word' id='word_1_113' title='bbox 1212 1710 1487 1781; x_wconf 87' lang='lat' dir='ltr'><strong>apostolus</strong></span> <span class='ocrx_word' id='word_1_114' title='bbox 1526 1709 1762 1766; x_wconf 88' lang='lat' dir='ltr'><strong>Jacobus</strong></span> 
     </span>
    </p>
   </div>
   <div class='ocr_carea' id='block_1_19' title="bbox 1868 541 3436 612">
    <p class='ocr_par' dir='ltr' id='par_1_19' title="bbox 1868 541 3436 612">
     <span class='ocr_line' id='line_1_19' title="bbox 1868 541 3436 612; baseline 0.003 -18"><span class='ocrx_word' id='word_1_115' title='bbox 1868 541 1952 596; x_wconf 88' lang='lat' dir='ltr'><strong>his</strong></span> <span class='ocrx_word' id='word_1_116' title='bbox 1986 549 2135 596; x_wconf 89' lang='lat' dir='ltr'><strong>vetat</strong></span> <span class='ocrx_word' id='word_1_117' title='bbox 2176 557 2276 596; x_wconf 90' lang='lat' dir='ltr'><strong>nos</strong></span> <span class='ocrx_word' id='word_1_118' title='bbox 2320 542 2500 597; x_wconf 85' lang='lat' dir='ltr'><strong>seduci</strong></span> <span class='ocrx_word' id='word_1_119' title='bbox 2530 557 2625 611; x_wconf 87' lang='lat' dir='ltr'><strong>per</strong></span> <span class='ocrx_word' id='word_1_120' title='bbox 2671 557 2864 596; x_wconf 90' lang='lat' dir='ltr'><strong>vanam</strong></span> <span class='ocrx_word' id='word_1_121' title='bbox 2905 543 3220 612; x_wconf 88' lang='lat' dir='ltr'><strong>sapientiam</strong></span> <span class='ocrx_word' id='word_1_122' title='bbox 3252 545 3436 599; x_wconf 89' lang='lat' dir='ltr'><strong>mundi</strong></span> 
     </span>
    </p>
   </div>
   <div class='ocr_carea' id='block_1_20' title="bbox 1869 631 3442 703">
    <p class='ocr_par' dir='ltr' id='par_1_20' title="bbox 1869 631 3442 703">
     <span class='ocr_line' id='line_1_20' title="bbox 1869 631 3442 703; baseline 0.004 -19"><span class='ocrx_word' id='word_1_123' title='bbox 1869 631 2083 702; x_wconf 77' lang='lat' dir='ltr'><strong>(Ephes.</strong></span> <span class='ocrx_word' id='word_1_124' title='bbox 2121 647 2176 698; x_wconf 92' lang='lat' dir='ltr'><strong>v,</strong></span> <span class='ocrx_word' id='word_1_125' title='bbox 2205 633 2292 702; x_wconf 86' lang='lat'><strong>6);</strong></span> <span class='ocrx_word' id='word_1_126' title='bbox 2323 632 2426 687; x_wconf 88' lang='lat' dir='ltr'><strong>ista</strong></span> <span class='ocrx_word' id='word_1_127' title='bbox 2453 646 2581 688; x_wconf 88' lang='lat' dir='ltr'><strong>vero</strong></span> <span class='ocrx_word' id='word_1_128' title='bbox 2616 647 2724 690; x_wconf 90' lang='lat' dir='ltr'><strong>non</strong></span> <span class='ocrx_word' id='word_1_129' title='bbox 2757 633 2986 703; x_wconf 81' lang='lat' dir='ltr'><strong>abnegat</strong></span> <span class='ocrx_word' id='word_1_130' title='bbox 3016 634 3068 688; x_wconf 90' lang='lat' dir='ltr'><strong>in</strong></span> <span class='ocrx_word' id='word_1_131' title='bbox 3100 633 3296 690; x_wconf 84' lang='lat' dir='ltr'><strong>litteris</strong></span> <span class='ocrx_word' id='word_1_132' title='bbox 3321 648 3442 691; x_wconf 86' lang='lat' dir='ltr'><strong>esse</strong></span> 
     </span>
    </p>
   </div>
   <div class='ocr_carea' id='block_1_21' title="bbox 1816 720 2086 776">
    <p class='ocr_par' dir='ltr' id='par_1_21' title="bbox 1816 720 2086 776">
     <span class='ocr_line' id='line_1_21' title="bbox 1816 720 2086 776; baseline -0.007 0"><span class='ocrx_word' id='word_1_133' title='bbox 1816 721 1819 725; x_wconf 69' lang='grc'><strong>”</strong></span> <span class='ocrx_word' id='word_1_134' title='bbox 1865 720 2086 776; x_wconf 78' lang='lat' dir='ltr'><strong>divinis.</strong></span> 
     </span>
    </p>
   </div>
   <div class='ocr_carea' id='block_1_22' title="bbox 1934 806 3437 883">
    <p class='ocr_par' dir='ltr' id='par_1_22' title="bbox 1934 806 3437 883">
     <span class='ocr_line' id='line_1_22' title="bbox 1934 806 3437 883; baseline 0.003 -19"><span class='ocrx_word' id='word_1_135' title='bbox 1934 806 2093 864; x_wconf 87' lang='lat' dir='ltr'><strong>Certe</strong></span> <span class='ocrx_word' id='word_1_136' title='bbox 2134 810 2456 865; x_wconf 88' lang='lat' dir='ltr'><strong>accedamus</strong></span> <span class='ocrx_word' id='word_1_137' title='bbox 2499 811 2567 866; x_wconf 86' lang='lat' dir='ltr'><strong>ad</strong></span> <span class='ocrx_word' id='word_1_138' title='bbox 2616 809 2888 880; x_wconf 85' lang='lat' dir='ltr'><strong>psalmos,</strong></span> <span class='ocrx_word' id='word_1_139' title='bbox 2921 819 2976 866; x_wconf 91' lang='lat' dir='ltr'><strong>et</strong></span> <span class='ocrx_word' id='word_1_140' title='bbox 3005 811 3437 883; x_wconf 79' lang='lat' dir='ltr'><strong>interrogemus,</strong></span> 
     </span>
    </p>
   </div>
   <div class='ocr_carea' id='block_1_23' title="bbox 1865 902 3459 974">
    <p class='ocr_par' dir='ltr' id='par_1_23' title="bbox 1865 902 3459 974">
     <span class='ocr_line' id='line_1_23' title="bbox 1865 902 3459 974; baseline 0.004 -21"><span class='ocrx_word' id='word_1_141' title='bbox 1865 915 1984 970; x_wconf 66' lang='lat' dir='ltr'><strong>quae</strong></span> <span class='ocrx_word' id='word_1_142' title='bbox 2001 902 2147 957; x_wconf 89' lang='lat' dir='ltr'><strong>omni</strong></span> <span class='ocrx_word' id='word_1_143' title='bbox 2173 902 2528 972; x_wconf 87' lang='lat' dir='ltr'><strong>disputatione</strong></span> <span class='ocrx_word' id='word_1_144' title='bbox 2552 903 2726 974; x_wconf 86' lang='lat' dir='ltr'><strong>major</strong></span> <span class='ocrx_word' id='word_1_145' title='bbox 2748 914 2851 970; x_wconf 91' lang='lat' dir='ltr'><strong>est,</strong></span> <span class='ocrx_word' id='word_1_146' title='bbox 2876 920 3056 959; x_wconf 87' lang='lat' dir='ltr'><strong>rerum</strong></span> <span class='ocrx_word' id='word_1_147' title='bbox 3088 904 3266 960; x_wconf 80' lang='lat' dir='ltr'><strong>ﬁdem.</strong></span> <span class='ocrx_word' id='word_1_148' title='bbox 3295 905 3459 960; x_wconf 83' lang='lat' dir='ltr'><strong>Istud-</strong></span> 
     </span>
    </p>
   </div>
   <div class='ocr_carea' id='block_1_24' title="bbox 1865 992 3442 1062">
    <p class='ocr_par' dir='ltr' id='par_1_24' title="bbox 1865 992 3442 1062">
     <span class='ocr_line' id='line_1_24' title="bbox 1865 992 3442 1062; baseline 0.003 -16"><span class='ocrx_word' id='word_1_149' title='bbox 1865 1005 1995 1062; x_wconf 89' lang='lat' dir='ltr'><strong>ergo</strong></span> <span class='ocrx_word' id='word_1_150' title='bbox 2045 992 2375 1061; x_wconf 87' lang='lat' dir='ltr'><strong>principale,</strong></span> <span class='ocrx_word' id='word_1_151' title='bbox 2424 993 2722 1061; x_wconf 87' lang='lat' dir='ltr'><strong>virgineum</strong></span> <span class='ocrx_word' id='word_1_152' title='bbox 2771 1003 2830 1049; x_wconf 91' lang='lat' dir='ltr'><strong>et</strong></span> <span class='ocrx_word' id='word_1_153' title='bbox 2871 993 3109 1050; x_wconf 89' lang='lat' dir='ltr'><strong>salutare</strong></span> <span class='ocrx_word' id='word_1_154' title='bbox 3155 994 3442 1050; x_wconf 88' lang='lat' dir='ltr'><strong>locutionis</strong></span> 
     </span>
    </p>
   </div>
   <div class='ocr_carea' id='block_1_25' title="bbox 1864 1082 3442 1156">
    <p class='ocr_par' dir='ltr' id='par_1_25' title="bbox 1864 1082 3442 1156">
     <span class='ocr_line' id='line_1_25' title="bbox 1864 1082 3442 1156; baseline 0.003 -22"><span class='ocrx_word' id='word_1_155' title='bbox 1864 1095 2034 1152; x_wconf 88' lang='lat' dir='ltr'><strong>genus</strong></span> <span class='ocrx_word' id='word_1_156' title='bbox 2065 1121 2079 1145; x_wconf 92' lang='lat'><strong>,</strong></span> <span class='ocrx_word' id='word_1_157' title='bbox 2110 1082 2427 1152; x_wconf 87' lang='lat' dir='ltr'><strong>plerumque</strong></span> <span class='ocrx_word' id='word_1_158' title='bbox 2451 1098 2540 1138; x_wconf 88' lang='lat' dir='ltr'><strong>res</strong></span> <span class='ocrx_word' id='word_1_159' title='bbox 2565 1083 2771 1152; x_wconf 87' lang='lat' dir='ltr'><strong>aliquas</strong></span> <span class='ocrx_word' id='word_1_160' title='bbox 2799 1084 3000 1147; x_wconf 88' lang='lat' dir='ltr'><strong>refert,</strong></span> <span class='ocrx_word' id='word_1_161' title='bbox 3035 1093 3090 1140; x_wconf 93' lang='lat' dir='ltr'><strong>et</strong></span> <span class='ocrx_word' id='word_1_162' title='bbox 3117 1100 3258 1154; x_wconf 69' lang='lat' dir='ltr'><strong>smpe</strong></span> <span class='ocrx_word' id='word_1_163' title='bbox 3286 1085 3442 1156; x_wconf 85' lang='lat' dir='ltr'><strong>longe</strong></span> 
     </span>
    </p>
   </div>
   <div class='ocr_carea' id='block_1_26' title="bbox 1865 1170 3439 1245">
    <p class='ocr_par' dir='ltr' id='par_1_26' title="bbox 1865 1170 3439 1245">
     <span class='ocr_line' id='line_1_26' title="bbox 1865 1170 3439 1245; baseline 0.005 -21"><span class='ocrx_word' id='word_1_164' title='bbox 1865 1170 1992 1236; x_wconf 88' lang='lat' dir='ltr'><strong>alia,</strong></span> <span class='ocrx_word' id='word_1_165' title='bbox 2023 1187 2143 1241; x_wconf 76' lang='lat' dir='ltr'><strong>qua:</strong></span> <span class='ocrx_word' id='word_1_166' title='bbox 2171 1173 2462 1227; x_wconf 87' lang='lat' dir='ltr'><strong>audiuntur</strong></span> <span class='ocrx_word' id='word_1_167' title='bbox 2487 1175 2724 1242; x_wconf 77' lang='lat' dir='ltr'><strong>exponit.</strong></span> <span class='ocrx_word' id='word_1_168' title='bbox 2755 1175 3082 1243; x_wconf 84' lang='lat' dir='ltr'><strong>Simplicitas</strong></span> <span class='ocrx_word' id='word_1_169' title='bbox 3105 1176 3332 1245; x_wconf 80' lang='lat' dir='ltr'><strong>duplex;</strong></span> <span class='ocrx_word' id='word_1_170' title='bbox 3363 1186 3439 1244; x_wconf 89' lang='lat' dir='ltr'><strong>et,</strong></span> 
     </span>
    </p>
   </div>
   <div class='ocr_carea' id='block_1_27' title="bbox 1864 1261 3439 1336">
    <p class='ocr_par' dir='ltr' id='par_1_27' title="bbox 1864 1261 3439 1336">
     <span class='ocr_line' id='line_1_27' title="bbox 1864 1261 3439 1336; baseline 0.004 -21"><span class='ocrx_word' id='word_1_171' title='bbox 1864 1261 1982 1315; x_wconf 89' lang='lat' dir='ltr'><strong>sine</strong></span> <span class='ocrx_word' id='word_1_172' title='bbox 2010 1261 2132 1317; x_wconf 89' lang='lat' dir='ltr'><strong>dolo</strong></span> <span class='ocrx_word' id='word_1_173' title='bbox 2157 1262 2466 1331; x_wconf 87' lang='lat' dir='ltr'><strong>bilinguitas</strong></span> <span class='ocrx_word' id='word_1_174' title='bbox 2490 1303 2505 1327; x_wconf 97' lang='lat'><strong>,</strong></span> <span class='ocrx_word' id='word_1_175' title='bbox 2538 1264 2677 1318; x_wconf 84' lang='lat' dir='ltr'><strong>sicut</strong></span> <span class='ocrx_word' id='word_1_176' title='bbox 2708 1264 2836 1319; x_wconf 83' lang='lat' dir='ltr'><strong>fecit</strong></span> <span class='ocrx_word' id='word_1_177' title='bbox 2876 1265 3107 1336; x_wconf 81' lang='lat' dir='ltr'><strong>Joscph;</strong></span> <span class='ocrx_word' id='word_1_178' title='bbox 3152 1268 3240 1336; x_wconf 87' lang='lat' dir='ltr'><strong>qui</strong></span> <span class='ocrx_word' id='word_1_179' title='bbox 3266 1310 3282 1332; x_wconf 86' lang='lat'><strong>,</strong></span> <span class='ocrx_word' id='word_1_180' title='bbox 3311 1267 3439 1322; x_wconf 90' lang='lat' dir='ltr'><strong>dum</strong></span> 
     </span>
    </p>
   </div>
   <div class='ocr_carea' id='block_1_28' title="bbox 1865 1348 3444 1427">
    <p class='ocr_par' dir='ltr' id='par_1_28' title="bbox 1865 1348 3444 1427">
     <span class='ocr_line' id='line_1_28' title="bbox 1865 1348 3444 1427; baseline 0.006 -25"><span class='ocrx_word' id='word_1_181' title='bbox 1865 1348 2062 1405; x_wconf 83' lang='lat' dir='ltr'><strong>fratres</strong></span> <span class='ocrx_word' id='word_1_182' title='bbox 2092 1365 2218 1406; x_wconf 91' lang='lat' dir='ltr'><strong>suos</strong></span> <span class='ocrx_word' id='word_1_183' title='bbox 2247 1360 2468 1421; x_wconf 86' lang='lat' dir='ltr'><strong>aspectu</strong></span> <span class='ocrx_word' id='word_1_184' title='bbox 2515 1353 2629 1422; x_wconf 88' lang='lat' dir='ltr'><strong>ipso</strong></span> <span class='ocrx_word' id='word_1_185' title='bbox 2654 1362 2708 1407; x_wconf 91' lang='lat' dir='ltr'><strong>et</strong></span> <span class='ocrx_word' id='word_1_186' title='bbox 2745 1369 2994 1409; x_wconf 88' lang='lat' dir='ltr'><strong>sermone</strong></span> <span class='ocrx_word' id='word_1_187' title='bbox 3034 1356 3207 1423; x_wconf 90' lang='lat' dir='ltr'><strong>patrio</strong></span> <span class='ocrx_word' id='word_1_188' title='bbox 3246 1371 3444 1427; x_wconf 86' lang='lat' dir='ltr'><strong>cogno-</strong></span> 
     </span>
    </p>
   </div>
   <div class='ocr_carea' id='block_1_29' title="bbox 1863 1438 3444 1516">
    <p class='ocr_par' dir='ltr' id='par_1_29' title="bbox 1863 1438 3444 1516">
     <span class='ocr_line' id='line_1_29' title="bbox 1863 1438 3444 1516; baseline 0.007 -24"><span class='ocrx_word' id='word_1_189' title='bbox 1863 1438 2051 1506; x_wconf 87' lang='lat' dir='ltr'><strong>visset,</strong></span> <span class='ocrx_word' id='word_1_190' title='bbox 2080 1440 2156 1494; x_wconf 90' lang='lat' dir='ltr'><strong>ita</strong></span> <span class='ocrx_word' id='word_1_191' title='bbox 2184 1440 2265 1497; x_wconf 89' lang='lat' dir='ltr'><strong>eis</strong></span> <span class='ocrx_word' id='word_1_192' title='bbox 2298 1442 2576 1497; x_wconf 85' lang='lat' dir='ltr'><strong>videbatur</strong></span> <span class='ocrx_word' id='word_1_193' title='bbox 2614 1442 2791 1513; x_wconf 90' lang='lat' dir='ltr'><strong>loqui,</strong></span> <span class='ocrx_word' id='word_1_194' title='bbox 2834 1454 2892 1499; x_wconf 91' lang='lat' dir='ltr'><strong>ut</strong></span> <span class='ocrx_word' id='word_1_195' title='bbox 2930 1446 3236 1502; x_wconf 87' lang='lat' dir='ltr'><strong>nullatenus</strong></span> <span class='ocrx_word' id='word_1_196' title='bbox 3260 1455 3444 1516; x_wconf 83' lang='lat' dir='ltr'><strong>posset</strong></span> 
     </span>
    </p>
   </div>
   <div class='ocr_carea' id='block_1_30' title="bbox 1863 1529 3440 1608">
    <p class='ocr_par' dir='ltr' id='par_1_30' title="bbox 1863 1529 3440 1608">
     <span class='ocr_line' id='line_1_30' title="bbox 1863 1529 3440 1608; baseline 0.008 -26"><span class='ocrx_word' id='word_1_197' title='bbox 1863 1529 2080 1599; x_wconf 78' lang='lat' dir='ltr'><strong>agnosci</strong></span> <span class='ocrx_word' id='word_1_198' title='bbox 2108 1529 2260 1600; x_wconf 81' lang='lat' dir='ltr'><strong>(Gen.</strong></span> <span class='ocrx_word' id='word_1_199' title='bbox 2294 1546 2404 1586; x_wconf 80' lang='lat' dir='ltr'><strong>mi</strong></span> <span class='ocrx_word' id='word_1_200' title='bbox 2430 1571 2445 1598; x_wconf 95' lang='lat'><strong>,</strong></span> <span class='ocrx_word' id='word_1_201' title='bbox 2471 1531 2557 1603; x_wconf 90' lang='lat'><strong>8);</strong></span> <span class='ocrx_word' id='word_1_202' title='bbox 2587 1535 2728 1602; x_wconf 86' lang='lat' dir='ltr'><strong>quod</strong></span> <span class='ocrx_word' id='word_1_203' title='bbox 2756 1549 2862 1588; x_wconf 90' lang='lat' dir='ltr'><strong>non</strong></span> <span class='ocrx_word' id='word_1_204' title='bbox 2894 1545 2975 1590; x_wconf 83' lang='lat' dir='ltr'><strong>est</strong></span> <span class='ocrx_word' id='word_1_205' title='bbox 3015 1537 3082 1591; x_wconf 87' lang='lat' dir='ltr'><strong>ad</strong></span> <span class='ocrx_word' id='word_1_206' title='bbox 3109 1538 3440 1608; x_wconf 87' lang='lat' dir='ltr'><strong>deceptionis</strong></span> 
     </span>
    </p>
   </div>
   <div class='ocr_carea' id='block_1_31' title="bbox 1863 1620 3442 1712">
    <p class='ocr_par' dir='ltr' id='par_1_31' title="bbox 1863 1620 3442 1712">
     <span class='ocr_line' id='line_1_31' title="bbox 1863 1620 3442 1712; baseline 0.008 -40"><span class='ocrx_word' id='word_1_207' title='bbox 1863 1620 2099 1691; x_wconf 81' lang='lat' dir='ltr'><strong>studium</strong></span> <span class='ocrx_word' id='word_1_208' title='bbox 2130 1629 2400 1691; x_wconf 90' lang='lat' dir='ltr'><strong>sumptum</strong></span> <span class='ocrx_word' id='word_1_209' title='bbox 2427 1662 2442 1687; x_wconf 90' lang='lat'><strong>,</strong></span> <span class='ocrx_word' id='word_1_210' title='bbox 2473 1623 2566 1678; x_wconf 89' lang='lat' dir='ltr'><strong>sed</strong></span> <span class='ocrx_word' id='word_1_211' title='bbox 2595 1625 3033 1712; x_wconf 56' lang='lat' dir='ltr'><strong>ad.c0inmodum</strong></span> <span class='ocrx_word' id='word_1_212' title='bbox 3063 1642 3270 1700; x_wconf 75' lang='lat' dir='ltr'><strong>magnai</strong></span> <span class='ocrx_word' id='word_1_213' title='bbox 3296 1629 3442 1684; x_wconf 90' lang='lat' dir='ltr'><strong>utili-</strong></span> 
     </span>
    </p>
   </div>
   <div class='ocr_carea' id='block_1_32' title="bbox 1866 1707 3490 1783">
    <p class='ocr_par' dir='ltr' id='par_1_32' title="bbox 1866 1707 3490 1783">
     <span class='ocr_line' id='line_1_32' title="bbox 1866 1707 3490 1783; baseline 0.008 -22"><span class='ocrx_word' id='word_1_214' title='bbox 1866 1709 1990 1762; x_wconf 86' lang='lat' dir='ltr'><strong>tatis</strong></span> <span class='ocrx_word' id='word_1_215' title='bbox 2033 1707 2305 1766; x_wconf 59' lang='lat' dir='ltr'><strong>ell‘ectum.</strong></span> <span class='ocrx_word' id='word_1_216' title='bbox 2355 1711 2612 1768; x_wconf 75' lang='lat' dir='ltr'><strong>Hebraeos</strong></span> <span class='ocrx_word' id='word_1_217' title='bbox 2655 1707 2930 1772; x_wconf 75' lang='lat' dir='ltr'><strong>sermones</strong></span> <span class='ocrx_word' id='word_1_218' title='bbox 2984 1717 3244 1783; x_wconf 88' lang='lat' dir='ltr'><strong>adhibet,</strong></span> <span class='ocrx_word' id='word_1_219' title='bbox 3311 1735 3438 1774; x_wconf 90' lang='lat' dir='ltr'><strong>cau-</strong></span> <span class='ocrx_word' id='word_1_220' title='bbox 3486 1727 3490 1731; x_wconf 78' lang='lat'><strong><em>‘</em></strong></span> 
     </span>
    </p>
   </div>
   <div class='ocr_carea' id='block_1_33' title="bbox 181 1801 3441 1877">
    <p class='ocr_par' dir='ltr' id='par_1_33' title="bbox 181 1801 3441 1877">
     <span class='ocr_line' id='line_1_33' title="bbox 181 1801 3441 1877; baseline 0.002 -17"><span class='ocrx_word' id='word_1_221' title='bbox 181 1807 352 1863; x_wconf 86' lang='lat' dir='ltr'><strong>dicit:</strong></span> <span class='ocrx_word' id='word_1_222' title='bbox 382 1826 400 1857; x_wconf 80' lang='grc' dir='ltr'><strong>ι</strong></span> <span class='ocrx_word' id='word_1_223' title='bbox 439 1807 519 1860; x_wconf 81' lang='lat' dir='ltr'><strong>Ex</strong></span> <span class='ocrx_word' id='word_1_224' title='bbox 539 1807 656 1877; x_wconf 91' lang='lat' dir='ltr'><strong>ipso</strong></span> <span class='ocrx_word' id='word_1_225' title='bbox 675 1819 768 1862; x_wconf 87' lang='lat' dir='ltr'><strong>ore</strong></span> <span class='ocrx_word' id='word_1_226' title='bbox 795 1803 1163 1859; x_wconf 89' lang='lat' dir='ltr'><strong>benedicimus</strong></span> <span class='ocrx_word' id='word_1_227' title='bbox 1186 1803 1351 1857; x_wconf 85' lang='lat' dir='ltr'><strong>Deum</strong></span> <span class='ocrx_word' id='word_1_228' title='bbox 1377 1811 1430 1858; x_wconf 90' lang='lat' dir='ltr'><strong>et</strong></span> <span class='ocrx_word' id='word_1_229' title='bbox 1453 1802 1688 1872; x_wconf 83' lang='lat' dir='ltr'><strong>Patrem,</strong></span> <span class='ocrx_word' id='word_1_230' title='bbox 1706 1809 1764 1857; x_wconf 92' lang='lat' dir='ltr'><strong>et</strong></span> <span class='ocrx_word' id='word_1_231' title='bbox 1796 1801 1838 1859; x_wconf 77' lang='lat' dir='ltr'><strong>ll</strong></span> <span class='ocrx_word' id='word_1_232' title='bbox 1867 1815 1954 1854; x_wconf 88' lang='lat' dir='ltr'><strong>sas</strong></span> <span class='ocrx_word' id='word_1_233' title='bbox 1985 1801 2432 1870; x_wconf 84' lang='lat' dir='ltr'><strong>profundissimas</strong></span> <span class='ocrx_word' id='word_1_234' title='bbox 2465 1802 2768 1862; x_wconf 86' lang='lat' dir='ltr'><strong>innuentes.</strong></span> <span class='ocrx_word' id='word_1_235' title='bbox 2806 1805 2977 1862; x_wconf 85' lang='lat' dir='ltr'><strong>Unam</strong></span> <span class='ocrx_word' id='word_1_236' title='bbox 3011 1823 3137 1866; x_wconf 77' lang='lat' dir='ltr'><strong>rem</strong></span> <span class='ocrx_word' id='word_1_237' title='bbox 3190 1810 3246 1866; x_wconf 92' lang='lat' dir='ltr'><strong>in</strong></span> <span class='ocrx_word' id='word_1_238' title='bbox 3294 1811 3441 1867; x_wconf 90' lang='lat' dir='ltr'><strong>malo</strong></span> 
     </span>
    </p>
   </div>
   <div class='ocr_carea' id='block_1_34' title="bbox 181 1890 1758 1964">
    <p class='ocr_par' dir='ltr' id='par_1_34' title="bbox 181 1890 1758 1964">
     <span class='ocr_line' id='line_1_34' title="bbox 181 1890 1758 1964; baseline -0.003 -14"><span class='ocrx_word' id='word_1_239' title='bbox 181 1913 246 1950; x_wconf 83' lang='lat' dir='ltr'><strong>ex</strong></span> <span class='ocrx_word' id='word_1_240' title='bbox 277 1896 393 1964; x_wconf 91' lang='lat' dir='ltr'><strong>ipso</strong></span> <span class='ocrx_word' id='word_1_241' title='bbox 420 1910 516 1950; x_wconf 91' lang='lat' dir='ltr'><strong>ore</strong></span> <span class='ocrx_word' id='word_1_242' title='bbox 544 1894 912 1949; x_wconf 88' lang='lat' dir='ltr'><strong>maledicimus</strong></span> <span class='ocrx_word' id='word_1_243' title='bbox 934 1892 1231 1957; x_wconf 90' lang='lat' dir='ltr'><strong>hominem,</strong></span> <span class='ocrx_word' id='word_1_244' title='bbox 1255 1891 1345 1961; x_wconf 91' lang='lat' dir='ltr'><strong>qui</strong></span> <span class='ocrx_word' id='word_1_245' title='bbox 1374 1891 1438 1946; x_wconf 88' lang='lat' dir='ltr'><strong>ad</strong></span> <span class='ocrx_word' id='word_1_246' title='bbox 1470 1890 1758 1962; x_wconf 88' lang='lat' dir='ltr'><strong>imaginem</strong></span> 
     </span>
    </p>
   </div>
   <div class='ocr_carea' id='block_1_35' title="bbox 181 1980 1762 2054">
    <p class='ocr_par' dir='ltr' id='par_1_35' title="bbox 181 1980 1762 2054">
     <span class='ocr_line' id='line_1_35' title="bbox 181 1980 1762 2054; baseline -0.003 -12"><span class='ocrx_word' id='word_1_247' title='bbox 181 1998 238 2042; x_wconf 89' lang='lat' dir='ltr'><strong>et</strong></span> <span class='ocrx_word' id='word_1_248' title='bbox 270 1987 675 2044; x_wconf 90' lang='lat' dir='ltr'><strong>similitudinem</strong></span> <span class='ocrx_word' id='word_1_249' title='bbox 719 1983 814 2039; x_wconf 91' lang='lat' dir='ltr'><strong>Dei</strong></span> <span class='ocrx_word' id='word_1_250' title='bbox 842 1982 1013 2039; x_wconf 87' lang='lat' dir='ltr'><strong>factus</strong></span> <span class='ocrx_word' id='word_1_251' title='bbox 1059 1991 1143 2038; x_wconf 90' lang='lat' dir='ltr'><strong>est</strong></span> <span class='ocrx_word' id='word_1_252' title='bbox 1169 1981 1309 2054; x_wconf 80' lang='lat' dir='ltr'><strong>(Jac.</strong></span> <span class='ocrx_word' id='word_1_253' title='bbox 1341 1998 1442 2048; x_wconf 89' lang='grc' dir='ltr'>ιιι,</span> <span class='ocrx_word' id='word_1_254' title='bbox 1472 1980 1548 2052; x_wconf 88' lang='grc'><strong>9).</strong></span> <span class='ocrx_word' id='word_1_255' title='bbox 1585 2000 1605 2033; x_wconf 71' lang='grc' dir='ltr'><strong>ι</strong></span> <span class='ocrx_word' id='word_1_256' title='bbox 1633 1981 1762 2038; x_wconf 59' lang='lat' dir='ltr'><strong>Haec</strong></span> 
     </span>
    </p>
   </div>
   <div class='ocr_carea' id='block_1_36' title="bbox 181 2071 1760 2144">
    <p class='ocr_par' dir='ltr' id='par_1_36' title="bbox 181 2071 1760 2144">
     <span class='ocr_line' id='line_1_36' title="bbox 181 2071 1760 2144; baseline -0.003 -11"><span class='ocrx_word' id='word_1_257' title='bbox 181 2080 581 2134; x_wconf 81' lang='lat' dir='ltr'><strong>niundanarum</strong></span> <span class='ocrx_word' id='word_1_258' title='bbox 609 2075 805 2130; x_wconf 89' lang='lat' dir='ltr'><strong>artium</strong></span> <span class='ocrx_word' id='word_1_259' title='bbox 857 2073 1015 2144; x_wconf 88' lang='lat' dir='ltr'><strong>periti</strong></span> <span class='ocrx_word' id='word_1_260' title='bbox 1042 2073 1200 2144; x_wconf 90' lang='lat' dir='ltr'><strong>(quos</strong></span> <span class='ocrx_word' id='word_1_261' title='bbox 1244 2082 1420 2128; x_wconf 88' lang='lat' dir='ltr'><strong>tamen</strong></span> <span class='ocrx_word' id='word_1_262' title='bbox 1471 2071 1638 2126; x_wconf 88' lang='lat' dir='ltr'><strong>multo</strong></span> <span class='ocrx_word' id='word_1_263' title='bbox 1664 2087 1760 2142; x_wconf 88' lang='lat' dir='ltr'><strong>po-</strong></span> 
     </span>
    </p>
   </div>
   <div class='ocr_carea' id='block_1_37' title="bbox 181 2164 1757 2228">
    <p class='ocr_par' dir='ltr' id='par_1_37' title="bbox 181 2164 1757 2228">
     <span class='ocr_line' id='line_1_37' title="bbox 181 2164 1757 2228; baseline -0.004 -4"><span class='ocrx_word' id='word_1_264' title='bbox 181 2171 387 2225; x_wconf 88' lang='lat' dir='ltr'><strong>sterius</strong></span> <span class='ocrx_word' id='word_1_265' title='bbox 415 2171 483 2224; x_wconf 90' lang='lat' dir='ltr'><strong>ab</strong></span> <span class='ocrx_word' id='word_1_266' title='bbox 523 2167 746 2223; x_wconf 81' lang='lat' dir='ltr'><strong>exordio</strong></span> <span class='ocrx_word' id='word_1_267' title='bbox 791 2165 1092 2221; x_wconf 89' lang='lat' dir='ltr'><strong>divinorum</strong></span> <span class='ocrx_word' id='word_1_268' title='bbox 1145 2164 1410 2218; x_wconf 89' lang='lat' dir='ltr'><strong>librorum</strong></span> <span class='ocrx_word' id='word_1_269' title='bbox 1462 2164 1757 2228; x_wconf 82' lang='lat' dir='ltr'><strong>exstitisse,</strong></span> 
     </span>
    </p>
   </div>
   <div class='ocr_carea' id='block_1_38' title="bbox 179 2253 1762 2329">
    <p class='ocr_par' dir='ltr' id='par_1_38' title="bbox 179 2253 1762 2329">
     <span class='ocr_line' id='line_1_38' title="bbox 179 2253 1762 2329; baseline -0.003 -14"><span class='ocrx_word' id='word_1_270' title='bbox 179 2260 527 2316; x_wconf 80' lang='lat' dir='ltr'><strong>manifestum</strong></span> <span class='ocrx_word' id='word_1_271' title='bbox 551 2257 655 2329; x_wconf 88' lang='lat' dir='ltr'><strong>est)</strong></span> <span class='ocrx_word' id='word_1_272' title='bbox 677 2257 744 2312; x_wconf 88' lang='lat' dir='ltr'><strong>ad</strong></span> <span class='ocrx_word' id='word_1_273' title='bbox 765 2253 1109 2311; x_wconf 87' lang='lat' dir='ltr'><strong>collectiones</strong></span> <span class='ocrx_word' id='word_1_274' title='bbox 1155 2263 1618 2324; x_wconf 87' lang='lat' dir='ltr'><strong>argumentorum,</strong></span> <span class='ocrx_word' id='word_1_275' title='bbox 1639 2269 1762 2324; x_wconf 72' lang='lat' dir='ltr'><strong>qua:</strong></span> 
     </span>
    </p>
   </div>
   <div class='ocr_carea' id='block_1_39' title="bbox 175 2348 1760 2422">
    <p class='ocr_par' dir='ltr' id='par_1_39' title="bbox 175 2348 1760 2422">
     <span class='ocr_line' id='line_1_39' title="bbox 175 2348 1760 2422; baseline -0.003 -15"><span class='ocrx_word' id='word_1_276' title='bbox 175 2351 353 2407; x_wconf 70' lang='lat' dir='ltr'><strong>Graeci</strong></span> <span class='ocrx_word' id='word_1_277' title='bbox 403 2352 578 2422; x_wconf 86' lang='lat' dir='ltr'><strong>t0pica</strong></span> <span class='ocrx_word' id='word_1_278' title='bbox 628 2351 856 2415; x_wconf 90' lang='lat' dir='ltr'><strong>dicunt,</strong></span> <span class='ocrx_word' id='word_1_279' title='bbox 905 2357 960 2403; x_wconf 89' lang='lat' dir='ltr'><strong>et</strong></span> <span class='ocrx_word' id='word_1_280' title='bbox 995 2348 1061 2403; x_wconf 88' lang='lat' dir='ltr'><strong>ad</strong></span> <span class='ocrx_word' id='word_1_281' title='bbox 1091 2356 1262 2404; x_wconf 91' lang='lat' dir='ltr'><strong>artem</strong></span> <span class='ocrx_word' id='word_1_282' title='bbox 1297 2348 1636 2403; x_wconf 89' lang='lat' dir='ltr'><strong>dialecticam</strong></span> <span class='ocrx_word' id='word_1_283' title='bbox 1657 2385 1675 2413; x_wconf 94' lang='lat'><strong>,</strong></span> <span class='ocrx_word' id='word_1_284' title='bbox 1703 2357 1760 2402; x_wconf 90' lang='lat' dir='ltr'><strong>et</strong></span> 
     </span>
    </p>
   </div>
   <div class='ocr_carea' id='block_1_40' title="bbox 179 2438 1759 2507">
    <p class='ocr_par' dir='ltr' id='par_1_40' title="bbox 179 2438 1759 2507">
     <span class='ocr_line' id='line_1_40' title="bbox 179 2438 1759 2507; baseline -0.003 -11"><span class='ocrx_word' id='word_1_285' title='bbox 179 2443 509 2504; x_wconf 82' lang='lat' dir='ltr'><strong>rhetoricam</strong></span> <span class='ocrx_word' id='word_1_286' title='bbox 540 2441 970 2506; x_wconf 89' lang='lat' dir='ltr'><strong>transtulerunt,</strong></span> <span class='ocrx_word' id='word_1_287' title='bbox 1002 2448 1062 2494; x_wconf 90' lang='lat' dir='ltr'><strong>ut</strong></span> <span class='ocrx_word' id='word_1_288' title='bbox 1106 2439 1317 2494; x_wconf 90' lang='lat' dir='ltr'><strong>cunctis</strong></span> <span class='ocrx_word' id='word_1_289' title='bbox 1362 2438 1640 2495; x_wconf 84' lang='lat' dir='ltr'><strong>evidenter</strong></span> <span class='ocrx_word' id='word_1_290' title='bbox 1665 2453 1759 2507; x_wconf 90' lang='lat' dir='ltr'><strong>ap-</strong></span> 
     </span>
    </p>
   </div>
   <div class='ocr_carea' id='block_1_41' title="bbox 177 2529 1761 2604">
    <p class='ocr_par' dir='ltr' id='par_1_41' title="bbox 177 2529 1761 2604">
     <span class='ocr_line' id='line_1_41' title="bbox 177 2529 1761 2604; baseline -0.002 -18"><span class='ocrx_word' id='word_1_291' title='bbox 177 2543 382 2602; x_wconf 86' lang='lat' dir='ltr'><strong>pareat,</strong></span> <span class='ocrx_word' id='word_1_292' title='bbox 413 2534 564 2604; x_wconf 91' lang='lat' dir='ltr'><strong>prius</strong></span> <span class='ocrx_word' id='word_1_293' title='bbox 588 2533 652 2587; x_wconf 92' lang='lat' dir='ltr'><strong>ad</strong></span> <span class='ocrx_word' id='word_1_294' title='bbox 677 2531 1083 2602; x_wconf 81' lang='lat' dir='ltr'><strong>exprimendam</strong></span> <span class='ocrx_word' id='word_1_295' title='bbox 1117 2529 1401 2585; x_wconf 80' lang='lat' dir='ltr'><strong>veritatem</strong></span> <span class='ocrx_word' id='word_1_296' title='bbox 1417 2530 1579 2600; x_wconf 85' lang='lat' dir='ltr'><strong>justis</strong></span> <span class='ocrx_word' id='word_1_297' title='bbox 1607 2543 1761 2584; x_wconf 85' lang='lat' dir='ltr'><strong>men-</strong></span> 
     </span>
    </p>
   </div>
   <div class='ocr_carea' id='block_1_42' title="bbox 179 2617 1758 2690">
    <p class='ocr_par' dir='ltr' id='par_1_42' title="bbox 179 2617 1758 2690">
     <span class='ocr_line' id='line_1_42' title="bbox 179 2617 1758 2690; baseline -0.001 -14"><span class='ocrx_word' id='word_1_298' title='bbox 179 2623 322 2676; x_wconf 84' lang='lat' dir='ltr'><strong>tibus</strong></span> <span class='ocrx_word' id='word_1_299' title='bbox 345 2623 550 2686; x_wconf 88' lang='lat' dir='ltr'><strong>datum,</strong></span> <span class='ocrx_word' id='word_1_300' title='bbox 578 2622 718 2690; x_wconf 89' lang='lat' dir='ltr'><strong>quod</strong></span> <span class='ocrx_word' id='word_1_301' title='bbox 743 2629 928 2690; x_wconf 91' lang='lat' dir='ltr'><strong>postea</strong></span> <span class='ocrx_word' id='word_1_302' title='bbox 955 2618 1186 2689; x_wconf 88' lang='lat' dir='ltr'><strong>gentiles</strong></span> <span class='ocrx_word' id='word_1_303' title='bbox 1211 2619 1460 2674; x_wconf 73' lang='lat' dir='ltr'><strong>humana:</strong></span> <span class='ocrx_word' id='word_1_304' title='bbox 1480 2617 1758 2688; x_wconf 63' lang='lat' dir='ltr'><strong>sapientiae</strong></span> 
     </span>
    </p>
   </div>
   <div class='ocr_carea' id='block_1_43' title="bbox 177 2710 994 2780">
    <p class='ocr_par' dir='ltr' id='par_1_43' title="bbox 177 2710 994 2780">
     <span class='ocr_line' id='line_1_43' title="bbox 177 2710 994 2780; baseline -0.006 -16"><span class='ocrx_word' id='word_1_305' title='bbox 177 2710 474 2779; x_wconf 85' lang='lat' dir='ltr'><strong>aptaudum</strong></span> <span class='ocrx_word' id='word_1_306' title='bbox 507 2725 625 2765; x_wconf 90' lang='lat' dir='ltr'><strong>essc</strong></span> <span class='ocrx_word' id='word_1_307' title='bbox 653 2718 994 2780; x_wconf 88' lang='lat' dir='ltr'><strong>putaverunt.</strong></span> 
     </span>
    </p>
   </div>
   <div class='ocr_carea' id='block_1_44' title="bbox 246 2801 1757 2871">
    <p class='ocr_par' dir='ltr' id='par_1_44' title="bbox 246 2801 1757 2871">
     <span class='ocr_line' id='line_1_44' title="bbox 246 2801 1757 2871; baseline -0.001 -16"><span class='ocrx_word' id='word_1_308' title='bbox 246 2801 377 2857; x_wconf 75' lang='lat' dir='ltr'><strong>Hazc</strong></span> <span class='ocrx_word' id='word_1_309' title='bbox 404 2803 456 2856; x_wconf 90' lang='lat' dir='ltr'><strong>in</strong></span> <span class='ocrx_word' id='word_1_310' title='bbox 488 2801 807 2857; x_wconf 89' lang='lat' dir='ltr'><strong>lectionibus</strong></span> <span class='ocrx_word' id='word_1_311' title='bbox 847 2801 1049 2865; x_wconf 88' lang='lat' dir='ltr'><strong>sacris,</strong></span> <span class='ocrx_word' id='word_1_312' title='bbox 1085 2810 1338 2871; x_wconf 88' lang='lat' dir='ltr'><strong>tanquam</strong></span> <span class='ocrx_word' id='word_1_313' title='bbox 1361 2801 1660 2856; x_wconf 88' lang='lat' dir='ltr'><strong>clarissima</strong></span> <span class='ocrx_word' id='word_1_314' title='bbox 1685 2801 1757 2855; x_wconf 83' lang='lat' dir='ltr'><strong>si—</strong></span> 
     </span>
    </p>
   </div>
   <div class='ocr_carea' id='block_1_45' title="bbox 178 2891 1755 2962">
    <p class='ocr_par' dir='ltr' id='par_1_45' title="bbox 178 2891 1755 2962">
     <span class='ocr_line' id='line_1_45' title="bbox 178 2891 1755 2962; baseline -0.001 -14"><span class='ocrx_word' id='word_1_315' title='bbox 178 2895 345 2959; x_wconf 89' lang='lat' dir='ltr'><strong>dera,</strong></span> <span class='ocrx_word' id='word_1_316' title='bbox 377 2893 651 2958; x_wconf 88' lang='lat' dir='ltr'><strong>relucent,</strong></span> <span class='ocrx_word' id='word_1_317' title='bbox 690 2904 746 2949; x_wconf 92' lang='lat' dir='ltr'><strong>ct</strong></span> <span class='ocrx_word' id='word_1_318' title='bbox 787 2892 1175 2962; x_wconf 85' lang='lat' dir='ltr'><strong>signiﬁcantias</strong></span> <span class='ocrx_word' id='word_1_319' title='bbox 1226 2907 1406 2948; x_wconf 88' lang='lat' dir='ltr'><strong>rerum</strong></span> <span class='ocrx_word' id='word_1_320' title='bbox 1458 2891 1755 2947; x_wconf 88' lang='lat' dir='ltr'><strong>utilissimis</strong></span> 
     </span>
    </p>
   </div>
   <div class='ocr_carea' id='block_1_46' title="bbox 178 2982 1756 3053">
    <p class='ocr_par' dir='ltr' id='par_1_46' title="bbox 178 2982 1756 3053">
     <span class='ocr_line' id='line_1_46' title="bbox 178 2982 1756 3053; baseline -0.001 -15"><span class='ocrx_word' id='word_1_321' title='bbox 178 2983 534 3053; x_wconf 81' lang='lat' dir='ltr'><strong>compendiis</strong></span> <span class='ocrx_word' id='word_1_322' title='bbox 560 2984 814 3038; x_wconf 86' lang='lat' dir='ltr'><strong>decenter</strong></span> <span class='ocrx_word' id='word_1_323' title='bbox 843 2983 1174 3050; x_wconf 89' lang='lat' dir='ltr'><strong>illuminant;</strong></span> <span class='ocrx_word' id='word_1_324' title='bbox 1204 2998 1324 3053; x_wconf 74' lang='lat' dir='ltr'><strong>qua:</strong></span> <span class='ocrx_word' id='word_1_325' title='bbox 1369 2997 1470 3038; x_wconf 91' lang='lat' dir='ltr'><strong>nos</strong></span> <span class='ocrx_word' id='word_1_326' title='bbox 1520 2982 1756 3037; x_wconf 88' lang='lat' dir='ltr'><strong>breviter</strong></span> 
     </span>
    </p>
   </div>
   <div class='ocr_carea' id='block_1_47' title="bbox 178 3074 1755 3145">
    <p class='ocr_par' dir='ltr' id='par_1_47' title="bbox 178 3074 1755 3145">
     <span class='ocr_line' id='line_1_47' title="bbox 178 3074 1755 3145; baseline 0.003 -19"><span class='ocrx_word' id='word_1_327' title='bbox 178 3074 310 3131; x_wconf 89' lang='lat' dir='ltr'><strong>locis</strong></span> <span class='ocrx_word' id='word_1_328' title='bbox 356 3075 648 3145; x_wconf 87' lang='lat' dir='ltr'><strong>aptissimis</strong></span> <span class='ocrx_word' id='word_1_329' title='bbox 695 3075 1119 3131; x_wconf 87' lang='lat' dir='ltr'><strong>admonebimus.</strong></span> <span class='ocrx_word' id='word_1_330' title='bbox 1161 3075 1428 3143; x_wconf 86' lang='lat' dir='ltr'><strong>Quoniam</strong></span> <span class='ocrx_word' id='word_1_331' title='bbox 1481 3089 1565 3130; x_wconf 91' lang='lat' dir='ltr'><strong>res</strong></span> <span class='ocrx_word' id='word_1_332' title='bbox 1627 3076 1755 3144; x_wconf 76' lang='lat' dir='ltr'><strong>ipsa:</strong></span> 
     </span>
    </p>
   </div>
   <div class='ocr_carea' id='block_1_48' title="bbox 1861 1891 3441 1970">
    <p class='ocr_par' dir='ltr' id='par_1_48' title="bbox 1861 1891 3441 1970">
     <span class='ocr_line' id='line_1_48' title="bbox 1861 1891 3441 1970; baseline 0.01 -27"><span class='ocrx_word' id='word_1_333' title='bbox 1861 1900 1916 1944; x_wconf 90' lang='lat' dir='ltr'><strong>et</strong></span> <span class='ocrx_word' id='word_1_334' title='bbox 1969 1891 2020 1945; x_wconf 90' lang='lat' dir='ltr'><strong>in</strong></span> <span class='ocrx_word' id='word_1_335' title='bbox 2069 1892 2212 1948; x_wconf 89' lang='lat' dir='ltr'><strong>bono</strong></span> <span class='ocrx_word' id='word_1_336' title='bbox 2264 1893 2580 1966; x_wconf 89' lang='lat' dir='ltr'><strong>plerumque</strong></span> <span class='ocrx_word' id='word_1_337' title='bbox 2627 1897 2816 1967; x_wconf 88' lang='lat' dir='ltr'><strong>ponit,</strong></span> <span class='ocrx_word' id='word_1_338' title='bbox 2863 1909 2922 1953; x_wconf 93' lang='lat' dir='ltr'><strong>ut</strong></span> <span class='ocrx_word' id='word_1_339' title='bbox 2951 1939 2964 1962; x_wconf 93' lang='lat'><strong>,</strong></span> <span class='ocrx_word' id='word_1_340' title='bbox 3017 1901 3160 1970; x_wconf 92' lang='lat' dir='ltr'><strong>quod</strong></span> <span class='ocrx_word' id='word_1_341' title='bbox 3220 1904 3441 1959; x_wconf 88' lang='lat' dir='ltr'><strong>nomine</strong></span> 
     </span>
    </p>
   </div>
   <div class='ocr_carea' id='block_1_49' title="bbox 1865 1981 3440 2061">
    <p class='ocr_par' dir='ltr' id='par_1_49' title="bbox 1865 1981 3440 2061">
     <span class='ocr_line' id='line_1_49' title="bbox 1865 1981 3440 2061; baseline 0.011 -28"><span class='ocrx_word' id='word_1_342' title='bbox 1865 1981 2075 2038; x_wconf 88' lang='lat' dir='ltr'><strong>videtur</strong></span> <span class='ocrx_word' id='word_1_343' title='bbox 2101 1999 2220 2040; x_wconf 89' lang='lat' dir='ltr'><strong>esse</strong></span> <span class='ocrx_word' id='word_1_344' title='bbox 2257 2001 2573 2053; x_wconf 87' lang='lat' dir='ltr'><strong>commune;</strong></span> <span class='ocrx_word' id='word_1_345' title='bbox 2624 1989 2884 2058; x_wconf 90' lang='lat' dir='ltr'><strong>probetur</strong></span> <span class='ocrx_word' id='word_1_346' title='bbox 2937 1991 3284 2061; x_wconf 87' lang='lat' dir='ltr'><strong>qualitatibus</strong></span> <span class='ocrx_word' id='word_1_347' title='bbox 3329 1995 3440 2050; x_wconf 89' lang='lat' dir='ltr'><strong>dis-</strong></span> 
     </span>
    </p>
   </div>
   <div class='ocr_carea' id='block_1_50' title="bbox 1860 2074 3440 2153">
    <p class='ocr_par' dir='ltr' id='par_1_50' title="bbox 1860 2074 3440 2153">
     <span class='ocr_line' id='line_1_50' title="bbox 1860 2074 3440 2153; baseline 0.01 -30"><span class='ocrx_word' id='word_1_348' title='bbox 1860 2086 2106 2140; x_wconf 88' lang='lat' dir='ltr'><strong>crepare.</strong></span> <span class='ocrx_word' id='word_1_349' title='bbox 2165 2074 2418 2130; x_wconf 70' lang='lat' dir='ltr'><strong>Caalestia</strong></span> <span class='ocrx_word' id='word_1_350' title='bbox 2485 2076 2716 2132; x_wconf 88' lang='lat' dir='ltr'><strong>terrenis</strong></span> <span class='ocrx_word' id='word_1_351' title='bbox 2767 2090 3083 2148; x_wconf 87' lang='lat' dir='ltr'><strong>comparat,</strong></span> <span class='ocrx_word' id='word_1_352' title='bbox 3143 2092 3242 2148; x_wconf 90' lang='lat' dir='ltr'><strong>ut,</strong></span> <span class='ocrx_word' id='word_1_353' title='bbox 3295 2085 3440 2153; x_wconf 88' lang='lat' dir='ltr'><strong>quod</strong></span> 
     </span>
    </p>
   </div>
   <div class='ocr_carea' id='block_1_51' title="bbox 1861 2160 3441 2243">
    <p class='ocr_par' dir='ltr' id='par_1_51' title="bbox 1861 2160 3441 2243">
     <span class='ocr_line' id='line_1_51' title="bbox 1861 2160 3441 2243; baseline 0.009 -29"><span class='ocrx_word' id='word_1_354' title='bbox 1861 2160 2419 2231; x_wconf 78' lang='lat' dir='ltr'><strong>incomprehensibilis</strong></span> <span class='ocrx_word' id='word_1_355' title='bbox 2473 2167 2784 2237; x_wconf 88' lang='lat' dir='ltr'><strong>magnitudo</strong></span> <span class='ocrx_word' id='word_1_356' title='bbox 2837 2179 2984 2224; x_wconf 90' lang='lat' dir='ltr'><strong>vetat</strong></span> <span class='ocrx_word' id='word_1_357' title='bbox 3029 2171 3295 2243; x_wconf 89' lang='lat' dir='ltr'><strong>intelligi,</strong></span> <span class='ocrx_word' id='word_1_358' title='bbox 3345 2189 3441 2243; x_wconf 89' lang='lat' dir='ltr'><strong>per</strong></span> 
     </span>
    </p>
   </div>
   <div class='ocr_carea' id='block_1_52' title="bbox 1860 2252 3443 2330">
    <p class='ocr_par' dir='ltr' id='par_1_52' title="bbox 1860 2252 3443 2330">
     <span class='ocr_line' id='line_1_52' title="bbox 1860 2252 3443 2330; baseline 0.011 -26"><span class='ocrx_word' id='word_1_359' title='bbox 1860 2252 2170 2311; x_wconf 77' lang='lat' dir='ltr'><strong>notissimas</strong></span> <span class='ocrx_word' id='word_1_360' title='bbox 2223 2256 2602 2313; x_wconf 87' lang='lat' dir='ltr'><strong>similitudines</strong></span> <span class='ocrx_word' id='word_1_361' title='bbox 2655 2261 2826 2330; x_wconf 88' lang='lat' dir='ltr'><strong>possit</strong></span> <span class='ocrx_word' id='word_1_362' title='bbox 2869 2263 3102 2318; x_wconf 86' lang='lat' dir='ltr'><strong>adverti.</strong></span> <span class='ocrx_word' id='word_1_363' title='bbox 3140 2265 3200 2320; x_wconf 85' lang='lat' dir='ltr'><strong>lu</strong></span> <span class='ocrx_word' id='word_1_364' title='bbox 3260 2267 3443 2322; x_wconf 87' lang='lat' dir='ltr'><strong>verbis</strong></span> 
     </span>
    </p>
   </div>
   <div class='ocr_carea' id='block_1_53' title="bbox 1858 2335 3442 2425">
    <p class='ocr_par' dir='ltr' id='par_1_53' title="bbox 1858 2335 3442 2425">
     <span class='ocr_line' id='line_1_53' title="bbox 1858 2335 3442 2425; baseline 0.009 -29"><span class='ocrx_word' id='word_1_365' title='bbox 1858 2335 2040 2399; x_wconf 79' lang='lat' dir='ltr'><strong>autem</strong></span> <span class='ocrx_word' id='word_1_366' title='bbox 2070 2345 2315 2402; x_wconf 84' lang='lat' dir='ltr'><strong>serendis</strong></span> <span class='ocrx_word' id='word_1_367' title='bbox 2376 2347 2511 2402; x_wconf 89' lang='lat' dir='ltr'><strong>inira</strong></span> <span class='ocrx_word' id='word_1_368' title='bbox 2539 2351 2780 2418; x_wconf 90' lang='lat' dir='ltr'><strong>potentia</strong></span> <span class='ocrx_word' id='word_1_369' title='bbox 2824 2360 2926 2415; x_wconf 90' lang='lat' dir='ltr'><strong>est,</strong></span> <span class='ocrx_word' id='word_1_370' title='bbox 2957 2363 3016 2406; x_wconf 93' lang='lat' dir='ltr'><strong>ut</strong></span> <span class='ocrx_word' id='word_1_371' title='bbox 3040 2353 3218 2409; x_wconf 91' lang='lat' dir='ltr'><strong>subito</strong></span> <span class='ocrx_word' id='word_1_372' title='bbox 3251 2365 3442 2425; x_wconf 68' lang='lat' dir='ltr'><strong>operta</strong></span> 
     </span>
    </p>
   </div>
   <div class='ocr_carea' id='block_1_54' title="bbox 1859 2433 3440 2507">
    <p class='ocr_par' dir='ltr' id='par_1_54' title="bbox 1859 2433 3440 2507">
     <span class='ocr_line' id='line_1_54' title="bbox 1859 2433 3440 2507; baseline 0.008 -19"><span class='ocrx_word' id='word_1_373' title='bbox 1859 2433 2011 2489; x_wconf 89' lang='lat' dir='ltr'><strong>nobis</strong></span> <span class='ocrx_word' id='word_1_374' title='bbox 2083 2444 2246 2504; x_wconf 87' lang='lat' dir='ltr'><strong>atque</strong></span> <span class='ocrx_word' id='word_1_375' title='bbox 2317 2437 2877 2507; x_wconf 88' lang='lat' dir='ltr'><strong>incomprehensibilia</strong></span> <span class='ocrx_word' id='word_1_376' title='bbox 2964 2443 3172 2499; x_wconf 89' lang='lat' dir='ltr'><strong>duobus</strong></span> <span class='ocrx_word' id='word_1_377' title='bbox 3238 2445 3440 2501; x_wconf 86' lang='lat' dir='ltr'><strong>tribus-</strong></span> 
     </span>
    </p>
   </div>
   <div class='ocr_carea' id='block_1_55' title="bbox 1857 2528 3440 2600">
    <p class='ocr_par' dir='ltr' id='par_1_55' title="bbox 1857 2528 3440 2600">
     <span class='ocr_line' id='line_1_55' title="bbox 1857 2528 3440 2600; baseline 0.01 -22"><span class='ocrx_word' id='word_1_378' title='bbox 1857 2540 1963 2594; x_wconf 88' lang='lat' dir='ltr'><strong>que</strong></span> <span class='ocrx_word' id='word_1_379' title='bbox 2002 2528 2348 2584; x_wconf 86' lang='lat' dir='ltr'><strong>sermonibus</strong></span> <span class='ocrx_word' id='word_1_380' title='bbox 2391 2529 2746 2600; x_wconf 79' lang='lat' dir='ltr'><strong>explicentur.</strong></span> <span class='ocrx_word' id='word_1_381' title='bbox 2781 2532 2919 2599; x_wconf 84' lang='lat' dir='ltr'><strong>Quid</strong></span> <span class='ocrx_word' id='word_1_382' title='bbox 2968 2536 3184 2592; x_wconf 87' lang='lat' dir='ltr'><strong>brevius</strong></span> <span class='ocrx_word' id='word_1_383' title='bbox 3225 2537 3440 2594; x_wconf 80' lang='lat' dir='ltr'><strong>dicam?</strong></span> 
     </span>
    </p>
   </div>
   <div class='ocr_carea' id='block_1_56' title="bbox 1859 2614 3440 2692">
    <p class='ocr_par' dir='ltr' id='par_1_56' title="bbox 1859 2614 3440 2692">
     <span class='ocr_line' id='line_1_56' title="bbox 1859 2614 3440 2692; baseline 0.01 -23"><span class='ocrx_word' id='word_1_384' title='bbox 1859 2614 2172 2686; x_wconf 88' lang='lat' dir='ltr'><strong>frequenter</strong></span> <span class='ocrx_word' id='word_1_385' title='bbox 2222 2619 2406 2684; x_wconf 89' lang='lat' dir='ltr'><strong>etiam,</strong></span> <span class='ocrx_word' id='word_1_386' title='bbox 2455 2635 2562 2675; x_wconf 91' lang='lat' dir='ltr'><strong>una</strong></span> <span class='ocrx_word' id='word_1_387' title='bbox 2617 2621 2818 2692; x_wconf 84' lang='lat' dir='ltr'><strong>syllaba</strong></span> <span class='ocrx_word' id='word_1_388' title='bbox 2868 2624 3188 2682; x_wconf 74' lang='lat' dir='ltr'><strong>ineffabilem</strong></span> <span class='ocrx_word' id='word_1_389' title='bbox 3225 2628 3440 2685; x_wconf 85' lang='lat' dir='ltr'><strong>Domini</strong></span> 
     </span>
    </p>
   </div>
   <div class='ocr_carea' id='block_1_57' title="bbox 1858 2708 3434 2784">
    <p class='ocr_par' dir='ltr' id='par_1_57' title="bbox 1858 2708 3434 2784">
     <span class='ocr_line' id='line_1_57' title="bbox 1858 2708 3434 2784; baseline 0.01 -25"><span class='ocrx_word' id='word_1_390' title='bbox 1858 2715 2110 2762; x_wconf 88' lang='lat' dir='ltr'><strong>naturam</strong></span> <span class='ocrx_word' id='word_1_391' title='bbox 2140 2708 2496 2777; x_wconf 88' lang='lat' dir='ltr'><strong>demonstrat,</strong></span> <span class='ocrx_word' id='word_1_392' title='bbox 2523 2719 2584 2766; x_wconf 88' lang='lat' dir='ltr'><strong>ut</strong></span> <span class='ocrx_word' id='word_1_393' title='bbox 2607 2720 2691 2767; x_wconf 92' lang='lat' dir='ltr'><strong>est</strong></span> <span class='ocrx_word' id='word_1_394' title='bbox 2716 2712 2845 2768; x_wconf 87' lang='lat' dir='ltr'><strong>illud</strong></span> <span class='ocrx_word' id='word_1_395' title='bbox 2881 2732 2892 2768; x_wconf 94' lang='lat'>:</span> <span class='ocrx_word' id='word_1_396' title='bbox 2933 2715 3037 2783; x_wconf 83' lang='lat' dir='ltr'><strong>Qui</strong></span> <span class='ocrx_word' id='word_1_397' title='bbox 3061 2726 3158 2784; x_wconf 75' lang='lat' dir='ltr'><strong>est,</strong></span> <span class='ocrx_word' id='word_1_398' title='bbox 3179 2719 3323 2772; x_wconf 74' lang='lat' dir='ltr'><strong>misit</strong></span> <span class='ocrx_word' id='word_1_399' title='bbox 3342 2737 3434 2774; x_wconf 79' lang='lat' dir='ltr'><strong>me</strong></span> 
     </span>
    </p>
   </div>
   <div class='ocr_carea' id='block_1_58' title="bbox 1857 2797 3437 2882">
    <p class='ocr_par' dir='ltr' id='par_1_58' title="bbox 1857 2797 3437 2882">
     <span class='ocr_line' id='line_1_58' title="bbox 1857 2797 3437 2882; baseline 0.009 -29"><span class='ocrx_word' id='word_1_400' title='bbox 1857 2797 2056 2869; x_wconf 70' lang='lat' dir='ltr'><strong>(Exod.</strong></span> <span class='ocrx_word' id='word_1_401' title='bbox 2089 2816 2170 2866; x_wconf 90' lang='grc' dir='ltr'>ιιι,</span> <span class='ocrx_word' id='word_1_402' title='bbox 2207 2801 2318 2873; x_wconf 62' lang='lat' dir='ltr'><strong>ll).</strong></span> <span class='ocrx_word' id='word_1_403' title='bbox 2347 2801 2509 2871; x_wconf 89' lang='lat' dir='ltr'><strong>Cujus</strong></span> <span class='ocrx_word' id='word_1_404' title='bbox 2531 2817 2691 2859; x_wconf 90' lang='lat' dir='ltr'><strong>omne</strong></span> <span class='ocrx_word' id='word_1_405' title='bbox 2715 2807 2938 2860; x_wconf 84' lang='lat' dir='ltr'><strong>verbum</strong></span> <span class='ocrx_word' id='word_1_406' title='bbox 2957 2807 3232 2865; x_wconf 89' lang='lat' dir='ltr'><strong>subtiliter</strong></span> <span class='ocrx_word' id='word_1_407' title='bbox 3257 2811 3437 2882; x_wconf 89' lang='lat' dir='ltr'><strong>inqui-</strong></span> 
     </span>
    </p>
   </div>
   <div class='ocr_carea' id='block_1_59' title="bbox 1857 2891 3438 2968">
    <p class='ocr_par' dir='ltr' id='par_1_59' title="bbox 1857 2891 3438 2968">
     <span class='ocr_line' id='line_1_59' title="bbox 1857 2891 3438 2968; baseline 0.009 -22"><span class='ocrx_word' id='word_1_408' title='bbox 1857 2891 2020 2948; x_wconf 88' lang='lat' dir='ltr'><strong>situm</strong></span> <span class='ocrx_word' id='word_1_409' title='bbox 2053 2893 2286 2964; x_wconf 89' lang='lat' dir='ltr'><strong>copiosis</strong></span> <span class='ocrx_word' id='word_1_410' title='bbox 2314 2895 2564 2952; x_wconf 88' lang='lat' dir='ltr'><strong>sensibus</strong></span> <span class='ocrx_word' id='word_1_411' title='bbox 2591 2899 2836 2954; x_wconf 91' lang='lat' dir='ltr'><strong>scaturit.</strong></span> <span class='ocrx_word' id='word_1_412' title='bbox 2872 2899 3025 2968; x_wconf 80' lang='lat' dir='ltr'><strong>Nam,</strong></span> <span class='ocrx_word' id='word_1_413' title='bbox 3055 2903 3197 2958; x_wconf 89' lang='lat' dir='ltr'><strong>sicut</strong></span> <span class='ocrx_word' id='word_1_414' title='bbox 3249 2905 3438 2961; x_wconf 87' lang='lat' dir='ltr'><strong>fecun-</strong></span> 
     </span>
    </p>
   </div>
   <div class='ocr_carea' id='block_1_60' title="bbox 1858 2982 3439 3068">
    <p class='ocr_par' dir='ltr' id='par_1_60' title="bbox 1858 2982 3439 3068">
     <span class='ocr_line' id='line_1_60' title="bbox 1858 2982 3439 3068; baseline 0.012 -32"><span class='ocrx_word' id='word_1_415' title='bbox 1858 2982 2111 3040; x_wconf 88' lang='lat' dir='ltr'><strong>dissimus</strong></span> <span class='ocrx_word' id='word_1_416' title='bbox 2140 3000 2272 3056; x_wconf 87' lang='lat' dir='ltr'><strong>ager</strong></span> <span class='ocrx_word' id='word_1_417' title='bbox 2297 2987 2599 3044; x_wconf 80' lang='lat' dir='ltr'><strong>odoriferas</strong></span> <span class='ocrx_word' id='word_1_418' title='bbox 2627 2990 2826 3046; x_wconf 81' lang='lat' dir='ltr'><strong>herbas</strong></span> <span class='ocrx_word' id='word_1_419' title='bbox 2869 2992 3030 3050; x_wconf 87' lang='lat' dir='ltr'><strong>saluti</strong></span> <span class='ocrx_word' id='word_1_420' title='bbox 3075 3005 3272 3052; x_wconf 65' lang='lat' dir='ltr'><strong>nostrae</strong></span> <span class='ocrx_word' id='word_1_421' title='bbox 3315 3013 3439 3068; x_wconf 63' lang='lat' dir='ltr'><strong>pro«</strong></span> 
     </span>
    </p>
   </div>
   <div class='ocr_carea' id='block_1_61' title="bbox 1856 3073 3436 3158">
    <p class='ocr_par' dir='ltr' id='par_1_61' title="bbox 1856 3073 3436 3158">
     <span class='ocr_line' id='line_1_61' title="bbox 1856 3073 3436 3158; baseline 0.011 -32"><span class='ocrx_word' id='word_1_422' title='bbox 1856 3073 2001 3128; x_wconf 85' lang='lat' dir='ltr'><strong>ducit</strong></span> <span class='ocrx_word' id='word_1_423' title='bbox 2021 3078 2414 3143; x_wconf 88' lang='lat' dir='ltr'><strong>accommodas,</strong></span> <span class='ocrx_word' id='word_1_424' title='bbox 2438 3080 2516 3134; x_wconf 90' lang='lat' dir='ltr'><strong>sic</strong></span> <span class='ocrx_word' id='word_1_425' title='bbox 2542 3078 2703 3137; x_wconf 88' lang='lat' dir='ltr'><strong>lectio</strong></span> <span class='ocrx_word' id='word_1_426' title='bbox 2729 3081 2930 3150; x_wconf 89' lang='lat' dir='ltr'><strong>divina,</strong></span> <span class='ocrx_word' id='word_1_427' title='bbox 2956 3099 3076 3140; x_wconf 93' lang='lat' dir='ltr'><strong>eum</strong></span> <span class='ocrx_word' id='word_1_428' title='bbox 3105 3103 3201 3158; x_wconf 91' lang='lat' dir='ltr'><strong>per</strong></span> <span class='ocrx_word' id='word_1_429' title='bbox 3225 3089 3436 3158; x_wconf 84' lang='lat' dir='ltr'><strong>singula</strong></span> 
     </span>
    </p>
   </div>
   <div class='ocr_carea' id='block_1_62' title="bbox 177 3157 3442 3240">
    <p class='ocr_par' dir='ltr' id='par_1_62' title="bbox 177 3157 3442 3240">
     <span class='ocr_line' id='line_1_62' title="bbox 177 3157 3442 3240; baseline 0.003 -20"><span class='ocrx_word' id='word_1_430' title='bbox 177 3166 619 3222; x_wconf 87' lang='lat' dir='ltr'><strong>commodissime</strong></span> <span class='ocrx_word' id='word_1_431' title='bbox 665 3166 999 3222; x_wconf 89' lang='lat' dir='ltr'><strong>deducentur</strong></span> <span class='ocrx_word' id='word_1_432' title='bbox 1049 3165 1118 3220; x_wconf 90' lang='lat' dir='ltr'><strong>ad</strong></span> <span class='ocrx_word' id='word_1_433' title='bbox 1162 3166 1417 3228; x_wconf 89' lang='lat' dir='ltr'><strong>medium,</strong></span> <span class='ocrx_word' id='word_1_434' title='bbox 1468 3180 1565 3234; x_wconf 84' lang='lat' dir='ltr'><strong>per</strong></span> <span class='ocrx_word' id='word_1_435' title='bbox 1616 3178 1753 3235; x_wconf 90' lang='lat' dir='ltr'><strong>quas</strong></span> <span class='ocrx_word' id='word_1_436' title='bbox 1781 3157 1824 3220; x_wconf 91' lang='lat' dir='ltr'><strong>C</strong></span> <span class='ocrx_word' id='word_1_437' title='bbox 1857 3162 2018 3218; x_wconf 89' lang='lat' dir='ltr'><strong>verba</strong></span> <span class='ocrx_word' id='word_1_438' title='bbox 2050 3165 2366 3235; x_wconf 88' lang='lat' dir='ltr'><strong>requiritur,</strong></span> <span class='ocrx_word' id='word_1_439' title='bbox 2393 3183 2608 3240; x_wconf 86' lang='lat' dir='ltr'><strong>semper</strong></span> <span class='ocrx_word' id='word_1_440' title='bbox 2629 3172 2736 3230; x_wconf 91' lang='lat' dir='ltr'><strong>illic</strong></span> <span class='ocrx_word' id='word_1_441' title='bbox 2761 3190 2888 3231; x_wconf 90' lang='lat' dir='ltr'><strong>cura</strong></span> <span class='ocrx_word' id='word_1_442' title='bbox 2914 3157 3332 3238; x_wconf 69' lang='lat' dir='ltr'><strong>mentissaucize</strong></span> <span class='ocrx_word' id='word_1_443' title='bbox 3358 3198 3442 3239; x_wconf 88' lang='lat' dir='ltr'><strong>re.</strong></span> 
     </span>
    </p>
   </div>
   <div class='ocr_carea' id='block_1_63' title="bbox 177 3256 1756 3328">
    <p class='ocr_par' dir='ltr' id='par_1_63' title="bbox 177 3256 1756 3328">
     <span class='ocr_line' id='line_1_63' title="bbox 177 3256 1756 3328; baseline 0.001 -17"><span class='ocrx_word' id='word_1_444' title='bbox 177 3258 424 3328; x_wconf 90' lang='lat' dir='ltr'><strong>concepti</strong></span> <span class='ocrx_word' id='word_1_445' title='bbox 473 3273 666 3314; x_wconf 88' lang='lat' dir='ltr'><strong>sensus</strong></span> <span class='ocrx_word' id='word_1_446' title='bbox 711 3257 911 3314; x_wconf 85' lang='lat' dir='ltr'><strong>clarius</strong></span> <span class='ocrx_word' id='word_1_447' title='bbox 957 3257 1264 3314; x_wconf 88' lang='lat' dir='ltr'><strong>elucebunt.</strong></span> <span class='ocrx_word' id='word_1_448' title='bbox 1297 3256 1434 3314; x_wconf 87' lang='lat' dir='ltr'><strong>Nam</strong></span> <span class='ocrx_word' id='word_1_449' title='bbox 1484 3265 1539 3312; x_wconf 90' lang='lat' dir='ltr'><strong>et</strong></span> <span class='ocrx_word' id='word_1_450' title='bbox 1591 3257 1756 3313; x_wconf 89' lang='lat' dir='ltr'><strong>Pater</strong></span> 
     </span>
    </p>
   </div>
   <div class='ocr_carea' id='block_1_64' title="bbox 176 3346 1751 3418">
    <p class='ocr_par' dir='ltr' id='par_1_64' title="bbox 176 3346 1751 3418">
     <span class='ocr_line' id='line_1_64' title="bbox 176 3346 1751 3418; baseline 0.001 -17"><span class='ocrx_word' id='word_1_451' title='bbox 176 3347 533 3418; x_wconf 84' lang='lat' dir='ltr'><strong>Augustinus,</strong></span> <span class='ocrx_word' id='word_1_452' title='bbox 581 3348 640 3402; x_wconf 90' lang='lat' dir='ltr'><strong>in</strong></span> <span class='ocrx_word' id='word_1_453' title='bbox 663 3346 800 3402; x_wconf 89' lang='lat' dir='ltr'><strong>libro</strong></span> <span class='ocrx_word' id='word_1_454' title='bbox 827 3363 920 3414; x_wconf 87' lang='grc' dir='ltr'>ιιι,</span> <span class='ocrx_word' id='word_1_455' title='bbox 946 3347 1014 3402; x_wconf 90' lang='lat' dir='ltr'><strong>de</strong></span> <span class='ocrx_word' id='word_1_456' title='bbox 1039 3346 1294 3403; x_wconf 89' lang='lat' dir='ltr'><strong>Doctrina</strong></span> <span class='ocrx_word' id='word_1_457' title='bbox 1318 3347 1648 3412; x_wconf 84' lang='lat' dir='ltr'><strong>Christiana,</strong></span> <span class='ocrx_word' id='word_1_458' title='bbox 1678 3347 1751 3402; x_wconf 90' lang='lat' dir='ltr'><strong>ita</strong></span> 
     </span>
    </p>
   </div>
   <div class='ocr_carea' id='block_1_65' title="bbox 175 3437 1752 3506">
    <p class='ocr_par' dir='ltr' id='par_1_65' title="bbox 175 3437 1752 3506">
     <span class='ocr_line' id='line_1_65' title="bbox 175 3437 1752 3506; baseline 0.001 -14"><span class='ocrx_word' id='word_1_459' title='bbox 175 3438 454 3506; x_wconf 89' lang='lat' dir='ltr'><strong>professus</strong></span> <span class='ocrx_word' id='word_1_460' title='bbox 482 3447 567 3494; x_wconf 91' lang='lat' dir='ltr'><strong>cst</strong></span> <span class='ocrx_word' id='word_1_461' title='bbox 591 3453 606 3494; x_wconf 86' lang='lat'><strong>:</strong></span> <span class='ocrx_word' id='word_1_462' title='bbox 638 3458 655 3490; x_wconf 77' lang='grc' dir='ltr'><strong>ι</strong></span> <span class='ocrx_word' id='word_1_463' title='bbox 677 3438 862 3494; x_wconf 90' lang='lat' dir='ltr'><strong>Sciant</strong></span> <span class='ocrx_word' id='word_1_464' title='bbox 883 3447 1062 3494; x_wconf 87' lang='lat' dir='ltr'><strong>autem</strong></span> <span class='ocrx_word' id='word_1_465' title='bbox 1085 3438 1305 3495; x_wconf 90' lang='lat' dir='ltr'><strong>litterati</strong></span> <span class='ocrx_word' id='word_1_466' title='bbox 1329 3437 1500 3494; x_wconf 89' lang='lat' dir='ltr'><strong>modis</strong></span> <span class='ocrx_word' id='word_1_467' title='bbox 1513 3438 1752 3494; x_wconf 73' lang='lat' dir='ltr'><strong>omnium</strong></span> 
     </span>
    </p>
   </div>
   <div class='ocr_carea' id='block_1_66' title="bbox 178 3528 1756 3601">
    <p class='ocr_par' dir='ltr' id='par_1_66' title="bbox 178 3528 1756 3601">
     <span class='ocr_line' id='line_1_66' title="bbox 178 3528 1756 3601; baseline 0.004 -21"><span class='ocrx_word' id='word_1_468' title='bbox 178 3528 528 3596; x_wconf 87' lang='lat' dir='ltr'><strong>locutionum,</strong></span> <span class='ocrx_word' id='word_1_469' title='bbox 572 3546 707 3601; x_wconf 89' lang='lat' dir='ltr'><strong>quos</strong></span> <span class='ocrx_word' id='word_1_470' title='bbox 731 3530 1067 3601; x_wconf 79' lang='lat' dir='ltr'><strong>grammatici</strong></span> <span class='ocrx_word' id='word_1_471' title='bbox 1098 3530 1288 3587; x_wconf 64' lang='grc' dir='ltr'><strong>(ἔνθεεο</strong></span> <span class='ocrx_word' id='word_1_472' title='bbox 1315 3531 1531 3585; x_wconf 89' lang='lat' dir='ltr'><strong>nomine</strong></span> <span class='ocrx_word' id='word_1_473' title='bbox 1573 3539 1756 3600; x_wconf 86' lang='lat' dir='ltr'><strong>tropos</strong></span> 
     </span>
    </p>
   </div>
   <div class='ocr_carea' id='block_1_67' title="bbox 176 3611 1756 3700">
    <p class='ocr_par' dir='ltr' id='par_1_67' title="bbox 176 3611 1756 3700">
     <span class='ocr_line' id='line_1_67' title="bbox 176 3611 1756 3700; baseline 0.002 -28"><span class='ocrx_word' id='word_1_474' title='bbox 176 3630 396 3688; x_wconf 86' lang='lat' dir='ltr'><strong>vocant,</strong></span> <span class='ocrx_word' id='word_1_475' title='bbox 420 3611 668 3676; x_wconf 80' lang='lat' dir='ltr'><strong>auctores</strong></span> <span class='ocrx_word' id='word_1_476' title='bbox 694 3630 906 3676; x_wconf 89' lang='lat' dir='ltr'><strong>nostros</strong></span> <span class='ocrx_word' id='word_1_477' title='bbox 937 3635 1064 3700; x_wconf 75' lang='lat' dir='ltr'><strong>usos</strong></span> <span class='ocrx_word' id='word_1_478' title='bbox 1091 3619 1278 3676; x_wconf 88' lang='lat' dir='ltr'><strong>fuisse.</strong></span> <span class='ocrx_word' id='word_1_479' title='bbox 1302 3639 1320 3672; x_wconf 75' lang='grc' dir='ltr'><strong>ι</strong></span> <span class='ocrx_word' id='word_1_480' title='bbox 1351 3620 1418 3674; x_wconf 84' lang='grc' dir='ltr'>Ει</span> <span class='ocrx_word' id='word_1_481' title='bbox 1447 3618 1603 3690; x_wconf 91' lang='lat' dir='ltr'><strong>paulo</strong></span> <span class='ocrx_word' id='word_1_482' title='bbox 1635 3627 1756 3690; x_wconf 89' lang='lat' dir='ltr'><strong>post</strong></span> 
     </span>
    </p>
   </div>
   <div class='ocr_carea' id='block_1_68' title="bbox 175 3710 1753 3783">
    <p class='ocr_par' dir='ltr' id='par_1_68' title="bbox 175 3710 1753 3783">
     <span class='ocr_line' id='line_1_68' title="bbox 175 3710 1753 3783; baseline -0.001 -16"><span class='ocrx_word' id='word_1_483' title='bbox 175 3713 445 3783; x_wconf 88' lang='lat' dir='ltr'><strong>sequitur,</strong></span> <span class='ocrx_word' id='word_1_484' title='bbox 475 3730 495 3765; x_wconf 76' lang='grc' dir='ltr'><strong>ι</strong></span> <span class='ocrx_word' id='word_1_485' title='bbox 524 3728 660 3782; x_wconf 87' lang='lat' dir='ltr'><strong>quos</strong></span> <span class='ocrx_word' id='word_1_486' title='bbox 689 3721 866 3767; x_wconf 89' lang='lat' dir='ltr'><strong>tamen</strong></span> <span class='ocrx_word' id='word_1_487' title='bbox 896 3720 1098 3782; x_wconf 90' lang='lat' dir='ltr'><strong>tropos,</strong></span> <span class='ocrx_word' id='word_1_488' title='bbox 1120 3711 1173 3765; x_wconf 91' lang='lat' dir='ltr'><strong>id</strong></span> <span class='ocrx_word' id='word_1_489' title='bbox 1195 3720 1298 3776; x_wconf 90' lang='lat' dir='ltr'><strong>est,</strong></span> <span class='ocrx_word' id='word_1_490' title='bbox 1322 3711 1510 3766; x_wconf 90' lang='lat' dir='ltr'><strong>modos</strong></span> <span class='ocrx_word' id='word_1_491' title='bbox 1529 3710 1753 3766; x_wconf 59' lang='lat' dir='ltr'><strong>locutioo</strong></span> 
     </span>
    </p>
   </div>
   <div class='ocr_carea' id='block_1_69' title="bbox 179 3800 1755 3873">
    <p class='ocr_par' dir='ltr' id='par_1_69' title="bbox 179 3800 1755 3873">
     <span class='ocr_line' id='line_1_69' title="bbox 179 3800 1755 3873; baseline 0.001 -18"><span class='ocrx_word' id='word_1_492' title='bbox 179 3817 308 3856; x_wconf 92' lang='lat' dir='ltr'><strong>num</strong></span> <span class='ocrx_word' id='word_1_493' title='bbox 337 3802 429 3873; x_wconf 87' lang='lat' dir='ltr'><strong>qui</strong></span> <span class='ocrx_word' id='word_1_494' title='bbox 451 3809 718 3858; x_wconf 90' lang='lat' dir='ltr'><strong>noverunt</strong></span> <span class='ocrx_word' id='word_1_495' title='bbox 740 3842 755 3866; x_wconf 93' lang='lat'><strong>,</strong></span> <span class='ocrx_word' id='word_1_496' title='bbox 783 3807 1080 3871; x_wconf 87' lang='lat' dir='ltr'><strong>agnoscunt</strong></span> <span class='ocrx_word' id='word_1_497' title='bbox 1110 3801 1162 3855; x_wconf 93' lang='lat' dir='ltr'><strong>in</strong></span> <span class='ocrx_word' id='word_1_498' title='bbox 1194 3800 1393 3856; x_wconf 89' lang='lat' dir='ltr'><strong>litteris</strong></span> <span class='ocrx_word' id='word_1_499' title='bbox 1422 3801 1645 3867; x_wconf 89' lang='lat' dir='ltr'><strong>sanctis,</strong></span> <span class='ocrx_word' id='word_1_500' title='bbox 1668 3816 1755 3857; x_wconf 87' lang='lat' dir='ltr'><strong>co-</strong></span> 
     </span>
    </p>
   </div>
   <div class='ocr_carea' id='block_1_70' title="bbox 176 3891 1754 3963">
    <p class='ocr_par' dir='ltr' id='par_1_70' title="bbox 176 3891 1754 3963">
     <span class='ocr_line' id='line_1_70' title="bbox 176 3891 1754 3963; baseline 0.002 -17"><span class='ocrx_word' id='word_1_501' title='bbox 176 3906 412 3963; x_wconf 90' lang='lat' dir='ltr'><strong>rumque</strong></span> <span class='ocrx_word' id='word_1_502' title='bbox 436 3893 684 3959; x_wconf 86' lang='lat' dir='ltr'><strong>scicntia,</strong></span> <span class='ocrx_word' id='word_1_503' title='bbox 714 3893 781 3947; x_wconf 92' lang='lat' dir='ltr'><strong>ad</strong></span> <span class='ocrx_word' id='word_1_504' title='bbox 811 3907 904 3948; x_wconf 87' lang='lat' dir='ltr'><strong>eas</strong></span> <span class='ocrx_word' id='word_1_505' title='bbox 948 3891 1322 3962; x_wconf 81' lang='lat' dir='ltr'><strong>intelligendas</strong></span> <span class='ocrx_word' id='word_1_506' title='bbox 1364 3893 1754 3963; x_wconf 89' lang='lat' dir='ltr'><strong>aliquantulum</strong></span> 
     </span>
    </p>
   </div>
   <div class='ocr_carea' id='block_1_71' title="bbox 175 3985 1754 4057">
    <p class='ocr_par' dir='ltr' id='par_1_71' title="bbox 175 3985 1754 4057">
     <span class='ocr_line' id='line_1_71' title="bbox 175 3985 1754 4057; baseline 0 -17"><span class='ocrx_word' id='word_1_507' title='bbox 175 3986 521 4057; x_wconf 85' lang='lat' dir='ltr'><strong>adjuvantur.</strong></span> <span class='ocrx_word' id='word_1_508' title='bbox 554 4005 573 4040; x_wconf 85' lang='grc'><strong>›</strong></span> <span class='ocrx_word' id='word_1_509' title='bbox 601 3986 765 4056; x_wconf 88' lang='lat' dir='ltr'><strong>Cujus</strong></span> <span class='ocrx_word' id='word_1_510' title='bbox 791 3987 870 4041; x_wconf 87' lang='lat' dir='ltr'><strong>rei</strong></span> <span class='ocrx_word' id='word_1_511' title='bbox 896 3995 951 4042; x_wconf 92' lang='lat' dir='ltr'><strong>et</strong></span> <span class='ocrx_word' id='word_1_512' title='bbox 977 3986 1029 4042; x_wconf 90' lang='lat' dir='ltr'><strong>in</strong></span> <span class='ocrx_word' id='word_1_513' title='bbox 1053 3985 1174 4042; x_wconf 85' lang='lat' dir='ltr'><strong>aliis</strong></span> <span class='ocrx_word' id='word_1_514' title='bbox 1196 3985 1471 4042; x_wconf 88' lang='lat' dir='ltr'><strong>codicibus</strong></span> <span class='ocrx_word' id='word_1_515' title='bbox 1487 3987 1601 4042; x_wconf 91' lang='lat' dir='ltr'><strong>suis</strong></span> <span class='ocrx_word' id='word_1_516' title='bbox 1628 3986 1754 4041; x_wconf 83' lang='lat' dir='ltr'><strong>fecit</strong></span> 
     </span>
    </p>
   </div>
   <div class='ocr_carea' id='block_1_72' title="bbox 173 4074 1754 4151">
    <p class='ocr_par' dir='ltr' id='par_1_72' title="bbox 173 4074 1754 4151">
     <span class='ocr_line' id='line_1_72' title="bbox 173 4074 1754 4151; baseline 0.002 -22"><span class='ocrx_word' id='word_1_517' title='bbox 173 4075 637 4131; x_wconf 86' lang='lat' dir='ltr'><strong>evidentissimam</strong></span> <span class='ocrx_word' id='word_1_518' title='bbox 669 4075 1015 4151; x_wconf 85' lang='lat' dir='ltr'><strong>mentionem.</strong></span> <span class='ocrx_word' id='word_1_519' title='bbox 1062 4074 1120 4130; x_wconf 89' lang='lat' dir='ltr'><strong>1n</strong></span> <span class='ocrx_word' id='word_1_520' title='bbox 1168 4075 1320 4131; x_wconf 90' lang='lat' dir='ltr'><strong>libris</strong></span> <span class='ocrx_word' id='word_1_521' title='bbox 1359 4075 1587 4146; x_wconf 89' lang='lat' dir='ltr'><strong>quippe,</strong></span> <span class='ocrx_word' id='word_1_522' title='bbox 1619 4091 1754 4144; x_wconf 90' lang='lat' dir='ltr'><strong>quos</strong></span> 
     </span>
    </p>
   </div>
   <div class='ocr_carea' id='block_1_73' title="bbox 175 4164 1751 4235">
    <p class='ocr_par' dir='ltr' id='par_1_73' title="bbox 175 4164 1751 4235">
     <span class='ocr_line' id='line_1_73' title="bbox 175 4164 1751 4235; baseline 0.001 -17"><span class='ocrx_word' id='word_1_523' title='bbox 175 4165 470 4235; x_wconf 86' lang='lat' dir='ltr'><strong>appellavit</strong></span> <span class='ocrx_word' id='word_1_524' title='bbox 509 4167 576 4220; x_wconf 90' lang='lat' dir='ltr'><strong>de</strong></span> <span class='ocrx_word' id='word_1_525' title='bbox 612 4165 788 4222; x_wconf 87' lang='lat' dir='ltr'><strong>modis</strong></span> <span class='ocrx_word' id='word_1_526' title='bbox 813 4164 1171 4224; x_wconf 87' lang='lat' dir='ltr'><strong>Locutionum</strong></span> <span class='ocrx_word' id='word_1_527' title='bbox 1197 4206 1214 4231; x_wconf 93' lang='lat'><strong>,</strong></span> <span class='ocrx_word' id='word_1_528' title='bbox 1241 4165 1455 4220; x_wconf 84' lang='lat' dir='ltr'><strong>diversa</strong></span> <span class='ocrx_word' id='word_1_529' title='bbox 1479 4167 1751 4221; x_wconf 89' lang='lat' dir='ltr'><strong>schemata</strong></span> 
     </span>
    </p>
   </div>
   <div class='ocr_carea' id='block_1_74' title="bbox 175 4253 1755 4325">
    <p class='ocr_par' dir='ltr' id='par_1_74' title="bbox 175 4253 1755 4325">
     <span class='ocr_line' id='line_1_74' title="bbox 175 4253 1755 4325; baseline -0.005 -9"><span class='ocrx_word' id='word_1_530' title='bbox 175 4256 515 4316; x_wconf 78' lang='lat' dir='ltr'><strong>saecularium</strong></span> <span class='ocrx_word' id='word_1_531' title='bbox 559 4256 855 4310; x_wconf 90' lang='lat' dir='ltr'><strong>litterarum</strong></span> <span class='ocrx_word' id='word_1_532' title='bbox 901 4255 1128 4310; x_wconf 91' lang='lat' dir='ltr'><strong>inveniri</strong></span> <span class='ocrx_word' id='word_1_533' title='bbox 1175 4256 1423 4325; x_wconf 88' lang='lat' dir='ltr'><strong>probavit</strong></span> <span class='ocrx_word' id='word_1_534' title='bbox 1463 4255 1516 4308; x_wconf 91' lang='lat' dir='ltr'><strong>in</strong></span> <span class='ocrx_word' id='word_1_535' title='bbox 1559 4253 1755 4308; x_wconf 87' lang='lat' dir='ltr'><strong>litteris</strong></span> 
     </span>
    </p>
   </div>
   <div class='ocr_carea' id='block_1_75' title="bbox 174 4345 1754 4419">
    <p class='ocr_par' dir='ltr' id='par_1_75' title="bbox 174 4345 1754 4419">
     <span class='ocr_line' id='line_1_75' title="bbox 174 4345 1754 4419; baseline -0.006 -10"><span class='ocrx_word' id='word_1_536' title='bbox 174 4353 368 4409; x_wconf 88' lang='lat' dir='ltr'><strong>sacris.</strong></span> <span class='ocrx_word' id='word_1_537' title='bbox 392 4351 539 4406; x_wconf 82' lang='lat' dir='ltr'><strong>Alios</strong></span> <span class='ocrx_word' id='word_1_538' title='bbox 558 4359 740 4405; x_wconf 86' lang='lat' dir='ltr'><strong>autem</strong></span> <span class='ocrx_word' id='word_1_539' title='bbox 761 4348 1006 4419; x_wconf 90' lang='lat' dir='ltr'><strong>proprios</strong></span> <span class='ocrx_word' id='word_1_540' title='bbox 1025 4347 1212 4402; x_wconf 92' lang='lat' dir='ltr'><strong>modos</strong></span> <span class='ocrx_word' id='word_1_541' title='bbox 1233 4347 1285 4400; x_wconf 92' lang='lat' dir='ltr'><strong>in</strong></span> <span class='ocrx_word' id='word_1_542' title='bbox 1308 4346 1503 4401; x_wconf 82' lang='lat' dir='ltr'><strong>divinis</strong></span> <span class='ocrx_word' id='word_1_543' title='bbox 1525 4345 1754 4413; x_wconf 90' lang='lat' dir='ltr'><strong>eloquiis</strong></span> 
     </span>
    </p>
   </div>
   <div class='ocr_carea' id='block_1_76' title="bbox 175 4434 1752 4506">
    <p class='ocr_par' dir='ltr' id='par_1_76' title="bbox 175 4434 1752 4506">
     <span class='ocr_line' id='line_1_76' title="bbox 175 4434 1752 4506; baseline -0.004 -10"><span class='ocrx_word' id='word_1_544' title='bbox 175 4457 301 4497; x_wconf 88' lang='lat' dir='ltr'><strong>esse</strong></span> <span class='ocrx_word' id='word_1_545' title='bbox 333 4440 664 4504; x_wconf 88' lang='lat' dir='ltr'><strong>declaravit,</strong></span> <span class='ocrx_word' id='word_1_546' title='bbox 722 4452 857 4506; x_wconf 90' lang='lat' dir='ltr'><strong>quos</strong></span> <span class='ocrx_word' id='word_1_547' title='bbox 907 4434 1292 4506; x_wconf 88' lang='lat' dir='ltr'><strong>grammatici,</strong></span> <span class='ocrx_word' id='word_1_548' title='bbox 1342 4435 1456 4488; x_wconf 88' lang='lat' dir='ltr'><strong>sive</strong></span> <span class='ocrx_word' id='word_1_549' title='bbox 1509 4435 1752 4490; x_wconf 89' lang='lat' dir='ltr'><strong>rhetores</strong></span> 
     </span>
    </p>
   </div>
   <div class='ocr_carea' id='block_1_77' title="bbox 1856 3254 3435 3331">
    <p class='ocr_par' dir='ltr' id='par_1_77' title="bbox 1856 3254 3435 3331">
     <span class='ocr_line' id='line_1_77' title="bbox 1856 3254 3435 3331; baseline 0.013 -22"><span class='ocrx_word' id='word_1_550' title='bbox 1856 3254 2082 3324; x_wconf 91' lang='lat' dir='ltr'><strong>peritur.</strong></span> <span class='ocrx_word' id='word_1_551' title='bbox 2115 3257 2190 3311; x_wconf 90' lang='lat' dir='ltr'><strong>De</strong></span> <span class='ocrx_word' id='word_1_552' title='bbox 2218 3255 2371 3326; x_wconf 90' lang='lat' dir='ltr'><strong>cujus</strong></span> <span class='ocrx_word' id='word_1_553' title='bbox 2393 3259 2716 3331; x_wconf 66' lang='lat' dir='ltr'><strong>eloquentiae</strong></span> <span class='ocrx_word' id='word_1_554' title='bbox 2739 3266 2913 3323; x_wconf 90' lang='lat' dir='ltr'><strong>modis</strong></span> <span class='ocrx_word' id='word_1_555' title='bbox 2942 3269 3094 3326; x_wconf 88' lang='lat' dir='ltr'><strong>multi</strong></span> <span class='ocrx_word' id='word_1_556' title='bbox 3135 3271 3324 3328; x_wconf 89' lang='lat' dir='ltr'><strong>Patres</strong></span> <span class='ocrx_word' id='word_1_557' title='bbox 3353 3273 3435 3328; x_wconf 87' lang='lat' dir='ltr'><strong>la-</strong></span> 
     </span>
    </p>
   </div>
   <div class='ocr_carea' id='block_1_78' title="bbox 1863 3346 3440 3433">
    <p class='ocr_par' dir='ltr' id='par_1_78' title="bbox 1863 3346 3440 3433">
     <span class='ocr_line' id='line_1_78' title="bbox 1863 3346 3440 3433; baseline 0.015 -34"><span class='ocrx_word' id='word_1_558' title='bbox 1863 3346 1971 3402; x_wconf 89' lang='lat' dir='ltr'><strong>tius</strong></span> <span class='ocrx_word' id='word_1_559' title='bbox 2003 3347 2375 3420; x_wconf 79' lang='lat' dir='ltr'><strong>prolixiusque</strong></span> <span class='ocrx_word' id='word_1_560' title='bbox 2395 3351 2678 3433; x_wconf 78' lang='lat' dir='ltr'><strong>dixerunt;</strong></span> <span class='ocrx_word' id='word_1_561' title='bbox 2704 3373 2932 3428; x_wconf 88' lang='lat' dir='ltr'><strong>quorum</strong></span> <span class='ocrx_word' id='word_1_562' title='bbox 2966 3364 3181 3418; x_wconf 91' lang='lat' dir='ltr'><strong>nomina</strong></span> <span class='ocrx_word' id='word_1_563' title='bbox 3205 3365 3255 3420; x_wconf 90' lang='lat' dir='ltr'><strong>in</strong></span> <span class='ocrx_word' id='word_1_564' title='bbox 3284 3365 3440 3423; x_wconf 88' lang='lat' dir='ltr'><strong>libris</strong></span> 
     </span>
    </p>
   </div>
   <div class='ocr_carea' id='block_1_79' title="bbox 1856 3435 3436 3520">
    <p class='ocr_par' dir='ltr' id='par_1_79' title="bbox 1856 3435 3436 3520">
     <span class='ocr_line' id='line_1_79' title="bbox 1856 3435 3436 3520; baseline 0.015 -32"><span class='ocrx_word' id='word_1_565' title='bbox 1856 3435 2264 3495; x_wconf 89' lang='lat' dir='ltr'><strong>introductoriis</strong></span> <span class='ocrx_word' id='word_1_566' title='bbox 2275 3446 2743 3501; x_wconf 87' lang='lat' dir='ltr'><strong>commemoranda</strong></span> <span class='ocrx_word' id='word_1_567' title='bbox 2763 3451 3155 3520; x_wconf 79' lang='lat' dir='ltr'><strong>perspeximus.</strong></span> <span class='ocrx_word' id='word_1_568' title='bbox 3183 3453 3288 3509; x_wconf 90' lang='lat' dir='ltr'><strong>Sed</strong></span> <span class='ocrx_word' id='word_1_569' title='bbox 3313 3454 3436 3511; x_wconf 89' lang='lat' dir='ltr'><strong>fons</strong></span> 
     </span>
    </p>
   </div>
   <div class='ocr_carea' id='block_1_80' title="bbox 1857 3525 3437 3612">
    <p class='ocr_par' dir='ltr' id='par_1_80' title="bbox 1857 3525 3437 3612">
     <span class='ocr_line' id='line_1_80' title="bbox 1857 3525 3437 3612; baseline 0.015 -32"><span class='ocrx_word' id='word_1_570' title='bbox 1857 3525 1946 3584; x_wconf 87' lang='lat' dir='ltr'><strong>ille</strong></span> <span class='ocrx_word' id='word_1_571' title='bbox 1975 3527 2234 3597; x_wconf 82' lang='lat' dir='ltr'><strong>caelestis,</strong></span> <span class='ocrx_word' id='word_1_572' title='bbox 2268 3541 2530 3602; x_wconf 89' lang='lat' dir='ltr'><strong>quantum</strong></span> <span class='ocrx_word' id='word_1_573' title='bbox 2557 3537 2773 3595; x_wconf 78' lang='lat' dir='ltr'><strong>assidue</strong></span> <span class='ocrx_word' id='word_1_574' title='bbox 2806 3551 3018 3599; x_wconf 91' lang='lat' dir='ltr'><strong>constat</strong></span> <span class='ocrx_word' id='word_1_575' title='bbox 3038 3545 3268 3612; x_wconf 89' lang='lat' dir='ltr'><strong>hauriri,</strong></span> <span class='ocrx_word' id='word_1_576' title='bbox 3322 3557 3437 3604; x_wconf 80' lang='lat' dir='ltr'><strong>lan-</strong></span> 
     </span>
    </p>
   </div>
   <div class='ocr_carea' id='block_1_81' title="bbox 1857 3621 3434 3706">
    <p class='ocr_par' dir='ltr' id='par_1_81' title="bbox 1857 3621 3434 3706">
     <span class='ocr_line' id='line_1_81' title="bbox 1857 3621 3434 3706; baseline 0.015 -34"><span class='ocrx_word' id='word_1_577' title='bbox 1857 3626 1968 3674; x_wconf 91' lang='lat' dir='ltr'><strong>tum</strong></span> <span class='ocrx_word' id='word_1_578' title='bbox 2001 3621 2176 3676; x_wconf 84' lang='lat' dir='ltr'><strong>nescit</strong></span> <span class='ocrx_word' id='word_1_579' title='bbox 2202 3625 2452 3694; x_wconf 77' lang='lat' dir='ltr'><strong>expendi.</strong></span> <span class='ocrx_word' id='word_1_580' title='bbox 2476 3626 2556 3682; x_wconf 87' lang='lat' dir='ltr'><strong>Ac</strong></span> <span class='ocrx_word' id='word_1_581' title='bbox 2582 3642 2653 3683; x_wconf 89' lang='lat' dir='ltr'><strong>ne</strong></span> <span class='ocrx_word' id='word_1_582' title='bbox 2677 3629 2879 3687; x_wconf 83' lang='lat' dir='ltr'><strong>diutius</strong></span> <span class='ocrx_word' id='word_1_583' title='bbox 2901 3633 2953 3687; x_wconf 91' lang='lat' dir='ltr'><strong>in</strong></span> <span class='ocrx_word' id='word_1_584' title='bbox 2977 3636 3316 3706; x_wconf 89' lang='lat' dir='ltr'><strong>generalibus</strong></span> <span class='ocrx_word' id='word_1_585' title='bbox 3344 3654 3434 3695; x_wconf 82' lang='lat' dir='ltr'><strong>re-</strong></span> 
     </span>
    </p>
   </div>
   <div class='ocr_carea' id='block_1_82' title="bbox 1857 3716 3438 3795">
    <p class='ocr_par' dir='ltr' id='par_1_82' title="bbox 1857 3716 3438 3795">
     <span class='ocr_line' id='line_1_82' title="bbox 1857 3716 3438 3795; baseline 0.013 -31"><span class='ocrx_word' id='word_1_586' title='bbox 1857 3724 2157 3779; x_wconf 91' lang='lat' dir='ltr'><strong>moremur,</strong></span> <span class='ocrx_word' id='word_1_587' title='bbox 2203 3716 2458 3784; x_wconf 89' lang='lat' dir='ltr'><strong>specialia</strong></span> <span class='ocrx_word' id='word_1_588' title='bbox 2488 3717 2758 3787; x_wconf 85' lang='lat' dir='ltr'><strong>Psalterii,</strong></span> <span class='ocrx_word' id='word_1_589' title='bbox 2795 3721 3022 3780; x_wconf 88' lang='lat' dir='ltr'><strong>Domino</strong></span> <span class='ocrx_word' id='word_1_590' title='bbox 3056 3724 3299 3795; x_wconf 88' lang='lat' dir='ltr'><strong>juvante,</strong></span> <span class='ocrx_word' id='word_1_591' title='bbox 3330 3731 3438 3784; x_wconf 86' lang='lat' dir='ltr'><strong>tin-</strong></span> 
     </span>
    </p>
   </div>
   <div class='ocr_carea' id='block_1_83' title="bbox 1853 3803 3436 3892">
    <p class='ocr_par' dir='ltr' id='par_1_83' title="bbox 1853 3803 3436 3892">
     <span class='ocr_line' id='line_1_83' title="bbox 1853 3803 3436 3892; baseline 0.015 -38"><span class='ocrx_word' id='word_1_592' title='bbox 1853 3815 2060 3870; x_wconf 87' lang='lat' dir='ltr'><strong>gamus.</strong></span> <span class='ocrx_word' id='word_1_593' title='bbox 2083 3803 2349 3873; x_wconf 88' lang='lat' dir='ltr'><strong>Quoniam</strong></span> <span class='ocrx_word' id='word_1_594' title='bbox 2377 3809 2495 3880; x_wconf 87' lang='lat' dir='ltr'><strong>ipsa</strong></span> <span class='ocrx_word' id='word_1_595' title='bbox 2523 3825 2610 3866; x_wconf 90' lang='lat' dir='ltr'><strong>res</strong></span> <span class='ocrx_word' id='word_1_596' title='bbox 2631 3813 2912 3870; x_wconf 86' lang='lat' dir='ltr'><strong>evidenter</strong></span> <span class='ocrx_word' id='word_1_597' title='bbox 2935 3819 3245 3888; x_wconf 86' lang='lat' dir='ltr'><strong>agnoscitur</strong></span> <span class='ocrx_word' id='word_1_598' title='bbox 3262 3861 3278 3887; x_wconf 88' lang='lat'><strong>,</strong></span> <span class='ocrx_word' id='word_1_599' title='bbox 3315 3837 3436 3892; x_wconf 80' lang='lat' dir='ltr'><strong>quae</strong></span> 
     </span>
    </p>
   </div>
   <div class='ocr_carea' id='block_1_84' title="bbox 1854 3895 3438 3983">
    <p class='ocr_par' dir='ltr' id='par_1_84' title="bbox 1854 3895 3438 3983">
     <span class='ocr_line' id='line_1_84' title="bbox 1854 3895 3438 3983; baseline 0.015 -38"><span class='ocrx_word' id='word_1_600' title='bbox 1854 3895 2226 3952; x_wconf 84' lang='lat' dir='ltr'><strong>communibus</strong></span> <span class='ocrx_word' id='word_1_601' title='bbox 2251 3898 2411 3954; x_wconf 89' lang='lat' dir='ltr'><strong>rebus</strong></span> <span class='ocrx_word' id='word_1_602' title='bbox 2431 3901 2748 3971; x_wconf 66' lang='lat' dir='ltr'><strong>praemissis,</strong></span> <span class='ocrx_word' id='word_1_603' title='bbox 2769 3914 2958 3975; x_wconf 88' lang='lat' dir='ltr'><strong>postea</strong></span> <span class='ocrx_word' id='word_1_604' title='bbox 2979 3910 3081 3965; x_wconf 89' lang='lat' dir='ltr'><strong>sub</strong></span> <span class='ocrx_word' id='word_1_605' title='bbox 3107 3910 3284 3983; x_wconf 90' lang='lat' dir='ltr'><strong>aliqua</strong></span> <span class='ocrx_word' id='word_1_606' title='bbox 3311 3928 3438 3983; x_wconf 92' lang='lat' dir='ltr'><strong>pro-</strong></span> 
     </span>
    </p>
   </div>
   <div class='ocr_carea' id='block_1_85' title="bbox 1853 3983 2443 4052">
    <p class='ocr_par' dir='ltr' id='par_1_85' title="bbox 1853 3983 2443 4052">
     <span class='ocr_line' id='line_1_85' title="bbox 1853 3983 2443 4052; baseline 0.017 -15"><span class='ocrx_word' id='word_1_607' title='bbox 1853 3983 2078 4052; x_wconf 89' lang='lat' dir='ltr'><strong>prietate</strong></span> <span class='ocrx_word' id='word_1_608' title='bbox 2099 3986 2443 4047; x_wconf 84' lang='lat' dir='ltr'><strong>describitur.</strong></span> 
     </span>
    </p>
   </div>
   <div class='ocr_carea' id='block_1_86' title="bbox 2068 4076 3223 4157">
    <p class='ocr_par' dir='ltr' id='par_1_86' title="bbox 2068 4076 3223 4157">
     <span class='ocr_line' id='line_1_86' title="bbox 2068 4076 3223 4157; baseline 0.012 -26"><span class='ocrx_word' id='word_1_609' title='bbox 2068 4076 2208 4132; x_wconf 84' lang='lat' dir='ltr'><strong>XVI.</strong></span> <span class='ocrx_word' id='word_1_610' title='bbox 2249 4079 2326 4134; x_wconf 85' lang='lat' dir='ltr'><strong>De</strong></span> <span class='ocrx_word' id='word_1_611' title='bbox 2363 4085 2583 4152; x_wconf 82' lang='lat' dir='ltr'><strong>prapria</strong></span> <span class='ocrx_word' id='word_1_612' title='bbox 2617 4085 2914 4157; x_wconf 78' lang='lat' dir='ltr'><strong>eloquentia</strong></span> <span class='ocrx_word' id='word_1_613' title='bbox 2950 4089 3223 4145; x_wconf 77' lang='lat' dir='ltr'><strong>Psalterii.</strong></span> 
     </span>
    </p>
   </div>
   <div class='ocr_carea' id='block_1_87' title="bbox 1920 4165 3431 4256">
    <p class='ocr_par' dir='ltr' id='par_1_87' title="bbox 1920 4165 3431 4256">
     <span class='ocr_line' id='line_1_87' title="bbox 1920 4165 3431 4256; baseline 0.015 -36"><span class='ocrx_word' id='word_1_614' title='bbox 1920 4165 2159 4223; x_wconf 87' lang='lat' dir='ltr'><strong>Primum</strong></span> <span class='ocrx_word' id='word_1_615' title='bbox 2205 4179 2304 4236; x_wconf 86' lang='lat' dir='ltr'><strong>est,</strong></span> <span class='ocrx_word' id='word_1_616' title='bbox 2354 4174 2497 4242; x_wconf 91' lang='lat' dir='ltr'><strong>quod</strong></span> <span class='ocrx_word' id='word_1_617' title='bbox 2526 4175 2629 4244; x_wconf 87' lang='lat' dir='ltr'><strong>ipsi</strong></span> <span class='ocrx_word' id='word_1_618' title='bbox 2675 4186 2902 4233; x_wconf 84' lang='lat' dir='ltr'><strong>tantum</strong></span> <span class='ocrx_word' id='word_1_619' title='bbox 2934 4182 3120 4251; x_wconf 89' lang='lat' dir='ltr'><strong>psalmi</strong></span> <span class='ocrx_word' id='word_1_620' title='bbox 3172 4185 3431 4256; x_wconf 84' lang='lat' dir='ltr'><strong>singulari</strong></span> 
     </span>
    </p>
   </div>
   <div class='ocr_carea' id='block_1_88' title="bbox 1855 4259 3434 4359">
    <p class='ocr_par' dir='ltr' id='par_1_88' title="bbox 1855 4259 3434 4359">
     <span class='ocr_line' id='line_1_88' title="bbox 1855 4259 3434 4359; baseline 0.017 -52"><span class='ocrx_word' id='word_1_621' title='bbox 1855 4259 2435 4359; x_wconf 67' lang='lat' dir='ltr'><strong>nominevocitantur;</strong></span> <span class='ocrx_word' id='word_1_622' title='bbox 2467 4278 2732 4333; x_wconf 86' lang='lat' dir='ltr'><strong>quos-nos</strong></span> <span class='ocrx_word' id='word_1_623' title='bbox 2761 4267 3016 4327; x_wconf 90' lang='lat' dir='ltr'><strong>adhibitis</strong></span> <span class='ocrx_word' id='word_1_624' title='bbox 3053 4274 3209 4344; x_wconf 89' lang='lat' dir='ltr'><strong>hujus</strong></span> <span class='ocrx_word' id='word_1_625' title='bbox 3236 4275 3434 4348; x_wconf 66' lang='lat' dir='ltr'><strong>linguai</strong></span> 
     </span>
    </p>
   </div>
   <div class='ocr_carea' id='block_1_89' title="bbox 1852 4355 3428 4430">
    <p class='ocr_par' dir='ltr' id='par_1_89' title="bbox 1852 4355 3428 4430">
     <span class='ocr_line' id='line_1_89' title="bbox 1852 4355 3428 4430; baseline 0.017 -33"><span class='ocrx_word' id='word_1_626' title='bbox 1852 4355 2216 4414; x_wconf 82' lang='lat' dir='ltr'><strong>peritissimis,</strong></span> <span class='ocrx_word' id='word_1_627' title='bbox 2245 4365 2370 4404; x_wconf 91' lang='lat' dir='ltr'><strong>cum</strong></span> <span class='ocrx_word' id='word_1_628' title='bbox 2395 4366 2585 4408; x_wconf 85' lang='lat' dir='ltr'><strong>eorum</strong></span> <span class='ocrx_word' id='word_1_629' title='bbox 2624 4355 2893 4413; x_wconf 86' lang='lat' dir='ltr'><strong>volumine</strong></span> <span class='ocrx_word' id='word_1_630' title='bbox 2919 4361 3281 4430; x_wconf 82' lang='lat' dir='ltr'><strong>conferentes,</strong></span> <span class='ocrx_word' id='word_1_631' title='bbox 3309 4383 3428 4423; x_wconf 89' lang='lat' dir='ltr'><strong>ser-</strong></span> 
     </span>
    </p>
   </div>
   <div class='ocr_carea' id='block_1_90' title="bbox 1856 4437 3436 4514">
    <p class='ocr_par' dir='ltr' id='par_1_90' title="bbox 1856 4437 3436 4514">
     <span class='ocr_line' id='line_1_90' title="bbox 1856 4437 3436 4514; baseline 0.017 -27"><span class='ocrx_word' id='word_1_632' title='bbox 1856 4444 1982 4490; x_wconf 89' lang='lat' dir='ltr'><strong>vato</strong></span> <span class='ocrx_word' id='word_1_633' title='bbox 2037 4453 2135 4492; x_wconf 90' lang='lat' dir='ltr'><strong>usu</strong></span> <span class='ocrx_word' id='word_1_634' title='bbox 2186 4437 2549 4511; x_wconf 65' lang='lat' dir='ltr'><strong>psallentitfm,</strong></span> <span class='ocrx_word' id='word_1_635' title='bbox 2597 4446 2711 4502; x_wconf 91' lang='lat' dir='ltr'><strong>suis</strong></span> <span class='ocrx_word' id='word_1_636' title='bbox 2756 4450 3002 4508; x_wconf 86' lang='lat' dir='ltr'><strong>versibus</strong></span> <span class='ocrx_word' id='word_1_637' title='bbox 3049 4455 3436 4514; x_wconf 72' lang='lat' dir='ltr'><strong>testimavimus</strong></span> 
     </span>
    </p>
   </div>
   <div class='ocr_carea' id='block_1_91' title="bbox 175 4518 3431 4610">
    <p class='ocr_par' dir='ltr' id='par_1_91' title="bbox 175 4518 3431 4610">
     <span class='ocr_line' id='line_1_91' title="bbox 175 4518 3431 4610; baseline 0.005 -24"><span class='ocrx_word' id='word_1_638' title='bbox 175 4529 484 4586; x_wconf 90' lang='lat' dir='ltr'><strong>nullatenus</strong></span> <span class='ocrx_word' id='word_1_639' title='bbox 511 4530 824 4599; x_wconf 88' lang='lat' dir='ltr'><strong>attigerunt.</strong></span> <span class='ocrx_word' id='word_1_640' title='bbox 853 4525 1118 4580; x_wconf 76' lang='lat' dir='ltr'><strong>Dixerunt</strong></span> <span class='ocrx_word' id='word_1_641' title='bbox 1156 4525 1260 4579; x_wconf 90' lang='lat' dir='ltr'><strong>hoc</strong></span> <span class='ocrx_word' id='word_1_642' title='bbox 1294 4525 1434 4594; x_wconf 92' lang='lat' dir='ltr'><strong>apud</strong></span> <span class='ocrx_word' id='word_1_643' title='bbox 1464 4538 1562 4579; x_wconf 89' lang='lat' dir='ltr'><strong>nos</strong></span> <span class='ocrx_word' id='word_1_644' title='bbox 1583 4533 1638 4579; x_wconf 92' lang='lat' dir='ltr'><strong>et</strong></span> <span class='ocrx_word' id='word_1_645' title='bbox 1663 4525 1752 4580; x_wconf 90' lang='lat' dir='ltr'><strong>alii</strong></span> <span class='ocrx_word' id='word_1_646' title='bbox 1787 4518 1835 4578; x_wconf 91' lang='lat' dir='ltr'><strong>D</strong></span> <span class='ocrx_word' id='word_1_647' title='bbox 1859 4539 1980 4580; x_wconf 91' lang='lat' dir='ltr'><strong>esse</strong></span> <span class='ocrx_word' id='word_1_648' title='bbox 2001 4526 2322 4595; x_wconf 86' lang='lat' dir='ltr'><strong>reddendos,</strong></span> <span class='ocrx_word' id='word_1_649' title='bbox 2358 4546 2425 4585; x_wconf 91' lang='lat' dir='ltr'><strong>ne</strong></span> <span class='ocrx_word' id='word_1_650' title='bbox 2466 4548 2526 4588; x_wconf 91' lang='lat' dir='ltr'><strong>se</strong></span> <span class='ocrx_word' id='word_1_651' title='bbox 2559 4533 2611 4587; x_wconf 94' lang='lat' dir='ltr'><strong>in</strong></span> <span class='ocrx_word' id='word_1_652' title='bbox 2651 4548 3036 4610; x_wconf 69' lang='lat' dir='ltr'><strong>praesumptum</strong></span> <span class='ocrx_word' id='word_1_653' title='bbox 3062 4544 3306 4600; x_wconf 89' lang='lat' dir='ltr'><strong>ordinem</strong></span> <span class='ocrx_word' id='word_1_654' title='bbox 3335 4564 3431 4601; x_wconf 84' lang='lat' dir='ltr'><strong>au-</strong></span> 
     </span>
    </p>
   </div>
   <div class='ocr_carea' id='block_1_92' title="bbox 174 4613 1749 4686">
    <p class='ocr_par' dir='ltr' id='par_1_92' title="bbox 174 4613 1749 4686">
     <span class='ocr_line' id='line_1_92' title="bbox 174 4613 1749 4686; baseline -0.004 -11"><span class='ocrx_word' id='word_1_655' title='bbox 174 4620 472 4676; x_wconf 89' lang='lat' dir='ltr'><strong>doctissimi</strong></span> <span class='ocrx_word' id='word_1_656' title='bbox 497 4619 685 4674; x_wconf 89' lang='lat' dir='ltr'><strong>Patres</strong></span> <span class='ocrx_word' id='word_1_657' title='bbox 709 4658 724 4683; x_wconf 91' lang='lat'><strong>,</strong></span> <span class='ocrx_word' id='word_1_658' title='bbox 757 4617 807 4672; x_wconf 89' lang='lat' dir='ltr'><strong>id</strong></span> <span class='ocrx_word' id='word_1_659' title='bbox 835 4623 938 4683; x_wconf 91' lang='lat' dir='ltr'><strong>est,</strong></span> <span class='ocrx_word' id='word_1_660' title='bbox 987 4613 1362 4686; x_wconf 80' lang='lat' dir='ltr'><strong>Hieronymus,</strong></span> <span class='ocrx_word' id='word_1_661' title='bbox 1409 4613 1749 4679; x_wconf 89' lang='lat' dir='ltr'><strong>Ambrosius,</strong></span> 
     </span>
    </p>
   </div>
   <div class='ocr_carea' id='block_1_93' title="bbox 175 4702 1748 4778">
    <p class='ocr_par' dir='ltr' id='par_1_93' title="bbox 175 4702 1748 4778">
     <span class='ocr_line' id='line_1_93' title="bbox 175 4702 1748 4778; baseline -0.004 -14"><span class='ocrx_word' id='word_1_662' title='bbox 175 4709 433 4774; x_wconf 82' lang='lat' dir='ltr'><strong>Hilarius,</strong></span> <span class='ocrx_word' id='word_1_663' title='bbox 465 4716 523 4763; x_wconf 92' lang='lat' dir='ltr'><strong>ut</strong></span> <span class='ocrx_word' id='word_1_664' title='bbox 551 4722 885 4778; x_wconf 86' lang='lat' dir='ltr'><strong>nequaquam</strong></span> <span class='ocrx_word' id='word_1_665' title='bbox 905 4720 1004 4761; x_wconf 89' lang='lat' dir='ltr'><strong>nos</strong></span> <span class='ocrx_word' id='word_1_666' title='bbox 1022 4712 1436 4776; x_wconf 69' lang='lat' dir='ltr'><strong>praesumptores</strong></span> <span class='ocrx_word' id='word_1_667' title='bbox 1461 4702 1617 4773; x_wconf 90' lang='lat' dir='ltr'><strong>hujus</strong></span> <span class='ocrx_word' id='word_1_668' title='bbox 1647 4705 1748 4769; x_wconf 81' lang='lat' dir='ltr'><strong>rei,</strong></span> 
     </span>
    </p>
   </div>
   <div class='ocr_carea' id='block_1_94' title="bbox 174 4798 941 4869">
    <p class='ocr_par' dir='ltr' id='par_1_94' title="bbox 174 4798 941 4869">
     <span class='ocr_line' id='line_1_94' title="bbox 174 4798 941 4869; baseline -0.008 -13"><span class='ocrx_word' id='word_1_669' title='bbox 174 4801 271 4856; x_wconf 87' lang='lat' dir='ltr'><strong>sed</strong></span> <span class='ocrx_word' id='word_1_670' title='bbox 311 4798 612 4869; x_wconf 88' lang='lat' dir='ltr'><strong>pedissequi</strong></span> <span class='ocrx_word' id='word_1_671' title='bbox 644 4798 941 4853; x_wconf 89' lang='lat' dir='ltr'><strong>videamur.</strong></span> 
     </span>
    </p>
   </div>
   <div class='ocr_carea' id='block_1_95' title="bbox 249 4885 1745 4957">
    <p class='ocr_par' dir='ltr' id='par_1_95' title="bbox 249 4885 1745 4957">
     <span class='ocr_line' id='line_1_95' title="bbox 249 4885 1745 4957; baseline -0.003 -12"><span class='ocrx_word' id='word_1_672' title='bbox 249 4891 357 4946; x_wconf 91' lang='lat' dir='ltr'><strong>Sed</strong></span> <span class='ocrx_word' id='word_1_673' title='bbox 380 4891 508 4945; x_wconf 89' lang='lat' dir='ltr'><strong>dicit</strong></span> <span class='ocrx_word' id='word_1_674' title='bbox 533 4888 727 4956; x_wconf 89' lang='lat' dir='ltr'><strong>aliquis</strong></span> <span class='ocrx_word' id='word_1_675' title='bbox 751 4906 764 4942; x_wconf 74' lang='grc' dir='ltr'><strong>ε</strong></span> <span class='ocrx_word' id='word_1_676' title='bbox 799 4887 907 4942; x_wconf 82' lang='grc' dir='ltr'>Νεε</span> <span class='ocrx_word' id='word_1_677' title='bbox 928 4895 1108 4957; x_wconf 91' lang='lat' dir='ltr'><strong>partes</strong></span> <span class='ocrx_word' id='word_1_678' title='bbox 1139 4885 1264 4956; x_wconf 83' lang='lat' dir='ltr'><strong>ipsae</strong></span> <span class='ocrx_word' id='word_1_679' title='bbox 1293 4885 1745 4957; x_wconf 79' lang='lat' dir='ltr'><strong>syllogismorum,</strong></span> 
     </span>
    </p>
   </div>
   <div class='ocr_carea' id='block_1_96' title="bbox 177 4975 1744 5047">
    <p class='ocr_par' dir='ltr' id='par_1_96' title="bbox 177 4975 1744 5047">
     <span class='ocr_line' id='line_1_96' title="bbox 177 4975 1744 5047; baseline -0.004 -13"><span class='ocrx_word' id='word_1_680' title='bbox 177 4995 279 5036; x_wconf 92' lang='lat' dir='ltr'><strong>nec</strong></span> <span class='ocrx_word' id='word_1_681' title='bbox 302 4981 516 5035; x_wconf 87' lang='lat' dir='ltr'><strong>nomina</strong></span> <span class='ocrx_word' id='word_1_682' title='bbox 535 4978 894 5042; x_wconf 89' lang='lat' dir='ltr'><strong>schematum,</strong></span> <span class='ocrx_word' id='word_1_683' title='bbox 917 4991 1017 5032; x_wconf 90' lang='lat' dir='ltr'><strong>nec</strong></span> <span class='ocrx_word' id='word_1_684' title='bbox 1038 4975 1298 5032; x_wconf 90' lang='lat' dir='ltr'><strong>vocabula</strong></span> <span class='ocrx_word' id='word_1_685' title='bbox 1320 4975 1744 5047; x_wconf 90' lang='lat' dir='ltr'><strong>disciplinarum,</strong></span> 
     </span>
    </p>
   </div>
   <div class='ocr_carea' id='block_1_97' title="bbox 175 5066 1748 5141">
    <p class='ocr_par' dir='ltr' id='par_1_97' title="bbox 175 5066 1748 5141">
     <span class='ocr_line' id='line_1_97' title="bbox 175 5066 1748 5141; baseline -0.004 -15"><span class='ocrx_word' id='word_1_686' title='bbox 175 5087 282 5127; x_wconf 89' lang='lat' dir='ltr'><strong>nec</strong></span> <span class='ocrx_word' id='word_1_687' title='bbox 327 5070 428 5125; x_wconf 87' lang='lat' dir='ltr'><strong>alia</strong></span> <span class='ocrx_word' id='word_1_688' title='bbox 453 5068 822 5141; x_wconf 87' lang='lat' dir='ltr'><strong>hujuscemodi</strong></span> <span class='ocrx_word' id='word_1_689' title='bbox 851 5068 1120 5124; x_wconf 88' lang='lat' dir='ltr'><strong>ullatenus</strong></span> <span class='ocrx_word' id='word_1_690' title='bbox 1147 5067 1491 5124; x_wconf 87' lang='lat' dir='ltr'><strong>inveniuntur</strong></span> <span class='ocrx_word' id='word_1_691' title='bbox 1518 5069 1574 5122; x_wconf 90' lang='lat' dir='ltr'><strong>in</strong></span> <span class='ocrx_word' id='word_1_692' title='bbox 1603 5066 1748 5135; x_wconf 84' lang='lat' dir='ltr'><strong>psal-</strong></span> 
     </span>
    </p>
   </div>
   <div class='ocr_carea' id='block_1_98' title="bbox 176 5156 1746 5226">
    <p class='ocr_par' dir='ltr' id='par_1_98' title="bbox 176 5156 1746 5226">
     <span class='ocr_line' id='line_1_98' title="bbox 176 5156 1746 5226; baseline -0.003 -12"><span class='ocrx_word' id='word_1_693' title='bbox 176 5161 297 5214; x_wconf 89' lang='lat' dir='ltr'><strong>mis.</strong></span> <span class='ocrx_word' id='word_1_694' title='bbox 322 5158 672 5214; x_wconf 88' lang='lat' dir='ltr'><strong>lnveniuntur</strong></span> <span class='ocrx_word' id='word_1_695' title='bbox 695 5157 852 5226; x_wconf 88' lang='lat' dir='ltr'><strong>plane</strong></span> <span class='ocrx_word' id='word_1_696' title='bbox 891 5156 942 5210; x_wconf 91' lang='lat' dir='ltr'><strong>in</strong></span> <span class='ocrx_word' id='word_1_697' title='bbox 974 5159 1175 5214; x_wconf 92' lang='lat' dir='ltr'><strong>virtute</strong></span> <span class='ocrx_word' id='word_1_698' title='bbox 1208 5170 1460 5213; x_wconf 84' lang='lat' dir='ltr'><strong>sensuum</strong></span> <span class='ocrx_word' id='word_1_699' title='bbox 1485 5199 1502 5225; x_wconf 93' lang='lat'><strong>,</strong></span> <span class='ocrx_word' id='word_1_700' title='bbox 1541 5173 1652 5212; x_wconf 88' lang='lat' dir='ltr'><strong>non</strong></span> <span class='ocrx_word' id='word_1_701' title='bbox 1695 5158 1746 5210; x_wconf 88' lang='lat' dir='ltr'><strong>in</strong></span> 
     </span>
    </p>
   </div>
   <div class='ocr_carea' id='block_1_99' title="bbox 173 5246 1747 5314">
    <p class='ocr_par' dir='ltr' id='par_1_99' title="bbox 173 5246 1747 5314">
     <span class='ocr_line' id='line_1_99' title="bbox 173 5246 1747 5314; baseline -0.003 -10"><span class='ocrx_word' id='word_1_702' title='bbox 173 5249 421 5304; x_wconf 81' lang='lat' dir='ltr'><strong>eﬂ‘atione</strong></span> <span class='ocrx_word' id='word_1_703' title='bbox 444 5248 767 5304; x_wconf 88' lang='lat' dir='ltr'><strong>verborum.</strong></span> <span class='ocrx_word' id='word_1_704' title='bbox 795 5246 883 5299; x_wconf 85' lang='lat' dir='ltr'><strong>Sic</strong></span> <span class='ocrx_word' id='word_1_705' title='bbox 902 5249 1047 5303; x_wconf 90' lang='lat' dir='ltr'><strong>enim</strong></span> <span class='ocrx_word' id='word_1_706' title='bbox 1074 5249 1196 5302; x_wconf 86' lang='lat' dir='ltr'><strong>vina</strong></span> <span class='ocrx_word' id='word_1_707' title='bbox 1213 5247 1264 5300; x_wconf 92' lang='lat' dir='ltr'><strong>in</strong></span> <span class='ocrx_word' id='word_1_708' title='bbox 1279 5248 1499 5314; x_wconf 89' lang='lat' dir='ltr'><strong>vitibus,</strong></span> <span class='ocrx_word' id='word_1_709' title='bbox 1517 5261 1747 5302; x_wconf 80' lang='lat' dir='ltr'><strong>messem</strong></span> 
     </span>
    </p>
   </div>
   <div class='ocr_carea' id='block_1_100' title="bbox 170 5335 1743 5406">
    <p class='ocr_par' dir='ltr' id='par_1_100' title="bbox 170 5335 1743 5406">
     <span class='ocr_line' id='line_1_100' title="bbox 170 5335 1743 5406; baseline -0.001 -13"><span class='ocrx_word' id='word_1_710' title='bbox 170 5341 224 5393; x_wconf 89' lang='lat' dir='ltr'><strong>in</strong></span> <span class='ocrx_word' id='word_1_711' title='bbox 271 5338 470 5395; x_wconf 86' lang='lat' dir='ltr'><strong>semine</strong></span> <span class='ocrx_word' id='word_1_712' title='bbox 500 5378 516 5402; x_wconf 89' lang='lat'><strong>,</strong></span> <span class='ocrx_word' id='word_1_713' title='bbox 546 5335 770 5390; x_wconf 90' lang='lat' dir='ltr'><strong>frondes</strong></span> <span class='ocrx_word' id='word_1_714' title='bbox 797 5337 849 5390; x_wconf 92' lang='lat' dir='ltr'><strong>in</strong></span> <span class='ocrx_word' id='word_1_715' title='bbox 884 5339 1161 5406; x_wconf 86' lang='lat' dir='ltr'><strong>radicibus</strong></span> <span class='ocrx_word' id='word_1_716' title='bbox 1183 5377 1196 5402; x_wconf 95' lang='lat'><strong>,</strong></span> <span class='ocrx_word' id='word_1_717' title='bbox 1227 5337 1435 5398; x_wconf 87' lang='lat' dir='ltr'><strong>fructus</strong></span> <span class='ocrx_word' id='word_1_718' title='bbox 1462 5343 1514 5396; x_wconf 90' lang='lat' dir='ltr'><strong>in</strong></span> <span class='ocrx_word' id='word_1_719' title='bbox 1561 5339 1743 5406; x_wconf 90' lang='lat' dir='ltr'><strong>ramis,</strong></span> 
     </span>
    </p>
   </div>
   <div class='ocr_carea' id='block_1_101' title="bbox 1853 4616 3422 4703">
    <p class='ocr_par' dir='ltr' id='par_1_101' title="bbox 1853 4616 3422 4703">
     <span class='ocr_line' id='line_1_101' title="bbox 1853 4616 3422 4703; baseline 0.015 -36"><span class='ocrx_word' id='word_1_720' title='bbox 1853 4616 2076 4671; x_wconf 90' lang='lat' dir='ltr'><strong>ctoritas</strong></span> <span class='ocrx_word' id='word_1_721' title='bbox 2103 4620 2363 4687; x_wconf 87' lang='lat' dir='ltr'><strong>permista</strong></span> <span class='ocrx_word' id='word_1_722' title='bbox 2392 4621 2766 4679; x_wconf 89' lang='lat' dir='ltr'><strong>confunderet.</strong></span> <span class='ocrx_word' id='word_1_723' title='bbox 2794 4627 3021 4699; x_wconf 88' lang='lat' dir='ltr'><strong>Deinde,</strong></span> <span class='ocrx_word' id='word_1_724' title='bbox 3049 4635 3193 4703; x_wconf 92' lang='lat' dir='ltr'><strong>quod</strong></span> <span class='ocrx_word' id='word_1_725' title='bbox 3218 4636 3422 4691; x_wconf 88' lang='lat' dir='ltr'><strong>nullum</strong></span> 
     </span>
    </p>
   </div>
   <div class='ocr_carea' id='block_1_102' title="bbox 1852 4703 3430 4779">
    <p class='ocr_par' dir='ltr' id='par_1_102' title="bbox 1852 4703 3430 4779">
     <span class='ocr_line' id='line_1_102' title="bbox 1852 4703 3430 4779; baseline 0.014 -21"><span class='ocrx_word' id='word_1_726' title='bbox 1852 4703 1995 4761; x_wconf 89' lang='lat' dir='ltr'><strong>aliud</strong></span> <span class='ocrx_word' id='word_1_727' title='bbox 2025 4721 2159 4776; x_wconf 89' lang='lat' dir='ltr'><strong>opus</strong></span> <span class='ocrx_word' id='word_1_728' title='bbox 2188 4710 2528 4768; x_wconf 89' lang='lat' dir='ltr'><strong>auctoritatis</strong></span> <span class='ocrx_word' id='word_1_729' title='bbox 2561 4712 2756 4769; x_wconf 74' lang='lat' dir='ltr'><strong>divina:</strong></span> <span class='ocrx_word' id='word_1_730' title='bbox 2805 4718 2905 4774; x_wconf 84' lang='lat' dir='ltr'><strong>l50</strong></span> <span class='ocrx_word' id='word_1_731' title='bbox 2930 4721 3258 4778; x_wconf 85' lang='lat' dir='ltr'><strong>sectionibus</strong></span> <span class='ocrx_word' id='word_1_732' title='bbox 3300 4741 3430 4779; x_wconf 89' lang='lat' dir='ltr'><strong>con-</strong></span> 
     </span>
    </p>
   </div>
   <div class='ocr_carea' id='block_1_103' title="bbox 1853 4798 3436 4885">
    <p class='ocr_par' dir='ltr' id='par_1_103' title="bbox 1853 4798 3436 4885">
     <span class='ocr_line' id='line_1_103' title="bbox 1853 4798 3436 4885; baseline 0.013 -35"><span class='ocrx_word' id='word_1_733' title='bbox 1853 4798 2073 4855; x_wconf 89' lang='lat' dir='ltr'><strong>tinetur.</strong></span> <span class='ocrx_word' id='word_1_734' title='bbox 2121 4800 2221 4858; x_wconf 88' lang='lat' dir='ltr'><strong>Ubi</strong></span> <span class='ocrx_word' id='word_1_735' title='bbox 2247 4804 2390 4858; x_wconf 89' lang='lat' dir='ltr'><strong>enim</strong></span> <span class='ocrx_word' id='word_1_736' title='bbox 2432 4813 2510 4860; x_wconf 92' lang='lat' dir='ltr'><strong>tot</strong></span> <span class='ocrx_word' id='word_1_737' title='bbox 2538 4804 2677 4859; x_wconf 91' lang='lat' dir='ltr'><strong>tituli</strong></span> <span class='ocrx_word' id='word_1_738' title='bbox 2711 4807 2926 4866; x_wconf 90' lang='lat' dir='ltr'><strong>diversa</strong></span> <span class='ocrx_word' id='word_1_739' title='bbox 2967 4815 3222 4885; x_wconf 85' lang='lat' dir='ltr'><strong>leguntur</strong></span> <span class='ocrx_word' id='word_1_740' title='bbox 3255 4817 3436 4870; x_wconf 80' lang='lat' dir='ltr'><strong>varie-</strong></span> 
     </span>
    </p>
   </div>
   <div class='ocr_carea' id='block_1_104' title="bbox 1851 4897 3438 4972">
    <p class='ocr_par' dir='ltr' id='par_1_104' title="bbox 1851 4897 3438 4972">
     <span class='ocr_line' id='line_1_104' title="bbox 1851 4897 3438 4972; baseline 0.009 -25"><span class='ocrx_word' id='word_1_741' title='bbox 1851 4900 1962 4949; x_wconf 86' lang='lat' dir='ltr'><strong>tate</strong></span> <span class='ocrx_word' id='word_1_742' title='bbox 1993 4897 2321 4967; x_wconf 88' lang='lat' dir='ltr'><strong>conscripti?</strong></span> <span class='ocrx_word' id='word_1_743' title='bbox 2345 4897 2433 4953; x_wconf 91' lang='lat' dir='ltr'><strong>hic</strong></span> <span class='ocrx_word' id='word_1_744' title='bbox 2455 4898 2582 4953; x_wconf 89' lang='lat' dir='ltr'><strong>illud</strong></span> <span class='ocrx_word' id='word_1_745' title='bbox 2610 4899 2850 4957; x_wconf 90' lang='lat' dir='ltr'><strong>votivum</strong></span> <span class='ocrx_word' id='word_1_746' title='bbox 2880 4920 3100 4970; x_wconf 90' lang='lat' dir='ltr'><strong>nomen,</strong></span> <span class='ocrx_word' id='word_1_747' title='bbox 3123 4904 3360 4972; x_wconf 82' lang='lat' dir='ltr'><strong>alleluia,</strong></span> <span class='ocrx_word' id='word_1_748' title='bbox 3384 4909 3438 4962; x_wconf 92' lang='lat' dir='ltr'><strong>in</strong></span> 
     </span>
    </p>
   </div>
   <div class='ocr_carea' id='block_1_105' title="bbox 1850 4987 3440 5065">
    <p class='ocr_par' dir='ltr' id='par_1_105' title="bbox 1850 4987 3440 5065">
     <span class='ocr_line' id='line_1_105' title="bbox 1850 4987 3440 5065; baseline 0.008 -27"><span class='ocrx_word' id='word_1_749' title='bbox 1850 4987 2396 5057; x_wconf 89' lang='lat' dir='ltr'><strong>superscriptionibus</strong></span> <span class='ocrx_word' id='word_1_750' title='bbox 2452 4990 2757 5057; x_wconf 89' lang='lat' dir='ltr'><strong>inchoavit;</strong></span> <span class='ocrx_word' id='word_1_751' title='bbox 2819 4996 2940 5065; x_wconf 92' lang='lat' dir='ltr'><strong>hic,</strong></span> <span class='ocrx_word' id='word_1_752' title='bbox 2997 5001 3440 5054; x_wconf 84' lang='lat' dir='ltr'><strong>commemoratio</strong></span> 
     </span>
    </p>
   </div>
   <div class='ocr_carea' id='block_1_106' title="bbox 1850 5076 3442 5160">
    <p class='ocr_par' dir='ltr' id='par_1_106' title="bbox 1850 5076 3442 5160">
     <span class='ocr_line' id='line_1_106' title="bbox 1850 5076 3442 5160; baseline 0.009 -28"><span class='ocrx_word' id='word_1_753' title='bbox 1850 5076 2093 5136; x_wconf 63' lang='lat' dir='ltr'><strong>historiae</strong></span> <span class='ocrx_word' id='word_1_754' title='bbox 2135 5081 2202 5136; x_wconf 89' lang='lat' dir='ltr'><strong>de</strong></span> <span class='ocrx_word' id='word_1_755' title='bbox 2244 5081 2451 5150; x_wconf 81' lang='lat' dir='ltr'><strong>Regum</strong></span> <span class='ocrx_word' id='word_1_756' title='bbox 2482 5089 2654 5137; x_wconf 87' lang='lat' dir='ltr'><strong>tracta</strong></span> <span class='ocrx_word' id='word_1_757' title='bbox 2684 5083 2976 5160; x_wconf 86' lang='lat' dir='ltr'><strong>volumine,</strong></span> <span class='ocrx_word' id='word_1_758' title='bbox 3024 5091 3080 5145; x_wconf 91' lang='lat' dir='ltr'><strong>in</strong></span> <span class='ocrx_word' id='word_1_759' title='bbox 3109 5088 3226 5158; x_wconf 91' lang='lat' dir='ltr'><strong>ipso</strong></span> <span class='ocrx_word' id='word_1_760' title='bbox 3261 5089 3442 5146; x_wconf 90' lang='lat' dir='ltr'><strong>limine</strong></span> 
     </span>
    </p>
   </div>
   <div class='ocr_carea' id='block_1_107' title="bbox 1847 5166 3446 5254">
    <p class='ocr_par' dir='ltr' id='par_1_107' title="bbox 1847 5166 3446 5254">
     <span class='ocr_line' id='line_1_107' title="bbox 1847 5166 3446 5254; baseline 0.008 -32"><span class='ocrx_word' id='word_1_761' title='bbox 1847 5169 2027 5234; x_wconf 90' lang='lat' dir='ltr'><strong>posita</strong></span> <span class='ocrx_word' id='word_1_762' title='bbox 2072 5166 2300 5226; x_wconf 89' lang='lat' dir='ltr'><strong>virtutes</strong></span> <span class='ocrx_word' id='word_1_763' title='bbox 2347 5173 2595 5229; x_wconf 88' lang='lat' dir='ltr'><strong>noscitur</strong></span> <span class='ocrx_word' id='word_1_764' title='bbox 2651 5170 2901 5237; x_wconf 87' lang='lat' dir='ltr'><strong>indicare</strong></span> <span class='ocrx_word' id='word_1_765' title='bbox 2942 5179 3306 5254; x_wconf 87' lang='lat' dir='ltr'><strong>psalmorum;</strong></span> <span class='ocrx_word' id='word_1_766' title='bbox 3359 5181 3446 5235; x_wconf 90' lang='lat' dir='ltr'><strong>hic</strong></span> 
     </span>
    </p>
   </div>
   <div class='ocr_carea' id='block_1_108' title="bbox 1848 5259 3441 5340">
    <p class='ocr_par' dir='ltr' id='par_1_108' title="bbox 1848 5259 3441 5340">
     <span class='ocr_line' id='line_1_108' title="bbox 1848 5259 3441 5340; baseline 0.008 -28"><span class='ocrx_word' id='word_1_767' title='bbox 1848 5260 2016 5316; x_wconf 87' lang='lat' dir='ltr'><strong>etiam</strong></span> <span class='ocrx_word' id='word_1_768' title='bbox 2036 5299 2052 5325; x_wconf 93' lang='lat'><strong>,</strong></span> <span class='ocrx_word' id='word_1_769' title='bbox 2082 5259 2435 5330; x_wconf 85' lang='lat' dir='ltr'><strong>diapsalmata</strong></span> <span class='ocrx_word' id='word_1_770' title='bbox 2465 5269 2676 5316; x_wconf 89' lang='lat' dir='ltr'><strong>tantum</strong></span> <span class='ocrx_word' id='word_1_771' title='bbox 2712 5261 3005 5340; x_wconf 89' lang='lat' dir='ltr'><strong>interjecta</strong></span> <span class='ocrx_word' id='word_1_772' title='bbox 3033 5279 3441 5336; x_wconf 88' lang='lat' dir='ltr'><strong>monstrantur;</strong></span> 
     </span>
    </p>
   </div>
   <div class='ocr_carea' id='block_1_109' title="bbox 1851 5349 3449 5432">
    <p class='ocr_par' dir='ltr' id='par_1_109' title="bbox 1851 5349 3449 5432">
     <span class='ocr_line' id='line_1_109' title="bbox 1851 5349 3449 5432; baseline 0.008 -28"><span class='ocrx_word' id='word_1_773' title='bbox 1851 5349 1965 5420; x_wconf 87' lang='lat' dir='ltr'><strong>hic,</strong></span> <span class='ocrx_word' id='word_1_774' title='bbox 1992 5351 2187 5424; x_wconf 83' lang='lat' dir='ltr'><strong>psalmi</strong></span> <span class='ocrx_word' id='word_1_775' title='bbox 2217 5358 2516 5412; x_wconf 84' lang='lat' dir='ltr'><strong>secundum</strong></span> <span class='ocrx_word' id='word_1_776' title='bbox 2548 5353 2782 5410; x_wconf 87' lang='lat' dir='ltr'><strong>virtutes</strong></span> <span class='ocrx_word' id='word_1_777' title='bbox 2817 5377 2964 5432; x_wconf 88' lang='lat' dir='ltr'><strong>suas,</strong></span> <span class='ocrx_word' id='word_1_778' title='bbox 2983 5376 3336 5422; x_wconf 83' lang='lat' dir='ltr'><strong>numerorum</strong></span> <span class='ocrx_word' id='word_1_779' title='bbox 3361 5378 3449 5417; x_wconf 89' lang='lat' dir='ltr'><strong>or.-</strong></span> 
     </span>
    </p>
   </div>
   <div class='ocr_carea' id='block_1_110' title="bbox 170 5430 3447 5512">
    <p class='ocr_par' dir='ltr' id='par_1_110' title="bbox 170 5430 3447 5512">
     <span class='ocr_line' id='line_1_110' title="bbox 170 5430 3447 5512; baseline 0.001 -28"><span class='ocrx_word' id='word_1_780' title='bbox 170 5430 384 5484; x_wconf 90' lang='lat' dir='ltr'><strong>arbores</strong></span> <span class='ocrx_word' id='word_1_781' title='bbox 411 5433 556 5501; x_wconf 89' lang='lat' dir='ltr'><strong>ipsas</strong></span> <span class='ocrx_word' id='word_1_782' title='bbox 601 5441 766 5482; x_wconf 87' lang='lat' dir='ltr'><strong>sensu</strong></span> <span class='ocrx_word' id='word_1_783' title='bbox 792 5434 1221 5502; x_wconf 75' lang='lat' dir='ltr'><strong>contemplemur</strong></span> <span class='ocrx_word' id='word_1_784' title='bbox 1262 5432 1314 5486; x_wconf 90' lang='lat' dir='ltr'><strong>in</strong></span> <span class='ocrx_word' id='word_1_785' title='bbox 1356 5433 1582 5490; x_wconf 89' lang='lat' dir='ltr'><strong>nucleis.</strong></span> <span class='ocrx_word' id='word_1_786' title='bbox 1612 5430 1744 5484; x_wconf 83' lang='lat' dir='ltr'><strong>Nam</strong></span> <span class='ocrx_word' id='word_1_787' title='bbox 1845 5441 2008 5500; x_wconf 62' lang='lat' dir='ltr'><strong>dines</strong></span> <span class='ocrx_word' id='word_1_788' title='bbox 2037 5451 2240 5498; x_wconf 70' lang='grc' dir='ltr'>ιεηεηι,</span> <span class='ocrx_word' id='word_1_789' title='bbox 2279 5444 2441 5501; x_wconf 66' lang='lat' dir='ltr'><strong>Liber</strong></span> <span class='ocrx_word' id='word_1_790' title='bbox 2467 5444 2734 5500; x_wconf 69' lang='lat' dir='ltr'><strong>inchoans</strong></span> <span class='ocrx_word' id='word_1_791' title='bbox 2782 5464 2817 5505; x_wconf 59' lang='grc' dir='ltr'><strong>ε</strong></span> <span class='ocrx_word' id='word_1_792' title='bbox 2868 5430 3197 5512; x_wconf 54' lang='lat' dir='ltr'><strong>bemmdine</strong></span> <span class='ocrx_word' id='word_1_793' title='bbox 3225 5449 3447 5512; x_wconf 44' lang='lat' dir='ltr'><strong>Christi,</strong></span> 
     </span>
    </p>
   </div>
  </div>
