4006 5478
574 383 713 442 1415

1381 377 1658 434 ᾹΡΡΕΝΙ).
1702 379 1792 432 AD
1837 376 2007 434 διες.
2048 375 2142 430 lX.
2182 403 2251 415 --
2287 371 2659 431 AUCTORES
2697 368 3028 428 ANONYMI.

3669 371 3779 429 illi.

573 497 866 567 multarum
930 493 1297 549 calamitatum
1371 493 1717 560 cognoscitur
1782 488 2159 543 aﬁlictionibus
2190 495 2235 552 Α
2267 502 2500 557 mlmque
2525 486 2821 551 Christum,
2854 492 3161 539 manentem
3206 483 3258 538 iu
3304 481 3575 539 divinitate
3615 500 3699 540 sua
3739 498 3782 544 et

573 589 830 645 sauciari.
863 586 1024 641 Novit
1049 585 1193 640 enim
1241 583 1504 639 beneﬁcio
1549 583 1759 638 Domini
1802 582 2154 650 triumphare,

573 685 641 738 de
660 684 772 737 suis
797 681 1039 737 cladibus
1064 680 1377 749 ingravata;
1405 675 1870 747 persecutionibus
1891 672 2157 735 siquidem

572 771 815 842 proﬁcit,
872 768 1254 823 afﬂictionibus
1302 781 1516 835 semper
1558 765 1833 836 augescit,
1895 762 2161 834 sanguine

573 867 870 930 martyrum
911 858 1140 928 rigatur,
1181 856 1398 911 tristitia
1433 857 1603 926 magis
1630 854 1874 922 erigitur,
1907 854 2157 925 angustia

576 951 852 1013 dilatatur,
879 947 1096 1003 ﬂetibus
1121 947 1384 1018 pascitur,
1408 945 1630 1017 jejuniis
1662 945 1923 1010 reficitur,
1950 955 2004 1000 et
2032 943 2157 998 inde

575 1039 754 1110 potius
789 1039 1006 1100 crescit,
1051 1039 1192 1092 unde
1238 1035 1470 1091 mundus
1505 1035 1706 1090 deﬁcit.
1749 1034 1888 1101 Quid
1928 1034 2072 1089 enim
2105 1035 2160 1088 in

578 1130 671 1186 illo
700 1131 836 1186 libro
862 1145 972 1186 non
1002 1128 1266 1194 invenies,
1298 1127 1439 1182 unde
1465 1141 1525 1181 se
1553 1127 1848 1181 humanum
1875 1139 2047 1196 genus
2075 1123 2169 1178 de-

577 1228 704 1283 beat
731 1236 967 1281 suavnter
988 1224 1290 1280 consolari?
1316 1222 1627 1278 Thesaurus
1654 1223 1706 1274 in
1725 1229 1946 1290 pectore
1962 1217 2165 1273 mundo

580 1333 794 1387 semper
839 1329 1184 1380 excreseens,
1237 1312 1535 1368 consolatio
1598 1326 1792 1382 magna
1843 1309 2164 1381 lugentium,

580 1423 707 1478 spes
728 1410 882 1462 beata
909 1407 1201 1477 justorum,
1231 1403 1650 1474 periclitantium
1685 1401 1814 1456 utile
1841 1399 2164 1469 suffugium;

581 1503 726 1557 unde
764 1516 1000 1571 semper,
1041 1499 1182 1570 quod
1212 1498 1449 1568 expedit,
1502 1496 1724 1561 tollitur,
1774 1494 1998 1566 ejusque
2044 1491 2166 1546 fons

584 1594 851 1650 indefecta
882 1592 1220 1664 perennitate
1249 1599 1515 1644 servatur.

654 1685 852 1739 Beatus
877 1698 1091 1754 quoque
1119 1680 1469 1745 Athanasius,
1512 1676 1892 1734 Alexandrinae
1931 1672 2167 1742 civitatis

585 1775 894 1846 episcopus,
928 1775 984 1828 in
1009 1774 1148 1828 libro
1177 1788 1335 1842 quem
1365 1770 1676 1826 Marcellino
1707 1783 1806 1823 suo
1836 1766 2164 1823 charissimo

2259 592 2424 634 carne
2455 575 2809 640 humanitatis
2857 582 3164 643 assumptus,
3210 573 3356 628 salva
3409 574 3783 646 uniuscujusque

2258 668 2592 738 proprietate
2616 676 2842 731 naturae,
2873 681 3032 720 unam
3061 665 3337 721 conﬁteris
3365 680 3483 720 esse
3523 681 3784 736 personam,

2259 756 2442 812 Veteri
2465 757 2832 818 Testamento.
2861 757 2927 810 de
2951 770 3104 821 novo
3139 755 3299 810 ﬁdem
3344 755 3569 820 faciens,
3615 755 3787 812 Novum

2261 863 2291 903 a
2317 847 2496 903 Veteri
2521 856 2768 903 exortum
2798 861 2920 900 esse
2950 859 3303 915 cognoscens.

2331 942 2417 1006 Et,
2434 949 2492 995 ut
2516 940 2750 996 breviter
2775 950 2968 996 cuncta
2992 940 3337 1009 complectar,
3351 941 3530 996 nescis
3551 939 3791 1010 loqui,nisi

2261 1048 2381 1103 quae
2407 1031 2812 1101 expeditcredi.
2854 1030 2987 1088 Nam
3027 1031 3273 1101 quamvis
3310 1031 3540 1086 diversis
3587 1032 3666 1086 hic
3701 1030 3792 1087 alli-

2260 1123 2428 1179 ciaris
2463 1123 2728 1191 angustiis
2760 1131 2814 1176 et
2853 1122 3022 1177 dolosi
3066 1123 3234 1177 hostis
3268 1123 3646 1180 contrarietate
3691 1140 3789 1193 qua-

2262 1212 2440 1278 tiaris,
2466 1222 2644 1267 tamen
2668 1213 2734 1268 de
2765 1213 2931 1266 totius
2961 1211 3140 1267 mundi
3169 1212 3370 1266 circulo
3394 1223 3701 1282 congregata
3732 1229 3796 1267 re-

2264 1285 2577 1372 Splendens,
2637 1301 2690 1355 in
2741 1300 2957 1354 modum
3009 1299 3382 1370 pulcherrima:
3439 1303 3710 1372 pyramidis
3745 1305 3796 1355 ad

2264 1403 2467 1449 eterna
2502 1408 2667 1463 regna
2697 1392 3030 1463 perduceris.
3089 1390 3218 1458 Qua:
3261 1393 3388 1447 huic
3433 1394 3678 1447 schemati
3716 1409 3796 1448 non

2267 1485 2540 1540 immerito
2580 1483 2916 1554 comparatis
2936 1483 3188 1552 quoniam
3219 1482 3286 1538 de
3305 1483 3574 1538 universis
3593 1485 3799 1554 gentibus

2266 1575 2532 1630 extollens
2557 1574 2812 1630 verticem
2835 1573 3157 1643 pretiosum,
3169 1573 3441 1643 justormn
3465 1575 3662 1628 animas
3679 1576 3798 1642 quasi

2268 1666 2446 1720 lumen
2469 1663 2727 1720 eximium
2763 1665 2828 1719 ad
2858 1677 3093 1730 superna
3131 1678 3296 1734 regna
3323 1665 3661 1719 transmittis.
3692 1663 3799 1720 lleta

2268 1755 2556 1810 frumentis
2581 1755 2735 1824 plena
2767 1755 3099 1820 coelestibus,
3119 1754 3184 1808 de
3208 1753 3436 1810 diversis
3457 1755 3688 1826 gentibus
3705 1770 3800 1810 san-

587 1843 900 1932 destinavit,
930 1866 995 1920 de
1019 1865 1355 1934 Proprietate
1382 1861 1628 1916 Psalterii
1647 1902 1662 1926 ,
1692 1869 1750 1915 ut
1777 1860 1958 1914 verbis
2000 1856 2168 1929 ipsius
2200 1845 2244 1907 Β
2271 1855 2480 1905 ctorum
2509 1847 2668 1908 beata
2694 1843 2964 1904 οοΙΙεϋιῘοο
2994 1858 3308 1900 “Venarum
3341 1843 3602 1897 ηιθηῑίυπδ
3641 1843 3802 1914 ¹²¹ῐ³Ρ³’

589 1967 736 2023 utar,
767 1957 838 2010 ita
869 1957 998 2012 dicit
1030 1975 1042 2010 :
1075 1955 1392 2024 Quicunque
1415 1953 1603 2024 psalmi
1637 1951 1869 2024 [C(tssio,
1893 1949 2161 2023 Psalterii]

590 2047 756 2102 verba
795 2047 985 2101 recitat
1005 2087 1020 2111 ,
1050 2045 1201 2114 quasi
1235 2043 1450 2115 propria
1480 2043 1644 2097 verba
1673 2043 1946 2106 decantat,
1972 2049 2027 2093 et
2059 2048 2174 2093 tan-

591 2139 1098 2208 quamasemetipso
1121 2138 1425 2206 conscripta
1446 2150 1593 2189 unus
1614 2134 1811 2205 psallit,
1841 2142 1894 2188 et
1921 2147 2026 2187 non
2059 2141 2176 2186 tan-

591 2245 756 2300 quam
776 2247 804 2285 a
829 2230 1117 2300 semetipso
1137 2229 1441 2298 conscripta
1465 2243 1604 2282 unus
1624 2227 1823 2297 psallit,
1839 2219 1895 2280 et
1913 2239 2038 2284 non,
2059 2235 2179 2278 tan-

595 2336 756 2390 quam
782 2320 888 2375 alio
904 2321 1139 2386 dicente,
1157 2319 1326 2373 autde
1340 2318 1445 2372 alio
1461 2316 1760 2388 signiﬁcata
1784 2316 2011 2370 sumitet
2027 2315 2176 2386 legit,

597 2411 712 2476 sed,
731 2420 986 2479 tanquam
1005 2411 1115 2479 ipse
1130 2411 1196 2464 de
1216 2409 1504 2478 semetipso
1519 2409 1766 2478 loquens,
1781 2409 1859 2462 sic
1875 2406 2177 2476 hujusmodi

593 2501 756 2555 verba
799 2500 1022 2570 profert.
1076 2501 1142 2553 Et
1176 2499 1354 2569 qualia
1402 2507 1528 2554 sunt
1573 2513 1691 2568 quae
1730 2499 2000 2562 dicuntur,
2052 2497 2177 2551 talia

595 2589 746 2660 velut
782 2593 894 2660 ipse
924 2605 1108 2661 agens,
1140 2589 1526 2660 ex'semetipso
1550 2590 1798 2659 loquens,
1826 2591 1935 2646 Deo
1969 2589 2179 2644 videtur

595 2676 793 2734 offerre
823 2694 1124 2733 sermones.

667 2769 916 2824 Psalterii
949 2783 1161 2837 quoque
1190 2767 1464 2838 proprium
1493 2776 1576 2824 est
1607 2769 1748 2839 quod
1775 2783 1872 2840 per
1893 2785 2016 2825 eum
2043 2767 2178 2839 legis

596 2857 790 2914 divinae
805 2859 1063 2912 sanctitas
1077 2858 1350 2912 introitur.
1376 2857 1494 2913 Non
1515 2861 1658 2914 enim
1682 2850 1902 2931 tyrones
1925 2861 2182 2915 inchoant

599 2965 630 3004 a
655 2950 871 3016 Genesi,
901 2967 1009 3005 non
1037 2953 1106 3005 ab
1134 2949 1419 3021 Apostolo;
1460 2968 1569 3006 non
1598 2953 1736 3007 inter
1760 2954 1914 3010 initia
1947 2954 2184 3010 auctori-

601 3046 685 3093 tas
713 3039 1034 3110 Evangeliea
1066 3050 1249 3095 sancta
1279 3040 1543 3110 pulsatur.
1575 3041 1682 3096 Sed
1706 3042 1828 3097 licet
1857 3043 2182 3099 Psalterium

601 3138 826 3198 quartus
854 3129 1016 3206 codex
1049 3130 1119 3184 sit
1140 3131 1336 3186 divina:
1361 3132 1720 3196 auctoritatis,
1744 3134 1977 3203 primum
2004 3144 2184 3190 tamen

2274 1941 2397 1995 bilis
2427 1950 2619 2006 ctetus,
2651 1941 2952 1996 insolubilis
2984 1934 3317 1997 constructio
3344 1935 3413 1997 de
3436 1935 3573 1997 vivis
3590 1935 3805 2011 lapidum

2276 2029 2558 2098 fabricata,
2591 2033 2872 2088 beatorum
2917 2036 3160 2088 omnium
3207 2042 3416 2089 aeterna
3469 2043 3703 2101 felicitas,
3723 2040 3806 2090 sole

2275 2114 2524 2188 lucidior,
2557 2125 2681 2179 nive
2705 2124 3005 2190 candidior,
3037 2125 3156 2178 sine
3192 2124 3426 2190 macula,
3450 2127 3568 2181 sine
3597 2142 3728 2196 ruga.
3749 2127 3803 2181 De

2276 2232 2380 2286 qua
2406 2217 2666 2285 scriptum
2694 2215 2861 2272 estin
2890 2215 3103 2270 cantico
3151 2213 3507 2272 Canticorum
3541 2231 3556 2270 :
3598 2217 3712 2283 Qua
3748 2227 3803 2270 est

2273 2309 2398 2373 ista,
2412 2325 2528 2377 qua:
2547 2308 2876 2379 progreditur
2894 2309 3045 2380 quasi
3067 2325 3260 2362 aurora
3275 2325 3611 2380 consurgens,
3625 2308 3798 2378 pulchra

2280 2409 2335 2453 ut
2373 2399 2521 2465 luna,
2549 2400 2710 2454 electa
2740 2409 2796 2454 ut
2826 2400 2926 2465 sol,
2971 2401 3219 2455 terribilis
3263 2412 3316 2455 ut
3364 2412 3654 2457 castrorum
3702 2401 3808 2453 acies

2279 2490 2543 2543 ordinata.
2595 2489 2663 2545 Et
2713 2489 2872 2561 paulo
2918 2499 3040 2560 post
3081 2508 3094 2543 :
3149 2489 3302 2545 Oculi
3341 2493 3425 2545 tui
3473 2490 3806 2549 columbam,

2279 2578 2473 2649 absque
2498 2597 2557 2633 eo
2585 2581 2726 2650 quod
2747 2581 3062 2634 intrinsecus
3088 2580 3233 2633 latet.
3267 2578 3441 2650 Cujus
3481 2581 3670 2643 dentes,
3708 2578 3806 2630 situt

2281 2685 2459 2741 greges
2484 2682 2780 2736 (ansarum,
2811 2687 2928 2741 qua:
2955 2671 3300 2725 ascenderunt
3328 2671 3394 2724 de
3428 2669 3648 2732 lavacro,
3673 2684 3807 2721 omnes

2281 2762 2510 2831 gemellis
2531 2763 2828 2832 fetibus,et
2853 2761 3048 2816 sterilis
3100 2779 3202 2816 non
3250 2772 3323 2816 est
3371 2763 3518 2816 inter
3566 2777 3664 2814 eas.
3697 2759 3807 2814 Sicut

2283 2855 2406 2908 uitta
2434 2856 2670 2909 coccinea
2694 2854 2833 2908 labia
2856 2864 2945 2908 tua
2963 2853 3137 2926 (Cant.
3156 2869 3226 2919 tv,
3249 2854 3378 2924 1-5),
3411 2862 3587 2909 mater
3609 2861 3657 2908 et
3678 2854 3805 2920 virgo,

2284 2941 2390 2997 feta
2420 2953 2475 2997 et
2509 2945 2737 3015 integra,
2761 2944 2991 3014 genitrix
3016 2954 3070 2999 et
3108 2946 3447 3015 incorrupta,
3480 2945 3628 3014 cujus
3651 2957 3705 2997 os
3734 2943 3809 2994 viro

2288 3041 2458 3089 tutum
2491 3037 2731 3091 omnium
2776 3036 2980 3106 fragrat
3025 3036 3306 3092 odoribus.
3357 3035 3442 3090 De
3488 3050 3592 3106 qua
3627 3046 3807 3104 sponsas

2287 3129 2461 3184 dicit:
2501 3127 2646 3185 Odor
2666 3131 2779 3184 oris
2799 3130 2876 3184 tui
2927 3129 3070 3184 sicut
3113 3128 3376 3185 malorum
3443 3127 3617 3198 (Cant.
3651 3143 3730 3192 vn,
3753 3127 3807 3194 8).

605 3229 850 3291 tyrones,
882 3221 1205 3278 inchoantes
1227 3223 1537 3294 Scripturas
1557 3235 1796 3290 sanctas,
1829 3223 1954 3281 inde
1977 3226 2185 3297 legendi
2213 3213 2260 3277 C
2292 3220 2359 3274 Et
2393 3231 2516 3290 post
2539 3221 2811 3290 paululum
2839 3239 2852 3274 :
2889 3221 3035 3275 Odor
3064 3229 3454 3290 unguentorum
3478 3220 3676 3274 tuorum
3696 3232 3810 3286 super

603 3307 811 3366 faciunt
851 3313 1112 3368 decenter
1139 3314 1374 3368 initium.

1065 3403 1224 3461 XVII.
1274 3405 1417 3461 Laus
1455 3405 1730 3463 Ecclesiae.

676 3491 720 3548 Ο
742 3508 866 3548 vere
892 3503 1098 3556 sancta,
1128 3511 1160 3550 ο
1187 3496 1550 3564 immaculata,
1573 3513 1606 3554 ο
1628 3497 1864 3568 perfecta
1891 3508 2065 3554 mater
2091 3499 2190 3554 Ec-

607 3585 791 3651 clesia,
825 3602 964 3655 quae,
1009 3588 1190 3642 divina
1233 3590 1407 3660 gratia
1437 3589 1722 3661 largiente,
1770 3592 1884 3646 sola
1924 3590 2182 3654 viviﬁcas,

608 3672 722 3728 sola
758 3674 1090 3740 sanctiﬁcas,
1121 3686 1177 3731 et
1197 3678 1464 3747 perditum
1487 3680 1723 3748 propriis
1744 3679 1936 3750 culpis,
1970 3679 2190 3734 inStitua

607 3764 756 3819 tione
799 3781 920 3832 sua,
969 3767 1261 3822 humanum
1309 3785 1482 3840 genus
1537 3770 1825 3826 instauras.
1877 3768 2041 3837 Cujus
2086 3770 2189 3839 pia:

609 3853 936 3930 confessioni
972 3857 1106 3912 nihil
1151 3859 1292 3923 addi,
1341 3861 1475 3914 nihil
1505 3861 1675 3915 minui
1720 3871 1914 3930 potest.
1944 3860 2048 3915 Per
2074 3875 2188 3915 om-

609 3960 708 4000 nes
765 3948 962 4017 quippe
1010 3950 1263 4018 psalmos,
1297 3967 1392 4021 per
1435 3955 1617 4008 omnia
1653 3954 1888 4019 cantica,
1916 3953 2186 4024 praeconia

610 4044 812 4089 sancta:
843 4035 1123 4093 Trinitatis
1153 4039 1433 4095 intorseris
1457 4081 1472 4106 ,
1510 4043 1776 4112 ut,.cujus
1805 4053 1932 4098 sunt
1971 4052 2186 4098 sacrata

610 4126 774 4180 verba
811 4141 928 4196 qua:
959 4127 1251 4198 loquimur,
1300 4130 1348 4183 ei
1390 4129 1506 4186 laus
1546 4147 1760 4202 semper
1787 4143 1843 4187 et
1878 4133 2187 4188 dulcissima

611 4214 777 4284 gloria
816 4217 1147 4271 redderetur.
1176 4217 1306 4285 Qua:
1344 4219 1515 4274 solum
1549 4221 1728 4276 smculi
1769 4221 1948 4290 hujus,
1989 4231 2046 4275 et
2075 4222 2187 4276 ha:-

612 4308 900 4362 rcticorum
936 4309 1260 4364 smvissimas
1285 4312 1548 4380 procellas
1592 4313 1643 4366 in
1691 4328 1830 4368 arcae
1879 4313 2022 4368 illius
2072 4312 2184 4369 Noe

610 4399 983 4464 similitudine,
999 4416 1116 4468 qua:
1139 4411 1285 4456 tuam
1306 4401 1584 4457 evidenter
1614 4403 1846 4472 portavit
1867 4402 2186 4474 imaginem;

610 4489 724 4544 sola
747 4489 1010 4545 inoffenso
1043 4491 1166 4546 ﬁdei
1197 4508 1380 4557 cursu,
1411 4493 1528 4548 sine
1557 4494 1798 4563 periculo
1829 4495 2010 4550 diluvii
2061 4512 2188 4551 con-

2289 3313 2465 3368 omnia
2491 3325 2747 3367 aromata.
2785 3311 2960 3366 Favus
3007 3311 3268 3366 distillans
3306 3310 3457 3364 labia
3495 3321 3604 3376 tua,
3649 3325 3808 3379 sponsa,

2287 3402 2390 3457 mel
2417 3411 2465 3458 et
2501 3401 2582 3456 lac
2623 3402 2717 3456 sub
2759 3403 2939 3474 lingua
2993 3413 3084 3455 tua
3148 3399 3326 3472 (Cant.
3358 3417 3438 3466 tv,
3465 3401 3553 3467 l0,
3585 3400 3682 3471 fl).
3720 3397 3810 3463 Qu:

2289 3491 2516 3547 mereris
2539 3493 2769 3562 denique
2810 3491 3048 3547 osculari
3086 3490 3383 3556 Christum,
3435 3501 3492 3548 et
3532 3491 3684 3547 decus
3720 3485 3811 3542 illud

2288 3583 2602 3653 perenniter
2651 3583 2925 3638 custodire
2980 3583 3304 3654 virgineum.
3357 3581 3484 3637 Tibi
3533 3581 3667 3636 enim
3715 3579 3811 3633 dici-

2288 3683 2377 3729 tur
2414 3689 2428 3728 :
2482 3675 2758 3729 Osculetur
2803 3691 2885 3728 me
2945 3673 3123 3730 osculo
3174 3675 3280 3730 oris
3335 3675 3448 3740 sui,
3487 3677 3611 3744 quia
3649 3671 3812 3726 meliora

2286 3774 2407 3818 sunt
2456 3764 2612 3819 ubera
2651 3774 2743 3819 tua
2794 3765 2944 3830 vino,
2977 3764 3274 3835 fragrantia
3329 3763 3608 3833 unguentis
3656 3759 3812 3830 optimis

2289 3856 2467 3927 (Cant.
2505 3871 2544 3921 ι,
2577 3856 2629 3919 l,
2656 3855 2744 3926 2);
2775 3865 2830 3912 et
2856 3858 3052 3911 etetera
3083 3870 3201 3926 qua:
3237 3854 3376 3910 liber
3408 3853 3502 3909 ille
3523 3852 3716 3909 divinus
3730 3863 3812 3917 my-

2289 3949 2422 4005 stica
2456 3949 2837 4021 prtedicatione
2861 3947 3253 4020 complectitur.

2357 4042 2714 4114 Quapropter,
2739 4041 2910 4098 factis.
2932 4043 3268 4098 auditoribus
3301 4058 3402 4112 per
3428 4041 3706 4114 quamdam
3737 4038 3813 4092 isa-

2287 4152 2457 4208 gogrn
2484 4137 2626 4207 (quae
2655 4145 2739 4191 est
2767 4138 3045 4207 sequentis
3092 4137 3274 4206 operis
3322 4130 3813 4199 introductio,index

2289 4228 2594 4282 caelestium
2626 4228 3004 4299 mysteriorum
3036 4237 3090 4283 et
3114 4242 3284 4282 sacrae
3324 4228 3625 4298 pramuntia
3667 4222 3811 4279 dictio-

2288 4318 2420 4388 nis),
2451 4328 2509 4372 ut
2553 4319 2765 4389 opinor,
2806 4317 3134 4375 sufﬁcienter
3183 4320 3442 4385 attentis;
3496 4328 3552 4374 et
3597 4314 3813 4372 desiderio

2289 4422 2524 4480 superno
2568 4409 2747 4464 divina
2805 4409 3058 4480 largitate
3108 4408 3420 4474 flammatis,
3465 4423 3609 4463 nunc
3650 4406 3707 4459 ad
3736 4400 3812 4456 sol-

2288 4503 2458 4556 venda
2477 4519 2594 4573 qua:
2611 4502 2879 4573 promissa
2897 4509 3042 4566 Sunt,
3063 4502 3277 4557 Christo
3292 4501 3542 4572 juvante,
3562 4499 3809 4555 veniamus.

611 4588 822 4633 stanter
871 4580 1148 4651 enavigas,
1201 4595 1298 4635 nec
1355 4581 1477 4635 ullis
1525 4583 1799 4638 erroribus
1859 4586 2182 4654 acquiescis,
2216 4562 2261 4622 ί)
2293 4562 2515 4655 Prtesta,
2549 4562 2795 4655 deiif‘e,
2823 4590 2975 4658 cujus
3003 4599 3088 4644 est
3121 4562 3472 4660 o‘mne'quod
3528 4587 3740 4660 expedit,
3774 4591 3813 4637 ut

611 4672 858 4740 quamvis
881 4673 1057 4727 adhuc
1085 4674 1227 4728 inter
1247 4677 1545 4743 pravitates
1574 4676 1733 4745 hujus
1754 4678 1932 4733 saeculi
1978 4681 2185 4751 gravis-

611 4763 748 4816 sima
777 4764 1098 4821 necessitate
1126 4766 1381 4820 versuris.
1411 4765 1683 4836 Quidquid
1733 4771 1875 4824 enim
1918 4771 2187 4840 reperitur

611 4860 810 4920 prmter
861 4853 1020 4907 vitale
1069 4855 1332 4923 gremium
1393 4864 1539 4909 tuum
1593 4857 1926 4912 mortiferum
1975 4867 2190 4913 constat

613 4957 735 4998 esse
765 4943 1123 5015 naufragium.
1171 4946 1303 5000 Nam
1356 4963 1479 5002 cum
1537 4948 1802 5005 Sabellius
1854 4951 2191 5005 detestabilis

613 5043 758 5089 erret
808 5037 860 5090 in
905 5037 1086 5102 Patre,
1121 5039 1342 5107 demens
1387 5040 1550 5095 Arius
1595 5040 1872 5112 delinquat
1923 5043 1975 5096 in
2029 5042 2190 5109 Filio,

617 5124 801 5181 Manes
831 5128 1122 5208 sacrilegus
1143 5139 1298 5202 neget
1325 5130 1583 5202 Spiritum
1613 5143 1882 5198 sanctum,
1909 5135 1995 5188 alii
2020 5135 2191 5189 scele-

617 5216 721 5270 rati
777 5215 957 5273 Veteri
1006 5219 1350 5276 Tcstamento
1425 5223 1715 5292 derogent;
1773 5224 2012 5278 nonnulli
2056 5223 2186 5280 Novi

618 5308 850 5377 gratiam
880 5324 988 5364 non
1042 5322 1355 5382 sequantur,
1384 5320 1440 5365 tu
1467 5322 1672 5366 tantum
1697 5313 1978 5368 devotione
2022 5313 2184 5378 ﬁdeli,

1233 5400 1386 5422 ἔρξω-

2294 4681 2675 4750 intelligenter,
2707 4691 2766 4734 ut
2789 4681 3040 4746 libenter,
3070 4691 3128 4736 ut
3165 4680 3402 4750 proficue
3429 4693 3719 4736 mereamur
3740 4688 3810 4728 au-

2293 4773 2414 4828 diri.
2444 4771 2576 4827 Tuis
2599 4771 2744 4826 enim
2779 4771 3060 4839 adjutoriis
3087 4771 3409 4827 omnimodis
3453 4771 3750 4840 indigemus,
3770 4771 3812 4816 ut

2293 4866 2566 4922 valeamus
2604 4881 2866 4921 concesso
2896 4881 3145 4921 sermone
3171 4866 3516 4936 aliquatenus
3543 4865 3695 4920 verba
3736 4870 3810 4912 tua!

2291 4955 2592 5025 majestatis
2622 4959 2911 5028 exponere.
2942 4959 3135 5013 Amen.

2363 5047 2774 5119 Prolegomena,
2807 5047 2858 5102 id
2889 5055 2994 5111 est,
3033 5048 3386 5118 praedicenda.
3416 5047 3706 5118 Antequam
3729 5051 3811 5097 etn-

2291 5137 2444 5193 lestis
2466 5136 2714 5192 Psalterii
2748 5137 2906 5191 mella
2931 5136 3232 5208 degustem,
3260 5148 3316 5194 et
3349 5127 3571 5208 campos
3598 5136 3705 5192 illos
3727 5129 3811 5200 glo-

2295 5227 2608 5281 riosissima:
2625 5227 2918 5296 passionis.
2948 5225 3177 5282 Domino
3199 5237 3510 5298 praestante,
3527 5225 3808 5293 contingam.

2293 5320 2536 5390 quaedam
2561 5321 2691 5374 mihi
2721 5319 2976 5374 videntur
3018 5319 3206 5374 divisis
3259 5303 3547 5390 capitibus,
3590 5316 3653 5371 de
3694 5317 3807 5366 textu
