4020 6310
181 377 318 442 ΠΗ

1514 367 1850 424 BENEDICT
1856 368 1930 424 10
1961 366 2092 423 DEI.

3301 358 3442 416 1418

189 551 192 554 ,
253 495 310 550 ln
339 491 594 556 secunda,
619 495 811 544 natura
840 484 1053 541 deitatis
1085 483 1254 556 ipsius
1302 484 1573 540 subtiliter
1623 484 1758 539 indi-
1788 489 1833 546 Α
1863 498 2059 536 morem
2095 496 2287 536 meum.
2328 479 2564 538 Dicendo
2613 479 2757 534 enim
2791 495 2806 532 :
2851 476 3012 532 Verba
3063 493 3178 532 mea
3227 476 3447 531 auribus

185 597 360 645 catur.

253 678 435 735 Tertia
466 673 850 746 multiplicatos
877 671 1007 728 dicit
1030 671 1278 744 p0pulos,
1317 669 1409 742 qui
1449 683 1574 724 eum
1622 666 1763 723 nite-

183 777 378 832 bantur
406 772 775 842 exstinguere.

253 867 477 935 Quarta,
509 863 778 933 Propheta
819 860 872 916 in
914 861 1119 916 eisdem
1165 858 1387 914 monitis
1429 863 1763 929 perseverat,

183 968 244 1016 ut
263 958 518 1015 desinant
543 953 714 1012 Judaei
742 953 881 1008 mala
910 953 1150 1024 cogitare
1174 951 1258 1006 vel
1288 951 1487 1017 facere,
1507 949 1765 1022 quoniam

185 1065 244 1110 se
287 1050 539 1108 noverint
565 1046 1088 1104 divinis'virtutibus
1124 1044 1502 1100 destruendos.

252 1142 312 1198 In
345 1141 552 1212 quinta,
580 1137 850 1196 Dominus
871 1135 1122 1192 Christus
1151 1135 1351 1190 clamat
1371 1134 1438 1189 ad
1461 1133 1676 1189 Patrem
1707 1140 1770 1198 ut

185 1233 302 1304 ejus
344 1232 598 1288 audiatur
642 1229 819 1287 oratio
875 1247 889 1285 :
941 1238 998 1284 et
1046 1229 1100 1285 in
1153 1227 1554 1284 resurrectione
1597 1227 1766 1298 ipsius

185 1324 385 1384 mundo
415 1321 698 1395 profutura
735 1320 1018 1377 concedat.

257 1419 443 1486 Sexta,
467 1431 566 1490 per
594 1423 766 1471 totum
795 1413 1064 1485 psalmum
1086 1412 1251 1468 verba
1279 1420 1405 1468 sunt
1432 1411 1767 1483 pmnitentis,

186 1514 271 1571 cui
294 1511 598 1583 junguntur
627 1507 868 1580 ejusdem
896 1506 1039 1562 modi
1075 1505 1164 1561 alii
1194 1521 1322 1574 sex;
1371 1507 1465 1578 qui
1504 1516 1682 1562 tamen
1713 1505 1770 1560 in

186 1604 531 1664 conclusione
558 1619 590 1661 ι.
619 1601 810 1674 psalmi
841 1599 1098 1671 descripti
1122 1609 1274 1655 sunt.

255 1697 312 1752 ln
337 1695 564 1766 septima
593 1701 748 1763 parte
778 1690 1031 1748 Christus
1067 1691 1348 1746 humiliter
1381 1689 1600 1761 quidem
1639 1689 1774 1760 petit

186 1800 248 1845 ut
273 1787 322 1844 ei
359 1784 712 1842 subveniatur
737 1797 768 1838 a
796 1782 977 1849 Patre,
1009 1783 1104 1838 sed
1135 1783 1296 1839 habet
1323 1783 1572 1838 ﬁduciam
1608 1792 1771 1838 rectae

1863 573 2086 644 percipe,
2119 573 2232 628 oris
2282 571 2552 644 signiﬁcat
2597 571 2972 642 psalmodiam.
3030 570 3328 644 Sequitur:
3363 572 3448 625 in-

1863 661 2034 732 telligo
2062 661 2341 716 clamorem
2364 678 2557 726 meum,
2589 671 2647 715 ut
2686 659 2938 716 allectum
2969 659 3147 716 cordis
3190 660 3446 730 aperiret.

1864 748 1980 806 Vox
2012 752 2156 806 enim
2183 752 2308 818 ista,
2335 767 2441 806 non
2474 761 2596 805 erat
2621 750 2884 804 labiorum
2914 750 3180 821 crepitus,
3208 749 3304 806 sed
3328 765 3453 807 cor-

1867 845 1950 902 dis
1985 845 2232 902 allectus.

1945 939 2224 1006 Exaltare,
2265 939 2509 1006 Domine,
2536 940 2589 992 in
2630 939 2814 994 virtute
2854 949 2981 1006 tua;
3039 939 3368 993 cantabimus
3405 949 3454 994 et

1865 1033 2148 1107 psallentus
2174 1034 2385 1088 virtutes
2407 1044 2546 1088 tuas.
2571 1033 2802 1090 Cantare
2829 1041 2910 1087 est
2938 1033 3100 1086 verba
3127 1032 3339 1087 Domini
3359 1045 3458 1087 ore

1867 1129 2134 1201 proferre.
2152 1127 2389 1183 Psallere
2427 1137 2630 1193 autem,
2659 1127 2908 1182 mandata
2936 1126 3118 1180 divina
3144 1125 3301 1181 bonis
3323 1140 3457 1196 0pc-

1871 1220 2174 1276 rationibus
2197 1228 2514 1274 constanter
2537 1219 2779 1288 implere.
2810 1217 2935 1273 llzec
2960 1218 3104 1272 enim
3138 1219 3263 1282 duo,
3287 1217 3459 1272 omni-

1869 1312 2046 1366 modis
2073 1326 2103 1365 a
2130 1310 2287 1366 nobis
2303 1318 2650 1380 expetuntur,
2683 1320 2740 1365 ut
2770 1309 2952 1365 laudes
2977 1309 3188 1364 Domini
3230 1310 3460 1365 ﬁdeliter

1869 1415 1963 1457 ore
1989 1409 2290 1464 cantemus,
2330 1409 2386 1456 et
2410 1414 2576 1470 opere
2621 1409 2808 1456 nostro
2845 1401 3014 1470 ipsius
3063 1401 3318 1456 mandata
3371 1399 3454 1454 la-

1871 1495 2098 1550 ciamus.
3349 1500 3352 1504 '

1944 1585 2048 1654 Qui
2079 1585 2270 1640 timetis
2315 1584 2620 1652 Dominum,
2665 1584 2880 1640 laudate
2925 1602 3064 1640 eum.
3111 1585 3214 1652 Qui
3267 1583 3461 1638 timetis

1872 1674 2177 1744 Dominum,
2207 1677 2358 1743 dicit,
2391 1677 2518 1748 quia
2567 1678 2730 1732 timor
2777 1679 3046 1733 humanus
3096 1693 3202 1732 non
3249 1676 3464 1730 laudem

1872 1768 2128 1840 parturit,
2159 1768 2253 1824 sed
2284 1768 2757 1839 vituperationem.
2784 1769 2877 1824 Dei
2909 1778 3091 1824 autem
3124 1769 3309 1833 timor,
3331 1768 3461 1838 quia

188 1879 646 1946 conversationis;
690 1878 834 1949 quod
854 1877 1030 1948 magis
1055 1877 1124 1932 ad
1159 1877 1276 1949 ejus
1325 1877 1562 1954 pertinet
1604 1875 1772 1931 dena.
1801 1851 1847 1912 Β
1869 1861 2047 1932 justus
2077 1871 2133 1918 et
2163 1870 2348 1918 rectus
2374 1871 2492 1927 est,
2523 1861 2738 1954 laudem
2785 1871 3028 1934 generat,
3079 1875 3316 1916 amorem
3365 1860 3463 1914 tri-

191 1986 319 2033 tem.
347 1973 454 2029 Sed
487 1986 640 2027 more
661 1969 1024 2025 humanitatis
1053 1976 1344 2039 assumptae
1390 1968 1492 2023 sibi
1538 1966 1778 2038 postulat

190 2065 488 2131 subveniri,
509 2079 578 2120 ne
607 2063 856 2119 diabolus
875 2062 1114 2118 animam
1145 2061 1286 2132 ejus,
1311 2059 1493 2130 iniqua
1515 2075 1778 2130 praesum-

190 2161 372 2231 ptione
396 2141 645 2229 diripiat,
674 2164 730 2212 et
752 2155 926 2229 gloria
951 2155 1124 2226 ipsius
1152 2154 1206 2210 in
1237 2152 1516 2224 pulverem
1548 2153 1778 2210 deducta

190 2249 478 2320 stis-pereat.
1765 2297 1768 2300 .

260 2340 319 2395 ln
351 2349 565 2403 octava.
593 2335 866 2411 parabolis
901 2343 958 2392 et
997 2333 1222 2407 tropicis
1263 2333 1618 2390 allusionibus
1652 2347 1782 2389 con-

191 2429 450 2502 gregatis,
475 2428 810 2498 subsequens
839 2427 1026 2482 drama
1052 2425 1390 2488 decurritur,
1417 2435 1473 2480 et
1506 2439 1604 2494 per
1645 2423 1781 2478 alle-

193 2521 405 2592 goricus
431 2517 814 2575 similitudines
845 2517 1027 2572 omnia
1059 2515 1372 2571 referuntur
1399 2516 1466 2570 ad
1493 2516 1781 2572 Dominum

193 2611 494 2670 Christum.
525 2609 656 2680 Qua:
678 2611 957 2668 schemata
987 2625 1088 2666 nos
1138 2609 1272 2666 locis
1313 2610 1612 2679 aptissimis
1662 2609 1782 2666 evi-

195 2703 511 2760 dentissime
539 2717 967 2770 commonemus,
991 2713 1053 2758 ut
1079 2701 1268 2758 lectori
1315 2703 1560 2759 studioso
1606 2701 1785 2758 ambi-

195 2795 372 2866 guitas
407 2803 601 2851 cuncta
626 2794 862 2851 tollatur.

207 2917 218 2954 ,
265 2885 442 2953 Nona,
483 2895 608 2958 post
657 2887 975 2957 multiplicia
1035 2888 1326 2958 prteconia,
1375 2903 1494 2958 quae
1537 2886 1698 2943 modo
1749 2900 1782 2942 a

197 2977 419 3045 deitate,
447 2979 608 3034 modo
636 2979 704 3036 ab
732 2981 1068 3036 humanitate
1099 2981 1288 3052 ipsius,
1319 2980 1544 3036 mutatis
1593 2995 1784 3052 perso-

199 3069 283 3125 nis
311 3078 366 3125 et
397 3069 567 3127 titulis
593 3071 814 3141 ponitur
839 3069 1090 3138 Alleluia,
1115 3073 1258 3144 quod
1293 3072 1565 3142 signiﬁcat
1590 3085 1606 3127 :
1636 3070 1782 3127 Lau-

199 3162 318 3216 date
354 3160 659 3218 Dominum.

272 3253 488 3310 Decima
519 3272 531 3310 :
561 3257 1138 3327 sequunturgradales,
1158 3259 1249 3328 qui
1271 3259 1511 3314 animum
1535 3267 1783 3314 nostrum

201 3345 268 3401 ad
293 3339 578 3402 Dominum
607 3345 943 3404 Salvatorem
963 3366 1097 3421 pura
1124 3359 1180 3407 et
1200 3347 1389 3406 humili
1413 3350 1783 3408 satisfactione

199 3437 519 3506 perducunt.

274 3527 592 3597 Undecima,
614 3533 840 3589 variatis
863 3533 1066 3600 verbis,
1093 3535 1292 3592 iterum
1324 3535 1514 3591 laudes
1542 3536 1780 3602 Domini,

200 3616 508 3688 hymnidica
557 3621 917 3680 exsultatione
963 3624 1324 3693 concelebrat,
1375 3628 1534 3682 modo
1583 3625 1782 3696 Patris,

201 3710 362 3766 modo
407 3711 562 3780 Filii,
590 3714 750 3770 modo
795 3715 1032 3788 Spiritus
1078 3718 1250 3773 sancti
1279 3733 1508 3788 precans
1533 3719 1785 3791 majesta-

202 3807 419 3866 tem,ut
447 3801 575 3857 nulli
606 3803 677 3859 sit
717 3804 958 3871 dubium,
1007 3816 1250 3863 sanctam
1301 3807 1624 3865 Trinitatem
1673 3810 1785 3866 sin-

199 3893 464 3964 gulariter
492 3895 919 3968 omnipotentem
946 3913 1066 3971 quae
1096 3897 1212 3954 vult
1239 3897 1418 3955 facere
1461 3901 1516 3956 in
1547 3900 1686 3957 caelo
1730 3909 1785 3957 et

203 3983 260 4039 in
291 3993 456 4040 terra.

277 4075 601 4132 Duodecima
628 4086 832 4150 septem
876 4081 1069 4152 psalmi
1119 4081 1498 4155 relinquuntur
1541 4084 1595 4139 in
1651 4083 1783 4152 ﬁne,

200 4163 294 4236 qui
316 4167 761 4226 exsultationibus
780 4171 1102 4243 hymnidicis
1131 4181 1294 4228 totam
1325 4174 1550 4245 gloriam
1581 4186 1786 4232 sancta:

201 4258 484 4317 Trinitatis
540 4263 872 4334 generaliter
916 4264 1106 4321 devota
1162 4275 1342 4321 mente
1377 4267 1783 4322 concelebrant.

200 4349 296 4406 Sic
322 4361 498 4409 textus
527 4354 689 4410 totius
717 4355 966 4411 Psalterii
1019 4373 1094 4412 xu
1146 4359 1394 4426 partibus
1447 4358 1674 4422 divisus,
1729 4357 1785 4410 in

201 4444 568 4524 apostolorum
598 4460 846 4511 numero,
874 4447 1012 4500 mira
1049 4446 1208 4502 laude
1251 4446 1592 4503 concluditur
1612 4485 1628 4513 ,
1653 4461 1786 4517 qua-

202 4543 359 4592 tenus
373 4545 427 4592 et
456 4537 556 4591 iste
583 4535 710 4590 illud
738 4539 1024 4608 agatquod
1051 4538 1250 4595 Christi
1275 4539 1567 4608 discipulos
1592 4538 1785 4595 fecisse

201 4635 572 4704 cognovimus.
617 4633 715 4690 Est
739 4635 904 4690 etiam
931 4636 1170 4707 ejusdem
1199 4638 1276 4692 rei
1303 4637 1448 4692 aliud
1483 4638 1785 4693 evidentius

201 4733 628 4793 sacramentum,
657 4727 800 4797 quod
832 4727 936 4782 150
965 4728 1154 4783 diebus
1207 4727 1408 4784 diluvio
1458 4729 1786 4799 superducta

202 4816 524 4872 criminibus
551 4819 664 4874 suis
697 4828 840 4874 terra
875 4818 1040 4874 diluta
1069 4829 1170 4875 est.
1231 4819 1323 4875 Sic
1365 4828 1420 4876 et
1465 4821 1521 4876 hi
1571 4819 1784 4889 psalmi,

205 4907 298 4962 tali
349 4924 577 4965 numero
626 4910 913 4981 producti,
978 4927 1148 4978 genus
1196 4911 1492 4966 humanum
1548 4912 1788 4982 peccatis

203 4999 320 5055 suis
346 5001 634 5070 pollutum,
663 5002 1047 5058 convenienter
1078 5003 1306 5059 reddunt
1331 5003 1656 5060 absolutum.

277 5088 475 5146 Servite
503 5089 726 5147 Domino
754 5093 808 5147 in
839 5094 1044 5149 timore.
1069 5093 1256 5150 Brevis
1286 5104 1339 5149 et
1375 5095 1534 5164 plana
1572 5105 1656 5150 est
1686 5095 1787 5151 ista

203 5183 577 5248 commonitio,
606 5199 712 5254 qua
738 5185 1019 5239 hortamur
1047 5185 1410 5244 Domino.De0
1455 5201 1562 5242 non
1605 5187 1787 5243 servili

203 5276 304 5331 sed
335 5275 553 5331 amabili
587 5276 779 5332 timore
807 5277 1029 5331 servire.
1063 5277 1131 5331 Et
1162 5293 1228 5333 nc
1252 5279 1530 5334 servitium
1563 5279 1656 5334 Dei
1691 5279 1789 5335 du-

205 5368 482 5424 rissimum
514 5367 652 5424 forte
682 5377 984 5438 putaretur,
1012 5368 1289 5440 subjunxit
1321 5389 1333 5425 :

279 5459 348 5514 Et
375 5459 632 5516 exsultate
653 5461 721 5527 ei,
759 5461 883 5531 quia
919 5461 1079 5515 timor
1102 5461 1314 5516 Domini
1360 5478 1466 5518 non
1513 5464 1580 5519 ad
1629 5463 1788 5520 mise-

203 5559 369 5626 riam,
410 5560 504 5615 sed
549 5559 615 5614 ad
663 5559 917 5630 gaudium
959 5559 1128 5614 ducit.
1177 5559 1246 5616 Et
1290 5560 1505 5625 iterum,
1555 5554 1624 5617 ne
1672 5563 1790 5618 haec

203 5650 498 5710 exsultatio
543 5650 815 5722 negligens
845 5651 1180 5716 redderetur,
1210 5652 1414 5709 addidit
1463 5669 1476 5708 :
1521 5670 1638 5708 cum
1682 5665 1788 5709 tre-

204 5760 295 5800 ηιο
302 5759 376 5799 τε.

291 5832 457 5889 Verba
505 5850 619 5888 mea
660 5833 876 5888 auribus
905 5835 1130 5906 percipe,
1163 5833 1403 5902 Domine,
1432 5835 1658 5910 intellige
1687 5837 1796 5893 cla-

653 5925 924 5987 ΡΑτιιοι.
973 5924 1263 5992 CXXIX.

1878 1953 2018 2019 buit,
2050 1955 2298 2010 ardorem
2329 1955 2617 2010 charitatis
2645 1953 2966 2020 inﬂammat,
2993 1954 3120 2024 quia
3160 1954 3325 2008 Deum
3356 1967 3466 2008 non

1879 2053 2121 2101 meretur
2155 2046 2473 2115 praedicare,
2505 2045 2608 2101 nisi
2640 2047 2731 2116 qui
2772 2045 3116 2117 cognoscitur
3151 2053 3207 2099 ct
3251 2045 3464 2100 timere.

1878 2134 2002 2191 Ideo
2060 2135 2200 2190 dixit
2230 2153 2242 2189 :
2278 2138 2367 2206 qui
2417 2138 2630 2202 timetis,
2663 2137 2898 2191 taudate.

1935 2223 2102 2296 'Apud
2131 2235 2180 2280 te
2217 2225 2334 2280 laus
2380 2242 2497 2280 mea
2543 2228 2594 2280 in
2626 2226 2866 2281 Ecclesia
2919 2243 3144 2298 magna;
3201 2235 3317 2282 vota
3352 2241 3469 2281 mea

1879 2317 2099 2374 reddam
2121 2319 2174 2373 in
2197 2330 2472 2389 conspectu
2497 2320 2791 2374 timentium
2823 2336 2961 2374 eum.
2989 2320 3143 2390 Apud
3175 2320 3344 2374 Deum
3377 2321 3473 2374 dc-

1887 2410 1984 2464 het
2009 2425 2128 2466 esse
2167 2418 2355 2464 nostra
2382 2410 2519 2473 laus,
2556 2412 2607 2464 id
2637 2419 2743 2476 est,
2771 2411 2836 2467 de
2871 2413 3000 2477 Deo,
3037 2420 3094 2466 et
3135 2411 3237 2467 hoc
3267 2412 3319 2466 in
3365 2411 3468 2466 Ec—

1882 2499 2045 2556 clesia
2075 2500 2362 2567 catholica,
2389 2510 2446 2557 ut
2476 2510 2599 2556 vota
2630 2511 2818 2557 nostra
2839 2502 3188 2573 acceptabilia
3209 2503 3320 2558 sint
3339 2502 3470 2570 Deo,

1882 2609 2003 2666 quae
2030 2594 2350 2650 exhibemus
2380 2610 2561 2650 coram
2595 2596 2912 2651 timentibus
2939 2611 3018 2651 se.

1954 2685 2024 2742 Ut
2065 2688 2280 2742 audiam
2327 2705 2499 2743 vocem
2529 2687 2703 2742 laudis
2732 2699 2858 2756 tute,
2885 2700 2932 2745 et
2963 2707 3201 2745 enarrem
3230 2690 3474 2744 universa

1883 2780 2150 2836 mirabilia
2185 2791 2299 2836 tua.
2336 2780 2534 2837 Vocem
2560 2781 2889 2838 laudationis
2940 2781 3086 2836 illam
3131 2783 3477 2838 desiderabat

1883 2870 2026 2927 forte
2051 2873 2261 2939 audire,
2286 2889 2393 2945 qua
2425 2874 2602 2946 angeli
2642 2875 2856 2930 Domini
2897 2875 3118 2930 laudant
3161 2876 3354 2943 Deum,
3391 2874 3476 2929 di-

1885 2973 2069 3021 centes
2097 2983 2109 3019 :
2139 2963 2389 3032 Sanctus,
2417 2977 2660 3033 sanctus,
2717 2978 2955 3034 sanctus,
3015 2968 3271 3024 Dominus
3331 2969 3473 3024 Deus

1882 3058 2100 3114 sabaoth
2127 3058 2260 3130 (Isa.
2301 3060 2487 3131 vu,5);
2532 3075 2694 3132 quam
2727 3061 2888 3117 hodie
2908 3070 3099 3116 sancta
3129 3061 3368 3118 Ecclesia
3412 3062 3470 3118 in
3565 3099 3574 3110 μ

1869 3149 2252 3205 celebratione
2291 3152 2468 3206 missa:
2511 3151 2781 3218 decantat,
2841 3153 3058 3222 quando
3109 3151 3251 3206 enim
3308 3152 3471 3207 istam

1809 3217 1855 3282 Ο
1886 3247 2254 3302 laudationem
2315 3249 2507 3304 devote
2567 3249 2856 3316 canimus,
2911 3247 3227 3318 angelorum
3280 3246 3471 3319 procul

1886 3339 2048 3395 dubio
2074 3339 2296 3394 vocibus
2326 3341 2707 3396 admiseemur.

1954 3429 2194 3496 Domine,
2225 3431 2388 3485 dilexi
2407 3433 2647 3487 decorent
2667 3431 2854 3488 domus
2881 3440 3071 3499 tute,et
3103 3432 3274 3487 locant
3303 3434 3476 3488 taber-

1887 3520 2062 3578 naculi
2103 3521 2431 3593 gloriaatuw.
2463 3523 2723 3579 Decet-em
2754 3525 2947 3580 domus
2993 3525 3158 3591 dicit,
3206 3540 3312 3580 non
3357 3524 3476 3596 pul-

1885 3612 2245 3668 chritudinem
2290 3612 2586 3683 parietum,
2617 3623 2712 3668 aut
2739 3615 3162 3671 ministeriorum
3198 3617 3475 3686 pretiosis-

1885 3703 2050 3760 simos
2075 3712 2389 3773 apparatus,
2442 3705 2538 3761 sed
2562 3704 2876 3775 qualitatem
2916 3705 3177 3760 bonorum
3219 3714 3473 3772 actuum;

1885 3811 2006 3866 quae
2029 3805 2245 3851 constat
2274 3797 2327 3851 in
2351 3796 2682 3867 psalmorum
2707 3797 3112 3866 jubilationem,
3145 3807 3200 3854 et
3239 3800 3292 3854 in
3343 3815 3468 3870 prc-

1886 3906 2006 3946 cum
2046 3892 2488 3959 sanctitatem,et
2515 3892 2567 3947 in
2591 3892 2885 3949 Christiani
2909 3893 3090 3965 p0puli
3121 3892 3474 3949 humillimam

1885 3985 2249 4040 devotionem.

1957 4077 2180 4132 Psallite
2218 4078 2464 4146 Domino,
2491 4080 2660 4133 sancti
2684 4079 2820 4148 ejus,
2851 4089 2899 4133 et
2923 4079 3245 4147 conﬁtemini
3276 4096 3446 4133 meme

1885 4169 1980 4224 ria:
2032 4171 2324 4224 sanctitatis
2353 4169 2488 4238 ejus.
2520 4166 2620 4234 Qui
2652 4169 2824 4224 sancti
2869 4179 3025 4234 sunt,
3073 4169 3382 4240 praccipitur
3419 4180 3478 4224 ut

1883 4264 2114 4336 psallunt
2141 4265 2388 4332 Domino,
2421 4265 2547 4335 quia
2567 4283 2672 4320 non
2711 4277 2785 4320 est
2839 4267 3072 4338 speciosa
3121 4267 3238 4321 laus
3287 4268 3340 4320 in
3387 4282 3478 4320 ore

1883 4358 2170 4430 peccatoris
2203 4355 2396 4428 (Eccli.
2420 4375 2486 4413 xv
2508 4401 2521 4423 ,
2546 4359 2622 4430 9).
2652 4358 2965 4416 Cettﬁtenda
3007 4369 3061 4414 et
3098 4360 3362 4415 laudanda
3393 4370 3477 4415 est

1887 4449 2148 4504 memoria
2175 4450 2482 4506 sanctitatis
2505 4449 2640 4519 ejus,
2667 4468 2786 4521 qua!
2817 4452 3037 4506 humani
3068 4452 3285 4522 generis
3320 4453 3478 4505 misce

1887 4539 2176 4595 ricorditer
2219 4543 2510 4597 recordans
2545 4541 2708 4598 allicit
2757 4545 2900 4613 quod
2957 4559 3056 4598 nos
3113 4543 3326 4600 salvare
3381 4558 3475 4613 po-

1810 4598 1862 4660 D
1891 4632 2101 4687 tuisset.

1961 4721 2238 4780 Exsultate
2249 4726 2386 4796 justi
2418 4727 2473 4782 in
2504 4727 2748 4783 Domino.
2774 4726 2972 4798 Injusti
3001 4726 3258 4783 exsultent
3290 4726 3343 4781 in
3374 4743 3474 4781 ste.

1889 4814 2028 4870 culo.
2081 4815 2264 4871 Finito
2301 4817 2501 4873 saeculo
2551 4818 2738 4872 ﬁnitur
2789 4817 3114 4888 injustormn
3163 4818 3474 4873 exsultatio.

1889 4906 2174 4963 Exsultent
2214 4919 2394 4964 autem
2417 4908 2550 4979 justi
2583 4912 2636 4966 in
2670 4911 2918 4976 Domino,
2947 4912 3094 4982 quia,
3128 4919 3480 4981 permanente

1891 4999 2140 5066 Domino,
2171 5004 2512 5071 permanebit
2551 5004 2823 5075 justorum
2864 5004 3170 5060 exsultatio.
3201 5002 3480 5058 Exsultatc

1889 5099 2068 5147 autem
2093 5092 2416 5160 in_Domino,
2438 5095 2512 5150 ita
2537 5097 2792 5152 convenit
2815 5105 2873 5151 ut
2893 5096 3170 5151 laudemus
3195 5095 3366 5160 illum,
3385 5097 3476 5166 qui

1889 5185 2036 5242 solus
2066 5204 2172 5242 non
2215 5187 2381 5244 habet
2418 5189 2562 5259 quod
2591 5191 2749 5247 nobis
2773 5191 3073 5261 displiceat.
3103 5190 3286 5245 Rertos
3335 5191 3478 5244 decet

1888 5277 2207 5333 collau.latio
2239 5278 2411 5351 (Psal.
2447 5297 2619 5349 xxx",
2665 5281 2715 5353 l)
2751 5304 2760 5336 :
2798 5283 2871 5337 illi
2902 5293 3028 5339 sunt
3071 5284 3243 5347 recti,
3277 5282 3365 5339 aui
3395 5296 3478 5335 se—

1895 5373 2126 5426 cundum
2162 5372 2495 5428 voluntatem
2527 5375 2620 5430 Dei
2669 5375 2906 5446 dirigunt
2937 5389 3030 5431 cor
3053 5416 3068 5440 ,
3099 5384 3154 5430 et
3180 5375 3232 5427 in
3266 5387 3481 5442 prospe-

1893 5467 2056 5521 ritate
2086 5474 2138 5520 ct
2169 5468 2221 5522 in
2254 5468 2600 5526 tribulatione
2631 5469 2854 5524 laudant
2901 5469 3084 5525 Deum.

1967 5555 2300 5627 Conﬁtentini
2341 5559 2566 5614 Domino
2608 5561 2662 5614 in
2702 5562 2926 5626 cithara,
2953 5561 3008 5614 in
3031 5557 3276 5629 psalterio
3305 5556 3482 5621 decem

1899 5650 2212 5704 chordarum
2239 5651 2445 5721 psallite
2466 5653 2567 5706 illi.
2582 5653 2801 5708 Cithara
2823 5651 3046 5707 inferius
3069 5651 3234 5705 habet
3257 5649 3480 5728 ligtmm,

1902 5745 1986 5800 cui
2015 5745 2356 5816 superjacent
2381 5746 2618 5812 chordae,
2648 5763 2768 5817 quae
2800 5755 2955 5802 taetre
2977 5751 3248 5802 resonant.
3278 5741 3486 5796 Psalte-

1904 5840 2043 5896 rium
2088 5854 2215 5897 vero
2261 5841 2313 5896 in
2364 5841 2644 5910 superiore
2699 5841 2862 5897 habet
2908 5839 3084 5910 ipsum
3109 5837 3354 5908 .lignum.
3382 5831 3486 5911 Per

2934 5931 3008 5994 hs
