4006 5440
602 452 744 513 NW

1420 451 1715 510 APPEND.
1754 452 1847 511 AD
1886 454 2059 513 SEC.
2102 454 2196 513 iX.
2234 486 2307 498 —
2341 454 2717 514 AUCTORES
2751 455 3088 516 ANONYMI.

3685 472 3784 532 i420

602 571 872 628 citharam
894 531 1209 642 intelligitur
1234 574 1451 625 terrena
1477 568 1836 641 prosperitas,
1869 570 1982 626 sive
2000 571 2194 626 adver-
2219 573 2265 637 Α
2295 569 2542 642 exemplo
2572 572 2732 627 datur
2772 572 3020 643 intelligi,
3051 573 3138 628 ubi
3172 574 3251 630 ait
3282 592 3294 628 :
3330 592 3351 626 ι
3376 573 3431 631 in
3459 591 3537 634 me
3559 590 3665 638 sunt
3683 582 3787 646 Deus

600 666 756 723 sita's.
775 657 1106 735 Conﬁtcmini
1127 664 1316 735 ergoin
1332 663 1556 728 cithara,
1576 662 1629 719 id
1643 672 1746 729 est,
1766 664 1878 719 sive
1895 663 1987 719 tibi
2015 664 2188 719 abun-

602 760 697 817 det
719 758 927 829 aliquid
954 767 1255 825 terrenum,
1284 758 1487 829 gratias
1512 771 1610 828 age
1638 756 1711 812 illi
1737 758 1829 828 qui
1862 757 2046 825 dedit;
2073 758 2188 816 sive

602 847 696 906 tibi
723 847 1140 916 desit,velforte
1161 848 1358 905 damno
1386 847 1957 916 auleratur,’similiter
1983 850 2186 923 gratias

599 953 720 1011 age.
753 938 871 997 Non
914 949 998 997 est
1025 940 1172 996 enim
1208 940 1301 996 tibi
1351 940 1563 997 ablatus
1605 941 1696 1012 qui
1741 942 1929 1008 dedit,
1961 942 2091 998 licet
2118 942 2190 999 sit

597 1032 840 1090 ablatum
882 1034 1024 1105 quod
1068 1032 1248 1101 dedit;
1303 1043 1498 1105 potens
1544 1043 1628 1090 est
1677 1033 1773 1089 tibi
1815 1035 1860 1091 sl
1892 1035 2003 1091 vult
2033 1036 2186 1107 plura

597 1113 805 1197 largiri.
847 1123 954 1182 Per
984 1125 1300 1196 psalterium
1346 1140 1476 1181 vero
1513 1126 1889 1197 signiﬁcantur
1915 1137 2186 1199 praecepta

597 1213 815 1271 ctelitus
866 1215 1178 1271 hominibus
1228 1216 1389 1282 data;
1439 1218 1582 1287 quod
1630 1217 1946 1288 psalterium
1998 1219 2186 1275 decem

598 1306 928 1364 chordarum
962 1307 1162 1363 dicitur
1191 1308 1316 1380 quia
1373 1310 1559 1364 decem
1619 1319 1743 1366 sunt
1798 1311 1959 1367 verba
2011 1310 2185 1384 legis,

519 1462 523 1469 τ
596 1412 739 1470 quae,
766 1397 811 1453 si
835 1398 1140 1471 implemns,
1169 1399 1404 1472 perfecte
1428 1400 1537 1457 Deo
1566 1402 1617 1457 in
1641 1402 1896 1472 psalterio
1917 1403 2182 1460 canimus.

596 1488 931 1561 Con/itemini
974 1489 1197 1546 Domino
1228 1492 1282 1547 in
1321 1491 1546 1560 cithara,
1572 1502 1679 1549 etc.
1710 1492 1806 1549 isti
1838 1504 1963 1550 sunt
2007 1494 2140 1566 justi
2167 1535 2184 1561 ,

593 1596 733 1653 quos
759 1586 1009 1655 superius
1036 1586 1175 1640 dixit
1204 1586 1295 1656 qui
1331 1586 1534 1642 sanctis
1577 1587 1787 1643 actibus
1819 1586 2030 1642 laudem
2081 1588 2192 1643 Do-

592 1675 729 1732 mini
778 1678 971 1734 devota
1021 1678 1387 1736 modulatione
1441 1678 1751 1736 deca'ntant.
1808 1680 2031 1737 Cithara
2079 1690 2183 1750 est,

593 1767 738 1823 sicut
788 1768 843 1824 in
890 1768 1207 1842 praefatione
1246 1770 1359 1843 jam
1391 1771 1593 1827 dictum
1639 1781 1742 1839 est,
1771 1770 1934 1844 lignei
1981 1773 2188 1829 ventris

592 1861 886 1922 immodica
934 1867 1246 1923 concavitas
1270 1909 1283 1933 ,
1327 1883 1448 1939 qua:
1483 1883 1699 1924 sursum
1745 1870 2069 1926 chordarum
2097 1870 2187 1928 illa

2291 672 2452 728 vota,
2481 680 2601 735 quae
2640 665 2858 720 reddam
2897 665 3081 720 laudes
3111 666 3207 721 tibi
3240 664 3406 738 (Psal.
3440 685 3518 735 Lv,
3547 671 3635 745 η).
3659 693 3675 728 ι
3697 675 3787 735 Περ

2290 763 2471 811 autem
2508 764 2564 811 et
2604 756 2829 822 similia,
2868 757 3010 813 sicut
3035 772 3176 830 saepe
3204 756 3458 818 diximus.
3484 763 3672 829 tropicis
3690 766 3787 823 allu-

2289 844 2533 902 sionibns
2552 846 2861 903 edicuntur.

2306 968 2311 973 -
2360 935 2584 992 Cantate
2604 937 2651 992 ei
2680 940 2944 993 canticum
2970 955 3183 995 novum.
3210 939 3333 994 bene
3351 941 3550 1009 psallite
3571 946 3612 999 ei
3628 948 3671 1002 in
3687 949 3792 1019 jubi-

2288 1029 2502 1086 latione.
2550 1029 2784 1088 Cantatc
2832 1033 3103 1089 canticum
3154 1049 3376 1101 novum,
3404 1036 3574 1092 exuite
3602 1052 3793 1107 vetusta-

2291 1129 2417 1176 tem.
2445 1121 2561 1177 Non
2596 1124 2831 1193 pertinet
2868 1125 3141 1180 canticum
3198 1138 3396 1182 novum
3429 1127 3492 1183 ad
3531 1139 3707 1188 veteres
3724 1135 3793 1191 bo-

2288 1214 2482 1270 mines.
2508 1213 2651 1270 Bene
2697 1215 2908 1286 psallite
2954 1216 3004 1273 ei
3034 1216 3087 1271 in
3136 1218 3317 1283 corde,
3368 1226 3426 1274 et
3465 1222 3797 1287 voee,nelune

2287 1305 2361 1362 illi
2385 1306 2688 1378 displiceat.
2749 1308 2866 1365 Non
2919 1311 3064 1366 enim
3117 1311 3230 1365 vult
3282 1312 3424 1369 Deus
3472 1312 3645 1371 ollendi
3685 1335 3798 1376 aures

2288 1417 2437 1458 suas.
2464 1402 2520 1457 ln
2569 1394 2891 1471 jubilatione
2928 1405 3096 1471 canit,
3153 1406 3242 1475 qui
3272 1414 3477 1462 tantam
3519 1405 3698 1464 laudem
3732 1411 3799 1468 Dei

2287 1509 2411 1550 cum
2451 1504 2732 1551 servatore
2762 1496 2816 1551 in
2846 1497 3012 1554 corde
3049 1497 3413 1568 amplectitur,
3468 1508 3525 1555 ut
3572 1515 3674 1556 eam
3707 1517 3801 1559 voce

2286 1586 2506 1657 explere
2554 1600 2660 1641 non
2682 1588 2875 1659 possit.
2924 1588 2981 1643 in
3024 1602 3129 1660 qua
3180 1578 3505 1659 jubilatione
3544 1607 3637 1647 non
3677 1602 3803 1666 potest

2285 1678 2425 1735 bene
2448 1678 2696 1750 psallere,
2718 1680 2820 1735 nisi
2846 1680 2940 1751 qui
2966 1680 3121 1737 bona:
3159 1682 3400 1737 studium
3450 1686 3801 1741 conversationis

2288 1769 2623 1841 adjunxerit.

2362 1861 2676 1918 Benedicam
2702 1860 2991 1918 Dominum
3056 1864 3112 1920 in
3158 1865 3303 1919 omni
3357 1873 3599 1937 teutpore,
3659 1881 3804 1936 semper

590 1958 989 2023 transmittens,
1013 1960 1161 2015 sonis
1181 1959 1511 2016 dulcissimis
1529 1974 1783 2031 percussa
1807 1962 2181 2034 perloquitur;

2288 1949 2407 2006 laus
2429 1952 2546 2034 ejus
2572 1954 2630 2007 in
2651 1966 2740 2008 ore
2764 1968 2897 2007 meo.
2941 1950 3058 2009 Non
3108 1953 3283 2009 solum
3308 1954 3530 2019 quando
3565 1957 3623 2010 ad
3650 1956 3804 2011 laudem

592 2060 713 2119 Quae
741 2050 864 2106 ideo
910 2050 1016 2107 tale
1044 2066 1241 2108 nomen
1275 2053 1483 2124 accepit
1507 2094 1522 2119 ,
1555 2053 1813 2124 quoniam
1864 2052 1971 2109 cita
2024 2055 2184 2110 itera-

591 2141 741 2197 tione
792 2142 1113 2213 percutitur.
1157 2143 1291 2198 Huic
1339 2144 1535 2199 merito
1586 2152 1975 2216 comparantur
2017 2160 2182 2216 opera

590 2248 713 2305 quae
757 2233 989 2289 terrenis
1018 2233 1181 2290 rebus
1209 2236 1275 2289 ad
1313 2246 1603 2305 supernam
1641 2235 1871 2307 gratiam
1900 2235 2185 2306 porrigun-

592 2324 700 2388 tur,
737 2323 788 2378 id
817 2332 922 2389 est,
954 2322 1079 2378 dum
1112 2325 1443 2380 esurientem
1473 2324 1764 2395 pascimus,
1812 2325 1939 2381 dum
1981 2324 2183 2381 nudum

589 2414 872 2480 vestimus,
931 2414 1058 2469 dum
1116 2428 1319 2486 aegrum
1371 2413 1675 2480 visitamus,
1711 2421 1844 2481 etc.,
1884 2428 2027 2484 qum,
2060 2413 2185 2471 licet

587 2504 875 2561 videantur
900 2502 1182 2572 carnalia,
1223 2503 1525 2560 divinitatis
1587 2513 1766 2561 tamen
1822 2519 2009 2562 amore
2058 2521 2185 2576 per-

595 2604 853 2666 aguntur.

659 2689 1066 2746 Citharizamus
1095 2703 1313 2761 quoque
1340 2704 1461 2745 cum
1484 2689 1830 2761 passionibus
1854 2689 2073 2755 nostris,
2098 2689 2184 2747 vel

587 2783 807 2841 damnis
836 2797 1028 2839 secure
1057 2797 1121 2839 ac
1151 2782 1259 2837 laeti
1284 2782 1514 2840 dicimus
1545 2800 1559 2837 :
1590 2782 1848 2839 Dominus
1878 2783 2042 2849 dedit,
2078 2782 2185 2838 Do-

585 2877 761 2931 minus
794 2874 1041 2940 abstulit;
1068 2876 1203 2930 sicut
1230 2873 1459 2930 Domino
1483 2873 1703 2945 placuit,
1736 2876 1809 2929 ita
1832 2874 2032 2945 factum
2062 2884 2137 2929 est
2162 2880 2182 2941 ξ

585 2968 655 3024 sit
693 2982 880 3022 nomen
926 2965 1142 3021 Domini
1186 2966 1513 3021 benedictum
1559 2966 1680 3037 (Job
1721 2982 1773 3032 ι,
1817 2964 1929 3039 21).
1974 2965 2183 3022 Psalle-

589 3059 727 3114 rium
754 3073 885 3114 vero
928 3057 1325 3113 decachordnm
1369 3072 1488 3114 esse
1515 3058 1750 3113 diximus
1778 3100 1792 3124 ,
1825 3057 1969 3129 quod
1994 3057 2185 3114 ordine

589 3166 856 3211 converso
910 3151 1090 3206 alvum
1143 3150 1368 3208 cithara:
1432 3151 1485 3206 in
1559 3150 1932 3223 superioribus
2000 3151 2181 3207 habet.

592 3244 734 3302 unde
770 3243 838 3300 ad
870 3241 1183 3300 inferiorem
1230 3250 1439 3312 partem
1470 3257 1671 3299 canora
1704 3241 1790 3297 ﬁla
1816 3242 2182 3307 descendunt;

2285 2040 2385 2096 Dei
2414 2027 2715 2098 faciendam
2759 2044 3086 2110 accedimus,
3131 2046 3225 2101 sed
3271 2047 3424 2101 Omni
3452 2048 3809 2118 lcmporedebes

2286 2134 2507 2191 laudare
2532 2145 2589 2191 et
2617 2135 2938 2192 benedicere
2980 2137 3170 2204 Deum,
3217 2137 3269 2192 id
3296 2147 3407 2202 est,
3448 2137 3597 2194 uictu
3625 2150 3671 2195 te
3698 2141 3809 2194 ethi-

2285 2226 2436 2292 bere,
2466 2235 2549 2293 ut,
2581 2227 2626 2282 si
2657 2226 2838 2299 lingua
2869 2237 3034 2295 tacet,
3072 2229 3180 2284 vita
3215 2238 3306 2285 tua
3331 2229 3519 2287 laudet
3542 2230 3810 2288 Deum.Sive

2286 2317 2339 2374 in
2367 2320 2751 2391 prosperitate,
2781 2320 2897 2376 sive
2920 2321 2972 2376 in
3001 2321 3331 2376 adversitatc
3354 2324 3456 2387 sis,
3485 2337 3678 2393 semper
3693 2322 3808 2376 lauds

2284 2406 2477 2465 Deum.
2506 2409 2643 2465 Cum
2671 2409 2764 2465 tibi
2795 2422 2882 2467 est
2908 2420 3125 2469 terrena
3148 2415 3489 2484 prosperitas
3512 2415 3652 2470 lauda
3671 2416 3810 2478 Delum,

2284 2501 2378 2571 qui
2422 2500 2588 2557 dedit.
2652 2501 2789 2557 Cum
2844 2517 2974 2559 vero
3021 2504 3364 2571 adversitas,
3424 2505 3659 2560 similiter
3699 2504 3811 2561 lands

2283 2592 2472 2659 Deum,
2505 2592 2659 2664 cujus
2695 2591 2845 2663 justo
2872 2592 3078 2663 judicio
3118 2595 3298 2666 agitur
3322 2606 3383 2651 ut
3445 2596 3535 2651 tibi
3577 2596 3811 2652 adversitas

2283 2688 2584 2760 contingat.
2614 2687 2709 2742 Ille
2754 2686 2940 2744 laudat
2989 2687 3157 2744 Deum
3207 2689 3263 2743 in
3289 2690 3448 2745 omni
3479 2697 3712 2760 tempore,
3748 2686 3813 2758 qui

2284 2782 2505 2838 humilis
2526 2791 2634 2838 est.
2661 2781 2799 2850 Quid
2825 2789 2911 2838 est
2934 2795 3060 2838 esse
3096 2781 3395 2837 humilem?
3428 2780 3576 2838 Nolle
3598 2782 3647 2835 in
3667 2779 3811 2835 seba-

2284 2875 2425 2930 dari.
2455 2874 2558 2942 Qui
2592 2876 2647 2929 in
2675 2891 2735 2932 se
2764 2875 3129 2941 vultlaudari,
3170 2874 3447 2945 superbus
3475 2885 3597 2941 est;
3633 2874 3707 2944 qui
3726 2886 3815 2927 vero

2284 2971 2552 3041 superbus
2582 2978 2687 3037 est,
2719 2984 2830 3025 non
2860 2977 3042 3026 'ioteSt
3070 2970 3292 3025 laudare
3331 2959 3619 3025 Dominum
3644 2969 3689 3021 in
3709 2965 3813 3019 omni

2286 3073 2544 3136 tempore.

2354 3158 2495 3213 Bene
2528 3157 2771 3213 nuntiari
2784 3157 3055 3228 justitiam
3088 3164 3235 3210 tuam
3263 3155 3320 3209 in
3358 3153 3606 3210 Ecclesia
3647 3166 3813 3223 magna;

2285 3266 2402 3305 ecce
2425 3248 2567 3304 labia
2594 3266 2709 3305 mea
2732 3266 2838 3305 non
2859 3249 3159 3320 prohibebo.
3184 3248 3275 3302 llle
3301 3247 3451 3304 bene
3481 3248 3681 3303 nuntiat
3699 3242 3817 3313 justi.

588 3338 673 3393 cui
716 3343 986 3408 praecepta
1025 3334 1272 3406 Decalogi
1310 3335 1698 3391 convenienter
1738 3342 2014 3407 aptantur.
2043 3333 2179 3402 Quia
2209 3325 2251 3387 C
2284 3341 2415 3395 tiam
2445 3339 2541 3396 Dei
2569 3340 2624 3394 in
2655 3338 2899 3395 Ecclesia
2937 3337 3228 3403 catholica,
3259 3338 3352 3407 qui
3386 3338 3533 3393 bene
3558 3337 3691 3399 vivit,
3714 3344 3756 3389 et
3779 3333 3816 3387 is

585 3428 879 3483 secundum
929 3425 1161 3482 formam
1207 3427 1553 3483 instrumenti
1601 3427 1783 3500 hujus,
1832 3427 1899 3483 de
1929 3426 2178 3499 supernis
2280 3428 2552 3487 laudando
2574 3440 2632 3488 et
2660 3432 3007 3503 pradicando
3030 3430 3195 3486 Deum
3233 3431 3429 3502 segnis
3481 3438 3588 3485 non
3626 3426 3814 3491 edicitur,

584 3521 859 3577 venientia
915 3519 1127 3577 Domini
1175 3519 1327 3591 jnssa
1379 3520 1727 3592 suscipimus.
1779 3520 1848 3577 Et
1891 3521 2177 3577 considera
2280 3523 2377 3579 sed
2426 3522 2562 3580 alios
2586 3525 2655 3581 ad
2701 3524 2918 3579 laudem
2969 3523 3066 3579 Dei
3112 3538 3211 3579 suo
3257 3523 3522 3594 exemplo
3549 3526 3778 3594 provocat.

584 3611 711 3683 quia
742 3611 915 3667 solum
964 3620 1049 3666 est
1098 3612 1519 3667 instrumentum
1553 3613 1854 3678 musicum,
1905 3614 2046 3683 quod
2081 3626 2179 3684 pro

2353 3610 2578 3673 Psallite
2602 3615 2708 3673 Deo
2738 3625 2942 3683 nostra,
2988 3614 3241 3687 psallite,~=
3257 3608 3479 3686 psallite
3517 3614 3637 3685 Regi
3670 3619 3816 3672 nostra,

583 3706 903 3764 excellentia
934 3706 1017 3763 sui
1050 3705 1447 3763 decachordum
1480 3706 1726 3762 dicatur:
1760 3704 1876 3762 Non
1905 3706 2047 3762 enim
2075 3708 2180 3764 hoc
2279 3706 2504 3780 psallite.
2540 3707 2608 3765 Ut
2635 3709 2740 3764 hoc
2760 3721 2897 3779 opus
2931 3706 3170 3763 salutare
3213 3707 3562 3769 ostenderet,
3607 3704 3711 3759 ideo
3726 3713 3824 3771 qua.

588 3799 655 3856 de
682 3799 893 3854 cithara
919 3840 935 3865 ,
968 3798 1053 3855 vel
1102 3799 1226 3853 aliis
1266 3798 1644 3869 hujuscemodi
1699 3800 2075 3855 instrumentis
2103 3800 2184 3856 le-

587 3902 736 3951 ctum
754 3909 874 3949 esse
887 3894 1251 3950 meminimus.
1274 3892 1677 3949 Decachordum
1694 3909 1823 3950 vero
1840 3895 2177 3966 psalterium,

587 3983 729 4040 sicut
766 3991 978 4039 veteres
1007 3984 1286 4050 dixerunt,
1334 3994 1388 4040 et
1416 3984 1545 4040 illud
1575 3986 1730 4041 nobis
1769 3985 1973 4042 indicat
2003 4001 2182 4041 sacra-

584 4083 850 4140 mentum,
883 4082 943 4129 ut
990 4072 1289 4130 referamus
1319 4078 1421 4130 tria
1450 4076 1515 4130 ad
1566 4076 1733 4131 Deum
1759 4116 1774 4141 ,
1803 4076 1891 4147 qui
1944 4077 2178 4133 Trinitas

585 4177 695 4237 est,
725 4169 776 4224 id
821 4178 905 4224 est
930 4209 943 4233 ,
986 4167 1217 4239 primum
1241 4209 1253 4231 ,
1306 4168 1447 4239 quod
1494 4168 1570 4222 ait
1602 4186 1615 4221 :
1646 4166 1767 4223 Non
1797 4168 2007 4223 habebis
2057 4169 2178 4223 deos

585 4258 785 4314 alienos
839 4274 1016 4312 coram
1062 4274 1142 4311 me
1170 4256 1367 4329 (Exod.
1422 4274 1523 4324 xx,
1559 4259 1651 4329 3);
1702 4258 2019 4323 secundum,
2055 4256 2178 4314 Non

586 4352 749 4423 {acies
780 4351 871 4406 tibi
896 4350 1134 4422 sculptile
1155 4350 1342 4421 (Ibid,
1367 4352 1422 4420 4)
1463 4369 1475 4403 :
1507 4352 1720 4406 tertium
1747 4370 1760 4405 :
1798 4351 1922 4407 Non
1947 4368 2180 4407 assumes

589 4443 681 4498 tibi
704 4459 888 4498 nomen
920 4442 1014 4497 Dei
1041 4452 1119 4497 tut
1146 4443 1200 4496 in
1231 4460 1451 4497 vacuum
1476 4442 1664 4514 (Ibid.,
1686 4443 1763 4514 7).
1794 4442 1851 4498 In
1879 4443 2182 4515 qnojungit

583 4546 639 4594 et
675 4540 741 4594 de
773 4537 1031 4593 Sabbato.
1075 4537 1296 4608 Septem
1315 4552 1449 4592 vero
1479 4552 1600 4608 quae
1626 4546 1925 4608 sequuntur
1954 4538 2019 4592 ad
2043 4537 2179 4591 dile-

584 4630 819 4686 ctionem
848 4631 1101 4686 dixerunt
1126 4628 1355 4698 proximi
1389 4629 1682 4698 pertinere,
1709 4628 1761 4682 id
1791 4637 1916 4683 est:
1953 4627 2174 4683 Honora

2280 3808 2406 3854 tuor
2432 3799 2641 3855 vicibus
2669 3797 3151 3871 repetiit,psallitc.
3181 3796 3434 3853 Psallere
3448 3800 3593 3853 enim
3613 3804 3687 3851 est
3705 3789 3819 3849 bonis

2282 3889 2587 3945 actionibus
2622 3888 2809 3945 laudes
2846 3888 2955 3945 Deo
2999 3902 3217 3954 canere,
3249 3889 3425 3958 quod,
3473 3889 3519 3944 si
3559 3888 3685 3943 bene
3708 3883 3821 3940 exhi-

2281 3980 2498 4047 beatur,
2528 3982 2693 4038 etiam
2717 3996 2841 4038 eum
2878 3981 3087 4053 angelis
3108 3980 3263 4037 nobis
3297 3982 3572 4051 probatur
3591 3994 3698 4035 esse
3718 3989 3821 4033 coa-

2286 4088 2472 4129 mune.
2503 4071 2727 4128 Psallite
2752 4071 2879 4144 Regi
2905 4084 3082 4129 nostra
3101 4090 3122 4139 ;
3143 4072 3363 4128 Christo
3390 4076 3545 4139 dicit,
3566 4088 3663 4127 nos
3675 4070 3820 4127 alieno.

2282 4178 2442 4234 quem
2482 4164 2637 4220 decet
2664 4165 2763 4220 ista
2796 4164 3053 4219 laudatio.

2354 4254 2617 4322 Quoniam
2644 4255 2756 4311 Rea."
2781 4254 2948 4310 omnis
2976 4266 3128 4310 terra,
3157 4255 3300 4309 Deus
3318 4272 3336 4309 :
3357 4256 3578 4326 psallite
3601 4253 3822 4323 sapienter.

2282 4348 2399 4421 ipse
2424 4361 2507 4405 est
2527 4349 2671 4404 enim
2703 4350 2967 4405 veraciter
2992 4347 3104 4404 Rex
3137 4349 3314 4403 omnis
3337 4357 3530 4413 terrae,
3557 4349 3636 4403 cui
3664 4344 3827 4413 sapien-

2282 4447 2368 4494 ter
2388 4439 2617 4509 psallere
2646 4439 2935 4495 debemus:
2963 4448 3042 4504 ut,
3081 4454 3184 4492 non
3227 4438 3406 4492 solum
3452 4427 3825 4496 cantantes,st

2279 4528 2640 4600 iutelligentes
2659 4528 2891 4599 psallere
2905 4528 3214 4585 debeamus.
3240 4526 3415 4583 Nemo
3436 4529 3586 4584 enim
3611 4526 3826 4594 sapienter

2280 4622 2573 4691 quidquam
2604 4620 2733 4676 facit
2761 4622 2904 4691 quod
2934 4637 3039 4676 non
3071 4620 3338 4691 intelligit.

581 4733 791 4793 patrem
806 4731 951 4777 tuum
981 4733 1028 4775 et
1049 4707 1269 4775 matrem
1294 4730 1460 4776 tuam.
1496 4720 1618 4777 Non
1646 4722 1867 4777 occides.
1903 4719 2027 4776 Non
2049 4738 2171 4776 ma!-

2296 4687 2316 4691 —
2352 4687 2579 4767 Intmola
2610 4711 2723 4768 Deo
2742 4687 3062 4781 sacrificium
3096 4687 3296 4778 laudis,
3335 4724 3386 4768 et
3422 4714 3585 4767 redde
3613 4708 3825 4764 ditissimi

584 4815 839 4871 chaberis.
882 4811 1009 4867 Non
1056 4813 1255 4883 furtum
1316 4812 1497 4882 facies.
1556 4810 1677 4867 Non
1717 4811 1946 4884 loqueris
1990 4822 2172 4866 contra

2284 4813 2395 4857 vota
2425 4802 2704 4870 tua..Quis
2754 4803 2998 4858 immolat
3039 4803 3149 4858 Deo
3175 4804 3514 4859 sacriﬁcium
3560 4801 3733 4862 laudis,
3756 4792 3828 4849 ιιιέ

581 4910 874 4979 proximum
902 4917 1047 4961 tuum
1072 4904 1265 4976 falsum
1296 4906 1670 4963 testimonium.
1701 4905 1821 4960 Non
1843 4905 2172 4976 concupisces
2278 4896 2367 4966 qui
2399 4911 2429 4950 θ
2461 4896 2692 4951 ιθιτεηίε
2712 4895 2855 4951 Villis
2891 4895 3058 4951 fueril
3104 4905 3425 4968 segregatus
3480 4895 3650 4967 [Εάὲίι
3678 4890 3828 4945 Βαείίῖ

583 5002 795 5053 domum
843 4998 1071 5069 proximi
1120 4999 1216 5051 lui.
1271 4997 1392 5052 Non
1450 4997 1772 5053 desiderabis
1802 5013 2017 5051 uxorem
2056 4997 2171 5067 ejus

2284 4988 2371 5058 qui
2395 4990 2623 5042 moritur
2638 4987 2860 5055 mundo,
2883 4997 2940 5042 ut
2962 4988 3159 5055 ostium
3185 4986 3568 5059 liatChristn].
3600 4987 3703 5040 Non
3721 4982 3831 5036 enim

584 5088 758 5142 Exod.
790 5103 889 5154 xu,
923 5087 1033 5157 l7).
1060 5086 1151 5143 Sic
1183 5088 1345 5143 totius
1371 5087 1705 5143 decachorda
1732 5086 1973 5159 psalterii
2003 5086 2176 5143 virtus
2278 5080 2456 5152 placet
2483 5080 2733 5146 Domino.
2759 5080 2803 5137 si
2830 5080 3017 5137 laudes
3051 5081 3169 5152 eius
3195 5082 3365 5156 utrpis
3413 5095 3647 5152 persona
3675 5078 3829 5131 dem-

582 5179 821 5250 perl‘ecta
860 5180 1015 5234 nobis
1066 5186 1120 5234 et
1171 5179 1504 5234 honorabilis
1552 5180 1841 5234 indicatur.
1890 5177 2178 5233 Psallimns
2280 5180 2375 5229 tet.
2434 5173 2664 5261 'lIurpem
2693 5188 2978 5245 personam
3026 5174 3117 5230 hic
3166 5174 3286 5229 dico
3336 5188 3472 5243 qua:
3525 5188 3621 5236 per
3646 5170 3832 5261 vitiari

963 5270 1017 5308 ί..
1074 5271 1258 5310 rimam
1307 5269 1524 5312 ouantia
1570 5268 1790 5314 ηιιιιηδη
1836 5269 1891 5314 in
1938 5270 2178 5318 nuinmte
2278 5254 2499 5322 oeci-at}:
2535 5266 2705 5320 turnis
2737 5265 2997 5326 redditur,
3023 5267 3146 5320 auia
3170 5266 3513 5320 cantandum
3540 5272 3623 5318 est
3652 5254 3830 5313 Domino

707 5283 805 5304 η--οη
854 5276 907 5308 ιιι
