4020 6310
175 339 324 398 1421

1537 324 1952 384 BENEDlCTlO
1985 323 2119 381 DEI.

3333 325 3474 384 MSS

167 457 363 528 Ipsum
413 469 557 509 enim
609 449 937 508 sacriﬁcium
986 449 1162 506 laudis
1207 449 1438 504 honorat
1465 444 1775 505 Dominum,
1810 445 1856 505 Α
1957 438 2254 492 Narrantes
2297 435 2482 527 laudes
2508 435 2724 492 Domini
2753 445 2802 492 et
2832 438 3046 493 uirtutes
3071 437 3206 507 ejus,
3234 445 3281 492 et
3312 439 3478 495 mira-

173 547 328 618 quod
356 546 591 616 puritate
615 542 737 597 fidei
767 553 819 596 et
848 541 1075 597 actionis
1107 541 1374 610 probitate
1401 537 1564 592 fuerit
1585 536 1780 589 immo-

171 639 378 692 latum.
409 635 668 705 Sequitur
694 647 937 705 quoque:
969 632 1035 685 Et
1065 631 1175 685 illic
1195 631 1294 684 iter
1322 639 1429 693 est;
1457 628 1562 680 iter
1590 623 1774 694 appel-

171 727 256 782 lat
287 726 658 782 beatissimam
685 723 1057 794 psalmodiam.
1086 721 1191 778 Sed
1218 721 1332 776 haec
1356 720 1442 773 via
1471 718 1558 770 ubi
1592 717 1778 780 ducat,

176 818 444 888 exponit,
484 832 586 887 quo
636 815 907 870 ostendam
955 814 1034 869 illi
1093 812 1328 868 salutare
1373 809 1487 862 Dei.
1530 805 1778 860 Gloriosa

173 913 398 975 semita,
427 926 548 981 quae
587 910 734 964 ducit
763 910 830 966 ad
861 908 982 964 caeli
1023 916 1288 984 terraeque
1329 915 1648 958 creatorem.
1678 897 1779 952 Ve—

173 1025 304 1063 rum
337 1006 476 1062 istud
502 1005 798 1077 iter,'qnod
844 1004 1044 1059 dictum
1095 1011 1199 1064 est,
1244 1016 1348 1054 non
1391 995 1638 1068 pedibus,
1682 993 1779 1070 sed

174 1098 394 1155 sanctis
419 1097 692 1153 mentibus
718 1095 1046 1170 ambulatur,
1077 1093 1223 1164 quia,
1257 1092 1383 1144 dum
1415 1089 1700 1145 dulcedine
1726 1095 1780 1140 et

174 1191 456 1248 suavitate
495 1197 686 1244 cantus
732 1188 1053 1252 delectatur,
1108 1182 1540 1255 compunctionis
1608 1178 1778 1249 gratia

173 1299 282 1354 per
315 1283 678 1338 visitationem
707 1279 944 1336 divinam
977 1281 1029 1334 in
1074 1277 1236 1334 corde
1277 1285 1586 1348 generatur.
1630 1268 1781 1327 Unde

177 1375 324 1430 alius
349 1373 590 1444 psalmus
621 1373 752 1427 dicit
778 1390 790 1424 :
826 1370 1164 1439 Sacriﬁcium
1195 1369 1304 1424 Deo
1331 1368 1548 1437 spiritus
1585 1364 1783 1418 contri-

178 1466 424 1529 bulatus,
451 1481 543 1518 cor
563 1465 845 1518 contritum
871 1473 918 1516 et
948 1451 1300 1518 humiliatum.
1322 1460 1480 1522 Deus,
1499 1455 1785 1526 nondespi-

179 1560 310 1612 cies.
346 1559 419 1612 De
451 1559 551 1612 hoc
600 1555 887 1619 sacrilicio,
924 1555 975 1608 in
1025 1569 1130 1624 quo
1181 1552 1404 1623 Spiritus
1445 1549 1780 1614 humdiatur,

178 1649 545 1721 lacrymarnm
608 1648 783 1703 solent
834 1647 1029 1700 ﬂuenta
1086 1645 1406 1710 decurrere;
1463 1643 1608 1713 quia,
1658 1657 1782 1696 cum

183 1746 487 1804 secundum
543 1742 711 1798 Deum
767 1740 1095 1806 tribulatur,
1170 1739 1327 1795 nobis
1387 1733 1782 1793 absolutionem

1881 536 2004 590 bitia
2043 535 2176 605 ejus,
2207 551 2326 606 qua:
2372 535 2511 604 fecit.
2566 533 2732 588 Facta
2757 534 2954 604 quippe
2985 532 3194 588 Domini
3226 548 3476 602 narrare,

1881 625 2130 680 laudasse
2179 635 2286 687 est,
2337 622 2492 692 cujus
2540 623 2665 679 dum
2711 639 2877 694 opera
2925 624 3252 687 referuntur,
3305 623 3480 695 gloria

1881 735 2100 788 semper
2127 728 2372 788 augetur.

1952 810 2147 866 Beatus
2193 810 2416 881 populus
2448 849 2463 876 ,
2507 810 2598 880 qui
2645 810 2739 864 scit
2779 807 3170 878 jubilationem.
3211 807 3304 862 llle
3345 822 3479 866 oea-

1883 911 1970 960 tns
1998 903 2226 974 p0pnlus
2252 911 2358 969 est,
2393 903 2482 974 qui
2518 903 2704 956 laudes
2736 900 2975 956 Dei'non
3015 899 3189 954 solum
3225 915 3320 956 ore
3348 915 3482 958 can-

1885 1003 1984 1061 tat,
2031 996 2124 1052 sed
2163 996 2326 1049 etiam
2361 994 2562 1049 lut‘nine
2616 994 2816 1048 mentis
2861 992 3129 1062 intelligit.
3180 992 3485 1066 Intelligere

1883 1097 2064 1143 autem
2095 1097 2200 1152 est,
2229 1088 2272 1142 si
2312 1103 2532 1158 operam
2574 1087 2683 1150 dat,
2719 1084 3114 1156 utScripturas
3137 1094 3362 1140 sanctas
3391 1101 3486 1140 ca-

1885 1183 2102 1237 tholicis
2132 1181 2332 1251 regulis
2361 1195 2584 1251 perscru
2595 1189 2701 1235 tetu
2711 1196 2756 1234 r.
3470 1233 3476 1244 ,

1957 1279 2024 1333 In
2069 1277 2394 1332 decachordo
2439 1275 2708 1346 psalterio,
2761 1289 2881 1327 cum
2921 1273 3126 1327 cantico
3161 1273 3214 1327 in
3261 1273 3486 1328 cithara.

1886 1369 2293 1428 Decachordum
2321 1369 2636 1440 psalterium
2681 1368 2864 1424 decem
2911 1375 3177 1436 prmcepta
3231 1366 3366 1438 legis
3415 1363 3490 1422 si-

1885 1461 2130 1534 gniﬁcat,
2179 1461 2344 1532 quod,
2397 1468 2525 1516 tunc
2575 1474 2702 1515 vere
2753 1467 3059 1523 cantamus,
3108 1458 3152 1513 si
3208 1473 3272 1514 ea
3323 1471 3491 1530 opere

1887 1552 2240 1622 complemus.
2307 1550 2425 1623 Ipse
2475 1551 2620 1606 enim
2665 1559 2852 1606 cantat
2897 1565 3022 1604 cum
3083 1551 3332 1617 cithara,
3393 1549 3488 1622 qui

1888 1644 2028 1700 bona
2067 1657 2241 1714 opera.
2271 1642 2483 1714 perﬁcit
2521 1643 2639 1698 sine
2673 1641 2967 1712 asperitate
3009 1641 3260 1696 tristitiae.

1971 1736 2152 1793 Venite
2175 1736 2495 1792 exsultemus
2519 1735 2745 1790 Domino
2766 1773 2781 1801 ,
2804 1734 3096 1805 jubilemus
3127 1734 3234 1788 Deo
3265 1742 3492 1808 sa.ular.'

183 1836 378 1892 tribuit
407 1843 776 1908 peccatorum.
814 1833 880 1888 Et
909 1833 1012 1888 hoc
1048 1831 1372 1886 sacrificium
1421 1846 1526 1886 non
1572 1831 1779 1900 spernit
1811 1817 1856 1878 Β
1883 1843 2082 1888 nostra.
2124 1831 2280 1887 Velut
2320 1829 2538 1901 quidam
2579 1843 2759 1900 praeco
2799 1827 3035 1896 judicis,
3079 1827 3348 1884 excitator
3396 1841 3492 1898 po-

179 1921 353 1996 Deus,
382 1931 476 1985 sed
520 1926 802 2000 approbat,
857 1935 912 1982 et
962 1925 1134 1998 eligit,
1174 1933 1230 1981 et
1279 1925 1331 1980 in
1364 1934 1657 1996 conspectu
1685 1937 1784 1978 suo

185 2021 448 2077 admittit.

259 2111 521 2165 Paratum
543 2127 634 2166 cor
654 2109 1026 2178 meum,Deus,
1049 2120 1294 2182 paratum
1325 2125 1415 2164 cor
1439 2125 1632 2175 meum,
1663 2125 1788 2164 cans

188 2206 309 2258 tabo
339 2214 386 2258 et
413 2207 677 2275 psalmum
722 2204 898 2256 dicam
950 2203 1199 2256 Domino.
1251 2199 1504 2255 Paratum
1554 2198 1688 2254 dicit
1727 2211 1786 2254 se

187 2296 392 2352 habere
421 2312 536 2362 cor,
563 2296 630 2350 ad
667 2295 869 2365 gratias
916 2293 1143 2350 Domino
1194 2292 1536 2350 referendum
1587 2292 1784 2364 magis,

187 2407 352 2462 quam
385 2390 453 2444 ad
476 2389 762 2445 saaculares
795 2391 1030 2445 honores
1075 2383 1129 2444 et
1176 2389 1499 2444 ambitiones
1531 2396 1787 2458 appeten-

189 2483 339 2536 dum.
383 2481 617 2536 Cantare
675 2496 734 2535 se
779 2481 932 2544 dicit,
979 2481 1200 2534 vocibus
1265 2479 1495 2550 gratiam
1560 2479 1785 2534 referre.

190 2571 467 2628 Psalmum
495 2565 673 2628 dicere
688 2580 890 2638 autem,
917 2569 1248 2642 praedicabili
1267 2570 1548 2626 Dominum
1574 2571 1789 2626 actione

191 2667 436 2722 laudare.
1607 2726 1610 2730 ,

264 2757 351 2813 Sic
377 2769 637 2827 psalmum
663 2756 835 2812 dicam
863 2755 1061 2811 nomini
1084 2765 1173 2810 tuo
1209 2757 1263 2811 in
1306 2755 1557 2811 strculum
1583 2757 1786 2824 swculi,

193 2860 246 2904 ut
277 2849 492 2904 reddam
530 2858 645 2902 vota
679 2865 794 2902 mea
817 2848 882 2902 de
895 2849 978 2902 die
1007 2849 1063 2903 in
1082 2849 1238 2903 diem.
1271 2848 1579 2904 Reddamus
1607 2858 1661 2904 et
1689 2865 1789 2907 nos

191 2951 314 2998 vota
340 2950 524 2998 nostra
543 2942 595 2996 in
619 2941 722 2996 isto
746 2942 1062 2997 transitoria
1089 2943 1200 3007 die,
1239 2950 1297 2996 ut
1323 2941 1377 2996 in
1407 2941 1497 2997 illa
1527 2943 1787 3012 perenni-

192 3043 304 3091 tate
333 3035 519 3090 Iaudes
545 3033 778 3101 Domini,
803 3035 992 3091 eodem
1014 3043 1326 3106 praestante,
1353 3035 1647 3091 decantare
1676 3053 1789 3093 me-

193 3141 434 3183 reamur.
1347 3135 1351 3138 ’

261 3216 495 3273 Jubilate
532 3217 664 3285 Deo,
683 3219 852 3273 omnis
897 3228 1058 3282 terra,
1099 3217 1358 3287 psalmum
1399 3218 1556 3274 dicite
1590 3220 1790 3278 nomini

192 3311 322 3382 ejus,
348 3311 469 3365 date
499 3309 720 3382 gloriam
761 3309 909 3364 laudi
951 3309 1082 3380 ejus.
1143 3308 1406 3365 Hortatur
1453 3312 1519 3366 ad
1561 3312 1790 3383 psalmo-

193 3403 336 3458 diam
364 3417 579 3458 onmem
613 3403 906 3468 hominem,
937 3412 997 3457 ut
1035 3402 1240 3456 nomini
1285 3403 1498 3457 Domini
1541 3403 1633 3458 tali
1663 3420 1795 3460 con-

194 3489 424 3550 fessione
463 3493 668 3564 gratias
713 3490 936 3547 referat.
998 3493 1102 3547 Dat
1145 3500 1324 3548 autem
1373 3491 1600 3564 gloriam
1647 3493 1792 3549 laudi

195 3586 328 3657 ejus,
366 3588 454 3656 qui
502 3587 767 3659 praeconia
801 3587 1012 3643 Domini
1052 3585 1394 3659 frequentata
1437 3589 1795 3646 exsultatione

197 3678 554 3734 concelebrat.

267 3768 448 3824 Omnis
474 3779 616 3822 terra
639 3768 821 3823 adoret
851 3777 915 3829 te,
943 3777 988 3823 et
1013 3767 1204 3838 psallat
1250 3769 1342 3822 tibi
1361 3809 1376 3835 ,
1422 3768 1680 3840 psalmum
1712 3771 1795 3825 di-

198 3873 276 3917 cat
303 3862 501 3917 nomini
526 3872 638 3928 tuo,
667 3861 950 3917 Altissime.
995 3861 1106 3917 Hoc
1143 3862 1288 3916 enim
1333 3863 1600 3917 veraciter
1635 3864 1794 3919 drbe-

201 3970 317 4008 mus
361 3954 589 4008 Domino
622 3953 900 4018 exhibere,
944 3962 1003 4007 ut
1044 3953 1329 4020 adoretur,
1382 3953 1436 4007 id
1477 3962 1582 4019 est,
1629 3955 1794 4010 corde

201 4047 367 4102 Deum
396 4047 640 4111 credere,
667 4047 754 4101 cui
779 4045 1010 4115 psallere
1029 4045 1305 4115 jubemur,
1338 4046 1389 4100 id
1417 4055 1520 4110 est,
1555 4045 1794 4116 psalmo«

202 4141 300 4196 diae
353 4140 634 4196 dulcedine
685 4139 802 4212 ejus
863 4140 1132 4212 magnalia
1192 4155 1465 4195 resonare.
1518 4139 1794 4195 Psalmum

201 4250 324 4290 vero
371 4235 572 4303 dicere,
616 4234 670 4290 id
709 4245 814 4301 est,
865 4235 1022 4291 bonis
1059 4235 1311 4306 operibus
1351 4233 1633 4290 Dominum
1663 4251 1796 4290 con-

203 4326 361 4382 (lteri.

271 4419 490 4473 Cantate
511 4417 638 4471 Deo.
669 4414 945 4470 Psalmum
971 4417 1129 4470 dicite
1158 4416 1356 4470 nomini
1393 4415 1509 4484 ejus
1533 4431 1552 4468 :
1586 4415 1685 4468 iter
1709 4417 1797 4486 {a-

205 4512 297 4566 cite
341 4513 411 4575 ei,
453 4509 544 4580 qui
579 4507 811 4562 ascendit
843 4524 1001 4575 super
1028 4523 1292 4569 occasum,
1320 4505 1578 4560 Dominus
1604 4521 1792 4560 nomen

203 4603 298 4657 illi.
343 4599 614 4656 Exsultute
653 4599 708 4652 in
743 4609 1018 4666 conspectu
1045 4597 1179 4668 ejus.
1227 4597 1423 4652 Cantat
1465 4596 1611 4650 enim
1664 4597 1790 4661 Deo,

205 4695 287 4762 qui
339 4690 849 4760 contemplationem
904 4703 1021 4756 ejus
1075 4702 1210 4758 puro
1259 4703 1324 4741 ac
1375 4685 1515 4740 lideli
1577 4700 1798 4754 semper

207 4787 382 4841 animo
419 4793 728 4841 contuetur.
788 4780 1064 4835 Psalmum
1112 4780 1240 4835 dicit
1287 4779 1494 4834 noniini
1535 4778 1672 4849 ejus,
1706 4778 1797 4848 qui

207 4896 394 4951 operas
437 4878 618 4942 eliicit,
676 4891 813 4948 quas
859 4875 949 4930 ille
1005 4873 1278 4945 praecepit.
1331 4870 1590 4944 Sequitur
1629 4886 1644 4926 :
1684 4870 1798 4925 Iter

211 4971 362 5042 facite
392 4972 461 5038 ei,
488 4971 540 5026 id
585 4980 688 5035 est,
731 4971 898 5027 corda
933 4975 1112 5022 vestra
1145 4965 1429 5036 puriﬁcata
1474 4971 1796 5034 praeparate,

210 5080 325 5136 qua:
379 5064 629 5135 dignetur
681 5071 906 5117 sanctus
966 5060 1228 5114 Dominus
1285 5057 1530 5113 introire.
1581 5057 1804 5112 Addidit

213 5160 367 5214 etiam
399 5176 412 5212 :

281 5251 556 5306 Exsultate
579 5251 635 5305 in
663 5258 940 5321 conspectu
968 5250 1106 5319 ejus.
1145 5245 1266 5302 Non
1299 5245 1356 5301 in
1384 5244 1673 5316 praesentia
1705 5244 1804 5300 bo—

215 5344 434 5408 minum,
485 5343 574 5398 ubi
620 5354 704 5399 est
747 5343 947 5398 caduca
1001 5340 1218 5407 laetitia;
1273 5340 1368 5396 sed
1406 5339 1462 5395 in
1506 5347 1802 5410 conspectu

215 5436 348 5505 ejus,
381 5438 468 5492 ubi
494 5438 697 5509 jngiter
724 5451 783 5492 se
815 5437 1021 5506 puritas
1051 5435 1254 5490 mentis
1291 5434 1546 5490 oblectat.

284 5527 650 5584 Prtevenerunt
683 5529 937 5598 principes
967 5527 1235 5597 conjuncti
1260 5523 1620 5597 psallentibus.
1660 5523 1802 5580 Con-

215 5621 449 5693 junctam
505 5619 896 5675 multitudinem
951 5617 1227 5690 signiﬁcat
1276 5617 1663 5689 psallentium,
1710 5615 1802 5686 qui

221 5713 398 5768 laudes
447 5711 681 5777 Domini,
739 5720 796 5768 et
849 5723 981 5766 voce
1022 5719 1077 5766 et
1108 5711 1269 5768 bonis
1309 5710 1564 5782 operibus
1615 5723 1804 5781 perso-

220 5805 437 5868 nabant.

1883 1925 1995 1998 puli
2035 1924 2528 1998 gallus-Ecclesiae,
2568 1931 2789 1980 orantes
2828 1922 3040 1989 invitat,
3088 1929 3148 1978 ut
3185 1921 3253 1977 de
3299 1934 3492 1978 somno

1885 2015 2046 2083 hujus
2092 2015 2279 2072 saaculi
2325 2014 2644 2086 evigilantes
2674 2055 2690 2080 ,
2740 2013 2928 2070 laudes
2969 2013 3200 2068 Domino
3257 2012 3494 2086 debeant

1879 2092 2118 2178 jucunda
2165 2105 2524 2162 exsultatione
2567 2106 2876 2162 concinere.
2927 2104 2995 2160 Et
3033 2103 3160 2177 quia
3209 2112 3296 2159 est
3333 2103 3494 2160 istius

1887 2197 2070 2253 saeculi
2117 2195 2443 2262 exsultatio,
2483 2211 2606 2266 qua:
2669 2198 2906 2251 maxime
2955 2211 3167 2251 animos
3211 2195 3494 2274 hominum

1885 2300 2136 2363 occupat,
2169 2291 2296 2347 inde
2327 2291 2558 2356 monuit,
2597 2297 2655 2344 ιιι
2681 2289 2982 2355 venientes,
3009 2305 3115 2345 non
3147 2289 3367 2356 saeculo,
3398 2288 3495 2348 sed

1888 2387 2117 2442 Domino
2154 2385 2490 2440 exsultemus
2528 2392 2585 2438 et
2607 2382 2922 2454 jubilemus.

1963 2478 2400 2549 Prteoccupemus
2447 2477 2637 2545 faciem
2678 2475 2796 2546 ejus
2842 2477 2897 2530 in
2947 2475 3292 2546 confessione,
3342 2485 3391 2530 et
3437 2478 3495 2532 in

1888 2569 2106 2641 psalmis
2127 2569 2415 2640 jubilemus
2442 2571 2511 2624 ei.
2564 2567 2978 2639 Prmoccupare,
3009 2576 3094 2622 est
3121 2577 3250 2623 ante
3287 2567 3495 2638 aliquid

1888 2661 2092 2727 facere,
2125 2675 2286 2730 quam
2321 2661 2412 2716 ille
2461 2661 2634 2716 videri
2671 2660 2863 2731 possit,
2903 2659 2996 2729 qui
3041 2658 3284 2716 creditur
3326 2658 3493 2715 adve-

1889 2753 2027 2808 nire.
2081 2753 2224 2823 Ergo
2260 2761 2551 2823 antequam
2587 2753 2846 2808 Dominus
2883 2752 3098 2818 veniat,
3139 2751 3189 2805 ei
3229 2749 3492 2807 conﬁtea-

1889 2860 2031 2908 mur,
2057 2843 2112 2898 id
2138 2853 2240 2908 est,
2265 2843 2494 2899 Domino
2515 2842 2706 2901 laudes
2734 2844 2984 2914 religiosa
3035 2843 3321 2900 devotione
3371 2858 3496 2915 per-

1889 2937 2184 2992 solvamus.
2231 2937 2286 2991 In
2337 2937 2563 3007 psaltnis
2604 2938 2767 2991 etiam
2805 2936 3100 3008 jubilemus
3149 2938 3225 3004 ei,
3287 2937 3336 2991 i'd
3385 2945 3492 3005 est,

1889 3032 2220 3104 psalmorum
2267 3031 2654 3097 modulatione,
2698 3031 2879 3086 cordis
2904 3031 3198 3103 aderamus
3224 3031 3490 3088 laetitiam.

1891 3124 1949 3179 ln
1988 3139 2150 3194 Opere
2180 3123 2322 3179 enim
2348 3123 2524 3178 laudis
2556 3132 2611 3178 et
2635 3122 2969 3194 psalmodite,
3001 3133 3290 3194 utrumque
3327 3124 3477 3186 debet

1897 3233 2020 3274 esse
2048 3219 2332 3283 sociatum,
2361 3228 2630 3288 quatenus
2655 3216 2891 3274 cilicium
2919 3216 3111 3290 lingua:
3137 3227 3340 3274 nostra:
3365 3233 3497 3274 con-

1891 3311 2082 3382 juncto
2112 3310 2310 3380 gaudio
2338 3309 2694 3380 compleatur.
3536 3296 3540 3300 ‘

1967 3401 2190 3456 Caritate
2219 3399 2444 3462 Domino
2491 3401 2752 3454 canticum
2793 3415 3006 3466 novum,
3037 3411 3245 3456 cantate
3269 3400 3496 3460 Domino

1896 3493 2064 3548 omnis
2097 3477 2266 3548 terra.
2307 3491 2504 3547 Cantat
2535 3493 2678 3547 enim
2711 3491 2941 3547 Domino
2961 3495 3232 3548 canticum
3275 3510 3495 3566 novum,

1897 3585 1985 3654 qui
2019 3594 2199 3639 vetere
2229 3581 2448 3638 homine
2481 3583 2724 3654 deposito
2748 3598 2847 3653 per
2895 3585 3122 3654 gratiam
3155 3584 3498 3656 baptismatis

1897 3677 2128 3733 feliciter
2171 3679 2480 3744 innovatus,
2517 3676 2803 3731 Dominum
2861 3674 3066 3732 laudat.
3141 3676 3246 3733 lste
3302 3688 3498 3737 cantus

1895 3779 1996 3832 est,
2030 3771 2120 3841 qui
2149 3779 2382 3825 mentem
2413 3768 2758 3838 purissimam
2786 3769 3114 3824 censolatur.
3169 3770 3274 3826 lsta
3307 3773 3500 3828 modu-

1895 3865 2046 3929 latio,
2092 3879 2214 3935 qua:
2261 3864 2568 3920 medullitus
2610 3863 2865 3930 delectat,
2914 3867 3130 3933 quando
3157 3881 3286 3924 vere
3315 3876 3500 3924 cantat

1897 3958 2098 4023 anima,
2132 3973 2253 4028 quae
2282 3973 2340 4014 se
2375 3972 2406 4011 a
2439 3957 2675 4028 peccatis
2712 3972 2812 4028 per
2850 3956 2944 4012 Dei
2983 3958 3216 4028 gratiam
3259 3962 3500 4016 instituat

1895 4048 2255 4104 liberandam.

1967 4141 2189 4197 (laniate
2225 4135 2470 4204 Domino,
2520 4149 2567 4194 et
2611 4139 2897 4193 benedicite
2947 4142 3145 4195 nomini
3195 4142 3331 4211 ejus,
3373 4144 3500 4200 bene

1897 4238 2136 4289 nuntiate
2181 4236 2245 4287 de
2287 4234 2372 4287 die
2404 4234 2458 4286 in
2495 4233 2633 4286 diem
2661 4233 2896 4288 salutare
2919 4234 3054 4303 ejus.
3087 4236 3322 4291 Cantare
3351 4240 3498 4294 enim

1897 4328 2143 4389 Domino,
2198 4335 2254 4382 et
2308 4326 2626 4381 benedicere
2663 4341 2859 4382 nomen
2899 4327 3017 4397 ejus
3061 4343 3166 4382 non
3202 4329 3361 4385 unius
3390 4329 3500 4387 diei

1888 4415 2143 4486 jubemur
2164 4431 2418 4481 excursu,
2449 4416 2561 4479 sed,
2591 4415 2657 4470 de
2683 4415 2768 4470 die
2788 4415 2842 4470 in
2866 4414 3032 4482 diem,
3057 4417 3108 4471 id
3135 4429 3237 4481 est,
3261 4433 3498 4491 semper,

1897 4508 2194 4563 secundum
2237 4521 2443 4562 morem
2489 4515 2688 4560 sanctae
2740 4505 3017 4570 Ecclesiae,
3060 4506 3162 4562 hoc
3207 4523 3368 4598 agere
3409 4512 3501 4567 de-

1899 4601 2108 4655 bemus.

1972 4689 2196 4746 Cantate
2229 4689 2455 4744 Domino
2500 4689 2766 4744 canticum
2802 4705 3025 4756 novum,
3067 4692 3192 4762 quia
3237 4693 3502 4749 mirabilia

1902 4783 2044 4852 fecit.
2080 4781 2350 4854 Propheta
2381 4780 2565 4836 lideles
2591 4781 2845 4836 admonet
2873 4781 3236 4848 Christianos,
3271 4793 3328 4838 ut
3361 4803 3498 4842 can-
3549 4854 3552 4857 _

1903 4879 1993 4933 tici
2033 4878 2156 4932 novi
2187 4875 2546 4932 exsultatione
2584 4873 2859 4940 lattentur,
2883 4879 3097 4946 quando
3124 4879 3390 4936 mirabilis
3415 4892 3502 4940 est

1904 4970 2107 5026 Christi
2164 4967 2375 5024 Domini
2431 4966 2710 5022 confessus
2768 4967 3052 5024 adventus.
3125 4971 3306 5028 Novus
3353 4975 3500 5030 enim

1905 5061 2068 5116 homo
2105 5069 2330 5115 cantare
2375 5059 2533 5114 debet
2570 5060 2841 5114 canticum
2871 5076 3090 5128 novum,
3139 5080 3246 5118 non
3291 5065 3384 5122 ille
3413 5082 3506 5123 ve--

1913 5163 2108 5219 tostus,
2128 5155 2218 5223 qui
2246 5155 2474 5208 necdum
2497 5160 2722 5222 peccata
2750 5150 2922 5225 [Adaa
2956 5155 3082 5208 edit.
3115 5155 3311 5232 Busil.]
3337 5158 3503 5230 depo-

1904 5260 2040 5300 nens
2083 5286 2098 5312 ,
2158 5243 2214 5299 in
2279 5242 2720 5300 oraavaricatione
2786 5244 2985 5300 veteris
3040 5246 3274 5305 hominis
3320 5264 3506 5322 perse-

1905 5343 2074 5393 verat.

1974 5425 2211 5483 lubilate
2252 5425 2366 5482 Deo
2415 5425 2582 5482 omnis
2619 5435 2782 5494 terra,
2818 5436 3046 5494 cantate,
3073 5438 3120 5483 et
3143 5429 3418 5495 exsultate,
3451 5438 3502 5486 et

1905 5521 2132 5592 psallite.
2179 5520 2417 5578 Jubilare
2458 5522 2662 5577 dictum
2707 5531 2808 5585 est,
2857 5537 2979 5578 eum
3030 5537 3224 5591 magna
3271 5522 3507 5579 delecta-

1907 5613 2057 5668 tione
2094 5613 2146 5667 in
2188 5613 2336 5668 vocis
2365 5613 2618 5683 gaudium
2644 5612 2916 5683 prosilire.
2949 5611 3206 5678 Cantare,
3253 5619 3336 5668 est
3375 5626 3501 5682 gra-

1910 5705 2116 5762 vissimi
2143 5704 2436 5762 Christiani
2465 5708 2579 5760 oris
2608 5703 2782 5760 ollicio
2819 5705 3006 5761 laudes
3045 5705 3274 5760 Domino
3320 5717 3507 5776 perso-

1912 5815 2062 5858 nare.
2108 5799 2413 5870 Exsultare,
2449 5813 2794 5874 cummagna
2835 5799 3147 5866 aifct‘tionc,
3181 5797 3346 5862 animi
3382 5804 3504 5853 vota
