4020 6310
510 348 536 404 1
547 344 652 402 425

1301 329 1596 388 ΑΡΡΕΝΙ).
1639 326 1734 383 AD
1772 322 1956 382 SIEC.
1995 323 2090 380 IX.
2127 351 2201 366 —
2234 316 2606 376 AUCTORES
2642 313 2974 375 ΔΝΟΝΥΜΙ.

3671 312 3820 368 1824

511 463 812 520 declarare.
865 455 1104 513 Psallcre
1149 463 1280 506 vero
1303 488 1328 515 ο
1379 446 1537 504 bonis
1581 443 1832 515 operibus
1885 437 2098 496 Domini
2127 441 2176 502 Α
2202 442 2376 507 gentes
2416 448 2572 503 opera
2629 432 2766 501 ejus,
2817 438 3066 501 pastores
3105 423 3360 482 Ecclesiae
3381 430 3729 488 commonet,
3762 433 3828 481 ut

509 553 766 610 mandata
819 547 1112 618 complere.

520 658 527 669 ‘
583 643 806 700 Psallite
846 639 1071 695 Domino
1112 635 1168 691 in
1219 634 1440 698 cithara,
1489 631 1545 685 in
1595 628 1842 695 cithara,
1893 634 1942 680 et
1982 638 2105 680 voce

509 737 721 812 psalmi.
771 733 963 791 Psallit
1011 730 1156 787 enim
1201 727 1433 784 Domino
1491 725 1546 779 in
1595 722 1826 786 cithara,
1869 717 1960 790 qui
2010 731 2106 788 per

510 809 694 887 actum
717 825 989 883 carnalem
1025 821 1277 878 mandata
1303 816 1599 874 divinitatis
1624 821 1898 886 operatur.
1940 809 2111 866 Addi-

511 923 592 979 dit
619 923 674 976 in
699 937 819 976 voce
856 917 1067 989 psalmi,
1096 923 1158 970 ut
1181 928 1288 969 non
1315 909 1489 968 solum
1515 922 1701 980 opere,
1725 920 1912 962 verum
1941 903 2106 960 etiam

507 1030 645 1072 voce
676 1013 786 1069 Deo
811 1018 1078 1067 cantetur.

580 1104 813 1161 Jubilate
834 1102 1060 1158 Domino
1091 1099 1259 1154 omnis
1285 1107 1444 1161 terra,
1475 1095 1659 1151 servile
1690 1091 1911 1147 Domine
1941 1088 1996 1143 in
2017 1087 2110 1144 lte-

511 1199 652 1254 titia.
692 1199 812 1268 lpsa
846 1203 931 1252 est
955 1193 1098 1249 enim
1123 1191 1254 1261 justi
1307 1188 1547 1260 perfecta
1591 1185 1828 1250 devotio,
1881 1181 2108 1237 Domino

509 1293 616 1347 sub
653 1290 850 1346 mentis
871 1287 1212 1359 jucunditate
1238 1280 1508 1346 famulari,
1550 1279 1691 1334 sicut
1728 1285 1784 1332 et
1817 1274 2108 1346 Apostolus

511 1391 744 1438 monet:
779 1379 1006 1449 Semper
1042 1376 1286 1446 gaudete,
1323 1373 1441 1428 sine
1467 1367 1871 1426 intermissione
1919 1373 2105 1431 orate;

508 1474 571 1532 in
599 1473 853 1531 omnibus
893 1472 1095 1544 gratias
1128 1468 1291 1540 agite.
1345 1464 1471 1520 Hice
1511 1472 1596 1519 est
1640 1461 1888 1517 voluntas
1916 1459 2010 1515 Dei
2053 1458 2108 1513 in

507 1567 731 1626 Christo
755 1564 904 1622 Jesu.
959 1565 1111 1619 Licet
1135 1559 1354 1617 servitia
1386 1555 1595 1612 Domini
1627 1553 1858 1610 diversis
1883 1551 2108 1607 videan-

511 1671 607 1718 tur
646 1660 836 1718 oﬁiciis
879 1658 1158 1730 expedire,
1194 1665 1254 1710 ut
1291 1661 1418 1710 sunt
1462 1651 1681 1708 ordines
1733 1644 2108 1713 ecclesiastici,

505 1754 862 1818 monasteria,
885 1750 1118 1807 ﬁdelium
1138 1745 1384 1821 [cretus],
1406 1744 1669 1809 eremitte,
1689 1740 1935 1805 solitarii,
1962 1738 2108 1804 laici,

512 1847 734 1914 devoti;
769 1843 951 1901 omnia
985 1851 1164 1898 tamen
1191 1839 1388 1894 adhoc
1411 1835 1628 1908 proprie
1671 1833 1999 1896 referuntur,
2048 1836 2110 1884 ut
2139 1839 2186 1900 Β

509 1940 741 1997 Domino
764 1939 863 1993 sub
886 1934 1072 1990 lmtitia
1105 1931 1399 1996 serviatur,
1439 1942 1546 1983 non
1580 1926 1637 1982 in
1681 1922 2110 1980 murmuratione

505 2043 606 2089 aut
643 2029 1004 2088 amaritudine
1034 2025 1249 2082 mentis.
1311 2057 1316 2060 -

583 2125 820 2180 Laudate
851 2137 1037 2176 nomen
1071 2119 1208 2190 ejus,
1247 2116 1496 2189 quoniam
1527 2113 1704 2170 suavis
1728 2121 1805 2167 est
1828 2109 2108 2166 Dominus.

507 2213 591 2273 Ne
629 2215 752 2286 quis
795 2228 854 2269 se
889 2219 1104 2284 putaret
1141 2207 1410 2266 laudando
1452 2205 1691 2278 fatigari,
1721 2213 1817 2259 aut
1851 2203 2111 2260 continuo

505 2306 698 2366 labore
735 2306 1050 2368 lassescere,
1088 2314 1310 2358 causam
1356 2296 1628 2363 reddidit;
1672 2308 1844 2368 quare
1884 2293 2113 2349 laudan-

511 2403 638 2458 dum
667 2399 739 2457 sit
767 2413 966 2454 nomen
1001 2395 1137 2467 ejus,
1170 2392 1222 2448 id
1258 2399 1366 2458 est,
1397 2389 1652 2461 quoniam
1688 2387 1870 2444 suavis
1894 2394 1978 2441 est
2007 2384 2115 2442 Do-

506 2494 712 2559 minus,
755 2501 810 2547 et
841 2498 1043 2546 teterna
1075 2487 1146 2542 sit
1171 2482 1544 2540 misericordia
1585 2479 1722 2550 ejus,
1763 2488 1818 2536 et
1847 2493 2018 2550 usque
2056 2479 2113 2534 in

511 2581 768 2640 szeculum
797 2579 978 2660 saeculi
1013 2582 1332 2650 permaneat
1355 2573 1560 2628 veritas
1585 2571 1726 2642 ejus.

589 2675 831 2732 Psallam
855 2685 903 2730 et
928 2673 1217 2742 intelligam
1250 2671 1306 2724 in
1343 2669 1424 2724 via
1466 2666 1830 2723 immaculata.
1887 2665 2114 2733 Quando

510 2771 682 2827 venies
709 2769 777 2822 ad
809 2783 909 2821 me.
964 2765 1192 2820 Domino
1231 2760 1434 2833 psallit,
1474 2759 1566 2830 qui
1611 2759 1768 2814 bonis
1811 2757 1969 2814 factis
2002 2757 2115 2812 suis

505 2873 637 2917 eum
690 2861 905 2933 placare
967 2856 1262 2913 contendit.
1319 2853 1440 2924 Ipsa
1479 2860 1566 2906 est
1599 2851 1743 2906 enim
1793 2849 2116 2906 suavissima

509 2956 690 3011 virtus
740 2951 1058 3016 harmonia},
1100 2947 1316 3020 quando
1343 2961 1448 3000 vox
1479 2943 1824 3016 cognoscitur
1860 2942 2116 3012 operibus

513 3062 835 3106 consonare.
895 3036 1061 3108 Nam,
1107 3041 1154 3098 si
1203 3041 1288 3096 lite
1335 3040 1453 3094 duae
1492 3052 1580 3092 res
1627 3035 1972 3106 discrepabili
2011 3034 2114 3090 sibi

513 3141 781 3196 varietate
835 3134 1178 3198 dissentiant,
1223 3145 1565 3202 nequaquam
1612 3135 1840 3198 possunt
1881 3126 2118 3197 psalmo-

515 3236 619 3293 dite
661 3237 1024 3302 temperatam

515 3325 733 3384 Domini
775 3321 948 3388 venit,
991 3319 1133 3390 quod
1161 3333 1220 3373 se
1244 3326 1426 3370 nmtua
1462 3312 1852 3370 contrarietate
1889 3310 2121 3365 confun-

516 3421 620 3477 dit.
673 3417 834 3482 Nam,
877 3415 921 3468 si
967 3408 1379 3482 disciplinabilis
1426 3406 1514 3460 illa
1562 3403 1858 3476 psalmodia
1898 3415 2118 3471 compe-

521 3521 704 3569 tenter
749 3509 1011 3580 dirigatur
1049 3505 1116 3560 ad
1159 3502 1467 3564 Dominum,
1518 3499 1642 3552 vide
1683 3495 1811 3567 quid
1860 3494 2122 3566 praestat?

517 3615 580 3662 ut
614 3603 878 3674 intelligat
905 3602 956 3655 in
989 3600 1071 3654 via
1112 3595 1476 3659 immaculata,
1519 3591 1736 3663 quando
1793 3588 1863 3644 ad
1908 3604 1967 3645 se
2017 3589 2122 3643 Do-

516 3699 701 3755 minus
755 3694 943 3752 venire
999 3691 1284 3760 dignetur,
1349 3699 1512 3757 quem
1569 3696 1900 3754 magnopere
1954 3680 2122 3737 susti-

518 3792 706 3848 nebat.

601 3884 899 3942 Benerlicite
929 3881 1152 3936 Domino
1179 3878 1356 3933 omnia
1382 3892 1539 3946 opera
1564 3873 1700 3944 ejus,
1733 3873 1787 3928 in
1820 3871 1958 3926 omni
2007 3868 2121 3924 loco

528 3974 908 4034 dominationis
930 3971 1075 4043 ejus:
1101 3970 1310 4024 benedic
1337 3968 1514 4022 anima
1537 3983 1650 4020 mea
1665 3964 1970 4019 Dominum.
1988 3961 2122 4018 Nam

529 4087 654 4128 cum
681 4077 852 4125 totum
877 4065 993 4136 ejus
1033 4078 1168 4134 opus
1205 4061 1301 4126 sit,
1330 4058 1513 4115 omnia
1559 4058 1760 4113 debent
1782 4072 1939 4111 suum
1966 4057 2124 4110 bene-

531 4165 715 4220 dicere
756 4169 1078 4216 crealorcm.
1133 4155 1222 4218 Et,
1269 4152 1409 4209 sicut
1438 4149 1582 4206 nulla
1611 4155 1860 4205 creatura
1886 4164 1915 4201 a
1948 4145 2121 4201 laudi-

521 4259 626 4315 bus
655 4254 862 4312 Domini
882 4254 1105 4324 jubetur
1131 4247 1330 4318 excipi,
1375 4247 1448 4300 ita
1499 4259 1599 4299 nec
1647 4243 1796 4300 locus
1834 4241 2123 4312 quisquam

525 4347 870 4418 relinquitur,
904 4343 994 4415 qui
1032 4357 1061 4396 a
1098 4340 1188 4396 tali
1227 4353 1450 4394 munere
1477 4345 1810 4408 segregetur.
1869 4334 2000 4390 Cum
2049 4332 2124 4388 di-

525 4441 602 4496 cit
641 4438 790 4512 [edit.
831 4434 1024 4498 Basil.,
1055 4429 1301 4502 dicitur],
1343 4431 1398 4484 in
1452 4429 1594 4484 omni
1643 4428 1780 4494 loco,
1825 4425 2122 4481 Ecclesiam

525 4529 797 4604 significat
844 4527 950 4601 [ed.
999 4525 1168 4580 Basil.
1214 4523 1340 4577 add.
1387 4517 1753 4592 catholicam].
1809 4518 1926 4590 Ipsa
1975 4517 2118 4572 enim

525 4625 724 4694 ubique
775 4621 1063 4677 Dominum
1118 4617 1421 4678 benedicit,
1480 4615 1680 4684 ubique
1733 4612 2021 4678 collaudat,
2066 4620 2123 4667 et

526 4722 732 4794 gratias
771 4718 1038 4772 maximas
1075 4713 1338 4770 lncmnica
1383 4710 1490 4783 [cd.
1540 4708 1733 4774 Basil.,
1788 4705 2119 4780 liymnidica]

525 4811 888 4868 exsultatione
927 4804 1286 4862 concelebrat.
1327 4802 1719 4857 Bcnedicamus
1754 4813 1881 4870 ergo
1929 4813 2120 4854 omnes

526 4907 580 4960 in
612 4915 899 4959 commune
926 4899 1236 4959 Dominum,
1272 4909 1434 4964 opera
1465 4893 1581 4964 ejus
1611 4892 1860 4964 liymnica
1887 4889 2123 4944 exsulta-

529 4995 674 5049 tione
702 4992 1053 5048 celebremus.
1105 4986 1272 5054 Quale
1311 4985 1452 5038 enim
1499 4983 1843 5052 sacrilegium
1882 4971 1985 5045 est,
2039 4989 2117 5047 ut,

527 5101 652 5139 cum
683 5083 858 5138 omnis
881 5087 1130 5138 creatura
1156 5077 1412 5148 jubeatur
1442 5074 1761 5129 benedicere
1808 5072 2120 5136 Dominum,

530 5177 577 5232 si
616 5177 776 5232 homo
821 5174 1032 5228 desinat
1062 5170 1280 5226 laudare
1311 5169 1505 5233 Deum,
1536 5166 1626 5237 qui
1658 5167 1723 5220 ad
1755 5165 2041 5237 ii‘nagincm
2068 5171 2119 5220 et

530 5267 938 5326 similitudinem
965 5265 1080 5335 ejus
1107 5263 1350 5319 noscitur
1376 5275 1496 5317 esse
1523 5265 1856 5330 procreatus.

603 5356 933 5429 Conﬁtemini
963 5354 1187 5408 Domino
1213 5363 1258 5409 et
1283 5353 1515 5407 int'ocate
1545 5366 1730 5404 nomen
1754 5348 1890 5420 ejus,
1917 5364 2127 5402 annun-

533 5456 660 5509 tiate
701 5453 836 5508 inter
877 5459 1050 5522 gentes
1096 5465 1252 5518 opera
1303 5447 1466 5518 ejus}
1497 5443 1864 5508 Conlitemini,
1917 5441 1968 5496 id
2021 5450 2124 5508 cst,

533 5543 752 5599 laudate
777 5557 925 5608 eum,
949 5548 1004 5596 et
1035 5538 1190 5594 bonis
1221 5537 1380 5593 factis
1414 5536 1645 5610 gratiam
1685 5535 1841 5590 vobis
1871 5533 2122 5588 divinita-

535 5637 606 5692 tis
630 5636 916 5706 aequirite,
943 5633 1102 5705 quia,
1135 5632 1186 5687 id
1222 5632 1396 5702 ipsum
1439 5639 1524 5687 est
1557 5629 1776 5687 laudare
1811 5629 2120 5696 Dominum,

535 5737 588 5782 ct
616 5743 711 5783 ore
732 5727 805 5782 illi
835 5727 1094 5783 honorem
1128 5723 1362 5790 deferre,
1393 5731 1447 5778 et
1469 5721 1724 5793 operibus
1765 5721 1881 5791 ejus
1925 5719 2124 5790 jussio-

538 5834 633 5881 nes
689 5820 918 5876 efﬁcere.
970 5818 1123 5888 Quod
1181 5825 1359 5872 autem
1409 5815 1934 5872 dicittAnnnntiate
1988 5816 2123 5870 inter

2209 525 2582 582 indesinenter
2614 522 2712 579 Dei
2744 520 3014 593 magnalia
3046 519 3383 574 annuntient.

2279 623 2542 692 Laudatio
2577 635 2692 707 ejus
2717 643 2892 689 manet
2927 633 2985 687 in
3017 629 3270 687 steculum
3297 629 3500 684 sa’culi.
3543 626 3832 683 Laulatio

2210 730 2326 803 ejus
2363 729 2510 786 nullo
2538 727 2646 801 [ed.
2694 724 2890 792 Basil.,
2936 723 3068 796 non]
3109 722 3377 779 clauditur
3424 720 3692 776 termino.
3759 719 3838 776 Ει

2209 825 2353 890 ideo,
2410 824 2720 895 quicunque
2771 834 2896 874 eum
2949 817 3225 873 desiderat
3272 816 3326 870 in
3373 823 3584 871 aeterna
3645 815 3837 884 patria

2209 918 2452 984 laudare,
2498 916 2658 972 debet
2701 915 2757 972 in
2800 911 3054 986 praesenti
3095 908 3292 966 saeculo
3334 909 3390 964 in
3428 907 3528 963 Dei
3561 905 3840 962 laudibus

2210 1015 2445 1072 assiduis
2492 1026 2633 1070 esse.

2283 1128 2522 1184 Laudate
2541 1126 2849 1191 Dominum,
2869 1138 3047 1178 omnes
3073 1129 3268 1194 gentes,
3292 1118 3514 1174 laudate
3532 1132 3689 1182 an,
3717 1132 3840 1170 οιισ

2209 1237 2299 1277 nes
2331 1216 2530 1291 populi.
2569 1215 2685 1271 Vox
2707 1213 3076 1286 apostolorum
3103 1211 3355 1282 imperat,
3385 1217 3445 1263 ut
3462 1221 3664 1264 omnes
3689 1221 3839 1279 gen-

2209 1324 2292 1370 tes
2322 1314 2374 1369 in
2401 1319 2588 1368 sancta
2611 1307 2855 1364 Ecclesia
2885 1304 3105 1360 laudent
3126 1301 3438 1358 Dominum.
3477 1297 3840 1354 Collaudatio

2210 1417 2296 1464 est
2333 1405 2501 1471 enim,
2535 1409 2854 1458 cunctorum
2893 1396 3130 1453 ﬁdelium
3160 1395 3215 1451 in
3244 1409 3413 1450 unum
3444 1393 3676 1448 redacta
3713 1390 3840 1444 lau-

2210 1499 2378 1565 datio,
2415 1494 2632 1568 quando
2673 1502 2780 1549 tota
2811 1489 3056 1548 Ecclesia
3101 1487 3477 1544 indesinenter
3513 1483 3832 1538 Dominum

2211 1591 2415 1648 laudat.
2471 1588 2697 1660 Semper
2723 1585 2866 1643 enirn
2891 1585 2994 1642 hoc
3016 1583 3284 1658 agendum
3307 1588 3405 1639 est.
3447 1577 3558 1637 Sed
3583 1574 3839 1633 maxime

2213 1684 2547 1756 temporibus
2594 1680 2905 1737 constitutis
2963 1679 3067 1736 hoc
3111 1677 3180 1732 ab
3217 1676 3366 1732 omni
3405 1674 3558 1731 ﬁdeli
3617 1673 3836 1728 facien-

2215 1778 2362 1842 dum,
2420 1783 2480 1830 ut
2507 1788 2632 1831 cum
2669 1772 2878 1828 sanctis
2920 1771 3214 1826 misceatur
3262 1769 3316 1824 in
3374 1766 3656 1822 laudibus.

2285 1889 2582 1947 Cantabiles
2612 1889 2740 1943 milii
2777 1897 2926 1943 erant
2955 1885 3368 1958 justificationes
3397 1895 3528 1939 tute.
3573 1884 3720 1940 Cum
3750 1900 3842 1942 al-

2211 1985 2286 2041 cit
2319 1981 2638 2047 cantabiles,
2665 1979 2937 2050 signiﬁcat
2961 1977 3318 2049 psalmodiam
3347 1992 3471 2032 cum
3499 1992 3713 2048 magna
3742 1977 3840 2032 de-

2211 2075 2504 2132 lectatione
2551 2070 2937 2144 peragendam,
2980 2067 3124 2125 sicut
3159 2067 3287 2122 dicit
3317 2066 3617 2138 Apostolus
3645 2085 3659 2120 :
3691 2066 3816 2122 Can

2213 2176 2391 2225 tantes
2413 2176 2468 2223 et
2489 2163 2785 2236 psallentes
2813 2161 2868 2216 in
2896 2159 3151 2217 cordibus
3189 2159 3390 2214 vestris
3435 2158 3571 2213 Deo.
3599 2156 3844 2222 Cantus

2212 2259 2357 2315 enim
2399 2269 2614 2327 semper
2646 2251 2853 2309 relevat
2907 2248 3142 2313 labores,
3199 2256 3258 2304 et
3303 2262 3410 2303 non
3456 2247 3591 2303 facit
3641 2247 3842 2302 animo

2212 2349 2504 2419 subrepere
2543 2344 2779 2411 taedium,
2823 2340 2917 2412 qui
2957 2337 3435 2411 contemplationis
3464 2353 3662 2410 magna
3694 2353 3842 2391 sua-

2213 2443 2382 2500 vitate
2413 2439 2701 2496 mulcetur.

2211 2591 2216 2594 -
2287 2555 2467 2613 Media
2489 2563 2638 2611 nocte
2660 2553 2937 2624 surgebam
2978 2550 3049 2606 ad
3081 2547 3431 2619 conﬁtendum
3467 2546 3593 2600 tibi.
3635 2544 3700 2601 ld
3733 2553 3834 2608 est,

2215 2651 2285 2705 ad
2305 2647 2633 2703 laudandum
2659 2655 2734 2700 te.
2773 2643 2966 2699 Merito
2995 2641 3088 2696 tali
3119 2651 3360 2712 tempore
3393 2639 3575 2708 surgit
3611 2639 3686 2692 ad
3717 2637 3834 2691 lau—

2217 2742 2332 2807 des,
2379 2740 2503 2810 quia
2563 2737 2739 2793 media
2793 2743 2984 2802 nocte,
3034 2735 3180 2790 sicut
3253 2731 3610 2804 Evangelium
3681 2731 3832 2795 dicit,

2217 2847 2454 2906 sponsus
2498 2831 2670 2896 venit,
2698 2845 2788 2896 ne,
2810 2827 2978 2898 janua
3012 2825 3223 2892 clausa,
3271 2826 3412 2881 inter
3447 2823 3636 2878 fatuas
3669 2822 3834 2892 virgi-

2218 2940 2318 2982 nes
2345 2925 2674 2980 inveniatur.

2292 3015 2493 3087 Septies
2529 3016 2584 3068 in
2612 3013 2697 3068 die
2718 3011 2930 3067 laudem
2967 3012 3079 3066 dixi
3109 3011 3224 3066 tibi.
3261 3009 3481 3082 Septem
3513 3007 3646 3063 illas
3675 3008 3830 3079 sngui-

2223 3108 2352 3164 ﬁcat
2381 3108 2545 3174 vices,
2577 3104 2774 3177 quibus
2797 3118 2858 3158 se
2903 3104 3072 3158 omnis
3109 3101 3352 3157 Ecclesia
3399 3099 3750 3164 consolatur,
3781 3098 3832 3152 id

1044 3225 1256 3282 cmcere
1302 3193 1652 3278 έοιιίειρηαηῇ,
1696 3220 1804 3274 Nec
1851 3193 1917 3272 εδ
1959 3232 2118 3273 aures
2145 3220 2190 3284 ο
2221 3211 2329 3267 est,
2355 3197 2674 3264 matutinas,
2699 3198 2936 3260 tertiam,
2961 3206 3192 3259 sextam,
3218 3208 3443 3260 nonam,
3463 3193 3832 3247 lucernariam

2223 3294 2279 3352 id
2303 3303 2406 3360 est,
2437 3306 2742 3362 vesperam,
2773 3289 3156 3360 completorios
3209 3296 3530 3342 nocturnos.
3563 3284 3665 3340 llis
3691 3285 3834 3339 enim

2227 3385 2577 3456 temporibus,
2607 3383 2653 3438 si
2711 3390 2822 3438 tota
2859 3380 3101 3436 Ecclesia
3146 3377 3332 3433 laudat
3361 3379 3561 3444 Deum,
3596 3376 3834 3431 maxime

2224 3480 2298 3537 illi
2331 3480 2531 3536 debent
2559 3479 2662 3533 boc
2689 3491 2870 3548 agere,
2898 3475 2992 3546 qui
3021 3474 3089 3529 ad
3118 3474 3223 3529 hoc
3249 3472 3488 3528 ordinati
3525 3481 3684 3526 sunt.

2295 3593 2535 3648 Laudate
2578 3605 2765 3646 nomen
2806 3589 3044 3654 Domini,
3090 3586 3306 3641 laudate
3342 3585 3477 3640 servi
3515 3583 3832 3638 Dominum.

2223 3686 2283 3743 ld
2312 3693 2416 3754 est,
2449 3684 2540 3756 qui
2565 3681 2708 3739 servi
2736 3681 2868 3737 estis
2895 3679 3130 3745 Domini,
3167 3693 3337 3750 prona
3367 3691 3492 3732 eum
3521 3675 3832 3738 voluntate,

2224 3781 2479 3846 laudate;
2521 3777 2647 3851 quia
2677 3776 2722 3832 si
2746 3775 2884 3831 bene
2925 3773 3140 3838 laudas,
3186 3771 3417 3843 gratiam
3475 3768 3759 3840 acquiris;
3787 3767 3836 3822 si

2225 3884 2407 3930 autem
2432 3873 2681 3946 negligis,
2710 3885 2809 3942 pro
2832 3869 3014 3926 debita
3057 3866 3322 3922 servitute
3350 3861 3658 3937 [neglecta]
3682 3862 3832 3917 dam-

2225 3967 2467 4024 laberis.

2297 4061 2598 4132 Conﬁtebor
2622 4059 2740 4126 tibi,
2763 4057 3009 4123 Domine,
3039 4053 3392 4110 intoto”eorde
3409 4067 3553 4116 meo,
3580 4050 3833 4122 quoniam

2226 4155 2422 4210 audisti
2459 4153 2612 4208 verba
2641 4152 2748 4205 oris
2775 4151 2873 4204 mei
2896 4150 2950 4203 in
2973 4144 3580 4214 conspectupngelorum
3603 4141 3832 4212 psallam

2225 4249 2337 4304 tibi.
2373 4248 2544 4315 Quam
2574 4244 2750 4299 valida
2775 4253 2940 4313 atque
2961 4239 3274 4311 plenissima
3301 4238 3372 4292 sit
3410 4236 3513 4290 ista
3531 4234 3832 4297 confessio,

2226 4340 2394 4396 totius
2421 4337 2600 4394 cordis
2637 4333 2965 4390 adunatione
3007 4339 3359 4387 monstratur.
3389 4326 3527 4382 Nam
3578 4343 3712 4382 eum
3761 4327 3837 4380 di-

2225 4434 2367 4488 citur
2389 4433 2442 4486 in
2476 4439 2590 4485 toto
2641 4427 2804 4484 corde
2837 4441 2982 4492 meo,
3010 4423 3155 4479 nulla
3196 4437 3320 4494 pars
3348 4430 3618 4491 occupata
3653 4421 3712 4472 in
3735 4434 3838 4473 sae-

2227 4524 2331 4580 culi
2364 4523 2524 4594 hujus
2569 4521 2864 4576 ambitione
2897 4517 3222 4587 relinquitur
3265 4513 3362 4570 sed
3402 4514 3732 4568 universum
3779 4520 3836 4566 et

2153 4593 2200 4652 D
2226 4593 2454 4670 solidum
2476 4611 2751 4668 Creatoris
2783 4615 3015 4674 tantum,
3063 4617 3125 4661 ut
3163 4605 3384 4678 dignum
3418 4611 3524 4668 est,
3576 4601 3836 4658 laudibus

2225 4705 2545 4777 applicatur.

2295 4798 2362 4852 In
2395 4805 2668 4868 conspectu
2692 4795 2995 4866 angelorum
3049 4791 3418 4864 psallam‘tibi.
3459 4789 3562 4846 Hie
3587 4791 3832 4861 psalmo-

2224 4890 2326 4946 dize
2350 4890 2520 4944 virtus
2540 4887 2867 4954 ostenditur,
2898 4896 2980 4952 ut,
3031 4885 3122 4956 qui
3160 4899 3296 4954 puro
3342 4884 3509 4940 corde
3555 4884 3704 4939 inter
3731 4883 3831 4938 ho-

2224 4982 2399 5035 mines
2445 4979 2645 5050 psallit,
2701 4977 2867 5032 etiam
2925 4991 3142 5032 sursum
3199 4991 3325 5030 cum
3375 4973 3580 5045 angelis
3625 4987 3830 5029 canere

2229 5073 2493 5129 videatur.

2301 5163 2536 5234 E/fnnilo
2567 5163 2620 5217 in
2643 5151 2918 5229 conspectu
2942 5160 3055 5230 ejus
3087 5159 3373 5214 orationem
3395 5175 3589 5212 meam.
3609 5157 3826 5214 Dictum

2227 5266 2311 5312 est
2342 5264 2522 5310 autem
2553 5255 2610 5310 in
2656 5262 2947 5324 conspectu
2991 5252 3110 5324 ejus
3156 5251 3284 5322 quia
3320 5251 3494 5306 bonas
3544 5253 3830 5306 orationes

2229 5347 2484 5403 divinitas
2512 5346 2747 5418 inspicit.
2774 5344 2996 5400 Etcum
3038 5343 3289 5399 voluntas
3333 5352 3522 5398 nostra
3547 5326 3618 5398 εἰ)
3653 5344 3831 5399 bomi-

2229 5440 2388 5496 nibus
2415 5454 2520 5494 non
2570 5437 2745 5508 possit
2794 5435 3060 5506 conspici,
3107 5437 3177 5491 ab
3229 5435 3316 5491 illa
3373 5445 3557 5490 tamen
3607 5444 3827 5492 constat

2228 5530 2455 5588 intendi.

2301 5625 2489 5680 Lauda
2515 5625 2694 5680 anima
2723 5640 2839 5680 mea
2873 5623 3188 5680 Dominum:
3250 5638 3319 5680 ne
3347 5621 3584 5678 terrenis
3607 5621 3826 5678 deside-

2229 5719 2328 5775 riis
2352 5718 2598 5774 voluntas
2628 5717 2804 5775 otiosa
2836 5727 3055 5773 vacaret
3109 5717 3230 5791 [ms.
3279 5713 3615 5788 vagaretur],
3658 5724 3714 5770 et
3765 5713 3822 5768 in

2230 5811 2412 5880 fatuis,
2437 5819 2497 5868 ut
2527 5801 2769 5880 assolet,’
2799 5811 2944 5868 curis
2993 5812 3191 5868 mentis
3239 5818 3599 5880 occuparetur
3638 5807 3818 5862 inten-
