4006 5652
189 331 327 396 i425

1464 332 1875 395 BENEDICTIO
1912 335 2046 394 DEI.

3322 332 3465 394 “96

185 453 300 520 tio;
336 451 428 510 dat
452 450 553 509 sibi
583 452 844 526 propheta
887 450 1104 512 salubre
1145 452 1449 521 consilium,
1484 463 1546 508 ut
1591 454 1770 509 anima
1798 452 1848 513 Α
1878 468 1999 524 quae
2026 467 2200 524 usque
2245 453 2313 510 ad
2357 428 2504 510 illam
2533 450 2779 525 pervenit
2824 450 3217 517 summitatem,
3249 468 3369 525 quae
3406 453 3459 507 iu

183 545 430 602 laudaret
451 545 760 604 Dominum.
792 547 948 606 Unde
976 549 1245 621 promittit
1289 567 1303 604 ε

249 638 506 695 Laudabo
543 638 826 696 Dominum
853 643 909 697 in
935 642 1043 698 vita
1064 658 1204 709 mea,
1233 641 1461 713 psallam
1503 640 1610 695 Deo
1656 656 1772 696 meo

180 731 417 803 quandiu
447 730 619 800 fuero.
645 729 702 786 In
730 732 983 789 laudibus
1005 733 1218 790 Domini
1243 748 1303 789 se
1329 734 1464 789 dicit
1490 731 1769 800 delectari,

178 840 247 880 ne
273 823 455 880 noxiis
484 824 664 881 saeculi
693 836 1051 898 occuparetur
1073 825 1356 883 illecebris.

246 912 493 969 Laudato
528 914 838 984 Dominum,
886 917 1140 990 quoniam
1187 918 1352 974 bonus
1397 925 1472 973 est
1515 916 1770 988 psalmus.

175 1006 288 1063 Deo
315 1018 497 1064 nostro
524 1009 760 1077 iucunda
797 1012 866 1068 sit
894 1010 1152 1068 laudatio.
1182 1011 1490 1069 Laudemus
1526 1027 1657 1083 ergo
1681 1012 1777 1068 de-

175 1098 419 1164 votione,
449 1114 555 1171 qua
578 1115 886 1171 possumus,
921 1111 977 1159 et
1001 1103 1091 1160 hic
1112 1102 1210 1169 illa
1232 1104 1388 1159 beata
1415 1102 1557 1159 dona
1597 1102 1772 1159 medi-

175 1198 378 1246 temur.
411 1192 550 1260 Quid
593 1194 738 1251 enim
788 1193 1021 1264 felicius,
1076 1210 1234 1268 quam
1286 1196 1446 1253 modo
1492 1210 1769 1262 exercere,

174 1283 322 1353 quod
347 1292 400 1339 te
422 1299 612 1355 speras
645 1284 699 1341 in
724 1284 907 1344 futura
929 1287 1265 1346 beatitudine
1290 1304 1450 1360 posse
1470 1289 1774 1361 peragere?

247 1374 360 1431 Deo
389 1386 572 1432 nostro
584 1377 830 1448 jucunda
850 1379 918 1434 sit
963 1377 1223 1435 laudatio.
1256 1378 1408 1435 Tunc
1436 1388 1520 1436 est
1545 1380 1656 1434 Deo
1681 1393 1774 1435 no-

172 1475 293 1522 stro
320 1466 565 1539 jucunda
593 1469 852 1536 laudatio,
881 1471 1096 1541 quando
1150 1472 1204 1527 in
1243 1487 1407 1527 unam
1455 1472 1774 1528 societatem

173 1573 279 1614 vox
303 1568 360 1616 et
388 1560 500 1616 vita
523 1563 858 1618 convenerit.
888 1561 1022 1617 Nam
1068 1562 1228 1634 quale
1275 1572 1381 1631 est,
1430 1572 1489 1619 ut
1534 1564 1775 1636 psalmus

172 1651 490 1709 castitatem
514 1654 680 1722 dicat,
711 1662 767 1710 et
791 1662 1045 1711 cantator
1072 1670 1132 1712 se
1187 1654 1257 1711 ah
1283 1655 1619 1713 obscenitate
1666 1672 1774 1712 non

170 1745 510 1804 subtrahat?
571 1746 629 1804 Si
683 1748 1042 1806 humilitatem
1103 1750 1362 1820 praedicet
1424 1760 1481 1808 et
1522 1759 1776 1807 narrator

170 1835 292 1908 ejus
321 1839 595 1909 superbia!
618 1838 841 1896 ﬂatibus
870 1839 1233 1897 intumescat?

244 1928 495 1988 Laudate
519 1931 803 1989 Dominum
829 1935 895 1990 de
918 1934 1079 2003 caelis,
1110 1934 1327 1992 laudate
1352 1952 1470 1992 eum
1499 1937 1553 1993 in
1601 1935 1776 1993 excel-

167 2025 267 2080 sis.
299 2025 446 2094 Quid
475 2028 543 2085 de
570 2029 677 2085 isto
717 2030 927 2100 psalmo
975 2040 1031 2087 et
1079 2032 1147 2088 de
1196 2032 1420 2104 reliquis
1449 2035 1658 2091 duobus
1681 2034 1775 2106 qui

168 2127 508 2188 sequuntur,
538 2120 825 2178 dicendum
860 2132 967 2188 est,
999 2123 1051 2179 in
1080 2125 1275 2194 quibus
1301 2126 1479 2182 omnis
1525 2135 1777 2184 creatura

165 2219 511 2279 provocatur
534 2213 601 2267 ad
629 2213 839 2270 laudem
864 2214 957 2270 Dei
986 2232 1000 2281 ;
1057 2215 1110 2270 iu
1140 2216 1248 2272 line
1277 2217 1477 2273 dicitur
1517 2236 1531 2273 :
1585 2219 1775 2276 Omnis

167 2297 410 2368 spiritus
442 2299 628 2357 laudet
649 2302 956 2360 Dominum.
1008 2304 1064 2361 Si
1101 2306 1279 2362 omnis
1305 2316 1555 2363 creatura
1586 2309 1776 2365 horta-

169 2397 264 2446 tur
293 2392 366 2447 ad
387 2390 606 2447 laudem
639 2394 735 2450 Dei
757 2405 965 2466 quanto
1002 2400 1174 2470 magis
1204 2400 1386 2466 homo,
1425 2403 1517 2472 qui
1566 2402 1778 2460 intelle-

168 2490 324 2538 ctum
350 2482 542 2551 habet,
572 2493 629 2541 et
651 2500 845 2543 omnes
876 2489 1137 2559 praecellit
1173 2500 1494 2560 creaturas;
1548 2494 1676 2564 quia
1709 2496 1777 2551 ad

166 2578 475 2652 imaginem
524 2581 618 2638 Dei
643 2582 820 2639 factus
843 2593 949 2650 est,
985 2586 1145 2642 debet
1192 2587 1362 2643 Deum
1411 2588 1652 2654 laudare,
1682 2589 1776 2660 qui

163 2684 269 2728 nos
299 2669 462 2739 fecit,
490 2682 691 2731 etcum
718 2692 961 2734 essemus
1001 2680 1219 2749 perditi,
1255 2681 1321 2737 de
1365 2682 1560 2739 diaboli
1607 2682 1777 2739 servi-

166 2772 287 2821 tute
311 2781 417 2824 nos
444 2769 680 2825 redemit
700 2780 757 2826 et
784 2771 1028 2828 ctelestia
1059 2790 1246 2844 regna,
1279 2789 1375 2830 sua
1405 2776 1776 2834 misericordia

163 2857 329 2914 nobis
359 2859 583 2916 tribuit.
609 2861 734 2918 Ideo
759 2864 1087 2921 omnimodis
1124 2866 1220 2922 Dei
1250 2866 1534 2923 servitium
1563 2885 1777 2928 summo

160 2938 354 3006 studio
381 2952 662 3023 agendum
696 2963 800 3023 est,
839 2956 987 3012 utad
1032 2957 1304 3027 promissa
1350 2959 1546 3031 gaudia
1585 2976 1777 3032 perve-

160 3042 286 3099 nire
317 3045 625 3117 possimus.
1161 3070 1171 3077 υ

299 3135 668 3195 Cassiodorus
693 3141 822 3196 dicit
849 3141 905 3197 in
929 3141 1262 3200 conclusione
1278 3143 1470 3215 psalmi
1499 3162 1647 3202 xstv.

234 3228 459 3304 Viginti
482 3240 717 3302 quatuor
746 3233 990 3290 seniores
1028 3235 1314 3292 indefessis
1332 3237 1557 3294 vocibus
1588 3237 1776 3296 laudes

156 3319 405 3378 Domino
463 3323 616 3378 suavi
663 3324 1033 3383 modulatione
1081 3327 1486 3396 concelebrant,
1536 3344 1778 3385 commo-

156 3422 384 3481 uentes,
419 3416 575 3471 utad
611 3415 1018 3475 similitudinem
1068 3432 1259 3476 eorum
1305 3429 1363 3477 et
1398 3435 1497 3478 nos
1540 3420 1779 3494 psalmos

154 3505 527 3581 frequentata
553 3511 836 3568 devotione
861 3521 1166 3570 cantemus.

433 3601 569 3658 Item
600 3604 708 3674 ipse
727 3606 784 3659 in
811 3604 1147 3663 conclusione
1164 3606 1302 3678 psal.
1334 3624 1510 3665 χχιιι.

1802 3195 1849 3259 C

234 3693 475 3751 Habent
501 3695 647 3750 enim
698 3694 844 3752 beati
876 3697 1140 3752 musicam
1171 3714 1348 3765 suam,
1406 3714 1528 3770 quae
1581 3698 1780 3755 animm

153 3784 350 3844 fidelis
384 3787 560 3842 intrat
586 3787 855 3855 auditum,
878 3787 1033 3857 cujus
1061 3805 1169 3845 non
1200 3790 1384 3846 deﬁcit
1407 3806 1597 3858 sonus,
1624 3788 1780 3859 cujus

152 3893 275 3934 non
318 3877 569 3933 lassatur
599 3878 850 3934 intentio.
902 3878 1213 3950 Relinquite
1265 3895 1396 3952 ergo
1443 3881 1781 3952 spectaculo-

149 3985 288 4026 rum
317 3977 630 4035 amatores,
661 3967 972 4025 mortiferas
995 3970 1318 4041 voluptates,
1348 3972 1417 4027 ad
1464 3972 1581 4027 luec
1603 3972 1779 4044 magis

148 4063 401 4135 gaudia,
442 4062 509 4117 ad
535 4063 650 4117 haec
679 4063 942 4135 mysteria
986 4064 1313 4120 convenite:
1366 4063 1457 4120 ubi
1485 4064 1694 4120 cithara
1723 4072 1782 4121 et

144 4169 450 4225 organum
480 4152 714 4211 virtutes
735 4155 999 4222 excitant,
1032 4173 1139 4214 non
1166 4157 1447 4215 desideria
1484 4173 1664 4229 prava)
1687 4174 1780 4214 vo-

146 4247 405 4321 luptatis
438 4245 560 4319 [nts.
609 4247 926 4315 voluntatis,
960 4250 1133 4305 minus
1157 4248 1469 4322 opportune]
1494 4251 1775 4321 instigant.

435 4336 569 4392 Item
591 4338 703 4408 ipse
726 4340 782 4394 in
804 4340 1137 4397 conclusione
1163 4342 1301 4412 psal.
1330 4357 1526 4397 sunt.

230 4431 490 4487 Peracta
536 4437 664 4484 sunt
702 4431 895 4500 psalmi
939 4432 1099 4503 hujus
1124 4441 1472 4489 sacrosancta
1498 4433 1778 4505 mysteria,

146 4524 252 4580 ubi
286 4524 380 4579 sic
414 4521 706 4578 missarum
742 4523 879 4579 ordo
926 4522 1228 4595 completus
1254 4531 1369 4580 est:
1404 4532 1463 4579 ut
1501 4540 1626 4580 eum
1651 4540 1782 4580 eon-

146 4615 451 4686 scriptum
478 4621 636 4685 putes
666 4614 1004 4685 temporibus
1041 4612 1389 4672 Christianis.
1423 4615 1522 4672 llic
1544 4614 1687 4671 enim
1722 4625 1780 4672 et

146 4708 512 4779 hymnorum
538 4706 672 4761 ordo
699 4706 959 4761 decursus
981 4715 1066 4761 est
1091 4722 1106 4773 ;
1131 4705 1221 4762 hic
1255 4708 1321 4762 ad
1341 4706 1776 4763 communionem

147 4800 416 4857 devotus
461 4795 692 4867 populus
730 4795 952 4866 iubetur
999 4798 1301 4865 accedere;
1347 4800 1451 4855 huc
1478 4799 1778 4855 invitantur

145 4891 390 4956 venire,
428 4890 519 4959 qui
546 4889 720 4961 prima
745 4888 867 4944 tidei
892 4889 1200 4946 rudimenta
1225 4890 1546 4962 suscipiunt,
1576 4900 1635 4946 ut
1662 4906 1779 4947 om-

147 4998 262 5041 nes
287 4990 673 5040 consonanter
701 4980 925 5037 laudent
951 4980 1139 5038 Deum.

614 5073 748 5128 Item
778 5074 885 5144 ipse
919 5074 973 5129 in
1010 5074 1146 5147 psal.
1174 5091 1341 5132 cxvu.

224 5164 509 5238 Legimus
538 5167 591 5222 in
628 5163 958 5235 Apocalypsi
1004 5164 1232 5222 Joannis
1289 5167 1502 5230 alleluia
1532 5171 1589 5228 in
1633 5167 1773 5224 caelo

144 5267 402 5315 cantare
453 5267 775 5314 sanctorum
831 5254 1234 5313 multitudinem
1299 5262 1570 5330 copiosam
1635 5259 1781 5331 quod

138 5351 328 5407 etiam
357 5362 598 5417 quatuor
631 5346 917 5414 animalia,
947 5357 1003 5403 et
1038 5351 1229 5422 viginti
1262 5366 1496 5422 quatuor
1524 5355 1788 5417 seniores

138 5445 462 5501 adorantes
488 5441 792 5501 Dominum
830 5440 1062 5498 dicunt:
1091 5444 1231 5515 quod
1260 5455 1401 5504 totus
1430 5453 1519 5510 ille
1555 5445 1774 5508 exerci-

136 5544 235 5591 tus
288 5527 545 5594 caelestis
587 5536 649 5591 in
685 5544 873 5585 vocem
902 5532 1042 5588 tuba:
1072 5534 1466 5611 grandissimas,
1509 5536 1772 5617 hymnica

136 5622 525 5652 Αυη..¹.ι⁴ι.²Α-.Α
564 5622 957 5652 -Annnlnhmn.

1768 586 1791 605 .
1880 558 2144 606 aeternum
2192 562 2419 605 securos
2464 545 2630 603 edicit
2678 557 2735 604 et
2784 545 2989 611 felices,
3033 560 3271 618 congrue
3303 546 3466 602 nimis

1873 641 2094 715 ponitur
2115 640 2352 708 alleluia,
2378 649 2438 696 ut
2460 640 2711 696 laudibus
2746 640 2958 697 Domini
2983 649 3170 697 sancta
3209 638 3461 711 perfrua-

1879 741 1971 790 tur
1994 733 2239 790 Ecclesia
2263 749 2279 789 :
2312 733 2400 790 cui
2426 733 2517 788 tali
2542 747 2769 789 munere
2802 733 3047 788 noscitur
3073 741 3462 803 praeparatum.

1877 826 2226 900 Quapropter
2253 827 2485 885 sinceris
2505 828 2781 884 mentibus
2801 826 3016 883 alleluia
3041 827 3226 883 dicere
3242 824 3464 882 festinec

1876 937 2019 987 mus,
2049 930 2111 976 ut
2142 921 2249 977 illis
2277 920 2426 995 [edit.
2478 920 2672 988 Basil.,
2732 920 2808 977 illi
2861 928 3051 978 sancto
3099 918 3321 993 populo]
3368 933 3470 991 per

1876 1012 2110 1070 divinam
2141 1014 2373 1085 gratiam
2399 1012 2749 1069 misceamur.

2058 1105 2193 1161 Item
2241 1106 2351 1178 ipse
2375 1105 2432 1161 in
2461 1104 2795 1161 conclusione
2830 1103 3022 1176 psalmi
3069 1119 3286 1162 cxxxrv.

1949 1199 2215 1257 Mirabilis
2267 1200 2509 1272 psalmus
2565 1198 2634 1255 ad
2678 1200 3058 1257 devotissimos
3110 1197 3338 1271 populos
3385 1197 3470 1252 iu-

1877 1293 2185 1351 struendos.
2225 1291 2373 1348 Nihil
2418 1292 2565 1349 enim
2590 1300 2716 1364 post
2750 1300 2901 1348 tanta
2945 1291 3208 1347 beneficia
3242 1289 3470 1346 reddere

1876 1399 2187 1456 possumus,
2234 1384 2361 1451 nisi,
2412 1392 2474 1439 ut
2520 1384 2662 1440 sicut
2704 1383 2759 1439 in
2801 1382 3085 1454 principiis
3133 1382 3339 1437 dictum
3361 1386 3464 1443 est,

1878 1475 2168 1532 Dominum
2209 1485 2458 1533 nostrum
2500 1476 2642 1532 trina
2688 1474 3029 1533 confessione
3085 1474 3465 1546 praedicemus.

1875 1568 2186 1626 Laudemus
2239 1567 2500 1634 Patrem,
2562 1567 2847 1624 laudemus
2903 1566 3136 1631 Filium,
3187 1566 3471 1622 laudemus

1879 1662 2143 1733 Spiritum
2214 1669 2463 1718 sanctum
2494 1700 2511 1727 ,
2587 1676 2755 1716 unum
2818 1669 2979 1732 atque
3039 1660 3468 1731 omnipotentem

1879 1753 2071 1819 Deum,
2095 1762 2175 1820 ut,
2228 1752 2371 1809 sicut
2400 1768 2507 1808 non
2540 1759 2626 1829 est
2674 1752 2729 1807 in
2770 1750 2860 1807 illo
2889 1752 3102 1808 diversa
3133 1753 3466 1816 substantia,

1803 1820 1848 1881 Β
1879 1846 1953 1902 ita
1973 1861 2079 1902 non
2101 1846 2174 1901 sit
2190 1853 2246 1901 et
2270 1844 2323 1900 in
2348 1844 2462 1916 ipsa
2487 1821 2646 1899 laude
2672 1844 2982 1900 diversitas.
3007 1843 3134 1899 Haec
3157 1851 3240 1900 est
3270 1857 3466 1898 revera

1877 1938 2023 2006 laus,
2054 1953 2177 2011 quae
2206 1952 2307 1993 nos
2336 1935 2545 2004 reﬁcit;
2571 1936 2675 1992 hoc
2712 1936 2991 2007 pabulum,
3022 1950 3130 2006 quo
3163 1934 3343 1990 anima
3374 1933 3471 1989 de-

1875 2039 2001 2087 vota
2048 2029 2349 2102 saginatur.
2399 2027 2520 2099 ipsa
2562 2036 2649 2083 est
2682 2028 2827 2083 enim
2849 2026 3219 2083 remuneratio
3256 2034 3464 2089 nostra,

1878 2140 1999 2195 qua:
2033 2132 2090 2178 et
2117 2122 2384 2192 operatio.
2423 2122 2480 2177 In
2505 2137 2612 2193 qua
2646 2130 2854 2177 tantum
2904 2122 3203 2187 relicimur,
3234 2128 3294 2177 ut
3322 2119 3468 2175 nulla

1878 2214 2167 2270 delectatio
2205 2212 2401 2269 similis
2430 2228 2551 2269 esse
2577 2213 2846 2267 videatur.
2892 2212 3255 2267 Praedicemus
3283 2211 3471 2282 itaque

1877 2306 2059 2386 modo,
2112 2315 2172 2361 ut
2218 2321 2342 2363 eum
2398 2305 2452 2363 in
2506 2317 2770 2363 aeternum
2822 2320 2946 2362 cum
2985 2304 3192 2378 angelis
3246 2303 3472 2361 laudaro

1877 2414 2205 2456 mereamur.
2572 2386 2579 2393 ’

2307 2491 2436 2546 Iteut
2477 2492 2586 2563 ipse
2612 2493 2668 2546 in
2691 2492 2827 2563 psal.
2872 2504 3012 2547 chv

1950 2586 2092 2642 Ecce
2119 2586 2314 2641 iterum
2350 2585 2573 2641 auribus
2622 2584 2825 2640 nostris
2862 2584 3073 2638 intonat
3101 2580 3342 2637 caelestis
3368 2595 3472 2636 au-

1879 2680 2106 2735 ctoritas
2146 2678 2431 2750 pulsatque
2460 2677 2672 2732 alleluia
2706 2677 2902 2747 januas
2929 2675 3132 2741 cordis,
3174 2691 3241 2730 ne
3277 2672 3467 2729 vacuis

1879 2779 2045 2842 atque
2072 2768 2321 2825 inanibus
2370 2767 2793 2839 cogitationibus
2821 2781 3169 2837 occupetnur,
3206 2764 3468 2835 quoniam

1878 2863 2113 2919 otiosum
2147 2871 2356 2931 tempus
2400 2876 2506 2914 non
2540 2859 2700 2915 debet
2731 2859 2932 2914 habere
2963 2856 3188 2912 militem
3243 2856 3469 2911 Christi.

1881 2954 2054 3009 Habet
2104 2952 2249 3009 enim
2284 2961 2340 3007 et
2386 2951 2565 3023 lingua
2620 2950 2831 3005 fructus
2859 2964 3005 3005 suos.
3059 2948 3342 3005 Uberrima
3394 2948 3471 3002 δίο

1879 3047 2096 3118 quidem
2146 3045 2340 3102 messis
2375 3044 2501 3100 inde
2546 3043 2821 3115 colligitur
2840 3042 2908 3108 si,
2934 3043 2988 3097 iu
3018 3042 3206 3097 laudes
3249 3042 3463 3096 Domini

1878 3156 2016 3211 pura
2061 3148 2242 3195 mente
2273 3146 2575 3195 moveatur.
2615 3136 2870 3208 Spiritalc
2891 3138 3191 3193 membrum
3214 3145 3317 3203 est,
3344 3151 3471 3192 cum

1880 3231 2170 3289 famulatur
2207 3233 2449 3300 auctori;
2485 3233 2657 3303 ipsam
2688 3247 2903 3303 quoque
2927 3232 3164 3286 animam
3195 3244 3473 3286 commen-

1880 3325 1993 3391 dat,
2020 3325 2147 3381 dum
2178 3325 2464 3380 veritatem
2512 3324 2771 3397 loquitur,
2822 3333 3155 3396 quapropter
3193 3323 3468 3395 complea-

1878 3433 2002 3475 mus
2052 3433 2234 3474 aerem
2283 3417 2614 3473 dulcissimis
2666 3417 2836 3473 souis.
2907 3416 3043 3472 Nam
3103 3417 3311 3473 musica
3365 3421 3469 3473 ista

1879 3513 2132 3569 salutaris
2172 3527 2277 3568 non
2312 3512 2487 3568 solum
2527 3512 2835 3568 mortalium
2873 3510 3173 3584 permulcet
3201 3512 3467 3579 auditum,

1878 3602 1976 3659 sed
2005 3604 2167 3659 etiam
2192 3602 2525 3659 intellectum
2558 3602 2790 3659 delectat
2820 3603 3145 3674 angelicum.

2270 3693 2407 3749 Item
2454 3694 2563 3766 ipse
2593 3695 2650 3749 in
2688 3692 2824 3764 psal.
2853 3710 3078 3749 cstvtu.

1954 3784 2088 3840 Pars
2103 3785 2207 3842 ista
2235 3785 2500 3841 orationis
2516 3786 2703 3856 paucis
2717 3786 2933 3856 quidem
2953 3785 3176 3857 syllabis
3201 3793 3471 3854 arctatur,

1880 3878 1976 3935 sed
2038 3878 2274 3950 cogitata
2324 3893 2542 3949 semper
2597 3877 2931 3934 extenditur.
2984 3877 3267 3935 Novitates
3325 3880 3473 3935 enim

1882 3972 2234 4030 suavissimas
2286 3972 2354 4029 de
2412 3986 2473 4028 se
2521 3972 2688 4044 ejicit,
2737 3988 2862 4028 eum
2913 3988 3034 4028 eam
3081 3974 3231 4028 acies
3276 3973 3475 4029 mentis

1882 4062 2203 4134 inspexerit.
2234 4061 2388 4127 Nam,
2433 4062 2562 4118 dum
2594 4079 2624 4117 a
2668 4062 2871 4117 lectore
2900 4063 3128 4127 dicitur,
3160 4062 3474 4134 praedicatio

1881 4155 2059 4212 laudis
2093 4163 2211 4220 est;
2236 4169 2360 4208 cum
2395 4169 2425 4207 a
2462 4151 2659 4223 populo
2696 4152 3077 4221 respondetur,
3103 4152 3469 4222 hymnus‘est.

1883 4248 1975 4303 Sic
2022 4262 2128 4301 uua
2159 4260 2291 4300 voce
2338 4243 2619 4314 peragitur
2665 4252 2773 4297 tam
2815 4242 3087 4298 diversum
3130 4244 3472 4315 mysterium,

1883 4353 2008 4393 cum
2066 4336 2122 4391 in
2168 4336 2282 4405 ipsa
2314 4334 2451 4389 nihil
2491 4341 2749 4405 appareat
2796 4333 3162 4387 immutatum.
3191 4331 3477 4386 Subtiliter

1884 4437 2065 4484 autem
2089 4426 2330 4497 psalmus
2360 4424 2462 4480 iste
2485 4423 2799 4479 tractandus
2815 4430 2920 4489 cst,
2939 4421 3193 4491 quoniam
3208 4420 3474 4490 propheta

1882 4536 1981 4592 per
2013 4534 2309 4591 paucarum
2338 4515 2933 4579 commemorationem,
2966 4527 3158 4569 omnes
3192 4522 3475 4591 creaturas

1887 4610 2138 4666 hortatur
2171 4606 2361 4662 laudes
2412 4605 2623 4661 Domini
2678 4604 2874 4659 debere
2921 4614 3169 4659 cantare.
3217 4601 3480 4657 Rationa-

1885 4704 2023 4760 hiles
2057 4711 2112 4758 et
2160 4699 2554 4757 intellectuales
2606 4712 2706 4767 per
2750 4713 2844 4764 se;
2890 4713 2984 4753 eas
3020 4711 3170 4759 vero,
3206 4710 3327 4765 qiue
3353 4705 3483 4749 sunt

1886 4793 2190 4859 intellectu,
2233 4790 2319 4848 vel
2348 4806 2510 4848 sensu
2545 4797 2817 4857 carentes,
2850 4804 2947 4860 per
2981 4790 3103 4845 illas
3128 4785 3341 4841 scilicet
3363 4801 3485 4856 quae

1884 4903 2056 4961 Opera
2089 4883 2305 4942 Domini
2346 4879 2756 4955 sapientissima
2813 4879 3257 4938 consideratione
3285 4876 3491 4931 collau—

1883 4983 2034 5040 dant.
2282 5054 2287 5059 Ξ

1961 5078 2098 5133 Item
2134 5074 2243 5146 ipse
2267 5072 2324 5127 in
2362 5071 2704 5132 conclusione
2748 5072 3040 5140 nouissima:
3065 5061 3438 5142 psalmorum.

1874 5214 1877 5217 .
1962 5168 2104 5240 Quid
2153 5168 2296 5224 enim
2344 5166 2400 5224 in
2457 5171 2565 5227 isto
2630 5162 2846 5222 cmlesti
2909 5163 3145 5222 armario
3195 5151 3521 5222 Scriptura-

1892 5249 2017 5320 rum
2088 5260 2402 5317 divinarum
2474 5253 2739 5321 invenire
2806 5274 2916 5319 non
2985 5245 3215 5328 possis?
3286 5242 3532 5304 Generis

1895 5369 2114 5428 quaeras
2162 5356 2269 5419 hic,
2317 5345 2800 5424 quemadmodum
2865 5351 3023 5409 fuerit
3066 5336 3308 5428 mundus
3358 5334 3541 5396 fabri-

1895 5422 2089 5511 catus,
2158 5422 2471 5515 exponitur.
2520 5437 2872 5507 Prophetias
2932 5442 3075 5517 [edit.
3130 5422 3356 5527 βαδίξῖ
3410 5444 3543 5499 pro-

1884 5542 2081 5610 phetas
2131 5535 2344 5608 dicas]?
2399 5540 2534 5610 Quis
2561 5536 2642 5591 dc
2681 5528 3071 5595 incarnatione
3132 5525 3361 5610 Dotmni
3435 5530 3552 5576 tan-

2302 5637 2344 5652 ..I
2374 5630 2400 5652 Ω
2467 5620 2844 5652 η.-Α.“““1;ΙΙΜ
2929 5626 3102 5652 --.ηξηρ
3122 5620 3148 5652 9
3213 5608 3268 5640 ni
