4006 5388
221 256 356 312 “29

1566 262 1978 325 BENEDICTIO
2016 266 2167 357 ost.

3355 275 3497 334 1450

221 393 438 449 Latinos
470 401 651 448 autem
688 392 896 464 primus
934 393 1075 449 idem
1115 394 1462 453 beatissimus
1489 398 1807 455 Ambrosius
1834 384 1882 441 Α
1910 396 2138 438 "umero
2160 392 2214 439 ει
2245 390 2511 457 tempore:
2542 384 2912 447 descenditad
2946 397 3143 456 ίθιτθεν
3175 389 3498 463 impleturus

221 486 545 556 sntiphouas
573 486 892 553 constituit,
929 487 1242 544 Graacorum
1285 490 1592 563 exemplum
1628 492 1807 549 imita-

220 588 326 634 tus.
375 577 456 633 Ex
484 578 611 635 hinc
643 579 713 635 de
739 580 953 637 eunetis
990 582 1234 640 occiduis
1271 585 1583 656 regionibus
1619 600 1809 642 earum

219 684 350 725 usus
378 668 697 726 increbruit.

776 760 856 816 De
890 763 1255 834 responsoriis.

290 850 655 922 Responsorla
703 852 775 910 ab
813 852 962 911 Italis
1009 855 1173 927 longo
1221 864 1348 913 ante
1400 866 1641 933 tempore
1684 867 1813 918 sunt

216 951 449 1012 reperta.
501 944 570 999 Et
596 954 789 1001 vocata
818 946 922 1002 hoc
947 948 1188 1017 nomine,
1218 949 1380 1020 quod,
1418 967 1525 1007 uno
1555 962 1806 1022 canente,

215 1038 419 1094 chorus
444 1039 797 1096 consunendo
825 1042 1168 1112 respondeat.
1206 1043 1346 1100 Ante
1373 1055 1554 1102 autem
1586 1047 1639 1104 id
1664 1047 1812 1105 solus

213 1132 446 1203 quisque
475 1134 702 1205 agebat,
749 1150 893 1191 nunc
930 1146 1111 1192 autem
1142 1135 1415 1194 interdum
1445 1157 1602 1205 unus,
1636 1142 1808 1199 inter-

212 1223 342 1278 dum
372 1224 481 1280 duo
508 1226 593 1282 vel
623 1236 736 1283 tres
758 1232 1127 1289 communiter
1150 1241 1383 1301 canunt,
1417 1233 1584 1291 choro
1611 1234 1665 1290 in
1691 1236 1813 1307 pluc-

211 1315 370 1373 rimis
398 1319 778 1389 respondente.

432 1404 509 1466 De
534 1410 786 1469 laudibus
812 1412 983 1487 [Edlt.
1011 1419 1212 1483 Paris,
1241 1417 1306 1472 de
1331 1416 1596 1493 alleluia.]

285 1499 531 1567 Laudes,
578 1505 681 1561 hoc
713 1514 799 1563 est
836 1507 1047 1564 alleluia
1086 1525 1317 1578 canere,
1361 1512 1652 1582 antiquum
1684 1522 1768 1571 est
1793 1555 1811 1585 ,

138 1604 148 1611 '
210 1590 567 1652 Hebraeorum
592 1614 764 1655 more.
791 1600 957 1670 Cujus
978 1605 1244 1674 expositio
1268 1604 1496 1661 duorum
1520 1607 1812 1664 verborum

210 1684 667 1757 interpretatione
695 1693 963 1759 consistit,
996 1696 1100 1752 hoc
1127 1704 1213 1753 est
1240 1694 1360 1753 laus
1389 1697 1506 1752 Dei.
1545 1698 1619 1755 De
1653 1698 1810 1769 cujus

1908 475 2142 546 gratiam
2167 492 2329 548 quam
2367 479 2621 538 Christus
2647 482 2917 554 promisit.
2950 480 3085 538 Nam
3105 491 3164 538 et
3190 494 3343 539 sexta
3366 485 3499 541 hora

1906 568 2161 628 Christus
2198 587 2420 642 passus;
2488 575 2543 631 in
2595 590 2794 631 nonam
2842 576 3071 648 patibuli
3128 576 3499 633 cruciamenta

1909 663 2172 732 porrexit.
2196 662 2312 721 Tali
2343 665 2487 721 enim
2511 677 2859 725 sacramento
2884 667 3143 741 legitimis
3184 669 3251 725 ad
3282 685 3499 743 precem

1904 756 2269 826 temporibus,
2325 773 2424 830 per
2472 769 2660 818 ternas
2689 762 2876 827 horas.
2910 761 3199 821 Trinitatis
3231 762 3500 835 perfectio

1910 853 2007 900 aut
2035 845 2286 903 laudatur
2312 848 2745 920 celebri‘tatibus,
2773 854 3131 926 autprecibus
3154 854 3498 927 impetratur.

1910 937 1979 993 Et
1996 939 2040 993 si
2055 951 2399 1011 computetur
2419 944 2613 1001 diurna
2638 944 2952 1014 celebritas,
2975 964 3074 1022 per
3088 938 3499 1025 quaternarium

1908 1048 2081 1105 usque
2105 1036 2157 1090 in
2184 1039 2552 1109 vespertinum
2589 1038 2845 1109 cilicium,
2870 1043 2973 1099 hoc
2998 1049 3101 1109 est,
3132 1053 3325 1115 quater
3350 1043 3499 1118 [edit.

1911 1125 2117 1195 Paris.,
2157 1131 2520 1205 quatertinas]
2555 1132 2908 1205 signiﬁcatur,
2940 1135 3067 1206 quia
3106 1137 3340 1191 mundus
3362 1151 3500 1208 qua-

1910 1215 2139 1274 drifarie
2175 1218 2381 1277 divisus
2412 1222 2466 1277 in
2511 1222 2784 1280 Trinitate
2821 1221 3084 1282 salvatur.
3117 1224 3399 1298 Siquidem
3446 1236 3506 1283 et

1906 1307 1967 1364 in
2007 1318 2168 1367 nocte
2210 1315 2479 1372 stationes
2526 1325 2581 1372 et
2627 1317 2826 1389 vigilia:
2856 1318 3124 1376 militares
3172 1320 3227 1375 in
3268 1330 3505 1395 quatuor

1908 1409 2095 1472 partes
2146 1404 2332 1461 divisae
2371 1407 2537 1462 ternis
2586 1408 2846 1464 horarum
2877 1410 3070 1481 spatiis
3102 1412 3496 1479 decernuntur,

1911 1506 1973 1553 ut
1999 1509 2055 1555 et
2084 1500 2137 1554 in
2183 1500 2316 1571 ipsis
2342 1504 2624 1561 nocturnis
2650 1504 3125 1578 mundialibusque
3161 1505 3354 1563 ciliciis
3383 1503 3506 1563 Tri-

1910 1589 2101 1648 nitatis
2128 1594 2448 1664 mysterium
2478 1605 2786 1652 veneretur.

2487 1686 2564 1741 De
2613 1691 2936 1760 vespertinis.

208 1747 475 1850 mysterio
501 1781 738 1840 Joannes
767 1786 821 1841 in
852 1747 1175 1861 Apocalypsi
1212 1789 1399 1855 refert,
1435 1792 1629 1861 spiritu
1654 1747 1813 1849 rere-
1841 1747 1887 1808 Β
1988 1777 2368 1849 Vespertinnm
2409 1780 2589 1836 diurni
2623 1783 2745 1840 linis
2773 1783 3007 1840 ofﬁcium
3032 1786 3240 1842 diurnae
3265 1794 3319 1841 et
3341 1785 3507 1843 alter-

206 1868 362 1926 lunte
395 1873 618 1942 vidisse,
669 1884 726 1932 et
773 1880 990 1935 audisse
1024 1896 1211 1938 vocem
1250 1884 1491 1939 caelestis
1537 1885 1811 1941 exercitus

206 1964 528 2035 angelorum
556 2009 571 2034 ,
622 1977 877 2041 tanquam
907 1989 1097 2030 vocem
1130 1975 1429 2031 validorum
1466 1978 1767 2034 tonitruum
1792 2019 1809 2046 ,

205 2064 266 2110 et
313 2066 574 2128 tanquam
607 2076 792 2118 vocem
819 2079 1083 2135 aquarum
1128 2068 1456 2134 multarum,
1510 2070 1809 2127 dicentium

204 2148 426 2205 alleluia
444 2151 626 2223 (Apoc.
647 2169 764 2220 xIx,
784 2155 860 2226 6).
893 2156 973 2212 Ex
1001 2174 1109 2228 quo
1135 2159 1311 2215 nullus
1333 2163 1493 2217 debet
1513 2164 1809 2236 ambigere,

205 2247 315 2295 hoc
345 2240 519 2299 laudis
548 2246 885 2319 mysterium,
928 2249 973 2304 si
999 2250 1161 2322 digna
1191 2251 1294 2308 llde
1322 2263 1378 2309 et
1405 2254 1694 2312 devotione
1722 2260 1813 2314 ce-'

204 2334 478 2404 lehretur,
510 2339 718 2411 angelis
741 2356 863 2398 esse
891 2345 1261 2416 conjunctum.
1800 2350 1801 2353 “

282 2427 511 2484 Alleluia
561 2442 778 2500 autem,
825 2435 969 2493 sicut
1010 2446 1066 2493 et
1110 2454 1302 2506 amen,
1356 2440 1423 2495 de
1474 2439 1701 2496 Hebraea
1754 2443 1809 2497 in

203 2519 378 2575 aliam
417 2523 656 2598 linguam
695 2544 1041 2600 nequaquam
1076 2532 1500 2599 transferuntur,
1541 2550 1648 2589 non
1684 2536 1810 2606 quia

204 2617 567 2685 interpretari
609 2619 834 2677 minime
874 2633 1116 2694 queant,
1160 2626 1253 2681 sed
1279 2667 1294 2691 ,
1345 2628 1486 2682 sicut
1523 2627 1676 2683 aiunt
1713 2629 1811 2684 do-

203 2713 417 2773 ctores,
442 2719 692 2767 servatur
713 2713 766 2768 in
792 2714 871 2770 eis
895 2716 1212 2786 antiquitas,
1236 2727 1459 2791 propter
1480 2720 1810 2777 sanctiorem

202 2799 624 2857 auctoritatem.

279 2893 340 2947 ln
388 2893 659 2953 Africanis
718 2907 898 2956 autem
946 2902 1259 2972 regionibus
1314 2920 1422 2959 non
1474 2907 1625 2962 omni
1674 2917 1813 2963 tem-

201 2999 383 3055 pore,
433 2988 526 3043 sed
582 2996 793 3045 tantum
847 2990 1145 3050 Dominicis
1194 2994 1383 3052 diebus
1439 3008 1496 3054 et
1542 3000 1841 3071 quinqua?

200 3074 364 3146 ginta
437 3085 559 3147 post
608 3078 945 3137 Dominicam
1008 3087 1467 3142 resurrectionem
1500 3129 1516 3154 ,
1595 3089 1885 3181 alleluiac

199 3175 471 3225 cantatur
551 3186 651 3241 pro
714 3174 1110 3251 significatione
1179 3177 1374 3235 futurae
1450 3185 1809 3240 resurrectio-

201 3260 294 3315 nis
347 3269 403 3316 et
457 3260 677 3318 laetitiae.
730 3265 951 3330 Verum,
985 3270 1125 3338 apud
1155 3285 1273 3335 nos,
1304 3271 1601 3328 secundum
1663 3275 1809 3330 anti-

201 3369 377 3424 quam
402 3353 782 3425 Hispaniarum
802 3359 1172 3427 traditionem,
1223 3371 1420 3433 przeter
1442 3363 1559 3419 dies
1585 3362 1807 3434 jejunio-

185 3444 360 3508 rum,
396 3445 481 3500 vel
508 3444 968 3518 Quadragesimie,
996 3451 1145 3506 omni
1196 3459 1440 3524 tempore
1492 3455 1709 3510 canitur
1737 3455 1811 3510 al-

198 3536 399 3592 leluia.
433 3536 709 3610 Scriptum
753 3549 836 3597 est
880 3542 1024 3598 enim
1063 3542 1322 3614 ;·.ςθηψεν
1352 3544 1470 3600 laus
1495 3546 1609 3615 ejus
1628 3548 1683 3602 in
1721 3562 1811 3604 ore

198 3647 330 3684 meo
363 3628 538 3703 (Psal.
574 3649 772 3699 χχχιιι,
795 3632 874 3705 2).
902 3634 1057 3702 Quod
1080 3651 1211 3692 vero
1235 3646 1354 3706 post
1375 3648 1807 3695 consummatam

196 3712 573 3790 psalmorum,
614 3723 729 3778 sive
786 3723 1078 3781 lectionum
1120 3728 1560 3798 praedicationem
1593 3729 1809 3787 alleluia

198 3812 261 3869 in
330 3813 436 3869 line
472 3823 741 3882 cantatur,
775 3815 877 3872 hoc
918 3818 969 3872 in
1029 3833 1125 3888 spe
1175 3816 1350 3875 futura
1384 3819 1513 3875 facit
1544 3820 1806 3888 Ecclesia,

199 3907 537 3977 significans
558 3917 680 3981 post
705 3909 1174 3965 annuntiationcm
1199 3912 1348 3982 regni
1377 3911 1663 3976 caelorum,
1690 3929 1811 3983 qua:

196 3999 261 4056 in
298 4001 404 4055 hac
427 4001 533 4056 vita
561 4017 659 4072 per
680 4011 970 4073 utrumque
998 4002 1404 4061 Testamentum
1438 4007 1638 4062 mundo
1672 4022 1811 4078 prae-

197 4092 454 4156 dicatur,
508 4093 777 4149 actionem
811 4103 1052 4149 nostram
1092 4111 1198 4151 non
1247 4111 1366 4152 esse
1399 4094 1657 4162 futuram,
1704 4096 1808 4154 nisi

195 4183 264 4240 in
299 4183 462 4238 laude
495 4182 607 4238 Dei.
648 4182 740 4240 Sic
767 4186 913 4241 enim
954 4187 1215 4259 scriptum
1238 4195 1322 4243 est
1352 4205 1366 4242 :
1406 4186 1558 4242 Beati
1597 4189 1686 4261 qui
1714 4188 1811 4244 ha-

194 4273 385 4331 bitant
423 4272 477 4327 in
507 4274 660 4328 domo
714 4285 829 4343 tua,
876 4274 1118 4345 Domine,
1167 4279 1222 4332 in
1249 4277 1445 4333 sarcula
1493 4278 1809 4334 saeculorum

193 4366 512 4422 laudabunt
552 4378 600 4423 te
649 4366 822 4437 (Psal.
880 4387 1107 4437 Lxxxm,
1169 4371 1247 4442 5).
1282 4369 1419 4426 Hinc
1449 4379 1532 4427 est
1580 4372 1726 4442 quod
1754 4379 1810 4428 et

192 4459 359 4516 liber
408 4458 746 4516 Psalmorum
795 4463 848 4517 in
901 4462 1060 4519 laude
1101 4463 1462 4529 concluditur,
1511 4472 1571 4520 ut
1615 4465 1889 4564 eadem”

192 4560 342 4625 post
378 4552 536 4609 linem
565 4554 749 4611 saeculi
774 4554 891 4610 laus
918 4565 1121 4610 :eterna
1153 4564 1502 4611 monstretur.

284 4643 524 4715 (Omissa
570 4645 800 4719 capitula
832 4647 896 4702 de
923 4649 1228 4718 o/fertoriis,
1259 4650 1324 4704 de
1351 4650 1513 4704 missa
1539 4660 1587 4705 et
1613 4650 1811 4706 oratio-

1911 1886 1997 1927 me
2031 1870 2169 1929 lucis
2197 1888 2424 1929 occasus
2470 1883 2553 1931 est
2584 1895 2597 1930 :
2630 1876 2782 1946 cujus
2815 1894 2882 1934 ex
2931 1879 3117 1936 Veteri
3158 1878 3507 1937 Testamento

1913 1963 2169 2021 solemnis
2202 1974 2281 2021 est
2312 1968 2626 2024 celebratio.
2671 1970 2913 2042 Denique
2938 1972 3042 2028 hoc
3067 1980 3312 2044 tempore
3362 1980 3508 2028 vete-

1913 2072 2034 2113 rum
2078 2060 2345 2115 sacrilicia
2377 2060 2558 2116 offerri
2593 2060 2908 2133 adolerique
2943 2062 3138 2120 altario
3170 2073 3414 2120 aromata
3451 2070 3508 2120 et

1914 2152 2044 2207 thus
2089 2168 2208 2208 mos
2259 2164 2399 2209 erat.
2446 2152 2613 2223 Cujus
2664 2156 2741 2210 rei
2771 2158 2927 2213 testis
2959 2168 3043 2213 est
3091 2157 3180 2214 ille
3212 2158 3505 2232 hymnicus

1913 2237 2064 2316 [edit.
2098 2233 2107 2236 ⁷
2138 2242 2353 2312 Parim,
2404 2246 2775 2321 hymnidieus]
2840 2251 2990 2323 regio
3040 2268 3105 2308 ac
3177 2251 3505 2308 sacerdotali

1822 2364 1831 2367 ν
1913 2335 2132 2392 functus
2180 2336 2356 2392 oﬂicio
2391 2337 2621 2395 dicens:
2675 2339 2952 2413 Dirigatur
2992 2346 3165 2399 oratio
3205 2361 3321 2400 mea
3368 2345 3502 2399 sicut

1912 2428 2182 2484 incensum
2218 2430 2271 2483 in
2321 2441 2594 2500 conspectu
2644 2442 2735 2486 tuo
2767 2447 2785 2485 :
2816 2433 3053 2490 Eleratio
3076 2453 3328 2492 manuum
3360 2454 3509 2491 mea-

1915 2537 2056 2584 rum,
2084 2522 2403 2589 sacri/icium
2455 2526 2797 2595 vespertinum
2827 2525 3000 2598 (Psal.
3024 2544 3148 2597 cxn,
3174 2528 3253 2598 2).
3282 2529 3337 2583 In
3366 2544 3507 2586 novo

1915 2629 2132 2684 quoque
2163 2614 2514 2672 Testamento
2537 2631 2601 2673 eo
2630 2628 2874 2690 tempore
2896 2619 3157 2677 Dominus
3172 2631 3228 2678 et
3254 2621 3508 2677 Salvator

1914 2712 2121 2771 noster,
2137 2707 2481 2763 etenantibus
2513 2710 2793 2781 apostolis,
2817 2702 3136 2785 mysterium
3156 2712 3236 2769 sui
3261 2712 3507 2783 corporis

1914 2807 1972 2851 et
1998 2800 2275 2871 sanguinis
2318 2801 2474 2855 initio
2506 2803 2751 2869 tradidit,
2780 2812 2839 2860 ut
2876 2814 3084 2876 tempus
3122 2805 3296 2877 ipsum
3331 2806 3503 2861 sacri-

1915 2890 2024 2945 licii
2053 2907 2337 2962 vesperum
2384 2894 2694 2950 ostenderet
2727 2896 2931 2952 saeculi.
2973 2896 3206 2953 Proinde
3255 2897 3307 2952 in
3337 2897 3505 2954 hono-

1915 3000 2030 3038 rem
2075 3001 2138 3040 ac
2193 2989 2508 3042 memoriam
2559 2996 2832 3044 tantorum
2884 2998 3371 3057 sacramentorum,
3418 2991 3504 3048 his

1918 3076 2253 3146 temporibus
2296 3093 2394 3133 nos
2444 3078 2633 3134 adesse
2684 3080 2838 3135 decet
2874 3081 2969 3137 Dei
3015 3081 3419 3153 conspectibus,
3448 3091 3505 3137 et

1916 3181 2211 3238 personare
2240 3169 2291 3223 in
2329 3169 2445 3237 ejus
2476 3170 2732 3238 cultibus,
2762 3174 3069 3230 orationum
3097 3185 3405 3230 nostrarum
3428 3173 3507 3229 illi

1914 3258 2242 3313 sacrificium
2286 3259 2597 3326 offerentes,
2648 3274 2811 3320 atuue
2850 3265 2902 3319 in
2931 3265 3049 3337 ejus
3076 3265 3325 3321 laudibus
3355 3266 3505 3337 pari-

1916 3357 2001 3403 ter
2021 3352 2374 3408 exsultantes.
2399 3351 2699 3425 Vesperqu
2735 3365 2913 3411 autem
2940 3357 3249 3412 nominatur
3271 3375 3299 3412 a
3330 3358 3510 3413 sidere

1913 3441 2057 3509 quod
2094 3441 2300 3511 Vesper
2346 3451 2574 3498 vocator
2620 3452 2675 3500 et
2734 3444 3031 3503 decedente
3081 3447 3195 3504 sole
3241 3448 3504 3505 exoritur.

1914 3530 1991 3588 De
2017 3549 2126 3604 quo
2177 3534 2436 3605 propheta
2487 3536 2665 3592 dicit:
2702 3536 2768 3591 Et
2827 3536 3108 3609 Vesperum
3154 3557 3313 3610 super
3365 3540 3507 3611 ﬁlios

1913 3622 2183 3679 hominum
2212 3625 2423 3695 prodire
2451 3625 2583 3695 facis
2611 3624 2733 3699 (Job
2766 3643 2995 3694 xxxvm,
3029 3627 3141 3702 52).

2506 3713 2582 3769 De
2624 3716 2912 3787 completis.

1985 3808 2062 3863 De
2093 3807 2378 3879 completis
2417 3815 2599 3865 autem
2629 3809 2969 3868 celebrandis
3016 3812 3069 3867 id
3119 3813 3283 3868 etiam
3321 3814 3375 3869 in
3412 3813 3509 3871 Pa-

1915 3907 2061 3955 trum
2093 3900 2400 3956 invenimus
2436 3901 2722 3973 exemplis,
2749 3902 2919 3959 David
2951 3905 3215 3976 propheta
3243 3906 3458 3963 dicente
3485 3923 3503 3963 :

1917 3988 1981 4047 Si
2009 3991 2289 4047 ascendere
2332 3993 2387 4047 in
2431 3993 2620 4048 lectum
2642 3994 2797 4048 strati
2824 3996 2945 4062 mei,
2975 3997 3019 4050 si
3045 3997 3236 4052 dedero
3266 4014 3509 4056 somnum

1914 4080 2082 4137 oculis
2126 4082 2253 4137 meis
2310 4093 2359 4137 et
2410 4082 2672 4155 palpebris
2729 4083 2855 4138 meis
2885 4087 3310 4141 dormitationem
3366 4102 3384 4139 .‘
3416 4098 3509 4145 aut

1913 4175 2143 4242 requiem
2189 4175 2505 4244 temporibus
2552 4175 2703 4242 meis,
2766 4176 2930 4230 donec
3010 4177 3270 4233 inueniam
3335 4178 3508 4237 locum

1918 4264 2161 4326 Domino,
2212 4263 2613 4319 tabernaculum
2655 4265 2767 4321 Deo
2800 4264 2966 4320 Iacob
3007 4266 3182 4339 (Psal.
3219 4285 3385 4336 cxxx,
3425 4272 3503 4342 5).

1915 4353 2050 4421 Quis
2074 4369 2181 4409 non
2212 4362 2451 4425 stupeat,
2480 4363 2686 4410 tantam
2723 4356 2779 4411 in
2812 4355 2906 4413 Dei
2935 4372 3121 4414 amore
3149 4360 3313 4415 animi
3345 4360 3510 4418 devo-

1916 4445 2119 4500 tionem
2171 4454 2231 4500 ut
2269 4448 2517 4503 somnum
2563 4445 2689 4512 sibi,
2720 4447 2837 4505 sine
2886 4463 2994 4520 quo
3039 4449 3228 4521 utique
3280 4466 3508 4524 corpora

1914 4536 2153 4592 humana
2176 4536 2453 4604 deficiunt,
2485 4539 2705 4609 penitus
2728 4540 3095 4610 interdixerit,
3125 4543 3298 4601 donec
3325 4544 3503 4600 locum

1915 4642 1982 4683 ac
2033 4628 2293 4700 templum
2345 4630 2571 4687 Domino
2602 4630 2981 4690 fabricandum
3037 4637 3091 4691 in
3120 4645 3342 4706 pectore
3384 4652 3504 4705 suo,

1917 4736 2013 4776 rex
2037 4729 2092 4777 et
2119 4721 2380 4792 propheta
2406 4723 2850 4794 reperiret?Qua2
2876 4741 2965 4782 res
2992 4741 3093 4783 nos
3115 4724 3279 4782 debet
3298 4726 3514 4783 fortiter

1921 4816 2241 4877 admouere,
2273 4822 2351 4881 ut,
2385 4815 2431 4871 si
2463 4815 2567 4887 ipsi
2590 4814 2744 4872 locus
2776 4817 2990 4877 Domini
3012 4815 3268 4876 volumus
3293 4833 3436 4883 esse,
3461 4828 3519 4874 et

1920 4908 2333 4968 tabernaculum
2382 4911 2526 4983 ejus,
2562 4920 2659 4966 aut
2711 4914 2973 4985 templum
3021 4908 3280 4983 cupimus
3328 4911 3521 4967 haberi

1919 5005 2157 5078 Spiritus
2209 5005 2406 5071 sancti,
2467 5006 2520 5061 in
2582 5017 2848 5075 quantum
2893 5017 3230 5077 possumus,
3278 5001 3529 5072 exempla

1917 5104 2239 5154 sanctorum
2270 5094 2568 5161 imitemur,
2594 5112 2665 5153 ne
2686 5100 2753 5156 de
2779 5101 2935 5158 nobis
2959 5102 3184 5159 dicatur
3202 5097 3354 5163 quod
3378 5096 3535 5153 intel-

1917 5190 2111 5262 ligitur
2139 5203 2154 5242 :
2182 5187 2527 5248 Dormierunt
2567 5204 2812 5249 somnum
2862 5211 3039 5263 suum,
3086 5195 3137 5243 et
3169 5185 3308 5241 nihil
3334 5189 3544 5244 invene-

1917 5292 2040 5320 φυηρ
2086 5296 2264 5320 nmo-ne
2298 5284 2406 5324 ..ενδ
2440 5281 2744 5324 Αὸοοὸιὸηοοηη
2791 5289 2846 5344 in
2894 5285 3151 5334 manibus
3195 5279 3313 5320 ινδ.
3371 5279 3523 5322 LDmI

194 4738 396 4804 nibus,
437 4739 502 4795 de
549 4739 782 4812 symbolo
836 4738 1081 4806 Nieazno,
1148 4743 1212 4797 de
1267 4744 1708 4800 benedictionibus
1755 4745 1812 4801 in

195 4826 433 4903 populo.
465 4832 527 4885 de
551 4832 834 4901 sacri/icio,
862 4833 991 4903 etc.)

218 4928 223 4932 ’
436 4921 512 4978 De
539 4925 727 4989 tertiis,
753 4935 935 4992 serue,
961 4936 1010 4980 et
1042 4938 1193 4982 nona?
1224 4927 1367 4982 liora:
1396 4928 1590 5000 officiis.

287 5012 491 5069 Horam
522 5018 756 5079 tertiam,
787 5027 997 5073 sextam
1041 5028 1097 5074 et
1137 5035 1355 5085 nonam,
1392 5021 1578 5077 Daniel
1616 5031 1671 5078 et
1704 5031 1815 5081 tres

191 5103 376 5178 pueri
425 5105 911 5176 supplicationibus
955 5092 1307 5175 devoverant,
1344 5112 1572 5174 scilicet,
1621 5119 1681 5167 ut
1742 5111 1812 5166 ab

191 5187 345 5253 ortu
374 5196 476 5252 diei
520 5199 573 5253 in
605 5208 819 5267 tempus
849 5202 1179 5270 precationis
1217 5213 1328 5258 tres
1361 5206 1506 5262 horta
1547 5215 1814 5276 porrectio

193 5284 505 5328 Ψυιῖιιῖιοηῖε

558 5289 717 5326 ιιηιιῖα
761 5305 935 5310 ⁵”⁴”·““”
975 5293 1119 5324 Αἶα-υ
1164 5294 1679 5328 ..ης-Ι-ι-ηικιηισιν--ι-ίι
