4006 5486
492 353 627 408 M51

1309 350 1739 409 APPEND.'AD
1781 351 1954 411 SIEC.
1991 351 2083 409 ιχ.
2125 382 2196 397 --
2230 352 2599 413 AUCTORES
2633 352 2969 413 ANONYMI.

3610 352 3749 413 ηδε

490 475 650 523 nocte
694 464 880 538 vigilat
929 466 1153 538 spiritus
1201 480 1354 522 meus
1379 468 1445 523 ad
1476 478 1548 533 te,
1598 469 1764 535 Deus,
1804 468 1932 540 quia
1976 467 2068 524 lux
2095 474 2146 531 Α
2174 484 2348 537 nonae,
2398 486 2670 542 vesperae,
2721 472 3166 545 completoriique
3213 480 3491 546 tempore,
3551 482 3749 528 nostrae

487 565 755 630 prmcepta
799 564 891 613 tua
920 566 1047 613 sunt
1087 573 1248 628 super
1285 567 1507 614 terram.
1553 557 1689 616 Item
1718 559 1886 615 David
1920 577 1934 615 :
1963 558 2072 615 Me-

485 652 577 706 dia
616 660 764 706 nocte
813 651 1088 722 surgebam
1136 651 1207 706 ad
1259 652 1614 721 conﬁtendum
1664 652 1778 719 tibi,
1804 669 1961 724 super
1978 652 2073 724 ju—

485 747 626 801 dicia
657 746 885 816 justitia:
918 756 1023 800 tua:
1051 745 1223 801 (Psal.
1265 746 1488 815 cxvnt).
1526 745 1639 803 lloc
1668 762 1903 817 namque
1931 756 2072 804 tem-

484 849 616 906 pore
659 843 904 891 vastator
948 834 1174 907 angelus
1204 836 1476 892 transiens
1515 836 1873 908 primogenita
1903 835 2071 908 Egy-

481 928 718 998 ptiorum
747 929 1034 1000 percussit.
1065 928 1220 985 Unde
1247 938 1303 984 et
1343 945 1442 987 nos
1469 928 1697 1000 vigilare
1741 939 1972 1000 oportet,
2004 942 2073 984 ne

481 1020 725 1089 periculo
774 1020 1152 1093 {Egyptiorum
1196 1020 1615 1077 admisceamur.
1674 1019 1867 1077 Iisdem
1905 1020 2073 1076 etiam

482 1110 636 1166 horis
670 1121 961 1167 venturum
1008 1128 1067 1168 se
1106 1127 1229 1169 esse
1283 1111 1658 1184 itrEvangelio
1690 1110 1944 1168 Salvator
1969 1112 2070 1168 ad-

478 1196 709 1259 strinxit.
745 1204 901 1263 Uude
926 1214 977 1261 ct
1011 1206 1077 1261 ad
1104 1205 1433 1277 vigilandum
1486 1206 1760 1262 auditores
1797 1220 1924 1262 suos
1972 1205 2071 1262 do-

482 1295 614 1361 cuit,
646 1304 701 1352 et
729 1298 1002 1355 suscitans
1040 1299 1173 1355 dicit
1202 1317 1216 1355 :
1253 1298 1405 1355 Beati
1437 1299 1580 1355 servi
1634 1297 1729 1363 illi,
1761 1313 1919 1368 quos,
1947 1311 2073 1353 cum

479 1387 693 1442 venerit
739 1388 1013 1455 dominus,
1045 1390 1314 1446 invenerit
1351 1390 1661 1461 vigilantes.
1708 1390 1827 1446 Etsi
1856 1403 2075 1458 vesper-

480 1476 595 1531 tina
641 1478 796 1546 hora,
836 1480 1031 1550 inquit,
1062 1482 1371 1544 invenerit,
1406 1481 1509 1537 etsi
1554 1480 1732 1537 media
1762 1490 1939 1545 nocte,
1967 1477 2075 1537 etsi

479 1569 606 1638 galli
657 1582 847 1639 cantu,
900 1574 1171 1631 invenerit
1221 1591 1315 1633 eos
1366 1576 1673 1648 vigilantes,
1729 1575 1874 1631 beati
1924 1582 2071 1632 sunt.

477 1662 607 1717 Ideo
630 1671 685 1718 et
710 1679 808 1719 vos
832 1672 1008 1722 estote
1045 1667 1257 1736 parati;
1310 1667 1458 1738 quia,
1509 1683 1616 1738 qua
1666 1667 1889 1723 nescitis
1936 1666 2075 1723 hora

479 1753 623 1810 liiius
676 1756 912 1812 hominis
959 1766 1224 1814 venturus
1250 1767 1355 1815 est.
1411 1756 1693 1828 Siquidem
1747 1772 1850 1813 nec
1886 1756 2071 1814 verbis

479 1849 654 1905 solum
681 1850 866 1905 docuit
904 1850 1139 1922 vigilias,
1174 1852 1267 1908 sed
1294 1852 1457 1908 etiam
1507 1851 1850 1907 confirmavit
1876 1865 2066 1907 exem-
2093 1830 2142 1891 Β

476 1940 588 2012 plo.
620 1939 753 1996 Nam
787 1952 1016 1998 testatur
1046 1943 1397 2016 Evangelium
1442 1944 1568 2016 quia
1610 1953 1722 1997 erat
1762 1941 1923 1999 Jesus
1950 1957 2067 2011 per-

479 2041 701 2086 noctans
741 2034 796 2088 in
828 2034 1064 2088 oratione
1106 2014 1387 2105 Deiv(Luc.
1412 2014 1512 2105 vi).
1542 2014 1742 2088 Daulus
1767 2048 1981 2104 quoque
2012 2040 2070 2089 et

480 2120 622 2178 Silas
644 2122 697 2177 in
727 2123 968 2180 custodia
995 2124 1231 2195 publica,
1259 2126 1405 2182 circa
1430 2124 1665 2181 medium
1696 2125 1872 2182 noctis
1899 2141 2066 2181 oran-

479 2222 582 2280 tes,
639 2214 923 2285 hymnum,
978 2215 1323 2274 audientibus
1367 2218 1600 2283 cunctis,
1649 2217 1817 2273 vincti
1865 2216 2070 2273 dixisse

483 2316 878 2361 memorantur.
910 2305 1013 2363 Ubi
1043 2318 1267 2379 repente
1312 2317 1622 2366 terrtemotu
1653 2308 1816 2374 facto,
1847 2318 1904 2364 et
1938 2323 2069 2365 con-

481 2396 656 2453 eussis
683 2398 920 2454 carceris
956 2397 1349 2467 fundamentis,
1375 2407 1430 2457 et
1453 2398 1634 2470 janua:
1678 2408 1871 2470 sponte
1912 2413 2069 2471 aper-

480 2499 579 2557 tae,
616 2499 672 2546 et
699 2492 942 2547 omnium
971 2492 1184 2548 vincula
1232 2502 1360 2550 sunt
1407 2492 1605 2549 soluta.
1658 2490 1811 2549 Unde
1854 2498 2070 2562 oportet

476 2581 564 2637 his
611 2583 782 2650 horis,
834 2584 1095 2654 psallendi
1138 2585 1440 2654 orandique
1489 2583 1850 2654 frequentiam
1881 2598 1980 2638 nos
2012 2583 2066 2638 in

480 2675 684 2730 sanctis
727 2674 929 2732 habere
969 2674 1183 2743 ofﬁciis,
1236 2676 1506 2747 tinemquc
1555 2683 1824 2741 nostrum,
1871 2673 1974 2741 vel,
2022 2673 2069 2730 si

479 2764 781 2832 advenerit,
810 2765 910 2821 sub
938 2766 1031 2821 tali
1060 2775 1184 2823 actu
1220 2776 1539 2837 exspectare
1578 2765 1863 2822 securius..

554 2859 654 2917 Est
678 2869 858 2915 autem
905 2861 1175 2931 quoddam
1222 2876 1395 2933 genus
1443 2861 1845 2926 haereticorum,
1885 2875 2072 2930 super-

481 2951 621 3009 fluas
685 2953 1121 3010 existimantium
1185 2968 1370 3010 sacras
1422 2953 1656 3025 vigilias,
1723 2961 1779 3008 et
1840 2949 2069 3022 spiritali

481 3061 648 3117 opere
678 3046 1060 3113 infructuosus,
1107 3047 1347 3105 dicentes
1391 3047 1518 3120 jura
1567 3046 1819 3104 temerari
1862 3045 2068 3112 divina,

482 3140 577 3208 qui
619 3150 833 3195 noctem
866 3139 995 3196 fecit
1024 3141 1092 3196 ad
1127 3141 1389 3211 requiem,
1440 3140 1582 3197 sicut
1627 3139 1768 3195 diem
1809 3139 1877 3207 ad
1915 3138 2069 3195 labo-

479 3246 618 3287 rem.
642 3230 743 3301 Qui
774 3232 1019 3290 haeretici
1041 3232 1231 3290 Graeco
1264 3248 1516 3291 sermone
1541 3245 1569 3275 ι
1589 3233 1944 3300 νυκτάζοντις,
1969 3231 2073 3288 hoc

482 3328 569 3377 est
607 3322 966 3390 samniculosi,
999 3334 1279 3381 vocantur.

1061 3417 1138 3473 De
1185 3425 1481 3474 matutinis.

557 3506 637 3564 De
664 3508 1055 3564 matutinorum
1095 3509 1419 3580 antiquitate
1460 3518 1518 3565 et
1557 3509 1880 3567 auctoritate
1920 3508 2073 3567 testis

488 3607 573 3654 cst
601 3599 741 3655 idem
790 3599 957 3655 David
985 3599 1269 3671 propheta,
1303 3599 1526 3656 dicens:
1556 3599 1625 3656 In
1663 3601 1934 3657 matutinis
1965 3617 2071 3656 me-

483 3690 696 3745 ditabor
721 3692 777 3745 in
807 3700 876 3755 te,
919 3691 1044 3762 quia
1075 3690 1224 3760 fuisti
1253 3690 1471 3761 adjutor
1499 3708 1645 3746 meus
1694 3689 1865 3763 (Psal.
1913 3690 2068 3763 LXII).

2099 3194 2148 3260 C

2169 562 2447 618 servitutis
2471 562 2646 619 officia
2671 564 3064 636 persolvamus,
3087 565 3215 637 quia
3256 565 3341 621 his
3378 565 3581 621 divinis
3603 563 3749 618 bons

2171 650 2308 706 dixit
2358 650 2627 723 Propheta
2670 671 2687 708 :
2739 653 2943 724 Septies
2985 655 3043 711 in
3095 655 3182 710 die
3227 654 3441 711 laudem
3492 655 3610 709 dixi
3639 652 3749 707 tibi.

2170 739 2306 799 Nam
2335 744 2401 800 de
2427 745 2709 801 nocturnis
2756 746 2955 816 vigiliis
3006 746 3149 802 idem
3179 748 3294 817 ipse
3320 745 3616 818 Pmphetao
3629 746 3707 799 ait
3734 763 3748 799 :

2171 832 2352 890 Media
2398 844 2545 890 nocte
2583 838 2856 906 surgebam
2906 854 2974 892 aa
3023 837 3379 906 conﬁtendum
3424 838 3523 892 tibi
3581 834 3750 906 (13ml.

2169 924 2384 998 cxvm).
2445 925 2583 997 Ergo
2642 927 2729 983 his
2803 927 3136 998 temporibus
3211 928 3518 986 referamus
3568 927 3756 981 laudes

2171 1017 2416 1074 Creatori
2457 1029 2665 1087 nostro,
2699 1034 2864 1092 super
2886 1021 3091 1092 judicia
3111 1022 3339 1093 justitise
3384 1036 3522 1086 sure,
3568 1020 3622 1075 id
3651 1028 3755 1083 est,

2171 1112 2476 1179 matutinis,
2504 1113 2704 1184 prima,
2735 1114 2917 1182 tertia,
2940 1123 3117 1181 sexta,
3141 1131 3306 1181 nona,
3327 1128 3584 1186 vespera,
3609 1127 3757 1167 com-

2172 1203 2435 1275 pletorio;
2472 1214 2529 1261 et
2554 1214 2712 1262 nocte
2737 1222 3022 1279 surgamus
3047 1209 3115 1264 ad
3143 1208 3512 1264 confitendum
3540 1206 3616 1263 ei.

2599 1297 2712 1354 Dec
2744 1299 3022 1372 disciplina
3050 1299 3330 1371 psallendi.

2245 1389 2457 1462 Ubique
2503 1391 2775 1449 credimus
2815 1393 3050 1450 divinam
3098 1408 3220 1450 esse
3258 1392 3617 1464 praesentiam
3650 1431 3667 1455 ,
3710 1399 3763 1443 et

2173 1483 2359 1541 oculos
2387 1483 2598 1540 Domini
2651 1485 2705 1541 in
2732 1485 2880 1541 omni
2919 1484 3038 1543 loco
3063 1484 3331 1557 speculari
3358 1484 3535 1541 bonos
3557 1492 3619 1539 et
3645 1497 3759 1537 ma-

2174 1573 2295 1641 los;
2326 1576 2560 1632 maxime
2585 1585 2764 1633 tamen
2796 1578 2900 1634 hoc
2925 1578 3042 1644 sine
3065 1577 3245 1649 aliqua
3275 1577 3620 1634 dubitatione
3646 1590 3764 1631 cre-

2176 1666 2391 1734 damus,
2418 1682 2544 1723 cum
2572 1668 2642 1724 ad
2668 1683 2804 1740 opus
2832 1668 3074 1725 divinum
3100 1668 3427 1724 assistimus.
3460 1666 3594 1722 Ideo
3621 1680 3761 1720 sem-

2175 1773 2275 1829 per
2299 1774 2569 1815 memores
2598 1759 2790 1825 simus,
2814 1759 2956 1830 quod
2977 1760 3054 1814 ait
3078 1758 3346 1830 Propheta
3380 1775 3396 1813 :
3427 1756 3637 1812 Servite
3660 1754 3761 1809 Do-

2166 1852 2308 1905 mino
2347 1849 2401 1905 in
2426 1851 2612 1905 timore
2659 1849 2829 1922 (Psal.
2874 1850 2980 1923 u);
3028 1859 3084 1906 et
3124 1851 3319 1906 iterum
3351 1867 3367 1904 :
3408 1846 3641 1905 Psallite
3680 1864 3764 1901 sa-

2166 1941 2365 2011 pienter
2412 1940 2586 2013 (Psal.
2636 1944 2821 2015 vat);
2860 1951 2917 1998 et
2971 1960 2987 1998 :
3032 1942 3098 1997 In
3126 1952 3404 2013 conspectu
3448 1940 3758 2014 angelorum

2167 2030 2394 2102 psallam
2444 2032 2539 2087 tibi
2597 2030 2767 2101 (Psal.
2815 2036 3080 2104 cxxxvn).
3142 2034 3285 2107 Ergo
3347 2028 3761 2090 consideremus

2168 2120 2402 2194 qualiter
2450 2132 2701 2194 oporteat
2757 2141 2857 2182 nos
2903 2125 2958 2182 in
3014 2135 3305 2198 conspectu
3351 2124 3672 2180 Divinitatis
3713 2131 3766 2179 et

2169 2219 2483 2293 angelorum
2515 2221 2631 2291 ejus
2658 2236 2812 2290 esse;
2843 2230 2899 2278 et
2937 2223 3018 2278 sic
3054 2230 3260 2278 stemus
3302 2221 3371 2276 ad
3403 2217 3761 2292 psallendum,

2169 2323 2229 2371 ut
2253 2329 2405 2371 mens
2443 2323 2627 2371 nostra
2652 2315 2945 2372 concordet
2982 2315 3104 2371 voci
3135 2322 3356 2372 nostrae.

2607 2408 2687 2464 De
2726 2409 3010 2465 reverentia
3049 2409 3324 2464 orationis.

2244 2499 2301 2555 Si
2374 2515 2497 2556 cum
2549 2497 2858 2556 hominibus
2909 2498 3219 2570 potentibus
3279 2496 3539 2553 volumus
3582 2493 3763 2564 aliqua

2171 2606 2497 2663 suggerere,
2555 2605 2661 2647 non
2731 2590 3090 2663 praesuminus
3138 2590 3243 2645 nisi
3276 2604 3400 2645 cum
3454 2586 3767 2641 humilitate

2171 2691 2227 2739 et
2272 2684 2618 2751 reverentia;
2662 2692 2869 2755 quanto
2898 2683 3071 2755 magis
3113 2680 3343 2738 Domino
3389 2679 3506 2735 Deo
3553 2679 3769 2733 univer-

2173 2791 2356 2832 sorum
2383 2792 2504 2832 cum
2547 2777 2694 2833 omni
2720 2775 3026 2832 humilitate
3054 2815 3071 2840 ,
3098 2784 3155 2830 et
3194 2774 3449 2846 puritatis
3478 2771 3766 2827 devotione

2172 2867 2580 2939 supplicandum
2603 2876 2706 2925 est.
2734 2867 2802 2923 Et
2827 2882 2934 2923 non
2957 2868 3012 2922 in
3035 2866 3375 2936 nmltiloquio
3405 2905 3421 2929 ,
3452 2864 3557 2919 sed
3587 2863 3643 2917 in
3669 2874 3765 2933 pu-

2174 2959 2336 3015 ritate
2355 2958 2535 3014 cordis
2554 2966 2609 3014 et
2634 2957 3047 3028 compunctione
3072 2955 3434 3028 lacrymarum
3464 2969 3574 3011 nos
3596 2968 3769 3009 exau-

2173 3052 2277 3109 diri
2323 3052 2579 3108 sciamus.
2617 3050 2686 3106 Et
2738 3050 2860 3106 ideo
2914 3050 3093 3106 brevis
3149 3048 3312 3105 debet
3353 3062 3483 3104 esse
3530 3037 3591 3101 et
3639 3058 3769 3117 pura

2178 3143 2359 3199 oratio
2383 3142 2488 3199 nisi
2517 3143 2655 3199 forte
2677 3157 2745 3198 ex
2783 3140 2984 3197 adectu
3012 3140 3383 3213 inspirationis
3408 3139 3618 3195 divina
3646 3154 3770 3211 gra-

2180 3237 2268 3294 tia:
2302 3237 2678 3310 protendatur.
2712 3236 2767 3291 In
2798 3242 3062 3291 conventu
3095 3244 3273 3290 tamen
3300 3232 3535 3288 omnino
3559 3230 3774 3287 brevic-

2172 3340 2261 3387 tur
2296 3330 2502 3397 oratio,
2533 3338 2589 3385 et
2615 3328 2760 3385 facto
2805 3326 2980 3400 signo,
3012 3341 3044 3382 a
3080 3325 3263 3397 priore
3289 3364 3308 3392 ,
3338 3337 3543 3380 omnes
3566 3322 3771 3395 pariter

2172 3434 2415 3498 surgant.
2428 3494 2437 3500 ἠ

2171 3520 2308 3577 Item
2344 3518 2453 3575 alia
2475 3520 2775 3576 constitutio
2805 3535 2824 3575 :
2854 3535 2950 3591 pro
2986 3516 3231 3591 qualibus
3260 3513 3561 3591 uirtutibus
3587 3520 3773 3567 cautae

2477 3601 2564 3644 tur
2584 3591 2752 3645 omnis
2774 3585 2957 3645 cursus
2984 3585 3041 3644 in
3068 3587 3305 3644 Ecclesia
3333 3585 3454 3641 Dei.

2243 3684 2484 3740 Primum
2516 3693 2789 3740 nocturna
2832 3690 3051 3754 propter
3079 3681 3185 3737 hoc
3229 3678 3447 3734 canitur
3476 3718 3495 3745 ,
3547 3693 3655 3749 pro
3680 3675 3768 3732 illa

482 3778 551 3833 Et
589 3780 716 3835 alibi
754 3798 768 3835 :
817 3777 1189 3836 Prmenerunt
1229 3781 1368 3835 oculi
1398 3782 1499 3837 mei
1539 3783 1609 3837 ad
1635 3792 1682 3837 te
1717 3782 1970 3848 diluculo,
2014 3790 2071 3836 ut
2172 3777 2373 3832 virtute
2414 3791 2574 3845 quam
2625 3773 2755 3830 fecit
2786 3773 2926 3829 Deus
2952 3814 2968 3840 ,
2997 3773 3212 3857 quando
3253 3771 3439 3828 omnia
3488 3770 3765 3841 primoge-

490 3872 775 3927 meditarer
819 3870 1027 3943 eloquia
1071 3883 1162 3926 tua
1207 3872 1377 3944 (Psal.
1412 3873 1622 3946 cxvm).
1655 3873 1949 3931 Cassianus
1976 3887 2073 3927 au-
2173 3869 2288 3925 uita
2320 3868 2537 3940 IEgypti
2577 3867 2777 3923 occidit
2821 3876 2876 3923 et
2918 3865 3099 3922 omnia
3147 3863 3288 3920 idola
3315 3861 3609 3917 dextruxit
3639 3901 3656 3926 ,
3685 3857 3766 3913 vel

486 3971 597 4018 tem
653 3962 825 4019 dicit:
890 3962 1168 4019 Matutinus
1220 3963 1577 4020 solemnitatis
1621 3963 1878 4030 oﬂicium,
1931 3977 2072 4019 novo
2172 3961 2397 4018 Paulum
2424 3970 2479 4018 et
2521 3961 2688 4018 Silam
2719 3961 2787 4017 de
2814 3976 3039 4018 carcere
3082 3958 3351 4017 liberavit.
3405 3956 3475 4012 Et
3516 3955 3665 4027 quod
3691 3953 3769 4009 di-

484 4053 664 4109 adhuc
713 4062 956 4125 tempore
1005 4054 1334 4120 institutum,
1367 4055 1614 4124 primitus
1657 4055 1709 4110 in
1757 4055 2070 4112 Bethlehem
2173 4057 2253 4113 cit
2281 4055 2615 4128 evangelista
2657 4073 2671 4110 :
2704 4052 2883 4109 Media
2904 4064 3050 4109 nocte
3079 4051 3279 4108 clamor
3312 4050 3487 4121 [actus
3517 4058 3629 4113 est,
3658 4062 3770 4127 ecce

488 4145 860 4210 monasterio,
907 4145 997 4201 ubi
1057 4144 1316 4203 Dominus
1372 4155 1559 4203 noster
1615 4145 1774 4203 Jesus
1821 4147 2072 4203 Christus
2172 4165 2393 4221 sponsus
2431 4148 2603 4212 venit,
2644 4147 2780 4203 exite
2822 4144 3026 4201 obviam
3066 4146 3115 4202 ei
3153 4142 3368 4216 (Matth.
3404 4141 3565 4214 xxv).
3591 4138 3770 4196 Gallo-

484 4251 584 4306 pro
614 4237 985 4309 redemptione
1013 4239 1263 4295 humana:
1314 4238 1505 4295 salutis
1551 4255 1617 4295 ex
1659 4239 1879 4311 Virgine
1919 4238 2068 4295 nasci
2174 4259 2291 4298 rum
2320 4250 2513 4298 cantus
2536 4282 2552 4306 ,
2584 4255 2682 4310 pro
2723 4239 2852 4309 quid
2878 4246 3160 4303 cantatur,
3192 4234 3519 4306 respondit,
3551 4232 3769 4304 quando

485 4327 733 4400 dignatus
760 4337 846 4385 est
874 4346 887 4383 :
921 4329 1107 4399 sicque
1133 4345 1198 4385 ex
1227 4329 1318 4385 illo
1343 4346 1440 4401 per
1471 4332 1780 4386 universum
1811 4329 2071 4386 munduut
2173 4334 2392 4407 negavit
2419 4331 2480 4388 S.
2508 4330 2703 4388 Petrus
2733 4339 2815 4386 ter
2842 4330 2896 4385 in
2924 4328 3176 4400 passione
3207 4367 3223 4396 ,
3255 4337 3326 4399 _ct
3353 4335 3549 4398 postea
3572 4324 3768 4398 proba-

484 4422 723 4492 cjusdem
784 4423 1165 4481 celebrationis
1219 4423 1445 4478 invaluit
1502 4423 1855 4480 consuetudo.
1925 4424 2072 4478 Dilu-
2174 4435 2260 4483 tus
2284 4425 2471 4482 fuitad
2505 4423 2692 4479 ﬁdem.

485 4511 607 4567 culo
631 4523 812 4570 autem
852 4513 1078 4585 proinde
1124 4523 1334 4581 oratur,
1389 4524 1449 4569 ut
1492 4515 1821 4569 resurrectio
1865 4515 2068 4570 Christi
2095 4572 2142 4586 ﬁ
2245 4516 2507 4572 Matutina
2537 4524 2757 4586 propter
2777 4514 2883 4571 hoc
2909 4513 3107 4571 dicitur
3143 4511 3271 4583 quia
3311 4525 3476 4567 mane
3523 4507 3768 4568 surrexit

482 4602 809 4661 celebretur.
842 4605 1103 4661 Matutina
1143 4604 1289 4660 enim
1337 4606 1456 4661 luce
1509 4606 1775 4672 radiante,
1812 4605 2069 4661 Dominus
2100 4598 2148 4631 ν
2173 4608 2459 4676 Christus,
2501 4607 2641 4664 sicut
2669 4606 2807 4662 dixit
2841 4621 2981 4662 unus
3012 4603 3343 4676 evangelista
3376 4621 3391 4657 :
3428 4598 3551 4658 Una
3588 4612 3762 4656 autem

481 4702 542 4751 et
591 4695 841 4753 Salvator
891 4697 960 4753 ab
1009 4698 1195 4755 inferis
1243 4700 1579 4765 resurrexit,
1639 4700 1855 4771 quando
1906 4700 2071 4770 cmpit
2174 4701 2526 4759 Sabbatorum
2554 4709 2799 4756 venerunt
2836 4698 2907 4753 ad
2932 4705 3321 4753 monumentum
3342 4704 3459 4749 orto
3479 4693 3602 4764 jam
3632 4691 3759 4748 sole.

486 4785 620 4840 oriri
652 4786 903 4845 fidelibus
937 4788 1047 4852 lux,
1079 4805 1198 4860 quae
1224 4790 1490 4846 moriente
1530 4789 1768 4856 Christo,
1796 4788 2071 4845 occiderat
2173 4797 2240 4853 Ει
2269 4796 2405 4852 alius
2444 4794 2576 4851 dicit,
2617 4809 2633 4850 ε
2667 4792 2787 4848 una
2812 4803 2985 4848 mum
3027 4789 3276 4855 sabbati,
3308 4786 3489 4843 uaria
3531 4785 3761 4857 μιαρά.-

484 4878 887 4945 peccatoribus.
940 4878 1219 4951 Siquidem
1264 4892 1320 4936 et
1364 4880 1553 4936 eodem
1586 4888 1829 4950 tempore
1858 4878 2069 4934 cunctis
2172 4887 2285 4942 lene
2319 4886 2449 4942 venit
2494 4902 2611 4939 cum
2650 4884 2823 4939 adhuc
2853 4883 3076 4939 tenebrte
3112 4889 3298 4937 essent.
3329 4877 3552 4934 Tertius
3577 4876 3712 4932 dicit
3745 4891 3761 4928 :

484 4985 610 5048 spes
655 4971 850 5027 futurzr
891 4974 1305 5030 resurrectionis
1351 4972 1613 5036 creditur,
1656 4987 1779 5027 cum
1824 4972 1982 5043 justi,
2014 4979 2071 5028 et
2159 4975 2406 5048 ,γεερενε
2426 4986 2599 5031 autem
2621 4972 2856 5037 Sabbnti,
2885 4972 3234 5046 quteluccscit
3258 4971 3501 5043 inprima
3516 4967 3761 5030 Sabbati,

486 5046 680 5118 omnes
720 5049 818 5119 ab‘
845 5065 948 5120 hac
1000 5066 1280 5137 temporali
1334 5076 1523 5128 morte,
1586 5063 1742 5135 quasi
1795 5081 1822 5120 a
1877 5078 2070 5135 sopore
2173 5046 2436 5138 quia......
2468 5065 2558 5136 qui
2583 5063 2769 5134 jussit,
2797 5078 2960 5135 super
2981 5074 3179 5119 terram
3207 5070 3315 5118 tota
3356 5059 3447 5115 illa
3489 5061 3629 5115 hora
3654 5054 3764 5113 cul-

491 5155 662 5178 η--ε
965 5167 971 5170 ’
1081 5158 1431 5212 nvioilabunt.

2179 5158 2418 5212 laudent.
2449 5156 2517 5211 Et
2546 5166 2672 5212 tunc
2692 5172 2883 5210 omnes
2908 5154 3117 5210 animas
3141 5154 3432 5211 iustorum.
3472 5151 3570 5212 qui
3596 5151 3652 5206 in
3679 5150 3765 5205 in-
