4006 5662
479 346 621 407 ηδε

1861 350 1949 418 Oli
1960 356 2051 418 DO
2088 356 2327 418 RERUM

3627 356 3749 414 “ﬁt:

477 450 593 511 Sita
618 448 673 498 θῑ
692 444 953 507 emendet
980 462 1079 505 nos
1106 448 1176 507 ab
1202 449 1352 511 omni
1392 451 1711 523 iniquitate;
1744 454 1789 510 si
1816 454 1881 509 πει
1914 453 2071 513 ίιιιιιη
2096 466 2141 520 Α
2170 456 2487 526 plerumque
2510 464 2728 513 sanctos
2752 454 2827 513 ad
2844 463 3056 526 tempus
3081 452 3409 527 det-euanuit
3424 452 3749 525 probandos,

478 533 669 595 sedula
698 537 896 595 mentis
920 555 1055 597 voce
1101 541 1431 610 clamamus;
1461 547 1553 616 qui
1601 547 1732 603 vivit
1787 554 1841 603 et
1884 555 2074 617 regnat
2172 555 2230 602 et
2273 562 2370 616 per
2419 548 2471 602 id
2525 545 2622 603 tibi
2674 546 2889 611 videtur
2933 549 3289 607 tentationem
3341 544 3609 614 maiorem
3647 558 3757 599 esse

478 642 601 680 cum
638 626 802 687 Patre
834 630 888 695 in
921 633 1127 690 unitate
1162 634 1400 706 Spiritus
1426 639 1599 695 sancti
1646 653 1741 711 per
1766 640 1947 697 omnia
1975 652 2074 695 ste-
2173 653 2337 711 quam
2375 638 2597 695 tolerari
2648 639 2848 709 possit.
2902 639 3092 699 intima
3135 647 3319 695 mente
3364 636 3599 693 «causa
3648 632 3758 688 illos

479 721 598 776 cuia
629 724 975 794 seculorum,
1020 731 1215 794 Amen.

660 815 989 885 Augustinus
1027 822 1092 879 de
1132 823 1290 879 laude
1332 824 1674 883 Psalmorum
1712 826 1838 883 dicit
1875 844 1895 882 :

552 905 754 965 Omnes
788 912 1021 970 virtutes
1045 915 1103 973 in
1142 917 1364 986 psalmis
1396 919 1657 984 invenies,
1685 919 1729 975 si
1764 936 1793 973 a
1826 918 1935 975 Deo
1964 933 2077 976 me-

483 1000 684 1065 rueris,
712 1012 774 1059 ut
822 1003 915 1059 tibi
972 1005 1177 1067 revelat
1225 1018 1438 1063 secreta
1493 1008 1844 1079 psalmorum.
1895 1007 1954 1065 Si
1996 1008 2079 1065 vis

483 1106 582 1161 pro
627 1096 868 1163 peccatis
911 1098 1018 1155 tuis
1062 1100 1443 1170 paenitentiam
1486 1116 1669 1173 agere,
1698 1112 1754 1158 et
1780 1100 2077 1158 confessio-

484 1199 608 1239 nem
639 1199 980 1257 peccatorum
1008 1200 1247 1257 tuorum,
1270 1203 1326 1249 et
1352 1195 1562 1250 veniam
1597 1210 1790 1266 rogare
1818 1196 2075 1263 delictis;

485 1293 747 1351 minutum
804 1285 1024 1350 valens,
1090 1304 1197 1342 non
1270 1289 1551 1346 celeritate
1599 1292 1931 1357 verborum,
1983 1290 2077 1347 sed

486 1385 668 1431 tuente
718 1380 1006 1449 cogitando
1035 1396 1102 1437 ac
1158 1385 1475 1450 scrutando,
1540 1382 1773 1440 decanta
1826 1394 2083 1455 septenos

486 1465 775 1525 Davidicos
802 1472 1141 1540 poenitentia)
1174 1473 1432 1544 psalmos,
1477 1491 1707 1547 quorum
1757 1477 1967 1532 initium
1997 1486 2083 1533 est

487 1558 631 1615 duo:
688 1560 932 1629 Domine,
960 1582 1022 1620 ne
1056 1566 1112 1620 in
1146 1567 1262 1632 ira;
1315 1569 1548 1643 et'tluo:
1592 1568 1813 1624 Domine
1839 1569 2078 1636 exaudi;

506 1661 562 1705 et
592 1670 606 1706 :
633 1652 785 1710 Beati
815 1672 1077 1726 quorum;
1116 1675 1217 1714 nec
1259 1674 1364 1715 non
1392 1674 1407 1714 :
1456 1659 1707 1715 Miserere
1736 1662 1861 1727 mei,
1916 1659 2077 1726 Deus,

487 1751 810 1815 secundum;
841 1759 1045 1821 atque:
1078 1752 1155 1807 De
1180 1752 1494 1823 profundis;
1535 1763 1589 1809 et
1614 1753 1956 1809 celerrimum
1991 1753 2081 1810 itt-

2174 730 2414 802 psaltuos
2451 747 2685 802 quorum
2729 741 2930 805 caput:
2981 731 3141 797 Deus,
3188 731 3329 787 Deus
3358 744 3524 793 utens,
3574 726 3758 793 respice

2174 825 2233 880 in
2256 841 2370 891 nte;
2396 826 2628 891 Exaudi,
2660 824 2821 892 Deus,
2841 826 3136 881 orationem
3151 840 3322 879 meant
3355 839 3477 878 cum
3500 820 3760 886 tribulor;

2178 916 2395 974 Salvum
2436 936 2518 975 me
2562 919 2668 989 fac,
2712 919 2855 974 Deus
2878 960 2892 985 ,
2925 928 2984 975 et
3024 919 3261 975 clemens
3287 916 3560 972 [Manilius
3584 915 3761 970 statim

2181 1022 2234 1069 te
2258 1012 2554 1082 adiuvabit,
2606 1024 2666 1068 et
2702 1008 3059 1069 mutationem
3086 1026 3249 1081 quam
3291 1009 3500 1081 pateris
3538 1006 3765 1063 tolerare

2180 1106 2405 1178 poteris.
2456 1105 2514 1162 Si
2551 1107 2648 1163 tibi
2678 1106 2929 1178 praesens
2971 1106 3080 1160 vita
3121 1103 3409 1161 fastidiosa
3458 1103 3533 1158 sit
3572 1111 3635 1157 et
3658 1088 3770 1156 ani-

2181 1213 2328 1254 mum
2358 1206 2510 1257 tuum
2552 1197 2654 1271 [nil
2684 1194 3025 1269 inferiorum]
3055 1195 3311 1259 delectat,
3348 1208 3649 1265 supernam
3675 1208 3766 1262 pa-

2182 1290 2343 1347 triam
2380 1288 2775 1359 contemplare,
2804 1296 2865 1343 et
2883 1286 3242 1357 omnipotenti
3285 1285 3399 1341 Deo
3440 1284 3661 1339 ardenti
3686 1283 3773 1337 de-

2182 1384 2428 1450 siderio,
2503 1384 2710 1438 intenta
2770 1391 2993 1446 mente,
3046 1381 3147 1435 hos
3202 1378 3446 1450 psalmos
3494 1378 3768 1432 decente:

2185 1478 2642 1546 Quemadmodum
2684 1476 2947 1531 desiderat
2974 1490 3190 1538 cervus;
3234 1482 3295 1528 et
3324 1491 3338 1526 :
3371 1470 3551 1538 Quane
3588 1470 3771 1525 dilectu

2184 1568 2524 1624 tabernacula
2547 1577 2673 1632 tua;
2705 1566 2865 1631 Deus,
2902 1565 3040 1621 Deus
3066 1580 3235 1627 meus,
3262 1565 3329 1616 ad
3373 1571 3423 1617 te
3460 1562 3529 1616 de
3559 1560 3677 1614 luce
3698 1560 3773 1614 ιε-

2184 1663 2313 1734 gilo,
2345 1671 2401 1718 et
2425 1662 2665 1718 clemens
2688 1660 2832 1716 Deus
2860 1660 3023 1718 citius
3064 1667 3305 1715 mentem
3345 1665 3496 1711 tuam
3528 1653 3773 1710 consola-

2185 1756 2350 1811 bitur.

488 1838 676 1892 venies
722 1839 1070 1897 clementiam
1126 1844 1242 1908 Dei,
1292 1854 1458 1900 totam
1518 1856 1752 1900 mentem
1806 1845 2083 1917 spiritali:
2116 1836 2161 1897 Β
2259 1845 2316 1903 Si
2344 1855 2395 1902 te
2419 1840 3463 1902 intribulationibusaDeodenelicttun
3488 1841 3773 1911 intelligas,

491 1928 691 1995 gaudio
710 1945 774 1987 ac
819 1931 1006 1990 laetitia
1052 1934 1383 2003 illuminare,
1433 1945 1489 1993 et
1519 1953 1769 2009 magnam
1815 1954 1968 2009 spem
2015 1938 2085 1995 de

491 2019 824 2093 indulgentia
853 2025 947 2083 tibi
979 2029 1324 2098 promittere.

504 2150 515 2157 ~
564 2112 623 2170 Si
656 2116 737 2172 vis
780 2132 965 2185 orare,
994 2121 1251 2192 permitte
1298 2132 1534 2179 mentem
1585 2135 1732 2181 tuam
1780 2142 1837 2183 .n
1884 2126 2091 2184 virtute

493 2206 852 2285 psalmorum,
876 2227 1106 2282 quorum
1154 2216 1368 2271 initium
1417 2227 1543 2275 est:
1595 2220 1677 2273 Ad
1718 2230 1786 2288 te,
1835 2219 2085 2289 Domine,

495 2295 661 2351 levavi
676 2314 697 2364 ;
740 2309 836 2357 et:
883 2301 1047 2371 Deus,
1093 2306 1148 2361 in
1175 2317 1223 2362 te
1244 2310 1469 2379 speravi,
1507 2309 1767 2378 Domine;
1812 2327 2086 2370 necnon:

501 2387 737 2459 Inclina,
782 2393 1038 2466 Domine;
1083 2409 1182 2456 et:
1223 2401 1386 2469 Deus,
1423 2405 1479 2460 in
1519 2406 1847 2476 adjutorium
1890 2423 2086 2475 meum;

500 2480 667 2548 Deus,
695 2486 750 2542 in
801 2491 1012 2547 nomine
1042 2504 1165 2561 tuo;
1195 2494 1358 2565 Deus,
1406 2498 1717 2554 misereatur
1756 2504 1955 2567 nostri;
1995 2512 2051 2559 et
2070 2521 2093 2567 ε,

502 2570 741 2644 Exaudi,
775 2579 1015 2649 Domine,
1037 2584 1304 2654 justitiam
1337 2604 1548 2655 nteant;
1577 2601 1633 2645 et
1660 2591 1973 2649 nullatenus
1993 2608 2093 2664 po-

503 2670 635 2724 teris
671 2674 891 2743 propria
916 2674 1097 2749 lingua
1127 2695 1229 2735 nec
1270 2681 1509 2738 humano
1554 2697 1717 2741 sensu
1764 2694 1883 2742 tam.
1907 2685 2091 2756 perfe-

504 2770 593 2819 cte
624 2764 899 2824 miseriam
946 2778 1094 2826 tuam
1122 2787 1187 2829 ac
1219 2773 1644 2843 tribulationem,
1677 2780 2095 2850 angnstiamquo

502 2852 843 2915 diversarum
897 2864 1251 2921 tentatiouum
1296 2866 1590 2937 explicare,
1639 2878 1696 2926 et
1746 2870 1889 2928 illius
1934 2873 2095 2930 mise-

504 2949 799 3009 ricordiam
852 2948 1148 3027 implorare
1185 2976 1348 3035 quam
1398 2962 1485 3022 his
1526 2964 1750 3036 psalmis
1782 2974 1838 3022 et
1880 2970 2096 3025 caeteris

504 3043 793 3101 similibus.

577 3134 637 3191 Si
686 3138 770 3192 vis
815 3142 1243 3214 omnipotentem
1299 3146 1469 3203 Deum
1519 3148 1765 3217 laudare,
1815 3162 1873 3208 et
1923 3152 2095 3223 ipsius

2186 1948 2510 2009 compuncto
2556 1939 2720 1994 corde
2768 1946 2926 1993 cauta
2965 1936 3065 1992 hos
3112 1935 3354 2006 psalmos
3394 1952 3408 1988 :
3460 1932 3759 2003 Usquequa,

2186 2033 2442 2101 Domine;
2484 2031 2640 2095 Deus,
2670 2032 2888 2086 nuribus
2920 2030 3116 2086 nostris
3145 2028 3483 2090 audivimus;
3536 2025 3776 2081 Miserere

2186 2126 2315 2179 mihi
2332 2164 2347 2190 ,
2373 2124 2637 2188 Domine;
2680 2122 2918 2187 Exaudi,
2945 2122 3081 2176 Deus
3104 2162 3119 2187 ,
3158 2121 3453 2175 orationem
3482 2134 3693 2181 nteant,
3734 2125 3777 2170 et

2188 2235 2252 2274 tte
2297 2216 2594 2287 despexeris
2623 2215 3038 2285 deprecationem
3084 2226 3294 2275 nteant;
3324 2209 3389 2265 lu
3412 2221 3486 2276 te,
3518 2207 3743 2263 Domine
3762 2246 3776 2270 ,

2187 2310 2425 2383 speravi;
2453 2317 2509 2364 et
2536 2308 2677 2363 Deus
2709 2317 2759 2363 te
2789 2305 3083 2362 laetiﬁcahit
3108 2304 3317 2360 statim.

2262 2400 2391 2457 Post
2438 2409 2719 2471 acceptam
2777 2406 2956 2453 autem
3003 2397 3245 2467 quietem
3292 2410 3357 2448 ac
3406 2390 3783 2463 prosperitatis

2192 2508 2422 2571 tempus,
2455 2498 2554 2553 hos
2582 2495 2816 2566 psalmos
2844 2495 3069 2550 decantat
3101 2510 3116 2546 :
3144 2490 3466 2545 Benedicaus
3492 2486 3780 2542 Dominum

2190 2594 2248 2649 in
2292 2593 2435 2649 omni
2461 2602 2729 2662 tempore;
2759 2586 2991 2643 Benedic
3011 2627 3027 2652 ,
3057 2586 3237 2641 animo
3287 2599 3399 2637 mea
3432 2622 3449 2644 ,
3505 2580 3739 2636 Domino
3762 2590 3782 2629 :

2192 2685 2456 2743 Exaltabo
2491 2694 2562 2747 te,
2592 2682 2734 2737 Deus
2761 2697 2907 2737 meus
2932 2678 3074 2745 Rex;
3101 2687 3158 2734 et
3189 2676 3338 2733 omni
3364 2685 3654 2745 tempore,
3680 2674 3785 2728 sive

2192 2778 2603 2850 prosperitatis,
2642 2776 2756 2832 sive
2803 2773 3146 2829 adversitatis
3177 2813 3192 2837 ,
3253 2785 3475 2841 semper
3529 2769 3785 2839 hymnum

2197 2873 2360 2928 trium
2384 2885 2671 2943 puerorum
2694 2868 2945 2929 decanta,
2968 2866 3094 2938 quia
3121 2865 3297 2921 nullus
3329 2861 3590 2919 mortalis
3630 2861 3787 2914 virtu-

2197 2974 2303 3021 tem
2346 2963 2505 3033 hujus
2560 2962 2746 3034 ltymni
2785 2960 3057 3032 explicare
3097 2966 3300 3030 potest,
3352 2958 3407 3012 in
3461 2971 3579 3027 quo
3624 2953 3788 3009 omnis

2197 3069 2444 3116 creatura
2483 3059 2549 3112 ad
2580 3057 2903 3113 laudantium
2926 3055 3244 3112 Creatorem
3270 3056 3568 3110 invocatur

2273 3151 2329 3207 Si
2386 3150 2620 3206 volueris
2678 3150 2729 3204 in
2763 3158 2874 3205 toto
2919 3149 3087 3204 corde
3129 3156 3184 3202 te
3209 3161 3475 3203 exercere
3517 3147 3575 3201 in
3608 3146 3794 3203 divinis

506 3227 808 3299 maiestati,
860 3234 1103 3292 omnium
1154 3238 1542 3296 benelimorum
1598 3258 1843 3309 suorum,
1899 3222 2168 3314 quibusc
2198 3243 2487 3306 laudibus,
2539 3240 2802 3311 psalmum
2855 3238 3007 3293 Beati
3045 3238 3378 3291 inmaculati
3434 3237 3700 3299 decanta,
3745 3236 3795 3290 in

509 3319 752 3380 lmmano
778 3326 965 3396 generi
1006 3326 1076 3384 ab
1132 3328 1289 3386 initio
1334 3333 1519 3388 mundi
1570 3333 1622 3389 in
1676 3334 1861 3390 Veteri
1910 3335 2102 3392 Testa—

506 3423 691 3471 mento
733 3431 831 3486 per
876 3423 1219 3490 patriarchas
1247 3433 1305 3480 et
1337 3427 1654 3497 prophetas,
1706 3428 1760 3485 in
1791 3428 1942 3486 Novo
1966 3446 2101 3501 quo-

506 3520 615 3576 que
643 3524 740 3580 per
766 3510 1196 3572 incarnationem
1227 3520 1543 3591 sempiterni
1569 3522 1687 3577 Filii
1721 3524 1802 3578 sui
1845 3525 2101 3582 misertus

506 3607 610 3663 est,
660 3602 869 3672 gratias
914 3620 1098 3676 agere,
1152 3609 1383 3667 decanta
1434 3612 1556 3670 illos
1597 3614 1839 3681 psalmos
1868 3632 2099 3687 quorum

512 3692 702 3750 titulus
729 3695 961 3754 Alleluia
982 3708 1089 3757 est.

582 3787 727 3855 Haec,
756 3806 986 3861 quorum
1037 3794 1251 3853 initium
1281 3807 1382 3863 est,
1437 3799 1542 3864 vol,
1587 3798 1942 3870 Cattﬁtemtm,
1980 3811 2092 3867 aut,

508 3877 750 3936 Laudate
797 3882 1113 3954 Dominum,
1151 3890 1230 3944 vel
1260 3889 1501 3947 Laudate
1531 3892 1719 3959 Deum,
1762 3903 1857 3950 aut
1905 3896 2097 3962 etiam,

510 3967 740 4026 Benedic
786 3974 965 4033 anima
991 3994 1146 4044 mea;
1188 3989 1245 4035 et
1278 3996 1441 4052 super
1477 3998 1638 4039 omne
1685 3984 1788 4040 mel
1818 3994 1874 4040 et
1917 3984 2099 4041 favum

507 4064 867 4161 omnipotenti
898 4070 1009 4127 Deo
1035 4070 1191 4129 dulce
1234 4091 1432 4131 munus
1462 4074 1681 4141 oli‘eres,
1730 4079 1777 4133 si
1818 4078 1902 4133 his
1934 4078 2100 4149 ,psal-

510 4158 618 4214 mis
642 4160 902 4219 continue
931 4162 1080 4231 illum
1105 4163 1291 4221 laudes
1320 4182 1384 4222 ac
1420 4169 1758 4239 magniﬁcos.

586 4248 643 4305 Si
701 4251 934 4310 diversis
990 4254 1433 4315 tribulationibus
1493 4258 1726 4316 aiﬂictus
1777 4261 1872 4327 sis,
1925 4269 1983 4316 et
2024 4261 2107 4316 vel

508 4338 769 4401 humanis
835 4344 922 4401 vel
986 4347 1327 4418 spiritalibus
1404 4352 1799 4408 tentatinnihus
1871 4354 2108 4425 undique

509 4433 794 4502 astrictus,
833 4445 892 4495 et
934 4438 1033 4496 tibi
1061 4440 1266 4499 videris
1295 4458 1323 4497 a
1362 4442 1470 4499 Deo
1501 4459 1623 4500 esse
1662 4445 1975 4511 derelictus,
2013 4445 2106 4516 qui

526 4641 1771 4676 Mm

2202 3352 2310 3406 quo
2349 3332 2525 3389 nullus
2559 3348 2696 3402 pene
2724 3347 2913 3387 versus
2939 3340 3026 3385 est
3054 3330 3144 3385 ubi
3179 3345 3285 3384 non
3316 3329 3390 3384 sit
3417 3329 3512 3385 vel
3546 3331 3638 3384 via
3674 3328 3796 3395 Dei,

2201 3429 2287 3484 vel
2320 3428 2424 3486 lex.
2452 3425 2536 3480 vel
2566 3424 2898 3490 mandatum,
2924 3423 3040 3479 sive
3056 3430 3327 3492 prmcepta
3356 3420 3489 3487 Dei,
3507 3422 3599 3478 vel
3623 3423 3797 3483 verba,

2203 3531 2297 3577 aut
2326 3517 2776 3588 justiticationes,
2816 3514 2899 3572 vel
2935 3515 3142 3585 judicia
3167 3555 3183 3581 ,
3223 3525 3317 3571 aut
3363 3529 3664 3579 sermones
3716 3514 3800 3569 Dei

2203 3611 2481 3681 descripti.

2276 3704 2625 3768 Mementote,
2658 3702 2931 3773 quomodo
2961 3700 3019 3758 S.
3060 3699 3282 3757 Samuel
3312 3701 3621 3771 propheta,
3649 3700 3803 3757 etiam

2204 3796 2258 3851 in
2279 3796 2455 3851 Veteri
2473 3793 2825 3851 Testamento
2846 3794 3052 3857 docuit,
3068 3793 3256 3849 dicens
3276 3812 3290 3847 :
3310 3789 3637 3863 Prteparate
3654 3792 3807 3847 corde

2205 3901 2374 3946 vestra
2419 3890 2659 3954 Domino,
2691 3900 2737 3944 et
2780 3889 2963 3944 servile
3006 3888 3054 3943 ei
3082 3888 3184 3943 soli
3209 3929 3224 3955 ,
3265 3898 3314 3942 et
3341 3887 3596 3944 liberabit
3626 3906 3712 3943 ros
3748 3887 3807 3942 de

2208 3985 2450 4039 manibus
2476 3984 2811 4037 inimicorum
2849 3992 3159 4036 vestrorum.

2206 4102 2213 4107 -
2284 4075 2474 4130 Videte
2497 4074 2728 4144 qualiter
2756 4073 2973 4127 mandat
3003 4073 3269 4141 hymnum
3301 4071 3472 4127 trium
3524 4084 3805 4141 puerorum

2213 4166 2525 4231 decantare,
2542 4174 2595 4219 et
2617 4179 2809 4219 omnes
2821 4170 3103 4217 creaturas
3121 4175 3223 4231 per
3254 4161 3553 4217 intervalla
3569 4163 3636 4215 ad
3651 4163 3805 4216 Det-

2214 4256 2540 4311 lautlandum
2588 4268 2883 4325 provocare
2914 4271 2927 4307 :
2959 4268 3063 4307 non
3094 4253 3239 4308 sicut
3277 4268 3380 4308 vos
3419 4255 3621 4309 canitis
3641 4295 3657 4317 ,
3679 4268 3807 4308 oon-

2214 4349 2355 4414 l’use,
2404 4347 2605 4403 nullam
2624 4346 2982 4402 tlill'erentiam
3012 4344 3302 4411 iacientes,
3325 4347 3426 4402 sed
3453 4347 3805 4406 currendo,et

2214 4456 2323 4498 non
2343 4441 2646 4513 separando
2671 4439 2862 4504 verba,
2891 4441 3034 4509 quod
3067 4448 3473 4496 necessccstut
3498 4438 3803 4495 emendatis

1721 4644 3785 4675 Μ

1553 4786 2046 4903 OBDO
2118 4786 2776 4901 BERUM

1404 5003 1593 5078 QUAS
1651 5001 1731 5063 IN
1795 4999 1956 5062 HOC
2026 4998 2259 5060 TOMO
2329 4997 2917 5066 CONTINENTUR.

615 5272 1058 5304 mmmam
1123 5270 1501 5326 nec”:er
1542 5270 2064 5364 noningen-

2287 5290 2432 5342 Actto
2451 5293 2683 5342 secunda.

2297 5354 2432 5400 Actio
2456 5357 2625 5404 tertia.

3763 5286 3815 5337 rt

3762 5348 3821 5458 ἓ
