4426 6438
776 396 802 463 μι
822 402 846 462 ι
2181 387 2523 447 Ρξιιειθλτι

2264 386 2597 447 ιιΈΙθΑΤΙΟ.
3926 370 3933 377 ’
3948 380 4012 442 12

763 556 2911 586 _______________________________.__._____

2917 559 3109 570 —_——-

1847 731 2911 887 PBAEFATIO.

1576 1008 2072 1076 LECTORIBUS
2124 1004 2413 1067 DOC'I'IS
2459 1008 2559 1066 ET
2616 1006 3070 1068 BENEVOLIS
3122 1008 3182 1069 S.

833 1218 964 1268 Post
1000 1223 1076 1265 tot
1106 1210 1362 1282 przeclara
1391 1221 1727 1263 summorum
1762 1204 2002 1257 virorum
2036 1202 2102 1256 de
2137 1180 2330 1253 horum
2363 1204 2403 1259 Α
2438 1198 2588 1251 bant.
2635 1197 2887 1252 Adhibita
2920 1213 3049 1268 ergo
3098 1199 3424 1263 attentione,
3475 1201 3776 1271 diligentia,
3826 1204 4013 1260 mode-

762 1303 1290 1361 Conimeutariorum
1314 1308 1534 1353 auctore
1555 1296 1778 1367 judicia,
1796 1294 1993 1361 quibus
2010 1292 2057 1345 ei
2085 1288 2330 1358 proprie-

764 1409 928 1452 tatem
982 1395 1273 1454 sermonis,
1338 1390 1658 1453 doctrinam,
1724 1400 1931 1449 curam,
1997 1381 2332 1453 diligentiam

760 1504 816 1544 et
840 1500 1069 1541 acumen
1101 1491 1390 1544 testantur,
1422 1496 1528 1534 non
1574 1482 1798 1532 necesse
1832 1475 2069 1536 videtur,
2104 1478 2164 1525 ut
2199 1469 2332 1523 mul.

762 1596 813 1635 ta
837 1580 955 1648 ejus
978 1579 1031 1630 in
1056 1575 1269 1630 laudem
1299 1585 1740 1627 commemorem.
1766 1566 1902 1620 Illud
1942 1576 2149 1619 tantum
2174 1560 2331 1622 addo,

761 1674 926 1734 nulla,
961 1679 1053 1723 aut
1103 1677 1247 1721 certe
1302 1663 1625 1735 paucissima
1679 1659 2008 1715 Litterarqu
2058 1668 2333 1710 sacrarum

758 1763 1041 1825 vocabula,
1097 1774 1216 1829 qua:
1265 1759 1317 1810 in
1372 1765 1603 1825 quatuor
1666 1750 1970 1821 Evangeliis
2010 1748 2093 1802 vel
2129 1747 2335 1800 minus

762 1860 973 1918 Graeca,
1009 1854 1092 1907 vel
1124 1853 1372 1913 obscura,
1406 1855 1721 1909 occurrunt,
1753 1845 1819 1899 ab
1860 1846 1963 1897 hoc
1999 1838 2331 1911 praetermis-

759 1966 816 2002 sa
851 1962 993 2006 esse,
1026 1944 1155 2014 quin
1189 1940 1464 1995 vocabulis
1510 1937 1678 2008 magis
1713 1934 2014 2005 perspicuis
2054 1941 2107 1985 et
2137 1929 2335 2000 proba-

756 2040 1039 2097 bilioribus
1073 2017 1375 2104 explicarit.
1414 2032 1621 2085 Nexum
1674 2028 1936 2084 orationis
1979 2036 2034 2081 et
2067 2023 2335 2078 narratio-

755 2148 886 2187 num
914 2135 1037 2184 cuin
1066 2127 1423 2197 singulorum,
1458 2132 1569 2176 tum
1592 2122 1825 2192 plurium
1858 2118 2331 2189 evangelistarum,

755 2218 1069 2273 acutissime
1098 2212 1486 2269 animadvertit
1517 2226 1578 2265 ac
1603 2219 1793 2265 notat:
1830 2209 2140 2265 dissensum
2174 2204 2333 2259 facile

758 2322 814 2366 et
840 2308 1113 2364 subtiliter
1137 2308 1435 2375 componit.
1471 2302 1585 2357 Etsi
1637 2312 1819 2356 autem
1866 2303 2037 2354 multa
2096 2299 2330 2367 Chryso-

753 2412 951 2466 stomo,
991 2396 1441 2469 prmstantissimo
1479 2395 1620 2448 inter
1644 2404 1875 2456 veteres,
1908 2406 1970 2445 ac
2004 2406 2141 2461 pene
2170 2392 2329 2441 dixe-

755 2496 877 2555 ri:n,
938 2493 1028 2547 uni
1079 2489 1363 2558 interpreti
1410 2487 1569 2540 debet
1608 2486 1818 2539 :multa
1872 2486 1997 2537 item
2041 2498 2106 2538 ex
2149 2485 2333 2539 multis

2436 1290 2559 1353 stia,
2592 1298 2664 1348 et,
2702 1305 2821 1358 qua:
2849 1289 2933 1343 his
2957 1290 3110 1343 libris
3142 1291 3194 1343 in
3246 1292 3432 1358 primis
3471 1291 3721 1355 debetur,
3778 1295 3882 1349 ﬁde
3912 1297 4011 1350 viri

2438 1384 2675 1448 honesti,
2716 1385 2857 1439 haud
2888 1385 3025 1439 adeo
3056 1386 3344 1441 diiliculler
3367 1402 3551 1442 verum
3576 1404 3603 1440 a
3630 1389 3762 1443 falso
3797 1408 4016 1460 separa-

2436 1480 2542 1525 tur.
2582 1471 2691 1525 Etsi
2728 1481 2910 1526 autem
2958 1472 3308 1543 Euthymium
3344 1474 3815 1545 satisdiligentem
3859 1489 3913 1532 et
3949 1480 4013 1531 li-

2435 1562 2610 1617 delem
2647 1563 2898 1631 cegnovi,
2960 1574 3141 1617 tamen
3202 1566 3473 1619 interdum
3525 1568 3644 1620 loca
3702 1568 4011 1621 litterarum

2436 1670 2712 1707 sacrarum
2748 1670 2857 1708 non
2899 1670 2967 1708 ex
3000 1655 3179 1710 Libris
3213 1658 3400 1719 sacris,
3434 1658 3529 1710 sed
3573 1673 3635 1710 ex
3662 1658 4014 1712 Commenta-

2435 1747 2529 1800 riis
2562 1747 2921 1815 interpretum
2956 1748 3159 1801 laudat.
3192 1747 3306 1813 Qua
3332 1749 3399 1802 de
3430 1764 3487 1801 re
3516 1750 3804 1817 aliquoties
3827 1752 4010 1803 monui

2434 1833 2488 1886 in
2524 1834 3110 1889 animadversionibus.
3163 1834 3507 1905 Deprcheudi
3541 1839 3704 1891 etiam
3751 1840 4011 1894 vocabula

2432 1924 2501 1979 ab
2534 1927 2653 1995 ipso
2685 1927 2919 1995 primum
2947 1928 3111 1987 illata,
3142 1929 3401 1981 nonnulla
3442 1930 3603 1983 etiam
3651 1931 3873 1995 omissa,
3916 1933 4011 1985 sed

2434 2019 2708 2087 pauciora.
2738 2018 2967 2074 Codices
3004 2018 3420 2090 Evangeliorum
3476 2036 3655 2076 autem
3703 2036 3826 2077 eum
3850 2022 4010 2077 Com-

2432 2112 2715 2167 mentatiis
2770 2122 2823 2166 et
2856 2113 3083 2176 catenis,
3114 2114 3271 2168 sicuti
3330 2112 3769 2184 TheOphylactus
3820 2116 4008 2182 etiam,

2432 2205 2498 2259 ad
2534 2221 2730 2259 manus
2783 2205 2973 2259 habuit
3010 2207 3299 2277 ejusmodi,
3348 2206 3654 2278 cujusmodi
3713 2218 3843 2262 sunt
3902 2210 4009 2263 mei

2431 2295 2787 2363 Mosquenses
2842 2313 2895 2351 α.
2935 2298 2988 2351 d.
3038 2314 3089 2353 e.
3138 2316 3191 2367 ε.
3228 2300 3316 2359 l0.
3344 2302 3409 2354 de
3453 2300 3649 2370 quibus
3683 2301 3905 2370 exposui
3959 2300 4010 2355 in

2429 2383 2755 2440 Narratione
2822 2404 2957 2443 mea:
3022 2387 3154 2442 Novi
3213 2389 3548 2446 Testauienti
3612 2394 3869 2448 editionis
3942 2393 4010 2447 ad

2433 2479 2782 2549 Evangi-lium
2807 2480 2989 2535 Marci.
3026 2481 3228 2537 Horum
3260 2484 3567 2539 simillimos
3599 2486 3651 2539 in
3684 2486 4006 2543 bibliotheca

753 2587 872 2641 aliis
904 2584 1086 2637 hausit
1125 2600 1136 2634 :
1173 2596 1359 2635 omnes
1387 2580 1530 2633 enim
1560 2587 1684 2631 ante
1712 2591 1771 2631 se
1804 2576 2146 2630 consuluisse
2178 2577 2327 2631 vide-
2363 2547 2403 2603 Β
2434 2569 2677 2624 Parisina
2703 2581 2757 2625 et
2789 2571 3193 2627 Vindobonensi
3228 2578 3456 2641 servari,
3510 2581 3739 2648 Cognovi
3798 2596 3861 2633 ex
3919 2579 4011 2633 Ri-

755 2690 840 2733 tur
870 2678 1192 2743 interpretes
1225 2691 1237 2727 :
1267 2683 1445 2725 tamen
1480 2670 1532 2723 in
1560 2677 1809 2739 promptu
1842 2678 1987 2733 sunt,
2012 2682 2128 2735 qum
2147 2669 2215 2722 ab
2250 2669 2329 2739 ip-

753 2775 867 2826 sius
904 2770 1174 2832 doctrina,
1208 2765 1388 2821 studio
1419 2774 1473 2819 et
1513 2763 1732 2834 ingenio
1775 2771 2144 2816 accesserunt.
2196 2762 2327 2828 0ιί-

750 2866 856 2920 bus
889 2878 1018 2932 ergo
1048 2861 1224 2914 adhuc
1254 2859 1468 2942 ignotus
1502 2866 1586 2909 est
1613 2855 1957 2926 Eutltymius,
1993 2856 2093 2921 eis,
2136 2864 2194 2907 ut
2247 2856 2328 2907 in-

752 2963 1021 3015 notescat,
1062 2950 1349 3013 suaserim,
1404 2959 1462 3002 ut
1499 2946 1687 3001 saltem
1724 2946 1909 3000 ultima
1934 2944 2045 2999 tria
2082 2948 2327 3017 Evange-

750 3044 806 3098 lii
838 3039 1074 3095 Matthxi
1109 3037 1285 3107 capita
1318 3037 1667 3106 perlustrent.
1706 3032 1857 3088 lianc
1895 3034 2039 3087 enim
2094 3048 2327 3105 evange-

753 3139 869 3190 lica!
932 3132 1264 3188 narrationis
1314 3140 1521 3200 partem
1569 3136 1624 3183 et
1667 3144 1697 3181 a
1745 3128 2153 3197 Chrysostomo,
2197 3139 2253 3182 ct
2297 3144 2327 3182 a

752 3227 969 3298 Cyr-illo,
1021 3222 1179 3277 etab
1216 3221 1333 3273 aliis
1390 3218 1666 3273 veteribus
1723 3218 2083 3288 negligentius
2131 3228 2327 3272 tracta-

752 3332 859 3374 tam
889 3315 1239 3387 deprehendi.
1276 3314 1351 3367 Ex
1386 3312 1633 3383 Origenis
1661 3320 1865 3376 autem,
1899 3311 2107 3375 nescio,
2143 3321 2325 3366 utrum

749 3415 924 3467 dicam
984 3404 1431 3467 Commentariis,
1486 3421 1553 3458 an
1610 3403 2066 3467 cavillationibus,
2115 3405 2327 3458 etiamsi

747 3504 929 3559 omnia
962 3503 1080 3573 ejus
1106 3500 1305 3568 scripta
1341 3497 1406 3551 ad
1453 3512 1645 3551 manus
1698 3495 1968 3559 habuerit,
2027 3496 2163 3549 nihil
2198 3512 2324 3567 pro-

749 3597 915 3648 ﬁcere
946 3593 1143 3661 potuit.
1170 3588 1425 3651 Textum,
1454 3601 1616 3655 quem
1651 3595 1865 3645 vocant,
1908 3585 2325 3657 Evangelowm

750 3682 924 3734 multo
984 3677 1205 3747 quidem
1274 3676 1595 3741 modestius,
1668 3674 1976 3729 accuratius
2018 3686 2069 3729 ct
2114 3675 2327 3730 lidelius

748 3774 1017 3837 tractavit,
1060 3788 1222 3842 quam
1284 3766 1625 3825 consuetudo
1666 3766 1767 3822 luit
1805 3768 2019 3823 illorum
2051 3782 2103 3824 et
2157 3786 2324 3839 snpe—

747 3869 953 3921 riorum
1011 3876 1319 3934 temporum
1388 3867 1769 3931 interpretum.
1831 3860 2096 3929 Origenes
2154 3865 2319 3929 enim,
2354 3887 2399 3950 ρ

747 3962 976 4029 ejusque
1004 3958 1207 4009 nimius
1241 3953 1539 4007 admirator
1569 3969 1630 4007 ac
1654 3953 1910 4020 imitator,
1938 3953 2324 4027 Hieronymus,

744 4055 798 4106 in
834 4054 1019 4106 multis
1043 4052 1262 4114 leviter,
1308 4048 1361 4101 in
1402 4047 1521 4101 aliis
1558 4046 1847 4116 perﬁdiose
1879 4049 2038 4102 etiam
2073 4060 2324 4119 egerunt.

747 4148 1168 4215 Clll')'SOSlOttlUS
1206 4150 1408 4202 autem,
1434 4140 1759 4194 abundantis
1787 4139 2057 4195 facundia
2094 4140 2320 4197 ﬂumine

744 4241 1023 4309 abreptus,
1070 4238 1270 4291 inultos
1298 4236 1627 4305 scriptorum
1679 4248 1962 4289 sacrorum
2018 4235 2164 4291 locos
2210 4245 2326 4290 tur-

744 4334 913 4395 bavit,
951 4330 1166 4399 disjeeit
1219 4339 1276 4381 et
1336 4326 1631 4396 oppressit.
1682 4324 1761 4380 Ac
1819 4324 2084 4396 profecto.
2122 4327 2165 4382 si
2204 4327 2323 4383 libri

744 4423 1198 4491 evangelistarum
1255 4428 1306 4472 et
1332 4419 1695 4486 apostolorum
1728 4434 1825 4481 per
1872 4421 2015 4474 solos
2057 4424 2327 4491 interpre-

746 4528 848 4579 tes,
878 4513 1236 4585 dogmaticos,
1272 4511 1563 4564 homiletas
1592 4519 1646 4565 et
1676 4520 1886 4566 aseetas
1940 4512 2009 4567 ad
2064 4529 2163 4568 nos
2202 4529 2325 4584 per-

744 4611 1046 4673 venissent,
1080 4607 1283 4661 dudum
1313 4606 1365 4657 in
1399 4605 1565 4660 dubio
1622 4621 1988 4672 versaremur,
2020 4609 2149 4676 quid
2206 4618 2325 4662 tan-

744 4706 871 4757 dem
920 4701 995 4754 illi
1050 4699 1393 4767 scripserint.
1444 4696 1599 4751 Nunc
1662 4709 1844 4752 autem
1895 4698 2083 4769 plures
2132 4702 2323 4755 scribae

743 4794 990 4850 codicum
1032 4792 1198 4855 docti,
1240 4791 1433 4842 attenti
1474 4798 1524 4840 et
1568 4789 1772 4846 lideles.
1822 4805 2013 4859 parum
2066 4803 2321 4846 curantes

744 4890 823 4957 (α)
851 4884 1280 4956 dogmaticoruui
1312 4892 1369 4936 et
1418 4884 1776 4950 interpretum
1810 4882 1892 4937 vel
1918 4899 2014 4952 per
2045 4884 2319 4939 levitatem

743 4993 797 5036 et
854 4981 1265 5051 negligentiam,
1327 4978 1411 5032 vel
1465 4993 1561 5049 per
1627 4976 1872 5031 fraudem
1928 4989 1980 5032 et
2034 4981 2317 5048 malitiam,

741 5088 934 5131 contra
966 5076 1213 5129 codicum
1266 5074 1427 5129 iidem
1483 5084 1537 5127 et
1586 5073 1963 5128 auctoritatem
2000 5076 2175 5130 illatas
2213 5077 2322 5131 lec-

742 5171 919 5226 tiones
944 5180 999 5223 et
1035 5170 1351 5233 sententias,
1384 5167 1454 5232 id,
1512 5166 1654 5236 quod
1690 5167 1744 5220 in
1780 5168 1895 5220 suis
1949 5168 2081 5222 bovi
2133 5169 2321 5225 Testa-

742 5264 912 5318 menti
944 5263 1226 5317 codicibus
1258 5261 1623 5330 reperiebant,
1669 5261 1724 5314 in
1757 5275 1940 5325 suum,
1992 5260 2046 5313 in
2084 5262 2311 5315 aliorum

742 5357 1047 5421 hominum,
1075 5356 1130 5408 in
1169 5354 1426 5408 Ecclesia:
1456 5368 1612 5407 usum
1660 5353 1936 5423 publicum
1989 5354 2320 5411 transcribe-

814 5537 1213 5607 (ajllecordor,
1275 5539 1472 5591 ancubi
1506 5537 1559 5589 in
1614 5537 1835 5606 scriptis
1881 5536 2174 5603 Michaelis,
2216 5540 2315 5594 viri

738 5611 1367 5693 periit-nstris,‘eatudem
1422 5623 1733 5693 expressain
1792 5622 1911 5663 esse
1966 5611 2313 5693 sententiam.

739 5682 847 5735 Sed
886 5682 1060 5733 locum
1094 5682 1241 5733 illum
1274 5694 1421 5733 nunc
1457 5695 1563 5732 non
1598 5688 1838 5749 poteram
1867 5682 2129 5750 reperire.
2183 5682 2317 5736 Illud

736 5762 919 5805 autem
973 5752 1158 5805 Critici
1202 5752 1476 5805 acutiores
1506 5760 1562 5803 et
1597 5766 1624 5801 a
1657 5750 1893 5819 partium
1928 5751 2111 5805 studio
2150 5752 2315 5807 alieni

737 5833 937 5875 norunt
974 5837 1185 5889 omnes,
1218 5822 1268 5875 in
1314 5824 1503 5877 horum
1553 5836 1781 5877 numero
1821 5821 1971 5877 nullo
2020 5823 2181 5879 modo
2219 5823 2317 5879 ha-

2433 2662 2636 2717 chardo
2672 2662 2937 2731 Simonio,
2975 2664 3284 2730 Latnbecio,
3325 2667 3655 2723 Tresrhovio
3679 2680 3733 2725 et
3757 2674 4008 2739 nuperri-

2432 2771 2519 2809 me
2558 2770 2623 2809 ex
2668 2755 2871 2809 Altero.
2924 2754 3144 2811 Similes
3192 2759 3353 2812 etiam
3386 2758 3637 2815 Birehius
3668 2764 3917 2817 adhibuit
3953 2764 4008 2818 in

2430 2847 2668 2902 editione
2703 2847 3147 2921 Hauniensi,.uti
3210 2865 3275 2903 ex
3327 2854 3602 2907 nonnullis
3644 2855 3801 2909 abeo
3849 2856 4010 2911 editis

2429 2940 2622 3012 eolligo
2649 2942 2892 2997 Scholiis.
2930 2941 2985 2995 Si
3020 2958 3149 3013 ergo
3183 2943 3506 3014 Euthymius
3538 2961 3661 3000 cum
3698 2948 4010 3017 hujusmodi

2430 3033 2728 3097 codicibus,
2764 3045 2855 3087 aut
2882 3049 3005 3088 eum
3037 3034 3448 3106 Chrysostonio,
3476 3038 3703 3107 aliisque
3740 3041 4009 3110 interpre-

2432 3127 2575 3181 tibus
2608 3127 2899 3191 consentit,
2950 3128 3068 3197 cjus
3100 3138 3285 3182 contra
3318 3130 3573 3184 meliores
3613 3132 3827 3187 codices
3860 3133 4009 3185 nulla

2431 3226 2611 3288 potest
2653 3232 2771 3271 esse
2822 3220 3140 3272 auctoritas.
3198 3218 3339 3272 Illud
3393 3220 3555 3273 etiam
3595 3221 3647 3273 in
3702 3219 4010 3291 liuthymio,

2431 3310 2587 3364 sicuti
2613 3309 2663 3362 in
2707 3310 2951 3379 pluribus
2998 3308 3199 3364 Graecis
3244 3321 3299 3365 et
3344 3309 3554 3367 Latinis
3600 3314 4007 3383 interpretibus,

2430 3404 2696 3472 displicet.
2762 3402 2904 3472 QUOd
2971 3403 3322 3473 dvttypiszv
3370 3404 3689 3458 vocabulum
3730 3406 4009 3462 indelinite

2429 3496 2675 3559 adhibet,
2708 3509 2816 3548 non
2871 3495 2939 3548 de
2970 3495 3101 3549 solis
3130 3494 3265 3550 Novi
3318 3496 3653 3551 Testamenti
3705 3500 4006 3565 codicibus,

2430 3585 2525 3638 sed
2555 3584 2621 3637 de
2649 3584 3011 3653 interpretum
3035 3586 3199 3638 etiam
3252 3583 3694 3645 Commentariis.
3719 3587 3826 3643 Sed
3880 3591 4008 3645 illud

2431 3675 2621 3729 vitium
2676 3688 2972 3729 commune
3002 3676 3276 3743 quondam
3328 3677 3450 3729 luit.
3488 3676 3564 3731 lta
3613 3682 4009 3735 recentioribus

2430 3770 2591 3822 etiam
2627 3766 2983 3837 temporibus,
3004 3766 3225 3821 inventa
3265 3778 3381 3822 arte
3412 3769 3816 3840 typographica,
3855 3773 4008 3826 multi

2430 3876 2492 3917 ex
2526 3860 2730 3917 criticis
2753 3871 2804 3915 ct
2824 3860 3121 3915 editoribus
3153 3860 3327 3916 editos
3358 3863 3522 3916 etiam
3562 3863 3730 3917 libros
3759 3865 4008 3919 codicum

2428 3963 2481 4009 ct
2510 3952 2901 4024 exemplarium
2946 3955 3167 4009 nomine
3193 3956 3557 4025 appellarunt.
3594 3955 3663 4011 Ut
3691 3967 3871 4011 autem
3910 3959 4010 4012 hos

2428 4046 2863 4101 Commentarios
2893 4048 3134 4114 ederem,
3186 4048 3239 4101 in
3268 4050 3461 4119 primis
3508 4064 3593 4103 me
3624 4061 4011 4120 permoverunt

2432 4148 2510 4193 tot
2563 4139 3006 4194 doctissimorum
3056 4142 3320 4205 virorum,
3364 4142 3711 4211 maximeque
3754 4142 4008 4197 Richardi

2431 4232 2681 4297 Simonii,
2725 4234 2790 4288 de
2820 4233 2885 4287 iis
2910 4233 3149 4303 judicia;
3199 4234 3399 4288 deinde
3424 4236 3533 4289 duo
3566 4237 4005 4306 przcstantissimi

2425 4326 2642 4381 codices
2672 4323 3063 4394 Mosquenses;
3112 4326 3345 4401 denique
3376 4342 3587 4382 summa
3630 4329 3795 4398 hujus
3841 4329 4008 4383 libelli

2427 4419 2643 4472 raritas.
2692 4417 2926 4471 hlirabili
2982 4418 3129 4471 enim
3171 4434 3300 4474 casu
3362 4422 3577 4474 videtur
3622 4424 3911 4488 accidisse,
3950 4432 4010 4477 ut

2426 4510 2570 4565 inter
2601 4518 2677 4564 tot
2706 4509 2932 4564 Joannis
2980 4510 3237 4579 llentenii
3284 4512 3552 4567 editiones
3602 4514 3870 4568 versionis
3905 4514 4009 4568 La-

2427 4604 2555 4657 tinae
2600 4604 2683 4657 vix
2732 4617 2838 4655 uua
2878 4603 3107 4672 reperiri
3157 4605 3346 4673 possit.
3404 4606 3669 4676 Equidem
3712 4622 3863 4665 certe
3913 4628 4010 4681 per

2424 4712 2598 4751 annos
2649 4697 2935 4752 duodecim
2972 4696 3172 4751 frustra
3194 4698 3277 4752 vel
3313 4716 3479 4753 unum
3529 4692 3662 4755 mihi
3696 4706 4005 4773 exemplum

2424 4792 2670 4860 quaesivi,
2696 4806 2758 4846 ac
2792 4800 3071 4861 postremo
3104 4794 3317 4847 tandem
3347 4795 3531 4861 didici,
3566 4798 3633 4850 ab
3678 4798 3798 4850 aliis
3844 4801 4006 4852 etiam

2425 4885 2572 4939 inter
2618 4885 2785 4941 libros
2843 4885 3077 4939 rariores
3124 4884 3337 4941 referri.
3403 4888 3461 4942 In
3526 4891 3794 4959 principio
3846 4892 4007 4960 hujus

2423 4978 2678 5034 editionis
2708 4994 2838 5050 ergo
2866 4994 2995 5033 usus
3023 4994 3142 5033 sum
3182 4991 3326 5036 tomo
3351 4980 3467 5035 XIX
3516 4983 3855 5038 Libliothecae
3890 5001 4005 5039 ma-

2426 5074 2583 5127 ιὶιιιίῐξ
2631 5072 3013 5143 Lugdunensis
3045 5074 3202 5138 lb‘77,
3234 5089 3395 5143 quem
3418 5074 3548 5127 mihi
3580 5091 3645 5129 ex
3679 5078 4005 5133 bibliotheca

2426 5168 2746 5238 amplissimi
2792 5177 3017 5224 senatus
3052 5169 3353 5238 Lipsiensis
3397 5171 3842 5226 cummodaverat
3883 5187 4008 5240 per—

2426 5262 2658 5315 illustris
2694 5258 2970 5323 Mullerus,
3005 5260 3359 5314 serenissimo
3412 5261 3659 5316 Saxonia:
3703 5262 3927 5317 electori
3978 5280 4005 5315 a

2426 5352 2670 5407 consiliis
2716 5352 2926 5408 bellicis
2985 5353 3417 5418 secretioribus,
3479 5356 3823 5424 civitatisque
3880 5352 4008 5425 Lip-

2426 5540 2634 5595 bendos
2660 5558 2781 5597 esse
2809 5543 3018 5597 scribas
3048 5541 3313 5597 Codicum
3354 5541 3843 5612 Cantabrigiensis,
3882 5540 4002 5595 Cla-

2426 5612 2755 5692 rorhoutaui,
2791 5616 3303 5696 Sangcrmanensis,
3360 5615 3669 5698 {\u‘giepsis,
3711 5612 4009 5698 Poeni-eris

2424 5684 2535 5755 ani,
2573 5684 3011 5755 ceterorumque
3041 5688 3160 5751 ejus
3194 5684 3551 5755 generisb‘cd
3605 5686 3673 5739 de
3708 5685 4005 5755 Cantabris

2426 5753 2600 5829 giensi
2650 5766 2708 5829 et
2752 5753 3149 5821 Boerneriano,
3189 5753 3232 5811 si
3280 5757 3614 5826 prodierint,
3659 5759 3843 5829 plures
3905 5754 4004 5811 viri

2425 5827 2571 5883 docti
2602 5828 2783 5884 verius
2824 5838 2878 5884 ct
2907 5831 3215 5886 accuratius
3260 5829 3608 5901 judicabttut.
