4426 6438
404 425 467 487 13
1828 400 2250 463 ΡΒΕΒΑΠΟ.
3606 382 3673 450 14

396 533 598 591 siensis
640 528 852 588 consul.
894 525 1061 598 Typis
1105 526 1214 597 jam
1245 535 1503 593 expresso
1537 517 1669 576 folio
1710 524 1865 572 sexto
1914 515 1979 570 ad
2012 518 2055 575 Α
2087 527 2196 583 quo
2232 522 2411 568 tamen
2448 510 2605 566 valde
2637 506 2860 598 debito.
2910 501 3193 557 Parisinus
3240 501 3408 598 eam,
3443 514 3677 598 a-manu

398 626 648 695 paginam
702 620 790 677 9η.
828 617 1071 687 lleynius
1102 615 1291 677 etiam,
1326 609 1718 682 augustissimo
1776 604 1983 676 Magna:

398 714 693 768 Britannia:
738 710 851 781 regi
903 724 933 763 a
974 706 1219 763 consiliis
1251 703 1471 767 aulicis,
1514 701 1596 755 vir
1630 697 1980 770 perillustris,

394 807 461 861 ad
496 820 580 858 me
606 800 909 857 transmisit
939 798 1254 861 editionem,
1294 805 1352 850 ut
1377 794 1631 855 arbitror,
1656 791 1983 862 principem,

397 896 801 951 Lovaniensem
841 892 1000 947 i5“.
1033 887 1333 944 Codicibus
1384 894 1569 940 textus
1602 882 1775 939 Graeci
1807 882 1987 937 adhuc

400 983 591 1039 mediti
639 996 771 1038 usus
807 995 927 1036 sum
968 977 1183 1032 duobus
1230 973 1665 1042 biosquensibus,
1712 973 1987 1028 membra-

401 1075 612 1139 naceis,
648 1073 890 1128 auctoris
931 1078 1091 1124 aetate
1120 1068 1359 1139 scriptis.
1398 1067 1550 1121 Alter
1578 1068 1643 1120 Α.
1678 1075 1763 1121 est
1790 1065 1992 1120 biblio-

402 1168 576 1222 theme
614 1162 968 1235 typographei
1012 1160 1291 1232 synodali:
1332 1157 1519 1214 in-fol.
1546 1172 1701 1212 num.
1742 1158 1794 1220 l,
1842 1172 1995 1211 com-

402 1258 650 1327 plectens
691 1255 820 1309 folia
855 1254 985 1308 2η.
1024 1252 1177 1307 Alter
1204 1251 1243 1303 Β
1270 1260 1355 1306 est
1378 1248 1723 1304 bibliothecae
1765 1247 1973 1301 sanctis

402 1351 559 1403 sima:
597 1347 788 1418 synodi
826 1346 884 1399 in
920 1344 1014 1401 fol.
1050 1358 1207 1399 num.
1242 1341 1412 1396 XLIX
1464 1340 1721 1395 foliorum
1750 1338 1878 1393 ΗΟ.
1919 1334 1995 1390 -Ιη

402 1440 501 1493 illo
526 1448 711 1494 textus
739 1436 1164 1508 Evangeliorum
1206 1434 1442 1504 scriptus
1470 1441 1553 1487 est
1608 1430 1804 1486 litteris
1835 1427 1998 1500 paulo

406 1530 735 1600 majoribus,
760 1529 1204 1584 Commentarios
1224 1526 1545 1580 minoribus.
1581 1524 1640 1578 ln
1667 1524 1769 1579 hoc
1792 1522 1998 1579 eadem

405 1632 538 1679 sunt
570 1624 765 1678 litterae
795 1622 849 1677 in
878 1632 1030 1677 textu
1055 1620 1188 1675 etin
1221 1618 1449 1673 scholiis
1481 1658 1495 1682 ,
1530 1617 1625 1673 sed
1661 1617 1789 1683 iste,
1826 1617 2001 1686 liquo-

408 1730 471 1769 re
495 1716 681 1779 rubro,
732 1714 872 1775 hmc,
915 1720 1225 1766 atramento
1275 1712 1477 1779 scripta
1529 1718 1677 1764 sunt.
1725 1708 1892 1762 istum
1945 1706 2000 1760 in

409 1820 530 1859 inca
556 1803 686 1857 Novi
724 1801 1060 1857 Testanicnti
1089 1800 1331 1855 editione
1371 1799 1641 1869 appellavi
1676 1815 1730 1862 ii,
1767 1798 1913 1852 hunc
1958 1798 1995 1850 ἰ.

2089 603 2380 660 recentiori
2414 594 2711 672 ascriptum
2776 598 2943 653 habet
2977 610 3177 651 nomen
3238 593 3439 650 Nicette
3486 590 3681 647 Serra-

2090 713 2233 761 rum,
2265 697 2355 766 qui
2382 695 2541 765 vulgo
2577 690 2959 747 Heracleensis
2983 688 3307 758 appellatur.
3351 686 3501 739 Alter
3530 684 3653 737 Pari

2089 790 2266 853 sinus,
2304 795 2360 841 ut
2388 787 2646 849 arbitror,
2682 781 2975 847 recentior,
3022 779 3215 833 tribuit
3247 777 3681 847 Theophylacto,

2090 894 2252 949 quem
2306 877 2561 946 appellat,
2617 874 2709 926 τὸν
2761 872 3055 941 ἱερώτατον
3108 868 3469 937 Βουλγαρίις,
3524 867 3688 919 nimi—

2093 986 2214 1024 rum
2270 968 2723 1037 ἀρχιεπισκοπον.
2788 962 2939 1017 Meus
2973 960 3035 1015 B.
3088 961 3209 1015 loco
3263 959 3466 1013 Indicis
3526 958 3690 1012 habet

2095 1063 2329 1133 spatium
2374 1075 2628 1120 vacuum,
2662 1058 2781 1112 ideo
2803 1056 3035 1111 fortasse
3079 1096 3093 1119 ,
3124 1063 3181 1108 ut
3215 1063 3403 1124 pOstea
3426 1068 3456 1106 a
3482 1053 3691 1122 pictore

2097 1167 2255 1215 auro.
2284 1150 2474 1206 aliisve
2517 1149 2796 1205 coloribus
2832 1148 3126 1201 adderetur
3165 1154 3329 1214 atque
3376 1153 3691 1199 ornaretur.

2098 1244 2340 1299 indicem
2387 1242 2593 1297 codicis
2625 1241 2664 1293 Α
2707 1237 2950 1309 expressi
2996 1254 3048 1307 p.
3090 1236 3176 1291 l0.
3234 1236 3536 1290 llentenius
3572 1235 3696 1289 nul-

2100 1334 2211 1388 lum
2242 1335 2458 1389 videtur
2508 1333 2798 1402 reperisse,
2840 1338 2896 1384 ut
2922 1345 2987 1384 ex
3022 1330 3141 1396 ejus
3170 1328 3493 1399 praefatione
3525 1337 3579 1381 et
3615 1328 3699 1380 ir.-

2103 1426 2499 1495 tcrprelatione
2535 1441 2590 1494 p.
2630 1423 2681 1487 9,
2713 1422 2894 1493 colligi
2928 1429 3125 1491 potest.
3186 1421 3241 1474 In
3270 1437 3334 1475 eo
3369 1430 3551 1474 autem
3603 1437 3701 1476 ve-

2104 1516 2390 1571 hementer
2429 1524 2576 1569 errat
2615 1514 2920 1569 liichardns
2970 1512 3267 1575 Simonius,
3318 1513 3461 1583 quod
3495 1514 3703 1567 litteras

2106 1610 2205 1678 ἀμ.
2240 1624 2339 1678 pro
2377 1606 2682 1677 Ἀμμώνιος
2718 1606 2949 1674 accepit.
2996 1604 3126 1658 Nam
3166 1605 3442 1659 Ammonii
3482 1620 3703 1667 nomen,

2111 1703 2248 1773 quod
2280 1700 2538 1771 frequens
2568 1708 2653 1755 est
2686 1698 2738 1751 in
2775 1701 2986 1752 catenis
3036 1697 3262 1762 Graecis,
3323 1700 3376 1751 in
3424 1698 3709 1752 codicibus

2109 1795 2330 1865 quidem
2366 1791 2787 1863 Mosqucnsibus
2815 1806 3099 1861 nunquam
3140 1790 3321 1845 inveni
3360 1806 3468 1843 uno
3502 1810 3539 1858 μ
3572 1791 3710 1845 επὶ-

410 1895 489 1950 De
534 1905 764 1965 utroque
803 1894 1031 1964 exposui
1065 1893 1132 1946 ad
1167 1892 1452 1963 epistolam
1488 1890 1637 1943 Pauli
1673 1890 1741 1944 ad
1770 1889 2007 1944 Thcssa-
2034 1883 2081 1943 B
2116 1900 2292 1960 ptum,
2335 1888 2437 1943 etsi
2483 1886 2617 1957 sigla
2640 1892 2805 1939 esset.
2861 1884 2988 1952 Ἀρ..
3022 1900 3173 1954 ergo,
3229 1884 3372 1952 quod
3429 1885 3591 1936 ctiam
3656 1884 3707 1935 in

413 1989 747 2050 lonieenses,
774 2003 830 2057 ι).
856 1986 984 2044 20:2,
1031 1984 1157 2039 205.
1199 1984 1514 2054 Specimina
1556 1983 1862 2037 litterarum
1900 1997 2007 2037 tere

414 2096 679 2150 expressa
739 2079 964 2134 exhibui
1020 2079 1086 2133 ad
1154 2077 1507 2147 Evangelium
1560 2075 1788 2130 Joannis
1851 2076 2010 2130 istius

411 2173 687 2228 editionis.
720 2174 901 2227 Codex
939 2171 998 2225 ll.
1052 2172 1403 2241 praestantior
1450 2179 1532 2224 est
1567 2170 1759 2231 altero,
1794 2184 1822 2223 a
1872 2171 2009 2223 seri-

415 2266 481 2319 ba
509 2266 840 2332 diligentiori
868 2279 932 2319 ac
975 2265 1206 2319 fideliori
1236 2264 1495 2333 scriptus.
1548 2261 1683 2316 Nam
1712 2262 1849 2317 alter
1872 2263 2012 2316 scri-

420 2362 484 2414 lia
541 2362 739 2431 sai-pius
794 2360 1072 2415 aberravit
1120 2369 1177 2415 et
1230 2360 1285 2413 in
1334 2358 1561 2413 seholiis
1628 2357 1694 2411 ad
1745 2355 2013 2410 Joannem

420 2456 587 2507 multa
616 2457 693 2509 vel
723 2470 820 2524 per
860 2455 1159 2525 pigritiam,
1193 2455 1278 2507 vel
1322 2467 1419 2522 per
1479 2451 1726 2505 fraudem
1787 2462 2013 2520 praetcr-

424 2548 589 2600 misit.
641 2546 696 2599 ln
744 2559 975 2615 utroque
1050 2548 1263 2609 codice,
1328 2545 1491 2599 sicuti
1539 2544 1593 2597 in
1646 2544 1913 2597 Parisinis
1963 2552 2018 2597 et

422 2638 698 2703 llentenii,
734 2640 900 2691 multa
943 2635 1150 2693 scholia
1203 2638 1272 2692 ab
1325 2637 1518 2691 iisdem
1572 2636 1769 2691 scribis
1816 2636 2017 2705 scripta

423 2740 554 2783 sunt
585 2732 635 2781 in
671 2731 937 2799 margine,
970 2730 1037 2783 de
1069 2744 1177 2798 quo
1204 2730 1256 2780 in
1301 2728 1437 2783 locis
1494 2727 1729 2798 singulis
1783 2728 2018 2781 lectores

426 2821 635 2875 monui.
693 2818 956 2873 Videntur
986 2831 1166 2873 autem
1193 2821 1294 2873 ista
1317 2819 1524 2873 scholia
1557 2828 1779 2873 auctore
1808 2816 2017 2887 Euthy-

430 2913 541 2967 niio
574 2914 715 2982 ipso,
752 2924 876 2982 post
920 2913 1061 2981 ejus.
1099 2914 1388 2980 repetitam
1437 2911 1755 2972 lectionem,
1796 2910 2014 2964 adlecta

425 3020 570 3071 esse,
603 3020 700 3074 per
730 3008 952 3059 eosdem
990 3004 1217 3059 Scribas.
1253 3004 1311 3057 id
1343 3005 1476 3059 satis
1509 3004 1565 3057 iit
1592 3004 1873 3074 probabile
1896 3020 2019 3059 cum

427 3115 497 3155 ex
537 3101 657 3153 aliis
704 3099 856 3165 lucis,
900 3109 1012 3152 tum
1047 3113 1110 3152 ex
1146 3097 1353 3152 scholio
1406 3099 1472 3151 ad
1502 3098 1633 3153 Luc.
1661 3115 1735 3165 ix,
1770 3098 1859 3152 55.
1910 3100 2020 3154 Ad-

430 3193 538 3247 huc
572 3193 719 3247 enim
761 3193 813 3245 in
844 3192 1127 3246 codicibus
1156 3192 1356 3244 desunt
1395 3192 1576 3245 omnia
1624 3192 1693 3245 ab
1722 3192 1833 3243 Καὶ
1865 3186 2021 3244 εἶπεν

427 3287 529 3340 οὐκ
568 3288 633 3341 ad
665 3287 801 3339 ἀλλὰ
834 3287 1026 3339 σῶσαι.
1088 3284 1215 3339 llzec
1273 3286 1420 3339 enim
1458 3286 1637 3355 primo
1703 3285 2025 3355 Euthymius

429 3381 755 3435 auctoritate
812 3379 1191 3450 Chrysostomi
1253 3378 1617 3433 CXtillSCl‘illZ
1680 3379 1733 3431 in
1796 3380 2029 3448 repetia

430 3482 615 3525 autem
651 3474 908 3535 lectione,
946 3482 1004 3525 ut
1038 3472 1173 3525 satis
1220 3472 1383 3524 docet
1435 3470 1706 3525 scholium
1755 3471 1819 3523 ad
1864 3471 2026 3523 istum

433 3574 639 3629 locum,
674 3567 918 3635 ejusdem
948 3566 1279 3618 auctoritate
1330 3564 1634 3619 addiderat.
1676 3564 1839 3619 Forte
1883 3565 2031 3618 hunc

432 3660 675 3713 labori-in
719 3660 881 3712 ctiam
922 3698 936 3721 ,
967 3658 1125 3712 sicuti
1177 3656 1515 3725 Panoiiliam,
1557 3658 1790 3726 jubente
1841 3657 2030 3711 Alexio

433 3760 718 3806 tomneno
766 3752 1031 3822 suscepit,
1069 3766 1131 3804 ac
1181 3750 1367 3821 plures
1400 3752 1609 3806 scribas
1660 3751 2031 3822 imperatoriis

434 3844 701 3915 impensis
736 3846 1041 3899 conductos
1094 3844 1305 3899 habuit.
1362 3843 1467 3899 Sed
1521 3845 1572 3899 id
1610 3844 1808 3898 deinde
1846 3860 2035 3899 recen-

440 3941 604 3995 tiores
642 3941 807 3995 etiam
840 3941 1032 3996 scriba:
1085 3942 1277 3996 imitati
1329 3950 1476 4006 sunt,
1533 3953 1591 3996 ut
1647 3955 1710 4001 ex
1763 3940 2033 3995 llentcnio

436 4034 687 4088 discitur.
717 4033 852 4087 Nam
881 4032 1139 4088 lientenii
1178 4034 1372 4098 codex,
1409 4033 1512 4089 etsi
1546 4035 1676 4088 satis
1716 4034 1912 4097 bonus,
1940 4035 2032 4106 ju-

436 4125 558 4181 dice
581 4126 742 4179 etiam
776 4126 1046 4190 Simonio,
1085 4128 1272 4182 haberi
1312 4127 1493 4193 debet,
1537 4136 1717 4181 tamen
1760 4126 1880 4181 sine
1926 4127 2035 4181 ullo

437 4220 602 4274 dubio
634 4224 770 4274 meis
810 4219 916 4274 fuit
958 4224 1256 4275 recentior.
1322 4221 1537 4275 Etenim
1583 4221 1887 4277 tlentenius
1920 4222 2036 4292 ipse

439 4314 796 4382 conqueritur
841 4313 910 4367 de
974 4314 1163 4368 multis
1196 4328 1261 4367 ac
1319 4311 1627 4367 dillicilibus
1684 4315 1857 4385 siglis,
1916 4330 2036 4384 qna:

440 4423 628 4479 pauca:
664 4417 889 4462 etnotae
925 4415 1056 4461 sunt
1112 4408 1168 4461 in
1233 4409 1392 4463 meis.
1461 4406 1730 4463 Prien-rea
1776 4408 2037 4465 llentcnii

440 4500 773 4570 appendices
802 4503 963 4553 etiam
997 4498 1161 4553 habet
1183 4514 1246 4554 ex
1273 4497 1683 4571 Tlieophylacto
1720 4510 1774 4555 et
1802 4502 2035 4556 aliorum

2112 1997 2236 2039 meo
2270 1985 2308 2035 Α
2348 1978 2643 2049 reperitur,
2681 1976 3027 2047 ηοιιηάμήν.
3066 1976 3143 2029 Ex
3187 1975 3269 2029 his
3318 1987 3569 2045 appaict,
3630 1978 3708 2046 ig—

2114 2085 2303 2130 notum
2340 2089 2460 2129 esse
2491 2088 2691 2128 nomen
2746 2072 2986 2126 aucturis
3041 2072 3237 2125 horum
3280 2070 3719 2125 Commentario-

2116 2183 2258 2221 rum.
2308 2164 2462 2219 Unde
2490 2178 2619 2233 ergo
2676 2162 3050 2233 cognoscitur,
3102 2162 3269 2217 fuisse
3329 2162 3717 2232 Euthymiuui?

2120 2256 2343 2312 Scilicet
2373 2272 2437 2311 ex
2461 2256 2706 2326 ejusdem
2729 2254 3140 2309 Commentario
3173 2256 3226 2309 in
3254 2257 3516 2319 l‘salmos,
3552 2273 3716 2327 quem

2118 2350 2448 2414 llentenius,
2492 2348 2977 2412 Montefalconius,
3033 2364 3246 2418 nosque
3303 2350 3401 2419 ipsi
3464 2351 3721 2404 tractavi-

2120 2461 2262 2499 mus.
2295 2443 2580 2511 Quomodo
2616 2442 2842 2501 autem?
2875 2440 3059 2495 Primo
3106 2442 3351 2512 quidem,
3398 2457 3501 2496 nec
3556 2459 3720 2498 ovum

2122 2555 2226 2595 ovo
2290 2538 2363 2592 ita
2402 2548 2486 2592 est
2536 2537 2735 2600 simile,
2786 2544 2845 2590 ut
2890 2552 3014 2590 cum
3065 2535 3338 2591 llentenio
3375 2539 3587 2608 loquar,
3645 2540 3723 2593 uti

2122 2635 2329 2690 similes
2364 2642 2494 2687 sunt
2526 2632 2579 2685 hi
2610 2631 3005 2685 Commentarii
3036 2630 3457 2686 Commentariis
3489 2633 3543 2686 in
3578 2632 3728 2688 l‘sal-

2124 2742 2264 2782 lllOS.
2320 2728 2597 2791 Secondo,
2636 2726 2690 2777 in
2749 2726 2977 2779 scholiis
3009 2726 3077 2779 ad
3109 2725 3355 2779 l‘salmos
3405 2727 3727 2796 frequenter

2126 2821 2290 2889 hujus
2323 2817 2713 2874 Commentarii
2759 2817 2819 2869 fit
2879 2818 3108 2881 mentio,
3164 2817 3236 2869 ita
3266 2827 3327 2870 ut
3384 2832 3620 2886 quorum
3654 2816 3727 2869 ibi

2126 2912 2221 2966 ﬁat
2259 2912 2489 2976 mentio,
2532 2924 2595 2963 ea
2625 2910 2709 2963 hic
2750 2908 3117 2978 reperiantur.
3175 2906 3382 2971 Tertio,
3435 2906 3731 2962 Commen-

2129 3006 2299 3061 tarius
2336 3006 2387 3058 in
2423 3004 2667 3059 Psalmos
2708 3018 2909 3057 nomen
2945 3001 3220 3071 Euthymii
3260 3002 3506 3055 additum
3542 3001 3731 3065 habet,

2126 3104 2226 3160 etsi
2252 3118 2362 3157 non
2415 3104 2469 3156 iu
2522 3100 2781 3157 Omnibus
2815 3100 3115 3154 codicibus.
3177 3098 3409 3155 Codices
3440 3097 3736 3154 Commen-

2134 3202 2397 3255 tariorum
2436 3198 2488 3252 in
2526 3196 2793 3259 PSalmos,
2841 3195 2933 3265 qui
2966 3195 3125 3268 vulgo
3155 3194 3451 3268 Euthymio
3483 3197 3738 3251 tribuun-

2136 3306 2244 3357 tur,
2290 3295 2341 3347 in
2384 3292 2801 3362 Mosquensibus
2833 3290 3181 3345 bibliothecis
3215 3291 3397 3345 inveni
3437 3291 3596 3346 duos.
3630 3293 3737 3345 Ac-

2132 3390 2277 3442 cedit
2312 3388 2505 3442 lertius
2551 3385 2658 3440 illis
2703 3384 2858 3438 valde
2906 3384 3120 3438 similis.
3170 3384 3246 3438 De
3288 3384 3373 3438 his
3416 3384 3559 3439 infra
3618 3400 3740 3439 mo-

2133 3482 2250 3531 nui.
2284 3476 2389 3531 Sed
2418 3492 2479 3531 ex
2508 3477 2593 3530 his
2618 3474 2756 3529 nihil
2786 3474 3041 3540 ellicitur,
3062 3475 3208 3543 quod
3235 3474 3482 3529 auctoris
3515 3474 3742 3531 nomine

2132 3582 2341 3627 carent.
2376 3570 2769 3625 Verumtamen
2804 3569 2871 3623 de
2896 3569 3151 3639 Philippo
3184 3568 3373 3635 Saulo,
3398 3572 3489 3639 qui
3528 3571 3743 3640 primus

2136 3666 2328 3721 Latine
2349 3666 2525 3721 edidit
2548 3664 2990 3719 Commentarios
3018 3663 3069 3717 in
3105 3663 3373 3727 l’salmos,
3409 3679 3617 3734 eosque
3638 3663 3746 3719 Eu-

2138 3760 2577 3831 thyniiotribuit,
2604 3758 2887 3830 probabile
2906 3756 3142 3811 videtur.
3167 3772 3293 3811 eum
3324 3756 3607 3829 Eulhymii
3640 3775 3747 3814 no-

2137 3868 2261 3906 men
2318 3851 2591 3921 reperisse
2638 3848 2691 3902 in
2724 3864 2833 3903 uno
2869 3857 2965 3902 aut
3007 3846 3257 3917 pluribus
3294 3848 3597 3904 codicibus.
3638 3851 3745 3923 Ac-

2136 3946 2281 4003 cedit
2305 3947 2439 4000 lides
2484 3954 2537 3999 et
2560 3944 2859 3998 auctoritas
2893 3942 3325 4007 Montcfalconii,
3355 3947 3447 4016 qui
3491 3945 3564 4001 ita
3592 3961 3751 4019 repe-

2138 4044 2209 4097 rit
2268 4043 2339 4096 ina
2378 4040 2664 4097 codicibus
2723 4037 3098 4094 Coislinianis.
3144 4038 3222 4094 ita
3282 4042 3431 4096 enim
3496 4043 3661 4100 habet
3694 4046 3749 4100 in

2140 4136 2280 4191 Bibl.
2341 4134 2598 4196 Coislin.,
2663 4148 2717 4203 p.
2792 4132 2938 4187 178:
3006 4132 3287 4204 Euthymii
3321 4134 3600 4206 Zygadem'
3629 4142 3749 4209 (sic)

2139 4228 2521 4287 Commentarii
2545 4229 2597 4279 in
2621 4225 2887 4280 Psalmos.
2939 4225 3091 4280 Adde
3132 4227 3391 4281 eumdem
3443 4244 3496 4299 p.
3543 4228 3610 4283 58
3652 4229 3752 4303 Zy-

2140 4327 2387 4397 gabenus
2410 4324 2745 4395 appellatur,
2777 4322 2907 4377 ibid.
2930 4337 2984 4392 p.
3015 4322 3122 4377 9.00
3149 4332 3205 4378 et
3257 4324 3384 4379 4:25.
3443 4324 3752 4382 llentenius

2138 4438 2266 4478 eum
2286 4422 2626 4494 Zigabonum
2644 4418 3127 4491 appellat.Quibus
3142 4422 3364 4475 nomina
3384 4424 3539 4493 plura
3560 4440 3755 4480 recen-

2145 4518 2345 4574 tiorum
2366 4517 2683 4571 Graecorum
2702 4526 2832 4571 nota
2860 4524 3007 4581 sunt,
3040 4515 3072 4569 ii
3104 4526 3333 4581 norunt,
3363 4521 3752 4591 etymologiam

442 4594 689 4655 scholiis.
740 4607 863 4662 quae
904 4592 959 4646 in
998 4603 1198 4648 neutro
1228 4609 1477 4649 meorum
1529 4604 1871 4665 comparent.
1934 4596 2032 4651 Ni-
2060 4618 2115 4679 Ι)
2143 4613 2190 4666 η]

2006 4624 2032 4635 ·’
2060 4618 2115 4679 Ι)
2143 4613 2361 4667 illorum
2386 4612 2675 4666 nominum
2691 4610 2847 4665 valde
2865 4611 3349 4681 esseimpeditam.
3370 4613 3429 4667 ln
3453 4615 3751 4670 hocnomi-

443 4688 744 4743 hilominus
794 4697 976 4742 tamen
1008 4689 1199 4743 multis
1232 4690 1285 4742 iu
1320 4690 1459 4744 locis
1490 4690 1744 4745 versione
1777 4689 2034 4747 licnteuii

444 4799 541 4852 pro
569 4784 759 4837 codice
799 4781 875 4835 uti
910 4784 1083 4853 potui.
1124 4784 1253 4837 liam
1275 4784 1436 4854 ig'tur
1465 4784 1566 4839 hac
1584 4784 1747 4839 etiam
1775 4786 1841 4840 de
1872 4801 2036 4842 causa

442 4877 704 4934 intactam
758 4876 949 4947 reliqui
985 4878 1202 4948 :adjeci
1242 4888 1425 4935 tamen
1461 4881 1657 4950 partim
1695 4881 1749 4935 in
1787 4882 2037 4937 animad-

442 4972 815 5036 versionibus,
850 4976 1048 5042 partim
1094 4974 1150 5027 in
1188 4974 1293 5029 fine
1332 4977 1518 5046 Operis
1563 4977 1859 5032 nonnullas
1918 4994 2039 5033 cor—

446 5067 738 5120 rectiones.
794 5066 899 5121 Sex
952 5076 1136 5122 autem
1178 5069 1399 5123 codices
1462 5069 1639 5125 Graci
1679 5070 2037 5125 Commenta-

448 5168 658 5215 riorum
706 5162 982 5232 luuthymii
1024 5164 1078 5215 in
1112 5162 1403 5232 Evangelia
1472 5164 1609 5219 mihi
1652 5164 1835 5219 adhuc
1878 5164 2037 5221 inno-

446 5266 693 5311 tuerunt.
740 5257 858 5311 lluo
896 5256 1274 5328 Mosquenses,
1314 5258 1591 5323 llentenii,
1646 5260 1755 5315 duo
1805 5258 2040 5316 Parisini

445 5353 581 5423 regii
627 5368 781 5407 num.
837 5352 981 5406 2395
1017 5363 1071 5407 et
1110 5352 1276 5417 240i,
1332 5363 1384 5407 et
1423 5354 1497 5423 (b)
1547 5352 1936 5411 Daret-cianus.
1982 5357 2043 5411 in

446 5447 599 5501 nullo
632 5446 825 5502 horum
864 5447 1114 5502 codicum
1146 5464 1345 5503 nomen
1374 5449 1637 5515 auctoris,
1663 5450 1767 5505 nisi
1810 5450 1951 5506 forte
1988 5454 2042 5506 in

446 5540 803 5607 llarocciano,
849 5556 1012 5613 quem
1061 5542 1260 5597 Miliius
1312 5543 1584 5610 tractavit,
1636 5546 1927 5615 reperitur,
1977 5548 2046 5603 de

525 5682 596 5752 (ὁ)
633 5679 832 5755 hlillius
870 5682 923 5736 in
962 5697 1069 5755 sua
1112 5684 1181 5737 N.
1219 5684 1371 5738 'l'est.
1403 5682 1667 5749 editione,
1704 5694 1833 5740 ante
1865 5686 2042 5755 capita

447 5754 671 5810 Eusebii
714 5754 988 5826 l‘iiaiigelii
1032 5754 1288 5819 Mutilum,
1340 5756 1449 5809 duo
1482 5756 1598 5810 loca
1649 5754 2045 5812 Cotnmentnrii

447 5826 725 5901 liuthymii
756 5826 1016 5901 ligabcni
1056 5830 1107 5880 in
1143 5828 1812 5901 llattmeum_i_|otat,qu:e
1855 5830 2049 5901 legun-

442 5909 534 5955 tur
567 5902 622 5956 iu
659 5898 761 5955 hac
796 5900 1038 5957 editione
1062 5916 1115 5973 p.
1150 5900 1215 5957 15
1254 5909 1308 5956 ct
1353 5900 1437 5959 15.
1477 5899 1551 5955 Ea
1585 5898 1771 5959 autem
1813 5898 2044 5976 reperiri

2143 4701 2820 4774 neaulemYoriripotuit
2858 4718 2926 4757 ex
2957 4702 3142 4771 ζυγός.
3196 4704 3352 4758 [Lex
3379 4707 3550 4776 βαίνω
3607 4710 3665 4761 Δ.
3688 4723 3756 4762 ex

2139 4802 2265 4855 δέω.
2291 4799 2446 4855 Unde
2476 4796 2746 4863 lvenerit,
2775 4813 2939 4853 nemo
2969 4797 3131 4853 facile
3154 4799 3756 4859 hariolabitur.[’r.cter

2140 4895 2364 4950 codices
2412 4893 2955 4950 Commentariorum
3030 4892 3309 4965 Euthymii
3370 4895 3428 4949 in
3483 4896 3753 4964 Psalmos,

2143 4991 2382 5060 Mosquze
2416 4988 2600 5043 inveni
2659 4986 2825 5043 etiam
2869 4988 3089 5046 codices
3133 4990 3385 5061 ejusdem
3451 4991 3751 5065 Panoplim.

2146 5086 2223 5141 De
2282 5085 2367 5139 his
2423 5083 2584 5153 paulo
2630 5082 2861 5137 inferius
2910 5082 3047 5137 dixi.
3082 5082 3243 5138 Anna
3271 5082 3578 5154 Conmena,
3655 5090 3753 5145 lib.

2146 5199 2235 5245 xv,
2270 5197 2324 5252 p.
2368 5180 2493 5244 490,
2559 5178 2690 5233 edit.
2733 5177 2907 5231 Paris.
2944 5176 3102 5245 1631,
3139 5188 3192 5235 et
3224 5179 3335 5237 Leo
3401 5182 3630 5239 Allatius
3690 5186 3761 5241 de

2146 5292 2424 5332 consensu
2499 5277 2788 5344 utriusque
2843 5271 3107 5329 Ecclesiae
3143 5290 3269 5347 pag.
3329 5276 3457 5342 638,
3525 5291 3761 5337 extunc

2150 5372 2418 5443 temporis
2443 5370 2585 5426 libro
2612 5368 2825 5425 inedito
2849 5369 2923 5423 ita
2950 5369 3195 5426 habent:
3222 5370 3598 5446 Παραπέμπω
3636 5378 3762 5442 τοὺς

2153 5470 2517 5541 βουλομένους
2576 5466 2677 5538 τὴν
2733 5464 2864 5534 ὃλην
2960 5464 3177 5536 αἵρεσιν
3254 5466 3365 5522 τῶν
3434 5469 3760 5542 Βογομίὶνων

2151 5566 2448 5635 διαγνῶναι
2495 5566 2574 5628 εἰς
2632 5562 2693 5616 τὸ
2751 5562 2897 5616 οὕτω
2950 5564 3297 5637 καλούμενον
3360 5566 3590 5636 βιϐλίον,
3633 5569 3762 5636 δογ-

2155 5682 2321 5741 tradit
2365 5680 2643 5756 inpcodice
2687 5677 3001 5735 Bodleiano.
3037 5678 3174 5756 Cum
3225 5697 3356 5739 vero
3407 5685 3461 5739 in
3506 5686 3766 5756 Pi-olegn-

2157 5754 2567 5811 menisnullam
2618 5756 2957 5823 mentionem
2999 5754 3192 5809 iecerit
3240 5756 3521 5813 Ilodlciani
3554 5754 3766 5813 νοω-ωδ

2155 5826 2460 5904 l‘Juthymii,
2511 5824 3136 5904 suspicio_suboritur,
3170 5829 3414 5904 _Miiiilllll
3473 5851 3571 5904 pro
3620 5831 3764 5892 Und-

2158 5898 2337 5959 lei-ino
2376 5900 2617 5957 voluisse
2659 5898 2905 5956 scribere
2953 5899 3316 5959 Barocciano.
