4426 6438
744 367 828 434 ⁸15
2177 359 2596 429 ῙῚΗΞΡΛΤΚΟ.
3927 366 3999 429 16

757 476 994 545 ματικὴν
1047 477 1366 539 πανοπλίαν,
1416 476 1474 541 ἐξ
1515 476 1785 545 ιπιταγῆς
1846 473 2050 545 τούμοῦ
2112 477 2320 544 πατρὸς
2356 489 2396 543 Α

755 568 1122 620 συντεθεῖσαν.
1178 568 1284 619 Καὶ
1348 567 1457 636 γὰρ
1531 569 1763 637 μοναχὸν
1819 584 1941 620 τινα
2017 565 2325 636 Ζνγαδηνδν

754 661 1111 728 καλούμενον,
1171 659 1412 724 γνωστὸν
1470 658 1571 727 μιν
1630 662 1695 728 τῇ
1762 660 2017 729 δεσποίνῃ
2056 660 2151 710 καὶ
2182 658 2321 727 πρὸς

759 754 963 820 μητρὸς
1014 752 1120 819 ἐμῇ
1172 749 1393 821 μάμμῃ,
1445 750 1539 802 καὶ
1588 753 1720 801 πᾶσι
1754 752 1867 812 τοῖς
1913 750 2007 802 τοῦ
2044 748 2321 818 ἱερατικοῦ

754 842 1082 906 καταλόγου,
1137 841 1536 911 γραμματικῆς
1581 840 1636 891 δὲ
1691 841 1770 901 εις
1805 842 1975 909 ἄκρον
2020 840 2323 910 ἐληλακὸτα

754 935 848 987 καὶ
880 933 1177 1004 ῥητορικῆς
1205 934 1305 985 οὐκ
1342 932 1679 1001 ἀμελέτητον
1728 933 1878 995 ὄντα,
1911 934 2003 986 καὶ
2045 934 2106 985 τὸ
2145 932 2321 1000 δόγμα

749 1027 823 1087 ὡς
850 1028 947 1077 οὐκ
973 1026 1128 1086 ἄλλος
1156 1041 1237 1086 τις
1268 1024 1648 1093 ἐπιστάμενον.
1681 1024 1883 1077 Τοῦτον
1906 1028 1934 1077 ὀ
1964 1024 2321 1095 αὐτοκράτωρ

752 1118 1247 1186 μεταπεμψάμενος
1282 1118 1541 1183 ἐπέταξεν
1573 1118 1791 1179 ἁπάσας
1825 1117 1921 1178 τὰς
1956 1118 2202 1188 αἱρέσεις
2227 1119 2319 1168 ὲκ-

751 1209 961 1271 υὲσθαι,
1014 1210 1251 1275 ἑκάστην
1316 1208 1443 1278 ἰδίᾳ,
1511 1210 1605 1260 καὶ
1648 1208 1729 1275 ἐφ’
1795 1208 2001 1279 ἑκάστῃ
2052 1207 2321 1277 [ἑκάστῳ

748 1302 878 1353 eiht.
933 1300 1104 1353 Paris.
1146 1300 1288 1368 quod
1325 1299 1500 1367 ipsum
1541 1314 1757 1369 quoque
1805 1300 1931 1353 ferri
1964 1298 2186 1370 potest]
2221 1300 2319 1361 τὰς

744 1392 852 1442 τῶν
902 1392 1072 1457 ἁγίων
1132 1393 1392 1461 Πατέρων
1443 1392 1753 1461 ἀνατροπὰς
1803 1390 2205 1460 ἐγγράψασθαι.
2251 1421 2321 1431 -

742 1484 959 1551 Ταύτην
987 1483 1084 1551 τὴν
1140 1482 1322 1551 βίϐλον
1372 1483 1711 1550 ὀογματικὴν
1758 1483 2062 1535 πανοπλίαν
2096 1484 2123 1535 6
2154 1485 2317 1537 αὑτο-

744 1578 965 1644 κρατωρ
1005 1574 1311 1641 ὠνόμασεν.
1379 1574 1686 1642 Ζυγαδηνὸν
1749 1589 1878 1644 ergo
1926 1574 2089 1628 habet
2148 1576 2317 1629 editio

744 1666 1357 1730 Parisina,Allatiusex
1419 1666 1631 1729 codice,
1694 1682 1796 1720 nec
1865 1666 2317 1720 Montefalconius

742 1758 793 1808 in
818 1758 951 1809 bibl.
983 1755 1207 1809 Coislin.
1264 1771 1320 1823 p.
1377 1756 1480 1809 539
1514 1772 1579 1808 ex
1629 1770 1728 1809 suo
1784 1757 1973 1810 codice
2037 1759 2140 1811 hoc
2194 1757 2314 1811 loco

743 1849 957 1903 notavit
1010 1850 1340 1901 dissensum.
1398 1847 1653 1916 l’anoplia
1738 1848 2007 1918 Euthyniii
2072 1852 2309 1919 primum
2346 1826 2385 1879 Β

738 1942 881 1993 edita
943 1950 1025 1993 est
1080 1940 1272 1991 Latine
1299 1954 1360 1992 ex
1398 1941 1651 1994 versione
1675 1940 1819 1994 Petri
1882 1940 2159 1995 Francisci
2189 1941 2308 1996 lini

740 2030 1065 2082 Veronensis
1126 2029 1312 2081 Venet.
1389 2031 1525 2084 1535
1584 2047 1613 2083 a
1662 2047 1769 2099 quo
1834 2032 1975 2087 haud
2024 2033 2189 2087 dubie
2246 2049 2309 2088 ex

737 2122 943 2175 codicis
994 2121 1171 2174 indice
1242 2133 1464 2175 vocatur
1514 2123 1835 2193 Ligabenus.
1874 2125 2055 2179 Graece
2080 2128 2313 2195 primum

735 2215 987 2285 apparuit
1037 2214 1355 2283 'l'ergobysti
1397 2216 1653 2283 t7l0qua
1709 2218 1946 2271 editione
1990 2218 2067 2271 usi
2122 2233 2313 2272 sumus

731 2311 987 2376 Mosqme.
1040 2302 1138 2361 llic
1194 2308 1495 2377 appellatur
1583 2309 1902 2379 Ζιγαδηνός.
1980 2310 2161 2363 Dicam
2244 2312 2311 2365 de

729 2401 1008 2456 codicibus
1040 2399 1451 2469 llosquensibus
1496 2400 1659 2468 hujus
1690 2401 1986 2471 PanOplize.
2025 2402 2309 2471 Antiquis-

730 2500 903 2549 simus
949 2506 1033 2549 est
1098 2494 1546 2547 membranaceus
1610 2508 1721 2547 sec.
1799 2510 1871 2547 ιιι
1964 2495 2310 2550 bibliotheca:

730 2583 1576 2655 typographeisynodalisin-fol.
1621 2598 1796 2646 num.,
1842 2583 1941 2646 l0,
1974 2585 2064 2652 qui
2116 2587 2166 2638 in
2204 2586 2305 2639 hoc

729 2678 951 2729 nomine
976 2692 1083 2729 non
1114 2675 1297 2727 dillert
1331 2674 1666 2749 abeditione
1717 2673 2144 2745 Tergobystana.
2212 2676 2310 2730 Se-

727 2770 940 2823 cundus
969 2768 1216 2837 ejusdem
1270 2769 1611 2821 bibliothecae
1636 2767 1818 2826 in-fol.
1854 2785 2005 2821 num.
2044 2769 2129 2832 15,
2162 2770 2220 2823 Β.
2252 2772 2304 2823 in

725 2864 912 2914 charta
948 2862 1266 2929 b0!!!il_\'Clll.l
1304 2861 1462 2914 habet
1488 2861 1807 2927 Ζιγαϐηνός.
1844 2861 2059 2915 Tertius
2087 2863 2307 2916 charta-

724 2969 856 3008 ccus
884 2970 993 3007 sec.
1024 2970 1111 3015 xv,
1154 2953 1496 3007 bibliotheca:
1514 2953 1870 3006 sanctissima:
1897 2953 2087 3023 synodi
2117 2955 2167 3007 in
2207 2956 2300 3009 fol.

726 3064 878 3101 nunt.
911 3048 998 3109 lit),
1027 3046 1294 3117 Zygadcni
1345 3045 1588 3099 exhibet.
1646 3046 1883 3109 Quartus
1949 3048 2193 3116 ejusdem
2226 3049 2305 3101 bi-

721 3140 1027 3199 bliuthC‘.13,
1061 3154 1169 3192 sec.
1218 3154 1324 3202 MV,
1359 3139 1410 3189 in
1438 3139 1621 3191 charta
1653 3139 1975 3208 bombycina
2006 3140 2059 3191 in
2083 3149 2297 3207 quarto,
2328 3164 2373 3226 Ο

722 3249 877 3287 num.
909 3233 1011 3287 560
1054 3233 1225 3301 primo
1248 3232 1377 3286 lolio
1404 3243 1573 3286 caret.
1614 3231 1720 3285 Etsi
1751 3232 1913 3302 igitur
1946 3232 2079 3286 satis
2102 3235 2301 3302 proba-

721 3330 830 3383 bile
885 3337 988 3389 est,
1044 3327 1189 3380 hunc
1246 3326 1715 3379 Commentarium
1779 3326 2041 3395 scriptum
2077 3344 2199 3382 esse
2232 3330 2300 3383 ab

722 3422 1055 3490 Euthymio:
1098 3429 1275 3471 tamen
1308 3418 1533 3471 dubium
1563 3428 1664 3481 est,
1719 3430 1899 3473 utrum
1959 3419 2295 3491 Zygadcnus,

725 3527 793 3565 an
826 3511 1148 3583 ngadenus,
1184 3526 1250 3563 an
1282 3510 1591 3579 Zigabenus
1614 3511 1789 3565 dictus
1848 3514 1938 3565 sit.
1992 3512 2294 3582 Plerisque,

718 3609 1055 3666 utar'oitror,
1102 3618 1163 3656 ex
1220 3604 1307 3656 his
1340 3618 1459 3670 qua:
1485 3603 1740 3667 diximus,
1778 3604 2096 3672 probabitur
2129 3604 2297 3675 Zyga-

714 3701 912 3759 denos,
962 3696 1104 3764 quod
1162 3694 1292 3746 mihi
1347 3695 1509 3747 etiam
1571 3695 1810 3758 interim,
1875 3695 2053 3747 donec
2114 3698 2298 3763 plures

713 3789 931 3840 codices
987 3786 1369 3857 consulantur.
1435 3788 1632 3852 placet.
1700 3784 1767 3840 Ut
1825 3794 2007 3839 autem
2064 3785 2299 3841 lectores

711 3881 940 3944 scirent,
1001 3894 1122 3949 quae
1192 3877 1398 3932 scholia
1463 3876 1519 3930 in
1578 3878 1919 3946 marginibus
1987 3878 2299 3948 legerentur

716 3975 1019 4027 lli-ntenius
1055 3974 1105 4025 in
1138 3974 1410 4041 principio
1450 3985 1661 4036 eorum,
1696 3973 1750 4025 in
1798 3972 2049 4030 versione
2084 3972 2295 4033 Latina,

710 4076 1037 4133 ascripserat
1104 4068 1318 4131 signum
1409 4064 1611 4126 crucis,
1680 4062 1823 4131 quod
1903 4079 2002 4116 nos
2066 4066 2297 4117 retinui—

708 4174 850 4211 mus.
913 4157 1043 4221 Quae
1091 4157 1145 4208 in
1204 4155 1353 4209 nullo
1441 4170 1689 4209 meorum
1766 4158 2041 4226 leguntur,
2092 4159 2295 4229 duplici

706 4268 872 4305 cruce
930 4250 1137 4319 signavi
1183 4250 1237 4302 in
1298 4258 1557 4302 contextu
1606 4249 1816 4303 Grzeco.
1874 4251 2075 4304 Eodem
2136 4254 2295 4306 modo

706 4346 891 4399 notavi
951 4346 1113 4396 etiam
1174 4343 1225 4394 in
1280 4342 1535 4397 versione
1598 4341 1786 4396 Latina
1842 4358 1903 4397 ea
1974 4360 2093 4413 quae
2150 4348 2292 4414 apud

703 4437 1037 4491 chtenium
1073 4451 1183 4488 non
1250 4437 1621 4501 reperiuntur.
1663 4432 1773 4488 Etsi
1831 4435 2082 4490 llentenii
2123 4440 2293 4491 inter-

700 4530 961 4602 pretatio,
992 4545 1056 4581 ex
1100 4542 1207 4581 uno
1250 4528 1387 4581 libro
1423 4528 1627 4598 scripto
1660 4544 1938 4598 expressa,
1970 4531 2042 4584 ita
2099 4532 2150 4584 in
2181 4534 2291 4601 ple-
2330 4519 2370 4572 ί)

698 4624 885 4692 risque
914 4621 1069 4682 locis,
1102 4628 1367 4688 quantum
1398 4619 1617 4687 quidem
1651 4618 1845 4689 linguai
1880 4622 2085 4689 patitur
2109 4622 2291 4675 diver-

699 4718 855 4775 sitas.
892 4715 1065 4768 tidelis
1097 4721 1202 4775 est,
1244 4724 1301 4765 ut
1327 4712 1533 4764 codicis
1558 4712 1940 4765 auctoritatem
1990 4712 2041 4765 iit
2086 4713 2289 4767 consti-

699 4808 909 4862 tuendo
957 4806 1237 4875 l-luthytnii
1298 4812 1556 4858 contextu
1617 4804 1821 4857 habere
1850 4804 2044 4873 possit,
2101 4814 2283 4859 tamen

698 4899 1160 4955 occurruntloca.
1197 4896 1311 4949 sive
1346 4895 1685 4963 interpretis,
1741 4894 1856 4948 sive
1917 4895 2123 4950 codicis
2175 4912 2286 4965 quo

699 5004 829 5042 usus
852 4988 1132 5056 estculpa,
1155 4986 1207 5039 in
1234 4985 1434 5055 quibus
1458 4983 1658 5052 aliquis
1700 4984 1870 5053 possit
1890 4986 2186 5039 oﬂendere.
2213 4986 2285 5040 Ea

694 5082 959 5149 deinceps
985 5080 1166 5132 notavi
1199 5089 1253 5131 et
1282 5093 1345 5132 ex
1381 5078 1517 5131 meis
1544 5076 1829 5131 codicibus
1878 5080 2110 5133 correxi.
2148 5080 2283 5134 illud

692 5176 856 5229 etiam
919 5173 1251 5226 monendum
1316 5172 1465 5235 duxi,
1523 5170 1668 5240 quod
1731 5171 1783 5223 in
1817 5182 2046 5241 utroque
2073 5174 2282 5238 codice,

689 5270 819 5324 folio
842 5269 893 5329 5,
937 5268 988 5319 in
1035 5266 1224 5320 codice
1258 5264 1478 5333 quidem
1535 5280 1565 5315 a
1603 5261 1706 5316 sub
1763 5263 1995 5333 imagine
2020 5263 2286 5333 Chrysos-

687 5362 837 5424 tomi,
882 5361 933 5412 in
965 5361 1013 5417 ὁ,
1042 5370 1164 5427 post
1194 5357 1405 5410 Iudices
1432 5357 1673 5425 capitum
1699 5364 1931 5423 quatuor
1953 5356 2278 5427 Evangelio-

687 5440 828 5515 rum,
866 5456 917 5505 hi
951 5469 1138 5506 versus
1172 5454 1450 5522 leguntur.

796 5548 1011 5598 "of/Gn
1053 5548 1231 5597 πόνων
1267 5545 1460 5615 ἔρανος
1498 5544 1914 5615 ἠκριϐωμένος·

792 5620 955 5671 ζίιῦὲν
988 5619 1260 5688 περιττὸν,
1296 5618 1450 5669 οὐδὲν
1484 5617 1670 5669 λεῖπον
1704 5617 1925 5669 ενθαδε·

2534 478 2611 529 Τὰ
2636 476 2813 547 ,πάντα
2842 476 2908 541 δ’,
2947 478 3021 541 ὼς
3054 477 3177 547 χρὴ,
3216 478 3308 531 καὶ
3341 476 3514 539 καλῶς
3549 476 3882 546 ἐσκεμμένα·

2534 546 2643 598 Καί
2673 562 2725 598 τι
2760 548 2921 598 πλέον
2942 546 3200 615 φέροντα,
3230 549 3505 614 τολμήσας
3532 547 3675 613 λέγω
3698 563 3709 575 ⁸

2532 615 2707 683 Χάρις
2740 614 2797 666 δὲ
2832 616 2980 667 πᾶσα
3012 614 3091 683 τῷ
3131 617 3281 685 σοφῷ
3306 616 3699 685 Χρυσοστόμῳ.

2432 724 2542 779 llos
2591 740 2781 780 versus
2833 725 3100 780 Macarius
3123 726 3616 796 Chrysocephalus,
3650 729 3885 795 scriptor
3912 742 4000 780 re-

2427 816 2665 879 centior,
2690 817 2763 869 ita
2794 817 2848 869 in
2880 832 3008 870 suos
3044 832 3174 870 usus
3222 819 3512 881 convertit,
3576 828 3634 872 ut
3692 829 3906 873 consmt
3934 833 4001 873 ex

2426 907 2677 972 Fabricii,
2712 905 2848 964 Bibl.
2879 909 2971 964 Gr.
3019 920 3058 963 t.
3092 910 3200 974 VII,
3234 927 3267 980 p
3316 911 3437 964 772.

2532 1000 2751 1071 Πολλῶν
2769 1002 2947 1057 πόνων
2978 1002 3171 1071 ἔρανος
3202 1000 3605 1070 ἠκριϐωμένοςο

2532 1070 2816 1141 ’[ᾁίπαντα
2845 1071 2913 1131 δ’,
2941 1070 3017 1133 ὡς
3047 1074 3175 1139 χρὴ.
3209 1073 3302 1124 καὶ¹
3335 1072 3513 1133 καλῶς
3540 1072 3891 1141 ἐσκεμμένα,

2527 1136 2695 1192 Οὐδὲν
2727 1142 3004 1209 περιττὸν,
3032 1136 3160 1193 «ibat
3192 1142 3373 1193 λεῖπον
3402 1144 3609 1207 ἐνθάδε,

2529 1210 2818 1278 Μακάριος
2844 1211 3051 1279 συνῆψε
3088 1210 3485 1281 φιλὶιόελςρείας.

2422 1318 2597 1375 Credo
2628 1330 2832 1385 autem,
2886 1320 2971 1375 Jo.
3056 1323 3515 1392 Christophorum
3579 1321 3867 1388 Wolllum,
3939 1324 3997 1379 in

2424 1413 2615 1466 codice
2643 1412 2975 1467 Barocciano
2999 1413 3099 1469 hos
3123 1430 3309 1469 versus
3333 1416 3404 1468 ita
3432 1415 3666 1484 scriptos
3686 1418 3953 1485 reperisse
3982 1436 3995 1469 :

2526 1524 2743 1576 Πολλῶν
2763 1554 2833 1565 --
2856 1524 3244 1594 ἠκριβωμένος
3265 1543 3279 1555 ’
3312 1527 3481 1581 Οὐδὲν
3508 1560 3571 1567 -
3594 1529 3801 1580 ὲνοὰὅε.

2524 1595 2604 1647 Τὰ
2627 1596 2803 1647 πάντα
2850 1592 3299 1665 -ὲ-νὲσκεμμὲνα.
3333 1599 3619 1667 Μακάριος
3651 1628 3716 1637 -—
3744 1599 3995 1665 φιλαδελ-

3719 1668 3924 1739 [φειας.

2419 1777 2533 1848 Ipse
2578 1788 2784 1845 autem,
2845 1789 2905 1834 ut
2960 1780 3196 1846 videtur,
3283 1782 3529 1836 ordinem
3580 1786 3828 1836 mutavit.
3882 1783 3999 1839 Non

2419 1882 2598 1925 atttem
2632 1872 2882 1927 mirabile
2910 1883 3012 1938 est,
3046 1874 3294 1928 Griecqu
3323 1874 3601 1928 hominem
3634 1875 3772 1928 alius
3823 1879 3998 1930 versi-

2416 1964 2518 2017 bus
2551 1978 2648 2031 pro
2667 1965 2781 2017 suis
2805 1979 2961 2018 usuin
2990 1982 3132 2020 esse.
3154 1967 3301 2032 Quos
3321 1967 3466 2021 enim
3486 1982 3586 2037 ego
3603 1984 3665 2021 ex
3691 1966 3995 2037 Mosquensi

2417 2056 2605 2108 codice
2669 2055 3090 2126 Evangeliorum
3153 2074 3207 2121 ο,
3276 2061 3341 2111 ad
3400 2057 3696 2128 Epistolam
3726 2058 3876 2113 Pauli
3931 2059 3998 2113 ad

2419 2147 2967 2215 Thessalonicenses,
3016 2166 3070 2221 p.
3112 2152 3240 2214 2M,
3297 2152 3710 2215 edidi,eosdem
3767 2167 3832 2205 ex
3888 2152 3998 2207 alio

2416 2240 2600 2293 codice
2630 2240 2876 2294 ediderat
2907 2242 3017 2295 Leo
3054 2244 3303 2307 Albitius,
3353 2243 3421 2295 De
3468 2243 3614 2295 libris
3653 2242 3801 2308 cccl.,
3854 2243 3997 2313 apud

2415 2331 2651 2397 Fabric.,
2684 2330 2825 2386 Bibl.
2858 2333 2951 2387 Gr.
2991 2337 3099 2389 vol.
3138 2334 3199 2399 \',
3232 2351 3284 2405 p.
3320 2336 3409 2399 28,
3442 2351 3566 2390 cum
3590 2337 3785 2405 exigua
3818 2336 3995 2391 varie-

2416 2436 2547 2480 tate.

2485 2520 2753 2583 Quoniam
2794 2530 2975 2574 autem
3003 2520 3254 2575 idoneam
3294 2520 3380 2574 hic
3403 2525 3549 2575 nacti
3581 2536 3775 2575 sumus
3834 2535 3996 2577 occa-

2413 2612 2620 2667 sionem
2656 2615 2723 2667 de
2763 2611 3055 2683 Eutbymio
3113 2614 3437 2675 disserendi,
3462 2614 3637 2683 primo
3672 2614 3758 2667 hic
3786 2614 3996 2667 addidi-

2415 2720 2535 2757 mus
2561 2707 2945 2774 supplementa
2982 2708 3229 2773 quwdatn
3264 2706 3329 2758 ad
3368 2706 3664 2758 ed.tionein
3720 2704 3995 2774 Panoplia:

2414 2796 2872 2866 Tergobystanam
2909 2814 2921 2849 :
2952 2796 3153 2850 deinde
3180 2799 3480 2865 adjecitnus
3512 2800 3673 2851 unius
3700 2798 3898 2852 Psalmi
3928 2815 3995 2854 ex

2410 2892 2567 2943 codd.
2595 2891 2802 2945 scholia
2833 2908 2845 2954 ;
2871 2906 2935 2943 ac
2966 2893 3201 2961 denique
3220 2893 3282 2945 de
3305 2894 3426 2943 aliis
3450 2892 3759 2961 Euthymiis
3778 2892 3994 2945 monui-

2410 3000 2553 3047 mus,
2594 3000 2827 3055 quorum
2872 2988 2928 3039 ιιι
2968 2998 3173 3039 mentio
3201 2986 3253 3037 in
3314 2986 3599 3040 codicibus
3649 2984 3992 3054 Mosquensi-

2413 3079 2532 3131 htts.

2478 3273 2875 3343 (Supplementa
2908 3271 2976 3323 ad
3009 3271 3285 3323 editionem
3324 3266 3594 3337 l’anopha:
3652 3269 3751 3336 ipsi
3811 3269 3989 3325 Pano-

2406 3369 2525 3436 plia:
2554 3366 2902 3434 pia-misimus
2949 3381 3063 3415 cum
3119 3363 3411 3415 recensione
3441 3362 3671 3412 coditum
3702 3359 3988 3428 Mosquen-

2404 3461 2535 3511 slum
2566 3475 2582 3520 ;
2616 3455 2813 3508 scholia
2872 3456 3029 3506 etiam
3060 3456 3129 3506 ad
3158 3454 3420 3521 psalmum
3483 3468 3566 3504 Cix
3594 3452 3749 3519 hujus
3792 3453 3981 3517 psalmi

2406 3552 2567 3603 ται·ιυὶ
2589 3550 2925 3617 subjecimus.
2960 3548 3108 3600 l‘lnrr.
3146 3547 3335 3610 Pun.)

2479 3760 2553 3813 De
2583 3761 2706 3813 aliis
2768 3759 3086 3828 Euthymiis.
3126 3774 3353 3825 quorum
3388 3757 3447 3825 ﬁt
3497 3758 3691 3810 mentio
3745 3758 3799 3808 in
3843 3758 3986 3809 codi-

2902 3831 3046 3883 cibus
3074 3832 3120 3881 Μ
3133 3833 3493 3897 osquensibus.

2474 3930 2524 3997 τι)
2598 3926 2919 3996 Euthymius
2974 3926 3276 3979 monachus
3330 3923 3397 3979 de
3472 3922 3716 3991 apostolo
3776 3920 3983 3975 Thoma

2403 4023 2639 4090 scripsit.
2669 4019 2724 4072 In
2756 4018 2945 4072 codice
2979 4017 3112 4069 bibl.
3146 4019 3202 4069 ὃ.
3242 4014 3301 4067 S.
3336 4030 3489 4067 num.
3528 4014 3597 4067 26
3631 4012 3809 4066 in-fol.
3844 4030 3858 4077 ;
3892 4014 3980 4080 qui

2403 4124 2483 4168 est
2518 4114 2971 4165 tnetnbran..ccus
2996 4126 3087 4162 sec
3121 4126 3174 4168 χ.
3201 4117 3296 4161 aut
3320 4123 3395 4171 xl,
3459 4106 3588 4159 folio
3617 4103 3705 4168 64,
3741 4106 3812 4159 ita
3851 4106 3983 4174 legi-

2404 4218 2528 4260 tur:
2556 4204 2833 4272 Εὑῢυμιου
2871 4202 2965 4254 τοῦ
3007 4200 3269 4254 ταπεινοῦ
3297 4199 3533 4268 μονοιχοῦ
3582 4198 3859 4267 ἐγκώμιον
3906 4202 3985 4260 εις

2398 4303 2487 4353 τὸν
2512 4300 2665 4365 ἅγιον
2696 4298 2899 4365 θωμᾶν
2947 4296 3039 4347 τὸν
3082 4295 3379 4346 ἀπόστολον
3409 4309 3424 4325 ·
3462 4294 3674 4363 incipit,
3719 4292 3782 4343 'H
3834 4292 3984 4363 πηγὴ

2398 4394 2494 4460 τῆς
2538 4390 2751 4455 σοφίας.
2780 4388 3010 4440 Additur
3062 4397 3346 4455 praeterea,
3386 4387 3517 4455 μηνὶ
3547 4386 3883 4455 Ὀκτωὸρίῳ.
3907 4382 3979 4449 ς’.

2473 4484 2525 4551 b)
2565 4482 2885 4551 Euthymius
2916 4481 3101 4534 abbas.
3145 4480 3199 4533 In
3238 4481 3424 4533 codice
3456 4480 3699 4548 ejusdem
3738 4482 3867 4533 bibl.
3898 4481 3982 4533 iit-

2404 4578 2497 4631 l‘ol.
2526 4593 2677 4629 num.
2709 4577 2771 4631 41
2806 4576 2999 4646 quieSt
3032 4574 3486 4629 metubranaccus
3514 4588 3623 4627 scc.
3663 4590 3735 4639 ιι,
3782 4582 3875 4627 aut
3926 4590 3980 4638 ι,

2402 4674 2473 4725 ita
2508 4671 2706 4740 reperi.

2470 4766 2619 4819 Folio
2644 4765 2729 4819 59.
2760 4764 3033 4831 Πρόλογος
3064 4762 3156 4815 τοῦ
3189 4762 3257 4831 (s)
3296 4763 3350 4814 ὲν
3380 4762 3551 4830 ἁγίοις
3584 4762 3795 4832 Πατρὸς
3821 4763 3981 4832 ἡμῶν

2399 4860 2701 4928 Εὑθυμίου.
2736 4860 2901 4913 Index
2944 4866 3027 4911 est
3079 4875 3093 4911 :
3147 4855 3236 4925 Τῷ
3282 4857 3603 4926 τιμιωτάτῳ
3638 4857 3731 4908 καὶ
3764 4856 3981 4924 ἀληθῶς

2395 4956 2639 5023 ὲναρέτῳ
2667 4955 2841 5023 Πατρὶ
2872 4951 3229 5021 πνευματικῷ
3256 4952 3401 5022 ὰϐὁᾷ
3432 4952 3709 5021 Γεωργίῳ,
3737 4950 3977 5023 πρεσϐυ-

2395 5050 2538 5119 τέρῳ
2585 5050 2679 5100 καὶ
2719 5048 3030 5118 ἡγουμένῳ,
3065 5047 3377 5119 θεαρὲστως
3430 5046 3759 5116 ἡσυχάζοντι
3809 5046 3868 5097 ὲν
3899 5046 3978 5114 τῷ

2396 5145 2539 5196 κατὰ
2562 5140 2891 5194 Σκυθόπολιν
2913 5144 3084 5212 τόπῳ,
3112 5142 3436 5212 καλουμένῳ
3458 5142 3679 5196 Basili.
3710 5141 3976 5211 Κύριλλος

2392 5236 2789 5307 πρεσῦύτερος,
2844 5238 2901 5289 ὲν
2953 5236 3143 5306 Κυρίῳ
3198 5237 3431 5305 χαίρειν.
3480 5234 3701 5289 Initium
3737 5253 3749 5289 :
3788 5236 3975 5299 Πίστις

2389 5332 2765 5403 προηγείσθω.

2462 5426 2612 5481 Folio
2633 5427 2717 5480 40.
2741 5427 2861 5489 Βίος
2880 5426 2975 5479 τοῦ
2995 5430 3050 5479 ἐν
3071 5428 3245 5494 ἁγίοις
3266 5429 3479 5497 [ἰατρὸς
3499 5428 3655 5497 ἡμῶν
3675 5426 3973 5496 Εᾷθυμέου.

2378 5522 2641 5578 lnitimn:
2685 5523 2743 5577 '0
2787 5525 3085 5593 μονογενὴς
3142 5524 3288 5586 Υἱός.
3359 5524 3483 5578 Ιιίερ
3524 5524 3640 5576 Vita
3675 5522 3844 5576 divisa
3892 5534 3975 5576 est

2380 5620 2431 5669 in
2471 5619 2676 5687 capita.
2725 5618 2831 5671 Sed
2894 5618 2945 5671 in
2998 5619 3101 5675 hoc
3156 5620 3346 5673 codice
3391 5630 3474 5672 est
3522 5620 3735 5673 mutila.
3776 5618 3971 5672 Deﬁcit

756 5764 823 5831 (ε)
860 5758 957 5814 llic
1013 5760 1267 5829 prol0gus
1323 5777 1428 5815 non
1480 5762 1715 5835 scriptus
1779 5771 1860 5815 est
1911 5760 1978 5816 ab
2028 5760 2339 5833 Euthymio,
2378 5762 2473 5817 sed
2517 5761 2585 5816 ab
2642 5761 2864 5832 (ἷξε-1110,
2910 5774 2967 5819 ut
3018 5781 3139 5818 mox
3206 5765 3528 5835 apparebit,
3591 5764 3641 5815 in
3700 5763 3965 5817 honorcn

683 5835 974 5905 Luttiyniu,
1013 5835 1315 5901 lvgturqttc
1346 5845 1469 5887 ante
1498 5837 1615 5905 ejus
1652 5833 1844 5889 Viam.
