4426 6438
738 368 821 435 ’⁷15
2170 359 2485 429 ῙἮᾸΞΡΛΤ

2245 359 2589 427 l.EP.—\Tl0.
3920 365 3991 427 16

750 476 987 546 μτικὴν
1040 477 1360 539 πανοπλίαν,
1409 477 1468 541 ἐξ
1508 476 1778 545 ὶπιταγῆς
1840 473 2043 545 τούμοῦ
2104 477 2313 544 πατρὸς
2350 489 2389 543 Α

748 568 1115 620 συντεθεῖσαν.
1172 568 1277 619 Καὶ
1342 567 1451 636 γὰρ
1524 569 1757 637 μοναχὸν
1812 584 1935 620 τινα
2010 565 2317 636 Ζυγαόηνδν

747 661 1104 729 καλούμενον,
1164 658 1405 725 γνωστὸν
1464 658 1565 727 μὶν
1624 662 1688 728 τῇ
1755 660 2010 729 δεσποίνῃ
2050 658 2314 727 καὶπρὸς

753 754 956 821 μητρδς
1007 752 1114 819 ἐμῇ
1166 750 1387 821 μάμμῃ,
1438 750 1532 802 καὶ
1581 753 1714 801 πᾶσι
1748 753 1861 812 τοῖς
1906 750 2001 802 τοῦ
2037 748 2314 818 ἱερατικοῦ

748 843 1076 906 καταλόγου,
1131 841 1529 911 γραμματικῆς
1574 840 1630 892 δὲ
1685 841 1764 902 εις
1799 842 1969 909 ἄκρον
2013 841 2317 910 ἐληλακὸτα

748 936 842 987 καὶ
874 934 1171 1003 ῥητορικῆς
1198 934 1299 985 οὐκ
1336 931 1672 1001 ἀμελέτητον
1722 933 1871 995 ὄντα,
1904 934 1996 985 καὶ
2038 933 2099 984 τὸ
2139 932 2314 1000 δόγμα

743 1027 817 1087 ὼς
844 1029 942 1077 οὐκ
966 1026 1121 1086 ἄλλος
1150 1042 1230 1086 τις
1262 1024 1642 1093 ἐπιστάμενον.
1674 1024 1876 1077 Τοῦτον
1900 1028 1927 1076 ὀ
1957 1024 2314 1094 αὐτοκράτωρ

746 1118 1241 1186 μεταπεμψάμενος
1275 1118 1535 1183 ἐπέταξεν
1567 1118 1785 1179 ἁπάσας
1819 1117 1915 1178 τὰς
1950 1117 2195 1188 αἱρέσεις
2220 1118 2312 1167 ὲκ-

740 1209 955 1273 θέσθαι,
1008 1210 1245 1275 ἑκάστην
1310 1208 1437 1278 ἰδίᾳ,
1505 1210 1599 1260 καὶ⁵
1642 1207 1723 1275 ἐφ’
1789 1208 1995 1279 ἑκάστῃ
2046 1207 2315 1278 [ἑκάστῳ

742 1303 871 1354 edit.
926 1300 1098 1352 Paris.
1140 1300 1281 1368 quod
1320 1299 1494 1367 ipsum
1534 1314 1752 1368 quoque
1799 1299 1924 1352 ferri
1958 1297 2179 1370 potest]
2214 1300 2313 1360 τὰς

738 1393 846 1443 τῶν
896 1392 1066 1457 ἁγίων
1126 1392 1386 1460 Πατέρων
1438 1391 1747 1460 ἀνατροπὰς
1797 1390 2198 1459 ἐγγράψασθαι.
2244 1421 2315 1431 -

736 1484 953 1551 Ταύτην
982 1483 1077 1552 τὴν
1134 1482 1316 1552 βίϐλον
1366 1483 1705 1549 ὁογματικὴν
1752 1482 2056 1534 πανοπλίαν
2089 1484 2117 1534 ὀ
2148 1485 2311 1536 αὺτο-

737 1578 959 1644 κρατωρ
999 1574 1304 1641 ὠνόμασεν.
1373 1573 1680 1641 Ζυγαδηνὸν
1743 1588 1872 1643 ergo
1920 1574 2083 1627 habet
2142 1575 2311 1628 editio

738 1666 1351 1730 Parisina,Allatiusex
1413 1664 1625 1729 codice,
1688 1681 1790 1719 nee
1859 1664 2311 1719 Montefalconius

736 1759 787 1808 in
812 1757 945 1810 bibl.
977 1755 1201 1809 Coislin.
1258 1771 1313 1823 p.
1370 1756 1473 1809 559
1508 1771 1573 1808 ex
1623 1770 1723 1809 suo
1778 1757 1967 1809 codice
2031 1758 2135 1810 hoc
2188 1755 2308 1809 loco

738 1850 951 1903 notavit
1004 1850 1334 1902 dissensum.
1392 1847 1647 1916 l’anoplia
1732 1847 2002 1918 Euthyniii
2067 1850 2303 1918 primum
2340 1825 2380 1878 Β

732 1942 876 1993 edita
937 1950 1019 1993 est
1075 1940 1266 1991 Latine
1293 1954 1353 1993 ex
1392 1942 1646 1994 versione
1669 1941 1813 1994 Petri
1876 1940 2153 1995 Francisci
2183 1940 2302 1995 Zini

735 2030 1059 2082 Veronensis
1120 2029 1306 2082 Venet.
1383 2031 1519 2085 1555
1578 2048 1607 2084 a
1656 2047 1763 2099 quo
1828 2032 1969 2086 haud
2018 2033 2183 2086 dubie
2240 2048 2304 2087 ex

731 2122 938 2175 codiCis
988 2121 1165 2174 indice
1236 2133 1458 2174 vocatur
1508 2123 1829 2193 Ligabenus.
1868 2125 2050 2179 Grzece
2074 2126 2306 2194 primum

730 2216 981 2284 apparuit
1032 2214 1349 2283 'l'ergobysti
1392 2216 1647 2283 l7l0qua
1702 2218 1940 2271 editione
1984 2218 2062 2271 usi
2116 2232 2307 2272 sumus

726 2311 981 2376 Mosqme.
1035 2302 1132 2360 llic
1188 2308 1489 2377 appellatur
1576 2309 1896 2378 Ζιγαδηνός.
1973 2310 2155 2363 Dicam
2238 2311 2305 2364 de

723 2402 1003 2456 codicibus
1034 2399 1446 2468 Mosquensibus
1491 2399 1653 2469 hujus
1684 2401 1980 2471 PanOplite.
2020 2403 2303 2471 Antiquis-

724 2500 898 2549 siinus
943 2506 1028 2549 est
1093 2494 1541 2547 membranaceus
1604 2508 1715 2547 sec.
1792 2510 1866 2547 xu
1958 2494 2305 2549 bibliotheca:

725 2584 1070 2655 typograpliei
1097 2582 1571 2653 synodalisin-fol.
1615 2599 1790 2645 num.,
1836 2582 1935 2646 10,
1968 2585 2058 2652 qui
2110 2586 2159 2638 in
2198 2586 2299 2639 hoc

724 2679 945 2729 nomine
971 2692 1077 2729 non
1109 2675 1292 2727 ditlert
1326 2674 1661 2749 ab’editione
1712 2673 2137 2745 Tergobystana.
2206 2676 2304 2730 Se-

721 2769 934 2823 cundus
964 2768 1211 2837 ejusdem
1264 2769 1606 2821 bibliothecae
1630 2767 1813 2825 in-fol.
1848 2784 1999 2821 num.
2038 2769 2123 2831 15,
2155 2770 2214 2823 B.
2246 2772 2298 2823 in

719 2863 907 2915 charta
942 2862 1261 2929 bombycum
1298 2861 1457 2913 habet
1483 2860 1801 2927 Ζιγαόηνός.
1838 2860 2054 2914 Tertius
2082 2863 2301 2915 charta-

719 2969 851 3009 ceus
878 2970 988 3007 see.
1018 2970 1105 3015 xv,
1148 2953 1491 3007 bibliotheca:
1509 2953 1864 3006 sanctissume
1891 2953 2081 3023 synodi
2111 2954 2162 3007 in
2201 2955 2294 3008 fol.

721 3064 873 3101 num.
906 3048 992 3110 50,
1021 3046 1289 3117 Zygadcm
1340 3045 1582 3099 exhibet.
1641 3046 1877 3109 Quartus
1943 3048 2188 3115 ejusdem
2221 3048 2300 3100 bi-

716 3140 1022 3199 bliothecae.
1056 3153 1164 3193 sec.
1213 3155 1319 3202 MV,
1353 3139 1405 3189 in
1432 3139 1615 3191 charta
1648 3139 1970 3207 bombycina
2000 3140 2053 3190 in
2077 3148 2292 3207 quarto,
2322 3163 2368 3225 Ο

716 3249 872 3287 num.
903 3234 1005 3288 569
1048 3234 1221 3301 primo
1243 3232 1372 3285 tolio
1399 3243 1568 3285 caret.
1608 3230 1715 3285 Etsi
1745 3231 1907 3301 igitur
1940 3232 2073 3285 satis
2097 3234 2295 3301 proba-

715 3330 825 3383 bile
879 3337 983 3388 cst,
1038 3326 1183 3380 hunc
1242 3325 1710 3379 Commentariun)
1774 3326 2036 3394 scriptum
2070 3344 2193 3382 esse
2227 3330 2295 3383 ab

716 3421 1050 3490 Euthymio:
1094 3428 1270 3471 tamen
1304 3418 1528 3471 dubium
1557 3428 1659 3481 εει,
1714 3429 1894 3473 utrum
1953 3419 2290 3491 Zygadcnus,

720 3526 787 3564 an
821 3512 1143 3584 Zzgaileuus,
1178 3526 1245 3563 an
1278 3509 1586 3578 Zigabenus
1609 3510 1784 3565 dictus
1842 3513 1933 3565 sit.
1987 3512 2289 3582 Plerisque,

713 3608 1050 3667 ntarbitror,
1096 3619 1159 3656 ex
1214 3604 1302 3656 his
1336 3617 1454 3670 qua:
1480 3603 1735 3667 diximus,
1773 3603 2091 3671 probabitur
2124 3603 2292 3675 Ζηθ-

709 3700 907 3760 denUs,
957 3696 1099 3764 qqu
1157 3694 1287 3746 mihi
1342 3695 1505 3747 etiam
1567 3694 1805 3756 interim,
1870 3695 2047 3747 donec
2109 3697 2293 3763 plures

708 3789 926 3840 codices
982 3787 1365 3857 consuluntur,
1430 3787 1627 3853 placet.
1695 3784 1763 3839 Ut
1820 3794 2001 3839 autem
2059 3785 2294 3841 lectores

707 3882 935 3945 scirent,
996 3894 1117 3949 quae
1187 3877 1393 3932 scholia
1457 3877 1513 3930 in
1573 3877 1914 3946 marginibus
1982 3878 2294 3947 legerentur

712 3976 1014 4027 "l‘lllClllUS
1050 3975 1101 4025 in
1133 3974 1405 4041 principio
1444 3985 1656 4035 eorum,
1691 3972 1745 4024 in
1793 3970 2044 4030 versione
2079 3972 2289 4033 Latina,

706 4076 1032 4133 ascripserat
1099 4066 1313 4131 signum
1403 4063 1607 4126 crucis,
1675 4062 1818 4130 quod
1898 4078 1997 4116 nos
2060 4065 2291 4116 retinui-

703 4173 846 4211 iuus.
908 4158 1038 4221 Qua:
1086 4156 1139 4208 in
1200 4154 1347 4209 nullo
1437 4170 1684 4209 meorum
1762 4156 2036 4225 leguntur,
2088 4158 2291 4228 duplici

701 4267 867 4305 cruce
925 4250 1132 4319 signavi
1178 4249 1233 4301 iu
1294 4258 1552 4301 contextu
1601 4248 1812 4302 Graeco.
1869 4250 2070 4303 Eodem
2131 4253 2290 4305 modo

702 4344 887 4398 notavi
946 4346 1108 4395 etiam
1170 4343 1221 4394 in
1276 4342 1530 4396 versione
1594 4340 1781 4395 Latina
1838 4357 1898 4396 ea
1969 4359 2089 4412 qua:
2145 4346 2288 4413 apud

698 4437 1032 4491 Hentenium
1069 4450 1179 4487 non
1246 4436 1617 4501 reperiuntur.
1658 4432 1769 4488 Etsi
1827 4435 2078 4489 llentenii
2118 4439 2289 4491 inter-

696 4530 957 4602 pretatio,
988 4544 1052 4581 ex
1096 4542 1203 4581 uno
1246 4528 1383 4580 libro
1419 4528 1622 4597 scripto
1656 4543 1933 4597 expressa,
1966 4530 2037 4583 ita
2094 4532 2145 4583 in
2176 4533 2287 4600 ple-
2324 4517 2365 4571 θ

694 4624 881 4692 risque
910 4620 1064 4682 locis,
1098 4628 1363 4687 quantum
1394 4619 1613 4687 quidem
1646 4618 1841 4688 linguae
1875 4622 2081 4688 patitur
2104 4621 2286 4674 diver-

695 4718 851 4775 sitas.
888 4715 1061 4768 liilelis
1093 4721 1198 4774 est,
1240 4711 1529 4765 utcodicis
1553 4711 1935 4765 auctoritatem
1985 4712 2037 4764 in
2081 4712 2284 4766 consti-

695 4808 904 4862 tuendo
953 4805 1233 4874 l-luthymii
1294 4811 1552 4857 contextu
1612 4803 1817 4856 habere
1846 4804 2040 4873 possit,
2096 4814 2279 4859 tamen

694 4898 1156 4954 occurruntloca.
1193 4896 1307 4948 sive
1342 4894 1680 4962 interpretis,
1737 4893 1852 4947 sive
1913 4894 2119 4949 codicis
2170 4912 2281 4965 quo

695 5004 825 5042 usus
848 4998 931 5041 est
949 4988 1127 5055 culpa,
1151 4985 1204 5038 in
1230 4984 1431 5054 quibus
1455 4982 1654 5051 aliquis
1696 4983 1866 5052 possit
1886 4985 2181 5039 oﬂendere.
2209 4986 2280 5040 Ea

690 5082 955 5148 deinceps
980 5079 1162 5131 notavi
1195 5088 1249 5131 et
1278 5092 1342 5131 ex
1378 5078 1514 5131 meis
1540 5076 1825 5130 codicibus
1874 5079 2107 5132 correxi.
2144 5079 2279 5133 lllud

688 5176 853 5228 etiam
914 5171 1247 5225 nmnendum
1312 5172 1462 5234 duxi,
1520 5170 1664 5239 quod
1727 5170 1780 5223 in
1812 5181 2042 5240 utroque
2069 5173 2278 5237 codice,

686 5269 815 5324 folio
838 5268 889 5329 5,
933 5268 984 5319 in
1031 5265 1220 5319 codice
1254 5262 1475 5333 quidem
1531 5278 1561 5313 a
1600 5261 1702 5315 sub
1759 5262 1991 5331 imagine
2016 5262 2283 5332 Chrysus-

684 5362 833 5424 turni,
878 5360 929 5413 in
961 5361 1008 5418 ὁ,
1038 5369 1159 5427 post
1190 5357 1401 5410 Iudices
1429 5355 1669 5424 capitum
1695 5363 1927 5422 quatuor
1949 5355 2274 5427 Evangelia-

684 5442 824 5515 runt,
862 5456 913 5505 bi
946 5468 1134 5506 versus
1169 5453 1446 5522 leguntur.

792 5547 1007 5598 Πολλῶν
1049 5548 1228 5596 πόνων
1262 5545 1456 5614 ἔρανος
1494 5543 1911 5614 ἡκριόωμένος·

788 5620 952 5671 ιζὺᾱὲν
984 5619 1257 5687 περιττὸν,
1293 5618 1447 5668 οὐδὲν
1480 5616 1666 5668 λεῖπον
1700 5616 1887 5669 ενθάδε
1911 5634 1922 5646 ⁸

2527 477 2604 528 Τὰ
2631 476 2806 546 πάντα
2835 476 2901 541 δ’,
2940 477 3014 540 ὡς
3047 476 3171 546 χρὴ,
3210 476 3302 529 καὶ
3334 475 3507 537 καλῶς
3542 474 3875 545 ἐσκεμμένα·

2528 545 2637 597 Καί
2666 562 2718 598 τι
2743 547 2914 615 πλέον
2935 545 3193 615 φέροντα,
3224 548 3498 613 τολμήσας
3526 546 3668 611 λέγω
3690 562 3701 573 ·

2525 615 2699 683 Χάρις
2732 614 2790 665 δὲ
2826 616 2973 666 πᾶσα
3006 614 3084 683 τῷ
3124 616 3273 684 σοφῷ
3300 614 3692 683 Χρυσοστόμῳ.

2425 724 2535 779 llos
2584 740 2775 780 versus
2826 724 3094 780 Macarius
3116 725 3609 795 Chrysocephalus,
3644 727 3877 793 scriptor
3905 740 3994 778 re-

2420 816 2658 879 centior,
2684 816 2757 869 ita
2787 817 2841 868 in
2873 832 3001 870 suos
3036 831 3167 869 usus
3215 818 3505 880 convertit,
3570 828 3627 870 ut
3685 827 3899 871 consmt
3927 831 3994 871 ex

2419 906 2671 972 Fabricii,
2705 905 2842 963 Bibl.
2872 909 2964 964 Gr.
3012 919 3051 963 t.
3086 909 3193 973 VII,
3228 926 3260 979 p
3309 910 3431 963 772.

2525 999 2744 1071 [Πολλῶν
2763 1001 3165 1071 πόνωνερανος
3196 999 3599 1070 ἠκριϐωμένος.

2524 1070 2810 1141 Ϊᾲᾲπάντα
2839 1071 2906 1131 δ’,
2935 1070 3009 1133 ὡς
3040 1073 3168 1139 χρὴ,
3202 1073 3295 1123 καὶ
3329 1071 3507 1132 καλῶς
3534 1071 3884 1141 ἐσκεμμένα,

2521 1136 2689 1191 Οὐδὲν
2721 1141 2997 1208 περιττὸν,
3025 1136 3153 1193 οὖλε
3184 1142 3367 1193 λεῖπον
3396 1142 3602 1207 ἐνθάδε,

2522 1210 2811 1277 Μακάριος
2838 1210 3044 1278 συνῆψε
3081 1208 3479 1279 φιλαδελφείας.

2416 1318 2591 1374 Credo
2622 1328 2826 1383 autem,
2879 1320 2965 1374 Jo.
3050 1322 3508 1391 CliristOphorum
3573 1320 3860 1387 Wolﬂum,
3933 1323 3991 1377 in

2417 1412 2609 1466 codice
2637 1411 2969 1466 Barocciano
2992 1412 3093 1468 hos
3116 1428 3303 1468 versus
3326 1415 3397 1467 ita
3425 1415 3659 1483 scriptos
3680 1417 3947 1485 reperisse
3976 1435 3988 1468 :

2520 1523 2737 1575 Πολλῶν
2758 1553 2827 1563 -
2850 1524 3238 1593 ἠκριβωμένος
3258 1542 3271 1555 ⁸
3306 1526 3473 1579 Οὐδὲν
3501 1558 3564 1567 -
3588 1528 3795 1579 ἐνθάδε.

2518 1594 2597 1645 Τὰ
2621 1595 2797 1646 πάντα
2843 1591 3293 1664 -ῒὰκέμμὲνιι,
3327 1598 3612 1666 Μακάριος
3645 1627 3709 1635 -
3737 1598 3989 1663 φιλαδελ-

3712 1667 3918 1738 [φείας.

2412 1776 2527 1847 Ipse
2572 1787 2778 1845 autem,
2838 1788 2899 1833 ut
2955 1778 3190 1844 videtur,
3277 1780 3523 1834 ordinem
3574 1784 3821 1835 mutavit.
3876 1781 3993 1837 Non

2413 1880 2592 1923 autem
2627 1871 2875 1926 mirabile
2904 1882 3006 1937 est,
3040 1872 3288 1926 Grazeuin
3317 1872 3594 1927 hominem
3628 1874 3765 1927 alius
3817 1877 3992 1928 versi-

2411 1962 2512 2016 bus
2545 1977 2642 2030 pro
2661 1964 2775 2017 suis
2799 1978 2956 2017 usum
2984 1980 3126 2019 esse.
3148 1965 3296 2030 Quos
3315 1966 3459 2019 enim
3480 1980 3579 2035 ego
3597 1982 3659 2019 ex
3686 1964 3989 2035 Mosquensi

2411 2054 2599 2107 codice
2663 2054 3084 2125 Evangeliorurn
3147 2074 3201 2120 a,
3269 2060 3335 2110 ail
3393 2056 3690 2126 Epistolam
3720 2057 3870 2111 Pauli
3925 2057 3992 2110 ad

2413 2146 2961 2215 Tliessalonicenscs,
3011 2165 3065 2219 p.
3107 2150 3233 2213 2M,
3290 2151 3704 2214 cdidi,eosdem
3762 2165 3826 2204 ex
3882 2150 3992 2205 alio

2410 2240 2595 2292 codice
2624 2240 2869 2293 ediderat
2902 2242 3011 2295 Leo
3048 2243 3297 2306 Albitius,
3347 2241 3414 2294 De
3462 2242 3608 2294 libri:
3647 2241 3795 2306 εει-1.,
3849 2241 3991 2311 apud

2410 2330 2645 2397 Fabrie.,
2678 2330 2819 2385 Bibl.
2852 2331 2946 2387 Gr.
2985 2336 3093 2388 vol.
3133 2332 3193 2397 \',
3226 2350 3278 2403 p.
3314 2335 3403 2398 28,
3436 2349 3560 2389 cum
3584 2336 3779 2403 exigua
3812 2334 3989 2389 varie-

2411 2436 2541 2479 tate.

2480 2519 2747 2583 Quoniam
2788 2530 2968 2573 autem
2997 2520 3248 2574 idoneam
3288 2518 3374 2573 hic
3397 2524 3543 2573 nacti
3575 2535 3769 2573 sumus
3828 2534 3990 2575 oeca-

2408 2611 2615 2666 sionctn
2650 2614 2717 2666 de
2757 2610 3049 2682 Euthymio
3107 2614 3430 2674 disserendi,
3456 2612 3632 2681 primo
3667 2613 3752 2666 hic
3781 2613 3990 2666 addidi-

2409 2720 2529 2757 mus
2556 2706 2939 2773 supplementa
2976 2707 3222 2773 quaedam
3258 2706 3324 2757 ad
3362 2704 3658 2757 editionem
3714 2702 3990 2773 Panoplia:

2408 2795 2867 2865 Tergobystanam
2904 2813 2916 2848 :
2946 2795 3147 2849 deinde
3174 2797 3474 2865 ailjeciinus
3506 2798 3667 2849 unius
3694 2797 3892 2850 Psalmi
3922 2813 3989 2852 ex

2404 2890 2561 2943 codd.
2589 2890 2797 2943 scholia
2828 2907 2840 2953 ;
2866 2905 2929 2942 ac
2961 2890 3195 2959 denique
3214 2892 3277 2944 de
3300 2892 3421 2942 aliis
3445 2891 3753 2960 Eulhymiis
3772 2890 3988 2944 monui-

2404 3000 2547 3047 mus,
2589 2999 2821 3054 quorum
2867 2984 2923 3037 tit
2963 2996 3167 3038 mentio
3196 2985 3248 3036 in
3310 2984 3593 3039 codicibus
3644 2983 3987 3053 Mosquensio

2407 3078 2527 3131 bus.

2472 3272 2869 3341 (Supplementa
2902 3270 2971 3322 ad
3003 3270 3279 3322 editionem
3319 3264 3588 3336 l’anoplza:
3646 3268 3745 3335 ipsi
3805 3267 3984 3324 Pano-

2401 3368 2519 3436 plice
2549 3365 2897 3434 praemisimus
2944 3380 3059 3414 cum
3114 3362 3405 3413 recensione
3436 3361 3665 3411 codiium
3697 3358 3982 3427 Mosquen-

2399 3460 2530 3510 tium
2560 3474 2577 3519 ;
2611 3455 2806 3508 scholia
2867 3454 3024 3505 etiam
3055 3454 3123 3504 ad
3152 3453 3415 3520 psalmum
3478 3466 3560 3502 CIX
3588 3452 3744 3517 hujus
3786 3451 3976 3515 psalmi

2401 3551 2561 3603 tuitui
2584 3549 2919 3616 subjecimus.
2955 3547 3043 3599 ιιξυτ
3056 3564 3103 3597 τ.
3141 3546 3240 3597 PM
3256 3549 3330 3608 ει.)

2474 3760 2547 3813 De
2578 3760 2700 3813 aliis
2763 3758 3081 3827 Euthymiis,
3120 3773 3348 3823 quorum
3383 3756 3441 3823 ﬁt
3492 3756 3686 3808 mentio
3740 3757 3793 3807 in
3838 3756 3981 3807 codi-

2897 3830 3041 3882 cibus
3071 3831 3114 3880 Μ
3128 3832 3488 3896 osqueusibus.

2469 3929 2519 3995 a)
2592 3926 2914 3995 Euthymius
2968 3924 3271 3977 monachus
3325 3922 3392 3976 de
3467 3920 3711 3990 apostolo
3771 3918 3979 3973 Thoma

2398 4022 2634 4089 scripsit.
2664 4018 2718 4071 In
2751 4017 2941 4070 codice
2974 4015 3107 4068 bibl.
3141 4018 3197 4067 ὃ.
3238 4012 3296 4066 S.
3330 4029 3485 4066 num.
3523 4012 3591 4066 26
3626 4011 3804 4064 in-iol.
3839 4029 3853 4075 ;
3887 4012 3975 4078 qui

2398 4123 2479 4168 est
2512 4112 2965 4163 metubrauceus
2992 4124 3081 4160 see
3116 4124 3169 4167 κ,
3196 4115 3291 4159 aut
3316 4121 3390 4169 XI,
3454 4104 3583 4157 folio
3612 4101 3699 4166 6-5,
3736 4104 3807 4157 ita
3845 4104 3979 4173 legi-

2399 4216 2523 4259 tur:
2551 4202 2828 4270 Εὐθυμιου
2866 4200 2960 4253 τοῦ
3002 4198 3265 4251 ταπεινοῦ
3293 4197 3529 4267 μονσχοῦ
3577 4196 3854 4266 ἐγκώμιον
3901 4200 3981 4258 εις

2393 4302 2483 4352 τὸν
2506 4299 2659 4364 ἅγιον
2691 4296 2895 4363 θωμᾶν
2942 4294 3034 4346 τὸν
3078 4293 3375 4345 ἀπόστολον
3404 4307 3419 4323 ο
3457 4292 3669 4361 incipit,
3713 4290 3777 4342 Ἦ
3828 4290 3980 4362 πηγὴ

2393 4393 2489 4458 τῆς
2532 4388 2745 4453 σοφίας.
2774 4386 3005 4439 Additur
3057 4396 3341 4454 praeterea,
3381 4385 3512 4453 μηνὶ
3542 4385 3878 4453 ’οκτω6ρίῳ.
3901 4381 3974 4447 ς’.

2468 4483 2521 4550 b)
2560 4480 2880 4550 Euthymius
2911 4480 3096 4533 abbas.
3141 4479 3195 4532 In
3234 4479 3419 4531 codice
3452 4478 3694 4547 ejusdem
3733 4480 3861 4532 bibl.
3893 4479 3977 4531 in-

2400 4576 2491 4630 l’ol.
2521 4592 2673 4629 num.
2704 4576 2766 4629 tl
2800 4575 2995 4645 quiest
3028 4574 3481 4627 membranaccus
3509 4587 3619 4626 sec.
3658 4588 3731 4637 ιι,
3777 4580 3870 4626 aut
3920 4588 3975 4637 ι,

2397 4673 2468 4724 ita
2503 4670 2701 4739 reperi.

2465 4765 2615 4819 Folio
2639 4764 2724 4817 '59.
2754 4764 3028 4830 Πρόλογος
3058 4761 3152 4815 τοῦ
3185 4762 3253 4831 (δ)
3292 4762 3346 4813 ἐν
3376 4761 3546 4828 ἁγίοις
3579 4761 3791 4830 Πατρὸς
3816 4762 3975 4830 ἡμῶν

2394 4859 2697 4928 Εὑθυμίου.
2731 4859 2896 4912 Index
2939 4866 3023 4911 est
3074 4874 3088 4911 :
3142 4854 3231 4925 Τῷ
3278 4856 3599 4925 τιμιωτάτῳ
3634 4856 3726 4906 καὶ
3759 4854 3975 4922 dirui-3;

2390 4956 2633 5023 ἑναρέτῳ
2662 4954 2836 5023 [Ιαιτρὶ⁵
2867 4950 3225 5021 πνευματικῴ
3251 4951 3397 5021 ἁϐὗᾴ
3427 4951 3705 5020 Γεωργὶῳ,
3732 4948 3973 5021 πρεσϐυ-

2390 5050 2533 5118 τέρῳ
2580 5049 2674 5100 καὶ
2713 5048 3024 5117 ἡγουμένῳ,
3060 5046 3373 5118 θεαρέστως
3426 5045 3755 5115 ἡσυχάζοντι
3804 5044 3863 5095 ὲν
3894 5045 3974 5112 τῷ

2392 5145 2534 5195 κατὰ
2556 5139 2886 5194 Σκυθόπολιν
2908 5144 3079 5211 τόπῳ,
3107 5140 3431 5210 καλουμένῳ
3454 5140 3674 5195 Basili.
3705 5139 3972 5209 Κύριλλος

2388 5235 2784 5305 πρεσῦύτερος,
2839 5238 2896 5289 ὲν
2947 5236 3137 5305 Κυρῖῳ
3193 5235 3426 5304 χαίρειν.
3475 5232 3696 5287 Initium
3732 5251 3744 5287 :
3783 5234 3971 5297 ιιίστις

2385 5330 2760 5401 προηγείσθω.

2458 5424 2608 5479 Folio
2628 5426 2713 5478 40.
2736 5424 2856 5487 Βίος
2874 5425 2970 5477 τοῦ
2990 5428 3044 5478 ἐν
3066 5426 3239 5493 ἁγίοις
3261 5428 3475 5495 Πατρὸς
3495 5426 3651 5496 ἡμῶν
3670 5425 3969 5494 Εᾷθυμέου.

2373 5521 2636 5577 Initium:
2680 5521 2738 5575 Ὀ
2782 5523 3079 5592 μονογενὴς
3136 5522 3282 5585 Υἱός.
3354 5522 3478 5577 Ιίιερ
3520 5523 3635 5574 Vita
3671 5521 3839 5574 divisa
3888 5532 3969 5575 est

2376 5620 2427 5668 in
2467 5616 2671 5686 capita.
2720 5616 2827 5669 Sed
2890 5616 2941 5669 in
2994 5617 3096 5673 hoc
3151 5620 3341 5673 codice
3386 5629 3469 5671 est
3518 5618 3731 5671 mutila.
3772 5615 3967 5670 Deﬁcit

752 5764 819 5829 (ε)
856 5757 953 5812 llic
1009 5759 1263 5827 prolegus
1320 5776 1425 5814 non
1477 5762 1711 5827 Scriptus
1775 5770 1857 5813 est
1907 5760 1974 5815 ab
2023 5758 2334 5833 Eutbymio,
2375 5760 2469 5815 sed
2512 5760 2581 5815 ab
2637 5760 2859 5831 Cyrillo,
2906 5773 2963 5817 ut
3014 5779 3135 5817 mox
3202 5764 3523 5833 apparebit,
3586 5763 3637 5814 in
3696 5762 3961 5815 honoren

680 5834 971 5903 Luttiymu,
1010 5832 1311 5900 legiturque
1344 5844 1465 5887 ante
1494 5834 1611 5904 ejus
1647 5833 1841 5888 Viam.
