4426 6438
373 391 446 453 33
1825 386 2242 448 ΡΗΑΞΡΛΤΙΟ.
3605 387 3680 449 34

377 500 600 564 asserit,
641 500 787 557 nulla
819 500 941 554 Filii
975 499 1115 553 facta
1152 498 1432 555 mentione
1460 495 1552 568 (ε).
1588 496 1816 567 Reliqua
1848 515 1970 567 qua:
2006 508 2048 565 Α
2080 508 2172 553 net
2202 513 2229 551 s
2264 496 2545 551 nonnullis
2587 494 2884 566 Euthymio
2924 494 3219 562 ascriptatn
3245 535 3257 557 ,
3290 494 3449 551 Rich.
3487 496 3679 554 Simon

374 594 652 653 Euthvmii
688 594 907 646 nomine
939 592 1191 646 feruntur
1232 594 1434 660 scripta
1455 632 1469 653 ,
1510 591 1757 644 nondum
1790 591 1931 644 eilita
1954 632 1969 655 ,

376 701 506 737 num
540 687 610 739 ab
632 702 696 737 eo
721 685 961 753 profecta
987 685 1119 746 sint,
1150 685 1491 754 exploratum
1524 698 1632 735 non
1676 682 1965 737 habemus.

379 776 541 829 Certe
559 777 705 846 quod
740 776 808 829 ad
842 775 1250 845 Espositionem
1276 773 1633 844 epistolarum
1665 773 1811 827 Pauli
1848 773 1972 826 atti-

454 926 520 995 (ρ)
551 926 629 980 lta
658 926 722 980 ad
748 924 905 979 Joan.
943 942 1054 989 xiv,
1094 926 1175 980 l0.
1201 924 1264 977 Et
1290 924 1451 995 datur
1478 922 1756 995 quidema
1785 919 1966 995 Patre,

382 992 572 1063 utptite
601 998 667 1050 ab
688 1000 779 1049 ilzo
802 999 1126 1065 procedens,
1161 994 1401 1048 mittitur
1436 1010 1566 1065 vero
1587 1010 1615 1046 ιι
1642 992 1780 1046 Filio
1811 993 1968 1065 quasi

379 1082 705 1136 coeperaus,
741 1064 937 1121 etnon
970 1077 1299 1119 contrarius.
1330 1064 1597 1118 Similiter
1629 1081 1675 1136 cp.
1697 1080 1799 1136 av,
1828 1064 1917 1115 ‘26.
1955 1080 1965 1114 :

385 1134 518 1191 Vide
546 1140 917 1207 autem,.quod
947 1137 1115 1190 mittit
1140 1136 1360 1206 quidem
1388 1151 1515 1190 eum
1550 1145 1604 1189 et
1629 1134 1821 1199 Filius,
1857 1144 1974 1188 tan-

2082 587 2218 642 Bibl.
2253 589 2376 642 crit.
2400 587 2469 641 de
2498 588 2575 641 Du
2598 578 2715 639 'l‘in
2750 588 2783 639 Ι.
2814 602 2861 641 c.
2890 602 3013 656 pag.
3041 586 3167 643 5&5.
3208 602 3302 641 eos
3328 588 3682 661 Euthymium

2081 694 2205 733 cum
2240 678 2583 734 (Ecumenio
2613 688 2983 732 commutasse
3014 679 3246 747 judicat.

2078 937 2239 990 quam
2274 921 2522 989 ejusdem
2556 934 2679 973 cum
2712 917 2871 972 Patre
2902 916 3159 990 honoris;
3204 932 3395 971 verum
3426 911 3475 971 id
3497 936 3546 990 ‘a
3579 916 3687 971 Pa-

2082 986 2163 1045 tre.
2220 986 2372 1060 puta,
2430 990 2837 1055 procedentem.
2890 988 3163 1060 Procedit;
3190 992 3373 1057 itaque
3425 1006 3454 1042 a
3497 986 3680 1060 Patre,

2084 1056 2349 1185 tangitan
2412 1062 2478 1115 de
2536 1064 2656 1131 ejus
2721 1060 3055 1115 substantia.
3120 1056 3372 1113 Noesselt
3427 1064 3480 1114 in
3528 1058 3687 1114 Notis

2081 1138 2150 1185 ad
2221 1171 2236 1185 .
2297 1172 2311 1185 .

867 1526 1387 1619 JOANNIS
1502 1524 2117 1613 HENTENII
2236 1525 3205 1615 MECHLINIENSIS

1514 1721 1890 1783 EPISTULA
1957 1716 2545 1781 DEDICATORIA.

450 2073 825 2131 Illustrissiiuo
854 2087 918 2125 ac
950 2070 1410 2125 reverendissimo
1454 2070 1677 2125 domino
1713 2070 1772 2123 D.
1810 2067 1947 2121 Fian
2010 2074 2057 2135 Β
2092 2072 2313 2125 homins
2344 2073 2557 2131 consul,
2588 2073 2680 2140 qui
2708 2071 3125 2139 ignominiosam
3158 2088 3345 2141 pacem
3374 2090 3495 2131 cum
3529 2071 3690 2127 Ciau~

374 2170 526 2225 ciseo
584 2184 613 2221 a
674 2166 947 2219 Bovathlla
1028 2166 1285 2235 episeopo
1356 2165 1661 2226 Cauriensi,
1697 2164 1963 2217 archidia-

374 2275 520 2314 couo
586 2257 869 2321 Toletani),
924 2266 1026 2310 etc.
1066 2257 1308 2311 Joannes
1362 2256 1667 2311 llcntcnius
1745 2255 1970 2310 Mechli-

373 2352 608 2414 niensis,
638 2349 694 2404 S.
728 2348 788 2403 ι).

450 2445 507 2499 Si
539 2448 738 2498 bonurn
764 2458 829 2497 eo
857 2445 1205 2510 pra‘stantius
1228 2459 1348 2499 esse
1372 2452 1575 2514 quanto
1602 2446 1968 2507 communitis,

376 2550 543 2589 nemo
573 2545 658 2588 est
682 2536 765 2589 vel
790 2536 995 2587 medim
1009 2536 1141 2589 riter
1158 2538 1347 2589 morali
1370 2536 1712 2604 philosophia
1739 2539 1973 2590 instruc-

376 2638 467 2683 tus
490 2629 580 2697 qui
604 2628 836 2694 dubitet,
861 2632 1056 2698 praesul
1078 2629 1437 2699 amplissime,
1461 2630 1721 2684 virtutum
1748 2648 1811 2687 ac
1834 2630 1975 2686 litte-

378 2738 562 2775 rarum
596 2722 832 2775 antistes
870 2742 880 2774 :
920 2738 1031 2775 non
1058 2725 1165 2775 erit
1194 2726 1359 2776 etiam
1416 2724 1507 2793 qui
1540 2727 1799 2796 ambigat,
1822 2743 1971 2780 com-

378 2833 545 2869 mune
570 2816 773 2869 bonum
801 2816 1013 2884 privato
1032 2832 1152 2870 esse
1176 2820 1623 2887 praponcmlunt.
1648 2818 1810 2888 quue
1839 2822 1974 2873 adeo

376 2926 565 2961 verum
614 2922 719 2972 eat,
754 2919 811 2961 ut
864 2912 1029 2961 etiam
1068 2909 1314 2963 Christus
1358 2914 1787 2965 sacratissimum
1830 2914 1973 2966 illam

375 3006 543 3057 vitam
594 3019 749 3057 suam
794 3003 953 3057 vilem
1012 3004 1285 3069 habuerit,
1317 3020 1425 3073 quo
1476 3006 1735 3059 universo
1787 3022 1971 3075 generi

377 3102 616 3155 humano
639 3102 1056 3167 salusadempta
1077 3102 1245 3167 possit
1264 3099 1497 3154 restitui.
1518 3097 1718 3152 Verum
1742 3114 1811 3153 ne
1836 3099 1978 3154 dicat

376 3197 645 3267 quispiam
682 3197 886 3251 Christi
921 3213 1108 3267 opera,
1142 3207 1334 3267 utpote
1382 3195 1594 3260 divina,
1626 3210 1976 3265 nequaquam

375 3289 431 3343 in
476 3303 765 3343 numerum
820 3304 944 3343 esse
998 3289 1295 3360 redigenda
1333 3306 1345 3341 :
1383 3305 1480 3359 age
1528 3298 1584 3343 et
1631 3288 1698 3342 ab
1742 3288 1979 3342 ethniais

374 3396 596 3451 quoque
646 3396 849 3450 paucos
880 3381 948 3435 de
985 3381 1299 3435 innumeris
1342 3384 1669 3447 referamus,
1694 3384 1785 3449 qui
1822 3396 1976 3433 suam

2076 2166 2166 2219 dio
2199 2163 2395 2217 Pontio
2442 2164 2767 2218 Samnitium
2803 2167 2939 2217 duce
2972 2168 3035 2217 ad
3072 2166 3253 2219 luteas
3291 2167 3567 2219 Caudinas
3598 2184 3694 2234 pe~

2080 2261 2361 2327 pigeratae
2386 2264 2981 2327 spoponderat,auctor
3011 2259 3108 2311 fuit
3137 2260 3377 2319 senatui,
3399 2274 3455 2313 ut
3483 2276 3537 2313 se
3569 2277 3694 2314 eum

2077 2353 2279 2421 colli-gn
2305 2368 2367 2403 ac
2406 2352 2640 2404 tribunis
2674 2354 2763 2420 qui
2802 2364 3061 2406 auctores
3093 2354 3409 2419 sponsionis
3447 2354 3691 2415 lui-rant,

2077 2459 2173 2512 per
2208 2444 2449 2497 l'wciales
2503 2448 2678 2497 nudos
2718 2445 3039 2513 \inctosque
3076 2444 3420 2497 Samnitibus
3454 2448 3699 2505 dederet,

2078 2553 2186 2604 quo
2220 2538 2454 2606 populus
2491 2536 2765 2591 [inmanius
2803 2540 2869 2591 ab
2905 2538 2991 2590 illa
3036 2554 3167 2607 pace
3220 2541 3546 2593 solveretur.

2150 2632 2214 2693 ρ.
2267 2631 2514 2687 Ccditius
2575 2632 2830 2684 tribunus
2910 2632 3170 2692 militum,
3243 2650 3407 2701 quem
3484 2636 3703 2688 videtur

2081 2722 2237 2777 Titus
2294 2722 2478 2777 Livius
2508 2725 2905 2793 Calphurnium
2937 2725 3238 2779 Flammam
3272 2742 3490 2783 toeare.
3522 2728 3703 2793 primo

2082 2818 2221 2872 bello
2259 2817 2467 2872 Punico
2516 2835 2638 2873 cum
2702 2821 3118 2890 quadringentis
3172 2822 3464 2885 militibus,
3494 2820 3603 2881 vel,
3638 2827 3700 2875 ut

2084 2912 2248 2963 habet
2285 2912 2489 2973 Livius,
2527 2928 2653 2965 cum
2688 2914 2971 2975 trecentis,
3006 2914 3108 2967 nisi
3148 2914 3397 2967 fortassis
3431 2914 3518 2968 hic
3564 2917 3704 2968 alius

2084 3004 2264 3066 fuerit,
2302 3006 2461 3057 morti
2525 3021 2581 3058 se
2636 3007 2857 3060 tradidit
2895 3017 2995 3060 :ut
3027 3006 3155 3059 dum
3193 3010 3246 3060 in
3282 3024 3398 3070 eos,
3431 3009 3703 3060 tumulum

2088 3097 2385 3163 quemdam
2461 3098 2763 3167 capientes,
2830 3111 3210 3153 averterentur
3275 3102 3460 3155 hostes
3532 3102 3707 3168 legio-

2084 3206 2182 3241 lll'S
2232 3205 2356 3242 cum
2415 3191 2735 3246 consulibus
2792 3203 3201 3257 (ιιτςιιιηγριιιω,
3251 3195 3554 3249 incolumes
3637 3210 3704 3247 ex

2097 3284 2388 3337 obsidione
2468 3285 3405 3355 liberatae,pertransircnt.Simile
3485 3302 3707 3355 quoque

2090 3378 2198 3447 egit
2224 3376 2421 3432 Decius
2452 3381 2705 3434 tribunus
2732 3381 2969 3433 mili-tum
2996 3396 3119 3433 eum
3145 3385 3371 3434 consule
3398 3382 3451 3434 Ρ,
3488 3380 3705 3436 Valerio

376 3490 713 3545 suorumque
750 3475 916 3528 vitam
943 3476 1221 3528 communi
1250 3475 1394 3529 bono
1430 3475 1892 3545 posthabuerunt.
1925 3474 1979 3527 In
2012 3439 2055 3497 Ο
2090 3467 2349 3528 Corvino,
2378 3470 2601 3537 junctus
2658 3471 2889 3523 hastatis
2919 3473 3081 3525 unius
3103 3472 3333 3539 legionis
3370 3481 3705 3542 lqhanqttam

377 3572 572 3641 primis
592 3580 775 3623 autem
800 3571 1040 3623 occurrit
1059 3567 1261 3621 Junius
1282 3569 1370 3622 ille
1398 3567 1615 3631 Brutus,
1641 3570 1850 3637 primus
1869 3567 1982 3622 Ro-

378 3680 556 3717 mana:
590 3662 859 3716 libertatis
913 3672 1179 3725 assertor,
1208 3662 1299 3729 qui
1364 3662 1616 3731 proprios
1654 3663 1813 3722 filios,
1838 3665 1981 3731 quod

382 3757 623 3812 fuissent
668 3756 881 3811 consilii
932 3756 998 3809 de
1048 3755 1375 3811 reducendis
1419 3755 1633 3826 regibus
1668 3756 1981 3826 participes,

383 3850 569 3905 securi
598 3850 769 3919 jussit
823 3848 1037 3919 percuti
1071 3866 1081 3901 :
1112 3848 1326 3903 tametsi
1349 3864 1414 3901 ex
1442 3863 1631 3902 eorum
1661 3848 1807 3903 caede
1833 3851 1983 3919 gravi

377 3944 497 4014 ipse
534 3945 875 3997 sauciaretur
913 3942 1139 3996 vulnere
1172 3957 1186 4006 ;
1217 3942 1340 4010 quis
1373 3941 1518 3995 enim
1562 3956 1715 3995 amor
1778 3941 1984 4011 aequari

377 4038 554 4110 possit
584 4048 799 4108 patrum
834 4051 962 4108 erga
1000 4036 1141 4090 tilios
1175 4036 1390 4090 amori?
1420 4036 1531 4091 Nec
1565 4038 1614 4091 id
1637 4052 1769 4091 sane
1800 4036 1983 4109 Virgi-

374 4134 514 4187 lium
556 4133 736 4194 latuit,
768 4131 863 4202 qui
895 4132 962 4186 de
991 4146 1058 4185 eo
1100 4130 1341 4201 loquitur
1378 4134 1432 4186 in
1468 4132 1618 4185 hunc
1648 4132 1873 4187 modum
1910 4149 1924 4187 :

379 4224 467 4279 Vis
502 4234 551 4279 et
588 4225 925 4293 Tarquinios,
953 4238 1097 4291 reges
1130 4224 1471 4291 animamque
1504 4222 1787 4289 superbam

384 4296 583 4351 Ultoris
620 4294 799 4357 Bruti,
826 4296 1096 4364 fascesque
1130 4295 1307 4346 videre
1339 4294 1615 4361 receptos?

380 4366 631 4422 Consulis
662 4368 945 4432 imperium
977 4369 1061 4417 hic
1087 4367 1291 4431 primus
1314 4380 1587 4434 saevasque
1617 4381 1825 4421 secures

379 4440 617 4506 Accipiet
645 4454 663 4490 :
693 4448 949 4505 natosque
979 4449 1133 4503 pater
1160 4452 1292 4488 nova
1321 4436 1456 4489 bella
1486 4447 1746 4491 moventes

379 4512 464 4563 Ad
502 4525 711 4577 partam
740 4510 962 4577 pulchra
998 4524 1095 4574 pro
1125 4508 1366 4560 libertate
1397 4510 1602 4561 vocabit

380 4580 604 4652 Infelix,
631 4590 895 4648 utcunque
922 4579 1088 4652 {erant
1122 4595 1182 4652 ea
1216 4579 1359 4649 facta
1395 4591 1602 4645 nepotes
1623 4596 1642 4635 .'

391 4652 571 4707 Vincet
601 4668 753 4705 amor
781 4652 999 4717 patrita,
1024 4651 1353 4721 laudumque
1387 4652 1648 4706 immensa
1676 4651 1882 4722 cupido.

456 4764 520 4820 P.
544 4765 741 4821 Decius
786 4762 905 4820 Ilus
936 4779 1060 4819 cum
1106 4765 1334 4821 consule
1369 4763 1436 4819 T.
1466 4764 1668 4821 Manlio
1704 4765 1983 4838 Torquato

384 4871 577 4916 contra
611 4859 838 4914 Latinos
869 4875 1140 4931 pugnans,
1168 4875 1291 4916 cum
1316 4875 1645 4930 responsum
1680 4870 1826 4917 esset
1859 4878 1983 4916 ora-

385 4955 533 5022 culo,
570 4954 745 5009 utriUs
772 4963 1048 5007 exemtus
1082 4954 1381 5024 imperator
1429 4956 1669 5026 legiones
1719 4956 1983 5022 hostium,

386 5064 557 5121 seque
604 5064 774 5119 super
818 5063 913 5103 eas
948 5048 1282 5113 devovisset,
1308 5050 1428 5120 ejus
1475 5049 1666 5119 pepuli
1703 5052 1985 5121 partisque

386 5147 505 5203 fore
540 5145 823 5200 victoriam
860 5165 871 5198 :
904 5160 961 5200 se
996 5145 1175 5215 ipsum
1226 5160 1327 5215 pro
1377 5147 1659 5201 commuui
1710 5149 1987 5204 exercitus

385 5240 562 5295 salute
601 5238 844 5293 devovit.

462 5334 722 5403 Idemque
757 5331 885 5387 fecit
914 5330 1057 5387 filius
1086 5333 1205 5403 ejus
1235 5332 1429 5387 eodem
1463 5334 1769 5405 appellatus
1804 5336 1986 5390 nomi-

385 5446 483 5492 ne,
509 5444 634 5483 cum
661 5429 771 5497 jam
809 5428 1027 5481 tertium
1071 5429 1261 5481 consul
1303 5428 1519 5490 fuisset.
1548 5429 1828 5500 semelque
1856 5445 1988 5485 cen-

388 5541 482 5579 sor
516 5545 528 5579 :
562 5539 796 5595 quorum
829 5525 993 5577 etiam
1026 5524 1109 5577 his
1141 5524 1320 5578 verbis
1349 5533 1511 5594 poeta
1546 5526 1798 5579 meminit
1839 5543 1852 5580 ε

387 5620 522 5686 Quin
560 5620 743 5673 Decios
780 5618 1078 5688 Drusosq-ie
1110 5620 1291 5677 simul.
1322 5638 1619 5689 sa‘vumquc
1655 5622 1827 5674 securi

390 5694 575 5759 Aspice
610 5690 940 5763 Torquatum
976 5702 1021 5743 et
1067 5693 1376 5763 referentem
1411 5697 1565 5763 signa
1596 5693 1911 5748 Camillum.

462 5806 675 5861 Marcus
716 5806 939 5861 Curtius
970 5817 1232 5878 praetcrea
1268 5808 1337 5863 ob
1377 5808 1558 5880 pOpuli
1594 5811 1824 5866 salutem
1868 5826 1988 5867 sese

386 5914 528 5967 equo
590 5899 866 5955 invectum
904 5900 955 5953 in
1008 5910 1164 5955 terra:
1208 5901 1419 5956 hiatum
1453 5903 1665 5975 injecit.
1705 5905 1801 5976 Sp.
1830 5903 1987 5961 Post-

2092 3562 2189 3615 l~os
2236 3561 2451 3615 fortuna
2494 3563 2827 3629 liberaverit)
2860 3580 2927 3617 ne
2966 3565 3150 3618 hostes
3186 3563 3490 3619 Samnites‘
3516 3570 3565 3618 in
3610 3582 3706 3620 eos

2090 3663 2417 3725 pugnarent.
2466 3654 2610 3709 Inter
2658 3655 3107 3711 Ιιςιρράκιιιοιιὶοε
3158 3658 3351 3729 ingens
3402 3670 3485 3713 est
3539 3661 3707 3729 hujus

2091 3748 2237 3801 modi
2302 3748 2457 3818 copia
2515 3750 2894 3818 exemplorum
2953 3766 3197 3804 :vcrurn
3257 3752 3513 3821 praicipui
3583 3767 3705 3806 sese

2090 3842 2226 3895 mihi
2264 3842 2506 3895 oll'erunt
2541 3841 2700 3897 Buris
2730 3853 2781 3897 et
2819 3842 3056 3913 Spartis,
3089 3847 3182 3914 qui
3211 3848 3275 3899 ad
3318 3845 3534 3899 Xerxen
3574 3845 3707 3915 l'er-

2093 3949 2278 3988 sarum
2307 3949 2489 4005 regem
2509 3945 2704 4003 sponte
2727 3934 2953 4006 profecti
2977 3947 3102 3989 sunt
3127 3936 3333 3989 :daturi
3364 3952 3554 4004 pinnas
3571 3951 3707 4004 quas

2094 4026 2499 4082 Lacedaemonii
2524 4028 2681 4098 juxta
2728 4029 3011 4084 oraculum
3047 4032 3289 4100 pendere
3328 4030 3711 4094 debebant,eo

2089 4124 2235 4193 quod
2270 4122 2534 4177 Oratores
2573 4139 2601 4177 a
2636 4122 2798 4178 Persa
2834 4124 3032 4179 missos
3085 4126 3440 4179 occidissent.
3472 4124 3536 4178 lli
3576 4140 3709 4196 ergo

2096 4229 2221 4269 cum
2256 4214 2322 4267 ad
2354 4213 2571 4267 Xerxen
2616 4215 2920 4282 venissent,
2953 4216 3242 4283 jusserunt
3276 4226 3335 4269 ut
3365 4232 3422 4270 se
3452 4232 3709 4285 quocun-

2090 4322 2197 4376 que
2236 4306 2401 4361 modo
2438 4307 2741 4373 videretur,
2777 4322 2877 4377 pro
2938 4306 3373 4362 Lacedremonits
3430 4308 3708 4364 interﬁce.

2091 4409 2193 4454 ret.
2251 4399 2501 4469 Cumque
2534 4404 2923 4471 rex-pietatem
2981 4403 3033 4455 in
3088 4402 3320 4469 patriam
3379 4404 3707 4469 admiratus,

2092 4493 2517 4563 animorumque
2544 4493 2949 4559 fortitudinem,
2970 4495 3259 4550 liberasset
3294 4495 3415 4550 illos
3442 4514 3469 4550 a
3520 4513 3704 4566 pmna,

2090 4598 2412 4658 peteretque
2462 4599 2523 4645 ut
2558 4590 2705 4661 apud
2747 4606 2805 4645 se
2855 4602 3145 4646 manerent
3180 4594 3319 4659 ιι)ιή
3390 4609 3707 4661 possumus,

2104 4681 2382 4749 inquiunt,
2417 4683 2506 4739 hic
2538 4686 2744 4747 vivere,
2778 4683 2968 4740 relicta
3007 4687 3204 4756 patria,
3240 4688 3547 4756 patriisque
3576 4687 3710 4759 legi-

2095 4775 2198 4830 bus
2226 4791 2289 4830 ac
2310 4776 2459 4839 viris,
2494 4792 2729 4846 quorum
2760 4779 2931 4851 gratia
2958 4790 3172 4834 tantum
3204 4783 3307 4836 iter
3361 4785 3711 4851 suscepimus

2096 4868 2349 4923 morituri
2379 4869 2401 4921 ?
2436 4867 2580 4935 Quid
2624 4872 2787 4925 Codri
2824 4874 3248 4928 Atheniensium
3284 4876 3428 4941 regis
3475 4886 3708 4928 mortem

2095 4964 2356 5027 referam,
2390 4966 2483 5034 qui
2548 4980 2673 5019 cum
2731 4968 2943 5021 videret
3008 4970 3289 5040 regionem
3348 4986 3504 5024 suam
3566 4974 3713 5025 lerro

2096 5058 2327 5131 ignique
2362 5060 2591 5124 vastari,
2627 5076 2729 5115 nec
2764 5061 2874 5118 alio
2907 5064 3069 5117 modo
3095 5065 3251 5135 juxta
3284 5066 3553 5135 Apollinis
3585 5083 3711 5123 ora~

2102 5155 2297 5210 culum
2333 5166 2441 5210 tam
2476 5172 2640 5227 grave
2684 5158 2888 5213 bellum
2944 5159 3145 5214 discuti
3199 5170 3408 5231 posset,
3444 5164 3545 5215 nisi
3596 5164 3712 5233 ipse

2094 5249 2340 5305 hostium
2370 5266 2537 5305 manu
2570 5251 2887 5313 occidisset,
2915 5253 3078 5322 idque
3105 5270 3212 5309 non
3248 5256 3429 5309 solum
3492 5256 3545 5309 in
3583 5258 3713 5310 totis

2102 5343 2533 5399 Atheniensium
2580 5346 2798 5411 castris,
2827 5347 2924 5402 sed
2962 5348 3127 5403 etiam
3168 5349 3223 5402 in
3260 5352 3557 5404 contrariis
3587 5366 3717 5427 per-

2093 5440 2424 5505 crebuisset,
2456 5439 2693 5511 ideoque
2754 5440 2998 5497 edictum
3052 5454 3221 5506 esset,
3252 5459 3322 5497 ne
3369 5446 3494 5514 quis
3544 5444 3711 5499 Codri

2101 5549 2308 5603 corpus
2364 5534 2708 5599 vulneraret,
2777 5535 3042 5604 depositis
3096 5537 3310 5608 imperii
3378 5539 3710 5605 insignibus,

2103 5626 2433 5682 familiarem
2467 5628 2644 5683 induit
2672 5630 2904 5693 cultum,
2936 5645 2999 5685 ac
3032 5630 3337 5701 palantium
3380 5631 3543 5702 globo
3589 5618 3714 5685 Sese

2098 5720 2322 5789 objecit,
2355 5738 2637 5792 unumque
2694 5740 2762 5777 ex
2812 5724 2899 5779 his
2947 5724 3085 5779 falce
3138 5741 3461 5794 percussum
3520 5727 3573 5780 in
3628 5728 3713 5781 sui

2099 5815 2305 5869 czedem
2338 5817 2626 5886 compulit,
2654 5828 2713 5872 ut
2754 5819 2989 5889 patriam
3025 5831 3304 5885 servaret;
3341 5821 3507 5888 hujus
3540 5822 3713 5890 siqui-

2099 5908 2223 5966 dem
2269 5910 2615 5979 inti:titti,ne
2656 5913 2884 5969 Athenae
2935 5913 3253 5971 occiderent
3304 5916 3562 5971 eﬂ'ectuni
3608 5926 3716 5974 est.
