4426 6438
814 409 885 470 35
2241 392 2655 456 ΡΠΆΕΕᾹΤΙΟ.
3989 387 4059 449 36

886 513 1019 565 tlnic
1050 510 1159 581 jam
1195 508 1272 563 rei
1310 508 1467 562 linem
1522 504 1887 575 impenam,si
1941 502 2091 573 prius
2138 500 2453 565 bomiiiisA
2482 513 2606 553 men
2662 512 2786 552 cum
2851 494 3086 566 posteris
3142 496 3278 552 adeo
3339 495 3470 552 utile
3504 510 3567 551 ac
3622 494 4059 575 amplet-tendum

810 602 1036 662 ethnici,
1074 615 1269 667 nempe
1315 595 1594 651 (llceronis
1635 593 1710 647 De.
1758 595 1960 646 somnio
2017 590 2277 659 Scipionis
2300 592 2381 645 di-

806 707 955 745 ctum
986 709 1112 743 vere
1141 690 1509 744 Christianum
1555 688 1622 739 de
1656 688 1963 738 communis
1992 684 2118 737 boni
2168 683 2377 752 magni-

813 787 997 839 tudine
1021 783 1275 844 retulero,
1305 779 1395 847 qui
1425 780 1502 830 sic
1520 778 1595 830 ait
1635 795 1646 829 :
1686 794 1703 826 ι
1736 777 1779 840 Q
1805 790 1853 826 ιο
1882 773 2379 835 sis,.\frieane,ala-

812 877 956 929 crior
979 876 1042 927 ad
1070 876 1343 926 tutandam
1377 869 1788 938 rempublicam,
1827 869 1903 919 sic
1933 867 2129 919 habeto
2157 882 2167 916 :
2198 864 2378 917 omni-

811 971 911 1023 bus
934 968 1023 1035 qui
1048 967 1272 1035 patriant
1296 961 1752 1017 conservaverint.
1782 959 2089 1027 adjttverint
2106 959 2378 1018 auxerint,

809 1042 1164 1113 certumesse
1204 1057 1255 1106 in
1278 1052 1417 1107 cutio
1454 1067 1515 1105 ac
1549 1050 1829 1104 definitum
1866 1048 2068 1108 locum,
2091 1047 2180 1100 ubi
2231 1047 2376 1099 beati

811 1166 924 1201 a-vo
942 1151 1275 1216 sempiterno
1296 1145 1561 1197 fruantur.
1582 1161 1596 1190 ι
1620 1140 1763 1193 Nihil
1784 1138 2021 1191 esteuim
2042 1138 2112 1189 illi
2140 1135 2268 1200 Deo,
2287 1136 2377 1203 qui

805 1257 1023 1293 omnem
1057 1246 1197 1291 hunc
1229 1235 1486 1289 mundum
1522 1232 1675 1301 regit.
1705 1233 1846 1299 quod
1874 1231 2092 1300 quidem
2138 1230 2186 1281 iit
2223 1232 2379 1280 terris

809 1336 920 1393 tiat,
958 1330 1252 1396 acecptius.
1285 1343 1444 1384 uitaui
1474 1324 1702 1377 concilia
1760 1332 2041 1389 emtusqne
2095 1318 2376 1372 hominum

802 1439 921 1487 jure
954 1422 1163 1476 sociati.
1195 1433 1311 1486 qum
1335 1420 1621 1469 societates
1650 1416 1991 1482 appellantur
2025 1431 2035 1463 :
2071 1413 2261 1464 liarinn
2290 1428 2376 1464 re-

804 1525 983 1565 ct.ires
1010 1524 1061 1563 et
1093 1518 1503 1562 conservatores
1539 1507 1662 1557 hinc
1689 1507 1851 1569 peol'ei
1876 1508 1932 1561 ti.
1960 1510 2064 1557 huc
2091 1515 2375 1557 reverten-

809 1616 913 1654 tiir.
948 1601 1039 1652 llis
1067 1603 1245 1669 igitur,
1278 1600 1365 1665 qui
1397 1597 1480 1650 viti
1508 1597 1715 1663 seipsos
1748 1597 1959 1647 i'oi'titi-r
1986 1611 2081 1662 pro
2103 1596 2376 1663 republwa

810 1693 965 1743 morti
1001 1692 1132 1741 lrndl
1160 1696 1356 1744 terunt.
1391 1690 1565 1738 autin
1608 1688 1726 1751 ejus
1760 1687 2044 1739 utilitatem
2074 1698 2240 1739 artem
2277 1685 2375 1737 ali-

806 1798 966 1849 quam
999 1782 1347 1849 quantumvis
1369 1782 1530 1830 etiam
1562 1778 1879 1829 illiberalem
1904 1792 1964 1829 ac
1992 1778 2370 1833 sedentariam.

2482 587 2794 657 reliquisset
2845 601 3007 655 opus,
3049 596 3198 640 tanta
3247 586 3349 641 fuit
3378 584 3545 639 animi
3590 574 3854 637 modestia
3912 586 4059 652 quod

2480 683 2642 734 etiam
2678 678 2879 747 passim
2915 694 2981 731 ex
3004 679 3125 746 ejus
3156 676 3376 744 scriptis
3398 677 3517 730 luce
3544 675 3748 729 clarius
3782 684 3859 728 est
3922 691 4050 742 pcr-

2480 771 2692 840 spicere
2727 781 2779 823 ut
2811 769 2913 823 sibi
2948 769 3000 823 id
3034 769 3175 821 adeo
3208 783 3315 821 non
3354 767 3739 827 vindieat-erit,
3772 767 3916 834 quod
3950 784 4053 820 nec

2483 862 2765 930 proprium
2791 874 2991 913 nomen
3019 858 3386 927 adjiciendum
3407 859 3708 920 censuerit,
3743 857 3836 911 sed
3866 854 4043 925 Clirv-

2481 952 2704 1007 sostomi
2737 951 2919 1021 potius
2948 966 3071 1004 cum
3124 950 3361 1014 caeteris,
3420 962 3653 1018 quorum
3697 951 3925 1017 ingenue
3980 950 4060 999 fa-

2482 1046 2699 1097 tebatur
2727 1057 2849 1096 esse
2882 1042 3187 1110 potissima,
3230 1056 3351 1109 qua:
3387 1040 3443 1092 in
3477 1055 3644 1093 unum
3679 1040 3795 1108 ipse
3848 1038 4014 1107 colli-g
4042 1050 4060 1091 t

2480 1149 2790 1203 quanquam
2839 1145 2891 1187 et
2924 1134 3037 1202 ipse
3068 1149 3168 1188 suo
3210 1144 3384 1187 marte
3416 1133 3649 1202 plurima
3678 1146 3797 1199 qua:
3838 1140 3891 1184 et
3921 1145 4059 1199 prte-

2479 1228 2815 1281 stantissima
2859 1236 3038 1288 erant,
3096 1228 3442 1296 adjunxerat,
3500 1234 3559 1278 ut
3611 1223 3740 1277 hinc
3800 1224 4061 1288 conjicias

2480 1327 2741 1385 quantum
2770 1317 2953 1369 animo
2988 1316 3280 1371 dissideret
3298 1316 3364 1370 ab
3386 1316 3448 1369 iis
3477 1316 3570 1383 qui
3604 1314 3657 1367 in
3682 1314 3901 1367 modum
3935 1329 4059 1367 cor-

2481 1410 2675 1461 Itirttlse
2701 1409 2891 1461 alienis
2916 1423 3037 1461 sese
3072 1418 3266 1461 ornant
3287 1422 3348 1460 ac
3379 1406 3657 1461 venditant
3698 1404 4061 1487 pliintis.l‘ljt-

2483 1500 2639 1553 tiiuis
2688 1513 2817 1551 sane.
2853 1510 3042 1551 aut-tor
3082 1499 3169 1551 hic
3224 1500 3389 1551 fuisse
3417 1499 3630 1551 videtur
3688 1496 4060 1551 (licium-nius

2478 1596 2543 1657 is,
2579 1596 2669 1663 qui
2699 1596 2804 1646 sint
2834 1595 2901 1646 lia
2938 1593 3345 1648 Conuuentaria
3398 1610 3460 1645 ex
3492 1593 3694 1646 eisdem
3721 1593 3934 1661 colli-git
3968 1608 4063 1645 :itt-

2476 1688 2742 1749 etoribns,
2793 1689 2844 1740 in
2904 1689 3035 1739 Acta
3078 1688 3464 1754 apostolorum,
3508 1686 3562 1737 in
3616 1683 3888 1753 Epistolas
3937 1700 4058 1753 qua:

2477 1780 2773 1833 Catholica:
2798 1788 3213 1846 nuncupantur,
3259 1791 3321 1829 ac
3356 1778 3407 1828 iii
3443 1776 3702 1829 Paulinas
3736 1790 3949 1838 omnes,
4003 1783 4061 1828 ut

807 1888 919 1923 sive
951 1872 1229 1937 quidpiam
1260 1870 1309 1919 in
1336 1885 1395 1920 ea
1427 1868 1761 1935 prazripumn
1798 1880 2114 1936 gratumque
2142 1870 2374 1936 posteris
2406 1855 2449 1913 Β
2478 1875 2643 1925 certis
2676 1872 3000 1940 quibusdam
3020 1868 3355 1939 argumentis
3391 1868 3683 1938 colligitur,
3710 1869 3921 1921 etiamsi
3960 1882 4061 1922 nec

806 1966 1223 2023 adiuvenei'unt,
1259 1960 1397 2012 vices
1436 1962 1730 2026 rependere
1764 1963 1988 2028 cupiens
2030 1962 2324 2028 antiquitas
2358 1977 2372 2016 :

805 2067 857 2107 et
882 2072 982 2121 qua
1010 2054 1212 2115 liceret,
1242 2062 1555 2120 perpetuam
1579 2067 1767 2104 eorum
1797 2053 2110 2105 memoriam
2139 2052 2204 2105 ab
2232 2052 2372 2105 inte-

806 2150 910 2199 ritu
941 2146 1455 2206 vitiilicare,5tatuas
1478 2156 1647 2195 aereas
1671 2158 1762 2193 seu
1794 2157 2091 2194 marmorea
2127 2142 2373 2208 sepulcra

805 2240 998 2292 erexit.
1029 2242 1297 2290 Praeterea
1333 2234 1674 2287 ethnicorum
1713 2235 1879 2286 libros
1915 2239 2116 2303 ingenti
2162 2238 2373 2289 t'edettt-

802 2346 923 2402 ptos
958 2332 1130 2399 pretio
1161 2345 1352 2399 magna
1392 2330 1493 2379 lide
1532 2327 1613 2378 τρι
1647 2328 1910 2395 religione
1944 2339 2122 2393 potius
2164 2328 2369 2381 descri-

802 2423 1203 2492 jitos.ce.'riiiis
1256 2422 1495 2473 inclusos
1561 2420 1962 2487 capsulis,tuni
2016 2419 2161 2472 cedri
2211 2434 2374 2472 succo

798 2518 1013 2577 oblitos,
1040 2512 1243 2581 pestcri
1278 2512 1328 2563 in
1372 2512 1586 2579 templis
1625 2512 1937 2563 cautissime
1974 2512 2312 2580 repent-bant
2356 2530 2367 2563 :

801 2610 991 2677 partim
1039 2618 1097 2659 ut
1143 2606 1216 2658 rei
1262 2616 1366 2657 tatu
1399 2619 1585 2659 sacrm.
1616 2615 1830 2671 tamque
1881 2606 2078 2658 divina:
2130 2606 2372 2657 custodia

800 2718 906 2753 noti
940 2703 1059 2752 aliis
1086 2715 1245 2768 quam
1274 2700 1399 2767 ipsis
1426 2698 1737 2751 numinibus
1761 2700 2217 2752 enitercderetur:
2250 2714 2371 2765 par-

804 2794 898 2843 tim
934 2806 1001 2842 ite
1036 2791 1162 2857 quid
1200 2789 1338 2841 situs
1372 2798 1463 2839 aut
1507 2790 1680 2841 caries
1725 2789 1812 2840 illa
1845 2800 2194 2841 monumenta
2219 2790 2373 2839 vilia-

801 2894 897 2936 tet.
931 2883 1032 2935 ΑΜ
1060 2898 1123 2934 ne
1183 2882 1280 2933 liai:
1313 2881 1529 2948 quidem
1555 2881 1794 2933 contenti
1822 2881 2118 2949 diligentia.
2152 2880 2373 2933 codices

795 2992 893 3029 ceu
940 2976 1249 3028 llie~attrum
1294 2973 1772 3041 incomparabilem
1808 2974 1860 3025 in
1895 2972 2173 3026 altiSsiniis
2218 2982 2373 3025 terrae

796 3068 1015 3121 latebris
1066 3068 1435 3121 recondebatit
1471 3076 1620 3119 tanta
1671 3080 1821 3128 cura,
1851 3076 1907 3117 ιιι
1940 3079 2041 3118 nec
2083 3065 2368 3125 incendiis,

2479 1968 2551 2019 ibi
2585 1966 2823 2018 voluerit
2857 1979 3014 2017 suum
3046 1978 3245 2015 nomen
3303 1962 3613 2030 exprimere
3650 1978 3665 2014 :
3716 1976 3820 2029 qua
3876 1960 3944 2015 de
4002 1975 4060 2013 re

2481 2057 2727 2125 pluribus
2771 2070 3014 2125 agemus.
3048 2069 3172 2109 eum
3208 2064 3411 2106 tmnum
3464 2054 3615 2105 illum
3646 2054 3878 2106 alterum
3929 2068 4059 2122 pro-

2482 2150 2695 2216 pediem
2758 2149 2809 2199 in
2855 2147 3033 2201 lucem
3095 2146 3371 2200 dabimus.
3420 2145 3573 2198 ilunc
3638 2148 3820 2215 itaque
3875 2146 4059 2199 Crteea

2480 2255 2645 2292 manu
2692 2240 3030 2308 descriptum
3060 2251 3186 2293 ante
3215 2238 3412 2291 multas
3464 2248 3651 2292 :etates
3698 2239 3839 2308 quod
3869 2248 4062 2308 praeter

2480 2334 2622 2400 ipsas
2650 2336 3112 2401 evangelistarnm
3159 2348 3301 2385 novo
3352 2333 3512 2385 modo
3554 2332 4059 2400 depictas,jantque

2478 2424 2869 2493 propemodum
2938 2432 3209 2478 velu:tate
3266 2424 3472 2477 deletas
3524 2424 3809 2493 imagines,
3867 2423 4056 2478 multis

2479 2518 2635 2568 nobis
2666 2518 3004 2586 argumentis
3035 2518 3274 2569 innotuit
3299 2534 3420 2569 ('lllll
3452 2534 3579 2569 casti
3615 2517 3941 2585 reperissent
4003 2515 4057 2568 iii

2479 2608 2806 2662 bibliotheca
2846 2610 3084 2662 coeuoliii
3123 2608 3366 2677 Deipam
3403 2609 3641 2678 \ii‘ginis
3667 2624 3693 2661 τι
3724 2608 4057 2676 Cuadalupe,

2477 2700 2686 2751 ordinis
2736 2700 2845 2753 divi
2875 2699 3187 2769 Hieronymi
3236 2700 3287 2752 itt
3324 2716 3489 2769 I't‘gllo
3538 2700 3808 2764 Castellte,
3864 2701 3916 2752 itt
3956 2716 4059 2769 qua

2478 2794 2784 2845 etiamnum
2822 2793 3098 2845 delitescit
3136 2811 3148 2845 :
3195 2804 3250 2845 ιιι
3290 2804 3416 2845 sunt
3446 2794 3565 2859 ejus
3619 2794 3872 2857 Stttlal:lll,
3922 2808 4059 2862 prte-

2477 2885 2665 2935 sertini
2707 2893 2887 2935 autem
2923 2883 3265 2935 celeberrimi
3294 2884 3437 2936 illius
3471 2883 3785 2936 monasterii
3817 2884 4059 2937 coenobi-

2480 2980 2569 3037 ιω,
2604 2988 2707 3025 non
2743 2976 2903 3025 modo
2929 2974 3257 3027 Christiana:
3308 2985 3504 3027 nOsttte
3537 2976 3830 3044 religionis,
3870 2991 4056 3029 verum

2476 3065 2639 3117 etiam
2676 3068 3250 3134 praestantissimorum
3280 3083 3495 3135 semper
3526 3080 3842 3133 auctorum,
3886 3071 4059 3139 potis-

798 3176 897 3213 iicc
933 3160 1197 3213 bellorum
1239 3159 1511 3227 procellis,
1535 3156 1733 3227 quibus
1762 3157 1944 3211 omnia
1986 3172 2137 3210 sacra
2186 3154 2367 3224 prol'a-
2400 3194 2442 3250 Ο
2479 3159 2674 3211 sininm
2713 3169 2890 3213 tamen
2924 3172 3190 3221 veterum,
3242 3160 3644 3231 diligentissimi
3681 3163 4061 3216 observatores

797 3269 968 3321 naqtte
994 3253 1168 3305 solent
1190 3254 1423 3310 misceri.
1453 3252 1757 3311 interirent,
1777 3262 1823 3303 et
1849 3250 2080 3318 posteris
2099 3260 2247 3303 certe
2278 3266 2368 3303 su-

794 3356 1098 3415 peresst'nt.
1138 3346 1302 3397 l’oiro
1339 3346 1380 3396 si
1413 3344 1498 3397 liic
1532 3344 1705 3397 honos
1741 3352 1822 3395 est
1858 3345 2074 3395 habitus
2100 3343 2365 3410 supersti-

795 3440 947 3492 tiosis
978 3420 1139 3491 etiam
1191 3438 1573 3497 voluminibus.
1600 3437 1763 3490 veluti
1798 3436 1987 3488 Numa:
2030 3452 2092 3489 ac
2132 3434 2366 3504 Sjbillie,

794 3543 883 3583 aut
912 3547 1087 3583 rerum
1123 3532 1189 3583 ab
1219 3531 1529 3584 hominibus
1561 3540 1833 3602 gestarum
1866 3530 2187 3582 memoriam
2212 3543 2365 3583 com-

791 3626 1175 3689 plecteutibus,
1199 3625 1385 3693 quales
1404 3622 1948 3693 eraittJEgyptiorum
1974 3622 2094 3675 libri
2126 3638 2138 3673 :
2167 3620 2373 3674 autali:

791 3733 952 3785 quam
1012 3718 1262 3769 humana:
1317 3716 1595 3785 sapientia:
1646 3714 1950 3783 portionem
2006 3713 2363 3775 tradentibus,

790 3811 956 3863 veluti
1014 3809 1251 3865 Platonis
1299 3820 1351 3863 et
1402 3808 1701 3863 Aristotelis
1734 3827 1745 3861 :
1776 3818 1979 3877 quanto
2029 3807 2229 3877 justius
2286 3815 2367 3859 est

790 3902 927 3954 idem
966 3900 1141 3954 facere
1195 3901 1531 3954 Christianos
1568 3900 1621 3953 iii
1659 3899 1941 3953 servandis
1996 3900 2206 3951 illorum
2254 3914 2367 3951 ino-

787 3995 1064 4047 nunientis
1093 3995 1115 4047 Ἰ
1146 3998 1233 4061 qui
1263 4010 1414 4047 sacro
1447 3994 1608 4047 aillati
1638 3992 1863 4061 Spiritu,
1895 4008 2003 4046 non
2038 4000 2143 4046 tatu
2174 3991 2363 4055 libros,

788 4105 948 4155 quam
976 4087 1193 4140 oracula
1217 4088 1372 4140 nobis
1401 4087 1630 4155 reliqnet
1645 4093 1761 4149 unt,
1809 4085 2011 4154 quibus
2038 4084 2363 4147 lectitandis,

790 4194 979 4247 peetus
1016 4194 1125 4230 non
1176 4178 1421 4230 doctrina
1468 4180 1643 4229 Solum
1682 4186 1776 4227 aut
1819 4176 2034 4230 dicendi
2092 4176 2366 4239 facultate,

788 4276 879 4327 sed
914 4274 1198 4326 virtutibus
1222 4289 1282 4326 ac
1315 4275 1513 4343 pietate
1538 4288 1658 4344 erga
1688 4272 1854 4327 Deum
1882 4274 2210 4344 impleatur:
2244 4292 2365 4331 enin

787 4377 932 4419 certe
954 4367 1291 4418 ethnicorum
1313 4365 1569 4418 libroruin
1607 4368 1815 4435 jactura
1844 4365 1893 4419 id
1921 4375 2126 4423 tantum
2151 4367 2366 4435 eﬂiciat,

789 4469 845 4511 ut
878 4461 1054 4510 iuinus
1100 4458 1293 4510 eruditi
1346 4472 1535 4520 snnus,
1558 4468 1651 4511 aut
1691 4460 1869 4512 minus
1894 4460 2230 4529 eloquentes,
2262 4476 2366 4515 non

786 4555 843 4604 Et
875 4552 1052 4602 minus
1091 4552 1185 4619 pii.

862 4644 916 4696 in
956 4644 1039 4695 liis
1083 4647 1261 4711 itaque
1295 4644 1383 4711 qui
1432 4652 1678 4696 veterum
1715 4650 2001 4698 auctorum
2052 4660 2112 4699 1c
2149 4643 2371 4701 Patrum

788 4742 987 4800 scripta
1007 4732 1158 4784 nobis
1174 4734 1529 4793 tradiderunt,
1551 4736 1783 4787 maxime
1799 4746 1977 4789 autem
1998 4738 2369 4809 Cbrysostomi

786 4839 893 4890 quo
932 4838 1091 4875 uenio
1128 4824 1179 4875 in
1216 4825 1537 4877 euarrandis
1574 4825 1743 4878 sacris
1796 4828 2161 4883 voluminibus
2195 4830 2373 4884 dexte-

788 4915 899 4967 rius
924 4925 1166 4968 versatus
1186 4925 1287 4979 est,
1312 4926 1362 4969 et
1384 4932 1489 4984 quo
1510 4919 1783 4972 neminem
1816 4920 2062 4975 invenias
2094 4925 2369 4992 magisne-

787 5008 1189 5061 coniinodatum
1226 5008 1310 5061 his
1336 5010 1425 5076 qui
1461 5010 1527 5062 ad
1553 5026 1751 5065 munus
1767 5014 2121 5069 concionandi
2141 5030 2261 5069 sese
2279 5033 2370 5086 pa-

792 5110 911 5152 rant
937 5114 1044 5152 non
1083 5102 1415 5169 posteriores
1453 5104 1576 5157 tulit
1604 5102 1825 5157 Grzncns
1866 5106 2084 5173 quidam
2122 5120 2315 5163 auctor
2352 5126 2365 5162 :

788 5196 877 5261 qui
942 5209 1177 5247 cernens
1222 5207 1429 5251 veteres
1488 5212 1674 5253 saeros
1703 5208 1953 5254 auctores
2000 5211 2054 5255 et
2098 5204 2370 5274 praecipue

786 5304 880 5340 eos
902 5287 993 5356 qui
1030 5288 1325 5357 plurimum
1355 5289 1733 5345 laboraverant
1770 5295 1822 5345 in
1848 5297 2171 5349 enarratidis
2198 5312 2367 5351 evan-

788 5385 972 5453 gelicte
1019 5384 1287 5439 doctrina:
1325 5386 1479 5440 libris
1538 5389 1603 5441 ad
1636 5404 1798 5457 quani
1837 5392 2141 5446 docendam
2200 5392 2367 5448 Filius

786 5478 881 5531 Dei
914 5480 976 5530 ad
1019 5488 1218 5531 terram
1276 5478 1633 5534 desectiderat
1666 5498 2006 5552 nequaquam
2043 5501 2140 5555 pro
2174 5490 2367 5541 merito

786 5570 1015 5624 lectitari
1040 5588 1052 5623 :
1078 5573 1190 5626 sive
1214 5572 1265 5627 id
1296 5572 1557 5627 libroruin
1582 5577 1945 5638 multitudine.
1967 5581 2078 5634 sive
2104 5580 2365 5635 lectorum

787 5667 1027 5726 tasudio.
1064 5668 1176 5719 sive
1211 5671 1471 5736 temporis
1498 5671 1757 5723 acettlerit
1793 5675 2019 5739 penniia
2057 5691 2068 5725 :
2107 5676 2158 5727 iii
2198 5692 2366 5729 utiuin

787 5758 1004 5828 collegit
1062 5760 1337 5823 volumen,
1403 5764 1665 5832 quidquid
1732 5766 1803 5817 illi
1864 5782 2055 5837 magna
2115 5771 2366 5824 codicum

787 5855 942 5908 turba
972 5852 1257 5925 selectum,
1285 5856 1427 5911 circa
1454 5856 1743 5933 Evangelia
1780 5861 2133 5934 reliquerant.
2166 5862 2236 5919 El
2289 5874 2368 5920 ta-

2478 3268 2539 3303 ai:
2570 3252 2826 3314 cultores,
2857 3254 3029 3305 visunt
3067 3262 3151 3305 est.
3177 3254 3343 3305 invidi
3374 3268 3516 3315 esse,
3569 3270 3636 3306 ue
3671 3254 3847 3307 dicant
3883 3254 4057 3323 itnpii,

2479 3358 2536 3395 re
2568 3345 2704 3396 adeo
2746 3344 3004 3413 frngilera
3040 3344 3154 3412 pati
3207 3345 3411 3398 diutius
3441 3346 3638 3414 privari
3670 3344 3911 3399 Latinos.
3945 3345 4059 3399 Nec

2480 3445 2657 3486 tamen
2690 3436 2895 3488 insuus
2922 3451 3093 3497 eram,
3150 3452 3310 3503 qnam
3382 3438 3601 3499 duram,
3650 3453 3921 3506 qnatnque
3976 3454 4061 3491 ar-

2476 3524 2637 3577 duam
2674 3526 2881 3579 adirent
2936 3528 3267 3594 provinciam
3305 3544 3317 3580 :
3373 3530 3566 3597 partim
3601 3529 3844 3597 quidem,
3912 3532 4057 3600 quod

2476 3631 2709 3685 pi'Oprue
2743 3619 2995 3671 conscius
3025 3618 3440 3680 imbecillitatis,
3489 3621 3790 3688 incultique
3830 3620 4057 3690 ingenii,

2478 3709 2773 3763 habueram
2806 3726 3023 3781 semper
3050 3711 3103 3763 in
3136 3715 3339 3775 animo,
3368 3712 3506 3764 nihil
3540 3712 3593 3764 in
3626 3714 3903 3782 publicum
3930 3715 4061 3767 ede-

2478 3818 2536 3856 re
2568 3822 2579 3855 :
2610 3804 2807 3873 partim
2841 3819 2970 3858 vero
2997 3804 3141 3873 quod
3185 3805 3317 3858 mihi
3352 3820 3439 3859 res
3472 3820 3617 3860 esset
3641 3823 3761 3859 cuin
3794 3806 4058 3877 ejusmodi

2476 3897 2634 3961 libro,
2664 3913 2825 3967 quem
2878 3900 2958 3952 vel
2985 3899 3161 3967 legere
3189 3914 3294 3951 non
3327 3899 3620 3954 medioeris
3668 3902 3804 3954 loret
3836 3900 4059 3971 negotii,

2477 4000 2661 4061 utpote
2708 3991 2911 4061 ignotis
2942 4003 2997 4045 ut
3039 3994 3334 4063 plurintum
3371 4004 3595 4048 exarato
3646 3996 4061 4049 character-ibus

2476 4100 2537 4138 ac
2572 4084 2930 4153 compendiis,
3000 4088 3235 4141 maxima
3269 4087 3397 4141 licet
3435 4101 3564 4140 cura
3608 4102 3670 4141 ac
3728 4087 4006 4159 diligentia
4044 4105 4057 4141 :

2476 4176 2783 4230 litterarum
2812 4177 2975 4230 etiam
3014 4177 3201 4247 ﬁguris
3229 4181 3551 4249 plerumque
3576 4181 3657 4233 vel
3684 4183 3829 4234 carie
3868 4195 3927 4234 ac
3954 4182 4061 4234 situ

2478 4270 2826 4327 oblitteratis.
2849 4270 2932 4323 vel
2964 4254 3232 4325 tinearum
3256 4288 3320 4328 ac
3338 4273 3629 4328 blattarum
3658 4274 3855 4345 injuria
3881 4277 4061 4327 senii-

2476 4364 2640 4425 rosis,
2690 4363 2776 4418 vel
2826 4379 2968 4418 novo
3017 4365 3156 4419 adeo
3186 4381 3338 4419 more
3374 4367 3624 4437 depictis,
3659 4379 3718 4422 ut
3764 4371 3817 4422 in
3872 4368 4062 4422 lorniis

2476 4456 2639 4507 etiam
2716 4454 3058 4509 noseitandis
3119 4458 3255 4511 mihi
3315 4456 3457 4512 l‘oret
3530 4464 4058 4528 repuerascenduin.

2414 4562 2462 4619 ι)
2491 4544 2697 4600 Omitto
2730 4548 2873 4615 quod
2911 4547 3228 4616 frequenter
3264 4550 3317 4602 in
3344 4551 3610 4604 orationis
3642 4563 3896 4606 contextu
3946 4570 4051 4607 non

2479 4649 2607 4691 sunt
2650 4653 2753 4692 asc
2776 4639 3005 4693 invicem
3043 4650 3311 4711 separatae
3356 4644 3629 4700 dictiones
3663 4664 3675 4700 :
3706 4659 3760 4699 et
3794 4663 3821 4701 e
3846 4648 4061 4703 diverso

2477 4732 2725 4800 ejusdem
2770 4732 3025 4787 dictionis
3078 4734 3275 4791 littera:
3336 4747 3432 4792 aut
3487 4740 3705 4811 syllaba:
3774 4742 4060 4812 plusquam

2473 4824 2621 4894 justo
2670 4838 2699 4878 α
2762 4840 2821 4879 se
2850 4826 3083 4881 invicem
3132 4840 3457 4899 separantur
3486 4834 3793 4897 intervallo,
3829 4838 3965 4892 adeo
4002 4848 4060 4892 ut

2474 4928 2578 4969 nec
2609 4929 2803 4968 versus
2834 4916 3094 4985 syllabam
3138 4921 3339 4989 saepius
3370 4921 3517 4977 iluiat
3551 4941 3563 4977 :
3596 4937 3866 4980 commata
3892 4944 3951 4981 ac
3974 4934 4058 4981 iu-

2474 5010 2585 5059 cisa
2638 5007 2727 5059 vix
2782 5007 3081 5075 adduntur,
3141 5022 3234 5065 aut
3278 5014 3366 5068 tibi
3402 5016 3537 5069 nihil
3571 5033 3707 5083 Opus
3768 5029 3850 5073 est
3884 5039 4055 5091 appo-

2475 5109 2729 5151 nitntur:
2786 5114 2907 5168 qua:
2965 5117 3051 5156 res
3080 5104 3407 5175 plerumque
3465 5109 3839 5166 ditlicultatem
3888 5118 4061 5185 gignit

2475 5206 2585 5244 non
2619 5206 2864 5260 parvam.
2924 5194 3175 5251 Sciebam
3200 5212 3463 5269 praeterea
3490 5215 3699 5271 quanto
3731 5215 3787 5260 ut
3842 5208 3893 5261 in
3936 5226 4063 5261 iiii:-

2475 5302 2693 5340 versum
2731 5286 2905 5341 dicam
2944 5304 3066 5345 sese
3119 5306 3400 5362 exponant
3439 5299 3701 5366 periculo,
3733 5304 3825 5371 qui
3893 5304 4058 5357 libros

2474 5373 2502 5433 ἐι
2536 5380 2819 5450 peregrina
2858 5380 3037 5449 lingua
3072 5386 3353 5441 traductos
3387 5391 3438 5441 iit
3469 5390 3643 5446 lucem
3680 5394 3854 5449 edunt
3885 5412 3896 5447 :
3923 5409 4058 5464 qttot

2474 5482 2528 5525 ct
2552 5488 2713 5541 quam
2744 5476 2923 5531 varios
2948 5478 3255 5547 suscipiant
3276 5480 3510 5549 judiees,
3541 5499 3774 5552 quorum
3811 5486 4059 5559 plerique

2474 5566 2678 5620 (ira-cis
2726 5568 3257 5627 litterisnealimine
3301 5576 3521 5645 quidem
3562 5580 3831 5645 salutatis,
3884 5586 3953 5638 ob
4006 5584 4055 5639 id

2477 5661 2659 5712 statim
2695 5663 2877 5716 omnia
2909 5664 3196 5732 damnant,
3241 5670 3387 5737 quod
3432 5672 3695 5725 mundum
3736 5673 3884 5729 illum
3930 5677 4059 5731 rhe-

2475 5754 2704 5807 toricum
2744 5772 2852 5825 pra:
2877 5772 2935 5812 se
2969 5774 3076 5814 non
3110 5760 3309 5825 ferant,
3343 5763 3655 5835 ignorantes
3684 5772 3882 5837 quibus
3942 5787 4062 5827 arc-

2474 5852 2619 5903 tetur
2674 5850 2851 5905 modis
2905 5852 2971 5920 is,
3030 5856 3120 5926 qui
3168 5854 3360 5911 alienat
3414 5856 3609 5929 lingua:
3656 5860 3961 5933 depositum
3995 5870 4059 5921 ti-
