4426 6438
330 411 398 479 37
1672 380 1675 383 ’
1781 393 2200 456 reseruo.
3556 390 3629 450 38

328 528 531 582 deliter
588 522 825 579 reddere
858 518 1097 590 cogitur.
1148 514 1509 586 Summopere
1543 513 1691 570 enim
1732 528 1929 567 curan-
1960 520 2005 575 Α
2038 524 2239 566 seriem
2298 506 2471 576 magis
2502 504 2749 587 accedat,
2820 518 2929 556 non
2994 502 3131 556 nihil
3168 511 3353 556 tamen
3412 503 3633 558 subolet

329 616 462 670 dum
497 624 585 669 est
613 613 685 676 ei,
724 608 911 680 quiab
965 622 1072 663 una
1107 606 1294 678 lingua
1324 603 1608 674 quidpiam
1665 603 1928 657 transfert
2032 602 2293 657 dictionis
2342 599 2496 653 illum
2556 595 2847 651 aﬂectasse
2912 603 3256 648 venustatem
3302 612 3313 646 :
3373 596 3632 662 quodque

331 707 388 760 in
447 707 614 760 aliam
668 722 683 758 :
743 717 815 756 ne
874 701 1003 756 dum
1062 699 1300 754 sermoni
1356 696 1553 767 quxrit
1622 702 1875 748 ornatum
1910 735 1923 759 ,
2033 692 2309 747 rhetorice
2341 689 2548 745 dixisse
2606 688 2742 742 satis
2801 686 2990 755 cupiat
3022 686 3217 750 videri,
3253 695 3307 738 et
3366 701 3476 738 non
3532 687 3633 739 soli

333 807 561 868 repente
590 810 688 866 pro
713 794 1018 863 interprete
1044 791 1445 862 paraphrasten
1469 797 1596 859 agat
1630 805 1641 841 :
1678 801 1929 841 rursum-
2033 782 2229 836 littera
2245 778 2584 834 enarrationi
2612 779 2846 832 han-ere.
2874 777 2944 830 At
2968 787 3157 829 noster
3178 778 3264 831 hic
3290 787 3481 830 auctor
3509 780 3635 831 uni-

332 905 441 958 que
474 903 544 942 ne
582 888 657 941 ita
684 885 864 940 verbis
884 885 1109 951 haereat,
1141 891 1202 937 ut
1231 880 1431 952 prioris
1460 880 1660 951 lingua:
1683 879 1930 933 idioma-
2032 889 2156 928 cum
2188 875 2338 928 hunc
2371 872 2561 927 habuit
2588 885 2840 941 scopum,
2868 877 2927 921 ut
2948 868 3322 939 evangelicum
3352 871 3636 923 succincte

336 957 390 1034 ta
425 988 521 1032 aut
549 978 814 1032 dialectos
846 974 1083 1029 retineat
1121 992 1135 1028 ε
1170 973 1267 1028 sed
1303 984 1535 1041 quaeque
1566 970 1749 1040 lingua
1782 966 1927 1037 quod
2033 957 2252 1017 cunctis
2282 962 2529 1031 aperiret
2549 960 2867 1015 historiam.
2912 957 3071 1024 Quod
3098 959 3141 1013 si
3175 959 3241 1013 ad
3271 975 3453 1013 mores
3492 973 3633 1028 quo-

338 1085 502 1124 suurn
532 1078 615 1123 est
644 1067 847 1122 habeat
875 1081 889 1117 :
922 1064 1126 1133 alioqui
1159 1076 1261 1116 nec
1286 1060 1474 1115 Graece
1507 1061 1653 1129 loqui
1692 1060 1928 1120 videtur,
2034 1070 2140 1125 que
2166 1052 2525 1124 corrigendos
2554 1050 2806 1105 nonnihil
2838 1052 3245 1105 exhortationis
3273 1059 3525 1125 exoptes,
3582 1050 3636 1104 id

337 1177 447 1217 nec
478 1160 717 1215 Latine:
748 1159 915 1229 idque
945 1155 1093 1227 quod
1122 1155 1177 1208 in
1204 1154 1488 1209 indoctum
1544 1153 1811 1221 iactatum
1845 1157 1929 1205 est
2036 1147 2199 1201 etiam
2234 1145 2477 1200 breviter
2509 1143 2733 1213 quidem
2798 1158 2862 1197 ac
2930 1143 3133 1205 rarius,
3183 1148 3278 1195 sed
3318 1143 3639 1196 felicissime

342 1252 643 1313 comicum,
673 1250 780 1320 ipsi
815 1247 1186 1318 adaptabitur,
1216 1245 1363 1315 quod
1410 1259 1474 1298 ex
1505 1242 1709 1298 Grazcis
1749 1241 1929 1306 bonis,
2039 1236 2204 1292 tradit
2236 1237 2322 1290 hic
2378 1246 2591 1290 auctor.
2663 1236 2839 1300 Quam
2898 1244 3046 1304 apte,
3104 1234 3245 1288 bone
3299 1233 3460 1296 Deus,
3511 1251 3637 1288 cum

341 1343 537 1397 Latina
566 1342 752 1399 fecerit
775 1357 884 1397 non
926 1341 1090 1407 bona,
1121 1339 1175 1393 id
1204 1339 1351 1409 quod
1400 1338 1469 1392 de
1495 1336 1682 1390 multis
1712 1334 1933 1389 exulee-
2038 1329 2388 1398 cvangelistae
2420 1328 2719 1397 plurimum
2749 1327 3018 1381 dissidere
3055 1327 3335 1388 videntur,
3365 1325 3438 1379 ita
3479 1325 3644 1379 dissi-

342 1445 467 1488 rato
506 1436 610 1490 hoc
634 1435 836 1489 saculo
862 1442 990 1503 apte
1019 1432 1144 1500 quis
1173 1431 1393 1486 dixerit.
1420 1429 1553 1494 Quis
1576 1428 1725 1480 enim
1749 1439 1934 1480 sacras
2039 1422 2223 1477 dentia
2254 1420 2535 1475 connectit
2564 1418 2705 1484 loca,
2732 1426 2792 1472 ut
2844 1418 2913 1472 ab
2968 1418 3161 1471 eodem
3226 1418 3387 1486 plane
3421 1416 3510 1469 illa
3554 1417 3641 1469 vi-

337 1526 457 1594 jam
482 1525 720 1580 Litteras
747 1525 953 1595 passim
1008 1537 1120 1576 non
1160 1522 1263 1575 sibi
1311 1520 1577 1583 vindieat,
1637 1527 1932 1587 antequam
2040 1517 2277 1571 deantur
2309 1522 2434 1568 esse
2467 1513 2641 1567 dicta.
2675 1512 2744 1567 Et
2770 1512 2897 1566 huic
2917 1512 3139 1578 quidem
3174 1511 3254 1563 rei
3280 1512 3487 1573 nudus,
3519 1525 3644 1564 meo

342 1620 526 1671 discat
557 1636 571 1672 :
605 1625 844 1688 torquet,
910 1617 1115 1671 lacerat
1147 1632 1160 1667 :
1194 1629 1402 1682 suoque
1439 1611 1761 1676 intellectui,
1826 1611 1935 1663 imo
2038 1608 2273 1678 judicio,
2300 1608 2439 1661 adeo
2475 1606 2687 1659 utiliter
2725 1619 2787 1659 ac
2812 1606 2957 1659 serio
2992 1605 3265 1657 ιωι-ιυιιυδ
3319 1606 3641 1674 itit'igilavit.

344 1711 465 1763 suis
498 1710 785 1765 all‘ectibus
817 1709 1025 1763 servire
1064 1708 1209 1777 cogit
1264 1707 1593 1775 scripturam
1633 1703 1800 1757 etiam
1847 1717 1935 1756 re-
2042 1702 2099 1755 In
2132 1715 2241 1770 quo
2272 1712 2475 1764 tamen,
2505 1698 2648 1753 sicut
2679 1712 2857 1766 neque
2884 1698 2936 1750 in
2963 1698 3201 1757 caneris,
3262 1696 3431 1748 nolim
3489 1695 3645 1764 quis-

345 1802 727 1872 pugnantem?
766 1801 832 1856 Et
851 1800 1316 1872 quemadmodum
1371 1798 1666 1852 scribimus
1728 1795 1935 1851 indocti
2042 1808 2204 1863 quam
2234 1791 2373 1845 meis
2402 1790 2563 1844 ﬁdem
2596 1789 2795 1844 habeat
2863 1788 3074 1853 verbis,
3130 1787 3238 1841 nisi
3288 1788 3447 1856 longe
3488 1787 3646 1855 plura

344 1892 606 1961 doctique
668 1901 919 1962 poemata
952 1892 1181 1961 passim,
1218 1891 1291 1943 ita
1349 1898 1405 1943 et
1457 1888 1728 1959 plerique,
1761 1901 1938 1959 quan-
1970 1887 2012 1939 P-
2046 1887 2100 1941 in
2158 1886 2263 1940 hoc
2314 1884 2637 1949 lectitando,
2694 1884 2858 1939 laude
2912 1885 3075 1954 digna
3130 1886 3420 1952 repererit,
3482 1899 3647 1953 quam

341 1998 511 2052 quam
543 1985 596 2037 iu
635 1997 733 2037 sua
767 1996 935 2036 arena
990 1980 1225 2036 feliciter
1260 1988 1635 2045 versarentur,
1682 1979 1944 2049 proprios
2043 1995 2143 2050 ego
2174 1977 2381 2048 possim
2407 1978 2628 2048 assequi
2653 1978 3068 2032 enumerando.

346 2074 557 2142 egressi
578 2072 805 2135 limites,
831 2072 961 2126 dum
985 2081 1223 2134 sutores,
1245 2070 1452 2125 relictis
1470 2069 1730 2136 crepidis,
1754 2070 1940 2143 ignota
2118 2069 2233 2123 lloc
2252 2069 2435 2138 itaque
2472 2082 2633 2139 opus,
2658 2078 2717 2122 ut
2738 2069 2837 2125 tibi
2863 2084 3269 2138 nuncuparem,
3308 2066 3651 2137 amplissime

348 2176 584 2233 quaeque
642 2164 949 2234 diiudicare
1024 2172 1319 2227 conantur,
1382 2177 1496 2217 non
1550 2177 1677 2218 raro
1736 2177 1941 2218 misere
2046 2163 2271 2233 prresul,
2313 2161 2446 2217 fecit
2474 2160 2618 2215 inter
2646 2160 2971 2215 innumeras
3027 2171 3148 2215 tuas
3175 2161 3356 2226 dotes,
3411 2161 3651 2215 maxima

353 2256 789 2311 hallucinantur.
825 2255 972 2321 Quid
1022 2254 1172 2310 enim
1226 2252 1443 2309 medico
1488 2261 1583 2307 aut
1609 2254 1941 2324 jurisperito
2047 2255 2361 2309 humanitas
2388 2265 2479 2308 tua
2506 2270 2517 2307 :
2549 2270 2713 2325 quam
2746 2264 2947 2325 praiter
2974 2255 3215 2308 auditam
3242 2253 3445 2308 famam
3488 2254 3653 2323 longe

350 2361 477 2401 cum
518 2348 773 2402 versione
822 2357 917 2400 aut
969 2346 1423 2418 interpretatione
1482 2359 1767 2400 sacrorum
1827 2361 1945 2419 my-
2047 2350 2266 2421 lateque
2297 2348 2625 2420 dispersam,
2662 2365 2771 2404 non
2801 2349 2969 2404 semel
3006 2349 3060 2403 in
3092 2359 3145 2404 te
3177 2365 3299 2404 sum
3346 2360 3605 2419 expertus
3638 2365 3650 2403 :

349 2441 646 2494 steriorum
686 2440 709 2495 τ
761 2438 1027 2509 Quodque
1093 2438 1255 2509 longe
1292 2439 1462 2507 magis
1492 2436 1806 2493 deﬂendum
1836 2446 1940 2504 est,
2048 2459 2175 2514 qua,
2214 2459 2339 2498 cum
2379 2458 2575 2497 omnes
2610 2444 2774 2497 etiam
2805 2452 3069 2497 extrema:
3104 2441 3346 2497 fortuna:
3394 2443 3656 2497 homines

353 2533 484 2586 dum
514 2533 700 2587 animo
731 2533 913 2602 pravis
966 2532 1161 2585 imbuti
1197 2540 1329 2585 sunt
1361 2531 1655 2601 dogmatis,
1701 2546 1824 2600 quae
1876 2546 1945 2587 ex
2050 2547 2165 2593 tum
2225 2536 2421 2591 studiis
2491 2537 2839 2606 potissimum
2911 2535 3149 2597 deditos,
3252 2536 3657 2606 benignissime

354 2621 548 2677 (ΖΙ-προ
575 2634 796 2678 vertunt
831 2625 888 2676 in
923 2622 1202 2685 Latinum,
1236 2635 1347 2674 non
1377 2622 1511 2675 satis
1553 2620 1793 2674 ﬁdeliter
1831 2628 1946 2673 tra-
2051 2644 2274 2700 semper
2334 2628 2684 2697 amplecteris
2720 2643 2734 2679 :
2776 2627 3009 2697 ipsaque
3071 2625 3279 2690 studia,
3344 2626 3659 2695 ubicunque

355 2726 545 2769 ctant:
578 2730 726 2769 nunc
756 2716 1004 2786 quidem,
1035 2716 1181 2784 quod
1208 2713 1527 2783 frequenter
1582 2712 1804 2777 accidit,
1855 2727 1948 2767 eo-
2053 2737 2103 2775 νε

1909 2727 1948 2765 »-
2053 2720 2141 2775 vel
2174 2720 2398 2773 minima
2442 2720 2603 2773 datur
2633 2720 2877 2783 occasio,
2938 2717 3067 2772 totis
3128 2716 3395 2788 provehis
3425 2719 3657 2770 viribus.

358 2816 525 2879 gente
560 2808 754 2861 barum
810 2823 994 2862 rerum
1058 2806 1352 2878 imperitia.
1413 2809 1558 2874 quod
1597 2815 1800 2870 tamen,
1841 2805 1949 2861 nisi
2055 2809 2329 2865 Prteterea
2369 2808 2422 2863 id
2460 2811 2632 2881 tnagis
2656 2808 2877 2881 aggredi
2916 2823 3039 2861 sum
3088 2824 3281 2869 ausus.
3335 2810 3482 2878 quod
3533 2824 3659 2862 cum

360 2903 528 2955 tllotis
574 2904 906 2956 accederent
940 2900 1009 2953 ad
1038 2898 1430 2953 centrectauda
1469 2913 1623 2954 sacra
1674 2899 1948 2964 manibus,
2057 2904 2157 2959 tibi
2226 2903 2367 2957 forte
2425 2902 2645 2957 fortuna
2690 2919 2792 2957 nos
2846 2902 3130 2966 invisenti,
3196 2902 3436 2970 primum
3516 2904 3663 2956 hunc

360 2992 576 3049 facilius
634 3003 823 3064 posset
855 2993 1060 3065 ignosci
1098 3010 1109 3046 :
1141 3008 1290 3046 nunc
1317 3007 1465 3055 vero,
1523 3007 1593 3046 ne
1632 2994 1749 3046 Suis
1786 3008 1951 3062 repu-
2060 3009 2241 3049 meum
2267 3003 2483 3064 partum
2525 2997 2755 3049 omnino
2827 2994 3010 3049 adhuc
3073 2992 3367 3049 informem
3427 2995 3661 3048 demon-

362 3096 534 3159 gueiit
565 3086 857 3158 dogmatis,
892 3094 989 3140 aut
1024 3086 1345 3149 truncatim,
1379 3096 1475 3138 aut
1515 3099 1681 3154 prave
1726 3099 1953 3139 sensum
2058 3097 2471 3151 strassem,una
2496 3102 2625 3142 cum
2652 3086 2845 3142 Graeco
2868 3087 3195 3157 exemplari,
3228 3104 3576 3157 nequaquam
3606 3099 3663 3143 ut

362 3181 527 3233 nobis
559 3181 816 3233 reddunt.
846 3178 1002 3244 Quod
1044 3178 1168 3231 luce
1199 3178 1403 3231 clarius
1444 3174 1824 3241 ostendemus,
1861 3177 1954 3230 ubi
1988 3236 2024 3249 ﬂ
2061 3192 2372 3238 monstrum
2410 3182 2765 3247 abhorruisti,
2798 3181 2890 3234 sed
2916 3180 3080 3235 veluti
3112 3179 3442 3249 pulchellum
3472 3178 3663 3247 pusio-

362 3268 598 3320 alterum
635 3279 845 3321 tomum
882 3266 994 3320 Deo
1026 3267 1266 3337 propitio
1296 3264 1353 3319 in
1384 3266 1561 3320 lucem
1594 3268 1953 3331 ediderimus,
1984 3236 2026 3290 ο
2060 3292 2110 3332 ιιι

1918 3283 1953 3331 ί»
1984 3236 2026 3290 c
2060 3291 2188 3332 nem
2216 3276 2373 3330 avide
2399 3273 2803 3329 dcosculaharis
2830 3291 2842 3327 :
2872 3273 3146 3328 mirahare
3184 3288 3289 3325 non
3329 3271 3506 3325 nullas
3530 3287 3666 3339 quo-

362 3365 534 3433 quod.
560 3373 619 3418 ut
654 3380 838 3434 spero,
875 3366 1030 3419 brevn
1056 3364 1341 3419 faciei-ius.
1376 3363 1459 3419 0b
1483 3365 1599 3417 haec
1626 3364 1789 3433 igitur
1823 3362 1957 3415 atia-
2060 3385 2167 3441 que
2194 3370 2441 3425 occultas
2464 3370 2517 3424 in
2547 3384 2612 3423 eo
2639 3369 2809 3429 dotes.
2838 3384 2944 3422 non
2969 3368 3214 3440 cujusvis
3240 3367 3417 3420 ovulis
3440 3366 3663 3433 exposi-

364 3467 475 3521 que
507 3454 736 3523 plurima
760 3471 881 3524 qua:
916 3459 1227 3509 versionem
1257 3454 1422 3507 variis
1455 3460 1788 3523 exaggerant
1816 3452 1958 3505 αἰω-
2062 3468 2167 3516 tas.
2191 3459 2347 3527 Quod
2380 3460 2483 3515 nisi
2508 3460 2582 3513 ita
2608 3460 2953 3528 contigisset,
2982 3475 3086 3528 qna
3116 3460 3431 3513 temeritate
3458 3468 3665 3512 tentas—

366 3548 686 3610 cultatibus,
724 3565 835 3601 non
866 3548 913 3603 is
935 3564 1055 3603 sum
1083 3550 1176 3618 qui
1204 3565 1313 3601 non
1349 3550 1668 3617 intelligam,
1696 3556 1960 3616 quantum
2062 3562 2202 3613 sem,
2234 3549 2650 3621 tam'locnpleti,
2683 3551 2786 3605 hac
2817 3551 2981 3605 etiam
3013 3552 3062 3603 in
3095 3561 3269 3618 parte,
3308 3550 3447 3613 viro,
3476 3549 3666 3603 tantil-

369 3639 501 3693 huie
540 3641 753 3695 auctori
818 3642 1129 3711 dignitatis,
1202 3652 1583 3712 quantumque
1648 3640 1963 3710 splendoris
2061 3641 2174 3696 lum
2206 3641 2406 3699 oﬂ'erre
2449 3644 2837 3699 munusculum
2882 3663 2897 3699 :
2947 3642 3350 3709 Munusculum,
3390 3642 3608 3709 inquam
3651 3659 3665 3696 :

372 3736 756 3789 tenebricosos
787 3738 1065 3809 interpres
1122 3738 1473 3792 abstulerim.
1522 3735 1629 3791 Sed
1684 3745 1963 3804 utcunque
2068 3750 2195 3788 nam
2231 3734 2360 3788 licet
2393 3735 2446 3787 in
2480 3746 2539 3787 se
2566 3747 2769 3787 munus
2797 3731 2889 3794 sit,
2922 3731 3172 3785 fortassrs
3200 3747 3307 3785 non
3366 3725 3673 3800 aSpernan-

369 3832 464 3894 sit,
496 3844 719 3883 sensum
774 3839 959 3884 tamen
990 3845 1078 3884 me
1108 3839 1420 3885 assecutum
1468 3831 1687 3899 opinor,
1730 3828 1858 3882 licet
1880 3844 1962 3896 lp-
2069 3830 2222 3890 dum,
2250 3829 2293 3881 si
2335 3836 2515 3881 tamen
2543 3827 2608 3879 ad
2646 3827 2947 3879 immensas
2974 3840 3038 3879 ac
3072 3826 3505 3895 pretiosissimas
3556 3834 3679 3896 tuas

372 3941 498 3979 sum
552 3926 704 3981 nullo
763 3928 913 3980 cultu
950 3927 1335 3982 adornaverim
1376 3946 1389 3981 :
1426 3942 1620 3981 verum
1678 3926 1732 3980 id
1800 3940 1965 3979 nemo
2071 3935 2206 3991 opes
2266 3920 2609 3983 conferatur,
2691 3919 2976 3989 indignum
3047 3918 3388 3980 censebitur,
3440 3918 3588 3987 quod
3625 3918 3679 3971 in

376 4036 527 4075 sana:
594 4023 792 4076 mentis
842 4023 897 4076 in
950 4022 1374 4077 Commentariis
1416 4023 1680 4092 requiret,
1730 4021 1967 4074 maxime
2072 4028 2167 4071 tuo
2193 4016 2476 4079 thesauro,
2503 4014 2587 4067 vel
2615 4014 2873 4084 exiguum
2898 4012 3369 4092 int‘eniatlocum.
3396 4010 3680 4082 Siquidem

374 4118 447 4167 ab
478 4128 543 4168 eo
574 4115 690 4183 qui,
736 4125 795 4167 ut
828 4114 1089 4185 praefatus
1154 4130 1276 4170 sum
1306 4155 1320 4181 ,
1355 4090 1658 4186 peregrina:
1709 4115 1969 4167 astrictus
2072 4118 2133 4163 ut
2184 4109 2300 4163 hinc
2362 4108 2584 4161 interim
2636 4108 2851 4169 sileam,
2885 4110 3008 4176 qua:
3070 4090 3204 4160 dic.t
3265 4106 3564 4175 Apostolus
3626 4109 3684 4159 in

375 4217 462 4261 est
502 4208 721 4279 linguae.
748 4207 905 4274 Quod
946 4210 991 4263 si
1029 4209 1305 4264 universis
1328 4208 1647 4262 satisfacere
1674 4221 1789 4261 non
1814 4206 1967 4276 potui
2072 4204 2335 4273 episcopo
2389 4216 2501 4255 non
2584 4210 2844 4270 oportere
2937 4200 3247 4254 desiderari
3280 4218 3291 4252 :
3364 4214 3567 4269 nempe
3626 4210 3685 4254 ut

377 4302 539 4355 facile
573 4302 768 4366 feram,
802 4317 1022 4357 eumne
1050 4301 1436 4371 mihiquidem
1474 4301 1579 4371 ipsi
1621 4301 1676 4353 in
1709 4301 1970 4354 omnibus
2075 4292 2582 4362 irreprehensihilis
2646 4294 2741 4358 sit,
2801 4301 3061 4360 tanquam
3147 4290 3240 4345 Dei
3309 4293 3683 4361 dispensator,

378 4396 576 4447 faciam
612 4404 767 4447 satis.
799 4396 1058 4449 Attamen
1109 4410 1253 4450 onus
1305 4396 1433 4455 hoc,
1466 4408 1782 4463 quanquam
1830 4393 1971 4446 meis
2075 4387 2126 4439 vi

1935 4406 1971 4445 ης
2075 4387 2311 4456 vigilans
2372 4401 2540 4454 super
2599 4400 2839 4456 gregem,
2887 4384 3127 4450 sobrius,
3171 4400 3281 4437 non
3334 4391 3683 4452 praetractus,

380 4490 546 4559 longe
572 4492 750 4559 impar
776 4490 1048 4555 humeris,
1079 4490 1265 4544 subire
1294 4503 1589 4559 aggressus
1641 4502 1787 4549 sum,
1822 4485 1970 4555 quod
2078 4495 2189 4534 non
2215 4479 2536 4541 iracundus,
2565 4486 2659 4531 sed
2694 4480 2999 4543 modestus,
3032 4478 3345 4547 hospitalis,
3385 4493 3550 4547 aptus
3616 4483 3685 4531 ad

379 4586 490 4639 alio
511 4599 632 4639 sese
666 4600 776 4637 non
808 4584 1102 4648 offerente,
1134 4584 1341 4653 grande
1366 4584 1640 4637 ducerem
1670 4579 1972 4650 piaculum,
2009 4595 2053 4650 ι)
2080 4572 2415 4635 docendum,
2447 4571 2591 4640 pius,
2628 4584 2964 4639 temperans,
2996 4576 3157 4622 tenax
3205 4572 3327 4639 ejus
3364 4573 3455 4638 qui
3483 4586 3685 4624 set-un-

381 4684 430 4734 ιι
458 4674 646 4733 ﬁdeles
683 4678 890 4732 diutius
916 4686 1069 4731 ιδυιο
1107 4677 1498 4732 [laudarentur
1525 4677 1807 4730 thesauro,
1831 4676 1977 4741 Quid
2086 4667 2217 4719 dum
2247 4666 2556 4720 doctrinam
2588 4674 2674 4719 est
2703 4665 2888 4718 fidelis
2958 4677 3255 4729 SCI‘lltoma,
3284 4676 3342 4717 ιιι
3402 4678 3597 4734 potens
3621 4668 3690 4719 sit

386 4771 740 4844 enim.u‘uod
783 4773 855 4826 ad
879 4771 1211 4841 evangelica:
1270 4770 1515 4825 historia:
1567 4771 1975 4824 enarrationem
2086 4767 2134 4812 σι

1943 4785 1975 4823 ιι
2086 4758 2253 4812 etiam
2339 4758 2622 4810 exhortari
2722 4770 2821 4825 per
2917 4759 3226 4810 doctrinam
3320 4772 3533 4823 Sanam,
3638 4770 3691 4810 et

387 4868 603 4929 υιιίηει,
636 4867 691 4919 in
726 4866 1124 4937 υιιι-γεοειυωυ
1160 4864 1533 4935 potissimum,
1566 4865 1767 4920 deinde
1808 4875 1864 4919 ei
1923 4865 1978 4919 ί..
2087 4852 2529 4907 contradicentes
2578 4854 2937 4917 convincere,
3004 4866 3121 4905 non
3184 4852 3524 4919 vinolentus,
3584 4869 3691 4907 non

388 4962 647 5033 Origene,
701 4961 922 5029 Basilio,
960 4972 1056 5017 aut
1112 4960 1467 5016 Nazianzeno
1499 4959 1775 5026 invenies,
1834 4962 1982 5032 quod
2087 4963 2136 5019 P‘

1947 4962 1982 5016 ά
2087 4961 2401 5019 percussor,
2427 4961 2539 5000 non
2568 4946 2800 5015 turpiter
2826 4946 2965 5000 lucri
2994 4946 3213 5011 avidus,
3245 4947 3341 5001 sed
3401 4963 3592 5017 :equus
3632 4966 3694 5003 ac

395 5055 482 5111 hic
522 5056 785 5111 faeillime
854 5065 911 5110 et
951 5056 1391 5112 succinctissime
1436 5070 1550 5110 non
1582 5056 1865 5127 proferat?
1918 5058 1986 5110 Et
2084 5044 2141 5115 lu

1946 5058 1986 5110 ξι
2084 5044 2268 5115 justus
2324 5042 2570 5113 apugnis
2624 5052 2681 5096 et
2743 5042 2812 5097 ab
2845 5044 3080 5096 avaritia
3104 5043 3341 5110 alienus,
3368 5044 3464 5113 qui
3505 5045 3694 5098 domui

397 5151 785 5220 tibrysostomo
821 5149 1049 5219 quidem
1083 5152 1221 5205 satis
1274 5158 1428 5221 patet
1466 5164 1578 5205 non
1633 5165 1762 5204 eum
1812 5148 1984 5203 luisse
2091 5153 2145 5193 δυ

1955 5166 1984 5203 e
2091 5153 2203 5193 suae
2261 5138 2403 5193 bene
2463 5137 2672 5208 prazsit.
2698 5135 2857 5206 (Nam
2914 5138 2960 5191 si
3030 5136 3175 5207 quis,
3214 5137 3419 5208 inquit,
3464 5154 3699 5209 propria:

397 5259 643 5315 scopum,
678 5256 735 5298 ut
774 5244 1195 5316 Evangeliorum
1230 5253 1325 5299 aut
1383 5244 1665 5300 actionum
1722 5242 1980 5315 apostolo
2091 5235 2145 5289 dt

1951 5270 1980 5294 ι.
2091 5232 2278 5289 domui
2308 5248 2547 5303 praeesse
2571 5248 2681 5289 non
2706 5234 2882 5300 novit,
2939 5234 3222 5302 quomodo
3264 5233 3567 5288 Ecclesiam
3604 5234 3699 5287 ltei

396 5354 604 5406 carum,
632 5355 729 5393 seu
762 5339 1111 5395 Pauliuarum
1165 5339 1535 5410 Epistolarum
1588 5340 1797 5395 nudum
1829 5339 1987 5392 nobis
2094 5345 2144 5382 ει

1955 5354 1987 5392 .-
2094 5327 2375 5398 curabit?)
2414 5342 2527 5382 non
2563 5328 2620 5381 in
2650 5328 2758 5382 fide
2790 5328 3059 5393 novitius,
3110 5342 3180 5381 ne
3218 5326 3440 5381 inﬂatus
3470 5329 3524 5382 in
3548 5329 3703 5410 judi-

400 5435 638 5489 πτόα-ει
670 5433 1031 5488 intellectum,
1066 5434 1285 5503 Alioqui
1346 5432 1493 5487 enim
1552 5440 1665 5486 tam
1724 5422 1886 5489 vasta.
1930 5432 1987 5487 in
2095 5423 2241 5478 cium
2268 5422 2475 5479 incidat
2506 5422 2757 5479 diaboli:
2810 5424 2905 5493 qui
2934 5432 2989 5478 et
3049 5423 3258 5478 bonum
3290 5423 3494 5478 habeat
3548 5425 3705 5479 testi-

399 5545 600 5602 paucos
623 5541 795 5584 sacrm
831 5527 1131 5599 Scriptura:
1160 5527 1330 5583 libros
1382 5544 1496 5584 non
1532 5530 1844 5599 reliquisset
1894 5544 1992 5583 vo-
2098 5519 2351 5574 monium
2405 5519 2475 5573 ab
2531 5518 2837 5573 extraneis.
2915 5518 2988 5573 Ut
3050 5519 3193 5584 lucc,
3234 5520 3485 5589 inquam,
3518 5534 3705 5573 omnia

402 5628 633 5691 lumina,
675 5626 773 5680 sed
829 5624 1005 5695 plebis
1041 5623 1370 5679 formandos
1430 5639 1615 5680 moch
1678 5627 1995 5696 suscepisse
2098 5617 2288 5671 siluam
2350 5630 2472 5685 quae
2514 5614 2698 5668 nullus
2736 5616 2833 5684 qui
2874 5622 2926 5667 te
2991 5616 3218 5683 propius
3272 5616 3513 5679 noverit.
3556 5618 3611 5667 in
3657 5624 3710 5668 te

396 5727 572 5797 magis
604 5724 819 5778 videtur
857 5740 872 5777 :
904 5712 962 5779 et
987 5723 1192 5778 ideirco
1212 5721 1369 5780 locos
1405 5724 1474 5777 atl
1505 5725 1725 5793 plebem
1787 5733 2015 5785 tractat
2100 5711 2422 5766 desidera”
2454 5711 2659 5780 Ρδῑθτίι
2690 5728 2703 5764 ε
2736 5709 2869 5779 ιιυίιι
2892 5709 3157 5780 Pleraque
3188 5709 3354 5764 υῑίίιιιι
3413 5710 3707 5763 abundau‘

397 5835 745 5885 communes,
803 5831 858 5874 et
908 5819 1315 5876 enarrationem
1380 5820 1625 5877 homiliis
1679 5822 1993 5894 distinguit.
2101 5804 2140 5861 ιί

1960 5833 1993 5878 ι,
2101 5804 2213 5861 tius
2246 5804 2512 5871 inveniet,
2545 5819 2715 5875 quam
2765 5803 3011 5875 exegerit
3048 5805 3367 5874 Apostolus.
3420 5820 3547 5859 cum
3585 5806 3708 5874 pul-

397 5920 541 5985 Quin
570 5929 623 5974 et
677 5916 1139 5993 'l‘heoplq-lactus,
1189 5933 1499 5991 quanquam
1533 5917 1580 5977 is
1620 5921 1688 5977 ad
1750 5892 1995 5977 ωειδηω
2102 5896 2383 5954 cherrimo
2441 5910 2661 5969 quoque
2731 5907 2785 5953 et
2841 5895 3251 5968 lulgcntissimo
3306 5894 3398 5952 illo
3433 5892 3711 5951 castitatis
