4426 6438
769 396 839 461 39
2202 384 2617 450 PRIEFATIU.
3954 366 4031 444 to

768 508 1006 580 cingulo.
1075 506 1271 561 Verum
1342 506 1466 574 quis
1519 520 1630 559 non
1700 501 2061 558 admirabitur
2111 500 2167 554 in
2214 501 2335 556 viro
2364 515 2410 570 Α
2442 497 2723 561 facillime,
2764 497 2821 552 in
2877 494 3080 565 quibus
3119 510 3220 565 ego
3253 504 3447 549 noctes
3471 506 3637 564 atque
3698 495 3819 547 dies
3862 497 4029 549 desu-

772 612 881 656 tam
912 601 1169 669 praclaro
1199 614 1398 665 genere
1418 608 1560 659 orto.
1578 597 1664 651 cui
1697 598 1833 652 adeo
1855 610 2072 664 semper
2128 595 2335 650 arrise-

772 692 842 744 rit
865 704 933 744 ex
967 690 1115 742 omni
1150 700 1305 758 parte
1331 688 1570 751 fortuna,
1601 702 1723 757 qua.-
1753 686 1891 740 nihil
1936 685 2081 755 quod
2112 699 2335 739 suarum

770 789 854 832 est
911 782 1145 848 partium
1208 781 1311 849 ipsi
1364 793 1600 847 unquam
1652 791 1881 848 negasse
1929 776 2165 840 videtur,
2229 786 2336 829 tam

771 870 997 931 variam,
1035 868 1620 937 tamque_reconditam
1648 867 2036 928 eruditionem,
2068 866 2338 935 judicium

771 956 1162 1018 certissimum,
1186 956 1459 1024 ingenium
1480 964 1589 1009 tam
1616 970 1766 1021 acre,
1799 968 2045 1025 peneque
2069 955 2337 1019 divinum,

773 1050 1091 1103 memoriam
1115 1050 1250 1103 adeo
1283 1049 1576 1104 tenacem?
1611 1049 1667 1103 in
1698 1063 1806 1117 quo
1856 1058 2050 1118 prater
2089 1056 2339 1102 exactam

770 1143 1055 1210 utriusque
1110 1142 1250 1211 juris
1337 1142 1706 1212 prudentiam,
1773 1142 2070 1211 perfectam
2122 1155 2341 1210 quoque

770 1232 935 1286 trium
962 1232 1269 1303 linguarum
1296 1233 1547 1303 peritiam
1582 1233 1707 1302 quis
1746 1248 1853 1287 non
1876 1232 2179 1302 suspiciat!
2202 1231 2340 1286 Nam

771 1323 825 1374 in
858 1322 1071 1377 Grrecis'
1107 1339 1168 1377 ac
1198 1324 1404 1378 Latinis
1451 1325 1630 1379 adhuc
1680 1339 1814 1393 puer
1836 1324 2332 1379 esercitatissimus

767 1424 885 1467 erat
916 1430 932 1467 :
964 1415 1017 1466 in
1053 1415 1293 1469 Hebreis
1325 1430 1453 1469 vero
1489 1415 1631 1470 Deus
1698 1416 1841 1470 bone
1884 1430 2045 1485 quam
2110 1414 2342 1469 feliciter

767 1516 1015 1561 versatus
1053 1516 1154 1565 est.
1187 1521 1347 1575 quam
1402 1508 1567 1561 etiam
1595 1521 1720 1577 erga
1750 1521 1909 1562 suum
1944 1515 2340 1575 praeceptorem

770 1595 1027 1650 liberalis.
1061 1596 1162 1662 Qui
1197 1600 1282 1651 his
1341 1599 1505 1667 igitur
1567 1598 1864 1652 comitibus
1914 1599 1989 1652 ita
2038 1598 2105 1652 ad
2152 1613 2342 1653 sacras

762 1686 874 1755 jam
903 1687 1105 1741 dudum
1162 1689 1393 1742 accessit
1430 1683 1685 1751 Litteras.
1746 1698 1808 1741 ut
1834 1702 2012 1757 neque
2080 1688 2341 1742 naturalis

764 1778 1143 1847 philOSOpititc.
1210 1794 1391 1847 neque
1463 1779 1779 1850 theologi-aa,
1832 1764 1993 1848 quam
2042 1779 2336 1834 scholasti-

2440 591 2605 657 dans,
2640 590 2873 644 necdum
2898 605 3062 644 omne
3086 590 3139 645 id
3170 590 3313 658 quod
3338 589 3646 658 quaerebam
3705 602 3791 641 ine
3836 589 4032 656 opinor

2437 690 2773 736 assecutum.
2798 678 2844 734 Ο
2873 680 3081 734 utinam
3150 682 3285 735 tales
3341 681 3521 734 forent
3561 694 3751 734 omnes
3780 674 4029 748 episcopi

2443 788 2509 828 ac
2564 773 2995 843 dispensatores,
3050 788 3190 843 quos
3236 773 3502 827 Dominus
3543 772 3828 828 constituit
3862 786 4031 841 super

2443 864 2708 920 familiam
2756 878 2936 930 suam,
2995 874 3059 920 ut
3115 863 3248 919 dent
3280 864 3356 918 illi
3381 865 3565 918 cibum
3622 866 3678 918 in
3741 866 4025 933 teniporel

2444 958 2691 1028 profecto
2759 956 2978 1011 felicius
3026 967 3283 1026 ageretur
3335 971 3461 1010 cum
3535 954 3743 1011 Christi
3796 956 4021 1018 ovibus,

2444 1048 2557 1101 imo
2610 1062 2732 1101 cum
2783 1054 2894 1103 tota
2944 1046 3225 1116 republica
3308 1045 3646 1101 Christiana.
3728 1046 4027 1101 Prasulum

2442 1153 2677 1208 namque
2704 1147 2760 1194 et
2785 1147 3068 1207 pastorum
3087 1140 3252 1194 vitam
3273 1152 3340 1193 ac
3364 1153 3547 1193 mores
3576 1154 3711 1208 gres
3740 1141 4031 1195 universus

2441 1225 2705 1282 imitatur.
2729 1226 3080 1297 Quapropter
3100 1228 3361 1283 omnibus
3382 1228 3437 1281 in
3464 1228 3654 1291 rebus.
3678 1228 4031 1285 ornatissimo

2443 1319 2666 1387 prmsiil,
2708 1318 2813 1373 hoc
2870 1320 3087 1372 aurium
3147 1327 3534 1373 ornamentum
3573 1335 3643 1375 ne
3670 1319 3937 1384 fastidias,
3974 1329 4031 1376 te

2442 1422 2542 1476 per
2566 1416 2712 1460 tuam
2742 1405 2860 1461 orbi
2882 1407 3161 1477 cognitam
3192 1407 3591 1461 humanitatem
3642 1408 3811 1462 etiam
3858 1419 4023 1477 atque

2443 1499 2607 1553 etiam
2640 1500 2905 1554 obtestor.
2950 1499 3105 1554 Nosti
3148 1500 3295 1554 enim
3324 1501 3423 1570 ipsi
3479 1509 3814 1571 praceptum
3860 1502 4029 1557 fuisse

2442 1586 2598 1655 Mosi,
2630 1598 2690 1641 ut
2719 1590 2787 1644 ad
2816 1588 3232 1644 tabernaculum
3266 1604 3331 1645 ac
3372 1592 3745 1645 sanctuarium
3773 1602 4029 1647 constru-

2445 1679 2651 1733 endum
2705 1694 2817 1734 non
2872 1680 3035 1735 modo
3092 1694 3287 1734 aurum
3312 1690 3366 1735 et
3388 1691 3697 1753 argentum,
3734 1698 4029 1751 purpuram

2442 1779 2495 1823 ct
2517 1770 2763 1839 byssum,
2790 1771 2998 1840 lapides
3018 1772 3327 1841 onycliinos
3355 1788 3417 1827 ac
3453 1788 3695 1843 gemmas
3717 1776 4029 1843 acciperet:

767 1883 885 1921 cam
942 1880 1152 1933 vocant,
1219 1870 1613 1924 destitueretur
1656 1870 1871 1938 peritia,
1920 1869 2041 1937 quis
2103 1870 2339 1939 ambigat
2373 1858 2410 1911 Β
2442 1876 2633 1914 verum
2699 1862 2861 1916 etiam
2917 1863 3052 1917 viles
3103 1865 3243 1917 inter
3291 1872 3489 1918 cetera
3522 1879 3810 1934 caprarum
3868 1865 4027 1933 pilos.

768 1958 947 2028 ipsum
1007 1960 1141 2011 mira
1197 1960 1838 2028 praestiturumHtaque
1892 1962 2099 2013 nullum
2152 1961 2205 2013 in
2258 1962 2340 2015 eis

778 2052 1126 2116 quantuniiis
1150 2050 1461 2103 abstrusum
1490 2052 1738 2104 invenias
1765 2050 1968 2114 locum,
2020 2050 2178 2119 cujus
2210 2065 2338 2104 exa-

772 2142 1066 2192 etissituain
1100 2154 1208 2192 non
1235 2144 1403 2209 possit
1425 2158 1487 2195 ex
1523 2154 1765 2208 tempore
1790 2140 2015 2196 reddere
2046 2143 2337 2196 rationem.

770 2234 874 2285 Sed
910 2236 1038 2298 quid
1076 2247 1173 2307 ego
1208 2234 1321 2284 haec
1351 2247 1460 2285 non
1490 2232 1784 2285 credituris
1810 2232 2005 2287 frustra
2021 2235 2283 2288 denuntio
2320 2236 2341 2287 ?

769 2325 835 2375 de
874 2324 1093 2375 homine
1164 2324 1531 2392 potissimum.
1568 2325 1657 2393 qui
1691 2325 1937 2379 nondum
2001 2328 2255 2394 quintum
2286 2335 2341 2379 et

767 2416 1102 2467 tricesimum
1134 2418 1308 2484 attigit
1359 2430 1581 2479 annum,
1620 2416 1671 2467 in
1713 2416 2128 2484 praeclarissimo
2156 2418 2333 2487 digui-
2385 2483 2391 2487 _

768 2515 933 2557 tatiini
962 2522 1230 2576 opumque
1257 2508 1549 2576 splendore
1583 2523 1799 2576 semper
1843 2511 2159 2575 constituto,
2222 2526 2342 2578 quin

772 2615 879 2652 non
948 2616 1134 2667 parum
1195 2600 1566 2668 impedimenti
1638 2601 1835 2654 studiis
1896 2600 2090 2655 aﬂeri'e
2144 2604 2339 2657 solent.

771 2695 943 2759 Spero
969 2694 1220 2758 equidem
1255 2694 1399 2760 quod
1423 2694 1735 2747 concredita
1770 2694 1875 2747 sibi
1910 2695 2110 2747 talenta
2134 2711 2340 2764 nequa-

767 2800 927 2853 quam
956 2787 1005 2837 ill
1052 2796 1248 2837 terrain
1293 2785 1552 2837 defodiet.
1602 2785 1922 2854 Quanquam
1980 2788 2127 2839 enim
2180 2788 2341 2840 etiam

766 2891 912 2927 nunc
974 2882 1191 2927 im-erna
1246 2876 1316 2927 sit
1376 2890 1484 2927 non
1516 2876 1701 2928 subter
1736 2877 1999 2939 modium,
2032 2877 2126 2930 sed
2178 2893 2342 2946 super

765 2968 1161 3019 candelabrum
1223 2968 1417 3036 positu,
1476 2970 1731 3020 omnibus
1806 2971 1897 3036 qui
1962 2969 2015 3021 in
2086 2970 2341 3024 Ecclesia:

763 3067 926 3113 domo
983 3071 1129 3123 sunt,
1186 3072 1307 3110 vita:
1338 3076 1399 3112 ac
1440 3076 1649 3113 morum
1686 3060 2017 3129 integritate,
2051 3062 2342 3117 librorum-

762 3169 867 3224 qiie
910 3155 1183 3207 editorum
1240 3156 1483 3208 doctrina
1547 3153 1867 3224 praelucens,
1899 3169 1963 3208 ac
2015 3165 2073 3208 ut
2104 3154 2338 3225 probum

766 3256 987 3316 prmstet
1036 3246 1242 3299 Christi
1306 3248 1487 3300 svium
1540 3247 1646 3299 sibi
1680 3247 2119 3300 concreditarum
2150 3258 2336 3316 pasto-

768 3356 903 3401 rem,
963 3341 1211 3410 plurimis
1244 3341 1419 3408 iisque
1475 3342 1711 3394 maxime
1742 3340 1931 3394 arduis
1972 3340 2335 3413 distringatur

767 3434 1003 3503 negotiis
1038 3433 1222 3486 :dahit
1253 3442 1432 3484 tamen
1462 3434 1805 3503 propediem,
1830 3433 1875 3487 si
1923 3433 2172 3488 divinare
2208 3436 2337 3490 licet

764 3528 936 3596 majus
990 3527 1168 3577 adhuc
1226 3524 1309 3578 sui
1371 3526 1645 3589 specimen
1686 3526 1739 3578 in
1768 3526 1968 3591 lucem,
1996 3542 2104 3597 quo
2127 3530 2337 3597 perspi-

764 3636 923 3673 cnuni
974 3620 1228 3671 onmibus
1308 3618 1421 3682 ﬁet,
1466 3635 1550 3672 me
1619 3619 1734 3671 hac
1784 3621 2099 3674 assentandi
2160 3624 2332 3693 gratia

768 3712 992 3762 minime
1030 3708 1425 3779 promulgasse,
1452 3711 1544 3763 sed
1568 3710 1725 3780 longe
1756 3712 1934 3765 adhuc
1962 3714 2102 3765 intra
2130 3716 2330 3769 verita-

764 3804 831 3856 tis
894 3804 1094 3855 limites
1154 3805 1424 3856 calamum
1462 3805 1819 3858 continuisse.
1882 3804 2037 3870 Quod
2068 3808 2113 3860 si
2168 3809 2255 3863 liis
2306 3823 2337 3864 e

760 3898 948 3951 Graeco
1023 3897 1296 3949 vertendis
1379 3913 1567 3951 vacare
1637 3898 1921 3963 voluisset,
1999 3916 2337 3970 supervacue

764 3988 921 4040 nobis
967 3989 1235 4040 maximus
1281 3989 1370 4040 hic
1440 3988 1595 4041 labor
1651 4001 1979 4044 sumeretur.
2015 3990 2141 4046 Scio
2190 3996 2336 4047 enim

763 4083 1021 4135 nonnulla
1084 4099 1207 4135 eum
1238 4084 1391 4151 quasi
1428 4098 1525 4152 per
1545 4086 1733 4139 ludum
1799 4087 1903 4140 sibi
1949 4087 2053 4155 ipsi
2104 4088 2335 4142 vei-tisse

776 4247 825 4262 -

2444 1953 2562 2007 Scis
2607 1962 2664 2007 et
2720 1954 2896 2007 vidua:
2947 1955 3058 2021 duo
3120 1970 3225 2008 ara
3281 1956 3493 2010 minuta
3523 1972 3633 2010 non
3669 1958 3832 2011 modo
3863 1956 4030 2012 fuisse

2443 2047 2659 2101 Christo
2681 2048 3009 2118 gratissima,
3034 2048 3128 2102 sed
3157 2050 3413 2103 omnibus
3472 2064 3692 2118 quoque
3726 2050 4027 2119 splendidis

2443 2138 2671 2192 divitum
2739 2140 3062 2194 muneribus
3114 2140 3181 2194 ab
3237 2155 3302 2194 eo
3333 2143 3660 2209 praeposita:
3688 2151 3742 2194 et
3773 2142 4025 2211 poculum

2444 2244 2598 2298 aquai
2657 2232 2860 2299 frigida:
2913 2232 3113 2285 Christi
3178 2233 3401 2287 nomine
3451 2232 3791 2299 offerentem,
3824 2250 4030 2303 nequa-

2444 2338 2605 2389 quam
2632 2324 2856 2391 prmiiiio
2886 2324 3273 2378 fraudandum.
3304 2324 3360 2377 Si
3382 2325 3546 2395 igitur
3574 2341 3777 2379 munus
3808 2326 3909 2380 hoc
3960 2328 4029 2381 ad

2446 2426 2570 2467 tuas
2616 2415 2763 2467 domi
2829 2418 3098 2484 repositas
3154 2418 3373 2469 divitias
3450 2418 3724 2479 conferas,
3786 2418 4031 2486 profecto

2443 2507 2608 2561 vilius
2632 2509 2736 2561 erit
2765 2509 3152 2577 abjectissiniis
3177 2526 3469 2578 caprarum
3493 2512 3613 2579 pilis
3650 2528 3663 2566 :
3700 2515 3787 2564 cui
3821 2513 4031 2567 nihilo-

2445 2602 2646 2664 minus,
2674 2601 2816 2655 sicut
2852 2612 2905 2656 et
2936 2603 3063 2667 illis,
3086 2602 3239 2656 locus
3270 2605 3373 2656 erit
3406 2603 3472 2656 ad
3516 2604 3791 2657 exteriora
3852 2607 4033 2658 taber-

2445 2695 2626 2747 naculi
2675 2694 2888 2748 Domini
2942 2699 3289 2750 asseri'aiida.
3348 2698 3403 2749 Si
3463 2712 3591 2751 vero
3620 2700 3860 2751 animum
3924 2715 4031 2767 quo

2446 2786 2832 2840 munusculum
2890 2786 2995 2841 hoc
3026 2797 3129 2840 tua:
3165 2789 3550 2841 illustrissima:
3574 2789 3810 2843 oll‘ertur
3858 2789 4031 2844 Celsi-

2447 2876 2616 2928 tudiiii
2642 2878 3017 2945 conspexeris,
3044 2879 3219 2931 audeo
3251 2893 3521 2943 asserere,
3555 2894 3692 2931 auro
3716 2888 3772 2933 et
3821 2895 4023 2948 urgen-

2445 2974 2517 3026 to,
2582 2981 2826 3035 purpura
2865 2975 2919 3021 et
2960 2968 3142 3037 bysso,
3179 2968 3451 3036 lapidibus
3475 2968 3769 3038 onychiiiis
3794 2983 3855 3021 ac
3879 2984 4030 3037 gem-

2445 3060 2549 3111 mis
2609 3062 2769 3128 longe
2829 3060 3181 3129 pratstantius
3230 3059 3369 3113 fore.
3398 3060 3613 3114 Etenim
3647 3060 3819 3129 siqiia
3870 3060 3923 3112 in
3970 3073 4029 3112 re

2442 3152 2624 3213 detur,
2655 3159 2715 3205 ut
2743 3152 3000 3223 propensi
3031 3168 3156 3221 erga
3206 3162 3257 3207 te
3326 3153 3431 3207 mei
3460 3154 3629 3207 animi
3674 3157 3839 3208 laetas
3884 3154 4032 3223 prri-

2445 3246 2654 3309 culum,
2714 3246 2917 3298 nullam
2969 3246 3153 3299 subire
3201 3261 3529 3300 recusavero
3580 3246 3931 3310 sententiam,
3981 3248 4028 3300 si

2445 3354 2533 3392 me
2580 3340 2691 3392 ullo
2744 3339 2907 3391 modo
2971 3350 3021 3393 te
3080 3339 3363 3393 inveneris
3427 3338 3708 3394 fefellisse.
3763 3338 3841 3393 Nc
3899 3353 4029 3409 ergo

2445 3445 2645 3483 munus
2675 3430 2778 3483 lioc
2808 3434 2861 3482 in
2889 3444 2947 3483 se
2992 3432 3331 3493 consideres,
3376 3446 3478 3483 nec
3508 3434 3590 3485 ad-
3611 3432 3920 3485 unii'ersam
3951 3431 4027 3485 tui

2443 3524 2617 3577 musci
2670 3522 3065 3591 supellectilem
3110 3524 3403 3578 conferas:
3453 3524 3550 3578 sed
3626 3525 3692 3578 ad
3747 3522 4027 3579 oﬂerentis

2444 3616 2709 3680 animum,
2756 3630 2866 3685 quo
2947 3616 3001 3670 id
3056 3618 3365 3671 verecunde
3429 3618 3681 3687 porrigit,
3734 3633 4026 3687 paiumper

2445 3709 2887 3775 oculosdeﬂecte,
2904 3726 2966 3764 ac
2986 3713 3371 3765 munusculum
3395 3712 3549 3765 hilari
3572 3713 3750 3766 l'rontc
3766 3714 3985 3780 suscipe
4008 3731 4024 3768 :

2443 3814 2501 3857 ut
2541 3804 2671 3857 dum
2701 3806 2814 3859 haec
2848 3820 2956 3859 non
2992 3807 3202 3875 ingrata
3241 3806 3333 3860 tibi
3376 3805 3546 3860 fuisse
3589 3807 4024 3875 deprehendero,

2442 3900 2677 3968 majores
2711 3902 2776 3954 ad
2799 3901 3114 3971 bujusmodi
3140 3904 3318 3955 studia
3349 3904 3490 3956 vires
3533 3918 3830 3958 assumant.
3874 3904 4023 3969 Vale,

2441 3994 2735 4062 praesulum
2791 3994 2960 4049 decus
3012 3996 3298 4048 eximium.
3363 3996 3588 4049 Lovanii
3622 4011 3770 4050 anno
3798 4014 3826 4051 a
3863 4007 4024 4068 partu

2442 4089 2707 4156 virgineo,
2747 4088 2907 4153 1545,
2944 4098 3099 4143 sexto
3134 4088 3259 4143 ldus
3286 4092 3540 4159 Augusti.

879 4354 1173 4435 Ejusdem
1216 4355 1562 4413 admonitio
1613 4364 1684 4415 ac
1722 4366 1975 4415 auctore
2032 4354 2912 4513 horurrltsgomlmfntari’orum
2975 4378 3050 4419 ea:
3100 4360 3369 4421 editione
3415 4357 3499 4439 (α)
3533 4360 3907 4423 ιοωηιέηεί

2377 4484 2391 4509 ,
2475 4457 2505 4495 ο
2544 4484 2557 4498 .

2377 4484 2391 4509 ,
2438 4457 2557 4509 [οι.

838 4562 1093 4618 Studiose
1148 4565 1383 4620 Lectori.

829 4656 962 4709 Cum
992 4659 1089 4709 lios
1119 4657 1552 4715 Commentarios
1586 4670 1712 4716 ante
1752 4664 1957 4733 aliquot
2007 4680 2222 4720 menses
2259 4665 2331 4735 (ιι)

760 4750 813 4803 in
851 4751 1023 4803 iurem
1053 4752 1365 4815 ederenius,
1394 4756 1635 4809 studiose
1670 4757 1861 4823 lector,
1886 4774 1985 4813 nec
2008 4760 2141 4813 certi
2170 4761 2331 4831 quid-

758 4861 921 4915 quam
988 4846 1329 4911 haberemus,
1395 4849 1538 4917 quod
1570 4850 1637 4903 de
1670 4861 1892 4905 auctore
1934 4852 2328 4917 divinarcnius,

757 4939 985 4989 aliorum
1034 4937 1227 5007 magis,
1287 4956 1447 5007 quam
1508 4953 1753 4995 nostrum
1823 4946 1997 4997 secuti
2039 4946 2329 5012 judicium,

758 5034 961 5099 prwlati
1018 5046 1227 5094 smnus,
1287 5032 1613 5099 quibusdam
1677 5035 1843 5089 videri
1877 5047 2155 5091 auctorem
2208 5052 2331 5093 esse

829 5190 903 5251 {al
933 5190 1077 5239 llaiic
1114 5188 1431 5249 editionem,
1462 5203 1620 5256 quain
1658 5188 1921 5243 beneﬂcio
1964 5192 2170 5263 Hcynii,
2230 5195 2326 5247 \iri

762 5264 1106 5324 petiliiistris.
1143 5276 1206 5311 ex
1254 5260 1578 5312 bibliotheca
1644 5260 2054 5315 universitatis
2079 5265 2326 5317 (iiicllin-

758 5338 938 5398 pensis
964 5332 1168 5397 uici-pi.
1203 5342 1449 5383 recenset
1468 5330 1816 5401 Haiiiliei‘gei',
1842 5335 1907 5383 im
1932 5340 2120 5386 cierteii
2154 5336 2327 5388 'I'Iieile

759 5405 851 5451 der
897 5404 1275 5468 :uicrhiisagm
1318 5402 1669 5455 iVat'ltricliten
1706 5420 1799 5455 ton
1837 5410 1931 5456 den
1968 5415 2329 5459 l'Ul'llt‘ltmslell

756 5470 1187 5538 Sr/iiiftstrliern.
1229 5489 1328 5541 p‘ig
1374 5476 1459 5524 82’.
1506 5476 1589 5525 δῖ).

826 5554 897 5605 Ην)
934 5545 1279 5619 ,ωηο-1545,
1325 5554 1479 5597 sinito
1512 5547 1634 5597 ldus
1697 5548 1945 5615 Augusti,
1987 5560 2041 5600 ut
2089 5563 2153 5601 ex
2208 5552 2327 5619 ejus

757 5624 1073 5683 ιιτιειόιιωιιυ
1113 5616 1453 5685 intelligitur.

830 5687 896 5748 lc)
932 5688 1177 5755 Magnum
1209 5703 1326 5739 esse
1380 5688 1673 5739 discrimen
1743 5694 2030 5752 acuminis,
2091 5695 2323 5756 ordinis,

754 5758 987 5815 ronssli'i,
1052 5759 1449 5827 gracitatisquc
1489 5762 1629 5811 inter
1682 5760 2321 5821 Psciidoll'jcunieniiim

750 5839 805 5882 et
838 5841 978 5881 inter
1007 5830 1380 5901 buihymiuni.
1414 5845 1576 5884 nemo
1616 5836 1667 5884 in
1695 5835 1923 5891 dubium
1965 5836 2197 5895 vocabit.
2228 5840 2323 5907 qui

2364 4570 2869 4639 Dtllcumenium,
2932 4587 3095 4639 quem
3159 4572 3211 4625 in
3245 4582 3445 4627 cretera
3496 4570 3631 4626 Novi
3688 4573 4023 4631 Testainenti

2442 4663 2591 4717 brevi
2660 4680 2688 4715 a
2750 4665 2909 4718 nobis
2968 4664 3223 4719 Latinum
3262 4667 3527 4736 accipies.
3564 4670 3881 4738 Quanquam
3916 4677 3933 4742 (
3968 4684 4025 4726 ut

2438 4770 2627 4808 verum
2677 4757 2867 4827 fatear)
2904 4760 3068 4829 hujus
3120 4763 3337 4829 phrasis
3372 4762 3439 4814 ab
3471 4762 3560 4816 illo
3595 4778 3702 4817 non
3755 4769 4021 4835 paruni(c)

2439 4849 2859 4907 miliidissidere
2890 4854 3197 4909 videbatur.
3238 4856 3396 4910 Nunc
3420 4872 3549 4910 vero
3586 4861 3838 4913 eumdem
3876 4865 4016 4914 naCii

2440 4956 2720 4999 auctorem
2783 4947 2834 4999 in
2907 4947 3151 5004 Psalmos
3209 4950 3522 5015 Davidii'os,
3582 4968 3635 5008 ct
3676 4956 3725 5007 in
3792 4956 4013 5008 Cantica

2441 5052 2558 5106 qua:
2598 5038 2674 5106 (ά)
2737 5054 2844 5092 una
2902 5056 3027 5095 cum
3069 5042 3302 5098 Psalmis
3357 5049 3507 5099 canit
3584 5045 3846 5111 Ecclesia,
3918 5051 4023 5112 iam

2441 5210 2734 5279 utrumque
2765 5202 2975 5279 legerit,
3005 5206 3096 5258 sed
3120 5207 3185 5279 ile
3212 5204 3552 5261 (litumenio
3576 5208 3699 5272 quul
3733 5211 4020 5279 sentirem,

2441 5275 2542 5322 illiti
2576 5273 2727 5347 alibi.
2763 5276 2897 5325 (iuni
2926 5274 3212 5343 Eutliyniio
3240 5280 3389 5331 nullo
3415 5280 3575 5330 modo
3599 5273 4019 5347 comparandus:

2444 5344 2766 5426 :SllllliiilltU-S
2789 5355 2968 5426 autern
3004 5349 3296 5426 ll-uiliyinio
3344 5362 3425 5402 (st
3479 5344 4021 5426 Pseudo-Theophy-

2443 5413 2617 5466 lactus
2652 5431 2701 5465 in
2730 5415 3000 5483 Lpistolas
3028 5413 3306 5471 l’aulinas.

2514 5488 2590 5551 (d)
2618 5485 2717 5537 Ista
2752 5497 2960 5560 cantica
3012 5490 3065 5541 in
3128 5493 3405 5559 plerisque
3464 5494 3746 5547 codicibus
3804 5496 4013 5560 Itin/0',

2436 5556 2741 5633 juiigmitur
2806 5558 3077 5633 Al’gsalinis.
3127 5556 3326 5629 Atque
3365 5575 3433 5617 ita
3504 5565 3669 5619 etiam
3739 5582 3911 5633 reperi
3953 5556 4017 5627 in

2438 5630 2654 5681 iiiiobits
2700 5630 2981 5683 codicibus
3037 5631 3457 5701 Mosqucnsibus
3507 5630 3845 5690 l‘szilnioruin
3892 5658 4015 5695 cum

2438 5700 2891 5772 uitcrpretatioiie
2951 5700 3252 5772 Eutliyniii,
3311 5709 3566 5760 niiniruin
3602 5713 3655 5761 in
3692 5713 3811 5762 cod.
3874 5712 4011 5768 Bibl.

2437 5765 2536 5821 SS.
2577 5765 2764 5839 synodi
2794 5787 2947 5825 num.
2992 5765 3167 5827 l9ti'et
3198 5776 3283 5829 97.
