4426 6438
344 403 406 464 ιι
1779 381 2198 443 ΡιιιεεΑΤιο.
3560 376 3630 436 te

345 509 586 564 secundo
624 507 694 575 (c)
723 506 864 576 typis
893 516 1182 565 excusum,
1221 497 1533 552 certissimo
1557 494 1765 549 certius
1815 491 1934 545 ausi
1962 495 2013 553 Α
2041 490 2106 544 Et
2129 488 2418 557 utrobique
2469 501 2636 557 super
2667 501 2733 541 eo
2765 486 2955 552 verbo,
2996 486 3217 540 Pra-ibis
3262 497 3386 539 ante
3437 486 3631 553 faciem

346 616 537 655 sumus
591 600 739 652 I‘erre
788 595 1085 665 judicium,
1140 594 1335 645 horum
1397 583 1936 641 Commentariorum
2037 582 2254 635 Domini
2286 581 2617 649 pararevidr
2666 580 2804 647 ejus.
2867 579 3003 643 Quae
3066 580 3198 642 sint,
3262 580 3461 646 inquit,
3531 581 3633 629 via:

347 700 626 742 auctorem
664 700 789 739 esse
832 683 1197 753 Euthymium
1224 681 1289 749 (ι’)
1332 676 1695 745 Zigabonum.
1748 671 1936 741 Neque

348 781 495 833 enim
549 792 711 830 ovum
757 790 867 828 ovo
899 774 1003 827 fuit
1062 784 1302 839 unquam
1361 767 1502 821 adeo
1536 764 1735 826 simile,
1769 777 1932 831 quam

355 870 468 923 haec
490 870 564 937 (ς)
603 865 819 936 phrasis
849 864 949 916 illi.
990 861 1187 915 Videas
1210 859 1264 911 in
1303 866 1538 925 utroque
1570 863 1783 923 gratam
1806 866 1931 905 cum

351 960 515 1015 simili
555 962 762 1027 pietate
794 956 1145 1016 brevitatem,
1176 950 1515 1004 succinctam
1581 945 1942 999 Hebraismo-

354 1068 472 1105 rum
514 1050 984 1120 explanationem.
1014 1045 1081 1097 Et
1111 1040 1575 1113 quemadmodum
1608 1039 1682 1092 ibi
1721 1036 1932 1090 Psalte-

351 1146 515 1207 rium,
553 1145 624 1196 ita
654 1151 711 1195 et
744 1142 833 1195 hic
863 1139 1207 1207 singulorum
1245 1133 1711 1203 evangelistarum
1772 1144 1937 1183 enar-

354 1238 593 1287 rationes
618 1232 782 1286 simili
829 1246 894 1284 ac
945 1236 1277 1300 pervenusta
1334 1224 1615 1280 concludit
1639 1221 1943 1291 (10605010-

354 1328 449 1395 γίᾳ.
477 1327 667 1395 juncta
728 1323 1074 1392 παραινέσει.
1106 1320 1261 1373 Adde
1315 1319 1377 1387 (i)
1432 1316 1577 1385 quod
1630 1314 1775 1367 inter
1831 1327 1943 1367 caeo

357 1427 474 1470 tera
533 1426 753 1470 enarrat
801 1425 857 1469 et
886 1413 1072 1468 Maria:
1113 1426 1178 1465 ac
1201 1410 1484 1466 Zachariae
1541 1407 1778 1467 cantica,
1819 1419 1943 1473 qua:

358 1511 523 1563 habet
564 1509 737 1561 Lucas
796 1509 975 1577 primo
1022 1506 1203 1573 capite
1234 1521 1247 1555 :
1280 1516 1513 1572 quorum
1546 1510 1602 1553 et
1668 1500 1724 1551 in
1758 1484 1948 1550 hocet

357 1607 414 1653 tu
440 1601 532 1653 illo
554 1600 711 1658 libro.
746 1600 929 1652 verbis
963 1598 1233 1650 duntaxat
1261 1610 1362 1663 pro
1386 1593 1653 1647 varietate
1674 1590 1946 1658 interpre-

358 1700 472 1745 tum
499 1692 824 1756 immutatis,
861 1690 1112 1745 eamdem
1146 1688 1358 1743 videbis
1414 1683 1944 1754 interpretationem.

431 1850 501 1919 (e)
540 1850 615 1903 Ex
647 1853 748 1904 hoc
778 1850 982 1920 colligit
1009 1849 1618 1920 Hambergerus,supr_a
1643 1842 1910 1920 laudatus
1932 1858 1946 1894 :

358 1912 495 1973 Da‘si
508 1922 681 1989 einige
703 1912 1041 1985 Ifxeinpt'are,
1056 1912 1767 1989 allegwahrscheinliclilteit
1788 1912 1949 1989 naclt,

356 1992 456 2042 das
487 1983 644 2042 Jaltr'
668 1992 828 2053 15η,
858 1983 957 2057 an]
998 1991 1115 2041 dent
1165 1987 1304 2040 Tite!
1336 1987 1546 2057 [tilium
1587 1985 1695 2037 Sed
1724 1983 1957 2057 vocabit-

359 2060 475 2113 Ium
532 2052 819 2129 acum
864 2052 943 2113 est
1011 2052 1353 2129 ambiguum.
1422 2054 1728 2129 lncertum_
1779 2052 1952 2129 enim,

361 2140 549 2182 utrum
574 2132 640 2181 ad
673 2128 1110 2184 Commentarios
1149 2120 1203 2180 iii
1226 2127 1495 2187 Psalmos,
1554 2139 1623 2177 an
1664 2123 1731 2177 ad
1786 2120 1951 2174 Com-

362 2201 667 2252 mentarios
694 2201 748 2252 in
789 2201 1082 2268 Evangelia
1109 2200 1188 2268 sit
1240 2196 1622 2268 referendum.
1649 2191 1757 2247 Sed
1803 2190 1957 2268 *iIl-ud

364 2278 517 2335 puto.
556 2270 768 2321 I‘Ltenim
808 2260 1267 2321 Montvelalconius
1316 2268 1368 2317 in
1402 2264 1763 2335 Bibliotheca
1796 2260 1956 2315 Cois-

362 2333 589 2402 iiniana,
623 2354 673 2405 p.
709 2338 800 2400 58,
824 2347 1094 2391 memorat
1128 2338 1345 2389 illorum
1396 2333 1955 2405 Commentariorum,

362 2424 430 2460 ex
458 2403 912 2477 interpretatione
938 2408 1173 2475 Philippi
1210 2407 1384 2467 Sauli,
1405 2403 1957 2477 editionemgveronar

364 2479 421 2531 in
450 2480 543 2531 I'ol.
570 2475 701 2531 ann.
732 2480 888 2541 I550,
914 2488 969 2531 et
992 2481 1169 2531 Lutet.
1189 2479 1244 2530 in
1269 2480 1323 2542 8,
1350 2492 1480 2530 ann.
1505 2476 1662 2528 1545.
1692 2475 1958 2534 Priorem,

366 2549 410 2601 si
445 2560 591 2602 recte
626 2550 871 2611 memini,
905 2549 1012 2601 vidi
1035 2548 1309 2615 quondam
1358 2548 1412 2599 in
1461 2546 1794 2599 bibliotheca
1840 2559 1958 2594 am-

366 2619 594 2687 plissimi
635 2631 856 2673 senatus
897 2617 1222 2685 Lipsiensis.
1272 2617 1443 2680 IIanc,
1472 2626 1533 2669 ut
1582 2617 1820 2687 videtur,
1858 2629 1962 2665 no-

370 2685 446 2757 tat
500 2690 923 2757 Ilambergerus,
969 2692 1088 2742 loco
1134 2688 1355 2741 laudato
1386 2701 1699 2755 quanquam
1731 2685 1819 2737 hic
1860 2698 1959 2751 pro

370 2754 618 2823 Lutetiae,
639 2754 860 2828 scripsit
881 2758 1127 2814 Parisiis.
1150 2754 1813 2828 Alterum’argumentum
1846 2763 1953 2817 est,

2039 675 2158 742 ejus
2202 673 2442 726 diximus
2499 672 2662 725 tertio
2717 671 2895 739 capite
2986 670 3272 737 Evangelii
3330 670 3635 724 secundum

2040 762 2377 825 Matthmum,
2397 759 2501 814 'ubi
2531 762 2762 813 habetur
2794 777 2806 811 :
2849 760 2955 811 Vox
2980 760 3266 811 clamantis
3296 764 3351 811 in
3410 762 3634 823 deserto,

2041 862 2237 923 parate
2269 855 2407 906 ciam
2444 852 2680 905 Domini.
2712 850 2849 904 Cum
2876 853 2993 905 hac
3014 852 3230 919 aliaque
3294 852 3640 919 plurimaque

2044 947 2352 1000 certissima
2402 946 2468 998 de
2531 946 2635 999 hoc
2706 954 2935 999 auctore
3019 945 3223 998 indicia
3282 944 3636 1005 haberemus,

2045 1039 2340 1094 maluimus
2394 1039 2448 1091 in
2485 1038 2571 1091 his
2625 1054 2746 1106 qua:
2812 1038 3057 1090 nondum
3132 1037 3396 1090 distracta
3456 1045 3637 1095 erant,

2046 1132 2478 1201 exemplaribus,
2540 1133 2789 1187 studioso
2845 1131 3035 1185 lecturi
3073 1130 3125 1185 id
3160 1130 3428 1188 indicare,
3476 1144 3641 1197 quam

2046 1239 2173 1276 eum
2205 1223 2415 1276 diutius
2440 1238 2772 1291 suspensum
2839 1234 3051 1276 tenere.
3079 1220 3263 1285 Quare
3314 1220 3459 1272 sicut
3518 1218 3645 1271 illo-

2048 1329 2169 1367 rum
2198 1312 2737 1367 Commentariorum
2781 1312 2834 1364 in
2865 1311 3135 1372 Psalmos,
3172 1320 3452 1363 auctorem
3479 1323 3645 1362 nemo

2046 1406 2260 1459 dubitat
2320 1419 2449 1458 vc'e
2497 1419 2620 1458 esse
2687 1402 3042 1473 Euthymium
3124 1402 3490 1470 Zigabonum,
3558 1400 3641 1452 sic

2051 1513 2231 1566 neque
2267 1497 2536 1563 deinceps
2589 1497 2784 1548 horum
2857 1496 2909 1549 in
2952 1494 3249 1563 Evangelia
3284 1492 3647 1545 Commenta—

2053 1592 2261 1644 riorum
2289 1591 2606 1657 suspicetur
2635 1590 2927 1657 quisquam
2985 1588 3152 1639 alium
3185 1601 3307 1639 esse
3340 1594 3645 1637 auctorem.

2053 1681 2204 1735 Vale.
2238 1681 2397 1735 Anno
2431 1680 2587 1734 1544.
2622 1680 2795 1733 Nonis
2828 1678 3140 1733 Februarii.

2056 1836 2199 1904 quod
2255 1837 2311 1887 in
2338 1835 2827 1903 haetpsaeditione
2854 1834 3156 1903 Euthymii,
3212 1832 3341 1904 anni
3399 1831 3561 1893 1544,
3596 1831 3651 1883 in

2059 1902 2241 1960 Indice
2284 1902 2542 1957 scribitur
2571 1922 2583 1957 :
2624 1924 2641 1954 r
2674 1904 2838 1957 Liber
2883 1906 2971 1957 hic
3005 1902 3207 1971 ineque
3230 1902 3439 1971 Graec,
3476 1918 3656 1969 neque

2055 1976 2248 2029 Latine
2272 1986 2434 2026 antea
2463 1974 2603 2044 typis
2622 1989 2862 2043 unquam
2886 1970 3126 2027 excusus
3143 1982 3247 2026 est.
3265 1970 3540 2044 ipenique
3567 1971 3659 2025 hic

2056 2045 2112 2099 in
2148 2046 2253 2097 line
2302 2042 2916 2112 hujus‘admon’itionis
2976 2044 3212 2113 legitur:
3251 2060 3269 2091 ι
3311 2042 3369 2094 In
3417 2043 3502 2113 his
3536 2057 3661 2109 qua:

2059 2114 2305 2169 nondum
2375 2115 2638 2168 distracta
2660 2124 2841 2178 erant,
2893 2133 2910 2163 ι
2941 2112 3048 2167 etc.
3101 2114 3194 2165 Est
3229 2127 3392 2183 ergo_
3419 2112 3558 2173 haec,
3599 2120 3660 2163 ut

2059 2186 2247 2246 credo,
2311 2183 2481 2237 editio
2534 2185 2807 2253 princeps,
2871 2192 3082 2237 mutato
3106 2180 3320 2235 tantum
3379 2180 3583 2235 Indice.

2136 2258 2199 2323 (ﬂ
2229 2255 2326 2315 Ita,
2360 2270 2460 2322 pro
2491 2254 2813 2323 Zigabenus.

2132 2330 2208 2396 (g)
2255 2324 2311 2378 Id
2372 2325 2490 2391 ipse
2548 2328 2713 2377 etiam
2771 2324 2960 2377 testari
3011 2340 3259 2393 possum,
3286 2340 3412 2378 cum
3438 2324 3660 2377 codices

2062 2396 2429 2463 Mosquenses
2468 2397 2812 2448 I’salmorum
2849 2396 3224 2447 tractaverim.

2133 2467 2344 2546 (In-Sed
2384 2467 2488 2521 hoc
2550 2467 2604 2519 in
2670 2466 2921 2536 pluribus
2983 2466 3206 2520 Patrum
3239 2467 3665 2520 Commentariis

2062 2547 2357 2607 reperitur.

2135 2611 2197 2676 (i)
2230 2606 2324 2659 IIis
2350 2607 2700 2661 etsimilibus
2725 2606 3065 2677 argumentis
3096 2607 3149 2659 in
3184 2608 3378 2675 primis
3407 2608 3660 2665 ellicitur.

2068 2690 2352 2731 auctorem
2402 2679 2598 2731 horum
2665 2679 3206 2733 Commentariorum
3271 2694 3395 2733 esse
3457 2681 3669 2745 Euthy—

2071 2764 2263 2802 unum.

1335 3103 1462 3191 EJ
1494 3100 1880 3191 USDEM
2006 3094 2699 3188 PREFATIO.

923 3465 1167 3521 Candide
1188 3462 1421 3518 Lectori.

451 3654 528 3709 Ne
590 3653 723 3723 quid
778 3651 834 3705 in
884 3650 989 3704 hoc
1051 3659 1275 3703 auctore
1352 3648 1657 3703 evolvendo
1722 3646 1965 3710 bmsites,

379 3748 613 3803 candide
636 3747 858 3806 Lector,
894 3743 1085 3813 paucis
1114 3744 1183 3796 de
1228 3743 1393 3795 rebus
1428 3751 1479 3794 te
1529 3740 1787 3793 duximus
1825 3754 1968 3807 pra:-

380 3840 739 3896 monendum.
804 3838 863 3891 Id
927 3838 1090 3907 igitur
1143 3836 1380 3903 primum
1430 3834 1523 3895 sit,
1595 3834 1830 3900 quodin
1898 3846 1968 3884 eo

379 3933 679 4001 exemplari
708 3932 855 3999 quod
888 3930 952 3982 ad
979 3939 1199 3981 nostras
1248 3941 1445 3978 manus
1469 3927 1740 3993 pervenit,
1810 3939 1965 3993 quae.

380 4027 503 4079 dam
548 4024 939 4076 annotationes
996 4021 1274 4074 interdum
1370 4019 1717 4087 ponebantur
1776 4017 1849 4086 (ἑ)
1913 4016 1966 4067 in

382 4118 769 4189 marginibus:
823 4130 980 4183 quas,
1038 4130 1162 4167 cum
1224 4128 1567 4180 nequaquam
1622 4109 1969 4179 ptrnitendas

383 4226 688 4271 Censerem,
719 4225 831 4263 non
889 4208 995 4261 fuit
1022 4210 1241 4260 animus
1296 4207 1519 4273 penitus
1579 4205 1841 4273 abjitcre,
1899 4217 1969 4255 ne

384 4303 470 4355 vel
507 4304 613 4355 hoc
644 4301 935 4354 commodo
990 4300 1345 4352 fraudareris.
1376 4295 1579 4349 Verum
1639 4312 1708 4348 ne
1770 4295 1967 4364 hujus—

385 4399 526 4451 modi
582 4395 1035 4450 adnotationibus
1087 4393 1366 4463 margines
1433 4392 1802 4459 repierentur,
1856 4397 1971 4443 nec

382 4501 527 4544 esset
574 4490 816 4559 spatium
872 4487 1141 4555 ponendis
1189 4502 1361 4559 sacra;
1448 4486 1747 4551 Scriptura:
1810 4483 1966 4547 locis,

381 4600 501 4654 qua
545 4584 745 4652 passim
806 4583 873 4635 ah
915 4590 1139 4634 auctore
1190 4556 1451 4644 citaniur,
1509 4596 1603 4633 cas
1630 4580 1685 4631 in
1744 4578 1971 4645 reliquae

381 4676 680 4745 Scriptura:
755 4676 1005 4729 ordinem
1057 4674 1391 4741 redegimus,
1450 4684 1614 4741 atque
1674 4682 1798 4739 post
1845 4671 1969 4738 ejus

379 4770 663 4838 particula:
698 4778 880 4822 textus
932 4768 1341 4820 enarrationem
1378 4767 1447 4819 ad
1479 4782 1642 4833 quam
1686 4764 1969 4832 poneban-

383 4872 492 4924 tur,
531 4861 832 4914 loeavimus
860 4880 872 4912 :
898 4860 1066 4913 certis
1087 4871 1269 4911 tamen
1290 4859 1617 4927 quibusdam
1651 4858 1713 4925 (ι)
1736 4858 1965 4922 notitiis,

381 4957 508 5009 hinc
538 4956 759 5023 quidem
777 4956 1190 5008 adnotationem
1219 4953 1415 5022 ipsam,
1448 4953 1598 5011 illinc
1633 4969 1763 5005 vero
1786 4953 1969 5005 locum

382 5050 869 5119 euirespondeant
922 5047 1365 5116 designantibus.
1420 5048 1568 5099 Alzas
1614 5058 1823 5109 autem,
1848 5064 1970 5116 qua:

378 5143 597 5196 duobus
630 5141 814 5194 verbis
842 5140 1085 5208 capitum
1138 5140 1444 5193 sententias
1491 5141 1967 5201 demonstrabant,

377 5238 498 5291 suis
529 5235 663 5287 locis
688 5235 1029 5301 reliquimus.
1058 5231 1202 5295 Quin
1233 5241 1290 5284 et
1338 5233 1529 5301 paucis
1558 5234 1610 5283 in
1660 5232 1817 5294 locis,
1878 5233 1968 5286 ubi

376 5345 561 5400 opere
614 5329 853 5397 pretium
909 5329 1087 5382 visum
1118 5334 1225 5389 est,
1284 5338 1758 5395 nostras‘quoque
1794 5328 1968 5380 adno-

382 5426 720 5479 ta‘tiuncuias
752 5424 981 5492 margini
1008 5422 1317 5475 addidimus
1350 5440 1365 5473 :
1432 5423 1739 5489 praesertim
1770 5439 1785 5474 ε
1845 5438 1971 5475 cum

378 5519 575 5573 littere
634 5517 806 5570 dictio
856 5518 1041 5583 aliqua
1092 5514 1417 5569 Ichraicam
1474 5527 1571 5569 aut
1620 5516 1971 5571 Chaldaicam

420 5708 425 5711 >
453 5680 526 5751 (k)
552 5679 703 5733 Idem
727 5676 1043 5751 observavit
1066 5675 1381 5751 Richardus
1434 5675 1723 5732 Simonius
1781 5681 1837 5732 in
1863 5681 1975 5734 Eu-

380 5750 572 5821 thvmii
630 5752 918 5804 codicibus
982 5750 1271 5813 l’arisinis,
1339 5760 1396 5802 et
1454 5766 1555 5802 nos
1614 5752 1667 5803 in
1738 5762 1975 5822 utroque

384 5824 718 5894 Nosquensi.

755 5922 1021 5981 Ρλτιοι..
1072 5922 1189 5979 ιριι.
1240 5916 1521 5982 CXXIX.

2005 4829 2051 4884 Ι)

2007 3471 2050 3527 c
2086 3460 2251 3514 habet
2314 3462 2607 3532 originem,
2666 3479 2789 3532 qua:
2846 3480 2963 3519 ioca
3031 3473 3226 3519 auctor
3254 3475 3468 3529 noster,
3496 3478 3554 3521 ut
3583 3471 3677 3537 qui

2073 3552 2297 3608 Graecus
2326 3565 2538 3608 tantum
2558 3566 2725 3620 esset,
2745 3568 2839 3611 aut
2857 3559 3087 3613 omnino
3107 3561 3679 3629 prmtermiserarfaut

2074 3646 2735 3703 inlelicitertractaverat.
2766 3650 2823 3702 In
2849 3653 3024 3720 primo
3046 3656 3230 3707 statim
3251 3656 3496 3723 cujusvis
3517 3656 3680 3712 faciei

2073 3738 2232 3793 initio
2271 3755 2471 3794 nomen
2515 3742 2888 3812 evangelista;
2920 3760 3026 3797 una
3053 3760 3178 3799 cum
3220 3748 3416 3815 capitis
3451 3764 3684 3802 numero

2072 3836 2227 3905 juxta
2258 3837 2576 3892 Latinorum
2618 3844 3096 3896 enumerationem
3136 3846 3424 3911 p05uimus
3462 3865 3475 3898 :
3514 3863 3684 3916 supra

2077 3929 2227 3997 ipsos
2242 3940 2425 3985 autem
2448 3932 2656 4001 pagina:
2675 3950 2886 3999 versus,
2902 3938 3223 4005 maiusculis
3244 3938 3467 4003 litteris,
3487 3957 3687 3994 nume-

2080 4036 2201 4075 rum
2233 4023 2430 4092 capitis
2466 4026 2623 4093 juxta
2666 4026 2977 4081 Graecorum
3027 4035 3501 4099 supputationem,
3538 4037 3686 4101 quoii

2070 4132 2193 4171 eam
2229 4119 2398 4171 solam
2445 4128 2637 4173 auctor
2672 4131 2860 4175 noster
2904 4134 3017 4177 toto
3068 4140 3236 4193 opere
3286 4103 3681 4196 prosequatur.

2140 4210 2284 4265 Loca
2300 4228 2430 4266 vero
2457 4212 2696 4269 eBibliis
2748 4220 2934 4275 citata.
2967 4229 3062 4271 aut
3088 4234 3150 4272 ea
3180 4226 3590 4283 concernentia,
3627 4226 3678 4277 in

2072 4306 2317 4373 margine
2364 4308 2794 4374 adnotavimus;
2839 4314 3087 4366 numeris
3145 4314 3299 4383 juxta
3358 4314 3679 4372 Latinorum

2074 4396 2490 4450 distinctionem
2532 4401 2712 4469 capita
2747 4403 3191 4473 designantibus,
3226 4408 3375 4475 quod
3419 4410 3535 4462 haec
3560 4413 3681 4477 Opi-

2074 4504 2272 4542 nemur
2316 4506 2437 4545 esse
2486 4494 2581 4545 tini
2638 4495 2876 4551 notiora.
2944 4496 3047 4551 Ubi
3103 4510 3287 4553 autem
3352 4502 3682 4572 Iocusquis-

2075 4582 2218 4650 piam
2271 4584 2493 4651 citatus,
2526 4603 2635 4640 non
2669 4586 2835 4643 fuerit
2864 4590 2919 4642 iu
2952 4594 3199 4659 margine
3244 4611 3562 4663 expressus,
3614 4601 3681 4651 ad

2074 4674 2326 4742 ejusdem
2354 4680 2653 4734 voluminis
2688 4683 2868 4752 locum
2916 4696 3079 4738 antea
3113 4687 3341 4739 citatum
3375 4692 3680 4755 recurrito;

2082 4769 2135 4822 id
2173 4772 2323 4823 enim
2371 4774 2439 4828 de
2494 4775 2767 4829 indusuia
2821 4778 3130 4843 omisimus,
3196 4796 3264 4833 ne
3317 4782 3459 4834 idem
3522 4797 3687 4853 caput

2083 4866 2328 4934 ejusdem
2372 4869 2666 4923 voluminis
2699 4873 2860 4925 toties
2903 4874 3114 4929 iteratis
3152 4876 3360 4929 vicibus
3393 4878 3689 4932 adnotare-

2084 4974 2227 5013 mus.
2286 4961 2542 5030 Ignosces
2568 4964 2734 5016 etiam
2786 4979 2886 5033 pro
2916 4975 3009 5019 tua
3050 4967 3418 5032 humanitate,
3451 4974 3688 5025 Candide

2083 5052 2443 5123 lector,quod
2465 5072 2625 5111 voces
2658 5061 2925 5125 quasdam
2956 5075 3065 5111 non
3104 5063 3481 5126 vitaverimus,
3509 5081 3537 5114 a
3562 5067 3687 5133 qui-

2085 5142 2188 5197 bus
2221 5157 2410 5200 nostro
2436 5149 2539 5201 hoc
2570 5150 2801 5203 ieliciori
2828 5152 3029 5205 sa'culo
3060 5153 3365 5207 abhorrent
3395 5158 3648 5210 nonnulli
3674 5174 3690 5223 ;

2080 5236 2247 5291 veluti
2282 5250 2433 5300 sunt,
2473 5244 2733 5304 salvator,
2770 5243 3005 5306 sulvare,
3056 5246 3314 5312 compati,
3361 5250 3689 5313 compassio,

2078 5328 2614 5403 titcOiiipassibiliias,
2664 5338 3014 5406 dispensatio,
3067 5339 3455 5407 dispensatoris
3499 5358 3563 5393 ac
3610 5344 3686 5394 si—

2082 5428 2275 5481 miles:
2326 5428 2669 5498 potiSsimum
2768 5448 2893 5484 cum
2947 5432 3189 5485 viderem
3245 5417 3596 5488 doctissimos
3626 5453 3690 5487 an

2082 5524 2567 5591 eloquentissimos
2631 5525 2945 5579 christiana:
2999 5527 3280 5596 religionis
3335 5545 3601 5597 proceres
3625 5531 3695 5583 ab

2158 5686 2221 5766 (ι)
2248 5683 2522 5740 Nimirum
2555 5685 2712 5757 signo
2762 5686 2947 5743 crucis
2975 5688 3123 5758 quod
3168 5704 3271 5745 nos
3302 5705 3524 5762 quoque
3570 5690 3695 5744 imi-

2087 5766 2186 5811 tati
2219 5773 2431 5813 sumus.

3278 5915 3314 5975 2
