4426 6438
393 388 472 451 45

1835 370 2149 432 PR/EFAT
2159 369 2256 430 [Ο.
3614 365 3683 425 liti

397 498 640 551 tlnorum
672 494 1047 563 theologorum
1087 490 1345 559 opinione
1384 486 1677 541 dissentire
1708 483 1982 545 videatur,
2011 487 2063 546 Α
2088 498 2189 549 que
2228 497 2337 533 esse
2381 481 2665 533 subsistens
2695 480 2850 530 habet
2891 492 2954 529 ea;
2990 474 3154 527 Putre
3196 474 3358 527 simul
3407 487 3454 527 et
3502 477 3637 527 l-‘ilio
3668 494 3686 529 :

396 588 851 656 quemadmodum
881 596 937 640 et
961 586 1053 638 alii
1082 581 1253 637 Grati
1298 596 1309 630 :
1350 593 1548 647 nempe
1573 578 1639 631 de
1658 576 1744 629 die
1775 575 1982 629 mensis

396 695 509 747 quo
557 678 807 732 Christus
841 676 1122 745 mysticam
1165 671 1526 727 celebraverit
1555 667 1809 727 Coenam,
1830 674 1886 717 et
1915 662 1984 717 de

397 770 669 823 bonorum
712 785 775 822 ac
804 770 1065 821 malorum
1101 764 1459 818 retributione
1493 775 1722 830 operum
1755 777 1766 811 :
1800 766 1981 811 utrum

399 864 582 917 statim
628 879 657 915 a
687 864 953 929 cuiusque
1002 867 1175 912 morte
1214 860 1326 917 liat,
1361 870 1429 907 aii
1489 853 1555 906 ad
1611 852 1754 905 diem
1815 864 1985 916 usque

400 956 658 1023 postremi
680 954 867 1023 judicii
892 951 1194 1009 diﬁc-ratur,
1223 946 1679 1015 quemadmodum
1712 944 1841 997 olim
1857 957 1983 995 seu-

401 1057 591 1100 serunt
626 1045 819 1099 Gnaei.
844 1046 917 1098 De
944 1042 1151 1111 Spiritu
1183 1051 1607 1108 sanetoquoque
1648 1037 1793 1105 quod
1818 1051 1847 1087 a
1868 1034 1986 1089 solo

404 1138 563 1189 Patre
589 1140 864 1206 procedat,
884 1138 983 1189 etsi
1017 1135 1070 1187 id
1090 1148 1359 1201 nusquam
1386 1134 1526 1184 dicat
1552 1141 1746 1183 auctor
1776 1137 1985 1188 noster,

404 1232 546 1285 idem
602 1242 785 1284 tamen
820 1245 943 1283 cum
982 1226 1193 1280 trieteris
1242 1224 1446 1278 Graecis
1477 1222 1717 1276 sensisse
1754 1219 1987 1280 videtur,

403 1338 527 1375 cum
560 1324 729 1375 semel
765 1334 923 1390 atque
962 1323 1159 1374 iterum
1215 1317 1365 1370 dicat
1404 1317 1556 1368 illum
1596 1330 1625 1366 a
1659 1312 1818 1364 Patre
1863 1326 1988 1379 pro-

402 1416 618 1475 cedere,
661 1416 805 1465 nulla
861 1412 978 1465 i-‘ilii
1033 1410 1175 1463 facta
1227 1410 1526 1461 mentione.
1576 1404 1638 1457 Et
1678 1418 1989 1473 quanquam

402 1508 676 1575 praedictis
709 1508 761 1560 in
795 1508 947 1567 locis,
983 1502 1263 1571 iiiarginali
1298 1500 1743 1554 adtiotatiiiticula
1787 1509 1837 1549 te
1862 1512 1994 1564 prte-

405 1597 788 1658 munierimus,
824 1595 1055 1649 candide
1097 1594 1319 1645 lector:
1374 1590 1445 1644 ob
1495 1590 1603 1641 duo
1664 1597 1845 1641 tamen
1902 1587 1989 1638 illa

407 1690 708 1754 posteriOi-a
765 1686 861 1739 tibi
928 1682 1379 1753 perpetidetiduni
1452 1688 1557 1742 est,
1607 1680 1751 1747 quod
1803 1687 1993 1730 auctor

406 1789 595 1831 noster
623 1779 809 1831 multis
842 1777 1031 1846 procul
1072 1774 1239 1828 dubio
1286 1770 1445 1825 annis
1493 1781 1739 1839 tempora
1775 1768 1993 1821 concilii

404 1864 703 1919 Florentiiii
763 1863 1106 1932 princesserit
1143 1878 1154 1912 :
1191 1860 1244 1911 in
1317 1874 1426 1927 quo
1477 1858 1752 1927 Eugenius
1814 1853 1997 1908 Ponti-

404 1956 496 2012 fex
529 1956 619 2021 iV,
684 1958 1063 2010 Consentieiite
1115 1955 1447 2021 imperatore
1492 1949 1997 2017 Constantinopoli-

408 2061 560 2108 tano.
592 2063 647 2103 et
678 2050 792 2103 loca
823 2049 1138 2102 tenentibus
1180 2044 1641 2114 patriarcharum,
1676 2044 1999 2111 exterisque

403 2141 705 2196 Ecclesium
752 2140 1084 2193 Orieiitalein
1122 2137 1667 2205 repimsentantibus,
1707 2149 1852 2187 anno
1894 2135 1998 2186 ho-

407 2234 622 2286 miiiicae
655 2231 1051 2285 lncarnationis
1091 2229 1249 2291 1459,
1292 2229 1468 2297 pridie
1496 2226 1677 2279 Nonas
1708 2226 1860 2288 Julii,
1914 2226 1998 2279 sui

406 2325 757 2393 pontiﬁcatus
784 2339 927 2376 anno
975 2338 1142 2385 nono,
1180 2323 1389 2374 litteras
1418 2330 1622 2372 SallCl‘tD
1654 2318 1803 2371 dedit
1839 2320 2001 2369 unio—

407 2415 515 2477 iiis,
548 2419 745 2485 quibus
777 2415 1017 2484 pnedicti
1066 2430 1259 2466 omnes
1298 2429 1394 2464 suzi
1451 2412 1672 2462 nomina
1726 2415 2005 2477 διώκωμ-

408 2522 622 2566 seruiit,
658 2509 773 2560 li.ee
816 2514 955 2561 inter
990 2517 1187 2559 eis-tera
1225 2506 1591 2557 continentes.

483 2599 856 2653 Convenientes
906 2597 1084 2649 Latini
1133 2607 1180 2649 et
1226 2596 1394 2650 Gra’ci
1438 2597 1490 2647 iii
1527 2596 1625 2645 hac
1662 2604 2005 2645 sacrosancta

414 2693 734 2743 acumenica
780 2692 1001 2756 synodo,
1040 2705 1230 2757 magno
1261 2686 1436 2738 studio
1471 2686 1692 2736 invicem
1742 2686 1819 2734 usi
1864 2695 2006 2747 sunt,

414 2794 473 2836 ut
504 2787 638 2834 inter
671 2786 780 2834 alia
836 2784 997 2833 etiam
1042 2780 1302 2831 articulus
1342 2778 1429 2828 ille
1466 2780 1527 2829 de
1564 2778 1744 2829 divina
1779 2774 2009 2843 Spiritus

414 2878 586 2930 sancti
611 2877 957 2943 processione,
990 2890 1200 2925 summa
1246 2888 1364 2923 cum
1392 2872 1669 2941 diligentia
1703 2881 1749 2922 et
1789 2872 2007 2923 assidua

418 2971 761 3028 inquisitione
800 2972 1168 3019 discuteretur.
1202 2964 1436 3018 Prulatis
1465 2980 1581 3017 vero
1613 2964 1925 3018 testimoniis
1950 2978 2012 3014 ex

420 3062 610 3112 divinis
647 3057 957 3125 Scriptum,
990 3058 1333 3125 plurimisque
1356 3055 1767 3107 auctontatibiis
1798 3064 2014 3106 sancto-

2090 583 2137 624 et
2176 588 2239 625 ea:
2271 581 2489 639 utroque
2538 559 2865 623 cetérn‘aliter
2896 578 3154 634 tanquam
3196 570 3261 619 ab
3294 586 3395 618 uno
3427 572 3689 635 principii)

2088 674 2134 715 et
2164 664 2318 714 unica
2344 662 2631 727 spiratione
2652 663 2905 728 procedit.
2937 660 3282 712 Declarantes
3311 664 3449 727 quod
3480 664 3529 710 id
3551 666 3688 729 quod

2088 754 2256 804 sancti
2294 753 2527 804 doctores
2559 761 2607 804 et
2643 751 2830 802 Patres
2865 752 3065 808 dicunt,
3096 768 3159 803 ex
3190 751 3350 803 Patre
3373 770 3463 817 pcr
3489 752 3691 805 Filium

2091 846 2366 911 procedere
2392 842 2652 907 Spiritum
2680 853 2944 902 sanctum,
2982 846 3050 893 ad
3098 846 3233 894 hanc
3278 845 3692 913 intelligentiam

2093 935 2279 998 tendit,
2316 946 2368 987 ut
2403 950 2494 1001 per
2523 942 2618 986 hoc
2647 934 2970 1003 significetur
3004 934 3202 987 Filium
3231 954 3432 1003 quoque
3475 955 3582 990 esse
3609 954 3692 991 se-

2091 1028 2317 1078 cundum
2366 1027 2572 1080 Crwcos
2605 1028 2811 1094 quidem
2868 1042 3110 1089 causam,
3138 1031 3426 1081 secundum
3476 1030 3695 1083 Latinos

2092 1133 2210 1169 vero
2246 1117 2568 1185 principium
2596 1116 2946 1168 subsistentia
2982 1116 3213 1182 Spiritus
3253 1119 3425 1168 sancti
3465 1120 3599 1169 sicut
3642 1128 3694 1170 et

2092 1208 2330 1263 Putrem.
2371 1209 2435 1261 Et
2482 1210 2728 1275 quoniam
2775 1210 2952 1260 omnia
3001 1225 3119 1276 qua:
3171 1208 3353 1260 Putris
3402 1222 3545 1271 sunt,
3584 1214 3694 1279 ipse

2098 1300 2261 1353 l’ater
2284 1302 2550 1369 unigenilo
2581 1300 2717 1353 Filio
2752 1316 2844 1352 suo
2871 1306 3130 1369 gignendo
3167 1302 3326 1361 dedit,
3363 1314 3552 1369 pra'ter
3586 1319 3699 1356 esse

2100 1390 2338 1452 Patrem,
2371 1396 2464 1442 hoc
2484 1394 2654 1458 ipsum
2679 1393 2815 1459 quod
2850 1390 3080 1456 Spiritus
3124 1400 3340 1443 sanctus
3362 1396 3597 1456 procedit
3633 1411 3695 1444 es;

2096 1482 2253 1546 Filio,
2314 1485 2423 1548 ipse
2453 1482 2622 1535 Filius
2672 1500 2701 1534 ιι
2746 1482 2901 1534 Patre
2952 1483 3274 1535 (l'lt’r’tulilcr
3314 1484 3488 1546 habet,
3528 1500 3558 1535 a
3598 1502 3700 1550 quo

2098 1573 2417 1625 a'tcrnaliter
2444 1574 2603 1625 etiam
2642 1574 2847 1641 genitus
2891 1586 2987 1625 est.
3030 1573 3321 1637 lle/inimus
3349 1560 3556 1638 insuper
3599 1592 3693 1627 cx-

2098 1668 2439 1735 plicationem
2495 1670 2709 1720 illorum
2772 1668 3069 1732 verborum,
3125 1668 3391 1736 Filioque,
3459 1673 3700 1722 t‘c’t'llttltn‘

2101 1761 2440 1814 declaranda:
2473 1762 2648 1831 gratia
2687 1772 2733 1814 et
2768 1762 3069 1813 imminente
3102 1770 3223 1811 tunc
3270 1764 3593 1821 iiccessitarc,
3634 1763 3703 1815 li-

2102 1856 2202 1907 cite
2249 1870 2312 1905 ac
2368 1854 2759 1905 rationabiliter
2791 1852 3026 1920 symbolo
3065 1853 3227 1920 fuisse
3278 1855 3597 1918 appositam.
3638 1854 3703 1906 Et

2102 1948 2245 2001 inira
2278 1948 2345 2000 de
2405 1960 2633 2015 operum
2696 1944 3057 1998 retributione
3094 1945 3375 2013 subjungit
3406 1961 3417 1995 :
3455 1946 3707 1997 Illorum-

2103 2058 2200 2109 que
2231 2041 2440 2093 animas
2467 2040 2553 2108 qui
2579 2049 2690 2105 post
2728 2040 2989 2103 baptisma
3027 2048 3327 2103 susceptum
3362 2038 3565 2090 nullam
3594 2055 3707 2090 om-

2105 2134 2231 2184 nino
2278 2132 2479 2197 peccati
2531 2130 2795 2182 maculam
2846 2133 3205 2187 incurrerunt,
3247 2130 3369 2182 illus
3400 2133 3557 2182 etiam
3594 2148 3710 2201 qut?

2106 2230 2219 2285 post
2260 2230 2587 2272 contractam
2631 2220 2827 2285 peccati
2863 2221 3150 2281 maculant,
3184 2218 3263 2271 rel
3291 2220 3343 2270 in
3385 2224 3492 2271 snis
3522 2239 3709 2283 corpo-

2108 2312 2273 2372 ribus,
2305 2314 2383 2364 vel
2442 2314 2632 2365 eisdem
2666 2322 2836 2363 extitre
2870 2310 3191 2375 corporibus,
3223 2314 3275 2362 in
3316 2329 3479 2378 pomi.»
3513 2329 3710 2381 pili-gn-

2109 2405 2253 2466 ιιινὶἑ,
2296 2415 2449 2469 prout
2502 2403 2746 2470 superius
2803 2405 3008 2466 dictant
3062 2413 3157 2465 est,
3199 2415 3321 2457 sunt
3358 2418 3619 2473 ptti'gultl',
3656 2409 3713 2457 in

2110 2499 2300 2549 uelum
2335 2512 2456 2547 mox
2486 2497 2670 2561 recipi,
2700 2504 2747 2547 et
2782 2497 2976 2546 intueri
3006 2498 3148 2547 clare
3176 2498 3347 2559 ipsum
3391 2497 3553 2549 Deum
3606 2512 3704 2549 tri-

2112 2606 2236 2641 num
2271 2602 2319 2641 et
2351 2605 2513 2640 unum
2544 2588 2699 2640 sicuti
2728 2596 2823 2648 est,
2862 2589 3173 2638 meritorum
3208 2598 3383 2639 tantm
3408 2591 3713 2643 {litet'bllllle

2116 2682 2283 2734 alium
2327 2681 2434 2733 alio
2471 2681 2772 2749 perfectius.
2802 2678 3027 2733 Illorum
3062 2689 3241 2731 autem
3277 2682 3515 2743 animus,
3550 2685 3716 2750 quiin

2114 2778 2317 2828 actuali
2374 2774 2591 2827 mortali
2636 2783 2849 2843 peccato
2885 2773 2965 2826 vel
2996 2773 3107 2825 solo
3144 2776 3396 2843 originali
3431 2778 3713 2840 decedunt,

2117 2886 2237 2921 mox
2270 2870 2322 2919 in
2354 2870 2638 2935 iit/eruum,
2672 2867 2833 2933 paruis
2862 2879 3035 2918 tamen
3063 2868 3367 2934 disparibus
3395 2874 3717 2937 puniendus.

2117 2962 2286 3014 Porro
2322 2961 2388 3014 de
2441 2964 2617 3028 prima
2650 2960 2740 3012 illa
2799 2961 3119 3013 diversitate
3156 2960 3263 3013 diei
3306 2976 3416 3029 quo
3463 2964 3723 3017 (.‘liristus

2119 3070 2319 3123 agnum
2354 3054 2665 3122 pasclialem
2712 3053 2904 3115 ederit,
2951 3063 3007 3105 et
3053 3054 3119 3106 de
3152 3069 3215 3106 eo
3262 3070 3371 3121 quo
3418 3071 3516 3123 pro
3564 3058 3723 3109 nobis

426 3167 540 3201 rum
595 3156 865 3201 doctorum
912 3148 1276 3200 Orientalium
1314 3156 1360 3197 et
1402 3146 1826 3200 Occidentalium
1866 3162 1879 3196 :
1910 3145 2015 3195 ali-
2046 3163 2087 3219 (ς
2124 3156 2371 3200 mortuus
2394 3145 2483 3208 sit,
2525 3146 2679 3214 longa
2714 3160 2931 3213 semper
2960 3146 3059 3198 luit
3090 3145 3235 3199 inter
3274 3145 3492 3201 Gram-os
3526 3157 3573 3200 et
3616 3146 3726 3201 La—

448 3242 610 3293 iiibus
651 3243 858 3307 quidem
885 3256 947 3291 ea:
978 3239 1135 3292 Patre
1165 3250 1211 3291 et
1250 3239 1405 3296 Filio,
1436 3238 1752 3305 quibusdam
1788 3254 1907 3289 i-eru
1951 3254 2012 3289 ex

426 3333 584 3385 Patre
610 3347 698 3397 per
727 3329 923 3382 Filium
959 3330 1240 3396 procedere
1267 3330 1561 3381 dicentibus
1598 3326 1860 3395 Spiritum
1881 3343 2014 3379 san-

428 3436 590 3486 ctum,
622 3432 668 3474 et
697 3425 763 3473 ad
802 3425 1037 3475 eamdem
1066 3421 1476 3491 intelligentiam
1511 3421 1881 3486 aspicientibus
1907 3436 2015 3472 ont-

432 3518 575 3569 nibus
624 3525 715 3568 sub
760 3516 978 3568 diuersis
1012 3515 1299 3567 vocabulis.
1332 3512 1501 3569 Cra-ci
1533 3514 1746 3581 quidem
1780 3528 2021 3564 asserue-

430 3618 551 3660 iunt
576 3607 786 3675 quodid
818 3609 953 3674 quod
980 3608 1161 3658 dicunt
1200 3604 1462 3674 Spiritum
1495 3616 1737 3657 sanctum
1762 3620 1825 3655 ex
1859 3602 2022 3656 Patre

428 3701 729 3769 procedere,
767 3716 867 3751 non
908 3704 1007 3751 hac
1058 3709 1228 3751 mente
1274 3700 1591 3768 proferrent,
1626 3707 1681 3749 ut
1737 3696 2021 3749 excludant

434 3792 658 3855 Filium,
686 3795 777 3846 sed
800 3795 924 3861 quia
953 3794 1024 3846 eis
1047 3795 1345 3857 videbatur,
1381 3804 1436 3844 ut
1470 3794 1647 3854 aiunt,
1675 3790 1895 3843 Latinos
1934 3807 2025 3843 as-

434 3902 604 3939 serere
642 3886 899 3955 Spiritum
942 3898 1186 3940 sanctum
1220 3902 1284 3939 ex
1336 3886 1501 3939 Patre
1557 3883 1803 3955 Filioque
1842 3902 2027 3955 proce-

435 3981 575 4045 dere,
608 3990 860 4047 tanquam
891 3995 953 4032 επ
984 3980 1179 4031 duobus
1212 3979 1483 4046 principiis
1525 3986 1573 4031 et
1614 3977 1817 4031 duabus
1849 3979 2030 4045 spira.

439 4074 683 4136 tionibus,
716 4074 829 4125 ideo
866 4074 1229 4124 abstinuerunt
1264 4088 1295 4124 a
1333 4072 1551 4123 dicendo
1604 4074 1741 4141 quod
1794 4070 2029 4138 Spiritus

437 4173 651 4218 sanctus
708 4179 771 4215 ex
812 4160 979 4216 Patre
1027 4164 1276 4233 procedat
1321 4178 1387 4216 es:
1424 4161 1562 4215 Filio
1592 4179 1610 4216 ε
1668 4162 1852 4215 Latini
1910 4178 2032 4216 vero

436 4258 824 4326 aﬁrmaverunt
859 4272 963 4309 non
986 4272 1041 4309 se
1070 4263 1166 4309 hac
1190 4270 1359 4309 mente
1401 4258 1571 4309 dicere
1601 4254 1859 4323 Spiritum
1901 4271 2032 4308 san-

436 4363 576 4404 ctum
608 4368 671 4404 ea:
710 4349 846 4404 Filio
864 4352 1159 4418 procedere,
1196 4360 1251 4402 ut
1291 4350 1576 4403 excludant
1627 4348 1868 4412 Patrem,
1905 4350 2033 4419 quin

435 4447 503 4498 sit
539 4446 652 4514 fons
691 4461 755 4497 ac
784 4445 1107 4512 principium
1157 4445 1316 4496 totius
1356 4426 1604 4504 Dcitatis,
1642 4440 1771 4495 Filii
1828 4443 2028 4495 scilicet

438 4548 487 4593 et
515 4536 748 4609 Spiritus
772 4540 967 4602 sancti,
1005 4550 1095 4591 aut
1127 4539 1266 4609 quod
1296 4540 1347 4591 id
1381 4539 1518 4608 quod
1547 4537 1779 4606 Spiritus
1813 4547 2030 4589 sanctus
2068 4532 2107 4583 υ

439 4634 672 4700 procedit
712 4648 776 4684 ex
828 4629 995 4694 Filio,
1030 4631 1196 4685 Filius
1238 4650 1268 4684 a
1310 4631 1477 4685 Patre
1514 4647 1615 4683 non
1663 4630 1876 4695 habeat,
1924 4618 2033 4681 sive

442 4729 579 4795 quod
604 4732 708 4782 duo
735 4738 935 4793 ponant
971 4726 1234 4795 principia
1271 4741 1363 4779 seu
1391 4726 1524 4778 duas
1572 4724 1911 4792 spirationes,
1944 4723 2033 4777 sed

441 4831 498 4873 ut
538 4837 700 4872 unum
735 4828 947 4872 tantum
973 4827 1217 4871 asserunt
1241 4834 1351 4871 esse
1375 4819 1694 4886 principium
1718 4816 2035 4884 unicamque

442 4917 784 4980 spirationem
830 4909 1059 4981 Spiritus
1089 4914 1283 4976 sancti,
1326 4919 1481 4980 prout
1512 4912 1758 4962 hactenus
1796 4924 2037 4962 asserue-

447 5022 605 5063 runt:
636 5018 683 5061 et
711 5024 830 5059 cum
875 5022 937 5061 ex
964 5008 1043 5059 his
1075 5007 1314 5059 omnibus
1356 5022 1496 5058 unus
1536 5013 1584 5057 et
1620 5005 1758 5057 idem
1791 5006 2036 5056 elicmlur

449 5103 686 5157 veritatis
736 5117 939 5163 sensus,
977 5102 1187 5153 tandem
1218 5101 1273 5153 in
1321 5100 1461 5170 infra
1494 5099 1748 5164 scriptam
1794 5107 2038 5150 sanctam

448 5198 556 5252 Deo
597 5196 881 5250 amabilem
921 5197 1099 5248 eodem
1131 5210 1284 5249 sensu
1330 5194 1615 5263 eademque
1669 5203 1839 5245 mente
1885 5195 2040 5244 unio—

452 5310 589 5357 nem,
634 5289 963 5345 unanimiter
1013 5290 1399 5343 concordaritnt
1428 5300 1473 5341 et
1520 5298 1945 5349 consenserunt;
1987 5285 2042 5337 in

453 5391 659 5439 nomine
710 5385 876 5454 igitur
919 5392 1120 5437 saneta
1166 5382 1462 5447 Trinitatis,
1497 5364 1679 5433 Patris
1731 5388 1778 5432 et
1818 5376 1950 5432 Filii
1994 5388 2043 5432 et

453 5480 681 5552 Spiritus
700 5480 893 5545 sancti,
925 5481 1021 5532 hoc
1040 5494 1195 5531 sacro
1220 5475 1513 5531 universali
1552 5476 1884 5544 approbante
1916 5472 2043 5526 Flo-

455 5576 659 5631 rentino
697 5574 920 5629 concilio
972 5572 1271 5640 deﬁnimus,
1302 5581 1360 5623 ut
1411 5575 1519 5623 haec
1578 5569 1699 5638 ﬁdei
1737 5568 1933 5622 veritas
1980 5575 2046 5622 ab

456 5673 698 5726 omnibus
736 5670 1057 5726 Christianis
1096 5670 1346 5722 credatur
1389 5676 1435 5721 et
1482 5666 1828 5734 suscipiatur,
1870 5666 2048 5735 sicque

455 5784 633 5822 omnes
666 5764 1058 5837 proﬁteantur:
1096 5765 1234 5831 quod
1272 5760 1506 5831 Spiritus
1548 5771 1761 5814 sanctus
1794 5775 1859 5815 ea:
1887 5757 2049 5813 Patre

457 5876 507 5919 et
551 5862 691 5918 Filio
736 5860 1059 5917 ιιίρνηαιὲιεγ
1089 5868 1186 5927 est,
1218 5867 1266 5913 et
1322 5858 1603 5913 essentiam
1655 5872 1830 5926 suam,
1863 5870 2017 5911 suum

2121 3242 2264 3292 tinos
2292 3239 2591 3301 contentio,
2617 3238 2925 3291 dicentibus
2959 3238 3161 3291 Graecis
3187 3241 3364 3307 ipsum
3388 3239 3724 3294 decitiiater-

2121 3334 2196 3385 tia
2246 3332 2375 3384 luna
2434 3346 2632 3399 agnum
2689 3331 2870 3383 edisse
2918 3331 3254 3398 paschali-iii,
3311 3348 3532 3399 passum
3594 3348 3723 3387 vero

2123 3424 2553 3491 dcciiiiaquarta,
2602 3433 2659 3476 ut
2715 3424 2917 3475 veritas
2976 3424 3336 3491 respoiidirct
3389 3412 3625 3490 ligurie'i
3674 3438 3730 3480 ct

2127 3529 2348 3586 propter
2378 3513 2754 3569 illudJoannis
2794 3515 2974 3584 (Joan.
3002 3532 3127 3568 XVIII
3184 3517 3274 3583 ΞΩ)
3316 3535 3327 3567 ;
3372 3518 3436 3570 Et
3493 3522 3596 3585 ipsi
3627 3536 3730 3572 non

2126 3610 2448 3661 introierunt
2503 3610 2558 3661 in
2598 3609 2932 3676 prtetoriuin,
2967 3624 3029 3660 ne
3080 3609 3600 3674 contaminarentur,
3643 3618 3734 3664 sed

2131 3714 2185 3755 ut
2212 3704 2420 3755 ederent
2449 3701 2671 3755 Pascha.
2702 3704 2779 3754 Ac
2808 3701 2938 3754 illud
2966 3699 3263 3767 (Jounaix,
3302 3703 3386 3762 Hi
3415 3722 3425 3754 :
3472 3704 3604 3756 Erat
3634 3720 3735 3755 au-

2135 3806 2237 3849 tem
2276 3795 2570 3849 Parasceve
2598 3795 2807 3863 pascha:
2848 3811 2865 3858 ;
2906 3804 2952 3847 et
2978 3809 2994 3846 .'
3033 3793 3113 3847 lbi
3144 3811 3267 3865 ergo
3309 3806 3521 3863 propter
3556 3796 3737 3848 Para-

2134 3908 2311 3945 sceven
2355 3890 2686 3953 Juda'orum,
2756 3893 2881 3958 quia
2934 3906 3095 3959 prope
3127 3902 3243 3942 erat
3307 3880 3729 3955 monumentum,

2136 3996 2420 4051 posuerunt
2472 3983 2675 4037 Jesum.
2746 3982 3031 4051 Siquidem
3094 3984 3181 4036 illa
3238 3982 3537 4038 l’arasceve
3600 3986 3736 4040 nihil

2137 4080 2282 4134 aliud
2302 4089 2439 4142 erat,
2469 4093 2631 4147 quam
2662 4078 2783 4131 dies
2815 4077 3260 4145 praeparatiouis,
3295 4092 3403 4146 quo
3435 4092 3491 4130 se
3522 4093 3737 4148 praepa-

2140 4176 2334 4227 rabant
2377 4172 2547 4225 Judzei
2585 4172 2649 4225 ad
2704 4170 2978 4224 edendum
3011 4184 3211 4239 agnum
3255 4171 3589 4238 paschateni.
3638 4170 3743 4225 La-

2140 4267 2237 4320 tini
2288 4283 2417 4320 vero
2476 4272 2728 4319 asserunt
2750 4278 2876 4317 eum
2925 4263 3338 4331 decimaquarta
3373 4264 3499 4317 luna
3535 4279 3740 4333 agnum

2138 4360 2357 4429 quidem
2390 4358 2570 4413 edisse
2604 4356 2939 4427 pasclialem,
2976 4357 3189 4410 sicutet
3215 4368 3445 4411 caeteros
3474 4357 3695 4411 Judzeos
3723 4377 3737 4409 :

2141 4452 2267 4520 quia
2336 4462 2395 4504 ut
2447 4451 2607 4502 liabet
2667 4448 2832 4502 etiam
2890 4447 3112 4502 Graecus
3163 4445 3617 4519 Chrysostomus,
3674 4452 3740 4504 ad

2140 4555 2368 4597 mortem
2433 4558 2605 4613 usque
2661 4557 2881 4610 semper
2927 4544 3170 4595 servavit
3221 4543 3397 4612 legem
3441 4562 3452 4597 :
3517 4559 3744 4613 passum

2142 4651 2273 4689 vero
2332 4636 2484 4688 aiunt
2545 4632 2953 4704 decimaqiiinta
3003 4634 3153 4699 luna,
3193 4645 3416 4705 propter
3464 4638 3601 4691 alios
3634 4647 3747 4695 tres

2142 4728 2509 4799 evangelisttis
2553 4726 2766 4799 (Matth.
2804 4743 2961 4791 uri;
3018 4730 3189 4781 Marc.
3251 4745 3375 4795 xw;
3415 4730 3542 4783 Luc.
3580 4747 3690 4786 xxii
3724 4732 3744 4807 ]

2144 4822 2237 4892 qui
2274 4830 2530 4876 asti'uunt
2564 4820 2731 4875 fuisse
2789 4820 3028 4890 primum
3078 4822 3224 4876 diem
3265 4840 3602 4894 azymorum,
3637 4842 3749 4895 quo

2138 4916 2394 4973 Christus
2430 4927 2761 4986 postremam
2789 4928 3005 4968 caenam
3037 4930 3163 4969 cum
3198 4916 3483 4987 discipulis
3509 4919 3749 4976 celebra-

2148 5010 2241 5062 vit.
2280 5005 2345 5059 Et
2386 5007 2440 5060 lii
2487 5016 2669 5060 autem
2713 5014 2769 5059 et
2815 5005 2887 5059 illi
2937 5018 3338 5077 repugnantem
3402 5010 3749 5082 Scripturam

2146 5101 2363 5156 obtorto
2385 5100 2526 5155 collo
2544 5100 2762 5155 trahere
2783 5100 3191 5169 quodammodo
3215 5102 3471 5158 videntur
3483 5105 3549 5159 ad
3584 5122 3749 5162 suum

2149 5209 2398 5249 sensum.
2426 5192 2775 5265 Quapropter
2797 5207 2977 5263 operm
3005 5193 3244 5265 pretium
3266 5197 3512 5253 facturus
3536 5201 3748 5267 videor,

2150 5289 2195 5342 si
2226 5289 2282 5341 in
2309 5287 2387 5342 tui
2418 5288 2672 5357 gratiam,
2708 5286 2975 5341 benevole
3000 5286 3192 5353 lector,
3224 5288 3328 5343 hoc
3358 5290 3481 5344 loco
3513 5291 3754 5348 dilucide

2151 5384 2512 5445 aanIavero,
2541 5396 2663 5451 quae
2693 5382 2843 5436 varia
2874 5381 3111 5436 lectione
3153 5386 3479 5456 magnisque
3531 5388 3754 5443 suddri-

2154 5478 2256 5532 lius
2282 5476 2381 5530 hac
2404 5472 2471 5529 de
2502 5488 2559 5529 re
2594 5474 2648 5527 in
2684 5474 3070 5544 compendium
3109 5478 3313 5549 redegi.
3347 5479 3593 5535 Primum
3651 5484 3756 5538 ita-

2154 5585 2261 5640 que
2315 5568 2619 5623 noundum
2669 5576 2773 5633 est,
2818 5570 2965 5638 quod
3000 5571 3266 5627 naturalis
3298 5573 3416 5628 dies
3466 5577 3610 5645 apud
3644 5575 3759 5631 He-

2155 5663 2335 5717 braeos
2364 5661 2558 5731 incipit
2589 5660 2657 5714 ab
2704 5675 2901 5715 occasu
2934 5661 3084 5728 solis,
3120 5664 3399 5719 etdesinit
3422 5666 3478 5719 in
3509 5668 3758 5737 ejusdem

2157 5772 2413 5815 occasum
2447 5756 2555 5812 diei
2591 5756 2901 5824 sequentis,
2932 5757 3090 5827 juxta
3137 5758 3293 5826 illud,
3320 5759 3471 5830 (Gen.
3500 5762 3542 5832 ι)
3572 5778 3590 5817 :
3618 5760 3761 5817 Fac-

2164 5864 2274 5908 tum
2309 5858 2385 5908 est
2422 5865 2632 5918 vespere
2672 5858 2719 5904 et
2759 5866 2913 5907 inane
2950 5851 3059 5907 dies
3104 5868 3265 5907 unus.
3311 5853 3514 5915 Mensis
3570 5868 3699 5914 vero
3730 5867 3762 5909 ι
