4426 6438
768 370 835 430 ι]
2174 368 2589 430 ῘἪΕΡΑΤΙΟ.
3932 366 4011 440 ’48

758 487 1136 553 coniunctione
1171 486 1346 540 media
1396 484 1738 539 luminarium
1777 502 1790 549 ;
1832 494 1887 538 et
1908 486 2064 537 ilnrat
2108 485 2322 553 triginta
2352 495 2400 551 Α
2426 502 2547 556 qua
2574 486 2663 541 die
2687 484 2907 542 Sabbati
2930 488 3109 546 facere
3134 507 3241 546 non
3272 492 3529 556 licuisset.
3549 494 3751 563 septies
3773 496 4009 549 circum-

757 578 968 640 diebus,
998 578 1283 630 duodecim
1317 577 1483 639 horis,
1508 585 1561 627 et
1588 576 1797 628 duabus
1831 577 2006 628 tertiis
2039 577 2201 628 unius
2230 576 2322 627 lio-

755 684 828 721 rre
853 684 974 721 cum
1011 668 1186 722 tribus
1218 668 1461 727 minutis,
1498 682 1618 733 quae
1661 668 1973 736 supputatio
2027 667 2320 719 invariabl-

752 760 875 811 liter
901 758 1192 812 conformis
1223 766 1305 810 est
1342 772 1464 809 cum
1492 755 1777 810 Ptolemaeo
1808 757 2033 825 aliisque
2064 765 2315 810 astrono-

754 850 857 902 mis
891 849 1187 901 secundum
1219 847 1455 900 medium
1483 862 1701 902 cursum
1734 848 1891 900 lunre.
1925 848 2113 901 Annus
2135 859 2317 900 autem

753 940 1032 991 exordium
1061 938 1274 991 sumita
1315 938 1608 991 Neonicnia
1647 940 1763 992 sive
1797 939 1926 991 solis
1959 940 2180 992 acluna:
2205 941 2317 991 coi-

755 1032 897 1083 tione
940 1030 1183 1097 proxima
1227 1029 1553 1097 aequinoctio
1603 1029 1828 1092 vernali,
1857 1029 2157 1084 secundum
2207 1045 2321 1083 me-

750 1122 896 1173 ilium
954 1137 1171 1175 cursum
1226 1122 1354 1175 solis
1406 1131 1459 1174 ct
1506 1123 1643 1173 lunie
1694 1121 1883 1191 (Lavit.
1928 1138 2101 1187 xxiii;
2156 1121 2315 1175 Num.

744 1229 911 1264 .vxvni
934 1221 989 1263 ct
1016 1214 1165 1275 xxix)
1199 1251 1211 1264 .
1244 1211 1520 1266 J’rmterca
1566 1214 1747 1265 omnia
1770 1212 1907 1267 festa
1945 1212 2318 1276 llebrzeorum,

749 1320 868 1371 qua:
915 1320 944 1357 a
992 1303 1220 1356 Mosaica
1265 1304 1379 1373 lege
1411 1304 1715 1366 babentur,
1738 1319 1945 1373 praeter
2000 1304 2317 1366 Sabbatum,

749 1411 899 1447 suam
946 1398 1377 1449 numerationem
1428 1412 1490 1449 ac
1532 1397 1884 1450 variationem
1924 1410 2025 1464 per
2072 1396 2320 1449 diversos

751 1485 1098 1539 hebdomadas
1158 1486 1295 1549 dies,
1361 1494 1648 1538 sutnnnta
1699 1486 1873 1552 primo
1922 1485 2007 1537 die
2048 1484 2318 1553 prmdictaa

747 1576 1073 1641 Neomenim,
1097 1594 1125 1630 a
1160 1593 1265 1645 quo
1301 1578 1453 1645 juxta
1496 1576 1667 1645 legem
1700 1576 1883 1629 omnia
1920 1590 2015 1629 sua
2044 1574 2186 1630 festa
2212 1591 2316 1628 nu—

748 1679 957 1723 merant
1004 1668 1253 1722 Hebraei:
1299 1678 1425 1735 puta
1474 1667 1685 1721 decimo
1726 1667 1917 1735 quinto
1949 1666 2037 1719 die
2070 1666 2315 1734 ejusdem

748 1763 902 1828 primi
936 1763 1137 1815 mensis
1167 1761 1363 1815 festum
1386 1770 1500 1814 erat
1537 1776 1869 1829 azymorum,
1910 1769 1963 1813 et
1995 1760 2167 1828 pridie
2196 1760 2315 1827 ejus

2425 578 2602 631 eundo
2649 579 2817 633 altare
2848 595 2970 634 cum
3007 584 3308 651 palmarum
3346 584 3649 647 frondibus,
3712 588 3764 638 in
3800 602 4007 639 menm-

2427 669 2562 721 riam
2604 679 2777 739 eaptz
2817 668 3037 726 Jericbo
3062 674 3251 741 prima:
3288 676 3545 737 civitatis,
3574 693 3735 745 quam
3771 678 3824 729 in
3857 689 4003 731 terra

2424 761 2801 830 promissionis
2833 763 2927 817 tllii
2959 764 3122 819 Israel
3176 765 3490 832 hujusmodi
3537 769 3840 837 septenaria
3894 772 4003 824 cir-

2423 851 2659 904 cuitione
2688 862 2967 919 ceperant,
3014 858 3065 907 in
3097 854 3199 908 hoc
3249 866 3507 923 praetcrea
3540 858 3629 911 die
3672 860 3833 912 lectio
3864 876 4002 928 quo-

2422 958 2526 1010 que
2563 944 2649 996 illa
2685 943 2984 999 Psalmista:
3014 946 3182 1013 (Psat.
3212 949 3397 1016 exui),
3434 949 3647 1017 publice
3676 952 3973 1006 deeantaba

2422 1043 2509 1087 tur
2529 1052 2538 1086 :
2558 1035 2799 1098 Obsecro,
2826 1036 3064 1103 Domine,
3087 1040 3257 1104 salva,
3277 1056 3449 1108 quaeso
3478 1057 3494 1092 :
3520 1042 3745 1104 obsecro,
3764 1043 3998 1110 Domine,

2421 1144 2663 1195 prospere
2699 1146 2795 1199 age
2829 1145 2845 1179 :
2882 1132 3177 1185 benedmtus
3228 1133 3316 1199 qui
3361 1136 3497 1185 venit
3542 1135 3595 1185 in
3628 1137 3838 1188 nomine
3896 1137 4001 1190 Do-

2422 1218 2567 1270 mini.
2606 1219 2735 1272 Nam
2764 1231 2821 1273 et
2850 1222 2990 1274 hanc
3042 1224 3494 1278 constitutionem
3531 1226 3734 1279 scimus
3780 1243 3997 1297 quoque

2423 1308 2474 1361 in
2518 1325 2615 1363 usu
2667 1311 2834 1365 fuisse
2859 1314 3139 1377 Israelitis,
3174 1331 3296 1369 cum
3350 1318 3527 1370 adhuc
3573 1318 3627 1369 in
3686 1319 3999 1386 captivitate

2421 1411 2606 1459 essent
2644 1402 2985 1471 Babylonica.
3041 1402 3322 1472 Siquidem
3361 1420 3423 1459 ex
3470 1406 3741 1475 Thargum
3802 1406 4000 1462 Esther

2420 1496 2724 1564 colligimus
2749 1495 2889 1561 qnod
2921 1510 2986 1549 eo
3007 1495 3094 1549 die
3134 1498 3392 1551 secabant
3426 1498 3643 1552 frondes
3674 1501 3995 1567 palmarum,

2422 1596 2583 1653 atque
2613 1585 2977 1653 deeerpebant
3019 1586 3190 1640 citrea
3229 1602 3411 1655 poma,
3442 1589 3834 1644 abscindebant
3879 1608 4001 1645 ros-

2422 1677 2720 1735 marinum.
2755 1686 2811 1729 ct
2864 1676 3134 1731 faciebant
3185 1679 3286 1733 sibi
3342 1690 3563 1743 summa
3622 1682 3828 1735 bosana
3866 1698 3878 1733 :
3911 1684 3994 1738 le-

2420 1766 2724 1834 gebantque
2757 1765 2812 1818 in
2846 1766 2999 1819 libris
3050 1767 3165 1820 suis
3210 1778 3265 1820 et
3304 1769 3555 1833 orabant,
3590 1770 3916 1825 laetabantur
3943 1775 4013 1827 et’

743 1853 871 1915 diei,
904 1855 955 1907 id
995 1865 1079 1907 est
1112 1855 1318 1907 decima
1355 1864 1543 1921 quarta
1580 1854 1705 1905 luna
1747 1854 1812 1905 ad
1848 1867 2150 1920 vesperam,
2188 1852 2315 1905 ede-
2349 1836 2388 1889 Β
2423 1857 2619 1910 hilares
2657 1866 2814 1910 erant
2865 1858 2917 1909 in
2963 1867 3177 1920 iuvem
3213 1859 3421 1913 llosana
3457 1902 3472 1927 ,
3520 1864 3785 1915 saltabant
3812 1873 3865 1917 et
3897 1879 3997 1917 ex-

746 1946 901 1997 batur
953 1960 1123 2012 agnus
1163 1946 1449 2011 paschalis.
1495 1948 1536 1996 Α
1582 1947 1722 1998 festo
1773 1955 1953 1997 autem
1984 1944 2312 2013 Azymorum

747 2038 1029 2091 transactis
1058 2047 1263 2106 septem
1303 2036 1674 2099 hebdomadis,
1710 2038 1960 2105 sequenti
1979 2038 2089 2098 die,
2118 2052 2314 2106 nempe

742 2130 1210 2199 quinqmesbno,
1236 2129 1432 2184 fesutm
1460 2140 1576 2183 erat
1600 2128 2010 2183 Primitivorum
2034 2131 2149 2183 sive
2178 2130 2315 2183 Pen-

745 2231 1005 2278 tecostes.
1041 2221 1166 2291 Post
1205 2236 1298 2275 sex
1341 2236 1471 2274 vero
1502 2235 1717 2276 menses
1761 2220 1981 2275 lunares
2026 2221 2091 2274 ab
2125 2222 2314 2276 eadem

742 2315 913 2381 prima
936 2312 1250 2373 Neomenia,
1273 2311 1321 2363 id
1346 2322 1427 2365 est
1445 2325 1564 2379 post
1587 2320 1803 2363 centum
1826 2313 2166 2379 septuaginta
2187 2326 2313 2379 sep-

741 2419 845 2459 tem
906 2406 1067 2469 dies;
1130 2403 1379 2472 sequenti
1441 2404 1527 2457 die
1578 2411 1697 2456 erat
1760 2402 1958 2455 festum
2012 2401 2308 2468 Tubarum,

740 2515 933 2566 nempe
988 2500 1039 2550 in
1082 2496 1376 2549 Neomcnin
1424 2495 1666 2563 proxima
1718 2494 2046 2561 mquinouio
2094 2504 2313 2546 autum-

740 2594 867 2645 nali.
903 2592 1118 2644 Decimo
1158 2590 1286 2643 inde
1315 2591 1401 2643 die
1444 2592 1642 2642 festum
1698 2587 2036 2658 Expiationis
2070 2589 2309 2642 celeber-

739 2689 953 2739 rimum.
995 2685 1212 2738 Decimo
1246 2684 1433 2750 quinto
1465 2682 1710 2751 ejusdem
1746 2682 1948 2735 mensis
1976 2682 2081 2743 die,
2110 2680 2309 2734 festum

739 2778 1085 2847 Scenopegiie
1115 2778 1226 2829 sive
1263 2774 1780 2828 Tabernaculorum.
1811 2773 1878 2826 Et
1918 2772 1985 2825 ab
2013 2771 2115 2825 hoc
2146 2770 2308 2836 festo,

738 2875 823 2928 die
853 2882 1062 2933 octavo,
1099 2870 1149 2922 id
1187 2877 1271 2923 est
1309 2876 1428 2935 post
1462 2877 1671 2935 septem
1704 2866 1951 2934 ejusdem
1998 2866 2119 2919 festi
2167 2867 2306 2930 dies,

739 2965 1057 3021 occurrebat
1076 2963 1329 3016 ultimum
1349 2974 1538 3014 eorum
1566 2959 1785 3015 festum.
1814 2974 2007 3026 nempe
2037 2970 2208 3014 coetus
2226 2960 2308 3013 vel

735 3060 970 3112 collectae
1006 3055 1117 3108 sive
1171 3053 1488 3107 retentionis
1524 3068 1538 3107 :
1570 3051 1716 3119 quod
1766 3052 1942 3104 solum
1993 3052 2309 3120 designabat

735 3148 973 3202 fidelium
1016 3147 1069 3200 in
1111 3156 1296 3199 sancta
1334 3143 1574 3197 Ecclesia
1603 3144 2076 3212 congregationem
2129 3159 2192 3197 ac
2224 3158 2309 3196 re-

738 3243 1038 3296 tentionem
1086 3241 1217 3303 sive
1247 3236 1727 3307 perseverantiam,
1764 3235 1907 3303 quod
1969 3236 2170 3288 factum
2226 3247 2310 3289 est

733 3347 853 3405 post
898 3336 1098 3389 veteris
1145 3331 1275 3401 legis
1327 3329 1506 3381 ﬁnitas
1554 3327 1753 3395 ﬁguras
1808 3341 1871 3380 ac
1928 3329 2305 3380 cmremonias.

733 3425 936 3478 Deinde
990 3419 1534 3475 animadvertendum
1580 3426 1662 3471 est
1691 3418 1835 3485 quod
1883 3418 2104 3485 quando
2153 3419 2308 3487 juxta

733 3515 947 3570 vernale
972 3511 1379 3582 :nquinoetium,
1411 3507 1720 3574 coniunctio
1743 3507 2093 3560 luminarimn
2114 3523 2311 3561 secun-

727 3613 855 3664 dum
886 3608 1121 3662 medium
1146 3618 1367 3658 cursum
1404 3602 1726 3656 occurrebat
1760 3607 1885 3667 post
1911 3598 2179 3652 decimam
2219 3614 2310 3664 oc»

730 3698 903 3759 tavam
935 3700 1041 3754 diei
1106 3701 1314 3759 horam,
1356 3694 1482 3763 quia
1541 3692 1655 3760 jam
1698 3700 1929 3760 peractae
1973 3700 2129 3743 erant
2188 3690 2309 3757 plus

726 3813 885 3867 quam
925 3806 1033 3848 tres
1059 3800 1262 3862 quarta:
1282 3796 1465 3857 partes
1485 3784 1612 3847 diei,
1633 3793 1687 3837 et
1709 3782 2015 3837 declinabat
2051 3782 2221 3849 magis
2244 3781 2309 3835 ad

726 3892 868 3946 diem
896 3896 1233 3957 sequentem,
1264 3882 1387 3934 ideo
1440 3878 1759 3932 servabatur
1816 3889 2030 3944 quoque
2080 3875 2165 3927 die
2226 3888 2311 3927 se-

724 3984 933 4054 quenti,
954 3990 1008 4034 et
1028 3980 1094 4032 ab
1114 3978 1215 4031 hoc
1236 3971 1661 4027 numerabantur
1676 3968 1854 4022 omnia
1876 3968 2128 4037 praedicta
2153 3966 2305 4021 festa.

795 4079 1063 4128 Praeterea
1125 4070 1169 4122 si
1217 4066 1361 4121 dicta
1408 4063 1579 4133 prima
1636 4059 1931 4115 Neomenia
1987 4061 2310 4113 occurrebat

719 4166 985 4227 secundo,
1044 4168 1258 4231 quarto,
1318 4156 1401 4210 vel
1464 4164 1618 4210 sexto
1671 4151 2027 4207 hebdomadas
2068 4152 2153 4205 die
2194 4166 2309 4204 ser-

724 4261 919 4320 vanda,
953 4245 1296 4324 rejiciebatur
1329 4249 1383 4302 in
1426 4248 1568 4301 diem
1612 4256 1953 4314 sequentem.
1988 4242 2121 4297 Nam
2157 4245 2201 4297 si
2226 4259 2310 4296 se-

724 4353 902 4409 cundo
932 4345 1283 4404 hebdomadas
1313 4343 1402 4398 die
1432 4342 1623 4413 luisset
1655 4349 1891 4401 servata,
1929 4348 2058 4393 tunc
2108 4338 2305 4391 festum

721 4444 1082 4516 Expiationis,
1129 4438 1273 4507 quod
1327 4444 1445 4490 erat
1490 4434 1934 4493 celeberrimum,
1973 4439 2307 4485 occurrisset

723 4541 812 4593 die
838 4550 991 4591 sexto
1010 4532 1393 4587 celebrandum
1429 4543 1440 4577 :
1474 4526 1664 4593 quodsi
1693 4534 1847 4576 sexto
1871 4525 1958 4576 die
1983 4534 2301 4575 servaretur
2342 4559 2381 4611 ὓ

716 4636 865 4687 dicta
889 4633 1059 4699 prima
1086 4621 1380 4677 Neomenia
1412 4620 1525 4671 sive
1556 4617 1763 4685 primus
1788 4616 1915 4667 anni
1946 4630 2135 4667 eorum
2163 4614 2301 4675 dies,

721 4741 848 4780 tunc
885 4724 1085 4776 dictum
1137 4712 1471 4783 Expiationis
1521 4709 1718 4763 festum
1761 4709 1850 4761 die
1899 4708 2097 4776 primo,
2140 4722 2301 4775 quem

718 4832 816 4871 nos
867 4825 1123 4867 vocamus
1160 4807 1525 4863 Duminicum,
1561 4803 1891 4855 oi-currisset
1940 4802 2004 4855 ab
2044 4801 2124 4853 eis
2156 4799 2298 4851 cele-

718 4910 981 4966 brandum
1026 4922 1037 4956 :
1079 4916 1309 4972 quorum
1344 4909 1634 4963 utrumque
1653 4894 1942 4949 admodum
1979 4908 2140 4964 grave
2173 4907 2300 4945 cen-

720 5006 939 5058 sebatur
966 5009 1017 5053 et
1046 4996 1194 5051 valde
1223 5006 1516 5047 onerosum
1544 4990 1637 5042 toti
1662 4989 1968 5058 populo,eo
1996 4987 2140 5055 quod
2163 4987 2298 5040 duo-

720 5099 820 5152 bus
852 5091 1126 5148 continuis
1161 5088 1352 5141 diebus
1402 5083 1767 5145 naturalibus,
1792 5096 1990 5150 nempe
2022 5080 2159 5135 festo
2191 5080 2293 5133 Ex-

716 5187 970 5260 p'atzmiis
1000 5193 1054 5236 et
1088 5176 1525 5239 Sabbato,vnu|lo
1564 5178 1724 5228 modo
1774 5174 1958 5226 liceret
1990 5188 2182 5240 parare
2216 5172 2297 5226 ci-

712 5284 833 5341 bus,
867 5290 958 5333 aut
991 5276 1222 5345 sepelire
1262 5283 1502 5326 mortuos
1536 5288 1547 5320 :
1580 5284 1806 5337 corpora
1846 5277 2027 5318 autem
2063 5277 2297 5329 mortua,

716 5386 807 5433 aut
839 5389 915 5427 con
938 5382 990 5425 ta
1038 5370 1186 5423 olera
1248 5380 1355 5419 non
1417 5374 1639 5432 possent
1693 5365 1745 5412 in
1797 5361 2019 5414 tertium
2085 5361 2295 5413 servari

714 5473 876 5522 diem.
906 5464 1205 5533 praesertim
1240 5461 1292 5511 in
1323 5457 1512 5511 calidis
1544 5456 1875 5521 regentibus.
1904 5454 2111 5518 Quodsi
2143 5464 2297 5508 sexto

715 5568 801 5617 die
832 5569 1136 5614 servaretur
1171 5555 1426 5625 pnedicta
1453 5548 1747 5603 Nemnenia
1778 5549 1888 5602 sive
1918 5550 2151 5618 primum
2196 5566 2295 5602 no-

717 5656 1001 5713 vilunium,
1031 5658 1156 5703 tunc
1190 5647 1458 5715 septimus
1483 5644 1600 5695 dies
1636 5642 1757 5693 l'esti
1796 5642 2147 5711 Scenopcgiu:
2181 5642 2296 5695 sive

713 5746 1208 5803 'l'aln-rnamilorum
1234 5741 1559 5795 occurrisset
1595 5736 1680 5789 die
1714 5736 1956 5789 Sabbati.
1985 5736 2039 5787 In
2070 5736 2173 5790 hoc
2196 5753 2294 5789 au-

701 5859 820 5900 λειω
859 5845 1092 5907 septimo
1126 5840 1212 5894 die
1244 5840 1409 5894 multa
1455 5834 1655 5889 la-titia:
1690 5831 1843 5903 signa
1904 5832 2292 5896 ostendebant,

2419 1948 2673 2002 siliebant
2700 1949 2837 2002 sicut
2869 1948 3022 2002 haedi.
3064 1949 3220 2004 Unde
3253 1952 3437 2004 videre
3468 1952 3595 2004 licet
3623 1962 3679 2004 nt
3721 1952 3824 2007 hoc
3862 1971 3997 2023 quo-

2419 2054 2525 2106 que
2564 2039 2795 2092 docendi
2839 2041 3007 2109 gratia
3037 2040 3301 2094 addamus
3342 2042 3660 2096 vocabulum
3704 2043 3992 2099 Hebraeum

2417 2138 2514 2189 Nn
2568 2139 2818 2193 Ππνιιηη
2870 2132 3077 2185 hosana
3157 2133 3296 2202 vulgi
3345 2148 3493 2187 more
3535 2135 3678 2201 apud
3736 2133 3995 2190 Hebraeos

2418 2221 2579 2274 etiam
2610 2234 2733 2277 ante
2763 2222 3041 2277 Christum
3086 2234 3271 2277 natum
3323 2224 3488 2278 fuisse
3535 2235 3852 2295 corruptum
3900 2236 3995 2279 aut

2417 2312 2536 2366 illos
2588 2328 2873 2381 usurpasse
2918 2315 3094 2383 ipsum
3147 2331 3296 2369 more
3343 2315 3655 2380 Chaldaico,
3695 2327 3750 2371 et
3796 2318 3994 2372 deinde

2414 2404 2616 2458 abusos
2651 2405 2822 2460 fuisse
2867 2421 2965 2474 pro
3016 2406 3363 2460 solemnitate
3416 2408 3746 2472 Palmarum,
3796 2411 3990 2478 inqua

2414 2510 2537 2551 cum
2572 2500 2734 2550 ramis
2762 2499 3099 2551 caeremoniae
3141 2499 3360 2552 liebnttt.
3397 2498 3453 2551 Et
3482 2500 3550 2552 ita
3582 2511 3709 2553 nato
3745 2511 3990 2570 postmo-

2416 2585 2542 2639 dum
2590 2584 2831 2650 Christo,
2873 2603 2995 2640 cum
3052 2588 3213 2641 vellet
3254 2589 3487 2657 populus
3542 2605 3664 2643 eum
3696 2591 3987 2652 honorare,

2414 2688 2637 2731 etcum
2695 2678 2970 2746 triumpho
3043 2678 3416 2748 Hierosolyma
3479 2679 3769 2745 deducere,
3835 2683 3989 2751 igno-

2412 2777 2599 2821 rantes
2629 2769 3043 2836 cotnpleverunt
3123 2768 3459 2836 prophetiam
3522 2770 3849 2835 Davidicam,
3900 2787 3993 2826 oc-

2409 2858 2627 2911 casione
2688 2870 2902 2926 sumpta
2934 2874 2998 2913 ex
3035 2858 3292 2912 surculis
3357 2859 3426 2911 ab
3476 2858 3637 2913 olivis
3714 2861 3987 2930 decerptis

2408 2960 2464 3005 et
2510 2951 2561 3003 in
2612 2951 2751 3004 viam
2804 2950 3011 3014 stratis,
3065 2950 3363 3003 clamantes
3440 2950 3649 3004 llosana
3680 2993 3693 3017 ,
3734 2954 3786 3006 id
3842 2956 3987 3022 quod

2409 3044 2647 3098 clamare
2722 3053 3127 3097 consueverant
3201 3046 3253 3097 in
3344 3045 3694 3101 solemnitate
3786 3047 3989 3102 Baino-

2336 3176 2375 3232 Ο
2412 3151 2552 3189 rum.
2580 3134 2878 3206 llisitaque
2934 3137 3226 3207 praemissis
3272 3140 3816 3195 animadvertendum
3869 3154 3989 3209 est,

2412 3228 2555 3297 quod
2637 3244 2784 3283 anno
2848 3245 2958 3299 quo
3031 3244 3225 3299 passus
3293 3242 3377 3285 est
3435 3231 3686 3288 Christus
3754 3236 3994 3289 occurrit

2412 3322 2583 3387 prima
2622 3317 2936 3381 Neomenia,
2972 3320 3085 3373 sive
3118 3321 3431 3388 conjunctio
3465 3322 3817 3376 luminarium
3858 3341 3990 3395 pro-

2414 3414 2553 3464 xima
2582 3413 2910 3479 :cquinoctio
2944 3412 3145 3465 vernali
3177 3418 3473 3466 secundum
3505 3417 3741 3469 medium
3766 3434 3988 3472 cursum

2411 3505 2539 3557 solis
2568 3518 2620 3557 et
2646 3506 2788 3557 luna:
2816 3504 2970 3572 juxta
2992 3519 3174 3558 veram
3198 3517 3252 3559 et
3272 3518 3514 3561 exactam
3544 3511 3989 3578 supputationem

2407 3596 2862 3663 peritissimorum
2896 3594 3267 3660 Hebraeorum,
3299 3599 3386 3653 die
3417 3600 3608 3668 quinto
3641 3600 3990 3656 hebdomadic

2415 3695 2536 3756 post
2571 3687 2838 3741 decimam
2875 3703 3075 3740 nonam
3108 3689 3213 3741 diei
3248 3689 3457 3752 horam,
3491 3706 3614 3744 cum
3642 3693 3851 3761 aliquot
3884 3694 3987 3747 mi-

2415 3779 2562 3833 nutis
2606 3798 2618 3833 :
2658 3790 2711 3833 et
2743 3781 2813 3832 ita
2842 3780 2993 3848 juxta
3028 3779 3287 3848 praedicta
3319 3790 3437 3835 erat
3468 3784 3719 3852 sequenti
3750 3785 3836 3838 die
3866 3802 3988 3841 ser-

2412 3872 2606 3925 vanda.
2642 3871 2745 3925 Sed
2772 3872 2919 3939 quia,
2947 3882 3099 3925 sexto
3125 3872 3232 3933 die,
3264 3881 3322 3925 ut
3346 3872 3551 3927 dictum
3580 3884 3679 3935 est,
3712 3893 3988 3947 nunquam

2413 3966 2750 4029 servabatur,
2806 3966 3010 4019 idcirco
3041 3963 3214 4019 Judaei
3261 3983 3327 4019 eo
3376 3982 3518 4021 anno
3553 3972 3842 4023 servabant
3878 3973 3987 4040 pri-

2414 4072 2561 4109 nium
2591 4055 2720 4109 illud
2757 4056 3100 4109 novilunium
3134 4058 3225 4109 die
3247 4056 3466 4111 Sabbati
3507 4078 3521 4112 :
3558 4070 3612 4113 et
3643 4063 3713 4113 ita
3746 4063 3990 4118 deeimus

2414 4150 2636 4219 quintus
2655 4151 2771 4203 dies
2790 4149 3031 4219 ejusdem
3058 4150 3280 4215 mensis,
3309 4168 3416 4221 quo
3445 4158 3764 4209 occurrebat
3790 4157 3988 4214 festum

2412 4242 2761 4313 Azymorum,
2800 4242 2955 4310 juxta
3002 4237 3315 4296 Iudaeorum
3377 4246 3780 4300 observantiam
3823 4251 3987 4303 etiam

2412 4346 2529 4388 erat
2583 4333 2700 4387 dies
2733 4333 2954 4387 Sabbati
3008 4350 3021 4388 :
3049 4334 3277 4404 ideoque
3297 4347 3528 4407 prepter
3551 4340 3782 4394 duorum
3819 4342 3989 4397 festo-

2413 4440 2531 4478 rum
2570 4439 2917 4483 concursum.
2952 4424 3016 4478 de
3057 4427 3146 4478 illo
3176 4428 3307 4482 dicit
3338 4426 3797 4499 Joannes(.loan.
3832 4436 3986 4503 xix);

2413 4518 2556 4585 quod
2598 4528 2711 4569 crat
2748 4532 2968 4583 magnus
3001 4517 3109 4569 dies
3143 4517 3232 4570 ille
3256 4517 3497 4583 Sabbati,
3540 4530 3598 4573 ut
3629 4524 3793 4576 etiam
3824 4527 3890 4578 ad
3924 4542 3986 4579 ea

2412 4628 2432 4659 κ
2446 4609 2570 4663 erba
2595 4608 2758 4662 habet
2779 4618 2968 4663 auctor
2985 4619 3191 4663 noster.
3209 4609 3459 4665 Christus
3480 4627 3608 4666 vero
3625 4618 3859 4671 servavit
3874 4622 3991 4687 qui.

2409 4705 2529 4756 dem
2566 4703 2921 4756 Neomeniam
2947 4712 3101 4756 sexto
3130 4703 3481 4758 hebdomade
3516 4706 3605 4759 die
3632 4723 3646 4761 ;
3678 4722 3800 4763 cum
3841 4714 3986 4765 enim

2407 4807 2530 4863 post
2560 4795 2826 4847 decimam
2846 4809 3042 4848 nonam
3077 4794 3266 4849 horam
3298 4800 3627 4853 occurrisset
3656 4803 3829 4869 quinti
3857 4805 3982 4870 diei,

2408 4890 2799 4943 rationabiliter
2831 4898 2890 4942 ut
2908 4889 3113 4943 dictum
3139 4897 3241 4950 est,
3266 4890 3438 4959 magis
3464 4892 3738 4959 pertinere
3762 4896 3983 4951 videba-

2410 4997 2493 5039 tur
2529 4987 2591 5037 ad
2622 4985 2763 5039 diem
2800 4994 3138 5053 sequentem.
3170 4981 3370 5037 Verum
3402 5000 3431 5036 u
3455 4996 3609 5038 sexto
3637 4986 3725 5041 die
3759 4989 3824 5042 ad
3854 4990 3985 5045 Sab-

2408 5080 2592 5131 liatum
2623 5095 2745 5130 cum
2777 5076 2976 5132 Judzcis
3011 5076 3305 5131 transferre
3336 5077 3529 5131 noluit.
3571 5077 3701 5133 Nam
3734 5081 3836 5137 hoc
3861 5098 3984 5153 pro-

2407 5182 2527 5240 pter
2574 5172 2706 5225 [εδει
2746 5174 2975 5241 septimo
3003 5186 3191 5226 mense
3248 5170 3429 5226 futura
3481 5171 3563 5227 fac
3588 5176 3750 5229 ebant
3789 5176 3985 5243 Judaei,

2408 5276 2463 5317 ut
2510 5266 2823 5333 praedictum
2858 5277 2974 5329 est;
3018 5265 3269 5320 Christus
3317 5277 3498 5321 autem
3543 5280 3788 5334 noverat,
3840 5274 3985 5339 quod

2398 5376 2501 5429 per
2526 5376 2677 5412 suam
2711 5360 3021 5413 Passioni-ni
3053 5374 3173 5428 qum
3207 5360 3467 5424 instabat,
3510 5373 3747 5416 cessaret
3775 5364 3985 5433 obliga-

2408 5451 2483 5504 tio
2535 5450 2875 5519 sequentium
2924 5450 3138 5502 illm-nni
3180 5449 3468 5515 festorum,
3517 5452 3658 5508 sicut
3702 5465 3755 5508 ct
3788 5467 3983 5510 uetera

2405 5542 2536 5613 legis
2564 5543 2980 5596 eieremonialia.
3007 5543 3227 5611 l'ropter
3253 5544 3355 5597 hoc
3374 5546 3575 5613 itaque,
3603 5556 3655 5600 et
3679 5548 3841 5601 etiam
3859 5551 3984 5618 quia

2406 5638 2653 5707 sequenti
2682 5638 2768 5692 die
2802 5639 3101 5691 moriturus
3131 5650 3247 5692 erat
3276 5637 3553 5705 Christus,
3592 5644 3829 5711 typicutn
3862 5646 3988 5713 qui-

2405 5734 2526 5786 dem
2562 5748 2756 5803 agnum
2792 5748 2917 5785 vera
2963 5738 3018 5785 et
3060 5730 3301 5802 legitima
3336 5732 3548 5787 decima
3592 5744 3784 5803 quarta
3834 5735 3985 5793 luna.

2406 5846 2523 5898 quae
2557 5828 2659 5883 fuit
2695 5829 2781 5883 die
2812 5829 3021 5903 quinto,
3069 5829 3344 5891 comedit;
3388 5838 3578 5898 quarta
3607 5829 3815 5885 decima
3858 5845 3986 5885 vero
