  <div class='ocr_page' id='page_1' title='image "/cluster/home/n/w/nwhite01/storage/ocr_20150623/129/nnc1.0046979913/036.png"; bbox 0 0 4426 6438; ppageno 0'>
   <div class='ocr_carea' id='block_1_1' title="bbox 442 402 518 460">
    <p class='ocr_par' dir='ltr' id='par_1_1' title="bbox 442 402 518 460">
     <span class='ocr_line' id='line_1_1' title="bbox 442 402 518 460; baseline 0 0"><span class='ocrx_word' id='word_1_1' title='bbox 442 402 518 460; x_wconf 70' lang='grc'><strong>49</strong></span> 
     </span>
    </p>
   </div>
   <div class='ocr_carea' id='block_1_2' title="bbox 1794 362 2291 442">
    <p class='ocr_par' dir='ltr' id='par_1_2' title="bbox 1794 362 2291 442">
     <span class='ocr_line' id='line_1_2' title="bbox 1794 362 2291 442; baseline -0.014 1"><span class='ocrx_word' id='word_1_2' title='bbox 1794 362 1800 365; x_wconf 75' lang='grc'><strong>’</strong></span> <span class='ocrx_word' id='word_1_3' title='bbox 1869 377 2291 442; x_wconf 70' lang='grc' dir='ltr'>ῐιῐιιιιιτΑΤιο.</span> 
     </span>
    </p>
   </div>
   <div class='ocr_carea' id='block_1_3' title="bbox 3652 361 3724 420">
    <p class='ocr_par' dir='ltr' id='par_1_3' title="bbox 3652 361 3724 420">
     <span class='ocr_line' id='line_1_3' title="bbox 3652 361 3724 420; baseline 0 -5"><span class='ocrx_word' id='word_1_4' title='bbox 3652 361 3724 420; x_wconf 80' lang='lat'><strong>$0</strong></span> 
     </span>
    </p>
   </div>
   <div class='ocr_carea' id='block_1_4' title="bbox 438 479 3719 573">
    <p class='ocr_par' dir='ltr' id='par_1_4' title="bbox 438 479 3719 573">
     <span class='ocr_line' id='line_1_4' title="bbox 438 479 3719 573; baseline -0.012 -14"><span class='ocrx_word' id='word_1_5' title='bbox 438 510 566 559; x_wconf 81' lang='lat' dir='ltr'><strong>lnna</strong></span> <span class='ocrx_word' id='word_1_6' title='bbox 585 509 1000 573; x_wconf 54' lang='lat' dir='ltr'><strong>juxtaxetercm</strong></span> <span class='ocrx_word' id='word_1_7' title='bbox 1020 501 1367 555; x_wconf 57' lang='lat' dir='ltr'><strong>Hebraeorum</strong></span> <span class='ocrx_word' id='word_1_8' title='bbox 1396 496 1832 549; x_wconf 79' lang='lat' dir='ltr'><strong>numerationem</strong></span> <span class='ocrx_word' id='word_1_9' title='bbox 1852 492 2015 545; x_wconf 89' lang='lat' dir='ltr'><strong>etiam</strong></span> <span class='ocrx_word' id='word_1_10' title='bbox 2047 497 2090 549; x_wconf 77' lang='grc' dir='ltr'><strong>Α</strong></span> <span class='ocrx_word' id='word_1_11' title='bbox 2128 497 2253 542; x_wconf 84' lang='lat' dir='ltr'><strong>rent</strong></span> <span class='ocrx_word' id='word_1_12' title='bbox 2277 485 2447 539; x_wconf 81' lang='lat' dir='ltr'><strong>Exod.</strong></span> <span class='ocrx_word' id='word_1_13' title='bbox 2476 483 2592 549; x_wconf 82' lang='lat' dir='ltr'><strong>xu),</strong></span> <span class='ocrx_word' id='word_1_14' title='bbox 2619 484 2807 571; x_wconf 65' lang='lat' dir='ltr'><strong>etnon</strong></span> <span class='ocrx_word' id='word_1_15' title='bbox 2836 479 3223 531; x_wconf 76' lang='lat' dir='ltr'><strong>iermentatum</strong></span> <span class='ocrx_word' id='word_1_16' title='bbox 3244 488 3435 542; x_wconf 89' lang='lat' dir='ltr'><strong>panem</strong></span> <span class='ocrx_word' id='word_1_17' title='bbox 3464 483 3518 525; x_wconf 88' lang='lat' dir='ltr'><strong>et</strong></span> <span class='ocrx_word' id='word_1_18' title='bbox 3537 482 3719 573; x_wconf 72' lang='lat' dir='ltr'><strong>tamen</strong></span> 
     </span>
    </p>
   </div>
   <div class='ocr_carea' id='block_1_5' title="bbox 440 582 2017 663">
    <p class='ocr_par' dir='ltr' id='par_1_5' title="bbox 440 582 2017 663">
     <span class='ocr_line' id='line_1_5' title="bbox 440 582 2017 663; baseline -0.01 -14"><span class='ocrx_word' id='word_1_19' title='bbox 440 597 700 663; x_wconf 66' lang='lat' dir='ltr'><strong>tegilima,</strong></span> <span class='ocrx_word' id='word_1_20' title='bbox 744 597 796 646; x_wconf 93' lang='lat' dir='ltr'><strong>in</strong></span> <span class='ocrx_word' id='word_1_21' title='bbox 836 595 995 660; x_wconf 85' lang='lat' dir='ltr'><strong>cujus</strong></span> <span class='ocrx_word' id='word_1_22' title='bbox 1037 605 1264 658; x_wconf 83' lang='lat' dir='ltr'><strong>vespera</strong></span> <span class='ocrx_word' id='word_1_23' title='bbox 1309 582 1499 641; x_wconf 66' lang='lat' dir='ltr'><strong>.ludaei‘</strong></span> <span class='ocrx_word' id='word_1_24' title='bbox 1528 592 1763 654; x_wconf 83' lang='lat' dir='ltr'><strong>typtcum</strong></span> <span class='ocrx_word' id='word_1_25' title='bbox 1815 594 2017 646; x_wconf 75' lang='lat' dir='ltr'><strong>agnum</strong></span> 
     </span>
    </p>
   </div>
   <div class='ocr_carea' id='block_1_6' title="bbox 438 672 2017 748">
    <p class='ocr_par' dir='ltr' id='par_1_6' title="bbox 438 672 2017 748">
     <span class='ocr_line' id='line_1_6' title="bbox 438 672 2017 748; baseline -0.009 -11"><span class='ocrx_word' id='word_1_26' title='bbox 438 695 599 737; x_wconf 79' lang='lat' dir='ltr'><strong>erant</strong></span> <span class='ocrx_word' id='word_1_27' title='bbox 627 681 979 740; x_wconf 89' lang='lat' dir='ltr'><strong>immolaturi,</strong></span> <span class='ocrx_word' id='word_1_28' title='bbox 1005 681 1120 748; x_wconf 86' lang='lat' dir='ltr'><strong>ipse</strong></span> <span class='ocrx_word' id='word_1_29' title='bbox 1144 693 1313 731; x_wconf 84' lang='lat' dir='ltr'><strong>verus-</strong></span> <span class='ocrx_word' id='word_1_30' title='bbox 1328 677 1513 743; x_wconf 77' lang='lat' dir='ltr'><strong>Agnus</strong></span> <span class='ocrx_word' id='word_1_31' title='bbox 1538 674 1640 726; x_wconf 77' lang='lat' dir='ltr'><strong>fuit</strong></span> <span class='ocrx_word' id='word_1_32' title='bbox 1670 672 2017 725; x_wconf 75' lang='lat' dir='ltr'><strong>immolatus:</strong></span> 
     </span>
    </p>
   </div>
   <div class='ocr_carea' id='block_1_7' title="bbox 439 768 2018 837">
    <p class='ocr_par' dir='ltr' id='par_1_7' title="bbox 439 768 2018 837">
     <span class='ocr_line' id='line_1_7' title="bbox 439 768 2018 837; baseline -0.009 -8"><span class='ocrx_word' id='word_1_33' title='bbox 439 787 498 829; x_wconf 85' lang='lat' dir='ltr'><strong>et</strong></span> <span class='ocrx_word' id='word_1_34' title='bbox 526 777 597 827; x_wconf 88' lang='lat' dir='ltr'><strong>ita</strong></span> <span class='ocrx_word' id='word_1_35' title='bbox 635 775 831 826; x_wconf 86' lang='lat' dir='ltr'><strong>veritas</strong></span> <span class='ocrx_word' id='word_1_36' title='bbox 864 772 1150 837; x_wconf 86' lang='lat' dir='ltr'><strong>respondit</strong></span> <span class='ocrx_word' id='word_1_37' title='bbox 1184 770 1391 837; x_wconf 67' lang='lat' dir='ltr'><strong>ﬁgurae.</strong></span> <span class='ocrx_word' id='word_1_38' title='bbox 1430 768 1631 819; x_wconf 90' lang='lat' dir='ltr'><strong>Ilorum</strong></span> <span class='ocrx_word' id='word_1_39' title='bbox 1666 774 1846 818; x_wconf 85' lang='lat' dir='ltr'><strong>autem</strong></span> <span class='ocrx_word' id='word_1_40' title='bbox 1884 777 2018 816; x_wconf 85' lang='lat' dir='ltr'><strong>cau—</strong></span> 
     </span>
    </p>
   </div>
   <div class='ocr_carea' id='block_1_8' title="bbox 438 855 2021 926">
    <p class='ocr_par' dir='ltr' id='par_1_8' title="bbox 438 855 2021 926">
     <span class='ocr_line' id='line_1_8' title="bbox 438 855 2021 926; baseline -0.011 -6"><span class='ocrx_word' id='word_1_41' title='bbox 438 881 577 926; x_wconf 82' lang='lat' dir='ltr'><strong>sam,</strong></span> <span class='ocrx_word' id='word_1_42' title='bbox 610 877 668 918; x_wconf 91' lang='lat' dir='ltr'><strong>ut</strong></span> <span class='ocrx_word' id='word_1_43' title='bbox 695 864 985 917; x_wconf 88' lang='lat' dir='ltr'><strong>verisimile</strong></span> <span class='ocrx_word' id='word_1_44' title='bbox 1016 872 1121 921; x_wconf 82' lang='lat' dir='ltr'><strong>est,</strong></span> <span class='ocrx_word' id='word_1_45' title='bbox 1145 861 1319 912; x_wconf 86' lang='lat' dir='ltr'><strong>solum</strong></span> <span class='ocrx_word' id='word_1_46' title='bbox 1350 858 1688 911; x_wconf 83' lang='lat' dir='ltr'><strong>indicaverat</strong></span> <span class='ocrx_word' id='word_1_47' title='bbox 1716 855 2021 923; x_wconf 74' lang='lat' dir='ltr'><strong>patriianii.</strong></span> 
     </span>
    </p>
   </div>
   <div class='ocr_carea' id='block_1_9' title="bbox 443 949 2023 1024">
    <p class='ocr_par' dir='ltr' id='par_1_9' title="bbox 443 949 2023 1024">
     <span class='ocr_line' id='line_1_9' title="bbox 443 949 2023 1024; baseline -0.006 -14"><span class='ocrx_word' id='word_1_48' title='bbox 443 960 542 1011; x_wconf 88' lang='lat' dir='ltr'><strong>lias</strong></span> <span class='ocrx_word' id='word_1_49' title='bbox 573 959 625 1009; x_wconf 92' lang='lat' dir='ltr'><strong>in</strong></span> <span class='ocrx_word' id='word_1_50' title='bbox 657 960 812 1024; x_wconf 79' lang='lat' dir='ltr'><strong>cujus</strong></span> <span class='ocrx_word' id='word_1_51' title='bbox 839 956 1045 1009; x_wconf 63' lang='lat' dir='ltr'><strong>adibus</strong></span> <span class='ocrx_word' id='word_1_52' title='bbox 1078 954 1274 1021; x_wconf 78' lang='lat' dir='ltr'><strong>pascha</strong></span> <span class='ocrx_word' id='word_1_53' title='bbox 1308 952 1521 1006; x_wconf 81' lang='lat' dir='ltr'><strong>edebat.</strong></span> <span class='ocrx_word' id='word_1_54' title='bbox 1556 960 1609 1001; x_wconf 83' lang='lat' dir='ltr'><strong>et</strong></span> <span class='ocrx_word' id='word_1_55' title='bbox 1650 950 1783 1015; x_wconf 77' lang='lat' dir='ltr'><strong>ipsis</strong></span> <span class='ocrx_word' id='word_1_56' title='bbox 1819 949 2023 1001; x_wconf 78' lang='lat' dir='ltr'><strong>duode-</strong></span> 
     </span>
    </p>
   </div>
   <div class='ocr_carea' id='block_1_10' title="bbox 438 1041 2025 1119">
    <p class='ocr_par' dir='ltr' id='par_1_10' title="bbox 438 1041 2025 1119">
     <span class='ocr_line' id='line_1_10' title="bbox 438 1041 2025 1119; baseline -0.008 -13"><span class='ocrx_word' id='word_1_57' title='bbox 438 1055 545 1107; x_wconf 81' lang='lat' dir='ltr'><strong>cim</strong></span> <span class='ocrx_word' id='word_1_58' title='bbox 571 1050 875 1119; x_wconf 87' lang='lat' dir='ltr'><strong>discipulis,</strong></span> <span class='ocrx_word' id='word_1_59' title='bbox 906 1062 1136 1116; x_wconf 87' lang='lat' dir='ltr'><strong>quorum</strong></span> <span class='ocrx_word' id='word_1_60' title='bbox 1158 1045 1306 1111; x_wconf 80' lang='lat' dir='ltr'><strong>(Luc.</strong></span> <span class='ocrx_word' id='word_1_61' title='bbox 1338 1054 1463 1105; x_wconf 76' lang='lat' dir='ltr'><strong>xxn)</strong></span> <span class='ocrx_word' id='word_1_62' title='bbox 1494 1042 1686 1096; x_wconf 84' lang='lat' dir='ltr'><strong>Petrus</strong></span> <span class='ocrx_word' id='word_1_63' title='bbox 1713 1041 2025 1095; x_wconf 85' lang='lat' dir='ltr'><strong>etJoaunes</strong></span> 
     </span>
    </p>
   </div>
   <div class='ocr_carea' id='block_1_11' title="bbox 439 1135 2026 1212">
    <p class='ocr_par' dir='ltr' id='par_1_11' title="bbox 439 1135 2026 1212">
     <span class='ocr_line' id='line_1_11' title="bbox 439 1135 2026 1212; baseline -0.008 -15"><span class='ocrx_word' id='word_1_64' title='bbox 439 1160 504 1197; x_wconf 80' lang='lat' dir='ltr'><strong>es</strong></span> <span class='ocrx_word' id='word_1_65' title='bbox 529 1146 684 1212; x_wconf 80' lang='lat' dir='ltr'><strong>jussu</strong></span> <span class='ocrx_word' id='word_1_66' title='bbox 707 1142 903 1196; x_wconf 86' lang='lat' dir='ltr'><strong>Christi</strong></span> <span class='ocrx_word' id='word_1_67' title='bbox 930 1140 1234 1193; x_wconf 81' lang='lat' dir='ltr'><strong>necessaria</strong></span> <span class='ocrx_word' id='word_1_68' title='bbox 1262 1144 1604 1207; x_wconf 79' lang='lat' dir='ltr'><strong>paraverant,</strong></span> <span class='ocrx_word' id='word_1_69' title='bbox 1628 1150 1824 1201; x_wconf 79' lang='lat' dir='ltr'><strong>nempe</strong></span> <span class='ocrx_word' id='word_1_70' title='bbox 1855 1135 2026 1186; x_wconf 83' lang='lat' dir='ltr'><strong>laciu-</strong></span> 
     </span>
    </p>
   </div>
   <div class='ocr_carea' id='block_1_12' title="bbox 439 1228 2027 1304">
    <p class='ocr_par' dir='ltr' id='par_1_12' title="bbox 439 1228 2027 1304">
     <span class='ocr_line' id='line_1_12' title="bbox 439 1228 2027 1304; baseline -0.005 -17"><span class='ocrx_word' id='word_1_71' title='bbox 439 1251 532 1287; x_wconf 73' lang='lat' dir='ltr'><strong>ms</strong></span> <span class='ocrx_word' id='word_1_72' title='bbox 562 1245 797 1304; x_wconf 70' lang='lat' dir='ltr'><strong>agrestes</strong></span> <span class='ocrx_word' id='word_1_73' title='bbox 828 1243 882 1287; x_wconf 90' lang='lat' dir='ltr'><strong>et</strong></span> <span class='ocrx_word' id='word_1_74' title='bbox 911 1233 1132 1285; x_wconf 88' lang='lat' dir='ltr'><strong>baculos</strong></span> <span class='ocrx_word' id='word_1_75' title='bbox 1166 1249 1180 1283; x_wconf 92' lang='lat'>:</span> <span class='ocrx_word' id='word_1_76' title='bbox 1212 1246 1336 1283; x_wconf 79' lang='lat' dir='ltr'><strong>nam</strong></span> <span class='ocrx_word' id='word_1_77' title='bbox 1362 1244 1534 1297; x_wconf 75' lang='lat' dir='ltr'><strong>agnus</strong></span> <span class='ocrx_word' id='word_1_78' title='bbox 1562 1230 1677 1295; x_wconf 87' lang='lat' dir='ltr'><strong>ipse</strong></span> <span class='ocrx_word' id='word_1_79' title='bbox 1702 1228 1913 1279; x_wconf 78' lang='lat' dir='ltr'><strong>decimo</strong></span> <span class='ocrx_word' id='word_1_80' title='bbox 1941 1228 2027 1279; x_wconf 88' lang='lat' dir='ltr'><strong>die</strong></span> 
     </span>
    </p>
   </div>
   <div class='ocr_carea' id='block_1_13' title="bbox 440 1318 2065 1395">
    <p class='ocr_par' dir='ltr' id='par_1_13' title="bbox 440 1318 2065 1395">
     <span class='ocr_line' id='line_1_13' title="bbox 440 1318 2065 1395; baseline -0.006 -18"><span class='ocrx_word' id='word_1_81' title='bbox 440 1329 647 1379; x_wconf 82' lang='lat' dir='ltr'><strong>inetisis</strong></span> <span class='ocrx_word' id='word_1_82' title='bbox 684 1325 973 1395; x_wconf 79' lang='lat' dir='ltr'><strong>parabatur</strong></span> <span class='ocrx_word' id='word_1_83' title='bbox 1012 1342 1022 1372; x_wconf 78' lang='grc' dir='ltr'><strong>ι</strong></span> <span class='ocrx_word' id='word_1_84' title='bbox 1061 1337 1226 1389; x_wconf 87' lang='lat' dir='ltr'><strong>panes</strong></span> <span class='ocrx_word' id='word_1_85' title='bbox 1259 1336 1476 1388; x_wconf 84' lang='lat' dir='ltr'><strong>quoque</strong></span> <span class='ocrx_word' id='word_1_86' title='bbox 1508 1321 1675 1385; x_wconf 71' lang='lat' dir='ltr'><strong>azvm&#39;:</strong></span> <span class='ocrx_word' id='word_1_87' title='bbox 1703 1362 1717 1383; x_wconf 84' lang='lat'><strong>,</strong></span> <span class='ocrx_word' id='word_1_88' title='bbox 1748 1328 1804 1369; x_wconf 91' lang='lat' dir='ltr'><strong>ut</strong></span> <span class='ocrx_word' id='word_1_89' title='bbox 1836 1318 2028 1372; x_wconf 76' lang='lat' dir='ltr'><strong>verisi-</strong></span> <span class='ocrx_word' id='word_1_90' title='bbox 2060 1384 2065 1389; x_wconf 88' lang='lat'><strong><em>_</em></strong></span> 
     </span>
    </p>
   </div>
   <div class='ocr_carea' id='block_1_14' title="bbox 440 1409 2027 1484">
    <p class='ocr_par' dir='ltr' id='par_1_14' title="bbox 440 1409 2027 1484">
     <span class='ocr_line' id='line_1_14' title="bbox 440 1409 2027 1484; baseline -0.004 -15"><span class='ocrx_word' id='word_1_91' title='bbox 440 1418 570 1469; x_wconf 82' lang='lat' dir='ltr'><strong>mile</strong></span> <span class='ocrx_word' id='word_1_92' title='bbox 608 1426 691 1471; x_wconf 81' lang='lat' dir='ltr'><strong>est</strong></span> <span class='ocrx_word' id='word_1_93' title='bbox 718 1414 915 1484; x_wconf 71' lang='lat' dir='ltr'><strong>(Exod.</strong></span> <span class='ocrx_word' id='word_1_94' title='bbox 950 1418 1050 1482; x_wconf 93' lang='lat' dir='ltr'><strong>xu)</strong></span> <span class='ocrx_word' id='word_1_95' title='bbox 1087 1415 1294 1480; x_wconf 89' lang='lat' dir='ltr'><strong>aliquot</strong></span> <span class='ocrx_word' id='word_1_96' title='bbox 1335 1423 1460 1465; x_wconf 82' lang='lat' dir='ltr'><strong>ante</strong></span> <span class='ocrx_word' id='word_1_97' title='bbox 1498 1412 1712 1469; x_wconf 84' lang='lat' dir='ltr'><strong>diebus,</strong></span> <span class='ocrx_word' id='word_1_98' title='bbox 1744 1419 1895 1477; x_wconf 73' lang='lat' dir='ltr'><strong>juxta</strong></span> <span class='ocrx_word' id='word_1_99' title='bbox 1946 1409 2027 1463; x_wconf 76' lang='lat' dir='ltr'><strong>fa-</strong></span> 
     </span>
    </p>
   </div>
   <div class='ocr_carea' id='block_1_15' title="bbox 441 1502 2029 1576">
    <p class='ocr_par' dir='ltr' id='par_1_15' title="bbox 441 1502 2029 1576">
     <span class='ocr_line' id='line_1_15' title="bbox 441 1502 2029 1576; baseline -0.004 -15"><span class='ocrx_word' id='word_1_100' title='bbox 441 1508 713 1561; x_wconf 87' lang='lat' dir='ltr'><strong>miliarum</strong></span> <span class='ocrx_word' id='word_1_101' title='bbox 744 1507 1177 1576; x_wconf 73' lang='lat' dir='ltr'><strong>magnitudinem</strong></span> <span class='ocrx_word' id='word_1_102' title='bbox 1212 1504 1381 1573; x_wconf 88' lang='lat' dir='ltr'><strong>parati</strong></span> <span class='ocrx_word' id='word_1_103' title='bbox 1415 1513 1608 1566; x_wconf 86' lang='lat' dir='ltr'><strong>erant;</strong></span> <span class='ocrx_word' id='word_1_104' title='bbox 1638 1503 1819 1569; x_wconf 76' lang='lat' dir='ltr'><strong>itaque</strong></span> <span class='ocrx_word' id='word_1_105' title='bbox 1848 1502 2029 1555; x_wconf 88' lang='lat' dir='ltr'><strong>nullus</strong></span> 
     </span>
    </p>
   </div>
   <div class='ocr_carea' id='block_1_16' title="bbox 439 1596 2022 1669">
    <p class='ocr_par' dir='ltr' id='par_1_16' title="bbox 439 1596 2022 1669">
     <span class='ocr_line' id='line_1_16' title="bbox 439 1596 2022 1669; baseline -0.004 -15"><span class='ocrx_word' id='word_1_106' title='bbox 439 1616 504 1654; x_wconf 88' lang='lat' dir='ltr'><strong>ex</strong></span> <span class='ocrx_word' id='word_1_107' title='bbox 536 1601 637 1654; x_wconf 84' lang='lat' dir='ltr'><strong>hoe</strong></span> <span class='ocrx_word' id='word_1_108' title='bbox 671 1616 862 1669; x_wconf 87' lang='lat' dir='ltr'><strong>passus</strong></span> <span class='ocrx_word' id='word_1_109' title='bbox 888 1598 1417 1661; x_wconf 77' lang='lat' dir='ltr'><strong>cstoﬂendiculuni,</strong></span> <span class='ocrx_word' id='word_1_110' title='bbox 1450 1612 1628 1664; x_wconf 82' lang='lat' dir='ltr'><strong>neque</strong></span> <span class='ocrx_word' id='word_1_111' title='bbox 1658 1599 1728 1650; x_wconf 91' lang='lat' dir='ltr'><strong>ob</strong></span> <span class='ocrx_word' id='word_1_112' title='bbox 1755 1596 1804 1651; x_wconf 91' lang='lat' dir='ltr'><strong>id</strong></span> <span class='ocrx_word' id='word_1_113' title='bbox 1840 1611 2022 1650; x_wconf 87' lang='lat' dir='ltr'><strong>coram</strong></span> 
     </span>
    </p>
   </div>
   <div class='ocr_carea' id='block_1_17' title="bbox 445 1693 1131 1764">
    <p class='ocr_par' dir='ltr' id='par_1_17' title="bbox 445 1693 1131 1764">
     <span class='ocr_line' id='line_1_17' title="bbox 445 1693 1131 1764; baseline -0.007 -17"><span class='ocrx_word' id='word_1_114' title='bbox 445 1695 619 1764; x_wconf 85' lang='lat' dir='ltr'><strong>judice</strong></span> <span class='ocrx_word' id='word_1_115' title='bbox 654 1694 832 1761; x_wconf 88' lang='lat' dir='ltr'><strong>potuit</strong></span> <span class='ocrx_word' id='word_1_116' title='bbox 862 1693 1131 1746; x_wconf 86' lang='lat' dir='ltr'><strong>accusari.</strong></span> 
     </span>
    </p>
   </div>
   <div class='ocr_carea' id='block_1_18' title="bbox 512 1781 2034 1850">
    <p class='ocr_par' dir='ltr' id='par_1_18' title="bbox 512 1781 2034 1850">
     <span class='ocr_line' id='line_1_18' title="bbox 512 1781 2034 1850; baseline -0.002 -13"><span class='ocrx_word' id='word_1_117' title='bbox 512 1785 655 1849; x_wconf 84' lang='lat' dir='ltr'><strong>Quin</strong></span> <span class='ocrx_word' id='word_1_118' title='bbox 712 1794 769 1837; x_wconf 91' lang='lat' dir='ltr'><strong>et</strong></span> <span class='ocrx_word' id='word_1_119' title='bbox 822 1783 1192 1850; x_wconf 81' lang='lat' dir='ltr'><strong>Tertullianps</strong></span> <span class='ocrx_word' id='word_1_120' title='bbox 1243 1781 1471 1835; x_wconf 81' lang='lat' dir='ltr'><strong>Latinus</strong></span> <span class='ocrx_word' id='word_1_121' title='bbox 1518 1790 1710 1834; x_wconf 81' lang='lat' dir='ltr'><strong>auctor</strong></span> <span class='ocrx_word' id='word_1_122' title='bbox 1753 1782 2034 1846; x_wconf 77' lang='lat' dir='ltr'><strong>proximus</strong></span> 
     </span>
    </p>
   </div>
   <div class='ocr_carea' id='block_1_19' title="bbox 442 1870 2040 1943">
    <p class='ocr_par' dir='ltr' id='par_1_19' title="bbox 442 1870 2040 1943">
     <span class='ocr_line' id='line_1_19' title="bbox 442 1870 2040 1943; baseline -0.002 -15"><span class='ocrx_word' id='word_1_123' title='bbox 442 1876 809 1943; x_wconf 70' lang='lat' dir='ltr'><strong>apustolorum</strong></span> <span class='ocrx_word' id='word_1_124' title='bbox 861 1875 1237 1940; x_wconf 63' lang='lat' dir='ltr'><strong>temporibus,</strong></span> <span class='ocrx_word' id='word_1_125' title='bbox 1292 1874 1358 1926; x_wconf 83' lang='lat' dir='ltr'><strong>de</strong></span> <span class='ocrx_word' id='word_1_126' title='bbox 1413 1873 1499 1925; x_wconf 81' lang='lat' dir='ltr'><strong>die</strong></span> <span class='ocrx_word' id='word_1_127' title='bbox 1557 1870 1833 1924; x_wconf 74' lang='lat' dir='ltr'><strong>Passionis</strong></span> <span class='ocrx_word' id='word_1_128' title='bbox 1881 1872 2040 1925; x_wconf 72' lang='lat' dir='ltr'><strong>illiri-</strong></span> 
     </span>
    </p>
   </div>
   <div class='ocr_carea' id='block_1_20' title="bbox 444 1962 2049 2032">
    <p class='ocr_par' dir='ltr' id='par_1_20' title="bbox 444 1962 2049 2032">
     <span class='ocr_line' id='line_1_20' title="bbox 444 1962 2049 2032; baseline -0.001 -15"><span class='ocrx_word' id='word_1_129' title='bbox 444 1968 513 2018; x_wconf 80' lang='lat' dir='ltr'><strong>sti</strong></span> <span class='ocrx_word' id='word_1_130' title='bbox 569 1967 639 2019; x_wconf 81' lang='lat' dir='ltr'><strong>ita</strong></span> <span class='ocrx_word' id='word_1_131' title='bbox 704 1966 943 2032; x_wconf 81' lang='lat' dir='ltr'><strong>loquitur</strong></span> <span class='ocrx_word' id='word_1_132' title='bbox 1006 1966 1057 2017; x_wconf 93' lang='lat' dir='ltr'><strong>iu</strong></span> <span class='ocrx_word' id='word_1_133' title='bbox 1107 1964 1437 2032; x_wconf 76' lang='lat' dir='ltr'><strong>Apologelicc</strong></span> <span class='ocrx_word' id='word_1_134' title='bbox 1502 1966 1747 2015; x_wconf 68' lang='lat' dir='ltr'><strong>adversus</strong></span> <span class='ocrx_word' id='word_1_135' title='bbox 1803 1962 2049 2015; x_wconf 70' lang='lat' dir='ltr'><strong>Judmos.&quot;</strong></span> 
     </span>
    </p>
   </div>
   <div class='ocr_carea' id='block_1_21' title="bbox 449 2052 2041 2122">
    <p class='ocr_par' dir='ltr' id='par_1_21' title="bbox 449 2052 2041 2122">
     <span class='ocr_line' id='line_1_21' title="bbox 449 2052 2041 2122; baseline 0.001 -19"><span class='ocrx_word' id='word_1_136' title='bbox 449 2073 468 2103; x_wconf 76' lang='grc' dir='ltr'><strong>ι</strong></span> <span class='ocrx_word' id='word_1_137' title='bbox 494 2052 628 2119; x_wconf 77' lang='lat' dir='ltr'><strong>Qua:</strong></span> <span class='ocrx_word' id='word_1_138' title='bbox 670 2052 857 2106; x_wconf 72' lang='lat' dir='ltr'><strong>Passio</strong></span> <span class='ocrx_word' id='word_1_139' title='bbox 900 2053 1035 2106; x_wconf 86' lang='lat' dir='ltr'><strong>intra</strong></span> <span class='ocrx_word' id='word_1_140' title='bbox 1075 2062 1317 2122; x_wconf 86' lang='lat' dir='ltr'><strong>tempora</strong></span> <span class='ocrx_word' id='word_1_141' title='bbox 1359 2057 1697 2122; x_wconf 57' lang='lat' dir='ltr'><strong>septuaginta</strong></span> <span class='ocrx_word' id='word_1_142' title='bbox 1746 2054 2041 2106; x_wconf 81' lang='lat' dir='ltr'><strong>hebdoma-</strong></span> 
     </span>
    </p>
   </div>
   <div class='ocr_carea' id='block_1_22' title="bbox 445 2143 2034 2211">
    <p class='ocr_par' dir='ltr' id='par_1_22' title="bbox 445 2143 2034 2211">
     <span class='ocr_line' id='line_1_22' title="bbox 445 2143 2034 2211; baseline -0.001 -13"><span class='ocrx_word' id='word_1_143' title='bbox 445 2143 633 2198; x_wconf 83' lang='lat' dir='ltr'><strong>darum</strong></span> <span class='ocrx_word' id='word_1_144' title='bbox 690 2143 926 2211; x_wconf 79' lang='lat' dir='ltr'><strong>perfecta</strong></span> <span class='ocrx_word' id='word_1_145' title='bbox 993 2157 1096 2204; x_wconf 78' lang='lat' dir='ltr'><strong>est,</strong></span> <span class='ocrx_word' id='word_1_146' title='bbox 1158 2146 1256 2198; x_wconf 84' lang='lat' dir='ltr'><strong>sub</strong></span> <span class='ocrx_word' id='word_1_147' title='bbox 1319 2143 1535 2199; x_wconf 77' lang='lat' dir='ltr'><strong>Tiberio</strong></span> <span class='ocrx_word' id='word_1_148' title='bbox 1589 2147 1838 2204; x_wconf 70' lang='lat' dir='ltr'><strong>Cmsare.</strong></span> <span class='ocrx_word' id='word_1_149' title='bbox 1893 2162 2034 2200; x_wconf 76' lang='lat' dir='ltr'><strong>coss.</strong></span> 
     </span>
    </p>
   </div>
   <div class='ocr_carea' id='block_1_23' title="bbox 447 2233 2037 2301">
    <p class='ocr_par' dir='ltr' id='par_1_23' title="bbox 447 2233 2037 2301">
     <span class='ocr_line' id='line_1_23' title="bbox 447 2233 2037 2301; baseline 0.001 -17"><span class='ocrx_word' id='word_1_150' title='bbox 447 2233 699 2286; x_wconf 75' lang='lat' dir='ltr'><strong>Rubellio</strong></span> <span class='ocrx_word' id='word_1_151' title='bbox 737 2234 968 2287; x_wconf 78' lang='lat' dir='ltr'><strong>Gemino</strong></span> <span class='ocrx_word' id='word_1_152' title='bbox 1007 2250 1059 2288; x_wconf 76' lang='grc' dir='ltr'>οἰ</span> <span class='ocrx_word' id='word_1_153' title='bbox 1097 2236 1233 2288; x_wconf 74' lang='lat' dir='ltr'><strong>Rufo</strong></span> <span class='ocrx_word' id='word_1_154' title='bbox 1283 2236 1513 2290; x_wconf 70' lang='lat' dir='ltr'><strong>Gemino</strong></span> <span class='ocrx_word' id='word_1_155' title='bbox 1537 2280 1547 2293; x_wconf 89' lang='lat'><strong>.</strong></span> <span class='ocrx_word' id='word_1_156' title='bbox 1597 2253 1780 2290; x_wconf 79' lang='lat' dir='ltr'><strong>mcuse</strong></span> <span class='ocrx_word' id='word_1_157' title='bbox 1818 2238 2037 2301; x_wconf 73' lang='lat' dir='ltr'><strong>Martio,</strong></span> 
     </span>
    </p>
   </div>
   <div class='ocr_carea' id='block_1_24' title="bbox 448 2326 2036 2395">
    <p class='ocr_par' dir='ltr' id='par_1_24' title="bbox 448 2326 2036 2395">
     <span class='ocr_line' id='line_1_24' title="bbox 448 2326 2036 2395; baseline 0 -15"><span class='ocrx_word' id='word_1_158' title='bbox 448 2330 791 2394; x_wconf 78' lang='lat' dir='ltr'><strong>temporibus</strong></span> <span class='ocrx_word' id='word_1_159' title='bbox 830 2326 1074 2389; x_wconf 77' lang='lat' dir='ltr'><strong>Paselize,</strong></span> <span class='ocrx_word' id='word_1_160' title='bbox 1116 2328 1206 2381; x_wconf 89' lang='lat' dir='ltr'><strong>die</strong></span> <span class='ocrx_word' id='word_1_161' title='bbox 1245 2338 1439 2381; x_wconf 74' lang='lat' dir='ltr'><strong>octavo</strong></span> <span class='ocrx_word' id='word_1_162' title='bbox 1470 2328 1835 2392; x_wconf 74' lang='lat' dir='ltr'><strong>Kalendarum</strong></span> <span class='ocrx_word' id='word_1_163' title='bbox 1872 2332 2036 2395; x_wconf 55' lang='lat' dir='ltr'><strong>Art&quot;-</strong></span> 
     </span>
    </p>
   </div>
   <div class='ocr_carea' id='block_1_25' title="bbox 447 2418 2035 2489">
    <p class='ocr_par' dir='ltr' id='par_1_25' title="bbox 447 2418 2035 2489">
     <span class='ocr_line' id='line_1_25' title="bbox 447 2418 2035 2489; baseline 0.003 -18"><span class='ocrx_word' id='word_1_164' title='bbox 447 2418 614 2480; x_wconf 78' lang='lat' dir='ltr'><strong>l’ium,</strong></span> <span class='ocrx_word' id='word_1_165' title='bbox 686 2418 772 2473; x_wconf 86' lang='lat' dir='ltr'><strong>die</strong></span> <span class='ocrx_word' id='word_1_166' title='bbox 851 2420 1025 2486; x_wconf 86' lang='lat' dir='ltr'><strong>primo</strong></span> <span class='ocrx_word' id='word_1_167' title='bbox 1097 2419 1459 2485; x_wconf 80' lang='lat' dir='ltr'><strong>Azymorum.</strong></span> <span class='ocrx_word' id='word_1_168' title='bbox 1533 2436 1640 2485; x_wconf 77' lang='lat' dir='ltr'><strong>quo</strong></span> <span class='ocrx_word' id='word_1_169' title='bbox 1709 2435 1906 2489; x_wconf 78' lang='lat' dir='ltr'><strong>agnum</strong></span> <span class='ocrx_word' id='word_1_170' title='bbox 1982 2433 2035 2475; x_wconf 81' lang='lat' dir='ltr'><strong>nl</strong></span> 
     </span>
    </p>
   </div>
   <div class='ocr_carea' id='block_1_26' title="bbox 448 2509 2037 2580">
    <p class='ocr_par' dir='ltr' id='par_1_26' title="bbox 448 2509 2037 2580">
     <span class='ocr_line' id='line_1_26' title="bbox 448 2509 2037 2580; baseline 0.003 -18"><span class='ocrx_word' id='word_1_171' title='bbox 448 2509 758 2563; x_wconf 73' lang='lat' dir='ltr'><strong>occiderent</strong></span> <span class='ocrx_word' id='word_1_172' title='bbox 815 2511 879 2563; x_wconf 89' lang='lat' dir='ltr'><strong>ad</strong></span> <span class='ocrx_word' id='word_1_173' title='bbox 956 2526 1281 2580; x_wconf 80' lang='lat' dir='ltr'><strong>vesperam,</strong></span> <span class='ocrx_word' id='word_1_174' title='bbox 1348 2528 1376 2563; x_wconf 93' lang='lat' dir='ltr'><strong>a</strong></span> <span class='ocrx_word' id='word_1_175' title='bbox 1439 2511 1585 2563; x_wconf 75' lang='lat' dir='ltr'><strong>Mnse</strong></span> <span class='ocrx_word' id='word_1_176' title='bbox 1653 2517 1830 2565; x_wconf 87' lang='lat' dir='ltr'><strong>luerat</strong></span> <span class='ocrx_word' id='word_1_177' title='bbox 1887 2528 2037 2580; x_wconf 65' lang='grc' dir='ltr'><strong>ριξη-</strong></span> 
     </span>
    </p>
   </div>
   <div class='ocr_carea' id='block_1_27' title="bbox 446 2586 2063 2669">
    <p class='ocr_par' dir='ltr' id='par_1_27' title="bbox 446 2586 2063 2669">
     <span class='ocr_line' id='line_1_27' title="bbox 446 2586 2063 2669; baseline 0.004 -16"><span class='ocrx_word' id='word_1_178' title='bbox 446 2608 682 2666; x_wconf 79' lang='lat' dir='ltr'><strong>ceptum.</strong></span> <span class='ocrx_word' id='word_1_179' title='bbox 735 2600 916 2667; x_wconf 71' lang='lat' dir='ltr'><strong>Neque</strong></span> <span class='ocrx_word' id='word_1_180' title='bbox 952 2603 1098 2654; x_wconf 89' lang='lat' dir='ltr'><strong>enim</strong></span> <span class='ocrx_word' id='word_1_181' title='bbox 1145 2604 1214 2655; x_wconf 89' lang='lat' dir='ltr'><strong>ob</strong></span> <span class='ocrx_word' id='word_1_182' title='bbox 1266 2603 1316 2656; x_wconf 87' lang='lat' dir='ltr'><strong>id</strong></span> <span class='ocrx_word' id='word_1_183' title='bbox 1358 2604 1463 2657; x_wconf 87' lang='lat' dir='ltr'><strong>dici</strong></span> <span class='ocrx_word' id='word_1_184' title='bbox 1513 2613 1689 2668; x_wconf 77' lang='lat' dir='ltr'><strong>potest</strong></span> <span class='ocrx_word' id='word_1_185' title='bbox 1725 2606 1897 2669; x_wconf 84' lang='lat' dir='ltr'><strong>primo</strong></span> <span class='ocrx_word' id='word_1_186' title='bbox 1951 2586 2063 2660; x_wconf 31' lang='lat' dir='ltr'><strong>die&#39;</strong></span> 
     </span>
    </p>
   </div>
   <div class='ocr_carea' id='block_1_28' title="bbox 450 2689 2035 2761">
    <p class='ocr_par' dir='ltr' id='par_1_28' title="bbox 450 2689 2035 2761">
     <span class='ocr_line' id='line_1_28' title="bbox 450 2689 2035 2761; baseline 0.006 -20"><span class='ocrx_word' id='word_1_187' title='bbox 450 2689 778 2761; x_wconf 77' lang='lat' dir='ltr'><strong>Azymorum</strong></span> <span class='ocrx_word' id='word_1_188' title='bbox 843 2704 1128 2757; x_wconf 84' lang='lat' dir='ltr'><strong>mortuus,</strong></span> <span class='ocrx_word' id='word_1_189' title='bbox 1187 2696 1341 2761; x_wconf 83' lang='lat' dir='ltr'><strong>juxta</strong></span> <span class='ocrx_word' id='word_1_190' title='bbox 1400 2696 1657 2760; x_wconf 72' lang='grc' dir='ltr'><strong>[ιΓζΡάῘςιῐι</strong></span> <span class='ocrx_word' id='word_1_191' title='bbox 1715 2697 2035 2750; x_wconf 80' lang='lat' dir='ltr'><strong>Tertulliani</strong></span> 
     </span>
    </p>
   </div>
   <div class='ocr_carea' id='block_1_29' title="bbox 449 2784 2038 2854">
    <p class='ocr_par' dir='ltr' id='par_1_29' title="bbox 449 2784 2038 2854">
     <span class='ocr_line' id='line_1_29' title="bbox 449 2784 2038 2854; baseline 0.004 -19"><span class='ocrx_word' id='word_1_192' title='bbox 449 2786 637 2845; x_wconf 70' lang='lat' dir='ltr'><strong>verba,</strong></span> <span class='ocrx_word' id='word_1_193' title='bbox 672 2784 814 2851; x_wconf 88' lang='lat' dir='ltr'><strong>quod</strong></span> <span class='ocrx_word' id='word_1_194' title='bbox 856 2802 918 2838; x_wconf 90' lang='lat' dir='ltr'><strong>ea</strong></span> <span class='ocrx_word' id='word_1_195' title='bbox 955 2795 1111 2840; x_wconf 88' lang='lat' dir='ltr'><strong>nocte</strong></span> <span class='ocrx_word' id='word_1_196' title='bbox 1143 2796 1335 2854; x_wconf 84' lang='lat' dir='ltr'><strong>captus</strong></span> <span class='ocrx_word' id='word_1_197' title='bbox 1377 2788 1564 2839; x_wconf 79' lang='lat' dir='ltr'><strong>fuerit.</strong></span> <span class='ocrx_word' id='word_1_198' title='bbox 1601 2788 1879 2854; x_wconf 77' lang='lat' dir='ltr'><strong>Siquidem</strong></span> <span class='ocrx_word' id='word_1_199' title='bbox 1921 2806 2038 2842; x_wconf 85' lang='lat' dir='ltr'><strong>oni-</strong></span> 
     </span>
    </p>
   </div>
   <div class='ocr_carea' id='block_1_30' title="bbox 449 2874 2038 2946">
    <p class='ocr_par' dir='ltr' id='par_1_30' title="bbox 449 2874 2038 2946">
     <span class='ocr_line' id='line_1_30' title="bbox 449 2874 2038 2946; baseline 0.005 -17"><span class='ocrx_word' id='word_1_200' title='bbox 449 2874 603 2929; x_wconf 76' lang='lat' dir='ltr'><strong>niuiu</strong></span> <span class='ocrx_word' id='word_1_201' title='bbox 636 2877 949 2931; x_wconf 89' lang='lat' dir='ltr'><strong>testimonio</strong></span> <span class='ocrx_word' id='word_1_202' title='bbox 975 2882 1026 2931; x_wconf 90' lang='lat' dir='ltr'><strong>in</strong></span> <span class='ocrx_word' id='word_1_203' title='bbox 1054 2895 1217 2934; x_wconf 85' lang='lat' dir='ltr'><strong>cruce</strong></span> <span class='ocrx_word' id='word_1_204' title='bbox 1246 2892 1299 2933; x_wconf 90' lang='lat' dir='ltr'><strong>et</strong></span> <span class='ocrx_word' id='word_1_205' title='bbox 1324 2896 1428 2933; x_wconf 88' lang='lat' dir='ltr'><strong>non</strong></span> <span class='ocrx_word' id='word_1_206' title='bbox 1464 2882 1514 2933; x_wconf 85' lang='lat' dir='ltr'><strong>in</strong></span> <span class='ocrx_word' id='word_1_207' title='bbox 1542 2882 2038 2946; x_wconf 70' lang='lat' dir='ltr'><strong>comprehensione</strong></span> 
     </span>
    </p>
   </div>
   <div class='ocr_carea' id='block_1_31' title="bbox 454 2968 2037 3037">
    <p class='ocr_par' dir='ltr' id='par_1_31' title="bbox 454 2968 2037 3037">
     <span class='ocr_line' id='line_1_31' title="bbox 454 2968 2037 3037; baseline 0.006 -17"><span class='ocrx_word' id='word_1_208' title='bbox 454 2968 554 3020; x_wconf 73' lang='grc' dir='ltr'>[ιιιι</span> <span class='ocrx_word' id='word_1_209' title='bbox 600 2979 784 3021; x_wconf 74' lang='lat' dir='ltr'><strong>nostra</strong></span> <span class='ocrx_word' id='word_1_210' title='bbox 835 2971 1161 3031; x_wconf 80' lang='lat' dir='ltr'><strong>redemptio.</strong></span> <span class='ocrx_word' id='word_1_211' title='bbox 1208 2972 1272 3025; x_wconf 65' lang='lat' dir='ltr'><strong>lit</strong></span> <span class='ocrx_word' id='word_1_212' title='bbox 1304 2974 1489 3037; x_wconf 83' lang='lat' dir='ltr'><strong>procul</strong></span> <span class='ocrx_word' id='word_1_213' title='bbox 1546 2973 1712 3027; x_wconf 81' lang='lat' dir='ltr'><strong>dubio</strong></span> <span class='ocrx_word' id='word_1_214' title='bbox 1764 2975 1947 3027; x_wconf 90' lang='lat' dir='ltr'><strong>divina</strong></span> <span class='ocrx_word' id='word_1_215' title='bbox 1985 2976 2037 3029; x_wconf 91' lang='lat' dir='ltr'><strong>id</strong></span> 
     </span>
    </p>
   </div>
   <div class='ocr_carea' id='block_1_32' title="bbox 452 3061 2037 3130">
    <p class='ocr_par' dir='ltr' id='par_1_32' title="bbox 452 3061 2037 3130">
     <span class='ocr_line' id='line_1_32' title="bbox 452 3061 2037 3130; baseline 0.006 -19"><span class='ocrx_word' id='word_1_216' title='bbox 452 3070 632 3111; x_wconf 82' lang='lat' dir='ltr'><strong>actum</strong></span> <span class='ocrx_word' id='word_1_217' title='bbox 657 3072 740 3114; x_wconf 73' lang='lat' dir='ltr'><strong>est</strong></span> <span class='ocrx_word' id='word_1_218' title='bbox 771 3061 1139 3123; x_wconf 78' lang='lat' dir='ltr'><strong>Providentia,</strong></span> <span class='ocrx_word' id='word_1_219' title='bbox 1163 3064 1308 3129; x_wconf 86' lang='lat' dir='ltr'><strong>quod</strong></span> <span class='ocrx_word' id='word_1_220' title='bbox 1333 3080 1398 3116; x_wconf 80' lang='lat' dir='ltr'><strong>eo</strong></span> <span class='ocrx_word' id='word_1_221' title='bbox 1424 3080 1569 3117; x_wconf 85' lang='lat' dir='ltr'><strong>anno</strong></span> <span class='ocrx_word' id='word_1_222' title='bbox 1600 3066 1800 3130; x_wconf 80' lang='lat' dir='ltr'><strong>duplex</strong></span> <span class='ocrx_word' id='word_1_223' title='bbox 1824 3068 2037 3121; x_wconf 79' lang='lat' dir='ltr'><strong>decima</strong></span> 
     </span>
    </p>
   </div>
   <div class='ocr_carea' id='block_1_33' title="bbox 2126 560 3717 632">
    <p class='ocr_par' dir='ltr' id='par_1_33' title="bbox 2126 560 3717 632">
     <span class='ocr_line' id='line_1_33' title="bbox 2126 560 3717 632; baseline -0.009 0"><span class='ocrx_word' id='word_1_224' title='bbox 2126 579 2273 632; x_wconf 89' lang='lat' dir='ltr'><strong>illam</strong></span> <span class='ocrx_word' id='word_1_225' title='bbox 2313 560 2715 631; x_wconf 79' lang='lat' dir='ltr'><strong>immunditiam</strong></span> <span class='ocrx_word' id='word_1_226' title='bbox 2747 571 3057 626; x_wconf 85' lang='lat' dir='ltr'><strong>levissimas</strong></span> <span class='ocrx_word' id='word_1_227' title='bbox 3087 570 3159 622; x_wconf 92' lang='lat' dir='ltr'><strong>ob</strong></span> <span class='ocrx_word' id='word_1_228' title='bbox 3190 582 3385 621; x_wconf 83' lang='lat' dir='ltr'><strong>causas</strong></span> <span class='ocrx_word' id='word_1_229' title='bbox 3419 565 3717 618; x_wconf 81' lang='lat' dir='ltr'><strong>contrahe-</strong></span> 
     </span>
    </p>
   </div>
   <div class='ocr_carea' id='block_1_34' title="bbox 2124 668 2281 723">
    <p class='ocr_par' dir='ltr' id='par_1_34' title="bbox 2124 668 2281 723">
     <span class='ocr_line' id='line_1_34' title="bbox 2124 668 2281 723; baseline 0.006 -1"><span class='ocrx_word' id='word_1_230' title='bbox 2124 668 2281 723; x_wconf 88' lang='lat' dir='ltr'><strong>bant.</strong></span> 
     </span>
    </p>
   </div>
   <div class='ocr_carea' id='block_1_35' title="bbox 2192 750 3722 825">
    <p class='ocr_par' dir='ltr' id='par_1_35' title="bbox 2192 750 3722 825">
     <span class='ocr_line' id='line_1_35' title="bbox 2192 750 3722 825; baseline -0.007 -15"><span class='ocrx_word' id='word_1_231' title='bbox 2192 759 2348 825; x_wconf 81' lang='lat' dir='ltr'><strong>Quod</strong></span> <span class='ocrx_word' id='word_1_232' title='bbox 2417 768 2597 813; x_wconf 86' lang='lat' dir='ltr'><strong>autem</strong></span> <span class='ocrx_word' id='word_1_233' title='bbox 2667 761 2819 811; x_wconf 90' lang='lat' dir='ltr'><strong>aiunt</strong></span> <span class='ocrx_word' id='word_1_234' title='bbox 2881 752 3185 812; x_wconf 90' lang='lat' dir='ltr'><strong>nonnulli,</strong></span> <span class='ocrx_word' id='word_1_235' title='bbox 3234 750 3451 804; x_wconf 63' lang='lat' dir='ltr'><strong>Judteos</strong></span> <span class='ocrx_word' id='word_1_236' title='bbox 3518 762 3722 815; x_wconf 68' lang='lat' dir='ltr'><strong>prmcc-</strong></span> 
     </span>
    </p>
   </div>
   <div class='ocr_carea' id='block_1_36' title="bbox 2127 844 3721 920">
    <p class='ocr_par' dir='ltr' id='par_1_36' title="bbox 2127 844 3721 920">
     <span class='ocr_line' id='line_1_36' title="bbox 2127 844 3721 920; baseline -0.009 -15"><span class='ocrx_word' id='word_1_237' title='bbox 2127 852 2276 905; x_wconf 86' lang='lat' dir='ltr'><strong>denti</strong></span> <span class='ocrx_word' id='word_1_238' title='bbox 2314 853 2403 905; x_wconf 87' lang='lat' dir='ltr'><strong>die</strong></span> <span class='ocrx_word' id='word_1_239' title='bbox 2434 859 2732 920; x_wconf 86' lang='lat' dir='ltr'><strong>occupatos</strong></span> <span class='ocrx_word' id='word_1_240' title='bbox 2755 850 2898 901; x_wconf 84' lang='lat' dir='ltr'><strong>circa</strong></span> <span class='ocrx_word' id='word_1_241' title='bbox 2928 846 3254 913; x_wconf 84' lang='lat' dir='ltr'><strong>capiendum</strong></span> <span class='ocrx_word' id='word_1_242' title='bbox 3283 844 3589 898; x_wconf 77' lang='lat' dir='ltr'><strong>Christum.</strong></span> <span class='ocrx_word' id='word_1_243' title='bbox 3623 856 3721 892; x_wconf 66' lang='lat' dir='ltr'><strong>ne-</strong></span> 
     </span>
    </p>
   </div>
   <div class='ocr_carea' id='block_1_37' title="bbox 2129 934 3724 1012">
    <p class='ocr_par' dir='ltr' id='par_1_37' title="bbox 2129 934 3724 1012">
     <span class='ocr_line' id='line_1_37' title="bbox 2129 934 3724 1012; baseline -0.009 -16"><span class='ocrx_word' id='word_1_244' title='bbox 2129 945 2361 1011; x_wconf 68' lang='lat' dir='ltr'><strong>glexisse</strong></span> <span class='ocrx_word' id='word_1_245' title='bbox 2405 959 2603 1012; x_wconf 78' lang='lat' dir='ltr'><strong>agnum</strong></span> <span class='ocrx_word' id='word_1_246' title='bbox 2650 943 2814 995; x_wconf 89' lang='lat' dir='ltr'><strong>edere</strong></span> <span class='ocrx_word' id='word_1_247' title='bbox 2871 938 3204 1007; x_wconf 85' lang='lat' dir='ltr'><strong>pasclialem.</strong></span> <span class='ocrx_word' id='word_1_248' title='bbox 3250 946 3304 989; x_wconf 92' lang='lat' dir='ltr'><strong>et</strong></span> <span class='ocrx_word' id='word_1_249' title='bbox 3338 936 3485 1003; x_wconf 91' lang='lat' dir='ltr'><strong>quod</strong></span> <span class='ocrx_word' id='word_1_250' title='bbox 3518 934 3724 985; x_wconf 56' lang='lat' dir='ltr'><strong>idcirco</strong></span> 
     </span>
    </p>
   </div>
   <div class='ocr_carea' id='block_1_38' title="bbox 2129 1027 3727 1103">
    <p class='ocr_par' dir='ltr' id='par_1_38' title="bbox 2129 1027 3727 1103">
     <span class='ocr_line' id='line_1_38' title="bbox 2129 1027 3727 1103; baseline -0.006 -15"><span class='ocrx_word' id='word_1_251' title='bbox 2129 1046 2288 1089; x_wconf 89' lang='lat' dir='ltr'><strong>nocte</strong></span> <span class='ocrx_word' id='word_1_252' title='bbox 2316 1035 2566 1103; x_wconf 86' lang='lat' dir='ltr'><strong>sequenti</strong></span> <span class='ocrx_word' id='word_1_253' title='bbox 2613 1035 2763 1087; x_wconf 90' lang='lat' dir='ltr'><strong>illum</strong></span> <span class='ocrx_word' id='word_1_254' title='bbox 2797 1041 2981 1085; x_wconf 79' lang='lat' dir='ltr'><strong>essent</strong></span> <span class='ocrx_word' id='word_1_255' title='bbox 3008 1029 3326 1085; x_wconf 85' lang='lat' dir='ltr'><strong>comesturi.</strong></span> <span class='ocrx_word' id='word_1_256' title='bbox 3363 1043 3472 1081; x_wconf 83' lang='lat' dir='ltr'><strong>non</strong></span> <span class='ocrx_word' id='word_1_257' title='bbox 3503 1028 3561 1080; x_wconf 84' lang='lat' dir='ltr'><strong>lit</strong></span> <span class='ocrx_word' id='word_1_258' title='bbox 3584 1027 3727 1079; x_wconf 84' lang='lat' dir='ltr'><strong>veri-</strong></span> 
     </span>
    </p>
   </div>
   <div class='ocr_carea' id='block_1_39' title="bbox 2129 1122 3725 1195">
    <p class='ocr_par' dir='ltr' id='par_1_39' title="bbox 2129 1122 3725 1195">
     <span class='ocr_line' id='line_1_39' title="bbox 2129 1122 3725 1195; baseline -0.008 -12"><span class='ocrx_word' id='word_1_259' title='bbox 2129 1129 2328 1183; x_wconf 78' lang='lat' dir='ltr'><strong>simile.</strong></span> <span class='ocrx_word' id='word_1_260' title='bbox 2361 1130 2645 1195; x_wconf 71' lang='lat' dir='ltr'><strong>Siquidem</strong></span> <span class='ocrx_word' id='word_1_261' title='bbox 2681 1129 2847 1182; x_wconf 84' lang='lat' dir='ltr'><strong>etiam</strong></span> <span class='ocrx_word' id='word_1_262' title='bbox 2882 1126 2955 1178; x_wconf 88' lang='lat' dir='ltr'><strong>illi</strong></span> <span class='ocrx_word' id='word_1_263' title='bbox 2992 1127 3080 1193; x_wconf 90' lang='lat' dir='ltr'><strong>qui</strong></span> <span class='ocrx_word' id='word_1_264' title='bbox 3116 1124 3360 1193; x_wconf 76' lang='lat' dir='ltr'><strong>legitimo</strong></span> <span class='ocrx_word' id='word_1_265' title='bbox 3391 1122 3725 1175; x_wconf 87' lang='lat' dir='ltr'><strong>tenebantur</strong></span> 
     </span>
    </p>
   </div>
   <div class='ocr_carea' id='block_1_40' title="bbox 2132 1215 3720 1287">
    <p class='ocr_par' dir='ltr' id='par_1_40' title="bbox 2132 1215 3720 1287">
     <span class='ocr_line' id='line_1_40' title="bbox 2132 1215 3720 1287; baseline -0.004 -16"><span class='ocrx_word' id='word_1_266' title='bbox 2132 1220 2524 1287; x_wconf 83' lang='lat' dir='ltr'><strong>impedimento</strong></span> <span class='ocrx_word' id='word_1_267' title='bbox 2556 1222 2769 1273; x_wconf 80' lang='lat' dir='ltr'><strong>decimo</strong></span> <span class='ocrx_word' id='word_1_268' title='bbox 2807 1228 3003 1287; x_wconf 89' lang='lat' dir='ltr'><strong>quarto</strong></span> <span class='ocrx_word' id='word_1_269' title='bbox 3032 1219 3119 1271; x_wconf 89' lang='lat' dir='ltr'><strong>die</strong></span> <span class='ocrx_word' id='word_1_270' title='bbox 3153 1218 3313 1284; x_wconf 88' lang='lat' dir='ltr'><strong>primi</strong></span> <span class='ocrx_word' id='word_1_271' title='bbox 3356 1215 3583 1275; x_wconf 80' lang='lat' dir='ltr'><strong>mensis,</strong></span> <span class='ocrx_word' id='word_1_272' title='bbox 3612 1230 3720 1264; x_wconf 85' lang='lat' dir='ltr'><strong>non</strong></span> 
     </span>
    </p>
   </div>
   <div class='ocr_carea' id='block_1_41' title="bbox 2131 1305 3724 1377">
    <p class='ocr_par' dir='ltr' id='par_1_41' title="bbox 2131 1305 3724 1377">
     <span class='ocr_line' id='line_1_41' title="bbox 2131 1305 3724 1377; baseline -0.006 -15"><span class='ocrx_word' id='word_1_273' title='bbox 2131 1322 2386 1377; x_wconf 74' lang='lat' dir='ltr'><strong>poterant</strong></span> <span class='ocrx_word' id='word_1_274' title='bbox 2430 1312 2677 1377; x_wconf 80' lang='lat' dir='ltr'><strong>sequenti</strong></span> <span class='ocrx_word' id='word_1_275' title='bbox 2713 1311 2799 1362; x_wconf 90' lang='lat' dir='ltr'><strong>die</strong></span> <span class='ocrx_word' id='word_1_276' title='bbox 2833 1326 2930 1376; x_wconf 83' lang='lat' dir='ltr'><strong>pro</strong></span> <span class='ocrx_word' id='word_1_277' title='bbox 2974 1309 3128 1359; x_wconf 84' lang='lat' dir='ltr'><strong>liliito</strong></span> <span class='ocrx_word' id='word_1_278' title='bbox 3158 1322 3357 1375; x_wconf 81' lang='lat' dir='ltr'><strong>agnum</strong></span> <span class='ocrx_word' id='word_1_279' title='bbox 3390 1305 3549 1355; x_wconf 80' lang='lat' dir='ltr'><strong>edere.</strong></span> <span class='ocrx_word' id='word_1_280' title='bbox 3602 1318 3724 1365; x_wconf 84' lang='lat' dir='ltr'><strong>pas-</strong></span> 
     </span>
    </p>
   </div>
   <div class='ocr_carea' id='block_1_42' title="bbox 2135 1398 3727 1469">
    <p class='ocr_par' dir='ltr' id='par_1_42' title="bbox 2135 1398 3727 1469">
     <span class='ocr_line' id='line_1_42' title="bbox 2135 1398 3727 1469; baseline -0.004 -13"><span class='ocrx_word' id='word_1_281' title='bbox 2135 1402 2348 1455; x_wconf 77' lang='lat' dir='ltr'><strong>rhaleui</strong></span> <span class='ocrx_word' id='word_1_282' title='bbox 2373 1444 2386 1465; x_wconf 94' lang='lat'><strong>,</strong></span> <span class='ocrx_word' id='word_1_283' title='bbox 2422 1404 2513 1455; x_wconf 75' lang='lat' dir='ltr'><strong>Sed</strong></span> <span class='ocrx_word' id='word_1_284' title='bbox 2548 1403 2835 1469; x_wconf 80' lang='lat' dir='ltr'><strong>sequentis</strong></span> <span class='ocrx_word' id='word_1_285' title='bbox 2865 1401 3071 1454; x_wconf 80' lang='lat' dir='ltr'><strong>mensis</strong></span> <span class='ocrx_word' id='word_1_286' title='bbox 3102 1400 3190 1450; x_wconf 84' lang='lat' dir='ltr'><strong>die</strong></span> <span class='ocrx_word' id='word_1_287' title='bbox 3227 1399 3479 1450; x_wconf 66' lang='lat' dir='ltr'><strong>similiter</strong></span> <span class='ocrx_word' id='word_1_288' title='bbox 3510 1398 3727 1449; x_wconf 77' lang='lat' dir='ltr'><strong>decimo</strong></span> 
     </span>
    </p>
   </div>
   <div class='ocr_carea' id='block_1_43' title="bbox 2132 1488 3729 1562">
    <p class='ocr_par' dir='ltr' id='par_1_43' title="bbox 2132 1488 3729 1562">
     <span class='ocr_line' id='line_1_43' title="bbox 2132 1488 3729 1562; baseline -0.006 -14"><span class='ocrx_word' id='word_1_289' title='bbox 2132 1506 2327 1562; x_wconf 76' lang='lat' dir='ltr'><strong>quarto</strong></span> <span class='ocrx_word' id='word_1_290' title='bbox 2372 1496 2437 1548; x_wconf 90' lang='lat' dir='ltr'><strong>ad</strong></span> <span class='ocrx_word' id='word_1_291' title='bbox 2476 1510 2782 1561; x_wconf 78' lang='lat' dir='ltr'><strong>vesperam.</strong></span> <span class='ocrx_word' id='word_1_292' title='bbox 2833 1504 2890 1547; x_wconf 90' lang='lat' dir='ltr'><strong>ut</strong></span> <span class='ocrx_word' id='word_1_293' title='bbox 2930 1493 3163 1545; x_wconf 89' lang='lat' dir='ltr'><strong>habetur</strong></span> <span class='ocrx_word' id='word_1_294' title='bbox 3204 1488 3423 1543; x_wconf 82' lang='lat' dir='ltr'><strong>Numeri</strong></span> <span class='ocrx_word' id='word_1_295' title='bbox 3458 1506 3510 1541; x_wconf 83' lang='lat' dir='ltr'><strong>x.</strong></span> <span class='ocrx_word' id='word_1_296' title='bbox 3545 1488 3729 1554; x_wconf 76' lang='lat' dir='ltr'><strong>Itaque</strong></span> 
     </span>
    </p>
   </div>
   <div class='ocr_carea' id='block_1_44' title="bbox 2134 1582 3732 1641">
    <p class='ocr_par' dir='ltr' id='par_1_44' title="bbox 2134 1582 3732 1641">
     <span class='ocr_line' id='line_1_44' title="bbox 2134 1582 3732 1641; baseline -0.005 0"><span class='ocrx_word' id='word_1_297' title='bbox 2134 1589 2220 1641; x_wconf 87' lang='lat' dir='ltr'><strong>die</strong></span> <span class='ocrx_word' id='word_1_298' title='bbox 2253 1587 2527 1640; x_wconf 76' lang='lat' dir='ltr'><strong>Passionis</strong></span> <span class='ocrx_word' id='word_1_299' title='bbox 2553 1587 2752 1639; x_wconf 78' lang='lat' dir='ltr'><strong>Christi</strong></span> <span class='ocrx_word' id='word_1_300' title='bbox 2780 1602 2903 1639; x_wconf 87' lang='lat' dir='ltr'><strong>cum</strong></span> <span class='ocrx_word' id='word_1_301' title='bbox 2928 1584 3169 1637; x_wconf 81' lang='lat' dir='ltr'><strong>nomium</strong></span> <span class='ocrx_word' id='word_1_302' title='bbox 3196 1582 3449 1634; x_wconf 85' lang='lat' dir='ltr'><strong>inchoata</strong></span> <span class='ocrx_word' id='word_1_303' title='bbox 3474 1593 3619 1635; x_wconf 75' lang='lat' dir='ltr'><strong>esset</strong></span> <span class='ocrx_word' id='word_1_304' title='bbox 3642 1596 3732 1633; x_wconf 73' lang='lat' dir='ltr'><strong>se-</strong></span> 
     </span>
    </p>
   </div>
   <div class='ocr_carea' id='block_1_45' title="bbox 2137 1675 3727 1746">
    <p class='ocr_par' dir='ltr' id='par_1_45' title="bbox 2137 1675 3727 1746">
     <span class='ocr_line' id='line_1_45' title="bbox 2137 1675 3727 1746; baseline -0.006 -12"><span class='ocrx_word' id='word_1_305' title='bbox 2137 1683 2393 1734; x_wconf 87' lang='lat' dir='ltr'><strong>lcmuitas</strong></span> <span class='ocrx_word' id='word_1_306' title='bbox 2440 1679 2719 1731; x_wconf 76' lang='lat' dir='ltr'><strong>Paschalis</strong></span> <span class='ocrx_word' id='word_1_307' title='bbox 2763 1686 2858 1730; x_wconf 90' lang='lat' dir='ltr'><strong>aut</strong></span> <span class='ocrx_word' id='word_1_308' title='bbox 2906 1679 3257 1746; x_wconf 77' lang='lat' dir='ltr'><strong>Azymoraai,</strong></span> <span class='ocrx_word' id='word_1_309' title='bbox 3299 1675 3450 1741; x_wconf 70' lang='lat' dir='ltr'><strong>juxta</strong></span> <span class='ocrx_word' id='word_1_310' title='bbox 3488 1682 3727 1727; x_wconf 84' lang='lat' dir='ltr'><strong>veterem</strong></span> 
     </span>
    </p>
   </div>
   <div class='ocr_carea' id='block_1_46' title="bbox 2137 1765 3733 1834">
    <p class='ocr_par' dir='ltr' id='par_1_46' title="bbox 2137 1765 3733 1834">
     <span class='ocr_line' id='line_1_46' title="bbox 2137 1765 3733 1834; baseline -0.005 -9"><span class='ocrx_word' id='word_1_311' title='bbox 2137 1773 2451 1825; x_wconf 70' lang='lat' dir='ltr'><strong>.lndaiorum</strong></span> <span class='ocrx_word' id='word_1_312' title='bbox 2486 1771 2914 1827; x_wconf 80' lang='lat' dir='ltr'><strong>observantiam.</strong></span> <span class='ocrx_word' id='word_1_313' title='bbox 2948 1769 3149 1823; x_wconf 66' lang='lat' dir='ltr'><strong>licebat</strong></span> <span class='ocrx_word' id='word_1_314' title='bbox 3179 1769 3262 1821; x_wconf 87' lang='lat' dir='ltr'><strong>eis</strong></span> <span class='ocrx_word' id='word_1_315' title='bbox 3304 1782 3477 1834; x_wconf 88' lang='lat' dir='ltr'><strong>usque</strong></span> <span class='ocrx_word' id='word_1_316' title='bbox 3506 1767 3571 1817; x_wconf 89' lang='lat' dir='ltr'><strong>ad</strong></span> <span class='ocrx_word' id='word_1_317' title='bbox 3602 1765 3733 1819; x_wconf 89' lang='lat' dir='ltr'><strong>solis</strong></span> 
     </span>
    </p>
   </div>
   <div class='ocr_carea' id='block_1_47' title="bbox 2142 1855 3732 1925">
    <p class='ocr_par' dir='ltr' id='par_1_47' title="bbox 2142 1855 3732 1925">
     <span class='ocr_line' id='line_1_47' title="bbox 2142 1855 3732 1925; baseline -0.005 -11"><span class='ocrx_word' id='word_1_318' title='bbox 2142 1877 2394 1914; x_wconf 82' lang='lat' dir='ltr'><strong>occasum</strong></span> <span class='ocrx_word' id='word_1_319' title='bbox 2429 1860 2704 1925; x_wconf 70' lang='lat' dir='ltr'><strong>indit-iulia</strong></span> <span class='ocrx_word' id='word_1_320' title='bbox 2738 1872 3017 1919; x_wconf 80' lang='lat' dir='ltr'><strong>exercere,</strong></span> <span class='ocrx_word' id='word_1_321' title='bbox 3052 1872 3338 1914; x_wconf 83' lang='lat' dir='ltr'><strong>accusare.</strong></span> <span class='ocrx_word' id='word_1_322' title='bbox 3371 1864 3541 1909; x_wconf 84' lang='lat' dir='ltr'><strong>testes</strong></span> <span class='ocrx_word' id='word_1_323' title='bbox 3572 1855 3732 1908; x_wconf 83' lang='lat' dir='ltr'><strong>adhi-</strong></span> 
     </span>
    </p>
   </div>
   <div class='ocr_carea' id='block_1_48' title="bbox 2146 1948 3733 2009">
    <p class='ocr_par' dir='ltr' id='par_1_48' title="bbox 2146 1948 3733 2009">
     <span class='ocr_line' id='line_1_48' title="bbox 2146 1948 3733 2009; baseline -0.006 -2"><span class='ocrx_word' id='word_1_324' title='bbox 2146 1958 2271 2007; x_wconf 85' lang='lat' dir='ltr'><strong>here</strong></span> <span class='ocrx_word' id='word_1_325' title='bbox 2302 1966 2354 2009; x_wconf 90' lang='lat' dir='ltr'><strong>et</strong></span> <span class='ocrx_word' id='word_1_326' title='bbox 2386 1953 2719 2006; x_wconf 80' lang='lat' dir='ltr'><strong>examinare.</strong></span> <span class='ocrx_word' id='word_1_327' title='bbox 2752 1951 3082 2003; x_wconf 76' lang='lat' dir='ltr'><strong>sententiain</strong></span> <span class='ocrx_word' id='word_1_328' title='bbox 3128 1950 3292 2005; x_wconf 84' lang='lat' dir='ltr'><strong>l‘erre.</strong></span> <span class='ocrx_word' id='word_1_329' title='bbox 3325 1948 3607 2001; x_wconf 81' lang='lat' dir='ltr'><strong>Simonem</strong></span> <span class='ocrx_word' id='word_1_330' title='bbox 3642 1962 3733 2000; x_wconf 85' lang='lat' dir='ltr'><strong>co-</strong></span> 
     </span>
    </p>
   </div>
   <div class='ocr_carea' id='block_1_49' title="bbox 2142 2044 3733 2116">
    <p class='ocr_par' dir='ltr' id='par_1_49' title="bbox 2142 2044 3733 2116">
     <span class='ocr_line' id='line_1_49' title="bbox 2142 2044 3733 2116; baseline -0.004 -17"><span class='ocrx_word' id='word_1_331' title='bbox 2142 2061 2267 2116; x_wconf 72' lang='lat' dir='ltr'><strong>gere</strong></span> <span class='ocrx_word' id='word_1_332' title='bbox 2313 2057 2375 2099; x_wconf 80' lang='lat' dir='ltr'><strong>ut</strong></span> <span class='ocrx_word' id='word_1_333' title='bbox 2404 2061 2622 2099; x_wconf 78' lang='lat' dir='ltr'><strong>crucem</strong></span> <span class='ocrx_word' id='word_1_334' title='bbox 2654 2046 2891 2103; x_wconf 83' lang='lat' dir='ltr'><strong>tolleret,</strong></span> <span class='ocrx_word' id='word_1_335' title='bbox 2933 2044 3191 2112; x_wconf 84' lang='lat' dir='ltr'><strong>sepelire.</strong></span> <span class='ocrx_word' id='word_1_336' title='bbox 3224 2052 3467 2096; x_wconf 77' lang='lat' dir='ltr'><strong>aromata</strong></span> <span class='ocrx_word' id='word_1_337' title='bbox 3522 2056 3733 2110; x_wconf 67' lang='lat' dir='ltr'><strong>praepa-</strong></span> 
     </span>
    </p>
   </div>
   <div class='ocr_carea' id='block_1_50' title="bbox 2143 2133 3733 2206">
    <p class='ocr_par' dir='ltr' id='par_1_50' title="bbox 2143 2133 3733 2206">
     <span class='ocr_line' id='line_1_50' title="bbox 2143 2133 3733 2206; baseline -0.004 -14"><span class='ocrx_word' id='word_1_338' title='bbox 2143 2154 2282 2195; x_wconf 89' lang='lat' dir='ltr'><strong>rare.</strong></span> <span class='ocrx_word' id='word_1_339' title='bbox 2318 2140 2530 2205; x_wconf 80' lang='lat' dir='ltr'><strong>aliaquo</strong></span> <span class='ocrx_word' id='word_1_340' title='bbox 2560 2138 2790 2206; x_wconf 85' lang='lat' dir='ltr'><strong>plurima</strong></span> <span class='ocrx_word' id='word_1_341' title='bbox 2826 2151 3007 2206; x_wconf 73' lang='lat' dir='ltr'><strong>agere,</strong></span> <span class='ocrx_word' id='word_1_342' title='bbox 3038 2152 3158 2204; x_wconf 78' lang='lat' dir='ltr'><strong>quae</strong></span> <span class='ocrx_word' id='word_1_343' title='bbox 3182 2133 3357 2189; x_wconf 64' lang='lat' dir='ltr'><strong>JlldiCl</strong></span> <span class='ocrx_word' id='word_1_344' title='bbox 3386 2148 3733 2202; x_wconf 83' lang='lat' dir='ltr'><strong>nequaquam</strong></span> 
     </span>
    </p>
   </div>
   <div class='ocr_carea' id='block_1_51' title="bbox 2143 2228 3735 2295">
    <p class='ocr_par' dir='ltr' id='par_1_51' title="bbox 2143 2228 3735 2295">
     <span class='ocr_line' id='line_1_51' title="bbox 2143 2228 3735 2295; baseline -0.001 -12"><span class='ocrx_word' id='word_1_345' title='bbox 2143 2231 2423 2292; x_wconf 77' lang='lat' dir='ltr'><strong>iecissent,</strong></span> <span class='ocrx_word' id='word_1_346' title='bbox 2457 2231 2499 2283; x_wconf 85' lang='lat' dir='ltr'><strong>si</strong></span> <span class='ocrx_word' id='word_1_347' title='bbox 2536 2230 2806 2283; x_wconf 83' lang='lat' dir='ltr'><strong>decimam</strong></span> <span class='ocrx_word' id='word_1_348' title='bbox 2848 2229 3095 2295; x_wconf 72' lang='lat' dir='ltr'><strong>quintam</strong></span> <span class='ocrx_word' id='word_1_349' title='bbox 3132 2230 3315 2281; x_wconf 87' lang='lat' dir='ltr'><strong>lunam</strong></span> <span class='ocrx_word' id='word_1_350' title='bbox 3341 2237 3397 2281; x_wconf 86' lang='lat' dir='ltr'><strong>et</strong></span> <span class='ocrx_word' id='word_1_351' title='bbox 3432 2228 3501 2279; x_wconf 91' lang='lat' dir='ltr'><strong>ita</strong></span> <span class='ocrx_word' id='word_1_352' title='bbox 3532 2230 3735 2281; x_wconf 69' lang='lat' dir='ltr'><strong>festum</strong></span> 
     </span>
    </p>
   </div>
   <div class='ocr_carea' id='block_1_52' title="bbox 2146 2321 3737 2391">
    <p class='ocr_par' dir='ltr' id='par_1_52' title="bbox 2146 2321 3737 2391">
     <span class='ocr_line' id='line_1_52' title="bbox 2146 2321 3737 2391; baseline -0.001 -17"><span class='ocrx_word' id='word_1_353' title='bbox 2146 2323 2363 2376; x_wconf 65' lang='lat' dir='ltr'><strong>Pascha:</strong></span> <span class='ocrx_word' id='word_1_354' title='bbox 2432 2335 2485 2375; x_wconf 82' lang='lat' dir='ltr'><strong>et</strong></span> <span class='ocrx_word' id='word_1_355' title='bbox 2528 2324 2855 2391; x_wconf 69' lang='lat' dir='ltr'><strong>Azymorum</strong></span> <span class='ocrx_word' id='word_1_356' title='bbox 2911 2338 2978 2375; x_wconf 89' lang='lat' dir='ltr'><strong>eo</strong></span> <span class='ocrx_word' id='word_1_357' title='bbox 3021 2325 3111 2374; x_wconf 86' lang='lat' dir='ltr'><strong>die</strong></span> <span class='ocrx_word' id='word_1_358' title='bbox 3162 2321 3557 2379; x_wconf 69' lang='lat' dir='ltr'><strong>t&#39;elelirassent.</strong></span> <span class='ocrx_word' id='word_1_359' title='bbox 3611 2336 3737 2373; x_wconf 89' lang='lat' dir='ltr'><strong>cum</strong></span> 
     </span>
    </p>
   </div>
   <div class='ocr_carea' id='block_1_53' title="bbox 2145 2412 3735 2482">
    <p class='ocr_par' dir='ltr' id='par_1_53' title="bbox 2145 2412 3735 2482">
     <span class='ocr_line' id='line_1_53' title="bbox 2145 2412 3735 2482; baseline -0.004 -17"><span class='ocrx_word' id='word_1_360' title='bbox 2145 2416 2281 2466; x_wconf 83' lang='lat' dir='ltr'><strong>laeta</strong></span> <span class='ocrx_word' id='word_1_361' title='bbox 2310 2430 2406 2466; x_wconf 79' lang='lat' dir='ltr'><strong>sua</strong></span> <span class='ocrx_word' id='word_1_362' title='bbox 2437 2430 2534 2482; x_wconf 84' lang='lat' dir='ltr'><strong>per</strong></span> <span class='ocrx_word' id='word_1_363' title='bbox 2562 2414 2735 2477; x_wconf 66' lang='lat' dir='ltr'><strong>legem</strong></span> <span class='ocrx_word' id='word_1_364' title='bbox 2765 2413 3053 2470; x_wconf 74' lang='lat' dir='ltr'><strong>Mosaicam</strong></span> <span class='ocrx_word' id='word_1_365' title='bbox 3081 2412 3384 2479; x_wconf 79' lang='lat' dir='ltr'><strong>justiticare</strong></span> <span class='ocrx_word' id='word_1_366' title='bbox 3403 2412 3735 2473; x_wconf 78' lang='lat' dir='ltr'><strong>niteremur,</strong></span> 
     </span>
    </p>
   </div>
   <div class='ocr_carea' id='block_1_54' title="bbox 2144 2506 3740 2577">
    <p class='ocr_par' dir='ltr' id='par_1_54' title="bbox 2144 2506 3740 2577">
     <span class='ocr_line' id='line_1_54' title="bbox 2144 2506 3740 2577; baseline -0.002 -16"><span class='ocrx_word' id='word_1_367' title='bbox 2144 2509 2388 2561; x_wconf 77' lang='lat' dir='ltr'><strong>dicentes</strong></span> <span class='ocrx_word' id='word_1_368' title='bbox 2424 2525 2436 2559; x_wconf 90' lang='lat'><strong>:</strong></span> <span class='ocrx_word' id='word_1_369' title='bbox 2478 2506 2585 2560; x_wconf 75' lang='lat' dir='ltr'><strong>Nos</strong></span> <span class='ocrx_word' id='word_1_370' title='bbox 2620 2509 2781 2577; x_wconf 79' lang='lat' dir='ltr'><strong>legem</strong></span> <span class='ocrx_word' id='word_1_371' title='bbox 2814 2509 3084 2567; x_wconf 82' lang='lat' dir='ltr'><strong>habemus,</strong></span> <span class='ocrx_word' id='word_1_372' title='bbox 3116 2517 3250 2561; x_wconf 72' lang='grc' dir='ltr'><strong>εις..</strong></span> <span class='ocrx_word' id='word_1_373' title='bbox 3282 2515 3339 2560; x_wconf 85' lang='lat' dir='ltr'><strong>et</strong></span> <span class='ocrx_word' id='word_1_374' title='bbox 3376 2509 3613 2559; x_wconf 81' lang='lat' dir='ltr'><strong>maxime</strong></span> <span class='ocrx_word' id='word_1_375' title='bbox 3644 2506 3740 2559; x_wconf 61' lang='lat' dir='ltr'><strong>Jov-</strong></span> 
     </span>
    </p>
   </div>
   <div class='ocr_carea' id='block_1_55' title="bbox 2144 2598 3738 2668">
    <p class='ocr_par' dir='ltr' id='par_1_55' title="bbox 2144 2598 3738 2668">
     <span class='ocr_line' id='line_1_55' title="bbox 2144 2598 3738 2668; baseline -0.002 -13"><span class='ocrx_word' id='word_1_376' title='bbox 2144 2603 2273 2668; x_wconf 86' lang='lat' dir='ltr'><strong>seph</strong></span> <span class='ocrx_word' id='word_1_377' title='bbox 2310 2601 2378 2652; x_wconf 83' lang='lat' dir='ltr'><strong>ab</strong></span> <span class='ocrx_word' id='word_1_378' title='bbox 2417 2600 2729 2653; x_wconf 73' lang='lat' dir='ltr'><strong>Arimathea</strong></span> <span class='ocrx_word' id='word_1_379' title='bbox 2775 2602 2856 2650; x_wconf 89' lang='lat' dir='ltr'><strong>vir</strong></span> <span class='ocrx_word' id='word_1_380' title='bbox 2888 2601 3067 2653; x_wconf 85' lang='lat' dir='ltr'><strong>bonus</strong></span> <span class='ocrx_word' id='word_1_381' title='bbox 3109 2614 3169 2652; x_wconf 88' lang='lat' dir='ltr'><strong>ac</strong></span> <span class='ocrx_word' id='word_1_382' title='bbox 3200 2599 3386 2664; x_wconf 83' lang='lat' dir='ltr'><strong>justus</strong></span> <span class='ocrx_word' id='word_1_383' title='bbox 3419 2608 3471 2651; x_wconf 87' lang='lat' dir='ltr'><strong>et</strong></span> <span class='ocrx_word' id='word_1_384' title='bbox 3506 2598 3738 2652; x_wconf 73' lang='lat' dir='ltr'><strong>Nicode-</strong></span> 
     </span>
    </p>
   </div>
   <div class='ocr_carea' id='block_1_56' title="bbox 2141 2690 3741 2760">
    <p class='ocr_par' dir='ltr' id='par_1_56' title="bbox 2141 2690 3741 2760">
     <span class='ocr_line' id='line_1_56' title="bbox 2141 2690 3741 2760; baseline -0.005 -13"><span class='ocrx_word' id='word_1_385' title='bbox 2141 2708 2265 2747; x_wconf 83' lang='lat' dir='ltr'><strong>mus</strong></span> <span class='ocrx_word' id='word_1_386' title='bbox 2292 2694 2380 2760; x_wconf 85' lang='lat' dir='ltr'><strong>qui</strong></span> <span class='ocrx_word' id='word_1_387' title='bbox 2411 2692 2700 2745; x_wconf 85' lang='lat' dir='ltr'><strong>Dominum</strong></span> <span class='ocrx_word' id='word_1_388' title='bbox 2727 2692 3083 2758; x_wconf 80' lang='lat' dir='ltr'><strong>sepelierunt.</strong></span> <span class='ocrx_word' id='word_1_389' title='bbox 3114 2691 3205 2758; x_wconf 91' lang='lat' dir='ltr'><strong>qui</strong></span> <span class='ocrx_word' id='word_1_390' title='bbox 3234 2699 3458 2759; x_wconf 81' lang='lat' dir='ltr'><strong>propter</strong></span> <span class='ocrx_word' id='word_1_391' title='bbox 3486 2690 3741 2743; x_wconf 77' lang='lat' dir='ltr'><strong>Parasce-</strong></span> 
     </span>
    </p>
   </div>
   <div class='ocr_carea' id='block_1_57' title="bbox 2140 2785 3740 2853">
    <p class='ocr_par' dir='ltr' id='par_1_57' title="bbox 2140 2785 3740 2853">
     <span class='ocr_line' id='line_1_57' title="bbox 2140 2785 3740 2853; baseline -0.003 -14"><span class='ocrx_word' id='word_1_392' title='bbox 2140 2802 2243 2839; x_wconf 81' lang='lat' dir='ltr'><strong>ven</strong></span> <span class='ocrx_word' id='word_1_393' title='bbox 2285 2785 2621 2843; x_wconf 58' lang='lat' dir='ltr'><strong>Iudaeorum,</strong></span> <span class='ocrx_word' id='word_1_394' title='bbox 2657 2786 2781 2853; x_wconf 81' lang='lat' dir='ltr'><strong>quia</strong></span> <span class='ocrx_word' id='word_1_395' title='bbox 2823 2798 2992 2850; x_wconf 76' lang='lat' dir='ltr'><strong>prope</strong></span> <span class='ocrx_word' id='word_1_396' title='bbox 3023 2794 3147 2837; x_wconf 87' lang='lat' dir='ltr'><strong>erat</strong></span> <span class='ocrx_word' id='word_1_397' title='bbox 3182 2795 3625 2839; x_wconf 87' lang='lat' dir='ltr'><strong>monumentum.</strong></span> <span class='ocrx_word' id='word_1_398' title='bbox 3666 2785 3740 2836; x_wconf 61' lang='lat' dir='ltr'><strong>ili:</strong></span> 
     </span>
    </p>
   </div>
   <div class='ocr_carea' id='block_1_58' title="bbox 2141 2874 3740 2946">
    <p class='ocr_par' dir='ltr' id='par_1_58' title="bbox 2141 2874 3740 2946">
     <span class='ocr_line' id='line_1_58' title="bbox 2141 2874 3740 2946; baseline -0.004 -13"><span class='ocrx_word' id='word_1_399' title='bbox 2141 2888 2445 2946; x_wconf 84' lang='lat' dir='ltr'><strong>posuerunt</strong></span> <span class='ocrx_word' id='word_1_400' title='bbox 2481 2877 2691 2933; x_wconf 82' lang='lat' dir='ltr'><strong>.lesum.</strong></span> <span class='ocrx_word' id='word_1_401' title='bbox 2724 2877 2796 2929; x_wconf 86' lang='lat' dir='ltr'><strong>ait</strong></span> <span class='ocrx_word' id='word_1_402' title='bbox 2823 2876 3063 2930; x_wconf 81' lang='lat' dir='ltr'><strong>Joannes</strong></span> <span class='ocrx_word' id='word_1_403' title='bbox 3104 2876 3319 2929; x_wconf 88' lang='lat' dir='ltr'><strong>decimo</strong></span> <span class='ocrx_word' id='word_1_404' title='bbox 3344 2876 3541 2944; x_wconf 84' lang='lat' dir='ltr'><strong>capite.</strong></span> <span class='ocrx_word' id='word_1_405' title='bbox 3583 2874 3740 2929; x_wconf 77' lang='lat' dir='ltr'><strong>Citca</strong></span> 
     </span>
    </p>
   </div>
   <div class='ocr_carea' id='block_1_59' title="bbox 2141 2968 3745 3038">
    <p class='ocr_par' dir='ltr' id='par_1_59' title="bbox 2141 2968 3745 3038">
     <span class='ocr_line' id='line_1_59' title="bbox 2141 2968 3745 3038; baseline 0.001 -19"><span class='ocrx_word' id='word_1_406' title='bbox 2141 2986 2261 3038; x_wconf 74' lang='lat' dir='ltr'><strong>quae</strong></span> <span class='ocrx_word' id='word_1_407' title='bbox 2286 2969 2450 3022; x_wconf 87' lang='lat' dir='ltr'><strong>verba</strong></span> <span class='ocrx_word' id='word_1_408' title='bbox 2476 2969 2639 3022; x_wconf 83' lang='lat' dir='ltr'><strong>habet</strong></span> <span class='ocrx_word' id='word_1_409' title='bbox 2671 2970 3006 3029; x_wconf 71' lang='lat' dir='ltr'><strong>Augustinus</strong></span> <span class='ocrx_word' id='word_1_410' title='bbox 3031 2984 3044 3019; x_wconf 88' lang='lat'><strong>:</strong></span> <span class='ocrx_word' id='word_1_411' title='bbox 3082 2968 3484 3021; x_wconf 71' lang='lat' dir='ltr'><strong>«Acceleratam</strong></span> <span class='ocrx_word' id='word_1_412' title='bbox 3512 2968 3623 3021; x_wconf 87' lang='lat' dir='ltr'><strong>vult</strong></span> <span class='ocrx_word' id='word_1_413' title='bbox 3660 2969 3745 3020; x_wconf 90' lang='lat' dir='ltr'><strong>in-</strong></span> 
     </span>
    </p>
   </div>
   <div class='ocr_carea' id='block_1_60' title="bbox 2144 3060 3743 3128">
    <p class='ocr_par' dir='ltr' id='par_1_60' title="bbox 2144 3060 3743 3128">
     <span class='ocr_line' id='line_1_60' title="bbox 2144 3060 3743 3128; baseline -0.002 -16"><span class='ocrx_word' id='word_1_414' title='bbox 2144 3060 2308 3127; x_wconf 72' lang='lat' dir='ltr'><strong>telligi</strong></span> <span class='ocrx_word' id='word_1_415' title='bbox 2340 3062 2790 3127; x_wconf 80' lang='lat' dir='ltr'><strong>sepulturam,ne</strong></span> <span class='ocrx_word' id='word_1_416' title='bbox 2824 3061 3325 3128; x_wconf 78' lang='lat' dir='ltr'><strong>advesperasceret,</strong></span> <span class='ocrx_word' id='word_1_417' title='bbox 3354 3075 3478 3113; x_wconf 86' lang='lat' dir='ltr'><strong>cum</strong></span> <span class='ocrx_word' id='word_1_418' title='bbox 3502 3060 3610 3126; x_wconf 85' lang='lat' dir='ltr'><strong>jam</strong></span> <span class='ocrx_word' id='word_1_419' title='bbox 3641 3060 3743 3113; x_wconf 76' lang='lat' dir='ltr'><strong>ali-</strong></span> 
     </span>
    </p>
   </div>
   <div class='ocr_carea' id='block_1_61' title="bbox 450 3153 3747 3223">
    <p class='ocr_par' dir='ltr' id='par_1_61' title="bbox 450 3153 3747 3223">
     <span class='ocr_line' id='line_1_61' title="bbox 450 3153 3747 3223; baseline 0.001 -22"><span class='ocrx_word' id='word_1_420' title='bbox 450 3163 641 3218; x_wconf 87' lang='lat' dir='ltr'><strong>quarta</strong></span> <span class='ocrx_word' id='word_1_421' title='bbox 676 3153 798 3206; x_wconf 90' lang='lat' dir='ltr'><strong>luna</strong></span> <span class='ocrx_word' id='word_1_422' title='bbox 828 3156 1168 3216; x_wconf 81' lang='lat' dir='ltr'><strong>occurrebat,</strong></span> <span class='ocrx_word' id='word_1_423' title='bbox 1218 3164 1274 3207; x_wconf 92' lang='lat' dir='ltr'><strong>ut</strong></span> <span class='ocrx_word' id='word_1_424' title='bbox 1306 3158 1535 3208; x_wconf 74' lang='lat' dir='ltr'><strong>diversis</strong></span> <span class='ocrx_word' id='word_1_425' title='bbox 1572 3167 1788 3223; x_wconf 79' lang='lat' dir='ltr'><strong>respecl</strong></span> <span class='ocrx_word' id='word_1_426' title='bbox 1813 3158 1935 3217; x_wconf 77' lang='lat' dir='ltr'><strong>lius.</strong></span> <span class='ocrx_word' id='word_1_427' title='bbox 1985 3170 2039 3214; x_wconf 88' lang='lat' dir='ltr'><strong>et</strong></span> <span class='ocrx_word' id='word_1_428' title='bbox 2067 3162 2109 3217; x_wconf 87' lang='lat' dir='ltr'><strong>C</strong></span> <span class='ocrx_word' id='word_1_429' title='bbox 2143 3154 2268 3220; x_wconf 90' lang='lat' dir='ltr'><strong>quid</strong></span> <span class='ocrx_word' id='word_1_430' title='bbox 2291 3155 2393 3203; x_wconf 84' lang='lat' dir='ltr'><strong>ta&#39;e</strong></span> <span class='ocrx_word' id='word_1_431' title='bbox 2412 3168 2518 3205; x_wconf 87' lang='lat' dir='ltr'><strong>non</strong></span> <span class='ocrx_word' id='word_1_432' title='bbox 2542 3153 2728 3205; x_wconf 62' lang='lat' dir='ltr'><strong>lica-ret</strong></span> <span class='ocrx_word' id='word_1_433' title='bbox 2754 3162 2974 3220; x_wconf 77' lang='lat' dir='ltr'><strong>propter</strong></span> <span class='ocrx_word' id='word_1_434' title='bbox 2997 3167 3747 3218; x_wconf 70' lang='lat' dir='ltr'><strong>paraseevcnquamcmnatn</strong></span> 
     </span>
    </p>
   </div>
   <div class='ocr_carea' id='block_1_62' title="bbox 454 3244 2041 3317">
    <p class='ocr_par' dir='ltr' id='par_1_62' title="bbox 454 3244 2041 3317">
     <span class='ocr_line' id='line_1_62' title="bbox 454 3244 2041 3317; baseline 0.006 -22"><span class='ocrx_word' id='word_1_435' title='bbox 454 3244 582 3295; x_wconf 84' lang='lat' dir='ltr'><strong>hinc</strong></span> <span class='ocrx_word' id='word_1_436' title='bbox 623 3247 730 3297; x_wconf 91' lang='lat' dir='ltr'><strong>vcri</strong></span> <span class='ocrx_word' id='word_1_437' title='bbox 782 3249 904 3308; x_wconf 70' lang='lat' dir='ltr'><strong>agni</strong></span> <span class='ocrx_word' id='word_1_438' title='bbox 956 3248 1260 3300; x_wconf 84' lang='lat' dir='ltr'><strong>immolatin</strong></span> <span class='ocrx_word' id='word_1_439' title='bbox 1313 3250 1495 3316; x_wconf 86' lang='lat' dir='ltr'><strong>typico</strong></span> <span class='ocrx_word' id='word_1_440' title='bbox 1552 3252 1930 3317; x_wconf 82' lang='lat' dir='ltr'><strong>responderet.</strong></span> <span class='ocrx_word' id='word_1_441' title='bbox 1986 3263 2041 3305; x_wconf 84' lang='lat' dir='ltr'><strong>et</strong></span> 
     </span>
    </p>
   </div>
   <div class='ocr_carea' id='block_1_63' title="bbox 454 3336 2039 3411">
    <p class='ocr_par' dir='ltr' id='par_1_63' title="bbox 454 3336 2039 3411">
     <span class='ocr_line' id='line_1_63' title="bbox 454 3336 2039 3411; baseline 0.008 -24"><span class='ocrx_word' id='word_1_442' title='bbox 454 3337 603 3388; x_wconf 86' lang='lat' dir='ltr'><strong>illinc</strong></span> <span class='ocrx_word' id='word_1_443' title='bbox 641 3336 891 3391; x_wconf 80' lang='lat' dir='ltr'><strong>Christus</strong></span> <span class='ocrx_word' id='word_1_444' title='bbox 919 3341 983 3391; x_wconf 83' lang='lat' dir='ltr'><strong>ad</strong></span> <span class='ocrx_word' id='word_1_445' title='bbox 1018 3340 1175 3392; x_wconf 79' lang='lat' dir='ltr'><strong>liuent</strong></span> <span class='ocrx_word' id='word_1_446' title='bbox 1214 3354 1385 3408; x_wconf 80' lang='lat' dir='ltr'><strong>usque</strong></span> <span class='ocrx_word' id='word_1_447' title='bbox 1414 3342 1538 3393; x_wconf 67' lang='lat' dir='ltr'><strong>vit-13</strong></span> <span class='ocrx_word' id='word_1_448' title='bbox 1576 3344 1744 3411; x_wconf 74' lang='lat' dir='ltr'><strong>legem</strong></span> <span class='ocrx_word' id='word_1_449' title='bbox 1774 3357 2039 3407; x_wconf 76' lang='lat' dir='ltr'><strong>servaret.</strong></span> 
     </span>
    </p>
   </div>
   <div class='ocr_carea' id='block_1_64' title="bbox 453 3426 2037 3502">
    <p class='ocr_par' dir='ltr' id='par_1_64' title="bbox 453 3426 2037 3502">
     <span class='ocr_line' id='line_1_64' title="bbox 453 3426 2037 3502; baseline 0.006 -23"><span class='ocrx_word' id='word_1_450' title='bbox 453 3436 513 3479; x_wconf 88' lang='lat' dir='ltr'><strong>ut</strong></span> <span class='ocrx_word' id='word_1_451' title='bbox 551 3426 713 3481; x_wconf 80' lang='lat' dir='ltr'><strong>habet</strong></span> <span class='ocrx_word' id='word_1_452' title='bbox 744 3430 909 3481; x_wconf 82' lang='lat' dir='ltr'><strong>etiam</strong></span> <span class='ocrx_word' id='word_1_453' title='bbox 942 3430 1165 3483; x_wconf 69' lang='lat' dir='ltr'><strong>Gri-eus</strong></span> <span class='ocrx_word' id='word_1_454' title='bbox 1205 3428 1650 3499; x_wconf 71' lang='lat' dir='ltr'><strong>Clirysostonius,</strong></span> <span class='ocrx_word' id='word_1_455' title='bbox 1694 3449 1756 3486; x_wconf 85' lang='lat' dir='ltr'><strong>ac</strong></span> <span class='ocrx_word' id='word_1_456' title='bbox 1792 3437 2037 3502; x_wconf 77' lang='lat' dir='ltr'><strong>tvpicutn</strong></span> 
     </span>
    </p>
   </div>
   <div class='ocr_carea' id='block_1_65' title="bbox 455 3520 2040 3590">
    <p class='ocr_par' dir='ltr' id='par_1_65' title="bbox 455 3520 2040 3590">
     <span class='ocr_line' id='line_1_65' title="bbox 455 3520 2040 3590; baseline 0.01 -25"><span class='ocrx_word' id='word_1_457' title='bbox 455 3531 650 3585; x_wconf 73' lang='lat' dir='ltr'><strong>agnum</strong></span> <span class='ocrx_word' id='word_1_458' title='bbox 682 3533 807 3571; x_wconf 82' lang='lat' dir='ltr'><strong>vera</strong></span> <span class='ocrx_word' id='word_1_459' title='bbox 844 3530 896 3573; x_wconf 88' lang='lat' dir='ltr'><strong>et</strong></span> <span class='ocrx_word' id='word_1_460' title='bbox 928 3520 1168 3590; x_wconf 75' lang='lat' dir='ltr'><strong>legitima</strong></span> <span class='ocrx_word' id='word_1_461' title='bbox 1200 3521 1413 3574; x_wconf 80' lang='lat' dir='ltr'><strong>decima</strong></span> <span class='ocrx_word' id='word_1_462' title='bbox 1450 3534 1642 3589; x_wconf 79' lang='lat' dir='ltr'><strong>quarta</strong></span> <span class='ocrx_word' id='word_1_463' title='bbox 1675 3527 1800 3578; x_wconf 88' lang='lat' dir='ltr'><strong>luna</strong></span> <span class='ocrx_word' id='word_1_464' title='bbox 1829 3529 2040 3589; x_wconf 84' lang='lat' dir='ltr'><strong>ederet,</strong></span> 
     </span>
    </p>
   </div>
   <div class='ocr_carea' id='block_1_66' title="bbox 455 3608 2044 3686">
    <p class='ocr_par' dir='ltr' id='par_1_66' title="bbox 455 3608 2044 3686">
     <span class='ocr_line' id='line_1_66' title="bbox 455 3608 2044 3686; baseline 0.008 -26"><span class='ocrx_word' id='word_1_465' title='bbox 455 3608 594 3661; x_wconf 80' lang='lat' dir='ltr'><strong>sicut</strong></span> <span class='ocrx_word' id='word_1_466' title='bbox 643 3626 765 3662; x_wconf 88' lang='lat' dir='ltr'><strong>cum</strong></span> <span class='ocrx_word' id='word_1_467' title='bbox 821 3614 997 3665; x_wconf 74' lang='lat' dir='ltr'><strong>edisse</strong></span> <span class='ocrx_word' id='word_1_468' title='bbox 1057 3613 1188 3665; x_wconf 82' lang='lat' dir='ltr'><strong>dicit</strong></span> <span class='ocrx_word' id='word_1_469' title='bbox 1244 3612 1629 3686; x_wconf 69' lang='lat' dir='ltr'><strong>Hieronymus.</strong></span> <span class='ocrx_word' id='word_1_470' title='bbox 1695 3617 1760 3670; x_wconf 85' lang='grc' dir='ltr'>Ει</span> <span class='ocrx_word' id='word_1_471' title='bbox 1816 3618 1883 3671; x_wconf 82' lang='lat' dir='ltr'><strong>dc</strong></span> <span class='ocrx_word' id='word_1_472' title='bbox 1944 3620 2044 3674; x_wconf 88' lang='lat' dir='ltr'><strong>hac</strong></span> 
     </span>
    </p>
   </div>
   <div class='ocr_carea' id='block_1_67' title="bbox 456 3703 2042 3774">
    <p class='ocr_par' dir='ltr' id='par_1_67' title="bbox 456 3703 2042 3774">
     <span class='ocr_line' id='line_1_67' title="bbox 456 3703 2042 3774; baseline 0.009 -23"><span class='ocrx_word' id='word_1_473' title='bbox 456 3703 664 3754; x_wconf 85' lang='lat' dir='ltr'><strong>decima</strong></span> <span class='ocrx_word' id='word_1_474' title='bbox 700 3718 891 3771; x_wconf 76' lang='lat' dir='ltr'><strong>quarta</strong></span> <span class='ocrx_word' id='word_1_475' title='bbox 941 3706 1088 3768; x_wconf 90' lang='lat' dir='ltr'><strong>luna,</strong></span> <span class='ocrx_word' id='word_1_476' title='bbox 1144 3707 1298 3774; x_wconf 74' lang='lat' dir='ltr'><strong>juxta</strong></span> <span class='ocrx_word' id='word_1_477' title='bbox 1347 3708 1552 3763; x_wconf 81' lang='lat' dir='ltr'><strong>Christi</strong></span> <span class='ocrx_word' id='word_1_478' title='bbox 1606 3712 2042 3766; x_wconf 86' lang='lat' dir='ltr'><strong>numerationem</strong></span> 
     </span>
    </p>
   </div>
   <div class='ocr_carea' id='block_1_68' title="bbox 456 3791 2041 3864">
    <p class='ocr_par' dir='ltr' id='par_1_68' title="bbox 456 3791 2041 3864">
     <span class='ocr_line' id='line_1_68' title="bbox 456 3791 2041 3864; baseline 0.009 -20"><span class='ocrx_word' id='word_1_479' title='bbox 456 3791 755 3861; x_wconf 82' lang='lat' dir='ltr'><strong>loquuntur</strong></span> <span class='ocrx_word' id='word_1_480' title='bbox 781 3796 1002 3851; x_wconf 88' lang='lat' dir='ltr'><strong>indubie</strong></span> <span class='ocrx_word' id='word_1_481' title='bbox 1030 3797 1313 3853; x_wconf 67' lang='lat' dir='ltr'><strong>Matthasns</strong></span> <span class='ocrx_word' id='word_1_482' title='bbox 1334 3841 1347 3861; x_wconf 94' lang='lat'><strong>,</strong></span> <span class='ocrx_word' id='word_1_483' title='bbox 1394 3800 1605 3856; x_wconf 72' lang='lat' dir='ltr'><strong>Marcus</strong></span> <span class='ocrx_word' id='word_1_484' title='bbox 1632 3812 1685 3856; x_wconf 88' lang='lat' dir='ltr'><strong>et</strong></span> <span class='ocrx_word' id='word_1_485' title='bbox 1707 3803 1899 3864; x_wconf 84' lang='lat' dir='ltr'><strong>Lucas.</strong></span> <span class='ocrx_word' id='word_1_486' title='bbox 1919 3820 2041 3859; x_wconf 89' lang='lat' dir='ltr'><strong>cum</strong></span> 
     </span>
    </p>
   </div>
   <div class='ocr_carea' id='block_1_69' title="bbox 454 3886 2043 3963">
    <p class='ocr_par' dir='ltr' id='par_1_69' title="bbox 454 3886 2043 3963">
     <span class='ocr_line' id='line_1_69' title="bbox 454 3886 2043 3963; baseline 0.008 -24"><span class='ocrx_word' id='word_1_487' title='bbox 454 3887 611 3949; x_wconf 83' lang='lat' dir='ltr'><strong>aiunt</strong></span> <span class='ocrx_word' id='word_1_488' title='bbox 640 3886 814 3943; x_wconf 76' lang='lat' dir='ltr'><strong>fuisse</strong></span> <span class='ocrx_word' id='word_1_489' title='bbox 848 3890 1084 3959; x_wconf 89' lang='lat' dir='ltr'><strong>primum</strong></span> <span class='ocrx_word' id='word_1_490' title='bbox 1118 3892 1259 3945; x_wconf 86' lang='lat' dir='ltr'><strong>diem</strong></span> <span class='ocrx_word' id='word_1_491' title='bbox 1293 3895 1645 3963; x_wconf 77' lang='lat' dir='ltr'><strong>Azymorum.</strong></span> <span class='ocrx_word' id='word_1_492' title='bbox 1678 3896 1812 3949; x_wconf 68' lang='lat' dir='ltr'><strong>Nam</strong></span> <span class='ocrx_word' id='word_1_493' title='bbox 1841 3914 1963 3951; x_wconf 88' lang='lat' dir='ltr'><strong>cum</strong></span> <span class='ocrx_word' id='word_1_494' title='bbox 1993 3898 2043 3952; x_wconf 87' lang='lat' dir='ltr'><strong>hi</strong></span> 
     </span>
    </p>
   </div>
   <div class='ocr_carea' id='block_1_70' title="bbox 457 3982 2047 4055">
    <p class='ocr_par' dir='ltr' id='par_1_70' title="bbox 457 3982 2047 4055">
     <span class='ocr_line' id='line_1_70' title="bbox 457 3982 2047 4055; baseline 0.006 -22"><span class='ocrx_word' id='word_1_495' title='bbox 457 3988 569 4053; x_wconf 85' lang='lat' dir='ltr'><strong>tres</strong></span> <span class='ocrx_word' id='word_1_496' title='bbox 628 3982 974 4052; x_wconf 65' lang='lat' dir='ltr'><strong>evangelista:</strong></span> <span class='ocrx_word' id='word_1_497' title='bbox 1026 3998 1280 4053; x_wconf 78' lang='lat' dir='ltr'><strong>magnam</strong></span> <span class='ocrx_word' id='word_1_498' title='bbox 1349 3987 1593 4039; x_wconf 79' lang='lat' dir='ltr'><strong>facerent</strong></span> <span class='ocrx_word' id='word_1_499' title='bbox 1656 3986 1819 4055; x_wconf 82' lang='lat' dir='ltr'><strong>hujus</strong></span> <span class='ocrx_word' id='word_1_500' title='bbox 1874 4004 2047 4044; x_wconf 77' lang='lat' dir='ltr'><strong>coma:</strong></span> 
     </span>
    </p>
   </div>
   <div class='ocr_carea' id='block_1_71' title="bbox 457 4073 2047 4137">
    <p class='ocr_par' dir='ltr' id='par_1_71' title="bbox 457 4073 2047 4137">
     <span class='ocr_line' id='line_1_71' title="bbox 457 4073 2047 4137; baseline 0.009 -13"><span class='ocrx_word' id='word_1_501' title='bbox 457 4073 815 4135; x_wconf 85' lang='lat' dir='ltr'><strong>mentionem,</strong></span> <span class='ocrx_word' id='word_1_502' title='bbox 842 4082 897 4128; x_wconf 84' lang='lat' dir='ltr'><strong>et</strong></span> <span class='ocrx_word' id='word_1_503' title='bbox 920 4076 1353 4130; x_wconf 68' lang='lat' dir='ltr'><strong>censet-rationis</strong></span> <span class='ocrx_word' id='word_1_504' title='bbox 1382 4076 1761 4137; x_wconf 71' lang='lat' dir='ltr'><strong>Eucharistiac.</strong></span> <span class='ocrx_word' id='word_1_505' title='bbox 1790 4083 2047 4137; x_wconf 84' lang='lat' dir='ltr'><strong>ostende-</strong></span> 
     </span>
    </p>
   </div>
   <div class='ocr_carea' id='block_1_72' title="bbox 456 4162 2044 4241">
    <p class='ocr_par' dir='ltr' id='par_1_72' title="bbox 456 4162 2044 4241">
     <span class='ocr_line' id='line_1_72' title="bbox 456 4162 2044 4241; baseline 0.006 -23"><span class='ocrx_word' id='word_1_506' title='bbox 456 4174 588 4218; x_wconf 87' lang='lat' dir='ltr'><strong>runt</strong></span> <span class='ocrx_word' id='word_1_507' title='bbox 640 4162 921 4221; x_wconf 78' lang='lat' dir='ltr'><strong>Christum</strong></span> <span class='ocrx_word' id='word_1_508' title='bbox 977 4166 1142 4222; x_wconf 85' lang='lat' dir='ltr'><strong>etiam</strong></span> <span class='ocrx_word' id='word_1_509' title='bbox 1202 4168 1255 4223; x_wconf 90' lang='lat' dir='ltr'><strong>in</strong></span> <span class='ocrx_word' id='word_1_510' title='bbox 1315 4169 1417 4223; x_wconf 83' lang='lat' dir='ltr'><strong>hoc</strong></span> <span class='ocrx_word' id='word_1_511' title='bbox 1466 4170 1644 4241; x_wconf 71' lang='lat' dir='ltr'><strong>legem</strong></span> <span class='ocrx_word' id='word_1_512' title='bbox 1696 4174 2044 4238; x_wconf 79' lang='lat' dir='ltr'><strong>observasse,</strong></span> 
     </span>
    </p>
   </div>
   <div class='ocr_carea' id='block_1_73' title="bbox 457 4258 2046 4333">
    <p class='ocr_par' dir='ltr' id='par_1_73' title="bbox 457 4258 2046 4333">
     <span class='ocr_line' id='line_1_73' title="bbox 457 4258 2046 4333; baseline 0.004 -22"><span class='ocrx_word' id='word_1_513' title='bbox 457 4271 655 4329; x_wconf 80' lang='lat' dir='ltr'><strong>nempe</strong></span> <span class='ocrx_word' id='word_1_514' title='bbox 673 4258 831 4329; x_wconf 89' lang='lat' dir='ltr'><strong>juxta</strong></span> <span class='ocrx_word' id='word_1_515' title='bbox 853 4275 1037 4314; x_wconf 89' lang='lat' dir='ltr'><strong>veram</strong></span> <span class='ocrx_word' id='word_1_516' title='bbox 1070 4261 1241 4329; x_wconf 80' lang='lat' dir='ltr'><strong>ipsius</strong></span> <span class='ocrx_word' id='word_1_517' title='bbox 1271 4262 1738 4331; x_wconf 83' lang='lat' dir='ltr'><strong>supputationem.</strong></span> <span class='ocrx_word' id='word_1_518' title='bbox 1766 4272 1824 4319; x_wconf 86' lang='lat' dir='ltr'><strong>ut</strong></span> <span class='ocrx_word' id='word_1_519' title='bbox 1846 4266 2046 4333; x_wconf 73' lang='lat' dir='ltr'><strong>praedi-</strong></span> 
     </span>
    </p>
   </div>
   <div class='ocr_carea' id='block_1_74' title="bbox 457 4350 2048 4425">
    <p class='ocr_par' dir='ltr' id='par_1_74' title="bbox 457 4350 2048 4425">
     <span class='ocr_line' id='line_1_74' title="bbox 457 4350 2048 4425; baseline 0.008 -18"><span class='ocrx_word' id='word_1_520' title='bbox 457 4350 637 4407; x_wconf 75' lang='lat' dir='ltr'><strong>ximus</strong></span> <span class='ocrx_word' id='word_1_521' title='bbox 662 4352 846 4422; x_wconf 69' lang='lat' dir='ltr'><strong>(locu.</strong></span> <span class='ocrx_word' id='word_1_522' title='bbox 878 4354 1021 4422; x_wconf 78' lang='lat' dir='ltr'><strong>aut).</strong></span> <span class='ocrx_word' id='word_1_523' title='bbox 1058 4353 1301 4411; x_wconf 72' lang='lat' dir='ltr'><strong>Ioannes</strong></span> <span class='ocrx_word' id='word_1_524' title='bbox 1332 4370 1461 4411; x_wconf 91' lang='lat' dir='ltr'><strong>vero</strong></span> <span class='ocrx_word' id='word_1_525' title='bbox 1487 4357 1582 4425; x_wconf 88' lang='lat' dir='ltr'><strong>qui</strong></span> <span class='ocrx_word' id='word_1_526' title='bbox 1611 4356 1684 4412; x_wconf 89' lang='lat' dir='ltr'><strong>de</strong></span> <span class='ocrx_word' id='word_1_527' title='bbox 1713 4373 1895 4421; x_wconf 74' lang='lat' dir='ltr'><strong>cwna,</strong></span> <span class='ocrx_word' id='word_1_528' title='bbox 1926 4370 2048 4418; x_wconf 84' lang='lat' dir='ltr'><strong>tan-</strong></span> 
     </span>
    </p>
   </div>
   <div class='ocr_carea' id='block_1_75' title="bbox 458 4445 2045 4515">
    <p class='ocr_par' dir='ltr' id='par_1_75' title="bbox 458 4445 2045 4515">
     <span class='ocr_line' id='line_1_75' title="bbox 458 4445 2045 4515; baseline 0.004 -17"><span class='ocrx_word' id='word_1_529' title='bbox 458 4460 621 4515; x_wconf 85' lang='lat' dir='ltr'><strong>quam</strong></span> <span class='ocrx_word' id='word_1_530' title='bbox 656 4445 727 4501; x_wconf 87' lang='lat' dir='ltr'><strong>ab</strong></span> <span class='ocrx_word' id='word_1_531' title='bbox 757 4447 882 4501; x_wconf 87' lang='lat' dir='ltr'><strong>aliis</strong></span> <span class='ocrx_word' id='word_1_532' title='bbox 920 4448 1083 4502; x_wconf 88' lang='lat' dir='ltr'><strong>latius</strong></span> <span class='ocrx_word' id='word_1_533' title='bbox 1122 4458 1376 4512; x_wconf 74' lang='lat' dir='ltr'><strong>tractata,</strong></span> <span class='ocrx_word' id='word_1_534' title='bbox 1412 4450 1578 4505; x_wconf 91' lang='lat' dir='ltr'><strong>unico</strong></span> <span class='ocrx_word' id='word_1_535' title='bbox 1610 4450 1780 4505; x_wconf 81' lang='lat' dir='ltr'><strong>verbo</strong></span> <span class='ocrx_word' id='word_1_536' title='bbox 1812 4451 2045 4507; x_wconf 79' lang='lat' dir='ltr'><strong>absolvit</strong></span> 
     </span>
    </p>
   </div>
   <div class='ocr_carea' id='block_1_76' title="bbox 456 4538 2044 4613">
    <p class='ocr_par' dir='ltr' id='par_1_76' title="bbox 456 4538 2044 4613">
     <span class='ocr_line' id='line_1_76' title="bbox 456 4538 2044 4613; baseline 0.006 -21"><span class='ocrx_word' id='word_1_537' title='bbox 456 4538 691 4594; x_wconf 84' lang='lat' dir='ltr'><strong>dicendo</strong></span> <span class='ocrx_word' id='word_1_538' title='bbox 720 4559 734 4594; x_wconf 85' lang='lat'><strong>:</strong></span> <span class='ocrx_word' id='word_1_539' title='bbox 766 4538 925 4596; x_wconf 74' lang='lat' dir='ltr'><strong>Cana</strong></span> <span class='ocrx_word' id='word_1_540' title='bbox 955 4542 1100 4611; x_wconf 77' lang='lat' dir='ltr'><strong>facta</strong></span> <span class='ocrx_word' id='word_1_541' title='bbox 1123 4584 1139 4607; x_wconf 93' lang='lat'><strong>,</strong></span> <span class='ocrx_word' id='word_1_542' title='bbox 1166 4542 1328 4597; x_wconf 85' lang='lat' dir='ltr'><strong>aliain</strong></span> <span class='ocrx_word' id='word_1_543' title='bbox 1350 4542 1508 4613; x_wconf 84' lang='lat' dir='ltr'><strong>juxta</strong></span> <span class='ocrx_word' id='word_1_544' title='bbox 1546 4553 1789 4600; x_wconf 80' lang='lat' dir='ltr'><strong>veterem</strong></span> <span class='ocrx_word' id='word_1_545' title='bbox 1824 4544 2044 4600; x_wconf 60' lang='lat' dir='ltr'><strong>Iudaeo-</strong></span> 
     </span>
    </p>
   </div>
   <div class='ocr_carea' id='block_1_77' title="bbox 459 4632 2046 4705">
    <p class='ocr_par' dir='ltr' id='par_1_77' title="bbox 459 4632 2046 4705">
     <span class='ocr_line' id='line_1_77' title="bbox 459 4632 2046 4705; baseline 0.004 -22"><span class='ocrx_word' id='word_1_546' title='bbox 459 4642 581 4684; x_wconf 82' lang='lat' dir='ltr'><strong>rum</strong></span> <span class='ocrx_word' id='word_1_547' title='bbox 614 4632 1018 4687; x_wconf 76' lang='lat' dir='ltr'><strong>observantiam</strong></span> <span class='ocrx_word' id='word_1_548' title='bbox 1057 4633 1330 4690; x_wconf 83' lang='lat' dir='ltr'><strong>decimam</strong></span> <span class='ocrx_word' id='word_1_549' title='bbox 1362 4645 1613 4705; x_wconf 80' lang='lat' dir='ltr'><strong>quartam</strong></span> <span class='ocrx_word' id='word_1_550' title='bbox 1646 4634 1829 4690; x_wconf 86' lang='lat' dir='ltr'><strong>lunam</strong></span> <span class='ocrx_word' id='word_1_551' title='bbox 1864 4636 2046 4692; x_wconf 88' lang='lat' dir='ltr'><strong>consi-</strong></span> 
     </span>
    </p>
   </div>
   <div class='ocr_carea' id='block_1_78' title="bbox 460 4722 2052 4799">
    <p class='ocr_par' dir='ltr' id='par_1_78' title="bbox 460 4722 2052 4799">
     <span class='ocr_line' id='line_1_78' title="bbox 460 4722 2052 4799; baseline 0.004 -20"><span class='ocrx_word' id='word_1_552' title='bbox 460 4722 706 4789; x_wconf 73' lang='lat' dir='ltr'><strong>deravit;</strong></span> <span class='ocrx_word' id='word_1_553' title='bbox 752 4724 821 4777; x_wconf 86' lang='lat' dir='ltr'><strong>ad</strong></span> <span class='ocrx_word' id='word_1_554' title='bbox 869 4726 1266 4782; x_wconf 84' lang='lat' dir='ltr'><strong>excludendum</strong></span> <span class='ocrx_word' id='word_1_555' title='bbox 1316 4742 1586 4790; x_wconf 83' lang='lat' dir='ltr'><strong>errorem.</strong></span> <span class='ocrx_word' id='word_1_556' title='bbox 1635 4726 1733 4799; x_wconf 84' lang='lat' dir='ltr'><strong>qui</strong></span> <span class='ocrx_word' id='word_1_557' title='bbox 1769 4729 2052 4786; x_wconf 86' lang='lat' dir='ltr'><strong>nonnullis</strong></span> 
     </span>
    </p>
   </div>
   <div class='ocr_carea' id='block_1_79' title="bbox 462 4817 2049 4892">
    <p class='ocr_par' dir='ltr' id='par_1_79' title="bbox 462 4817 2049 4892">
     <span class='ocr_line' id='line_1_79' title="bbox 462 4817 2049 4892; baseline 0.003 -19"><span class='ocrx_word' id='word_1_558' title='bbox 462 4817 593 4873; x_wconf 87' lang='lat' dir='ltr'><strong>oriri</strong></span> <span class='ocrx_word' id='word_1_559' title='bbox 643 4818 909 4886; x_wconf 77' lang='lat' dir='ltr'><strong>potuisset</strong></span> <span class='ocrx_word' id='word_1_560' title='bbox 938 4834 1002 4871; x_wconf 83' lang='lat' dir='ltr'><strong>ex</strong></span> <span class='ocrx_word' id='word_1_561' title='bbox 1051 4819 1170 4875; x_wconf 82' lang='lat' dir='ltr'><strong>aliis</strong></span> <span class='ocrx_word' id='word_1_562' title='bbox 1206 4819 1597 4891; x_wconf 66' lang='lat' dir='ltr'><strong>evangelistis,</strong></span> <span class='ocrx_word' id='word_1_563' title='bbox 1654 4820 1852 4889; x_wconf 82' lang='lat' dir='ltr'><strong>nempe</strong></span> <span class='ocrx_word' id='word_1_564' title='bbox 1900 4823 2049 4892; x_wconf 85' lang='lat' dir='ltr'><strong>quod</strong></span> 
     </span>
    </p>
   </div>
   <div class='ocr_carea' id='block_1_80' title="bbox 464 4908 2049 4981">
    <p class='ocr_par' dir='ltr' id='par_1_80' title="bbox 464 4908 2049 4981">
     <span class='ocr_line' id='line_1_80' title="bbox 464 4908 2049 4981; baseline 0.004 -21"><span class='ocrx_word' id='word_1_565' title='bbox 464 4908 664 4963; x_wconf 86' lang='lat' dir='ltr'><strong>veritas</strong></span> <span class='ocrx_word' id='word_1_566' title='bbox 689 4923 798 4962; x_wconf 91' lang='lat' dir='ltr'><strong>non</strong></span> <span class='ocrx_word' id='word_1_567' title='bbox 820 4909 1178 4978; x_wconf 81' lang='lat' dir='ltr'><strong>responderet</strong></span> <span class='ocrx_word' id='word_1_568' title='bbox 1204 4910 1389 4981; x_wconf 69' lang='lat' dir='ltr'><strong>ﬁgura:</strong></span> <span class='ocrx_word' id='word_1_569' title='bbox 1411 4911 1465 4964; x_wconf 88' lang='lat' dir='ltr'><strong>in</strong></span> <span class='ocrx_word' id='word_1_570' title='bbox 1492 4909 1608 4965; x_wconf 84' lang='lat' dir='ltr'><strong>veri</strong></span> <span class='ocrx_word' id='word_1_571' title='bbox 1636 4910 1762 4980; x_wconf 71' lang='lat' dir='ltr'><strong>agni</strong></span> <span class='ocrx_word' id='word_1_572' title='bbox 1794 4911 2049 4967; x_wconf 83' lang='lat' dir='ltr'><strong>immola-</strong></span> 
     </span>
    </p>
   </div>
   <div class='ocr_carea' id='block_1_81' title="bbox 461 4998 2052 5075">
    <p class='ocr_par' dir='ltr' id='par_1_81' title="bbox 461 4998 2052 5075">
     <span class='ocr_line' id='line_1_81' title="bbox 461 4998 2052 5075; baseline 0.003 -21"><span class='ocrx_word' id='word_1_573' title='bbox 461 4998 627 5054; x_wconf 86' lang='lat' dir='ltr'><strong>tione.</strong></span> <span class='ocrx_word' id='word_1_574' title='bbox 681 4999 747 5053; x_wconf 86' lang='lat' dir='ltr'><strong>Et</strong></span> <span class='ocrx_word' id='word_1_575' title='bbox 788 4999 911 5055; x_wconf 84' lang='lat' dir='ltr'><strong>ideo</strong></span> <span class='ocrx_word' id='word_1_576' title='bbox 955 5000 1090 5055; x_wconf 85' lang='lat' dir='ltr'><strong>dicit</strong></span> <span class='ocrx_word' id='word_1_577' title='bbox 1120 5001 1306 5071; x_wconf 74' lang='lat' dir='ltr'><strong>(locis.</strong></span> <span class='ocrx_word' id='word_1_578' title='bbox 1342 5017 1453 5061; x_wconf 82' lang='lat' dir='ltr'><strong>xix.</strong></span> <span class='ocrx_word' id='word_1_579' title='bbox 1490 5002 1578 5075; x_wconf 79' lang='grc' dir='ltr'>ιι)</span> <span class='ocrx_word' id='word_1_580' title='bbox 1627 5003 1774 5074; x_wconf 87' lang='lat' dir='ltr'><strong>quod</strong></span> <span class='ocrx_word' id='word_1_581' title='bbox 1805 5004 1895 5058; x_wconf 84' lang='lat' dir='ltr'><strong>die</strong></span> <span class='ocrx_word' id='word_1_582' title='bbox 1942 5019 2052 5073; x_wconf 90' lang='lat' dir='ltr'><strong>quo</strong></span> 
     </span>
    </p>
   </div>
   <div class='ocr_carea' id='block_1_82' title="bbox 460 5091 2054 5167">
    <p class='ocr_par' dir='ltr' id='par_1_82' title="bbox 460 5091 2054 5167">
     <span class='ocr_line' id='line_1_82' title="bbox 460 5091 2054 5167; baseline 0.003 -20"><span class='ocrx_word' id='word_1_583' title='bbox 460 5105 712 5167; x_wconf 77' lang='lat' dir='ltr'><strong>mortuus</strong></span> <span class='ocrx_word' id='word_1_584' title='bbox 763 5104 842 5148; x_wconf 84' lang='lat' dir='ltr'><strong>est</strong></span> <span class='ocrx_word' id='word_1_585' title='bbox 879 5091 1136 5148; x_wconf 82' lang='lat' dir='ltr'><strong>Christus</strong></span> <span class='ocrx_word' id='word_1_586' title='bbox 1182 5104 1303 5149; x_wconf 88' lang='lat' dir='ltr'><strong>erat</strong></span> <span class='ocrx_word' id='word_1_587' title='bbox 1359 5108 1657 5165; x_wconf 86' lang='lat' dir='ltr'><strong>parasceve</strong></span> <span class='ocrx_word' id='word_1_588' title='bbox 1704 5093 1947 5158; x_wconf 66' lang='lat' dir='ltr'><strong>Pascha,</strong></span> <span class='ocrx_word' id='word_1_589' title='bbox 1996 5106 2054 5152; x_wconf 89' lang='lat' dir='ltr'><strong>et</strong></span> 
     </span>
    </p>
   </div>
   <div class='ocr_carea' id='block_1_83' title="bbox 459 5186 2053 5257">
    <p class='ocr_par' dir='ltr' id='par_1_83' title="bbox 459 5186 2053 5257">
     <span class='ocr_line' id='line_1_83' title="bbox 459 5186 2053 5257; baseline 0.003 -18"><span class='ocrx_word' id='word_1_590' title='bbox 459 5191 605 5257; x_wconf 88' lang='lat' dir='ltr'><strong>quod</strong></span> <span class='ocrx_word' id='word_1_591' title='bbox 659 5203 767 5241; x_wconf 88' lang='lat' dir='ltr'><strong>non</strong></span> <span class='ocrx_word' id='word_1_592' title='bbox 815 5186 1145 5242; x_wconf 88' lang='lat' dir='ltr'><strong>introierunt</strong></span> <span class='ocrx_word' id='word_1_593' title='bbox 1201 5186 1256 5240; x_wconf 88' lang='lat' dir='ltr'><strong>in</strong></span> <span class='ocrx_word' id='word_1_594' title='bbox 1298 5189 1615 5256; x_wconf 59' lang='lat' dir='ltr'><strong>pratorium</strong></span> <span class='ocrx_word' id='word_1_595' title='bbox 1664 5203 1736 5243; x_wconf 83' lang='lat' dir='ltr'><strong>ne</strong></span> <span class='ocrx_word' id='word_1_596' title='bbox 1781 5189 2053 5243; x_wconf 81' lang='lat' dir='ltr'><strong>contami-</strong></span> 
     </span>
    </p>
   </div>
   <div class='ocr_carea' id='block_1_84' title="bbox 460 5279 2050 5358">
    <p class='ocr_par' dir='ltr' id='par_1_84' title="bbox 460 5279 2050 5358">
     <span class='ocr_line' id='line_1_84' title="bbox 460 5279 2050 5358; baseline 0.001 -24"><span class='ocrx_word' id='word_1_597' title='bbox 460 5292 747 5341; x_wconf 87' lang='lat' dir='ltr'><strong>narentur,</strong></span> <span class='ocrx_word' id='word_1_598' title='bbox 782 5281 876 5334; x_wconf 81' lang='lat' dir='ltr'><strong>sed</strong></span> <span class='ocrx_word' id='word_1_599' title='bbox 909 5288 967 5333; x_wconf 86' lang='lat' dir='ltr'><strong>ut</strong></span> <span class='ocrx_word' id='word_1_600' title='bbox 993 5281 1223 5335; x_wconf 86' lang='lat' dir='ltr'><strong>ederent</strong></span> <span class='ocrx_word' id='word_1_601' title='bbox 1248 5280 1451 5349; x_wconf 85' lang='lat' dir='ltr'><strong>pascha</strong></span> <span class='ocrx_word' id='word_1_602' title='bbox 1485 5297 1498 5333; x_wconf 90' lang='lat'>:</span> <span class='ocrx_word' id='word_1_603' title='bbox 1524 5280 1618 5335; x_wconf 76' lang='lat' dir='ltr'><strong>ubi</strong></span> <span class='ocrx_word' id='word_1_604' title='bbox 1642 5280 1813 5358; x_wconf 83' lang='lat' dir='ltr'><strong>dictio</strong></span> <span class='ocrx_word' id='word_1_605' title='bbox 1841 5279 2050 5336; x_wconf 80' lang='lat' dir='ltr'><strong>Pascha</strong></span> 
     </span>
    </p>
   </div>
   <div class='ocr_carea' id='block_1_85' title="bbox 465 5372 2050 5445">
    <p class='ocr_par' dir='ltr' id='par_1_85' title="bbox 465 5372 2050 5445">
     <span class='ocr_line' id='line_1_85' title="bbox 465 5372 2050 5445; baseline 0.003 -20"><span class='ocrx_word' id='word_1_606' title='bbox 465 5388 805 5443; x_wconf 78' lang='lat' dir='ltr'><strong>nequaquam</strong></span> <span class='ocrx_word' id='word_1_607' title='bbox 837 5388 937 5440; x_wconf 88' lang='lat' dir='ltr'><strong>pro</strong></span> <span class='ocrx_word' id='word_1_608' title='bbox 964 5373 1174 5443; x_wconf 77' lang='lat' dir='ltr'><strong>azymis</strong></span> <span class='ocrx_word' id='word_1_609' title='bbox 1210 5373 1333 5443; x_wconf 88' lang='lat' dir='ltr'><strong>capi</strong></span> <span class='ocrx_word' id='word_1_610' title='bbox 1365 5381 1572 5444; x_wconf 85' lang='lat' dir='ltr'><strong>potest,</strong></span> <span class='ocrx_word' id='word_1_611' title='bbox 1608 5382 1669 5429; x_wconf 87' lang='lat' dir='ltr'><strong>ut</strong></span> <span class='ocrx_word' id='word_1_612' title='bbox 1697 5372 1921 5445; x_wconf 87' lang='lat' dir='ltr'><strong>quidam</strong></span> <span class='ocrx_word' id='word_1_613' title='bbox 1950 5389 2050 5430; x_wconf 88' lang='lat' dir='ltr'><strong>vo-</strong></span> 
     </span>
    </p>
   </div>
   <div class='ocr_carea' id='block_1_86' title="bbox 466 5467 2052 5539">
    <p class='ocr_par' dir='ltr' id='par_1_86' title="bbox 466 5467 2052 5539">
     <span class='ocr_line' id='line_1_86' title="bbox 466 5467 2052 5539; baseline 0.004 -20"><span class='ocrx_word' id='word_1_614' title='bbox 466 5467 603 5527; x_wconf 85' lang='lat' dir='ltr'><strong>lunt,</strong></span> <span class='ocrx_word' id='word_1_615' title='bbox 638 5476 752 5520; x_wconf 83' lang='lat' dir='ltr'><strong>tum</strong></span> <span class='ocrx_word' id='word_1_616' title='bbox 784 5468 928 5534; x_wconf 81' lang='lat' dir='ltr'><strong>quod</strong></span> <span class='ocrx_word' id='word_1_617' title='bbox 958 5483 1230 5538; x_wconf 86' lang='lat' dir='ltr'><strong>nusquam</strong></span> <span class='ocrx_word' id='word_1_618' title='bbox 1266 5468 1395 5523; x_wconf 80' lang='lat' dir='ltr'><strong>alibi</strong></span> <span class='ocrx_word' id='word_1_619' title='bbox 1422 5468 1495 5523; x_wconf 90' lang='lat' dir='ltr'><strong>ita</strong></span> <span class='ocrx_word' id='word_1_620' title='bbox 1524 5467 1771 5539; x_wconf 87' lang='lat' dir='ltr'><strong>capiatur</strong></span> <span class='ocrx_word' id='word_1_621' title='bbox 1805 5469 1861 5523; x_wconf 90' lang='lat' dir='ltr'><strong>in</strong></span> <span class='ocrx_word' id='word_1_622' title='bbox 1900 5468 2052 5525; x_wconf 89' lang='lat' dir='ltr'><strong>Scri-</strong></span> 
     </span>
    </p>
   </div>
   <div class='ocr_carea' id='block_1_87' title="bbox 466 5560 2054 5631">
    <p class='ocr_par' dir='ltr' id='par_1_87' title="bbox 466 5560 2054 5631">
     <span class='ocr_line' id='line_1_87' title="bbox 466 5560 2054 5631; baseline 0.003 -20"><span class='ocrx_word' id='word_1_623' title='bbox 466 5560 663 5626; x_wconf 78' lang='lat' dir='ltr'><strong>pturis.</strong></span> <span class='ocrx_word' id='word_1_624' title='bbox 699 5568 813 5613; x_wconf 87' lang='lat' dir='ltr'><strong>tum</strong></span> <span class='ocrx_word' id='word_1_625' title='bbox 839 5561 981 5627; x_wconf 88' lang='lat' dir='ltr'><strong>quod</strong></span> <span class='ocrx_word' id='word_1_626' title='bbox 1010 5562 1075 5615; x_wconf 85' lang='lat' dir='ltr'><strong>ad</strong></span> <span class='ocrx_word' id='word_1_627' title='bbox 1099 5560 1309 5615; x_wconf 84' lang='lat' dir='ltr'><strong>edenda</strong></span> <span class='ocrx_word' id='word_1_628' title='bbox 1340 5575 1529 5631; x_wconf 72' lang='lat' dir='ltr'><strong>azyma</strong></span> <span class='ocrx_word' id='word_1_629' title='bbox 1551 5575 1821 5631; x_wconf 88' lang='lat' dir='ltr'><strong>nusquam</strong></span> <span class='ocrx_word' id='word_1_630' title='bbox 1840 5561 2054 5617; x_wconf 89' lang='lat' dir='ltr'><strong>dicatur</strong></span> 
     </span>
    </p>
   </div>
   <div class='ocr_carea' id='block_1_88' title="bbox 469 5652 2054 5722">
    <p class='ocr_par' dir='ltr' id='par_1_88' title="bbox 469 5652 2054 5722">
     <span class='ocr_line' id='line_1_88' title="bbox 469 5652 2054 5722; baseline 0.003 -18"><span class='ocrx_word' id='word_1_631' title='bbox 469 5652 671 5720; x_wconf 75' lang='lat' dir='ltr'><strong>requiri</strong></span> <span class='ocrx_word' id='word_1_632' title='bbox 695 5671 708 5717; x_wconf 86' lang='lat'>;</span> <span class='ocrx_word' id='word_1_633' title='bbox 735 5668 913 5722; x_wconf 85' lang='lat' dir='ltr'><strong>neque</strong></span> <span class='ocrx_word' id='word_1_634' title='bbox 936 5653 1230 5709; x_wconf 85' lang='lat' dir='ltr'><strong>verisimile</strong></span> <span class='ocrx_word' id='word_1_635' title='bbox 1259 5654 1329 5705; x_wconf 87' lang='lat' dir='ltr'><strong>sit</strong></span> <span class='ocrx_word' id='word_1_636' title='bbox 1358 5667 1483 5707; x_wconf 85' lang='lat' dir='ltr'><strong>esse</strong></span> <span class='ocrx_word' id='word_1_637' title='bbox 1507 5668 1756 5717; x_wconf 79' lang='lat' dir='ltr'><strong>necesse,</strong></span> <span class='ocrx_word' id='word_1_638' title='bbox 1777 5662 1835 5707; x_wconf 91' lang='lat' dir='ltr'><strong>ut</strong></span> <span class='ocrx_word' id='word_1_639' title='bbox 1863 5654 2054 5710; x_wconf 88' lang='lat' dir='ltr'><strong>mundi</strong></span> 
     </span>
    </p>
   </div>
   <div class='ocr_carea' id='block_1_89' title="bbox 468 5742 2056 5814">
    <p class='ocr_par' dir='ltr' id='par_1_89' title="bbox 468 5742 2056 5814">
     <span class='ocr_line' id='line_1_89' title="bbox 468 5742 2056 5814; baseline 0.004 -21"><span class='ocrx_word' id='word_1_640' title='bbox 468 5743 598 5805; x_wconf 78' lang='lat' dir='ltr'><strong>sint,</strong></span> <span class='ocrx_word' id='word_1_641' title='bbox 640 5759 763 5796; x_wconf 90' lang='lat' dir='ltr'><strong>cum</strong></span> <span class='ocrx_word' id='word_1_642' title='bbox 801 5759 959 5812; x_wconf 62' lang='lat' dir='ltr'><strong>patria</strong></span> <span class='ocrx_word' id='word_1_643' title='bbox 999 5744 1190 5798; x_wconf 87' lang='lat' dir='ltr'><strong>mortis</strong></span> <span class='ocrx_word' id='word_1_644' title='bbox 1235 5744 1527 5807; x_wconf 82' lang='lat' dir='ltr'><strong>intentata,</strong></span> <span class='ocrx_word' id='word_1_645' title='bbox 1574 5750 1791 5813; x_wconf 81' lang='lat' dir='ltr'><strong>septem</strong></span> <span class='ocrx_word' id='word_1_646' title='bbox 1827 5742 2056 5814; x_wconf 69' lang='lat' dir='ltr'><strong>integris</strong></span> 
     </span>
    </p>
   </div>
   <div class='ocr_carea' id='block_1_90' title="bbox 465 5836 2056 5909">
    <p class='ocr_par' dir='ltr' id='par_1_90' title="bbox 465 5836 2056 5909">
     <span class='ocr_line' id='line_1_90' title="bbox 465 5836 2056 5909; baseline 0.003 -19"><span class='ocrx_word' id='word_1_647' title='bbox 465 5836 663 5892; x_wconf 78' lang='lat' dir='ltr'><strong>dit-bus</strong></span> <span class='ocrx_word' id='word_1_648' title='bbox 696 5838 1038 5895; x_wconf 74' lang='lat' dir='ltr'><strong>naturalibus</strong></span> <span class='ocrx_word' id='word_1_649' title='bbox 1071 5838 1464 5909; x_wconf 59' lang='lat' dir='ltr'><strong>praciperetur</strong></span> <span class='ocrx_word' id='word_1_650' title='bbox 1502 5836 1584 5893; x_wconf 90' lang='lat' dir='ltr'><strong>cis</strong></span> <span class='ocrx_word' id='word_1_651' title='bbox 1619 5845 1681 5892; x_wconf 89' lang='lat' dir='ltr'><strong>ut</strong></span> <span class='ocrx_word' id='word_1_652' title='bbox 1709 5852 1895 5907; x_wconf 75' lang='lat' dir='ltr'><strong>azyma</strong></span> <span class='ocrx_word' id='word_1_653' title='bbox 1923 5838 2056 5894; x_wconf 83' lang='lat' dir='ltr'><strong>cde-</strong></span> 
     </span>
    </p>
   </div>
   <div class='ocr_carea' id='block_1_91' title="bbox 2147 3244 3745 3314">
    <p class='ocr_par' dir='ltr' id='par_1_91' title="bbox 2147 3244 3745 3314">
     <span class='ocr_line' id='line_1_91' title="bbox 2147 3244 3745 3314; baseline 0.001 -17"><span class='ocrx_word' id='word_1_654' title='bbox 2147 3244 2518 3313; x_wconf 70' lang='lat' dir='ltr'><strong>pnratulnnhei</strong></span> <span class='ocrx_word' id='word_1_655' title='bbox 2537 3246 2726 3299; x_wconf 89' lang='lat' dir='ltr'><strong>Latine</strong></span> <span class='ocrx_word' id='word_1_656' title='bbox 2753 3247 3006 3300; x_wconf 84' lang='lat' dir='ltr'><strong>usitatius</strong></span> <span class='ocrx_word' id='word_1_657' title='bbox 3027 3247 3169 3311; x_wconf 87' lang='lat' dir='ltr'><strong>apud</strong></span> <span class='ocrx_word' id='word_1_658' title='bbox 3188 3261 3284 3298; x_wconf 86' lang='lat' dir='ltr'><strong>nos</strong></span> <span class='ocrx_word' id='word_1_659' title='bbox 3313 3258 3531 3300; x_wconf 88' lang='lat' dir='ltr'><strong>vocant.</strong></span> <span class='ocrx_word' id='word_1_660' title='bbox 3561 3246 3745 3314; x_wconf 72' lang='lat' dir='ltr'><strong>Neque</strong></span> 
     </span>
    </p>
   </div>
   <div class='ocr_carea' id='block_1_92' title="bbox 2149 3339 3748 3408">
    <p class='ocr_par' dir='ltr' id='par_1_92' title="bbox 2149 3339 3748 3408">
     <span class='ocr_line' id='line_1_92' title="bbox 2149 3339 3748 3408; baseline -0.001 -17"><span class='ocrx_word' id='word_1_661' title='bbox 2149 3339 2295 3391; x_wconf 80' lang='lat' dir='ltr'><strong>enim</strong></span> <span class='ocrx_word' id='word_1_662' title='bbox 2317 3348 2411 3392; x_wconf 82' lang='lat' dir='ltr'><strong>aut</strong></span> <span class='ocrx_word' id='word_1_663' title='bbox 2440 3339 2513 3397; x_wconf 89' lang='lat' dir='ltr'><strong>hi.</strong></span> <span class='ocrx_word' id='word_1_664' title='bbox 2548 3349 2642 3391; x_wconf 88' lang='lat' dir='ltr'><strong>aut</strong></span> <span class='ocrx_word' id='word_1_665' title='bbox 2669 3340 2769 3404; x_wconf 59' lang='lat' dir='ltr'><strong>pia!</strong></span> <span class='ocrx_word' id='word_1_666' title='bbox 2789 3340 2894 3391; x_wconf 60' lang='lat' dir='ltr'><strong>illa:</strong></span> <span class='ocrx_word' id='word_1_667' title='bbox 2909 3339 3166 3391; x_wconf 84' lang='lat' dir='ltr'><strong>mulieres</strong></span> <span class='ocrx_word' id='word_1_668' title='bbox 3181 3340 3359 3392; x_wconf 85' lang='lat' dir='ltr'><strong>adhuc</strong></span> <span class='ocrx_word' id='word_1_669' title='bbox 3378 3351 3748 3408; x_wconf 72' lang='lat' dir='ltr'><strong>cognoverant</strong></span> 
     </span>
    </p>
   </div>
   <div class='ocr_carea' id='block_1_93' title="bbox 2151 3431 3749 3502">
    <p class='ocr_par' dir='ltr' id='par_1_93' title="bbox 2151 3431 3749 3502">
     <span class='ocr_line' id='line_1_93' title="bbox 2151 3431 3749 3502; baseline -0.001 -17"><span class='ocrx_word' id='word_1_670' title='bbox 2151 3446 2370 3485; x_wconf 83' lang='lat' dir='ltr'><strong>cessare</strong></span> <span class='ocrx_word' id='word_1_671' title='bbox 2406 3431 2458 3484; x_wconf 90' lang='lat' dir='ltr'><strong>in</strong></span> <span class='ocrx_word' id='word_1_672' title='bbox 2493 3432 2699 3485; x_wconf 79' lang='lat' dir='ltr'><strong>Christi</strong></span> <span class='ocrx_word' id='word_1_673' title='bbox 2734 3444 2909 3484; x_wconf 91' lang='lat' dir='ltr'><strong>morte</strong></span> <span class='ocrx_word' id='word_1_674' title='bbox 2936 3431 3145 3495; x_wconf 61' lang='lat' dir='ltr'><strong>legalis.</strong></span> <span class='ocrx_word' id='word_1_675' title='bbox 3177 3431 3425 3487; x_wconf 85' lang='lat' dir='ltr'><strong>Deunuu.</strong></span> <span class='ocrx_word' id='word_1_676' title='bbox 3451 3441 3508 3483; x_wconf 91' lang='lat' dir='ltr'><strong>ut</strong></span> <span class='ocrx_word' id='word_1_677' title='bbox 3534 3434 3749 3502; x_wconf 77' lang='lat' dir='ltr'><strong>epilogo</strong></span> 
     </span>
    </p>
   </div>
   <div class='ocr_carea' id='block_1_94' title="bbox 2149 3522 3749 3593">
    <p class='ocr_par' dir='ltr' id='par_1_94' title="bbox 2149 3522 3749 3593">
     <span class='ocr_line' id='line_1_94' title="bbox 2149 3522 3749 3593; baseline -0.001 -17"><span class='ocrx_word' id='word_1_678' title='bbox 2149 3523 2563 3584; x_wconf 43' lang='lat' dir='ltr'><strong>cancluilamus,</strong></span> <span class='ocrx_word' id='word_1_679' title='bbox 2616 3522 2869 3577; x_wconf 80' lang='lat' dir='ltr'><strong>Christus</strong></span> <span class='ocrx_word' id='word_1_680' title='bbox 2924 3538 3081 3577; x_wconf 87' lang='lat' dir='ltr'><strong>suum</strong></span> <span class='ocrx_word' id='word_1_681' title='bbox 3138 3522 3342 3575; x_wconf 74' lang='lat' dir='ltr'><strong>Pascha</strong></span> <span class='ocrx_word' id='word_1_682' title='bbox 3376 3524 3550 3591; x_wconf 61' lang='lat' dir='ltr'><strong>‘jtixt-i</strong></span> <span class='ocrx_word' id='word_1_683' title='bbox 3613 3524 3749 3593; x_wconf 79' lang='lat' dir='ltr'><strong>legis</strong></span> 
     </span>
    </p>
   </div>
   <div class='ocr_carea' id='block_1_95' title="bbox 2151 3613 3750 3675">
    <p class='ocr_par' dir='ltr' id='par_1_95' title="bbox 2151 3613 3750 3675">
     <span class='ocr_line' id='line_1_95' title="bbox 2151 3613 3750 3675; baseline 0.001 -11"><span class='ocrx_word' id='word_1_684' title='bbox 2151 3613 2397 3667; x_wconf 75' lang='lat' dir='ltr'><strong>Mosaiea:</strong></span> <span class='ocrx_word' id='word_1_685' title='bbox 2443 3623 2687 3667; x_wconf 86' lang='lat' dir='ltr'><strong>tenorem</strong></span> <span class='ocrx_word' id='word_1_686' title='bbox 2730 3614 3045 3675; x_wconf 81' lang='lat' dir='ltr'><strong>celebravit,</strong></span> <span class='ocrx_word' id='word_1_687' title='bbox 3085 3613 3257 3667; x_wconf 68' lang='lat' dir='ltr'><strong>Judaei</strong></span> <span class='ocrx_word' id='word_1_688' title='bbox 3310 3626 3491 3667; x_wconf 85' lang='lat' dir='ltr'><strong>autem</strong></span> <span class='ocrx_word' id='word_1_689' title='bbox 3523 3615 3611 3668; x_wconf 86' lang='lat' dir='ltr'><strong>die</strong></span> <span class='ocrx_word' id='word_1_690' title='bbox 3663 3631 3750 3667; x_wconf 79' lang='lat' dir='ltr'><strong>se-</strong></span> 
     </span>
    </p>
   </div>
   <div class='ocr_carea' id='block_1_96' title="bbox 2152 3704 3750 3775">
    <p class='ocr_par' dir='ltr' id='par_1_96' title="bbox 2152 3704 3750 3775">
     <span class='ocr_line' id='line_1_96' title="bbox 2152 3704 3750 3775; baseline -0.001 -17"><span class='ocrx_word' id='word_1_691' title='bbox 2152 3705 2528 3773; x_wconf 77' lang='lat' dir='ltr'><strong>quentijuxta</strong></span> <span class='ocrx_word' id='word_1_692' title='bbox 2559 3704 2786 3759; x_wconf 82' lang='lat' dir='ltr'><strong>Patrum</strong></span> <span class='ocrx_word' id='word_1_693' title='bbox 2823 3707 3149 3761; x_wconf 82' lang='lat' dir='ltr'><strong>traditiones</strong></span> <span class='ocrx_word' id='word_1_694' title='bbox 3179 3724 3192 3770; x_wconf 88' lang='lat'><strong>;</strong></span> <span class='ocrx_word' id='word_1_695' title='bbox 3227 3706 3430 3775; x_wconf 83' lang='lat' dir='ltr'><strong>quippe</strong></span> <span class='ocrx_word' id='word_1_696' title='bbox 3455 3706 3549 3774; x_wconf 90' lang='lat' dir='ltr'><strong>qui</strong></span> <span class='ocrx_word' id='word_1_697' title='bbox 3579 3706 3750 3775; x_wconf 78' lang='lat' dir='ltr'><strong>legale</strong></span> 
     </span>
    </p>
   </div>
   <div class='ocr_carea' id='block_1_97' title="bbox 2152 3797 3756 3869">
    <p class='ocr_par' dir='ltr' id='par_1_97' title="bbox 2152 3797 3756 3869">
     <span class='ocr_line' id='line_1_97' title="bbox 2152 3797 3756 3869; baseline 0 -18"><span class='ocrx_word' id='word_1_698' title='bbox 2152 3797 2488 3869; x_wconf 80' lang='lat' dir='ltr'><strong>pr.ecepttiiii</strong></span> <span class='ocrx_word' id='word_1_699' title='bbox 2520 3800 2588 3855; x_wconf 91' lang='lat' dir='ltr'><strong>de</strong></span> <span class='ocrx_word' id='word_1_700' title='bbox 2620 3798 2845 3855; x_wconf 70' lang='lat' dir='ltr'><strong>Pascha:</strong></span> <span class='ocrx_word' id='word_1_701' title='bbox 2874 3800 3263 3854; x_wconf 86' lang='lat' dir='ltr'><strong>observatione</strong></span> <span class='ocrx_word' id='word_1_702' title='bbox 3301 3800 3405 3853; x_wconf 85' lang='lat' dir='ltr'><strong>hac.</strong></span> <span class='ocrx_word' id='word_1_703' title='bbox 3442 3814 3541 3853; x_wconf 86' lang='lat' dir='ltr'><strong>sua</strong></span> <span class='ocrx_word' id='word_1_704' title='bbox 3580 3799 3756 3852; x_wconf 79' lang='lat' dir='ltr'><strong>tradi-</strong></span> 
     </span>
    </p>
   </div>
   <div class='ocr_carea' id='block_1_98' title="bbox 2155 3874 3762 3962">
    <p class='ocr_par' dir='ltr' id='par_1_98' title="bbox 2155 3874 3762 3962">
     <span class='ocr_line' id='line_1_98' title="bbox 2155 3874 3762 3962; baseline -0.002 -17"><span class='ocrx_word' id='word_1_705' title='bbox 2155 3895 2303 3945; x_wconf 82' lang='lat' dir='ltr'><strong>tione</strong></span> <span class='ocrx_word' id='word_1_706' title='bbox 2327 3874 2717 3959; x_wconf 81' lang='lat' dir='ltr'><strong>corruperunt,</strong></span> <span class='ocrx_word' id='word_1_707' title='bbox 2744 3907 2909 3962; x_wconf 86' lang='lat' dir='ltr'><strong>quam</strong></span> <span class='ocrx_word' id='word_1_708' title='bbox 2941 3890 3109 3945; x_wconf 79' lang='lat' dir='ltr'><strong>refert</strong></span> <span class='ocrx_word' id='word_1_709' title='bbox 3144 3890 3624 3959; x_wconf 64' lang='lat' dir='ltr'><strong>liistoriographus</strong></span> <span class='ocrx_word' id='word_1_710' title='bbox 3654 3892 3762 3943; x_wconf 79' lang='lat' dir='ltr'><strong>eo—</strong></span> 
     </span>
    </p>
   </div>
   <div class='ocr_carea' id='block_1_99' title="bbox 2154 3978 3751 4054">
    <p class='ocr_par' dir='ltr' id='par_1_99' title="bbox 2154 3978 3751 4054">
     <span class='ocr_line' id='line_1_99' title="bbox 2154 3978 3751 4054; baseline -0.002 -20"><span class='ocrx_word' id='word_1_711' title='bbox 2154 3998 2273 4034; x_wconf 86' lang='lat' dir='ltr'><strong>ruui</strong></span> <span class='ocrx_word' id='word_1_712' title='bbox 2306 3982 2477 4054; x_wconf 77' lang='lat' dir='ltr'><strong>Sedar</strong></span> <span class='ocrx_word' id='word_1_713' title='bbox 2506 3982 2695 4036; x_wconf 83' lang='lat' dir='ltr'><strong>Olam:</strong></span> <span class='ocrx_word' id='word_1_714' title='bbox 2722 3981 3230 4050; x_wconf 84' lang='lat' dir='ltr'><strong>cujustraditionis,</strong></span> <span class='ocrx_word' id='word_1_715' title='bbox 3254 3978 3463 4035; x_wconf 87' lang='lat' dir='ltr'><strong>relictis</strong></span> <span class='ocrx_word' id='word_1_716' title='bbox 3487 3993 3751 4046; x_wconf 83' lang='lat' dir='ltr'><strong>compen-</strong></span> 
     </span>
    </p>
   </div>
   <div class='ocr_carea' id='block_1_100' title="bbox 2150 4072 3753 4144">
    <p class='ocr_par' dir='ltr' id='par_1_100' title="bbox 2150 4072 3753 4144">
     <span class='ocr_line' id='line_1_100' title="bbox 2150 4072 3753 4144; baseline -0.002 -16"><span class='ocrx_word' id='word_1_717' title='bbox 2150 4075 2224 4128; x_wconf 89' lang='lat' dir='ltr'><strong>dii</strong></span> <span class='ocrx_word' id='word_1_718' title='bbox 2252 4075 2419 4144; x_wconf 69' lang='lat' dir='ltr'><strong>gratia</strong></span> <span class='ocrx_word' id='word_1_719' title='bbox 2452 4072 2731 4131; x_wconf 82' lang='lat' dir='ltr'><strong>Hebraicis</strong></span> <span class='ocrx_word' id='word_1_720' title='bbox 2760 4075 2877 4129; x_wconf 69' lang='lat' dir='ltr'><strong>haec</strong></span> <span class='ocrx_word' id='word_1_721' title='bbox 2901 4083 3033 4129; x_wconf 88' lang='lat' dir='ltr'><strong>sunt</strong></span> <span class='ocrx_word' id='word_1_722' title='bbox 3065 4073 3225 4128; x_wconf 86' lang='lat' dir='ltr'><strong>verba</strong></span> <span class='ocrx_word' id='word_1_723' title='bbox 3265 4091 3277 4126; x_wconf 90' lang='lat'><strong>:</strong></span> <span class='ocrx_word' id='word_1_724' title='bbox 3315 4072 3406 4127; x_wconf 89' lang='lat' dir='ltr'><strong>Sic</strong></span> <span class='ocrx_word' id='word_1_725' title='bbox 3439 4081 3753 4126; x_wconf 84' lang='lat' dir='ltr'><strong>statuerunt</strong></span> 
     </span>
    </p>
   </div>
   <div class='ocr_carea' id='block_1_101' title="bbox 2154 4165 3765 4238">
    <p class='ocr_par' dir='ltr' id='par_1_101' title="bbox 2154 4165 3765 4238">
     <span class='ocr_line' id='line_1_101' title="bbox 2154 4165 3765 4238; baseline -0.002 -15"><span class='ocrx_word' id='word_1_726' title='bbox 2154 4170 2399 4237; x_wconf 73' lang='lat' dir='ltr'><strong>magistri</strong></span> <span class='ocrx_word' id='word_1_727' title='bbox 2448 4169 2619 4224; x_wconf 81' lang='lat' dir='ltr'><strong>nostri</strong></span> <span class='ocrx_word' id='word_1_728' title='bbox 2662 4168 2875 4238; x_wconf 84' lang='lat' dir='ltr'><strong>judices</strong></span> <span class='ocrx_word' id='word_1_729' title='bbox 2935 4167 3246 4223; x_wconf 87' lang='lat' dir='ltr'><strong>Sanhedrin</strong></span> <span class='ocrx_word' id='word_1_730' title='bbox 3283 4167 3463 4236; x_wconf 70' lang='lat' dir='ltr'><strong>magni</strong></span> <span class='ocrx_word' id='word_1_731' title='bbox 3514 4165 3765 4220; x_wconf 81' lang='lat' dir='ltr'><strong>nominis</strong></span> 
     </span>
    </p>
   </div>
   <div class='ocr_carea' id='block_1_102' title="bbox 2154 4258 3755 4316">
    <p class='ocr_par' dir='ltr' id='par_1_102' title="bbox 2154 4258 3755 4316">
     <span class='ocr_line' id='line_1_102' title="bbox 2154 4258 3755 4316; baseline -0.002 -2"><span class='ocrx_word' id='word_1_732' title='bbox 2154 4264 2208 4314; x_wconf 89' lang='lat' dir='ltr'><strong>in</strong></span> <span class='ocrx_word' id='word_1_733' title='bbox 2259 4263 2480 4316; x_wconf 68' lang='lat' dir='ltr'><strong>sat-culo.</strong></span> <span class='ocrx_word' id='word_1_734' title='bbox 2516 4259 2573 4315; x_wconf 92' lang='lat' dir='ltr'><strong>ln</strong></span> <span class='ocrx_word' id='word_1_735' title='bbox 2626 4261 2793 4315; x_wconf 89' lang='lat' dir='ltr'><strong>domo</strong></span> <span class='ocrx_word' id='word_1_736' title='bbox 2840 4258 3143 4316; x_wconf 86' lang='lat' dir='ltr'><strong>sanctuarii</strong></span> <span class='ocrx_word' id='word_1_737' title='bbox 3194 4259 3433 4313; x_wconf 80' lang='lat' dir='ltr'><strong>secunda</strong></span> <span class='ocrx_word' id='word_1_738' title='bbox 3480 4275 3605 4314; x_wconf 89' lang='lat' dir='ltr'><strong>cum</strong></span> <span class='ocrx_word' id='word_1_739' title='bbox 3656 4277 3755 4312; x_wconf 64' lang='lat' dir='ltr'><strong>et-</strong></span> 
     </span>
    </p>
   </div>
   <div class='ocr_carea' id='block_1_103' title="bbox 2152 4350 3759 4421">
    <p class='ocr_par' dir='ltr' id='par_1_103' title="bbox 2152 4350 3759 4421">
     <span class='ocr_line' id='line_1_103' title="bbox 2152 4350 3759 4421; baseline -0.002 -14"><span class='ocrx_word' id='word_1_740' title='bbox 2152 4364 2357 4409; x_wconf 67' lang='lat' dir='ltr'><strong>structa</strong></span> <span class='ocrx_word' id='word_1_741' title='bbox 2392 4362 2543 4409; x_wconf 82' lang='lat' dir='ltr'><strong>esset</strong></span> <span class='ocrx_word' id='word_1_742' title='bbox 2580 4363 2636 4409; x_wconf 86' lang='lat' dir='ltr'><strong>et</strong></span> <span class='ocrx_word' id='word_1_743' title='bbox 2658 4350 3081 4417; x_wconf 80' lang='lat' dir='ltr'><strong>consummata,</strong></span> <span class='ocrx_word' id='word_1_744' title='bbox 3111 4361 3243 4407; x_wconf 82' lang='lat' dir='ltr'><strong>tunc</strong></span> <span class='ocrx_word' id='word_1_745' title='bbox 3270 4352 3519 4421; x_wconf 87' lang='lat' dir='ltr'><strong>apparuit</strong></span> <span class='ocrx_word' id='word_1_746' title='bbox 3556 4350 3759 4405; x_wconf 72' lang='lat' dir='ltr'><strong>solium</strong></span> 
     </span>
    </p>
   </div>
   <div class='ocr_carea' id='block_1_104' title="bbox 2153 4442 3757 4517">
    <p class='ocr_par' dir='ltr' id='par_1_104' title="bbox 2153 4442 3757 4517">
     <span class='ocr_line' id='line_1_104' title="bbox 2153 4442 3757 4517; baseline 0.001 -20"><span class='ocrx_word' id='word_1_747' title='bbox 2153 4443 2374 4516; x_wconf 72' lang='lat' dir='ltr'><strong>igneum</strong></span> <span class='ocrx_word' id='word_1_748' title='bbox 2426 4444 2916 4517; x_wconf 76' lang='lat' dir='ltr'><strong>perfectissimum,</strong></span> <span class='ocrx_word' id='word_1_749' title='bbox 2960 4460 3130 4516; x_wconf 86' lang='lat' dir='ltr'><strong>super</strong></span> <span class='ocrx_word' id='word_1_750' title='bbox 3169 4446 3316 4514; x_wconf 90' lang='lat' dir='ltr'><strong>quod</strong></span> <span class='ocrx_word' id='word_1_751' title='bbox 3355 4446 3606 4499; x_wconf 73' lang='lat' dir='ltr'><strong>sedeliat‘</strong></span> <span class='ocrx_word' id='word_1_752' title='bbox 3641 4442 3757 4498; x_wconf 70' lang='lat' dir='ltr'><strong>ltes</strong></span> 
     </span>
    </p>
   </div>
   <div class='ocr_carea' id='block_1_105' title="bbox 2155 4538 3753 4609">
    <p class='ocr_par' dir='ltr' id='par_1_105' title="bbox 2155 4538 3753 4609">
     <span class='ocr_line' id='line_1_105' title="bbox 2155 4538 3753 4609; baseline -0.001 -16"><span class='ocrx_word' id='word_1_753' title='bbox 2155 4540 2344 4595; x_wconf 89' lang='lat' dir='ltr'><strong>mundi</strong></span> <span class='ocrx_word' id='word_1_754' title='bbox 2376 4540 2628 4595; x_wconf 86' lang='lat' dir='ltr'><strong>sublimis</strong></span> <span class='ocrx_word' id='word_1_755' title='bbox 2658 4540 2814 4596; x_wconf 89' lang='lat' dir='ltr'><strong>valde</strong></span> <span class='ocrx_word' id='word_1_756' title='bbox 2843 4550 3001 4595; x_wconf 84' lang='lat' dir='ltr'><strong>stans</strong></span> <span class='ocrx_word' id='word_1_757' title='bbox 3036 4538 3181 4594; x_wconf 92' lang='lat' dir='ltr'><strong>inter</strong></span> <span class='ocrx_word' id='word_1_758' title='bbox 3213 4540 3485 4609; x_wconf 88' lang='lat' dir='ltr'><strong>porticum</strong></span> <span class='ocrx_word' id='word_1_759' title='bbox 3525 4557 3538 4593; x_wconf 91' lang='lat'><strong>:</strong></span> <span class='ocrx_word' id='word_1_760' title='bbox 3571 4550 3627 4593; x_wconf 88' lang='lat' dir='ltr'><strong>ct</strong></span> <span class='ocrx_word' id='word_1_761' title='bbox 3658 4554 3753 4592; x_wconf 83' lang='lat' dir='ltr'><strong>ae-</strong></span> 
     </span>
    </p>
   </div>
   <div class='ocr_carea' id='block_1_106' title="bbox 2155 4631 3757 4703">
    <p class='ocr_par' dir='ltr' id='par_1_106' title="bbox 2155 4631 3757 4703">
     <span class='ocr_line' id='line_1_106' title="bbox 2155 4631 3757 4703; baseline -0.002 -16"><span class='ocrx_word' id='word_1_762' title='bbox 2155 4642 2424 4702; x_wconf 85' lang='lat' dir='ltr'><strong>ceperuat</strong></span> <span class='ocrx_word' id='word_1_763' title='bbox 2452 4646 2736 4697; x_wconf 85' lang='lat' dir='ltr'><strong>coronam,</strong></span> <span class='ocrx_word' id='word_1_764' title='bbox 2762 4634 3258 4703; x_wconf 84' lang='lat' dir='ltr'><strong>appenderuntque</strong></span> <span class='ocrx_word' id='word_1_765' title='bbox 3283 4631 3524 4702; x_wconf 72' lang='lat' dir='ltr'><strong>sigillum</strong></span> <span class='ocrx_word' id='word_1_766' title='bbox 3560 4646 3757 4685; x_wconf 64' lang='lat' dir='ltr'><strong>recon~</strong></span> 
     </span>
    </p>
   </div>
   <div class='ocr_carea' id='block_1_107' title="bbox 2154 4709 3757 4795">
    <p class='ocr_par' dir='ltr' id='par_1_107' title="bbox 2154 4709 3757 4795">
     <span class='ocr_line' id='line_1_107' title="bbox 2154 4709 3757 4795; baseline -0.002 -14"><span class='ocrx_word' id='word_1_767' title='bbox 2154 4726 2353 4790; x_wconf 75' lang='lat' dir='ltr'><strong>(litum,</strong></span> <span class='ocrx_word' id='word_1_768' title='bbox 2372 4735 2431 4782; x_wconf 90' lang='lat' dir='ltr'><strong>ct</strong></span> <span class='ocrx_word' id='word_1_769' title='bbox 2448 4736 2771 4790; x_wconf 81' lang='lat' dir='ltr'><strong>sanxerunt,</strong></span> <span class='ocrx_word' id='word_1_770' title='bbox 2801 4709 3309 4795; x_wconf 37' lang='lat' dir='ltr'><strong>onlinav&#39;esuntque</strong></span> <span class='ocrx_word' id='word_1_771' title='bbox 3332 4734 3598 4781; x_wconf 80' lang='lat' dir='ltr'><strong>statutum</strong></span> <span class='ocrx_word' id='word_1_772' title='bbox 3632 4741 3757 4793; x_wconf 85' lang='lat' dir='ltr'><strong>per-</strong></span> 
     </span>
    </p>
   </div>
   <div class='ocr_carea' id='block_1_108' title="bbox 2156 4818 3753 4890">
    <p class='ocr_par' dir='ltr' id='par_1_108' title="bbox 2156 4818 3753 4890">
     <span class='ocr_line' id='line_1_108' title="bbox 2156 4818 3753 4890; baseline -0.003 -15"><span class='ocrx_word' id='word_1_773' title='bbox 2156 4829 2382 4890; x_wconf 81' lang='lat' dir='ltr'><strong>petuum</strong></span> <span class='ocrx_word' id='word_1_774' title='bbox 2418 4838 2433 4875; x_wconf 88' lang='lat'><strong>:</strong></span> <span class='ocrx_word' id='word_1_775' title='bbox 2470 4830 2531 4876; x_wconf 80' lang='lat' dir='ltr'><strong>et</strong></span> <span class='ocrx_word' id='word_1_776' title='bbox 2561 4820 2824 4876; x_wconf 84' lang='lat' dir='ltr'><strong>traditum</strong></span> <span class='ocrx_word' id='word_1_777' title='bbox 2865 4828 2951 4874; x_wconf 86' lang='lat' dir='ltr'><strong>est</strong></span> <span class='ocrx_word' id='word_1_778' title='bbox 2987 4822 3039 4874; x_wconf 91' lang='lat' dir='ltr'><strong>in</strong></span> <span class='ocrx_word' id='word_1_779' title='bbox 3089 4834 3256 4874; x_wconf 88' lang='lat' dir='ltr'><strong>mauu</strong></span> <span class='ocrx_word' id='word_1_780' title='bbox 3298 4818 3468 4873; x_wconf 80' lang='lat' dir='ltr'><strong>Rabbi</strong></span> <span class='ocrx_word' id='word_1_781' title='bbox 3503 4818 3715 4872; x_wconf 77' lang='lat' dir='ltr'><strong>Eliczer</strong></span> <span class='ocrx_word' id='word_1_782' title='bbox 3739 4858 3753 4880; x_wconf 87' lang='lat'><strong>.</strong></span> 
     </span>
    </p>
   </div>
   <div class='ocr_carea' id='block_1_109' title="bbox 2154 4913 3758 4985">
    <p class='ocr_par' dir='ltr' id='par_1_109' title="bbox 2154 4913 3758 4985">
     <span class='ocr_line' id='line_1_109' title="bbox 2154 4913 3758 4985; baseline 0 -20"><span class='ocrx_word' id='word_1_783' title='bbox 2154 4915 2248 4983; x_wconf 90' lang='lat' dir='ltr'><strong>qui</strong></span> <span class='ocrx_word' id='word_1_784' title='bbox 2296 4915 2523 4985; x_wconf 87' lang='lat' dir='ltr'><strong>reliquis</strong></span> <span class='ocrx_word' id='word_1_785' title='bbox 2560 4914 2821 4970; x_wconf 89' lang='lat' dir='ltr'><strong>omnibus</strong></span> <span class='ocrx_word' id='word_1_786' title='bbox 2856 4914 3029 4982; x_wconf 86' lang='lat' dir='ltr'><strong>major</strong></span> <span class='ocrx_word' id='word_1_787' title='bbox 3060 4923 3223 4968; x_wconf 89' lang='lat' dir='ltr'><strong>erat:</strong></span> <span class='ocrx_word' id='word_1_788' title='bbox 3271 4924 3327 4968; x_wconf 86' lang='lat' dir='ltr'><strong>et</strong></span> <span class='ocrx_word' id='word_1_789' title='bbox 3380 4913 3425 4968; x_wconf 88' lang='lat' dir='ltr'><strong>is</strong></span> <span class='ocrx_word' id='word_1_790' title='bbox 3484 4913 3758 4967; x_wconf 76' lang='lat' dir='ltr'><strong>ordinavit</strong></span> 
     </span>
    </p>
   </div>
   <div class='ocr_carea' id='block_1_110' title="bbox 2156 5005 3756 5075">
    <p class='ocr_par' dir='ltr' id='par_1_110' title="bbox 2156 5005 3756 5075">
     <span class='ocr_line' id='line_1_110' title="bbox 2156 5005 3756 5075; baseline -0.001 -15"><span class='ocrx_word' id='word_1_791' title='bbox 2156 5006 2302 5061; x_wconf 86' lang='lat' dir='ltr'><strong>diem</strong></span> <span class='ocrx_word' id='word_1_792' title='bbox 2367 5006 2601 5062; x_wconf 83' lang='lat' dir='ltr'><strong>sortium</strong></span> <span class='ocrx_word' id='word_1_793' title='bbox 2662 5022 2775 5062; x_wconf 91' lang='lat' dir='ltr'><strong>non</strong></span> <span class='ocrx_word' id='word_1_794' title='bbox 2836 5005 3119 5062; x_wconf 88' lang='lat' dir='ltr'><strong>observari</strong></span> <span class='ocrx_word' id='word_1_795' title='bbox 3191 5005 3472 5067; x_wconf 83' lang='lat' dir='ltr'><strong>secunde,</strong></span> <span class='ocrx_word' id='word_1_796' title='bbox 3525 5013 3756 5075; x_wconf 86' lang='lat' dir='ltr'><strong>quarto,</strong></span> 
     </span>
    </p>
   </div>
   <div class='ocr_carea' id='block_1_111' title="bbox 2157 5100 3749 5169">
    <p class='ocr_par' dir='ltr' id='par_1_111' title="bbox 2157 5100 3749 5169">
     <span class='ocr_line' id='line_1_111' title="bbox 2157 5100 3749 5169; baseline 0.001 -14"><span class='ocrx_word' id='word_1_797' title='bbox 2157 5101 2395 5169; x_wconf 83' lang='lat' dir='ltr'><strong>septimo</strong></span> <span class='ocrx_word' id='word_1_798' title='bbox 2435 5100 2793 5157; x_wconf 72' lang='lat' dir='ltr'><strong>hebdomada</strong></span> <span class='ocrx_word' id='word_1_799' title='bbox 2825 5100 2916 5156; x_wconf 83' lang='lat' dir='ltr'><strong>die</strong></span> <span class='ocrx_word' id='word_1_800' title='bbox 2956 5115 2971 5152; x_wconf 89' lang='lat'><strong>:</strong></span> <span class='ocrx_word' id='word_1_801' title='bbox 3010 5115 3191 5169; x_wconf 88' lang='lat' dir='ltr'><strong>neque</strong></span> <span class='ocrx_word' id='word_1_802' title='bbox 3226 5100 3437 5155; x_wconf 87' lang='lat' dir='ltr'><strong>Pascha</strong></span> <span class='ocrx_word' id='word_1_803' title='bbox 3478 5100 3749 5156; x_wconf 62' lang='lat' dir='ltr'><strong>secundo.</strong></span> 
     </span>
    </p>
   </div>
   <div class='ocr_carea' id='block_1_112' title="bbox 2157 5191 3756 5261">
    <p class='ocr_par' dir='ltr' id='par_1_112' title="bbox 2157 5191 3756 5261">
     <span class='ocr_line' id='line_1_112' title="bbox 2157 5191 3756 5261; baseline -0.001 -17"><span class='ocrx_word' id='word_1_804' title='bbox 2157 5203 2354 5261; x_wconf 88' lang='lat' dir='ltr'><strong>quarto</strong></span> <span class='ocrx_word' id='word_1_805' title='bbox 2439 5202 2595 5247; x_wconf 82' lang='lat' dir='ltr'><strong>sexto</strong></span> <span class='ocrx_word' id='word_1_806' title='bbox 2652 5210 2665 5247; x_wconf 89' lang='lat'><strong>:</strong></span> <span class='ocrx_word' id='word_1_807' title='bbox 2723 5207 2901 5261; x_wconf 87' lang='lat' dir='ltr'><strong>neque</strong></span> <span class='ocrx_word' id='word_1_808' title='bbox 2961 5192 3106 5246; x_wconf 83' lang='lat' dir='ltr'><strong>diem</strong></span> <span class='ocrx_word' id='word_1_809' title='bbox 3162 5191 3510 5247; x_wconf 78' lang='lat' dir='ltr'><strong>Retentionis</strong></span> <span class='ocrx_word' id='word_1_810' title='bbox 3570 5192 3756 5253; x_wconf 86' lang='lat' dir='ltr'><strong>tertio,</strong></span> 
     </span>
    </p>
   </div>
   <div class='ocr_carea' id='block_1_113' title="bbox 2157 5282 3755 5354">
    <p class='ocr_par' dir='ltr' id='par_1_113' title="bbox 2157 5282 3755 5354">
     <span class='ocr_line' id='line_1_113' title="bbox 2157 5282 3755 5354; baseline 0 -18"><span class='ocrx_word' id='word_1_811' title='bbox 2157 5282 2374 5352; x_wconf 84' lang='lat' dir='ltr'><strong>quinto,</strong></span> <span class='ocrx_word' id='word_1_812' title='bbox 2408 5283 2643 5354; x_wconf 85' lang='lat' dir='ltr'><strong>septimo</strong></span> <span class='ocrx_word' id='word_1_813' title='bbox 2678 5300 2695 5338; x_wconf 87' lang='lat'><strong>:</strong></span> <span class='ocrx_word' id='word_1_814' title='bbox 2727 5299 2908 5354; x_wconf 80' lang='lat' dir='ltr'><strong>neque</strong></span> <span class='ocrx_word' id='word_1_815' title='bbox 2933 5282 3266 5353; x_wconf 82' lang='lat' dir='ltr'><strong>principium</strong></span> <span class='ocrx_word' id='word_1_816' title='bbox 3302 5282 3434 5337; x_wconf 88' lang='lat' dir='ltr'><strong>anni</strong></span> <span class='ocrx_word' id='word_1_817' title='bbox 3479 5284 3755 5343; x_wconf 86' lang='lat' dir='ltr'><strong>secundo,</strong></span> 
     </span>
    </p>
   </div>
   <div class='ocr_carea' id='block_1_114' title="bbox 2156 5370 3762 5445">
    <p class='ocr_par' dir='ltr' id='par_1_114' title="bbox 2156 5370 3762 5445">
     <span class='ocr_line' id='line_1_114' title="bbox 2156 5370 3762 5445; baseline 0.001 -18"><span class='ocrx_word' id='word_1_818' title='bbox 2156 5382 2355 5443; x_wconf 87' lang='lat' dir='ltr'><strong>quarto</strong></span> <span class='ocrx_word' id='word_1_819' title='bbox 2379 5384 2540 5430; x_wconf 84' lang='lat' dir='ltr'><strong>sexto</strong></span> <span class='ocrx_word' id='word_1_820' title='bbox 2567 5390 2587 5427; x_wconf 69' lang='grc' dir='ltr'><strong>ι</strong></span> <span class='ocrx_word' id='word_1_821' title='bbox 2609 5388 2789 5445; x_wconf 85' lang='lat' dir='ltr'><strong>neque</strong></span> <span class='ocrx_word' id='word_1_822' title='bbox 2810 5373 2955 5429; x_wconf 84' lang='lat' dir='ltr'><strong>diem</strong></span> <span class='ocrx_word' id='word_1_823' title='bbox 2980 5370 3320 5443; x_wconf 77' lang='lat' dir='ltr'><strong>Espiationis</strong></span> <span class='ocrx_word' id='word_1_824' title='bbox 3344 5373 3545 5445; x_wconf 81' lang='lat' dir='ltr'><strong>primo,</strong></span> <span class='ocrx_word' id='word_1_825' title='bbox 3574 5375 3762 5437; x_wconf 86' lang='lat' dir='ltr'><strong>tertio,</strong></span> 
     </span>
    </p>
   </div>
   <div class='ocr_carea' id='block_1_115' title="bbox 2160 5464 3767 5537">
    <p class='ocr_par' dir='ltr' id='par_1_115' title="bbox 2160 5464 3767 5537">
     <span class='ocr_line' id='line_1_115' title="bbox 2160 5464 3767 5537; baseline -0.001 -14"><span class='ocrx_word' id='word_1_826' title='bbox 2160 5476 2318 5523; x_wconf 84' lang='lat' dir='ltr'><strong>sexto</strong></span> <span class='ocrx_word' id='word_1_827' title='bbox 2350 5470 2406 5522; x_wconf 90' lang='lat' dir='ltr'><strong>in</strong></span> <span class='ocrx_word' id='word_1_828' title='bbox 2424 5477 2713 5523; x_wconf 71' lang='lat' dir='ltr'><strong>cternum.</strong></span> <span class='ocrx_word' id='word_1_829' title='bbox 2744 5465 2891 5531; x_wconf 71' lang='lat' dir='ltr'><strong>Haec.</strong></span> <span class='ocrx_word' id='word_1_830' title='bbox 2927 5464 2973 5521; x_wconf 87' lang='lat' dir='ltr'><strong>si</strong></span> <span class='ocrx_word' id='word_1_831' title='bbox 3004 5465 3090 5522; x_wconf 89' lang='lat' dir='ltr'><strong>cui</strong></span> <span class='ocrx_word' id='word_1_832' title='bbox 3124 5464 3356 5537; x_wconf 85' lang='lat' dir='ltr'><strong>placeat,</strong></span> <span class='ocrx_word' id='word_1_833' title='bbox 3387 5465 3550 5520; x_wconf 88' lang='lat' dir='ltr'><strong>latius</strong></span> <span class='ocrx_word' id='word_1_834' title='bbox 3576 5465 3767 5521; x_wconf 83' lang='lat' dir='ltr'><strong>videre</strong></span> 
     </span>
    </p>
   </div>
   <div class='ocr_carea' id='block_1_116' title="bbox 2162 5551 3760 5631">
    <p class='ocr_par' dir='ltr' id='par_1_116' title="bbox 2162 5551 3760 5631">
     <span class='ocr_line' id='line_1_116' title="bbox 2162 5551 3760 5631; baseline -0.001 -19"><span class='ocrx_word' id='word_1_835' title='bbox 2162 5551 2364 5630; x_wconf 82' lang='lat' dir='ltr'><strong>poterit</strong></span> <span class='ocrx_word' id='word_1_836' title='bbox 2394 5558 2448 5614; x_wconf 90' lang='lat' dir='ltr'><strong>in</strong></span> <span class='ocrx_word' id='word_1_837' title='bbox 2494 5557 2663 5615; x_wconf 79' lang='lat' dir='ltr'><strong>Paulo</strong></span> <span class='ocrx_word' id='word_1_838' title='bbox 2708 5558 2971 5631; x_wconf 67' lang='lat' dir='ltr'><strong>Burgensi</strong></span> <span class='ocrx_word' id='word_1_839' title='bbox 3026 5573 3193 5629; x_wconf 85' lang='lat' dir='ltr'><strong>super</strong></span> <span class='ocrx_word' id='word_1_840' title='bbox 3247 5556 3585 5619; x_wconf 69' lang='lat' dir='ltr'><strong>Ilattbaum.</strong></span> <span class='ocrx_word' id='word_1_841' title='bbox 3635 5572 3760 5628; x_wconf 80' lang='lat' dir='ltr'><strong>cap.</strong></span> 
     </span>
    </p>
   </div>
   <div class='ocr_carea' id='block_1_117' title="bbox 2158 5646 3762 5722">
    <p class='ocr_par' dir='ltr' id='par_1_117' title="bbox 2158 5646 3762 5722">
     <span class='ocr_line' id='line_1_117' title="bbox 2158 5646 3762 5722; baseline -0.001 -17"><span class='ocrx_word' id='word_1_842' title='bbox 2158 5652 2253 5713; x_wconf 73' lang='lat'><strong>26,</strong></span> <span class='ocrx_word' id='word_1_843' title='bbox 2308 5659 2366 5705; x_wconf 86' lang='lat' dir='ltr'><strong>et</strong></span> <span class='ocrx_word' id='word_1_844' title='bbox 2428 5650 2484 5704; x_wconf 85' lang='lat' dir='ltr'><strong>in</strong></span> <span class='ocrx_word' id='word_1_845' title='bbox 2547 5650 2686 5707; x_wconf 89' lang='lat' dir='ltr'><strong>libro</strong></span> <span class='ocrx_word' id='word_1_846' title='bbox 2740 5666 2906 5722; x_wconf 86' lang='lat' dir='ltr'><strong>quem</strong></span> <span class='ocrx_word' id='word_1_847' title='bbox 2965 5649 3138 5705; x_wconf 89' lang='lat' dir='ltr'><strong>edidit</strong></span> <span class='ocrx_word' id='word_1_848' title='bbox 3205 5646 3406 5705; x_wconf 83' lang='lat' dir='ltr'><strong>Paulus</strong></span> <span class='ocrx_word' id='word_1_849' title='bbox 3464 5646 3762 5703; x_wconf 74' lang='lat' dir='ltr'><strong>llidelbur-</strong></span> 
     </span>
    </p>
   </div>
   <div class='ocr_carea' id='block_1_118' title="bbox 2162 5740 3763 5815">
    <p class='ocr_par' dir='ltr' id='par_1_118' title="bbox 2162 5740 3763 5815">
     <span class='ocr_line' id='line_1_118' title="bbox 2162 5740 3763 5815; baseline 0.001 -20"><span class='ocrx_word' id='word_1_850' title='bbox 2162 5743 2347 5812; x_wconf 62' lang='lat' dir='ltr'><strong>gens-is</strong></span> <span class='ocrx_word' id='word_1_851' title='bbox 2372 5742 2664 5815; x_wconf 81' lang='lat' dir='ltr'><strong>episcopus</strong></span> <span class='ocrx_word' id='word_1_852' title='bbox 2692 5740 3125 5815; x_wconf 80' lang='lat' dir='ltr'><strong>Sempronianus</strong></span> <span class='ocrx_word' id='word_1_853' title='bbox 3145 5741 3214 5800; x_wconf 87' lang='lat' dir='ltr'><strong>dc</strong></span> <span class='ocrx_word' id='word_1_854' title='bbox 3239 5742 3608 5799; x_wconf 75' lang='lat' dir='ltr'><strong>celebratione</strong></span> <span class='ocrx_word' id='word_1_855' title='bbox 3636 5742 3763 5797; x_wconf 77' lang='lat' dir='ltr'><strong>l&#39;as-</strong></span> 
     </span>
    </p>
   </div>
   <div class='ocr_carea' id='block_1_119' title="bbox 2164 5837 2305 5891">
    <p class='ocr_par' dir='ltr' id='par_1_119' title="bbox 2164 5837 2305 5891">
     <span class='ocr_line' id='line_1_119' title="bbox 2164 5837 2305 5891; baseline -0.007 0"><span class='ocrx_word' id='word_1_856' title='bbox 2164 5837 2305 5891; x_wconf 65' lang='lat' dir='ltr'><strong>cltw.</strong></span> 
     </span>
    </p>
   </div>
  </div>
