4426 6438
782 376 847 441 st
2187 388 2601 452 PREPATlO.
3934 371 4003 460 ἐξ

841 487 980 542 Nihil
1002 505 1128 559 ergo
1146 506 1328 545 eorum
1363 510 1479 563 qum
1501 502 1684 549 noster
1713 493 1877 550 habet
1901 506 2088 550 auctor
2116 497 2207 550 tibi
2241 513 2312 550 no
2368 507 2412 560 Α
2440 502 2544 554 niri
2581 505 2861 559 curaveris
2902 507 3180 562 antidotis.
3239 510 3375 580 Lege
3427 511 3605 581 itaque
3642 528 3852 578 secure,
3885 530 4004 583 qua:

775 590 1025 633 cumento
1060 597 1180 635 esse
1215 587 1433 651 poterit,
1468 587 1554 654 pie
1593 586 1781 649 lector,
1824 587 1868 639 si
1900 587 1982 639 bis
2016 595 2068 640 te
2096 603 2330 656 pi'remu-

835 759 1049 772 _—_...
1057 763 1263 772 ...-

1525 765 1820 776 ———-

2440 608 2547 644 non
2586 596 2702 647 sine
2737 597 2973 652 maximo
3003 598 3182 652 fructu
3211 600 3375 670 leges.

2119 769 3993 799 _____________________________

2212 914 2285 971 Ε]
2298 912 2583 972 USDEM.

843 1051 974 1106 Loca
1027 1055 1268 1122 quedam
1318 1058 1372 1110 in
1431 1061 1613 1127 quibus
1675 1069 1906 1113 nostrum
1965 1064 2233 1188 exenizlar
2281 1065 2387 1117 alio
2441 1066 2616 1186 moldo_
2649 1067 2800 1121 habet
2855 1085 3016 1138 quam
3071 1087 3130 1124 ea
3193 1087 3306 1141 qua:
3363 1073 3513 1142 vulgo
3568 1074 4006 1144 circumferuntur

2156 1149 2289 1187 ritca
2329 1150 2508 1188 eumn
2532 1152 2674 1188 aria.

2156 1149 2289 1187 rwca
2329 1149 2674 1200 exemplaria.

1371 1421 1451 1473 Ea:
1471 1421 1735 1476 Matt/two.

837 1510 1023 1566 Matth.
1063 1512 1115 1575 2,
1156 1514 1210 1566 11
1251 1513 1348 1582 (a).
1383 1515 1448 1567 Et
1477 1516 1741 1568 intrantes
1771 1515 1987 1569 domum
2023 1513 2332 1582 (viderunt)

766 1620 1014 1673 puerum.
1063 1604 1232 1659 Habet
1277 1607 1419 1660 enim
1465 1603 1604 1659 εἶδον
1648 1623 1755 1660 non
1798 1599 1956 1676 εὗρον
1986 1606 2331 1660 invenerunt.

769 1695 916 1749 Fac-it
949 1697 1233 1751 nobiscum
1263 1699 1541 1766 exemplar
1567 1699 1977 1766 Complutense.

2340 1294 2409 1307 -φο

2436 1420 2726 1479 Nobiscum
2759 1425 2962 1480 faciunt
2993 1435 3046 1480 et
3072 1429 3347 1496 exemplar
3376 1429 3760 1497 Complutense
3793 1441 3847 1484 et
3880 1433 3999 1486 vul-

2435 1530 2553 1590 gata
2610 1522 2793 1575 editio.
2861 1521 3122 1575 Similiter
3171 1523 3308 1575 infra
3363 1523 3437 1590 (v.
3497 1523 3612 1588 51.)
3662 1526 3714 1575 in
3770 1524 4006 1578 dictione

2436 1611 2746 1674 Bethsaida,
2778 1629 2884 1667 non
2913 1614 3262 1668 Bethsaidan.

2506 1706 2590 1765 1'2,
2629 1706 2681 1757 8.
2718 1706 2975 1759 Dominus
3011 1715 3094 1759 est
3126 1704 3347 1759 Sabbati
3387 1703 3554 1758 Filius
3591 1705 3848 1759 hominis.
3883 1705 4001 1760 Non

839 1787 889 1847 δν
947 1788 1031 1838 Η·
1097 1788 1214 1855 ΙΡδε
1269 1795 1449 1839 αυιοηι
1508 1787 1802 1856 ῢθριίκεδῑι
1859 1803 1952 1840 V03
2015 1789 2066 1840 ίη
2127 1788 2579 1880 SpiriluBenim
2638 1800 2854 1854 additur
2913 1801 3008 1852 καὶ
3070 1810 3144 1854 et.
3215 1801 3304 1853 Sic
3358 1808 3412 1852 et
3461 1797 3844 1866 Complutense
3905 1815 4006 1853 ex-

767 1888 978 1931 sancto.
1002 1876 1114 1930 Non
1139 1879 1283 1931 addit
1312 1880 1403 1930 καὶ
1434 1879 1583 1947 πυρί,
1603 1887 1658 1932 et
1687 1878 1814 1947 igni.
1838 1876 2143 1931 Concordat
2173 1880 2329 1932 etiam

766 1966 1168 2033 Complutensis
1199 1967 1387 2020 editio.

835 2058 886 2117 6,
920 2056 1002 2109 18.
1040 2057 1114 2109 Ne
1147 2058 1377 2110 videaris
1411 2056 1720 2110 hominibus
1752 2056 2021 2124 jejunarc,
2061 2066 2165 2110 etc.
2203 2053 2328 2107 Post

762 2151 925 2204 verba
965 2150 1050 2202 illa
1107 2167 1118 2200 :
1164 2147 1370 2203 Reddet
1419 2150 1535 2211 tibi,
1589 2165 1696 2203 non
1743 2149 1983 2212 additur,
2018 2151 2076 2199 ἐν
2107 2147 2180 2200 τῶ
2227 2166 2330 2215 φα-

766 2244 925 2311 νερῷ,
970 2243 1020 2293 in
1053 2242 1358 2310 propatulo.
1397 2241 1569 2294 Habet
1593 2242 1946 2295 conforiniter
1973 2253 2026 2294 et
2053 2240 2333 2303 exemplar

762 2332 1168 2402 Complutense.
1217 2345 1269 2386 et
1313 2332 1534 2401 Vulgata
1590 2334 1775 2385 editio.
1821 2336 2138 2400 Quanquam
2183 2343 2235 2384 et
2277 2331 2327 2382 in

764 2435 949 2477 nostro
980 2435 1032 2476 et
1066 2425 1116 2475 in
1149 2424 1518 2492 Complutensi
1554 2423 1846 2491 exemplari
1879 2432 2033 2475 antea
2072 2423 2140 2475 sit
2174 2421 2325 2474 addi-

764 2531 872 2569 tum
907 2533 1025 2569 cum
1060 2519 1125 2570 de
1156 2517 1496 2584 eleemosvna
1533 2516 1683 2568 lieret
1717 2531 1940 2573 sermo.,

833 2609 884 2666 7,
921 2608 1004 2659 19..
1049 2606 1169 2670 (Ita)
1197 2609 1340 2659 enim
1374 2617 1455 2659 est
1510 2606 1592 2658 lex
1625 2617 1676 2658 et
1716 2605 2012 2672 prophetae.
2052 2603 2326 2668 Siquidem

761 2700 920 2753 habet
949 2700 1139 2759 οὕτως,
1182 2700 1249 2751 ita
1283 2700 1364 2751 vel
1399 2700 1496 2759 sic,
1527 2715 1631 2752 non
1668 2694 1843 2760 οὗτος,
1886 2699 1990 2751 hic.
2026 2698 2136 2751 Pzili
2169 2697 2328 2748 modo

761 2791 883 2858 legit
915 2791 1184 2857 Complut.
1214 2789 1512 2857 exemplar.

832 2883 1006 2941 7,13.
1050 2883 1261 2948 (Quam)
1292 2892 1516 2949 angusta
1560 2890 1642 2933 est
1696 2889 1844 2946 porta
1893 2889 1945 2931 et
1999 2879 2183 2932 stritta
2245 2878 2324 2928 via

760 2990 879 3040 quze
909 2974 1056 3026 ducit
1097 2974 1162 3026 ad
1191 2974 1372 3025 vitam.
1410 2972 1577 3025 liabet
1603 2989 1744 3024 enim
1770 2971 1844 3031 τὶ,
1907 2984 2013 3024 ιιοη
2048 2971 2150 3029 ὅτι,
2182 2968 2322 3035 quod

761 3067 845 3119 vel
895 3067 1168 3133 quoniam.
1228 3065 1342 3117 l’ari
1396 3064 1554 3116 modo
1608 3064 1791 3132 legunt
1838 3072 1890 3116 ct
1945 3060 2325 3130 Complutensc

760 3159 1036 3226 exemplar
1067 3167 1119 3210 et
1142 3156 1308 3210 editio
1346 3157 1581 3226 vulgata.

831 3252 883 3314 8,
922 3252 1006 3304 11.
1055 3251 1202 3304 Multi
1247 3251 1314 3304 ab
1348 3251 1558 3303 oriente
1599 3259 1653 3301 et
1709 3248 1991 3303 occidente
2027 3247 2248 3300 venient
2283 3255 2335 3300 et

760 3346 1084 3400 accumbent
1137 3346 1211 3406 (in
1266 3342 1495 3407 sinibus)
1539 3341 1831 3395 Abraham.
1881 3339 2054 3394 liabet
2098 3339 2240 3392 enim
2278 3341 2334 3390 ἐν

757 3441 867 3499 τοῖς
904 3439 1147 3499 κόλποις.
1187 3437 1238 3490 in
1273 3438 1505 3492 sinibus.
1545 3452 1649 3488 non
1689 3435 1824 3503 μετά
1868 3451 2010 3487 ('Illll.
2044 3432 2332 3486 Nobiscum

758 3530 954 3599 legisse
989 3531 1062 3597 (Ii)
1093 3529 1537 3599 Cbrysostomum
1567 3527 1916 3582 manifestum
1945 3536 2026 3579 est
2057 3540 2118 3578 ex
2159 3525 2333 3577 homi-

756 3626 824 3678 lia
859 3627 1028 3694 ipsius
1050 3626 1138 3685 27,
1169 3641 1332 3695 super
1357 3625 1689 3678 Slattbzeum.

809 3702 880 3780 ‘8,
910 3718 992 3769 15.
1015 3716 1264 3770 Surrexit
1288 3728 1336 3770 et
1361 3717 1699 3771 ministrabat
1725 3715 1814 3782 (ei)
1842 3715 1971 3768 Nam
1997 3714 2158 3768 habet
2182 3714 2331 3782 αὐτῷ

757 3809 1126 3877 singulariter,
1164 3825 1268 3861 non
1313 3809 1495 3871 αὐτοῖς
1539 3810 1638 3864 eis.
1673 3809 1963 3862 Nobiscum
1999 3806 2128 3861 facit
2173 3805 2333 3858 Com-

753 3896 1003 3965 plutense
1042 3898 1338 3964 exemplar,
1375 3907 1427 3949 et
1459 3897 1675 3966 Vulgata
1713 3899 1876 3952 editio
1923 3899 1974 3950 in
2005 3895 2326 3966 quibusdam

753 3988 1026 4041 veteribus
1054 3988 1479 4056 exemplaribus.

823 4081 911 4142 10,
948 4083 994 4134 1.
1031 4082 1320 4135 Accersitis
1354 4083 1418 4135 12
1450 4082 1732 4152 discipulis
1760 4083 1893 4144 suis,
1927 4082 2078 4136 dedit
2104 4082 2183 4134 eis
2228 4096 2323 4149 po-

755 4180 1008 4224 testatem
1065 4170 1393 4239 (adversus)
1441 4174 1664 4240 spiritus
1715 4173 2042 4226 immundos.
2101 4171 2210 4224 Nec
2275 4171 2326 4222 in

751 4275 940 4318 nostro
989 4280 1088 4318 nec
1133 4266 1186 4317 in
1239 4265 1609 4334 Complutensi
1654 4266 1945 4333 exemplari
2001 4266 2326 4334 exprimitur

752 4358 1039 4424 praeposito
1075 4357 1213 4408 κατὰ
1249 4360 1527 4412 adversus.
1568 4359 1633 4412 Et
1665 4358 1733 4411 ita
1765 4375 1981 4427 quoque
2013 4359 2206 4427 legisse
2240 4357 2305 4409 vi-

750 4452 908 4504 detur
938 4450 1028 4518 qui
1060 4451 1334 4517 vulgarem
1364 4451 1512 4504 dedit
1537 4451 1828 4504 editionem
1867 4469 1877 4503 :
1905 4452 1975 4503 ait
1999 4452 2144 4504 enim
2176 4469 2187 4501 :
2223 4453 2323 4504 lle—

748 4543 825 4595 dit
858 4544 935 4595 eis
976 4553 1296 4609 potestatem
1334 4544 1624 4609 Spirituum
1675 4543 2108 4607 immundorum,
2145 4544 2316 4597 Addi-

749 4635 928 4686 riilnllS
947 4643 1146 4692 tamen.
1171 4633 1419 4702 exigente
1454 4634 1504 4686 id
1529 4635 1826 4688 sententia.

823 4727 908 4788 10,
943 4726 993 4778 5.
1017 4724 1250 4778 Jacobus
1271 4727 1476 4794 Alphazi
1508 4727 1648 4782 [ilius
1676 4736 1729 4781 et
1759 4726 2031 4795 (Lebzeus)
2055 4727 2190 4779 Nam
2221 4727 2317 4779 ha-

753 4820 839 4870 bet
877 4819 1074 4885 ubique
1107 4817 1319 4879 )e6aio;
1354 4818 1583 4887 simplici
1628 4819 1676 4887 β.
1709 4819 1769 4872 Ει
1807 4819 1876 4871 ita
1912 4833 2128 4888 semper
2157 4820 2322 4871 habet

750 4912 958 4980 vulgata
984 4911 1168 4964 editio.

822 5007 904 5065 11,
951 5005 1034 5057 16.
1094 5005 1295 5057 Similis
1331 5015 1416 5058 est
1465 5006 1646 5072 pueris
1687 5005 2004 5060 sedentibus
2048 5005 2098 5059 in
2153 5005 2317 5072 (foro)

751 5096 919 5150 liabet
948 5098 1090 5150 enim
1137 5098 1310 5168 ἀγορᾷ
1348 5098 1713 5168 singulariter,
1755 5114 1860 5151 non
1901 5101 2131 5169 ἀγοραῖς
2163 5100 2314 5154 foris.

814 5300 891 5361 (ri)
950 5295 1088 5349 Loca
1146 5310 1380 5363 quatuor
1423 5301 1882 5369 evangelistarum
1936 5304 2004 5355 ab
2048 5303 2318 5357 Ilenlenio

743 5369 924 5437 minus
965 5369 1184 5421 deﬁnite
1216 5380 1394 5423 uolatu
1433 5374 1482 5422 in
1517 5388 1674 5426 usum
1711 5375 1971 5426 lectorem
2006 5376 2318 5428 accuratius

743 5438 992 5490 illiiiCﬂVi.

814 5517 884 5569 (h)
920 5509 1203 5578 (Ihrysosl.
1241 5520 1276 5564 ι.
1318 5508 1427 5566 ΥΙΙ,
1461 5527 1511 5578 p.
1547 5511 1670 5571 c20f),
1705 5512 1762 5566 (Σ.
1800 5515 1880 5574 εἰς
1907 5517 2030 5577 τοὺς
2063 5515 2316 5576 uidit-aug.

743 5579 887 5630 ΙιΙιιιιι
925 5581 1054 5633 ibid.
1103 5597 1151 5647 p.
1208 5582 1309 5634 3|;‘i
1367 5581 1522 5648 μετὰ.
1571 5584 1633 5634 Et
1691 5599 1743 5650 p.
1797 5584 2009 5643 361,11
2050 5589 2128 5649 εἰς
2189 5587 2318 5647 τιιὺς

745 5651 1004 5724 κόλπους.
1030 5650 1128 5703 Per
1164 5654 1568 5724 incogitantiam
1621 5654 1731 5706 hrce
1784 5655 1940 5707 ﬁnxit
1993 5656 2316 5724 (Ibrysosto-

743 5737 960 5843 tonsiles
994 5720 1120 5775 Luc.
1166 5725 1246 5786 lti,
1281 5723 1368 5783 9.5,
1411 5735 1462 5769 ι’·
1500 5741 1562 5778 ex
1595 5724 1770 5794 primo
1802 5720 2169 5791 (Ibrxsostoini
2199 5729 2316 5783 loco

743 5805 849 5843 ιιιιι·
899 5802 1079 5843 mitur.

741 5802 1079 5861 tntvlltgttur.

2432 1893 2661 1960 emplar.

2505 1986 2590 2048 13,
2632 1987 2718 2040 32.
2747 1986 2916 2053 Maius
2945 1997 3026 2040 est
3056 1987 3351 2055 (omnibus)
3391 1987 3649 2049 oleribus,
3683 1987 3796 2040 sive
3830 1987 4003 2039 maxi-

2433 2091 2578 2128 mum
2622 2076 2764 2129 inter
2791 2076 2970 2128 omnia
3003 2076 3168 2129 olera.
3206 2077 3434 2129 Additur
3456 2077 3600 2129 enim
3646 2077 3864 2127 πάντων
3889 2093 4007 2129 οιιι-

2434 2170 2605 2222 nium.
2652 2171 2717 2224 Et
2753 2171 2823 2223 ita
2867 2170 3024 2224 habet
3074 2181 3128 2223 ct
3163 2171 3381 2239 Vulgata
3422 2171 3591 2225 editio
3631 2183 3685 2225 ct
3731 2172 4007 2240 exemplar

2435 2261 2847 2329 Complutense.

2507 2352 2592 2410 11.
2621 2353 2705 2405 51.
2737 2353 3115 2422 {Gennezareti
3139 2372 3353 2425 semper
3376 2358 3535 2410 habet
3557 2359 3609 2410 in
3638 2358 3742 2410 ﬁne
3768 2375 3794 2408 τ
3825 2367 4007 2420 tenue,

2433 2453 2487 2496 et
2544 2444 2737 2510 dnpiex
2807 2464 2886 2496 νν.
2941 2443 3246 2501 Chananaaa
3306 2466 3432 2502 vero
3484 2432 3660 2517 capite
3719 2451 4007 2517 sequenti.

2433 2537 2509 2594 (v.
2533 2536 2646 2604 ‘22.)
2678 2548 2728 2590 et
2755 2537 2885 2590 alias
2907 2539 3122 2606 saepius,
3158 2557 3370 2608 semper
3403 2543 3565 2594 habet
3592 2542 3642 2595 in
3680 2541 3834 2594 initio
3858 2559 3888 2606 χ
3916 2555 4007 2593 as-

2432 2640 2699 2696 peratum.
2758 2629 2908 2683 Facit
2967 2631 3018 2682 in
3073 2642 3304 2699 utroque
3376 2634 3658 2686 nobiscum
3730 2634 4009 2701 exemplar

2430 2719 2559 2771 Com
2572 2721 2654 2784 plu
2667 2730 2840 2772 tense.

2507 2811 2586 2871 1ti,
2617 2811 2704 2863 ‘20.
2738 2810 2889 2864 Tunc
2920 2814 3180 2881 praei-epit
3213 2813 3495 2881 discipuns
3537 2830 3671 2875 suis,
3711 2824 3768 2867 ut
3798 2814 4003 2868 nemini

2429 2901 2692 2960 dicerent,
2724 2901 2862 2969 quod
2896 2903 3008 2969 ipse
3034 2887 3178 2955 esset
3209 2903 3479 2956 Christus.
3511 2900 3626 2955 Non
3656 2902 3875 2955 additur
3908 2919 4006 2955 no-

2430 3008 2551 3046 men
2602 2993 2824 3061 Ἰησοῦς.
2863 2991 2923 3046 Ει
2955 2993 3026 3047 ita
3073 2994 3241 3064 liquet
3276 2993 3563 3066 Origeuem
3605 2994 3675 3064 (ε)
3722 2994 3915 3065 iegisse
3949 2995 4004 3049 in

2433 3085 2548 3138 suis
2581 3085 2841 3139 homiliis.

2355 3164 2396 3220 c
2510 3175 2590 3238 18,
2624 3175 2675 3227 8.
2705 3177 2974 3230 Abseinde
3002 3176 3132 3244 (ea).
3161 3175 3332 3231 llabet
3361 3178 3505 3231 enim
3536 3177 3675 3231 αὐτὰ
3706 3161 4008 3248 pluraliter,

2438 3285 2544 3321 non
2593 3270 2754 3321 αὐτὸν
2788 3269 3152 3338 singulariter.
3185 3270 3492 3324 Concordat
3524 3271 3686 3324 etiam
3730 3270 4008 3338 exemplar

2437 3362 2708 3430 Complut.

2510 3454 2604 3514 18,
2644 3456 2725 3509 19.
2763 3454 2998 3509 Rursum
3034 3453 3261 3526 (amen)
3290 3454 3410 3507 dico
3440 3453 3594 3507 vobis
3615 3494 3627 3514 ,
3655 3450 3797 3521 quod
3829 3451 3870 3504 si
3901 3451 4008 3504 duo

2434 3564 2495 3600 ex
2529 3550 2702 3610 vobis,
2737 3558 2845 3602 etc.
2874 3546 3005 3602 Nam
3037 3547 3251 3602 additur
3281 3547 3429 3616 ἀμὴν
3458 3546 3621 3600 etiam
3653 3545 3702 3597 in
3729 3545 4006 3613 Complut.

2436 3640 2754 3710 exemplari.

2510 3734 2593 3791 18,
2639 3733 2726 3786 29.
2775 3731 3074 3784 Procidens
3116 3745 3244 3800 ergo
3289 3729 3525 3797 (servus)
3561 3729 3627 3782 ad
3659 3727 3824 3798 pedes
3867 3729 4006 3797 ejus.

2437 3826 2607 3878 liabet
2634 3826 2776 3878 enim
2802 3826 2879 3892 (ά)
2905 3824 3112 3888 δοῦλος.
3139 3839 3245 3878 non
3281 3822 3566 3882 σύνδουλος
3595 3821 3758 3874 αὐτοῦ
3782 3835 4008 3874 conscr-

2440 3937 2538 3971 vus
2572 3920 2710 3987 ejus,
2744 3933 3054 3986 quanquam
3091 3932 3219 3971 vere
3255 3930 3554 3968 conservus
3580 3923 3714 3968 erat.
3752 3912 3815 3967 Et
3845 3911 4007 3972 infra.

2433 4006 2622 4059 eodem
2667 4022 2862 4068 versu,
2908 4005 2971 4058 Et
3001 4007 3204 4059 Solvam
3248 4005 3342 4059 tibi
3387 4023 3398 4057 :
3433 4021 3542 4057 non
3576 4004 3793 4058 additur
3830 4004 4009 4056 πάντα

2432 4101 2634 4152 omnia.
2674 4097 2739 4150 Et
2775 4098 2826 4150 in
2874 4099 2977 4150 hoc
3027 4097 3329 4167 posteriore
3375 4097 3678 4151 concordat
3722 4096 4009 4150 nobiseum

2432 4189 2707 4258 exemplar
2739 4188 3029 4256 C0inplut.,

2502 4279 2593 4340 21,
2638 4279 2685 4330 1.
2713 4277 2772 4330 Et
2802 4278 3049 4331 similiter
3077 4279 3210 4332 Luc.
3239 4278 3327 4341 19,
3362 4277 3450 4330 29.
3486 4277 3847 4348 BethSpbage,
3879 4278 4008 4330 scri-

2431 4371 2579 4425 bitur
2611 4373 2677 4436 (c)
2712 4370 3032 4439 interposito
3064 4388 3114 4423 σ.
3145 4370 3450 4425 Concordat
3483 4371 3683 4439 ubique
3708 4369 4004 4438 exemplar.

2430 4463 2700 4532 Complut.

2499 4555 2590 4616 21,
2628 4557 2677 4606 7.
2729 4555 2795 4608 Et
2821 4555 2983 4623 (sedit
3011 4571 3174 4624 super
3207 4557 3295 4621 ea)
3350 4555 3605 4609 videlicet
3657 4555 4002 4608 vestimenta.

2432 4647 2606 4701 Habet
2655 4649 2800 4701 enim
2854 4649 3199 4717 singulariter
3259 4648 3514 4700 ἐκάοιπεν
3575 4647 3736 4711 sedit,
3790 4655 3842 4700 et
3906 4646 4002 4698 αὐο

2429 4743 2537 4794 τῶν
2586 4743 2886 4810 pluraliter.
2948 4741 3146 4795 Eodem
3193 4742 3353 4795 modo
3399 4741 3679 4810 exemplar
3731 4739 4001 4808 Complut.

2429 4835 2604 4904 quoad
2625 4850 2867 4897 sensum,
2889 4835 3010 4889 licet
3044 4835 3262 4888 verbum
3307 4835 3502 4888 habeat
3528 4833 3887 4901 compositum
3912 4832 3982 4881 ὲπ

2429 4926 2685 4978 εκάθιπεν
2718 4925 2803 4996 (Γ),
2835 4942 2938 4978 non
2970 4935 3148 4979 autem
3180 4935 3231 4978 ul
3265 4926 3366 4978 alia
3391 4925 3721 4994 exemplaria
3752 4921 4008 4974 ἐπεκάθι-

2431 5037 2530 5071 σιν
2561 5020 2746 5071 ἐπάνω
2782 5021 2854 5088 (g)
2900 5019 3066 5089 αὐτῆς
3097 5021 3438 5075 Collocarunt
3469 5034 3634 5087 super
3664 5017 3806 5070 illam
3833 5059 3846 5081 ,
3877 5026 4005 5085 puta

2429 5126 2657 5164 asmam.

2500 5312 2569 5370 (τὶ
2599 5311 2758 5364 Tom.
2793 5310 2876 5369 ΙΙΙ.
2915 5327 2968 5379 p.
3007 5310 3130 5365 552.
3160 5313 3221 5364 Λ,

2502 5385 2576 5441 id)
2606 5383 2895 5455 ξύνδσυὶοζ
2925 5384 3348 5455 habet_uterque
3377 5400 3530 5440 meus
3566 5382 3858 5455 Euthvniii.

2504 5458 2569 5517 tt’)
2602 5451 2805 5526 Scribis
2840 5454 3045 5507 scilicet
3084 5453 3283 5508 (ΙΙ-,θεὶς
3315 5468 3504 5510 notum
3537 5469 3652 5512 erat
3686 5451 3894 5526 σφαγή.

2500 5525 2563 5588 (Η
2587 5525 2911 5576 ἐπεκάθισεν
2941 5535 3165 5593 uterque
3196 5541 3367 5579 mens.

2503 5597 2574 5660 (ιι)
2623 5596 2800 5663 Αὐτῆς
2852 5596 3113 5650 Erasmus
3165 5597 3471 5664 impo'tavil
3526 5611 3718 5653 contra
3766 5602 4003 5656 codices.

2428 5662 2689 5785 fecunda
2719 5677 2898 5747 tamen
2933 5670 3051 5736 ejus
3087 5662 3256 5723 editio
3287 5679 3434 5722 recte
3474 5671 3636 5724 habet
3678 5673 4004 5726 ἐπεκάθισεν

2460 5751 2612 5785 πίνω
2632 5755 2829 5785 atatim).

2460 5751 2612 5788 πανω
2632 5755 2809 5791 αυτιυν
2822 5780 2829 5788 .
