4426 6438
780 348 848 413 55
2183 363 2596 429 PREFATIO.
3938 351 4006 443 .56

776 463 1159 532 Complutense
1185 474 1239 518 et
1272 463 1491 534 Vulgata
1523 466 1712 529 editio,
1767 470 1914 538 quod
1944 472 2113 526 etiam
2164 473 2343 543 magis
2369 479 2411 533 Α
2442 488 2525 532 est
2566 478 2701 533 nihil
2733 481 2913 536 habet.
2956 480 3068 535 Nec
3127 484 3330 537 librarii
3362 487 3426 555 (ι)
3481 486 3689 540 incuria
3746 487 4003 541 omissum

776 554 1002 621 quadrat
1036 569 1157 607 eum
1194 557 1624 621 prmcedentibus
1647 567 1702 611 et
1722 562 2096 629 sequentibus.

844 642 896 702 ϐ.
928 642 1016 693 57.
1051 644 1264 711 Egressi
1288 641 1571 715 (ememits)
1594 650 1845 705 ducentis
1872 652 2110 707 denariis
2142 671 2329 723 panes.

777 729 1055 798 Siquidem
1103 734 1449 801 ἀγοράσομεν
1515 735 1677 790 habet
1725 742 1994 797 indicandi
2047 746 2225 806 modo,
2282 756 2337 799 et

774 838 881 874 non
902 824 1262 891 ἀγορείσωμεν
1284 842 1539 889 emamus,
1565 845 1660 897 per
1689 834 2117 897 subjunctivum.

840 913 895 974 6,
924 916 1009 965 Η.
1039 915 1203 969 Erant
1230 927 1411 969 autem
1438 921 1535 987 qui
1564 923 2019 979 manducaverant
2048 929 2214 996 (ipsos
2244 947 2335 998 pa-

772 1006 889 1073 nes)
928 1009 1156 1061 Additur
1200 1012 1344 1063 enim
1390 1013 1518 1073 τοὺς
1575 1016 1793 1082 ἄρτους.
1856 1019 2007 1072 Facit
2049 1024 2329 1077 nobiscum

769 1100 1040 1166 exemplar
1074 1100 1480 1171 Complutense.

752 1244 755 1247 _
838 1188 887 1248 7,
908 1189 995 1243 26.
1026 1190 1151 1245 Erat
1175 1203 1352 1246 autem
1384 1196 1575 1250 mulier
1597 1196 1778 1253 Graeca
1801 1200 1951 1271 (Syra
1972 1202 2328 1271 thnicissa)

765 1296 960 1348 genere
995 1300 1008 1341 ;
1053 1298 1159 1335 non
1195 1284 1378 1339 Grzca
1410 1285 1828 1356 Syrophoenissa
1860 1308 1955 1360 per
1978 1297 2327 1364 compositio-

763 1390 908 1426 nem.
975 1375 1093 1429 Pari
1150 1376 1310 1429 modo
1384 1378 1513 1447 legit
1566 1390 1620 1434 et
1694 1382 2075 1452 Complutensc
2139 1400 2327 1441 exem-

762 1466 897 1531 plar.

835 1558 887 1617 9,
930 1555 982 1609 6.
1019 1556 1135 1610 Non
1195 1560 1339 1611 enim
1398 1562 1601 1615 sciebat
1636 1563 1785 1632 (quid
1852 1565 2097 1621 dicturus
2133 1570 2323 1637 esset).

760 1646 932 1700 Habet
978 1650 1121 1700 enim
1190 1650 1438 1719 λαλήσει,
1512 1668 1609 1721 per
1680 1655 2055 1721 indicativurn,
2110 1669 2165 1713 et
2216 1676 2325 1714 non

758 1737 983 1808 λαλήσῃ,
1017 1755 1114 1807 per
1146 1741 1575 1811 subjunctivum.
1634 1745 1785 1800 Facit
1817 1747 2101 1802 nobiscum
2164 1750 2326 1803 Com-

757 1828 883 1891 plnt.
922 1830 1127 1893 editio;
1167 1847 1269 1883 nec
1301 1833 1544 1885 eamdem
1579 1843 1659 1889 est
1697 1836 1988 1905 utrobique
2028 1844 2323 1905 sententia,

754 1930 813 1971 ut
877 1932 1025 1988 patet
1084 1937 1147 1975 ex
1207 1922 1371 1991 hujus
1427 1924 1556 1979 dicti
1622 1926 2068 1997 interpretatione
2128 1932 2321 1989 Matth.

752 2028 879 2074 xvu,
914 2014 967 2067 .i.

822 2100 908 2162 10,
948 2100 1035 2153 45.
1070 2099 1173 2154 Sed
1207 2105 1521 2173 quit-anque
1541 2104 1777 2163 voluerit
1826 2108 1939 2165 ﬁeri
1970 2128 2200 2183 magnus
2239 2113 2323 2167 in-

755 2202 834 2243 ter
872 2208 985 2247 vos.
1037 2194 1152 2246 Non
1190 2196 1332 2249 enim
1374 2198 1588 2251 additur
1620 2201 1771 2267 ὑμῶν
1831 2215 1954 2272 post
2010 2209 2320 2276 quicunque.

750 2281 978 2338 Faciunt
1037 2278 1317 2360 nobiscum
1351 2292 1628 2359 exemplar
1664 2294 1933 2364 Complut.
1968 2308 2021 2351 et
2056 2297 2175 2352 Vul.
2210 2302 2323 2353 edi—

752 2374 847 2425 tio.
880 2374 932 2427 ld
955 2386 1140 2428 autem
1180 2393 1286 2430 non
1334 2388 1538 2433 rectum
1568 2392 1671 2445 est,
1701 2384 1844 2451 quod
1871 2401 2047 2454 neque
2113 2390 2163 2440 in
2212 2389 2319 2443 Iine

747 2465 1015 2517 dictorum
1044 2467 1327 2521 verborum
1367 2470 1529 2525 habet
1552 2473 1775 2543 Vulgata
1808 2477 2009 2531 editio:
2040 2478 2314 2541 Intervos,

746 2566 860 2613 aut.
897 2557 955 2610 In
987 2559 1157 2612 vobis.

826 2649 917 2708 II.
952 2650 1040 2703 52.
1085 2651 1152 2704 At
1191 2652 1477 2723 (dicamus)
1505 2656 1585 2709 Ab
1622 2657 1931 2713 hominibus
1968 2680 1978 2713 :
2023 2671 2078 2715 ιιι
2120 2664 2320 2716 suban-

745 2742 942 2803 diatur,
975 2758 1095 2795 nou.
1132 2742 1318 2811 Neque
1362 2747 1507 2799 enim
1539 2748 1755 2801 additur
1802 2752 1900 2803 ἐάν
1930 2754 1995 2812 si,
2056 2765 2113 2806 ttt
2149 2758 2318 2821 possit

746 2833 844 2901 legi
880 2852 895 2886 :
939 2836 1005 2885 At
1031 2834 1073 2887 si
1095 2835 1414 2889 dixerimus.
1451 2836 1638 2907 Neque
1663 2840 1797 2893 adeo
1822 2844 2104 2897 commode
2136 2854 2317 2913 potest

744 2926 916 2995 aptari
944 2927 1320 2995 sequentibus.
1354 2928 1503 2984 Facit
1525 2931 1814 2986 nobiscum
1848 2936 2125 3004 exemplar
2153 2937 2315 2993 Com-

742 3019 881 3085 plut.

2440 572 2713 635 arbitror;
2743 573 2941 641 alioqui
2971 576 3192 627 cTtasset
3227 577 3409 641 utique
3466 578 3519 630 in
3555 578 3775 632 seholiis
3809 581 3897 633 ubi
3952 584 4004 630 id

2440 660 2715 727 Scriptura
2758 661 2923 725 dicat,
2955 663 3412 729 quemadmodum
3447 666 3497 718 in
3528 667 3793 719 similibus
3825 666 4004 720 facere

2438 753 2592 805 solet.
2622 751 2813 805 Nescio
2843 770 2910 805 an
2946 769 2972 805 a
3011 755 3259 807 studioso
3290 758 3544 823 quopiam
3578 758 3895 826 prophetam
3924 760 4003 811 ei-

2439 852 2585 895 tante
2616 843 2665 895 id
2697 844 2931 911 primum
2958 844 3185 913 margini
3213 844 3286 898 sit
3324 845 3592 908 additum,
3645 848 3841 902 deinde
3864 857 3999 901 tem-

2436 949 2566 1002 pore
2593 934 2946 1001 procedente,
2977 935 3166 989 litterae
3199 936 3271 987 sit
3300 936 3613 989 admistum.

2508 1025 2592 1077 I5.
2623 1025 2709 1078 ‘29.
2743 1023 2902 1092 (Vah)
2934 1027 3025 1092 qui
3054 1026 3290 1078 destruis
3326 1026 3586 1091 templum
3650 1027 3764 1080 Dei.
3825 1027 4001 1081 Habet

2435 1132 2665 1183 namque
2725 1118 2846 1181 οὐά,
2914 1133 3019 1170 non
3087 1118 3232 1177 οὐαί,
3280 1134 3375 1170 me.
3431 1117 3659 1171 Faciunt
3716 1119 3995 1175 nobiscum

2432 1203 2817 1268 Compluteose
2857 1206 3151 1273 exemplar,
3188 1206 3523 1275 angataque
3563 1209 3756 1261 editio.

2504 1290 2592 1353 l6,
2631 1291 2714 1344 il.
2776 1290 2921 1345 Loco
2947 1293 3089 1360 ejus,
3120 1295 3262 1361 quod
3302 1296 3351 1347 in
3380 1296 3501 1347 aliis
3548 1295 3756 1350 Latinis
3804 1297 4003 1351 editio-

2432 1385 2592 1437 nibus
2614 1399 2675 1436 ex
2711 1382 2912 1438 Graecis
2947 1385 3146 1439 dicitur
3173 1406 3183 1439 :
3231 1389 3295 1440 Et
3324 1387 3397 1440 illi
3429 1388 3614 1441 audito
3660 1390 3803 1456 quod
3833 1392 3997 1443 vive-

2430 1485 2515 1530 ret
2535 1484 2617 1530 est
2642 1476 2791 1531 visus
2820 1486 2962 1530 esset
2995 1478 3062 1530 ab
3108 1494 3194 1541 ea,
3249 1494 3357 1532 non
3415 1480 3809 1533 crediderunt:
3860 1482 3999 1535 nihil

2434 1569 2593 1622 habet
2622 1570 2691 1637 (υ)
2728 1579 2974 1627 nostrum
3001 1574 3297 1640 exemplar.
3352 1571 3460 1625 Nec
3524 1574 3747 1636 mirum,
3803 1575 3847 1627 si
3897 1574 4001 1628 hoc

2427 1660 2694 1728 quispiam
2734 1662 3015 1724 addiderit.
3050 1681 3173 1718 cum
3213 1676 3382 1719 totmn
3424 1666 3527 1720 hoc
3579 1667 3647 1720 de
3698 1665 4001 1720 Resurrec-

2431 1752 2578 1805 tione
2612 1762 2775 1821 caput
2811 1753 3151 1819 adjectitium
3200 1772 3323 1811 esse
3377 1760 3624 1827 plerique
3686 1758 3999 1813 Grecorum

2428 1850 2698 1903 asserant,
2734 1850 2790 1893 ut
2828 1841 2990 1913 habet
3019 1854 3207 1898 noster
3265 1858 3488 1903 auctor:
3548 1850 3797 1917 idemque
3857 1849 4000 1902 inter

2428 1928 2647 1983 Latinos
2671 1930 2827 1984 divus
2857 1932 3211 2003 Hieronymus
3238 1936 3290 1987 in
3317 1936 3568 2003 Epistolis
3598 1940 3762 1991 relert
3788 1937 3997 2005 pleros-

2424 2039 2528 2092 que
2588 2024 2793 2077 dicere.
2835 2024 2900 2077 Et
2932 2036 3193 2093 praeterea
3231 2031 3475 2084 secundo
3530 2030 3792 2084 adversus
3846 2029 4000 2083 Pela-

2425 2114 2611 2183 gianos
2638 2114 2742 2168 hoc
2771 2113 2849 2168 ait
2869 2114 2935 2168 de
2959 2119 3285 2186 exprobrata
3306 2120 3686 2175 incredulitate
3711 2120 4001 2190 cordisque

2424 2204 2641 2261 duritie.

3078 2302 3161 2356 EI
3192 2303 3365 2357 Luca.

2491 2408 2559 2471 2,
2618 2408 2717 2461 35.
2773 2409 2837 2461 Et
2884 2418 3039 2462 erant
3096 2408 3297 2476 Ioseph
3370 2420 3424 2463 et
3474 2412 3645 2462 mater
3710 2410 3829 2477 ejus
3895 2409 3998 2462 ad-

2421 2500 2704 2580 mirantes,
2755 2510 2859 2553 etc.
2937 2498 3052 2552 Non
3102 2492 3291 2554 'habct
3352 2502 3498 2554 enim
3549 2506 3574 2553 ὁ
3642 2504 3848 2571 πατὴρ.
3897 2504 3993 2557 sed

2421 2592 2448 2640 ὁ
2490 2591 2707 2659 Ἰωσήφ.
2773 2589 2928 2645 Facit
2991 2593 3275 2647 nobiseum
3353 2593 3622 2662 Complut.
3700 2595 3995 2663 exemplar.

2423 2683 2532 2736 imo
2554 2694 2609 2737 et
2641 2684 2863 2754 Vulgata
2904 2686 3095 2745 editio.
3131 2687 3319 2739 saltem
3356 2686 3408 2737 in
3441 2687 3718 2739 veteribus
3766 2687 3996 2754 quibus-

2420 2774 2542 2827 dam
2564 2777 2989 2844 exemplaribus.
3020 2776 3469 2839 Similitcrinfra,
3500 2793 3639 2829 vers.
3668 2779 3735 2830 43
3760 2795 3772 2829 :
3802 2778 3861 2829 Et
3887 2792 3993 2831 non

2419 2869 2677 2935 cognovit
2719 2866 2994 2937 Joseph,et
3046 2870 3222 2921 mater
3251 2868 3403 2932 .cjus.
3457 2870 3792 2923 assentiente
3836 2870 3994 2923 etiam

2420 2960 2508 3014 hic
2527 2960 2899 3030 Complutensi
2928 2963 3219 3031 exemplari
3257 2978 3379 3015 eum
3427 2962 3517 3014 alii
3556 2962 3819 3015 habeant:
3889 2963 3996 3013 Καὶ

2417 3054 2517 3107 οὐκ
2550 3053 2793 3120 ἔγνωσαν
2826 3057 2871 3107 οἱ
2910 3058 3087 3121 τοιεῖς
3114 3055 3296 3117 αὑτοῦ,
3335 3054 3398 3108 Ει
3452 3071 3559 3107 non
3626 3063 3998 3124 cognoverunt

816 3110 903 3173 12,
934 3109 1023 3164 29.
1055 3113 1192 3166 Audi
1230 3112 1391 3218 Israel
1421 3115 1693 3218 Dominus
1722 3117 1865 3218 Deus
1919 3121 2145 3190 (vester)
2208 3124 2313 3177 Do-
2340 3137 2384 3196 α
2419 3109 2674 3218 ρπθηὶρς
2708 3148 2843 3217 δίας,

739 3202 921 3255 minus
957 3218 1098 3258 untts
1140 3215 1246 3258 est.
1280 3204 1564 3275 Siquidem
1602 3223 1710 3262 ncn
1747 3211 2089 3282 liabetijuév
2115 3226 2309 3279 noster,

737 3294 831 3349 sed
868 3294 1229 3363 ὐμῶνυεειεν.
1264 3298 1330 3351 Et
1390 3298 1533 3353 infra
1592 3316 1735 3355 vers.
1802 3305 1891 3369 30,
1952 3320 2062 3359 non
2124 3306 2310 3371 habet,

736 3386 832 3437 καὶ
866 3386 925 3451 ἐξ
956 3386 1086 3456 ὅλης
1133 3391 1230 3455 τῆς
1262 3390 1447 3458 ἰσχύος
1478 3408 1594 3443 σου·
1633 3393 1699 3446 Ει
1721 3410 1786 3449 ex
1822 3403 1931 3448 tota
1967 3398 2166 3451 virtute
2195 3408 2306 3462 tua,

736 3477 884 3547 quod
925 3486 1106 3532 tamen
1139 3480 1343 3535 librarii
1379 3480 1449 3553 (r)
1482 3483 1615 3537 vitio
1644 3484 1848 3540 factum
1883 3488 2143 3551 arbitror,
2170 3501 2227 3543 ut
2254 3493 2308 3544 in

736 3570 831 3622 illo
863 3570 981 3623 loco
1004 3571 1401 3628 adnotavimus.
1444 3574 1574 3629 Item
1610 3576 1769 3630 infra.
1810 3594 1859 3630 v.
1894 3579 1982 3633 3i.
2016 3579 2079 3634 Et
2111 3597 2315 3636 secun:

732 3663 861 3715 dum
917 3664 1093 3717 simile
1159 3675 1242 3719 est
1302 3666 1462 3737 (illi).
1526 3666 1658 3721 Nam
1720 3668 1884 3724 habet
1952 3676 2139 3741 αὐτῇ,
2197 3690 2306 3728 non

735 3753 874 3824 αὕτη
899 3757 1023 3822 hoc;
1062 3768 1119 3811 ut
1155 3758 1258 3827 legi
1297 3760 1470 3827 possit
1500 3779 1511 3814 :
1545 3759 1613 3814 Et
1638 3763 1945 3818 secundum
1976 3766 2155 3820 simile
2204 3770 2308 3823 hoc

734 3857 840 3901 est.
885 3846 1179 3903 Nobiscum
1225 3851 1420 3919 legisse
1452 3853 1689 3918 videtur,
1727 3855 1819 3925 qui
1854 3856 2129 3927 Vulgatam
2161 3860 2310 3915 dedit

732 3940 1056 3995 editionem.

804 4029 891 4093 i2,
921 4029 1010 4082 56.
1044 4030 1162 4097 Ipse
1185 4030 1331 4083 enim
1370 4029 1538 4086 David
1570 4031 1708 4086 dixit
1739 4048 1836 4101 per
1880 4033 2142 4104 Spiritum
2174 4053 2304 4091 sau-

729 4130 923 4175 etum:
962 4120 1149 4191 (Dicit)
1181 4122 1442 4178 Dominus
1478 4124 1709 4179 Domino
1738 4141 1881 4190 meo,
1916 4143 2024 4181 non
2059 4129 2125 4201 (ι)
2148 4127 2304 4183 εἶπεν

729 4216 887 4269 dixit.
919 4211 983 4266 Et
1020 4214 1072 4266 in
1108 4214 1332 4269 scholiis
1361 4216 1493 4270 facit
1520 4217 1680 4271 etiam
1711 4218 1875 4288 hujus
1932 4224 2300 4277 mentionem:

726 4314 781 4360 et
809 4306 881 4359 ita
935 4305 1097 4360 habet
1132 4307 1416 4375 exemplar
1443 4305 1719 4377 Complut.
2156 4356 2157 4359 η

798 4400 886 4461 Ii,
928 4397 1016 4451 32.
1058 4396 1256 4451 Sedete
1289 4398 1378 4451 hic
1405 4398 1534 4451 dum
1570 4402 1752 4453 orabo.
1788 4401 1905 4456 Non
1939 4406 2085 4459 enim
2130 4407 2299 4463 habet

723 4488 977 4542 ἀπελθὼν
1004 4491 1288 4557 digressus,
1317 4498 1445 4544 ante
1483 4490 1678 4545 Orabo.
1710 4492 2056 4551 Concordant
2106 4502 2298 4555 nobis-

722 4599 850 4638 cum
902 4592 957 4635 et
1021 4582 1411 4651 Coinplutcnse
1468 4586 1749 4655 exemplar
1790 4597 1845 4642 et
1902 4590 2131 4659 Vulgata
2185 4596 2300 4649 edi-

723 4676 819 4728 tio.

794 4768 882 4827 15.
911 4768 1003 4822 28.
1032 4767 1177 4822 Loco
1201 4769 1341 4837 ejus,
1370 4770 1515 4838 quod
1557 4770 1646 4825 alii
1678 4772 1901 4841 legunt:
1948 4776 2016 4831 Et
2075 4779 2296 4848 impleta

718 4871 803 4916 est
835 4859 1115 4931 Scriptura
1147 4877 1269 4931 qum
1300 4863 1433 4917 dicit
1461 4882 1472 4917 :
1505 4864 1572 4918 Et
1606 4881 1729 4919 cum
1767 4867 1969 4937 iniquis
2014 4884 2298 4941 reputatus

792 5044 863 5111 (r)
930 5042 1098 5095 Recte
1162 5041 1406 5096 monuit.
1468 5041 1661 5097 Servat
1713 5044 1858 5099 enim
1917 5047 2018 5102 ista
2064 5059 2292 5121 uterque

755 5129 894 5166 ICUS.

755 5130 768 5143 “
810 5130 894 5166 us.

716 5130 855 5258 Ἲς)
879 5181 1147 5258 Nimirum
1179 5198 1275 5251 pro
1313 5182 1558 5238 secundo
1592 5183 1757 5258 hujus
1780 5203 1972 5243 versus
2004 5188 2154 5243 εἶπεν
2190 5193 2290 5248 ha-

712 5253 800 5309 bet
831 5255 998 5316 λέγει.

784 5325 847 5400 (t)
876 5325 1041 5400 Abest
1080 5325 1135 5379 in
1164 5334 1392 5400 utroque
1421 5345 1561 5385 meo.
1606 5330 1687 5385 Ad
1736 5328 1925 5385 Matth.
1970 5349 2139 5397 xxvu,
2196 5334 2286 5400 '58,

708 5396 1134 5464 Iaudatquidem
1172 5396 1493 5468 Euthymius
1552 5402 1687 5462 haec.
1736 5403 1830 5455 sed
1890 5419 1953 5457 ex
2012 5396 2171 5459 Isaia.
2214 5396 2288 5460 Eo

710 5478 893 5537 tamen
928 5468 977 5518 in
1006 5468 1456 5537 interpretatione
1482 5470 1644 5525 Marci
1675 5475 1904 5527 lectores
1927 5477 2176 5530 remittit.
2210 5476 2289 5529 Ex

704 5535 1063 5609 Lectionariis
1098 5535 1237 5592 hanc.
1281 5542 1691 5609 corruptionem
1751 5554 1922 5599 ortam
1967 5562 2087 5600 esse
2120 5547 2285 5603 dncui

705 5608 977 5681 quaeinec
1012 5609 1064 5681 in
1095 5610 1259 5681 altera
1296 5608 1529 5666 lectione
1585 5614 1866 5681 omittunt,
1916 5633 2040 5671 cum
2103 5628 2283 5674 tamen

703 5675 762 5734 in
812 5678 981 5731 altera
1026 5680 1286 5734 habeant.

778 5750 850 5818 (υ)
886 5748 1041 5803 Hunc
1065 5752 1336 5807 defectum
1376 5756 1520 5825 apud
1569 5754 1742 5831 solum
1792 5757 2133 5829 Euthymium
2168 5762 2281 5813 ani-

2485 3240 2541 3299 5,
2565 3238 2657 3293 55.
2691 3239 2755 3292 Et
2782 3240 2896 3309 ipse
2923 3238 3077 3294 Iesus
3108 3249 3225 3292 erat
3275 3239 3445 3293 ferme
3476 3254 3743 3291 annorum
3775 3239 3995 3310 triginta

2416 3331 2699 3395 incedens,
2736 3331 2854 3384 Non
2890 3332 3180 3399 incipiens.
3248 3332 3419 3385 liabet
3486 3346 3720 3397 namque
3776 3332 3998 3401 ἐρχόμε-

2414 3440 2503 3484 νος
2538 3423 2613 3492 (:r)
2646 3439 2753 3476 non
2788 3425 3114 3493 ἀρχόμενος,
3150 3425 3293 3495 quod
3325 3425 3489 3477 etiam
3517 3422 3867 3478 manifestum
3913 3434 3998 3479 est

2412 3530 2477 3569 ex
2504 3516 2740 3581 auctoris
2771 3517 3006 3570 scholiis.
3880 3555 3892 3568 .
4045 3592 4049 3594 γ

2484 3608 2618 3662 Ibid.
2652 3607 2753 3674 Qui
2779 3609 2879 3663 fuit
2932 3609 3029 3662 Eli.
3089 3608 3398 3664 Notandum
3457 3612 3508 3663 in
3564 3619 3752 3665 nostro
3798 3624 3987 3663 exem-

2412 3702 2549 3772 plari
2598 3702 2737 3769 ἠλεί,
2793 3702 2967 3754 lenem
3016 3702 3220 3755 habere
3268 3704 3543 3771 Spiritum.
3609 3702 3876 3755 Praeterea
3933 3712 3992 3757 et

2413 3794 2592 3863 ἡλίις.
2614 3794 3051 3863 quotiescunque
3090 3795 3230 3863 apud
3276 3796 3640 3864 cvangelistas
3669 3794 3879 3863 legitur.
3906 3793 3993 3845 Id-

2410 3902 2515 3955 que
2544 3886 2878 3940 conformius
2908 3895 2992 3940 est
3026 3887 3223 3958 lingua:
3278 3887 3555 3942 Hebraica:
3592 3888 3645 3940 in
3686 3902 3793 3955 qua
3849 3884 3992 3937 Elias

2408 3980 2476 4033 ab
2501 3980 2672 4049 Aleph
2704 3980 2885 4035 littera
2919 3980 3088 4034 sumit
3119 3982 3403 4035 exordium
3435 3996 3449 4043 ;
3497 3980 3601 4034 hoc
3636 3988 3817 4033 autem
3861 3978 3983 4032 ele-

2408 4080 2676 4133 mentum,
2736 4080 2796 4125 ut
2849 4073 3216 4126 communiter
3257 4073 3479 4134 dicitur,
3533 4072 3744 4125 nullam
3802 4085 3987 4125 secum

2409 4162 2576 4216 trahit
2599 4162 3021 4231 aspirationem.
3067 4162 3390 4231 Quanquam
3437 4169 3497 4216 ut
3552 4178 3743 4217 verum
3792 4162 3985 4222 fatear.

2406 4268 2585 4322 neque
2617 4253 2780 4313 Elias.
2810 4255 2905 4307 sed
2940 4254 3151 4307 Eliiahu
3175 4255 3525 4309 scribendum
3559 4266 3727 4319 esset,
3768 4255 3813 4307 si
3838 4263 3987 4308 recte

2406 4346 2664 4401 Hebraeos
2719 4347 2951 4401 velimus
2998 4347 3239 4402 imitari:
3282 4349 3427 4400 sicut
3462 4358 3513 4402 et
3539 4348 3838 4402 Jesahiahn
3895 4352 3990 4397 aut

2402 4439 2681 4494 lesaeiahu
2716 4455 2820 4492 non
2856 4440 3043 4493 Esaias
3072 4450 3165 4493 aut
3189 4440 3412 4494 Hes-aias
3434 4442 3548 4495 sive
3586 4441 3773 4494 Isaias.

2477 4533 2531 4594 5,
2557 4531 2647 4583 24.
2675 4530 2776 4595 Qui
2806 4530 2908 4585 fuit
2940 4532 3227 4599 (llatthan)
3254 4548 3360 4585 non
3393 4533 3612 4591 alathat,
3647 4542 3705 4584 ut
3741 4547 3807 4587 ex
3831 4547 3983 4585 rom-

2406 4623 2670 4677 munihus
2695 4623 2924 4676 habetur
2948 4620 3149 4677 Grecis
3171 4625 3593 4693 exemplaribus.
3627 4624 3685 4676 In
3710 4625 3984 4695 plerisque

2401 4711 2567 4767 etiam
2633 4712 2795 4778 hujus
2856 4712 3183 4780 genealoghe
3254 4713 3589 4769 nominibus.
3615 4722 3671 4766 et
3727 4714 3978 4770 similiter

2399 4804 2538 4869 ejus,
2572 4819 2734 4872 quam
2769 4804 3033 4857 describit
3064 4804 3369 4866 “attinens,
3404 4804 3643 4857 variatur
3688 4805 3830 4873 apud
3872 4821 3978 4860 au-

2398 4906 2605 4951 cterem
2654 4908 2896 4951 nostrum
2940 4898 3326 4967 Oztltographia
3370 4914 3399 4951 a
3442 4898 3674 4953 lectione
3729 4914 3980 4954 cominu-

2397 5076 2690 5130 madverti.
2720 5076 2904 5146 Neque
2952 5076 3219 5137 Birchius,
3253 5078 3583 5132 novissimus
3608 5078 3805 5139 editor,
3833 5077 3981 5132 hunc

2394 5148 2668 5202 defectum
2695 5164 2760 5202 ex
2786 5148 2972 5201 codice
2996 5148 3220 5201 notavit.
3257 5149 3407 5203 Alter
3430 5149 3617 5212 etiam,
3645 5150 3728 5202 vir
3748 5150 3981 5217 diligen-

2395 5219 2659 5279 tissimus,
2701 5219 2907 5272 nullum
2937 5220 3021 5273 hic
3054 5235 3119 5273 cx
3151 5220 3306 5273 codd.
3349 5220 3863 5274 Vimlobonensibu's
3884 5221 3980 5272 de-

2392 5288 2593 5342 fectum
2629 5291 2854 5343 notavit.
2886 5289 2999 5343 imo
3030 5301 3221 5343 contra
3271 5306 3336 5344 ex
3386 5292 3545 5345 codd.
3570 5289 3976 5359 iudicavitmu-

2391 5374 2755 5431 nquavpro
2796 5361 2985 5414 vitiosa
3033 5361 3193 5413 unius
3242 5364 3449 5416 codicis
3480 5362 3709 5417 lectione
3746 5362 3951 5431 ὴπέστη

2389 5446 2513 5483 καν.
2545 5430 2761 5503 Aiiquid
2788 5431 3006 5485 humani
3027 5447 3220 5501 passus
3268 5444 3350 5486 est
3377 5442 3467 5487 aut
3491 5433 3604 5503 ipse
3633 5430 3980 5503 Euthymius,

2389 5509 2483 5554 aut
2517 5502 2711 5555 scribae
2740 5502 2882 5570 ejus.

2459 5571 2538 5640 (τ)
2574 5571 2686 5626 lloc
2730 5584 2815 5626 est
2852 5574 3045 5628 vitium
3090 5571 3443 5626 manifestum
3495 5573 3711 5629 scribae.
3769 5573 3979 5628 Neuter

2387 5657 2636 5695 meorum
2688 5644 2762 5696 ita
2824 5644 3004 5698 habet.
3072 5644 3458 5711 Interpretatio
3528 5645 3672 5698 illius
3720 5646 3824 5699 loci
3887 5654 3979 5699 est

2387 5714 2549 5766 etiam
2585 5730 2682 5783 pro
2704 5716 3033 5785 ἀρχόμενος.
3064 5713 3197 5769 Nam
3232 5716 3466 5785 ἐριομαι
3501 5732 3607 5770 nou
3632 5720 3978 5773 construitur

2386 5801 2509 5839 cum
2546 5796 2805 5855 genitivo.
