  <div class='ocr_page' id='page_1' title='image "/cluster/home/n/w/nwhite01/storage/ocr_20150623/129/nnc1.0046979913/040.png"; bbox 0 0 4426 6438; ppageno 0'>
   <div class='ocr_carea' id='block_1_1' title="bbox 394 352 2142 425">
    <p class='ocr_par' dir='ltr' id='par_1_1' title="bbox 394 352 2142 425">
     <span class='ocr_line' id='line_1_1' title="bbox 394 352 2142 425; baseline -0.003 0"><span class='ocrx_word' id='word_1_1' title='bbox 394 362 472 425; x_wconf 78' lang='grc'><strong>57</strong></span> <span class='ocrx_word' id='word_1_2' title='bbox 1742 352 1745 356; x_wconf 52' lang='grc'><em>’</em></span> <span class='ocrx_word' id='word_1_3' title='bbox 1831 360 1930 419; x_wconf 76' lang='lat' dir='ltr'><strong>PR</strong></span> <span class='ocrx_word' id='word_1_4' title='bbox 1946 360 2142 420; x_wconf 77' lang='lat' dir='ltr'><strong>.EFA&#39;I&#39;</strong></span> 
     </span>
    </p>
   </div>
   <div class='ocr_carea' id='block_1_2' title="bbox 1945 352 3693 425">
    <p class='ocr_par' dir='ltr' id='par_1_2' title="bbox 1946 360 3693 423">
     <span class='ocr_line' id='line_1_2' title="bbox 1946 360 3693 423; baseline 0.003 -5"><span class='ocrx_word' id='word_1_5' title='bbox 1946 360 2257 420; x_wconf 77' lang='lat' dir='ltr'><strong>.EFATIO.</strong></span> <span class='ocrx_word' id='word_1_6' title='bbox 3624 360 3693 423; x_wconf 83' lang='lat'>58</span> 
     </span>
    </p>
   </div>
   <div class='ocr_carea' id='block_1_3' title="bbox 395 470 3691 545">
    <p class='ocr_par' dir='ltr' id='par_1_3' title="bbox 395 470 3691 545">
     <span class='ocr_line' id='line_1_3' title="bbox 395 470 3691 545; baseline -0.002 -14"><span class='ocrx_word' id='word_1_7' title='bbox 395 480 558 532; x_wconf 81' lang='lat' dir='ltr'><strong>nium</strong></span> <span class='ocrx_word' id='word_1_8' title='bbox 592 474 1329 545; x_wconf 67' lang='lat' dir='ltr'><strong>Gracornmexemplarium.</strong></span> <span class='ocrx_word' id='word_1_9' title='bbox 1359 473 1675 543; x_wconf 83' lang='lat' dir='ltr'><strong>frequenter</strong></span> <span class='ocrx_word' id='word_1_10' title='bbox 1698 486 1917 540; x_wconf 86' lang='lat' dir='ltr'><strong>quoque</strong></span> <span class='ocrx_word' id='word_1_11' title='bbox 1934 481 1988 523; x_wconf 87' lang='lat' dir='ltr'><strong>et</strong></span> <span class='ocrx_word' id='word_1_12' title='bbox 2024 478 2062 526; x_wconf 90' lang='lat' dir='ltr'><strong>A</strong></span> <span class='ocrx_word' id='word_1_13' title='bbox 2100 475 2200 529; x_wconf 86' lang='lat' dir='ltr'><strong>fuit</strong></span> <span class='ocrx_word' id='word_1_14' title='bbox 2234 475 2446 539; x_wconf 75' lang='lat' dir='ltr'><strong>Ilelchi,</strong></span> <span class='ocrx_word' id='word_1_15' title='bbox 2479 475 2570 544; x_wconf 90' lang='lat' dir='ltr'><strong>qui</strong></span> <span class='ocrx_word' id='word_1_16' title='bbox 2606 473 2707 528; x_wconf 87' lang='lat' dir='ltr'><strong>fuit</strong></span> <span class='ocrx_word' id='word_1_17' title='bbox 2758 473 2918 536; x_wconf 99' lang='lat' dir='ltr'><strong>Addi,</strong></span> <span class='ocrx_word' id='word_1_18' title='bbox 2939 472 3029 541; x_wconf 90' lang='lat' dir='ltr'><strong>qui</strong></span> <span class='ocrx_word' id='word_1_19' title='bbox 3080 470 3179 525; x_wconf 86' lang='lat' dir='ltr'><strong>fuit</strong></span> <span class='ocrx_word' id='word_1_20' title='bbox 3212 472 3431 533; x_wconf 88' lang='lat' dir='ltr'><strong>Cosam,</strong></span> <span class='ocrx_word' id='word_1_21' title='bbox 3456 474 3545 539; x_wconf 90' lang='lat' dir='ltr'><strong>qui</strong></span> <span class='ocrx_word' id='word_1_22' title='bbox 3592 475 3691 527; x_wconf 83' lang='lat' dir='ltr'><strong>fuit</strong></span> 
     </span>
    </p>
   </div>
   <div class='ocr_carea' id='block_1_4' title="bbox 396 566 1991 634">
    <p class='ocr_par' dir='ltr' id='par_1_4' title="bbox 396 566 1991 634">
     <span class='ocr_line' id='line_1_4' title="bbox 396 566 1991 634; baseline -0.005 -11"><span class='ocrx_word' id='word_1_23' title='bbox 396 586 431 623; x_wconf 81' lang='lat' dir='ltr'><strong>a</strong></span> <span class='ocrx_word' id='word_1_24' title='bbox 466 570 735 623; x_wconf 81' lang='lat' dir='ltr'><strong>Germana</strong></span> <span class='ocrx_word' id='word_1_25' title='bbox 785 570 1134 624; x_wconf 65' lang='lat' dir='ltr'><strong>Hebr-eorum</strong></span> <span class='ocrx_word' id='word_1_26' title='bbox 1166 569 1419 622; x_wconf 88' lang='lat' dir='ltr'><strong>lectione.</strong></span> <span class='ocrx_word' id='word_1_27' title='bbox 1472 566 1821 634; x_wconf 77' lang='lat' dir='ltr'><strong>Quapropter</strong></span> <span class='ocrx_word' id='word_1_28' title='bbox 1876 580 1991 633; x_wconf 78' lang='lat' dir='ltr'><strong>prt-</strong></span> 
     </span>
    </p>
   </div>
   <div class='ocr_carea' id='block_1_5' title="bbox 399 658 1989 728">
    <p class='ocr_par' dir='ltr' id='par_1_5' title="bbox 399 658 1989 728">
     <span class='ocr_line' id='line_1_5' title="bbox 399 658 1989 728; baseline -0.003 -15"><span class='ocrx_word' id='word_1_29' title='bbox 399 677 554 714; x_wconf 78' lang='lat' dir='ltr'><strong>munl</strong></span> <span class='ocrx_word' id='word_1_30' title='bbox 587 671 703 713; x_wconf 89' lang='lat' dir='ltr'><strong>erat</strong></span> <span class='ocrx_word' id='word_1_31' title='bbox 732 662 948 713; x_wconf 89' lang='lat' dir='ltr'><strong>animus</strong></span> <span class='ocrx_word' id='word_1_32' title='bbox 988 661 1183 713; x_wconf 89' lang='lat' dir='ltr'><strong>horum</strong></span> <span class='ocrx_word' id='word_1_33' title='bbox 1222 658 1669 728; x_wconf 84' lang='lat' dir='ltr'><strong>orthographiam</strong></span> <span class='ocrx_word' id='word_1_34' title='bbox 1704 658 1989 710; x_wconf 85' lang='lat' dir='ltr'><strong>nominum</strong></span> 
     </span>
    </p>
   </div>
   <div class='ocr_carea' id='block_1_6' title="bbox 395 752 1989 817">
    <p class='ocr_par' dir='ltr' id='par_1_6' title="bbox 395 752 1989 817">
     <span class='ocr_line' id='line_1_6' title="bbox 395 752 1989 817; baseline -0.004 -12"><span class='ocrx_word' id='word_1_35' title='bbox 395 754 690 806; x_wconf 84' lang='lat' dir='ltr'><strong>ad&#39;vcrum</strong></span> <span class='ocrx_word' id='word_1_36' title='bbox 736 753 1087 806; x_wconf 73' lang='lat' dir='ltr'><strong>Hchrzeorum</strong></span> <span class='ocrx_word' id='word_1_37' title='bbox 1138 753 1343 805; x_wconf 88' lang='lat' dir='ltr'><strong>fontem</strong></span> <span class='ocrx_word' id='word_1_38' title='bbox 1398 752 1660 804; x_wconf 88' lang='lat' dir='ltr'><strong>reducere</strong></span> <span class='ocrx_word' id='word_1_39' title='bbox 1698 768 1710 801; x_wconf 93' lang='lat'><strong>:</strong></span> <span class='ocrx_word' id='word_1_40' title='bbox 1746 757 1989 817; x_wconf 80' lang='lat' dir='ltr'><strong>postmo-</strong></span> 
     </span>
    </p>
   </div>
   <div class='ocr_carea' id='block_1_7' title="bbox 398 839 1987 912">
    <p class='ocr_par' dir='ltr' id='par_1_7' title="bbox 398 839 1987 912">
     <span class='ocr_line' id='line_1_7' title="bbox 398 839 1987 912; baseline -0.003 -15"><span class='ocrx_word' id='word_1_41' title='bbox 398 844 531 897; x_wconf 87' lang='lat' dir='ltr'><strong>dum</strong></span> <span class='ocrx_word' id='word_1_42' title='bbox 557 860 686 896; x_wconf 90' lang='lat' dir='ltr'><strong>vero</strong></span> <span class='ocrx_word' id='word_1_43' title='bbox 713 861 826 897; x_wconf 90' lang='lat' dir='ltr'><strong>rem</strong></span> <span class='ocrx_word' id='word_1_44' title='bbox 853 845 1079 911; x_wconf 90' lang='lat' dir='ltr'><strong>propius</strong></span> <span class='ocrx_word' id='word_1_45' title='bbox 1107 839 1458 912; x_wconf 83' lang='lat' dir='ltr'><strong>inspectanti.</strong></span> <span class='ocrx_word' id='word_1_46' title='bbox 1485 851 1539 895; x_wconf 88' lang='lat' dir='ltr'><strong>et</strong></span> <span class='ocrx_word' id='word_1_47' title='bbox 1568 842 1712 910; x_wconf 91' lang='lat' dir='ltr'><strong>quod</strong></span> <span class='ocrx_word' id='word_1_48' title='bbox 1738 841 1853 894; x_wconf 63' lang='lat' dir='ltr'><strong>hsce</strong></span> <span class='ocrx_word' id='word_1_49' title='bbox 1878 858 1987 893; x_wconf 90' lang='lat' dir='ltr'><strong>non</strong></span> 
     </span>
    </p>
   </div>
   <div class='ocr_carea' id='block_1_8' title="bbox 398 935 1982 1003">
    <p class='ocr_par' dir='ltr' id='par_1_8' title="bbox 398 935 1982 1003">
     <span class='ocr_line' id='line_1_8' title="bbox 398 935 1982 1003; baseline -0.003 -15"><span class='ocrx_word' id='word_1_50' title='bbox 398 938 471 989; x_wconf 87' lang='lat' dir='ltr'><strong>ah</strong></span> <span class='ocrx_word' id='word_1_51' title='bbox 505 936 769 1000; x_wconf 63' lang='lat' dir='ltr'><strong>chrxis,</strong></span> <span class='ocrx_word' id='word_1_52' title='bbox 792 939 886 991; x_wconf 87' lang='lat' dir='ltr'><strong>sed</strong></span> <span class='ocrx_word' id='word_1_53' title='bbox 920 954 949 990; x_wconf 85' lang='lat' dir='ltr'><strong>a</strong></span> <span class='ocrx_word' id='word_1_54' title='bbox 981 937 1187 991; x_wconf 63' lang='lat' dir='ltr'><strong>Graecis</strong></span> <span class='ocrx_word' id='word_1_55' title='bbox 1220 936 1563 989; x_wconf 89' lang='lat' dir='ltr'><strong>traducerem</strong></span> <span class='ocrx_word' id='word_1_56' title='bbox 1598 935 1982 1003; x_wconf 88' lang='lat' dir='ltr'><strong>perpendenti,</strong></span> 
     </span>
    </p>
   </div>
   <div class='ocr_carea' id='block_1_9' title="bbox 398 1027 1984 1097">
    <p class='ocr_par' dir='ltr' id='par_1_9' title="bbox 398 1027 1984 1097">
     <span class='ocr_line' id='line_1_9' title="bbox 398 1027 1984 1097; baseline -0.003 -14"><span class='ocrx_word' id='word_1_57' title='bbox 398 1031 575 1083; x_wconf 88' lang='lat' dir='ltr'><strong>satius</strong></span> <span class='ocrx_word' id='word_1_58' title='bbox 606 1032 782 1083; x_wconf 79' lang='lat' dir='ltr'><strong>visum</strong></span> <span class='ocrx_word' id='word_1_59' title='bbox 806 1042 888 1084; x_wconf 91' lang='lat' dir='ltr'><strong>est</strong></span> <span class='ocrx_word' id='word_1_60' title='bbox 919 1047 1027 1084; x_wconf 91' lang='lat' dir='ltr'><strong>non</strong></span> <span class='ocrx_word' id='word_1_61' title='bbox 1059 1030 1198 1083; x_wconf 90' lang='lat' dir='ltr'><strong>adeo</strong></span> <span class='ocrx_word' id='word_1_62' title='bbox 1223 1030 1391 1083; x_wconf 89' lang='lat' dir='ltr'><strong>multa</strong></span> <span class='ocrx_word' id='word_1_63' title='bbox 1423 1030 1476 1081; x_wconf 91' lang='lat' dir='ltr'><strong>in</strong></span> <span class='ocrx_word' id='word_1_64' title='bbox 1500 1030 1681 1081; x_wconf 83' lang='lat' dir='ltr'><strong>littera</strong></span> <span class='ocrx_word' id='word_1_65' title='bbox 1706 1027 1984 1097; x_wconf 73' lang='lat' dir='ltr'><strong>Evangelii</strong></span> 
     </span>
    </p>
   </div>
   <div class='ocr_carea' id='block_1_10' title="bbox 400 1120 1984 1191">
    <p class='ocr_par' dir='ltr' id='par_1_10' title="bbox 400 1120 1984 1191">
     <span class='ocr_line' id='line_1_10' title="bbox 400 1120 1984 1191; baseline -0.003 -16"><span class='ocrx_word' id='word_1_66' title='bbox 400 1122 716 1184; x_wconf 85' lang='lat' dir='ltr'><strong>immutare,</strong></span> <span class='ocrx_word' id='word_1_67' title='bbox 748 1139 815 1178; x_wconf 93' lang='lat' dir='ltr'><strong>ne</strong></span> <span class='ocrx_word' id='word_1_68' title='bbox 856 1123 983 1191; x_wconf 88' lang='lat' dir='ltr'><strong>quid</strong></span> <span class='ocrx_word' id='word_1_69' title='bbox 1016 1124 1289 1176; x_wconf 77' lang='lat' dir='ltr'><strong>interdum</strong></span> <span class='ocrx_word' id='word_1_70' title='bbox 1323 1122 1558 1174; x_wconf 60' lang='lat' dir='ltr'><strong>hatreret</strong></span> <span class='ocrx_word' id='word_1_71' title='bbox 1583 1121 1775 1182; x_wconf 89' lang='lat' dir='ltr'><strong>lector,</strong></span> <span class='ocrx_word' id='word_1_72' title='bbox 1804 1120 1984 1173; x_wconf 82' lang='lat' dir='ltr'><strong>incer-</strong></span> 
     </span>
    </p>
   </div>
   <div class='ocr_carea' id='block_1_11' title="bbox 400 1212 1984 1283">
    <p class='ocr_par' dir='ltr' id='par_1_11' title="bbox 400 1212 1984 1283">
     <span class='ocr_line' id='line_1_11' title="bbox 400 1212 1984 1283; baseline -0.003 -16"><span class='ocrx_word' id='word_1_73' title='bbox 400 1225 493 1268; x_wconf 90' lang='lat' dir='ltr'><strong>tus</strong></span> <span class='ocrx_word' id='word_1_74' title='bbox 525 1216 593 1269; x_wconf 88' lang='lat' dir='ltr'><strong>de</strong></span> <span class='ocrx_word' id='word_1_75' title='bbox 622 1232 730 1283; x_wconf 89' lang='lat' dir='ltr'><strong>quo</strong></span> <span class='ocrx_word' id='word_1_76' title='bbox 762 1217 916 1269; x_wconf 82' lang='lat' dir='ltr'><strong>ﬁeret</strong></span> <span class='ocrx_word' id='word_1_77' title='bbox 946 1231 1147 1270; x_wconf 59' lang='lat' dir='ltr'><strong>sermo.</strong></span> <span class='ocrx_word' id='word_1_78' title='bbox 1172 1215 1280 1268; x_wconf 85' lang='lat' dir='ltr'><strong>Nec</strong></span> <span class='ocrx_word' id='word_1_79' title='bbox 1313 1224 1493 1268; x_wconf 86' lang='lat' dir='ltr'><strong>tamen</strong></span> <span class='ocrx_word' id='word_1_80' title='bbox 1530 1212 1851 1266; x_wconf 88' lang='lat' dir='ltr'><strong>llehraicam</strong></span> <span class='ocrx_word' id='word_1_81' title='bbox 1888 1212 1984 1263; x_wconf 88' lang='lat' dir='ltr'><strong>ho-</strong></span> 
     </span>
    </p>
   </div>
   <div class='ocr_carea' id='block_1_12' title="bbox 400 1304 1983 1376">
    <p class='ocr_par' dir='ltr' id='par_1_12' title="bbox 400 1304 1983 1376">
     <span class='ocr_line' id='line_1_12' title="bbox 400 1304 1983 1376; baseline -0.003 -17"><span class='ocrx_word' id='word_1_82' title='bbox 400 1324 523 1359; x_wconf 89' lang='lat' dir='ltr'><strong>rum</strong></span> <span class='ocrx_word' id='word_1_83' title='bbox 579 1310 863 1360; x_wconf 83' lang='lat' dir='ltr'><strong>nominum</strong></span> <span class='ocrx_word' id='word_1_84' title='bbox 906 1307 1348 1376; x_wconf 74' lang='lat' dir='ltr'><strong>orthographiam</strong></span> <span class='ocrx_word' id='word_1_85' title='bbox 1400 1306 1615 1373; x_wconf 87' lang='lat' dir='ltr'><strong>penitus</strong></span> <span class='ocrx_word' id='word_1_86' title='bbox 1669 1304 1983 1371; x_wconf 76' lang='lat' dir='ltr'><strong>relinquere</strong></span> 
     </span>
    </p>
   </div>
   <div class='ocr_carea' id='block_1_13' title="bbox 400 1395 1982 1464">
    <p class='ocr_par' dir='ltr' id='par_1_13' title="bbox 400 1395 1982 1464">
     <span class='ocr_line' id='line_1_13' title="bbox 400 1395 1982 1464; baseline -0.003 -13"><span class='ocrx_word' id='word_1_87' title='bbox 400 1399 569 1457; x_wconf 73' lang='lat' dir='ltr'><strong>valui.</strong></span> <span class='ocrx_word' id='word_1_88' title='bbox 597 1414 664 1451; x_wconf 91' lang='lat' dir='ltr'><strong>ne</strong></span> <span class='ocrx_word' id='word_1_89' title='bbox 720 1399 851 1464; x_wconf 87' lang='lat' dir='ltr'><strong>quid</strong></span> <span class='ocrx_word' id='word_1_90' title='bbox 890 1413 920 1450; x_wconf 91' lang='lat' dir='ltr'><strong>a</strong></span> <span class='ocrx_word' id='word_1_91' title='bbox 953 1413 1039 1451; x_wconf 88' lang='lat' dir='ltr'><strong>me</strong></span> <span class='ocrx_word' id='word_1_92' title='bbox 1076 1398 1363 1451; x_wconf 86' lang='lat' dir='ltr'><strong>studiosus</strong></span> <span class='ocrx_word' id='word_1_93' title='bbox 1412 1395 1588 1449; x_wconf 88' lang='lat' dir='ltr'><strong>lector</strong></span> <span class='ocrx_word' id='word_1_94' title='bbox 1624 1395 1982 1456; x_wconf 86' lang='lat' dir='ltr'><strong>desideraret,</strong></span> 
     </span>
    </p>
   </div>
   <div class='ocr_carea' id='block_1_14' title="bbox 396 1485 1983 1555">
    <p class='ocr_par' dir='ltr' id='par_1_14' title="bbox 396 1485 1983 1555">
     <span class='ocr_line' id='line_1_14' title="bbox 396 1485 1983 1555; baseline -0.001 -17"><span class='ocrx_word' id='word_1_95' title='bbox 396 1487 493 1538; x_wconf 84' lang='lat' dir='ltr'><strong>sed</strong></span> <span class='ocrx_word' id='word_1_96' title='bbox 526 1487 577 1538; x_wconf 93' lang='lat' dir='ltr'><strong>in</strong></span> <span class='ocrx_word' id='word_1_97' title='bbox 611 1488 756 1540; x_wconf 91' lang='lat' dir='ltr'><strong>hunc</strong></span> <span class='ocrx_word' id='word_1_98' title='bbox 786 1487 964 1540; x_wconf 90' lang='lat' dir='ltr'><strong>locum</strong></span> <span class='ocrx_word' id='word_1_99' title='bbox 990 1488 1191 1555; x_wconf 89' lang='lat' dir='ltr'><strong>redegi.</strong></span> <span class='ocrx_word' id='word_1_100' title='bbox 1225 1485 1469 1539; x_wconf 81' lang='lat' dir='ltr'><strong>Breviter</strong></span> <span class='ocrx_word' id='word_1_101' title='bbox 1494 1485 1675 1553; x_wconf 91' lang='lat' dir='ltr'><strong>itaque</strong></span> <span class='ocrx_word' id='word_1_102' title='bbox 1698 1487 1983 1553; x_wconf 89' lang='lat' dir='ltr'><strong>utriusque</strong></span> 
     </span>
    </p>
   </div>
   <div class='ocr_carea' id='block_1_15' title="bbox 398 1575 1982 1647">
    <p class='ocr_par' dir='ltr' id='par_1_15' title="bbox 398 1575 1982 1647">
     <span class='ocr_line' id='line_1_15' title="bbox 398 1575 1982 1647; baseline 0.001 -20"><span class='ocrx_word' id='word_1_103' title='bbox 398 1575 756 1645; x_wconf 65' lang='lat' dir='ltr'><strong>Evangelista:</strong></span> <span class='ocrx_word' id='word_1_104' title='bbox 789 1577 1155 1647; x_wconf 83' lang='lat' dir='ltr'><strong>generationis</strong></span> <span class='ocrx_word' id='word_1_105' title='bbox 1185 1577 1381 1631; x_wconf 85' lang='lat' dir='ltr'><strong>seriem</strong></span> <span class='ocrx_word' id='word_1_106' title='bbox 1420 1588 1561 1629; x_wconf 87' lang='lat' dir='ltr'><strong>recta</strong></span> <span class='ocrx_word' id='word_1_107' title='bbox 1594 1577 1982 1646; x_wconf 77' lang='lat' dir='ltr'><strong>orthographia</strong></span> 
     </span>
    </p>
   </div>
   <div class='ocr_carea' id='block_1_16' title="bbox 398 1667 1983 1736">
    <p class='ocr_par' dir='ltr' id='par_1_16' title="bbox 398 1667 1983 1736">
     <span class='ocr_line' id='line_1_16' title="bbox 398 1667 1983 1736; baseline 0.002 -17"><span class='ocrx_word' id='word_1_108' title='bbox 398 1678 659 1720; x_wconf 76' lang='lat' dir='ltr'><strong>retexam.</strong></span> <span class='ocrx_word' id='word_1_109' title='bbox 695 1667 881 1726; x_wconf 84' lang='lat' dir='ltr'><strong>Liber.</strong></span> <span class='ocrx_word' id='word_1_110' title='bbox 911 1669 1086 1736; x_wconf 89' lang='lat' dir='ltr'><strong>inquit</strong></span> <span class='ocrx_word' id='word_1_111' title='bbox 1116 1668 1420 1729; x_wconf 70' lang='lat' dir='ltr'><strong>Ilattharus,</strong></span> <span class='ocrx_word' id='word_1_112' title='bbox 1448 1667 1817 1735; x_wconf 76' lang='lat' dir='ltr'><strong>generationis</strong></span> <span class='ocrx_word' id='word_1_113' title='bbox 1853 1668 1983 1722; x_wconf 90' lang='lat' dir='ltr'><strong>Iesu</strong></span> 
     </span>
    </p>
   </div>
   <div class='ocr_carea' id='block_1_17' title="bbox 2099 552 3689 634">
    <p class='ocr_par' dir='ltr' id='par_1_17' title="bbox 2099 552 3689 634">
     <span class='ocr_line' id='line_1_17' title="bbox 2099 552 3689 634; baseline 0.001 -17"><span class='ocrx_word' id='word_1_114' title='bbox 2099 567 2406 630; x_wconf 84' lang='lat' dir='ltr'><strong>Elmodam,</strong></span> <span class='ocrx_word' id='word_1_115' title='bbox 2436 567 2525 634; x_wconf 89' lang='lat' dir='ltr'><strong>qui</strong></span> <span class='ocrx_word' id='word_1_116' title='bbox 2561 552 2661 619; x_wconf 71' lang='lat' dir='ltr'><strong>fuit</strong></span> <span class='ocrx_word' id='word_1_117' title='bbox 2696 565 2788 626; x_wconf 85' lang='lat' dir='ltr'><strong>Er,</strong></span> <span class='ocrx_word' id='word_1_118' title='bbox 2822 567 2915 633; x_wconf 89' lang='lat' dir='ltr'><strong>qui</strong></span> <span class='ocrx_word' id='word_1_119' title='bbox 2956 565 3059 616; x_wconf 83' lang='lat' dir='ltr'><strong>fuit</strong></span> <span class='ocrx_word' id='word_1_120' title='bbox 3084 565 3234 619; x_wconf 78' lang='lat' dir='ltr'><strong>Iose.</strong></span> <span class='ocrx_word' id='word_1_121' title='bbox 3269 566 3360 630; x_wconf 90' lang='lat' dir='ltr'><strong>qui</strong></span> <span class='ocrx_word' id='word_1_122' title='bbox 3406 564 3507 615; x_wconf 86' lang='lat' dir='ltr'><strong>fuit</strong></span> <span class='ocrx_word' id='word_1_123' title='bbox 3545 564 3689 619; x_wconf 77' lang='lat' dir='ltr'><strong>Elic-</strong></span> 
     </span>
    </p>
   </div>
   <div class='ocr_carea' id='block_1_18' title="bbox 2097 656 3687 725">
    <p class='ocr_par' dir='ltr' id='par_1_18' title="bbox 2097 656 3687 725">
     <span class='ocr_line' id='line_1_18' title="bbox 2097 656 3687 725; baseline -0.003 -15"><span class='ocrx_word' id='word_1_124' title='bbox 2097 674 2207 717; x_wconf 75' lang='lat' dir='ltr'><strong>zcr,</strong></span> <span class='ocrx_word' id='word_1_125' title='bbox 2238 660 2329 724; x_wconf 90' lang='lat' dir='ltr'><strong>qui</strong></span> <span class='ocrx_word' id='word_1_126' title='bbox 2366 658 2467 710; x_wconf 87' lang='lat' dir='ltr'><strong>fuit</strong></span> <span class='ocrx_word' id='word_1_127' title='bbox 2492 656 2701 718; x_wconf 88' lang='lat' dir='ltr'><strong>Ioram,</strong></span> <span class='ocrx_word' id='word_1_128' title='bbox 2733 659 2824 725; x_wconf 89' lang='lat' dir='ltr'><strong>qui</strong></span> <span class='ocrx_word' id='word_1_129' title='bbox 2851 657 2952 710; x_wconf 87' lang='lat' dir='ltr'><strong>fuit</strong></span> <span class='ocrx_word' id='word_1_130' title='bbox 2985 656 3244 713; x_wconf 64' lang='lat' dir='ltr'><strong>llatatha.</strong></span> <span class='ocrx_word' id='word_1_131' title='bbox 3272 657 3365 722; x_wconf 75' lang='lat' dir='ltr'><strong>qui</strong></span> <span class='ocrx_word' id='word_1_132' title='bbox 3404 656 3503 707; x_wconf 85' lang='lat' dir='ltr'><strong>fuit</strong></span> <span class='ocrx_word' id='word_1_133' title='bbox 3532 656 3687 711; x_wconf 88' lang='lat' dir='ltr'><strong>Levi.</strong></span> 
     </span>
    </p>
   </div>
   <div class='ocr_carea' id='block_1_19' title="bbox 2094 744 3686 814">
    <p class='ocr_par' dir='ltr' id='par_1_19' title="bbox 2094 744 3686 814">
     <span class='ocr_line' id='line_1_19' title="bbox 2094 744 3686 814; baseline -0.001 -16"><span class='ocrx_word' id='word_1_134' title='bbox 2094 748 2184 814; x_wconf 81' lang='lat' dir='ltr'><strong>qui</strong></span> <span class='ocrx_word' id='word_1_135' title='bbox 2221 748 2320 799; x_wconf 86' lang='lat' dir='ltr'><strong>fuit</strong></span> <span class='ocrx_word' id='word_1_136' title='bbox 2352 748 2595 808; x_wconf 83' lang='lat' dir='ltr'><strong>Simeon.</strong></span> <span class='ocrx_word' id='word_1_137' title='bbox 2616 748 2705 814; x_wconf 85' lang='lat' dir='ltr'><strong>qui</strong></span> <span class='ocrx_word' id='word_1_138' title='bbox 2728 746 3079 806; x_wconf 86' lang='lat' dir='ltr'><strong>fuitIehnda,</strong></span> <span class='ocrx_word' id='word_1_139' title='bbox 3109 747 3199 814; x_wconf 93' lang='lat' dir='ltr'><strong>qui</strong></span> <span class='ocrx_word' id='word_1_140' title='bbox 3223 744 3326 797; x_wconf 76' lang='lat' dir='ltr'><strong>fuit</strong></span> <span class='ocrx_word' id='word_1_141' title='bbox 3353 744 3686 811; x_wconf 87' lang='lat' dir='ltr'><strong>Ioseph.qni</strong></span> 
     </span>
    </p>
   </div>
   <div class='ocr_carea' id='block_1_20' title="bbox 2094 837 3693 908">
    <p class='ocr_par' dir='ltr' id='par_1_20' title="bbox 2094 837 3693 908">
     <span class='ocr_line' id='line_1_20' title="bbox 2094 837 3693 908; baseline -0.001 -17"><span class='ocrx_word' id='word_1_142' title='bbox 2094 840 2194 892; x_wconf 43' lang='lat' dir='ltr'><strong>fuit</strong></span> <span class='ocrx_word' id='word_1_143' title='bbox 2218 842 2479 908; x_wconf 89' lang='lat' dir='ltr'><strong>Iona,qni</strong></span> <span class='ocrx_word' id='word_1_144' title='bbox 2509 840 2617 893; x_wconf 89' lang='lat' dir='ltr'><strong>fuit</strong></span> <span class='ocrx_word' id='word_1_145' title='bbox 2660 840 2909 903; x_wconf 81' lang='lat' dir='ltr'><strong>Eliacim,</strong></span> <span class='ocrx_word' id='word_1_146' title='bbox 2937 840 3030 907; x_wconf 88' lang='lat' dir='ltr'><strong>qui</strong></span> <span class='ocrx_word' id='word_1_147' title='bbox 3058 838 3164 891; x_wconf 90' lang='lat' dir='ltr'><strong>fuit</strong></span> <span class='ocrx_word' id='word_1_148' title='bbox 3215 837 3432 893; x_wconf 61' lang='lat' dir='ltr'><strong>Mili-ha.</strong></span> <span class='ocrx_word' id='word_1_149' title='bbox 3460 838 3551 903; x_wconf 91' lang='lat' dir='ltr'><strong>qui</strong></span> <span class='ocrx_word' id='word_1_150' title='bbox 3591 837 3693 889; x_wconf 85' lang='lat' dir='ltr'><strong>fuit</strong></span> 
     </span>
    </p>
   </div>
   <div class='ocr_carea' id='block_1_21' title="bbox 2095 925 3687 999">
    <p class='ocr_par' dir='ltr' id='par_1_21' title="bbox 2095 925 3687 999">
     <span class='ocr_line' id='line_1_21' title="bbox 2095 925 3687 999; baseline -0.002 -18"><span class='ocrx_word' id='word_1_151' title='bbox 2095 929 2338 986; x_wconf 77' lang='lat' dir='ltr'><strong>Mainan.</strong></span> <span class='ocrx_word' id='word_1_152' title='bbox 2369 931 2460 998; x_wconf 91' lang='lat' dir='ltr'><strong>qui</strong></span> <span class='ocrx_word' id='word_1_153' title='bbox 2495 931 2596 984; x_wconf 91' lang='lat' dir='ltr'><strong>fuit</strong></span> <span class='ocrx_word' id='word_1_154' title='bbox 2634 931 2893 989; x_wconf 76' lang='lat' dir='ltr'><strong>Matatha,</strong></span> <span class='ocrx_word' id='word_1_155' title='bbox 2916 930 3009 999; x_wconf 91' lang='lat' dir='ltr'><strong>qui</strong></span> <span class='ocrx_word' id='word_1_156' title='bbox 3045 929 3156 997; x_wconf 75' lang='lat' dir='ltr'><strong>fuit</strong></span> <span class='ocrx_word' id='word_1_157' title='bbox 3181 926 3421 988; x_wconf 85' lang='lat' dir='ltr'><strong>Nathan,</strong></span> <span class='ocrx_word' id='word_1_158' title='bbox 3451 928 3543 994; x_wconf 91' lang='lat' dir='ltr'><strong>qui</strong></span> <span class='ocrx_word' id='word_1_159' title='bbox 3580 925 3687 979; x_wconf 87' lang='lat' dir='ltr'><strong>fuit</strong></span> 
     </span>
    </p>
   </div>
   <div class='ocr_carea' id='block_1_22' title="bbox 2093 1018 3685 1090">
    <p class='ocr_par' dir='ltr' id='par_1_22' title="bbox 2093 1018 3685 1090">
     <span class='ocr_line' id='line_1_22' title="bbox 2093 1018 3685 1090; baseline -0.001 -17"><span class='ocrx_word' id='word_1_160' title='bbox 2093 1021 2284 1079; x_wconf 87' lang='lat' dir='ltr'><strong>David.</strong></span> <span class='ocrx_word' id='word_1_161' title='bbox 2312 1021 2402 1088; x_wconf 92' lang='lat' dir='ltr'><strong>qui</strong></span> <span class='ocrx_word' id='word_1_162' title='bbox 2440 1021 2541 1073; x_wconf 90' lang='lat' dir='ltr'><strong>fuit</strong></span> <span class='ocrx_word' id='word_1_163' title='bbox 2572 1021 2717 1083; x_wconf 83' lang='lat' dir='ltr'><strong>Iisai,</strong></span> <span class='ocrx_word' id='word_1_164' title='bbox 2752 1022 2844 1090; x_wconf 91' lang='lat' dir='ltr'><strong>qui</strong></span> <span class='ocrx_word' id='word_1_165' title='bbox 2883 1022 2984 1074; x_wconf 87' lang='lat' dir='ltr'><strong>fuit</strong></span> <span class='ocrx_word' id='word_1_166' title='bbox 3031 1018 3317 1087; x_wconf 80' lang='lat' dir='ltr'><strong>0bed.qni</strong></span> <span class='ocrx_word' id='word_1_167' title='bbox 3364 1018 3467 1071; x_wconf 92' lang='lat' dir='ltr'><strong>fuit</strong></span> <span class='ocrx_word' id='word_1_168' title='bbox 3518 1018 3685 1078; x_wconf 83' lang='lat' dir='ltr'><strong>Boaz,</strong></span> 
     </span>
    </p>
   </div>
   <div class='ocr_carea' id='block_1_23' title="bbox 2092 1110 3687 1184">
    <p class='ocr_par' dir='ltr' id='par_1_23' title="bbox 2092 1110 3687 1184">
     <span class='ocr_line' id='line_1_23' title="bbox 2092 1110 3687 1184; baseline -0.003 -17"><span class='ocrx_word' id='word_1_169' title='bbox 2092 1114 2181 1182; x_wconf 90' lang='lat' dir='ltr'><strong>qui</strong></span> <span class='ocrx_word' id='word_1_170' title='bbox 2214 1116 2312 1167; x_wconf 88' lang='lat' dir='ltr'><strong>fuit</strong></span> <span class='ocrx_word' id='word_1_171' title='bbox 2332 1114 2577 1175; x_wconf 70' lang='lat' dir='ltr'><strong>Salmon,</strong></span> <span class='ocrx_word' id='word_1_172' title='bbox 2604 1116 2694 1184; x_wconf 87' lang='lat' dir='ltr'><strong>qui</strong></span> <span class='ocrx_word' id='word_1_173' title='bbox 2719 1115 2821 1168; x_wconf 88' lang='lat' dir='ltr'><strong>fuit</strong></span> <span class='ocrx_word' id='word_1_174' title='bbox 2847 1114 3122 1172; x_wconf 76' lang='lat' dir='ltr'><strong>Nahason,</strong></span> <span class='ocrx_word' id='word_1_175' title='bbox 3150 1113 3243 1180; x_wconf 90' lang='lat' dir='ltr'><strong>qni</strong></span> <span class='ocrx_word' id='word_1_176' title='bbox 3275 1111 3378 1164; x_wconf 89' lang='lat' dir='ltr'><strong>fuit</strong></span> <span class='ocrx_word' id='word_1_177' title='bbox 3404 1110 3687 1163; x_wconf 82' lang='lat' dir='ltr'><strong>Ammina-</strong></span> 
     </span>
    </p>
   </div>
   <div class='ocr_carea' id='block_1_24' title="bbox 2092 1203 3691 1275">
    <p class='ocr_par' dir='ltr' id='par_1_24' title="bbox 2092 1203 3691 1275">
     <span class='ocr_line' id='line_1_24' title="bbox 2092 1203 3691 1275; baseline -0.004 -14"><span class='ocrx_word' id='word_1_178' title='bbox 2092 1208 2215 1267; x_wconf 85' lang='lat' dir='ltr'><strong>dab,</strong></span> <span class='ocrx_word' id='word_1_179' title='bbox 2246 1207 2334 1275; x_wconf 91' lang='lat' dir='ltr'><strong>qni</strong></span> <span class='ocrx_word' id='word_1_180' title='bbox 2373 1207 2472 1258; x_wconf 85' lang='lat' dir='ltr'><strong>fuit</strong></span> <span class='ocrx_word' id='word_1_181' title='bbox 2506 1207 2727 1265; x_wconf 80' lang='lat' dir='ltr'><strong>IIaram.</strong></span> <span class='ocrx_word' id='word_1_182' title='bbox 2754 1207 2845 1275; x_wconf 92' lang='lat' dir='ltr'><strong>qui</strong></span> <span class='ocrx_word' id='word_1_183' title='bbox 2882 1207 2984 1259; x_wconf 88' lang='lat' dir='ltr'><strong>fuit</strong></span> <span class='ocrx_word' id='word_1_184' title='bbox 3016 1208 3251 1261; x_wconf 82' lang='lat' dir='ltr'><strong>Hesron.</strong></span> <span class='ocrx_word' id='word_1_185' title='bbox 3275 1204 3367 1272; x_wconf 85' lang='lat' dir='ltr'><strong>qui</strong></span> <span class='ocrx_word' id='word_1_186' title='bbox 3408 1204 3508 1255; x_wconf 87' lang='lat' dir='ltr'><strong>fuit</strong></span> <span class='ocrx_word' id='word_1_187' title='bbox 3546 1203 3691 1255; x_wconf 79' lang='lat' dir='ltr'><strong>Pha-</strong></span> 
     </span>
    </p>
   </div>
   <div class='ocr_carea' id='block_1_25' title="bbox 2092 1293 3685 1366">
    <p class='ocr_par' dir='ltr' id='par_1_25' title="bbox 2092 1293 3685 1366">
     <span class='ocr_line' id='line_1_25' title="bbox 2092 1293 3685 1366; baseline -0.002 -16"><span class='ocrx_word' id='word_1_188' title='bbox 2092 1313 2204 1353; x_wconf 85' lang='lat' dir='ltr'><strong>rez.</strong></span> <span class='ocrx_word' id='word_1_189' title='bbox 2238 1299 2332 1365; x_wconf 89' lang='lat' dir='ltr'><strong>qui</strong></span> <span class='ocrx_word' id='word_1_190' title='bbox 2357 1298 2455 1351; x_wconf 91' lang='lat' dir='ltr'><strong>fuit</strong></span> <span class='ocrx_word' id='word_1_191' title='bbox 2482 1298 2732 1355; x_wconf 65' lang='lat' dir='ltr'><strong>Iehuda.</strong></span> <span class='ocrx_word' id='word_1_192' title='bbox 2754 1298 2847 1366; x_wconf 90' lang='lat' dir='ltr'><strong>qui</strong></span> <span class='ocrx_word' id='word_1_193' title='bbox 2877 1298 2979 1351; x_wconf 88' lang='lat' dir='ltr'><strong>fuit</strong></span> <span class='ocrx_word' id='word_1_194' title='bbox 3006 1295 3197 1350; x_wconf 87' lang='lat' dir='ltr'><strong>Iacob.</strong></span> <span class='ocrx_word' id='word_1_195' title='bbox 3225 1297 3318 1363; x_wconf 87' lang='lat' dir='ltr'><strong>qni</strong></span> <span class='ocrx_word' id='word_1_196' title='bbox 3348 1294 3452 1347; x_wconf 85' lang='lat' dir='ltr'><strong>fuit</strong></span> <span class='ocrx_word' id='word_1_197' title='bbox 3484 1293 3685 1354; x_wconf 87' lang='lat' dir='ltr'><strong>Iishac.</strong></span> 
     </span>
    </p>
   </div>
   <div class='ocr_carea' id='block_1_26' title="bbox 2089 1385 3685 1458">
    <p class='ocr_par' dir='ltr' id='par_1_26' title="bbox 2089 1385 3685 1458">
     <span class='ocr_line' id='line_1_26' title="bbox 2089 1385 3685 1458; baseline -0.001 -21"><span class='ocrx_word' id='word_1_198' title='bbox 2089 1390 2180 1456; x_wconf 90' lang='lat' dir='ltr'><strong>qni</strong></span> <span class='ocrx_word' id='word_1_199' title='bbox 2207 1390 2305 1443; x_wconf 87' lang='lat' dir='ltr'><strong>fuit</strong></span> <span class='ocrx_word' id='word_1_200' title='bbox 2334 1391 2623 1451; x_wconf 70' lang='lat' dir='ltr'><strong>Abraham,</strong></span> <span class='ocrx_word' id='word_1_201' title='bbox 2642 1392 2735 1458; x_wconf 90' lang='lat' dir='ltr'><strong>qui</strong></span> <span class='ocrx_word' id='word_1_202' title='bbox 2764 1389 2864 1442; x_wconf 90' lang='lat' dir='ltr'><strong>fuit</strong></span> <span class='ocrx_word' id='word_1_203' title='bbox 2886 1387 3121 1446; x_wconf 82' lang='lat' dir='ltr'><strong>Nachor,</strong></span> <span class='ocrx_word' id='word_1_204' title='bbox 3141 1388 3231 1456; x_wconf 86' lang='lat' dir='ltr'><strong>qui</strong></span> <span class='ocrx_word' id='word_1_205' title='bbox 3264 1387 3365 1439; x_wconf 77' lang='lat' dir='ltr'><strong>fuit</strong></span> <span class='ocrx_word' id='word_1_206' title='bbox 3389 1385 3685 1453; x_wconf 84' lang='lat' dir='ltr'><strong>Serug,qui</strong></span> 
     </span>
    </p>
   </div>
   <div class='ocr_carea' id='block_1_27' title="bbox 2091 1478 3689 1551">
    <p class='ocr_par' dir='ltr' id='par_1_27' title="bbox 2091 1478 3689 1551">
     <span class='ocr_line' id='line_1_27' title="bbox 2091 1478 3689 1551; baseline -0.003 -17"><span class='ocrx_word' id='word_1_207' title='bbox 2091 1481 2195 1535; x_wconf 84' lang='lat' dir='ltr'><strong>fuit</strong></span> <span class='ocrx_word' id='word_1_208' title='bbox 2224 1482 2393 1551; x_wconf 80' lang='lat' dir='ltr'><strong>Ragu,</strong></span> <span class='ocrx_word' id='word_1_209' title='bbox 2425 1492 2514 1550; x_wconf 90' lang='lat' dir='ltr'><strong>qut</strong></span> <span class='ocrx_word' id='word_1_210' title='bbox 2570 1480 2673 1534; x_wconf 89' lang='lat' dir='ltr'><strong>fuit</strong></span> <span class='ocrx_word' id='word_1_211' title='bbox 2719 1481 2943 1548; x_wconf 82' lang='lat' dir='ltr'><strong>Phaleg,</strong></span> <span class='ocrx_word' id='word_1_212' title='bbox 2971 1481 3061 1547; x_wconf 87' lang='lat' dir='ltr'><strong>qui</strong></span> <span class='ocrx_word' id='word_1_213' title='bbox 3090 1479 3195 1532; x_wconf 90' lang='lat' dir='ltr'><strong>fuit</strong></span> <span class='ocrx_word' id='word_1_214' title='bbox 3220 1479 3425 1541; x_wconf 79' lang='lat' dir='ltr'><strong>Ilehcr,</strong></span> <span class='ocrx_word' id='word_1_215' title='bbox 3454 1480 3545 1545; x_wconf 89' lang='lat' dir='ltr'><strong>qui</strong></span> <span class='ocrx_word' id='word_1_216' title='bbox 3584 1478 3689 1531; x_wconf 73' lang='lat' dir='ltr'><strong>l‘uit</strong></span> 
     </span>
    </p>
   </div>
   <div class='ocr_carea' id='block_1_28' title="bbox 2092 1569 3687 1643">
    <p class='ocr_par' dir='ltr' id='par_1_28' title="bbox 2092 1569 3687 1643">
     <span class='ocr_line' id='line_1_28' title="bbox 2092 1569 3687 1643; baseline -0.004 -14"><span class='ocrx_word' id='word_1_217' title='bbox 2092 1574 2335 1642; x_wconf 86' lang='lat' dir='ltr'><strong>Sala,qui</strong></span> <span class='ocrx_word' id='word_1_218' title='bbox 2361 1575 2461 1627; x_wconf 89' lang='lat' dir='ltr'><strong>fuit</strong></span> <span class='ocrx_word' id='word_1_219' title='bbox 2482 1574 2711 1630; x_wconf 88' lang='lat' dir='ltr'><strong>Cainan.</strong></span> <span class='ocrx_word' id='word_1_220' title='bbox 2733 1576 2823 1643; x_wconf 90' lang='lat' dir='ltr'><strong>qui</strong></span> <span class='ocrx_word' id='word_1_221' title='bbox 2852 1573 2951 1625; x_wconf 90' lang='lat' dir='ltr'><strong>fuit</strong></span> <span class='ocrx_word' id='word_1_222' title='bbox 2973 1572 3283 1640; x_wconf 83' lang='lat' dir='ltr'><strong>Arphaxad,</strong></span> <span class='ocrx_word' id='word_1_223' title='bbox 3302 1570 3392 1637; x_wconf 92' lang='lat' dir='ltr'><strong>qni</strong></span> <span class='ocrx_word' id='word_1_224' title='bbox 3421 1569 3521 1622; x_wconf 87' lang='lat' dir='ltr'><strong>fuit</strong></span> <span class='ocrx_word' id='word_1_225' title='bbox 3537 1569 3687 1628; x_wconf 89' lang='lat' dir='ltr'><strong>Sem.</strong></span> 
     </span>
    </p>
   </div>
   <div class='ocr_carea' id='block_1_29' title="bbox 2090 1661 3685 1735">
    <p class='ocr_par' dir='ltr' id='par_1_29' title="bbox 2090 1661 3685 1735">
     <span class='ocr_line' id='line_1_29' title="bbox 2090 1661 3685 1735; baseline -0.005 -15"><span class='ocrx_word' id='word_1_226' title='bbox 2090 1667 2181 1735; x_wconf 94' lang='lat' dir='ltr'><strong>qui</strong></span> <span class='ocrx_word' id='word_1_227' title='bbox 2228 1666 2327 1720; x_wconf 88' lang='lat' dir='ltr'><strong>fuit</strong></span> <span class='ocrx_word' id='word_1_228' title='bbox 2360 1667 2531 1729; x_wconf 77' lang='lat' dir='ltr'><strong>Noah,</strong></span> <span class='ocrx_word' id='word_1_229' title='bbox 2554 1666 2648 1734; x_wconf 89' lang='lat' dir='ltr'><strong>qui</strong></span> <span class='ocrx_word' id='word_1_230' title='bbox 2682 1667 2783 1718; x_wconf 85' lang='lat' dir='ltr'><strong>fuit</strong></span> <span class='ocrx_word' id='word_1_231' title='bbox 2814 1664 3074 1725; x_wconf 73' lang='lat' dir='ltr'><strong>Lamcch,</strong></span> <span class='ocrx_word' id='word_1_232' title='bbox 3102 1665 3196 1731; x_wconf 91' lang='lat' dir='ltr'><strong>qui</strong></span> <span class='ocrx_word' id='word_1_233' title='bbox 3232 1663 3335 1715; x_wconf 88' lang='lat' dir='ltr'><strong>fuit</strong></span> <span class='ocrx_word' id='word_1_234' title='bbox 3364 1661 3685 1719; x_wconf 72' lang='lat' dir='ltr'><strong>.‘lathusale.</strong></span> 
     </span>
    </p>
   </div>
   <div class='ocr_carea' id='block_1_30' title="bbox 397 1753 3685 1854">
    <p class='ocr_par' dir='ltr' id='par_1_30' title="bbox 397 1753 3685 1854">
     <span class='ocr_line' id='line_1_30' title="bbox 397 1753 3685 1854; baseline -0.001 -44"><span class='ocrx_word' id='word_1_235' title='bbox 397 1759 621 1823; x_wconf 75' lang='lat' dir='ltr'><strong>Christi,</strong></span> <span class='ocrx_word' id='word_1_236' title='bbox 662 1760 754 1813; x_wconf 87' lang='lat' dir='ltr'><strong>lilii</strong></span> <span class='ocrx_word' id='word_1_237' title='bbox 791 1760 979 1824; x_wconf 87' lang='lat' dir='ltr'><strong>David,</strong></span> <span class='ocrx_word' id='word_1_238' title='bbox 1017 1759 1110 1813; x_wconf 84' lang='lat' dir='ltr'><strong>filii</strong></span> <span class='ocrx_word' id='word_1_239' title='bbox 1146 1760 1416 1812; x_wconf 80' lang='lat' dir='ltr'><strong>Abraham</strong></span> <span class='ocrx_word' id='word_1_240' title='bbox 1450 1776 1465 1810; x_wconf 89' lang='lat'><strong>:</strong></span> <span class='ocrx_word' id='word_1_241' title='bbox 1501 1759 1773 1812; x_wconf 78' lang='lat' dir='ltr'><strong>Abraham</strong></span> <span class='ocrx_word' id='word_1_242' title='bbox 1796 1760 1986 1828; x_wconf 89' lang='lat' dir='ltr'><strong>genuit</strong></span> <span class='ocrx_word' id='word_1_243' title='bbox 2020 1801 2058 1854; x_wconf 66' lang='grc' dir='ltr'><strong>Β</strong></span> <span class='ocrx_word' id='word_1_244' title='bbox 2091 1760 2181 1827; x_wconf 90' lang='lat' dir='ltr'><strong>qui</strong></span> <span class='ocrx_word' id='word_1_245' title='bbox 2223 1759 2325 1811; x_wconf 85' lang='lat' dir='ltr'><strong>fuit</strong></span> <span class='ocrx_word' id='word_1_246' title='bbox 2355 1760 2565 1819; x_wconf 80' lang='lat' dir='ltr'><strong>Enocu,</strong></span> <span class='ocrx_word' id='word_1_247' title='bbox 2596 1758 2685 1826; x_wconf 92' lang='lat' dir='ltr'><strong>qui</strong></span> <span class='ocrx_word' id='word_1_248' title='bbox 2729 1756 2831 1810; x_wconf 88' lang='lat' dir='ltr'><strong>fuit</strong></span> <span class='ocrx_word' id='word_1_249' title='bbox 2868 1757 3156 1825; x_wconf 78' lang='lat' dir='ltr'><strong>lared.qui</strong></span> <span class='ocrx_word' id='word_1_250' title='bbox 3209 1755 3311 1807; x_wconf 89' lang='lat' dir='ltr'><strong>fuit</strong></span> <span class='ocrx_word' id='word_1_251' title='bbox 3348 1753 3685 1812; x_wconf 63' lang='lat' dir='ltr'><strong>Slahalaleel.</strong></span> 
     </span>
    </p>
   </div>
   <div class='ocr_carea' id='block_1_31' title="bbox 397 1844 1985 1914">
    <p class='ocr_par' dir='ltr' id='par_1_31' title="bbox 397 1844 1985 1914">
     <span class='ocr_line' id='line_1_31' title="bbox 397 1844 1985 1914; baseline 0.001 -16"><span class='ocrx_word' id='word_1_252' title='bbox 397 1846 591 1905; x_wconf 87' lang='lat' dir='ltr'><strong>lishac.</strong></span> <span class='ocrx_word' id='word_1_253' title='bbox 626 1849 799 1901; x_wconf 88' lang='lat' dir='ltr'><strong>Iishac</strong></span> <span class='ocrx_word' id='word_1_254' title='bbox 849 1857 1033 1900; x_wconf 88' lang='lat' dir='ltr'><strong>autem</strong></span> <span class='ocrx_word' id='word_1_255' title='bbox 1065 1847 1252 1914; x_wconf 85' lang='lat' dir='ltr'><strong>genuit</strong></span> <span class='ocrx_word' id='word_1_256' title='bbox 1302 1846 1523 1907; x_wconf 87' lang='lat' dir='ltr'><strong>Iaacob,</strong></span> <span class='ocrx_word' id='word_1_257' title='bbox 1550 1844 1750 1899; x_wconf 87' lang='lat' dir='ltr'><strong>Iaacob</strong></span> <span class='ocrx_word' id='word_1_258' title='bbox 1801 1857 1985 1899; x_wconf 84' lang='lat' dir='ltr'><strong>autem</strong></span> 
     </span>
    </p>
   </div>
   <div class='ocr_carea' id='block_1_32' title="bbox 396 1939 1997 2008">
    <p class='ocr_par' dir='ltr' id='par_1_32' title="bbox 396 1939 1997 2008">
     <span class='ocr_line' id='line_1_32' title="bbox 396 1939 1997 2008; baseline 0.001 -17"><span class='ocrx_word' id='word_1_259' title='bbox 396 1940 577 2006; x_wconf 76' lang='lat' dir='ltr'><strong>genuit</strong></span> <span class='ocrx_word' id='word_1_260' title='bbox 597 1939 865 1993; x_wconf 88' lang='lat' dir='ltr'><strong>Iehudam</strong></span> <span class='ocrx_word' id='word_1_261' title='bbox 903 1950 957 1993; x_wconf 86' lang='lat' dir='ltr'><strong>et</strong></span> <span class='ocrx_word' id='word_1_262' title='bbox 977 1940 1173 1992; x_wconf 86' lang='lat' dir='ltr'><strong>fratres</strong></span> <span class='ocrx_word' id='word_1_263' title='bbox 1189 1939 1328 2005; x_wconf 84' lang='lat' dir='ltr'><strong>ejus,</strong></span> <span class='ocrx_word' id='word_1_264' title='bbox 1352 1939 1591 1992; x_wconf 86' lang='lat' dir='ltr'><strong>Iehudas</strong></span> <span class='ocrx_word' id='word_1_265' title='bbox 1608 1950 1790 1991; x_wconf 90' lang='lat' dir='ltr'><strong>autem</strong></span> <span class='ocrx_word' id='word_1_266' title='bbox 1808 1940 1997 2008; x_wconf 84' lang='lat' dir='ltr'><strong>genuit</strong></span> 
     </span>
    </p>
   </div>
   <div class='ocr_carea' id='block_1_33' title="bbox 398 2028 1991 2099">
    <p class='ocr_par' dir='ltr' id='par_1_33' title="bbox 398 2028 1991 2099">
     <span class='ocr_line' id='line_1_33' title="bbox 398 2028 1991 2099; baseline 0.001 -17"><span class='ocrx_word' id='word_1_267' title='bbox 398 2028 607 2084; x_wconf 81' lang='lat' dir='ltr'><strong>Pharez</strong></span> <span class='ocrx_word' id='word_1_268' title='bbox 640 2041 694 2084; x_wconf 86' lang='lat' dir='ltr'><strong>et</strong></span> <span class='ocrx_word' id='word_1_269' title='bbox 729 2031 906 2084; x_wconf 82' lang='lat' dir='ltr'><strong>Zarah</strong></span> <span class='ocrx_word' id='word_1_270' title='bbox 939 2032 1006 2085; x_wconf 86' lang='lat' dir='ltr'><strong>de</strong></span> <span class='ocrx_word' id='word_1_271' title='bbox 1038 2030 1297 2091; x_wconf 84' lang='lat' dir='ltr'><strong>Thamar,</strong></span> <span class='ocrx_word' id='word_1_272' title='bbox 1330 2031 1538 2083; x_wconf 84' lang='lat' dir='ltr'><strong>Pharez</strong></span> <span class='ocrx_word' id='word_1_273' title='bbox 1580 2040 1763 2083; x_wconf 87' lang='lat' dir='ltr'><strong>autem</strong></span> <span class='ocrx_word' id='word_1_274' title='bbox 1798 2032 1991 2099; x_wconf 80' lang='lat' dir='ltr'><strong>genuit</strong></span> 
     </span>
    </p>
   </div>
   <div class='ocr_carea' id='block_1_34' title="bbox 397 2121 1993 2193">
    <p class='ocr_par' dir='ltr' id='par_1_34' title="bbox 397 2121 1993 2193">
     <span class='ocr_line' id='line_1_34' title="bbox 397 2121 1993 2193; baseline 0.002 -18"><span class='ocrx_word' id='word_1_275' title='bbox 397 2121 629 2183; x_wconf 87' lang='lat' dir='ltr'><strong>Ilesron,</strong></span> <span class='ocrx_word' id='word_1_276' title='bbox 655 2122 863 2176; x_wconf 82' lang='lat' dir='ltr'><strong>Hcsron</strong></span> <span class='ocrx_word' id='word_1_277' title='bbox 916 2134 1098 2177; x_wconf 86' lang='lat' dir='ltr'><strong>autem</strong></span> <span class='ocrx_word' id='word_1_278' title='bbox 1152 2124 1337 2193; x_wconf 84' lang='lat' dir='ltr'><strong>genuit</strong></span> <span class='ocrx_word' id='word_1_279' title='bbox 1371 2122 1751 2187; x_wconf 83' lang='lat' dir='ltr'><strong>Amminadab,</strong></span> <span class='ocrx_word' id='word_1_280' title='bbox 1785 2122 1993 2178; x_wconf 81' lang='lat' dir='ltr'><strong>Ammi—</strong></span> 
     </span>
    </p>
   </div>
   <div class='ocr_carea' id='block_1_35' title="bbox 399 2217 1993 2286">
    <p class='ocr_par' dir='ltr' id='par_1_35' title="bbox 399 2217 1993 2286">
     <span class='ocr_line' id='line_1_35' title="bbox 399 2217 1993 2286; baseline -0.001 -16"><span class='ocrx_word' id='word_1_281' title='bbox 399 2218 577 2272; x_wconf 89' lang='lat' dir='ltr'><strong>nadab</strong></span> <span class='ocrx_word' id='word_1_282' title='bbox 598 2228 777 2269; x_wconf 89' lang='lat' dir='ltr'><strong>autem</strong></span> <span class='ocrx_word' id='word_1_283' title='bbox 802 2218 985 2286; x_wconf 78' lang='lat' dir='ltr'><strong>genuit</strong></span> <span class='ocrx_word' id='word_1_284' title='bbox 1004 2217 1279 2276; x_wconf 82' lang='lat' dir='ltr'><strong>Nahason,</strong></span> <span class='ocrx_word' id='word_1_285' title='bbox 1308 2217 1557 2269; x_wconf 80' lang='lat' dir='ltr'><strong>Nahason</strong></span> <span class='ocrx_word' id='word_1_286' title='bbox 1581 2227 1764 2271; x_wconf 86' lang='lat' dir='ltr'><strong>autem</strong></span> <span class='ocrx_word' id='word_1_287' title='bbox 1807 2220 1993 2285; x_wconf 92' lang='lat' dir='ltr'><strong>genuit</strong></span> 
     </span>
    </p>
   </div>
   <div class='ocr_carea' id='block_1_36' title="bbox 400 2301 1993 2378">
    <p class='ocr_par' dir='ltr' id='par_1_36' title="bbox 400 2301 1993 2378">
     <span class='ocr_line' id='line_1_36' title="bbox 400 2301 1993 2378; baseline 0.002 -18"><span class='ocrx_word' id='word_1_288' title='bbox 400 2301 643 2369; x_wconf 85' lang='lat' dir='ltr'><strong>Salmon,</strong></span> <span class='ocrx_word' id='word_1_289' title='bbox 672 2306 889 2360; x_wconf 85' lang='lat' dir='ltr'><strong>Salmon</strong></span> <span class='ocrx_word' id='word_1_290' title='bbox 923 2317 1104 2361; x_wconf 89' lang='lat' dir='ltr'><strong>autem</strong></span> <span class='ocrx_word' id='word_1_291' title='bbox 1128 2310 1315 2378; x_wconf 87' lang='lat' dir='ltr'><strong>genuit</strong></span> <span class='ocrx_word' id='word_1_292' title='bbox 1340 2308 1479 2361; x_wconf 83' lang='lat' dir='ltr'><strong>Boaz</strong></span> <span class='ocrx_word' id='word_1_293' title='bbox 1509 2308 1576 2362; x_wconf 85' lang='lat' dir='ltr'><strong>de</strong></span> <span class='ocrx_word' id='word_1_294' title='bbox 1612 2309 1820 2363; x_wconf 78' lang='lat' dir='ltr'><strong>Rahab.</strong></span> <span class='ocrx_word' id='word_1_295' title='bbox 1854 2310 1993 2363; x_wconf 86' lang='lat' dir='ltr'><strong>Boaz</strong></span> 
     </span>
    </p>
   </div>
   <div class='ocr_carea' id='block_1_37' title="bbox 399 2398 1993 2471">
    <p class='ocr_par' dir='ltr' id='par_1_37' title="bbox 399 2398 1993 2471">
     <span class='ocr_line' id='line_1_37' title="bbox 399 2398 1993 2471; baseline -0.001 -16"><span class='ocrx_word' id='word_1_296' title='bbox 399 2416 579 2455; x_wconf 89' lang='lat' dir='ltr'><strong>autem</strong></span> <span class='ocrx_word' id='word_1_297' title='bbox 638 2400 825 2471; x_wconf 89' lang='lat' dir='ltr'><strong>genuit</strong></span> <span class='ocrx_word' id='word_1_298' title='bbox 855 2398 1005 2454; x_wconf 69' lang='grc' dir='ltr'><strong>Οἱ)εὲ</strong></span> <span class='ocrx_word' id='word_1_299' title='bbox 1059 2417 1119 2453; x_wconf 86' lang='lat' dir='ltr'><strong>ex</strong></span> <span class='ocrx_word' id='word_1_300' title='bbox 1164 2400 1328 2460; x_wconf 74' lang='lat' dir='ltr'><strong>liuth,</strong></span> <span class='ocrx_word' id='word_1_301' title='bbox 1379 2399 1529 2454; x_wconf 86' lang='lat' dir='ltr'><strong>Obed</strong></span> <span class='ocrx_word' id='word_1_302' title='bbox 1587 2409 1769 2453; x_wconf 88' lang='lat' dir='ltr'><strong>autem</strong></span> <span class='ocrx_word' id='word_1_303' title='bbox 1806 2402 1993 2470; x_wconf 79' lang='lat' dir='ltr'><strong>genuit</strong></span> 
     </span>
    </p>
   </div>
   <div class='ocr_carea' id='block_1_38' title="bbox 398 2493 1989 2563">
    <p class='ocr_par' dir='ltr' id='par_1_38' title="bbox 398 2493 1989 2563">
     <span class='ocr_line' id='line_1_38' title="bbox 398 2493 1989 2563; baseline 0.001 -18"><span class='ocrx_word' id='word_1_304' title='bbox 398 2495 545 2557; x_wconf 80' lang='lat' dir='ltr'><strong>iisai,</strong></span> <span class='ocrx_word' id='word_1_305' title='bbox 578 2493 698 2546; x_wconf 78' lang='lat' dir='ltr'><strong>lisai</strong></span> <span class='ocrx_word' id='word_1_306' title='bbox 737 2506 921 2547; x_wconf 85' lang='lat' dir='ltr'><strong>autem</strong></span> <span class='ocrx_word' id='word_1_307' title='bbox 952 2496 1139 2563; x_wconf 85' lang='lat' dir='ltr'><strong>genuit</strong></span> <span class='ocrx_word' id='word_1_308' title='bbox 1174 2493 1341 2546; x_wconf 81' lang='lat' dir='ltr'><strong>David</strong></span> <span class='ocrx_word' id='word_1_309' title='bbox 1372 2509 1573 2562; x_wconf 85' lang='lat' dir='ltr'><strong>regem,</strong></span> <span class='ocrx_word' id='word_1_310' title='bbox 1610 2494 1775 2546; x_wconf 82' lang='lat' dir='ltr'><strong>David</strong></span> <span class='ocrx_word' id='word_1_311' title='bbox 1805 2503 1989 2547; x_wconf 86' lang='lat' dir='ltr'><strong>autem</strong></span> 
     </span>
    </p>
   </div>
   <div class='ocr_carea' id='block_1_39' title="bbox 397 2585 1991 2658">
    <p class='ocr_par' dir='ltr' id='par_1_39' title="bbox 397 2585 1991 2658">
     <span class='ocr_line' id='line_1_39' title="bbox 397 2585 1991 2658; baseline -0.001 -17"><span class='ocrx_word' id='word_1_312' title='bbox 397 2604 491 2641; x_wconf 91' lang='lat' dir='ltr'><strong>rcx</strong></span> <span class='ocrx_word' id='word_1_313' title='bbox 534 2588 717 2658; x_wconf 83' lang='lat' dir='ltr'><strong>genuit</strong></span> <span class='ocrx_word' id='word_1_314' title='bbox 751 2586 1097 2639; x_wconf 86' lang='lat' dir='ltr'><strong>Solomonem</strong></span> <span class='ocrx_word' id='word_1_315' title='bbox 1132 2601 1194 2639; x_wconf 81' lang='lat' dir='ltr'><strong>ex</strong></span> <span class='ocrx_word' id='word_1_316' title='bbox 1223 2602 1285 2639; x_wconf 87' lang='lat' dir='ltr'><strong>ea</strong></span> <span class='ocrx_word' id='word_1_317' title='bbox 1327 2601 1446 2652; x_wconf 66' lang='lat' dir='ltr'><strong>qua:</strong></span> <span class='ocrx_word' id='word_1_318' title='bbox 1495 2585 1595 2639; x_wconf 91' lang='lat' dir='ltr'><strong>fuit</strong></span> <span class='ocrx_word' id='word_1_319' title='bbox 1640 2585 1803 2642; x_wconf 63' lang='lat' dir='ltr'><strong>Urina.</strong></span> <span class='ocrx_word' id='word_1_320' title='bbox 1832 2585 1991 2639; x_wconf 84' lang='lat' dir='ltr'><strong>Solo—</strong></span> 
     </span>
    </p>
   </div>
   <div class='ocr_carea' id='block_1_40' title="bbox 400 2677 1989 2745">
    <p class='ocr_par' dir='ltr' id='par_1_40' title="bbox 400 2677 1989 2745">
     <span class='ocr_line' id='line_1_40' title="bbox 400 2677 1989 2745; baseline 0.001 -14"><span class='ocrx_word' id='word_1_321' title='bbox 400 2696 529 2732; x_wconf 86' lang='lat' dir='ltr'><strong>mou</strong></span> <span class='ocrx_word' id='word_1_322' title='bbox 578 2690 757 2731; x_wconf 91' lang='lat' dir='ltr'><strong>autem</strong></span> <span class='ocrx_word' id='word_1_323' title='bbox 793 2680 980 2745; x_wconf 77' lang='lat' dir='ltr'><strong>genuit</strong></span> <span class='ocrx_word' id='word_1_324' title='bbox 1025 2677 1393 2739; x_wconf 77' lang='lat' dir='ltr'><strong>Rechabeam,</strong></span> <span class='ocrx_word' id='word_1_325' title='bbox 1423 2677 1767 2731; x_wconf 78' lang='lat' dir='ltr'><strong>Bechaheam</strong></span> <span class='ocrx_word' id='word_1_326' title='bbox 1808 2688 1989 2732; x_wconf 87' lang='lat' dir='ltr'><strong>autem</strong></span> 
     </span>
    </p>
   </div>
   <div class='ocr_carea' id='block_1_41' title="bbox 398 2770 1987 2840">
    <p class='ocr_par' dir='ltr' id='par_1_41' title="bbox 398 2770 1987 2840">
     <span class='ocr_line' id='line_1_41' title="bbox 398 2770 1987 2840; baseline 0 -16"><span class='ocrx_word' id='word_1_327' title='bbox 398 2774 587 2840; x_wconf 84' lang='lat' dir='ltr'><strong>genuit</strong></span> <span class='ocrx_word' id='word_1_328' title='bbox 622 2772 812 2824; x_wconf 83' lang='lat' dir='ltr'><strong>Abiam</strong></span> <span class='ocrx_word' id='word_1_329' title='bbox 854 2812 867 2831; x_wconf 93' lang='lat'><strong>,</strong></span> <span class='ocrx_word' id='word_1_330' title='bbox 901 2772 1088 2823; x_wconf 75' lang='lat' dir='ltr'><strong>Ahiam</strong></span> <span class='ocrx_word' id='word_1_331' title='bbox 1129 2784 1309 2823; x_wconf 85' lang='lat' dir='ltr'><strong>autem</strong></span> <span class='ocrx_word' id='word_1_332' title='bbox 1342 2772 1530 2839; x_wconf 83' lang='lat' dir='ltr'><strong>genuit</strong></span> <span class='ocrx_word' id='word_1_333' title='bbox 1577 2770 1863 2839; x_wconf 88' lang='lat' dir='ltr'><strong>Iosaphat.</strong></span> <span class='ocrx_word' id='word_1_334' title='bbox 1892 2772 1987 2826; x_wconf 86' lang='lat' dir='ltr'><strong>Io-</strong></span> 
     </span>
    </p>
   </div>
   <div class='ocr_carea' id='block_1_42' title="bbox 396 2862 1990 2933">
    <p class='ocr_par' dir='ltr' id='par_1_42' title="bbox 396 2862 1990 2933">
     <span class='ocr_line' id='line_1_42' title="bbox 396 2862 1990 2933; baseline -0.001 -15"><span class='ocrx_word' id='word_1_335' title='bbox 396 2867 593 2933; x_wconf 84' lang='lat' dir='ltr'><strong>saphat</strong></span> <span class='ocrx_word' id='word_1_336' title='bbox 613 2874 791 2917; x_wconf 87' lang='lat' dir='ltr'><strong>autem</strong></span> <span class='ocrx_word' id='word_1_337' title='bbox 810 2864 999 2933; x_wconf 88' lang='lat' dir='ltr'><strong>genuit</strong></span> <span class='ocrx_word' id='word_1_338' title='bbox 1018 2862 1298 2924; x_wconf 72' lang='lat' dir='ltr'><strong>Ii-horam.</strong></span> <span class='ocrx_word' id='word_1_339' title='bbox 1319 2864 1574 2917; x_wconf 84' lang='lat' dir='ltr'><strong>Iehoram</strong></span> <span class='ocrx_word' id='word_1_340' title='bbox 1600 2875 1781 2917; x_wconf 87' lang='lat' dir='ltr'><strong>autem</strong></span> <span class='ocrx_word' id='word_1_341' title='bbox 1804 2867 1990 2933; x_wconf 65' lang='lat' dir='ltr'><strong>genuit</strong></span> 
     </span>
    </p>
   </div>
   <div class='ocr_carea' id='block_1_43' title="bbox 395 2953 1987 3025">
    <p class='ocr_par' dir='ltr' id='par_1_43' title="bbox 395 2953 1987 3025">
     <span class='ocr_line' id='line_1_43' title="bbox 395 2953 1987 3025; baseline -0.001 -15"><span class='ocrx_word' id='word_1_342' title='bbox 395 2953 604 3015; x_wconf 84' lang='lat' dir='ltr'><strong>Osiam,</strong></span> <span class='ocrx_word' id='word_1_343' title='bbox 648 2954 805 3007; x_wconf 90' lang='lat' dir='ltr'><strong>Osias</strong></span> <span class='ocrx_word' id='word_1_344' title='bbox 832 2965 1015 3025; x_wconf 80' lang='lat' dir='ltr'><strong>autem</strong></span> <span class='ocrx_word' id='word_1_345' title='bbox 1064 2955 1252 3025; x_wconf 89' lang='lat' dir='ltr'><strong>genuit</strong></span> <span class='ocrx_word' id='word_1_346' title='bbox 1280 2953 1518 3011; x_wconf 87' lang='lat' dir='ltr'><strong>Iotham.</strong></span> <span class='ocrx_word' id='word_1_347' title='bbox 1551 2955 1768 3009; x_wconf 80' lang='lat' dir='ltr'><strong>Iotham</strong></span> <span class='ocrx_word' id='word_1_348' title='bbox 1807 2970 1987 3010; x_wconf 88' lang='lat' dir='ltr'><strong>autem</strong></span> 
     </span>
    </p>
   </div>
   <div class='ocr_carea' id='block_1_44' title="bbox 398 3048 1985 3117">
    <p class='ocr_par' dir='ltr' id='par_1_44' title="bbox 398 3048 1985 3117">
     <span class='ocr_line' id='line_1_44' title="bbox 398 3048 1985 3117; baseline 0.003 -20"><span class='ocrx_word' id='word_1_349' title='bbox 398 3051 585 3117; x_wconf 79' lang='lat' dir='ltr'><strong>genuit</strong></span> <span class='ocrx_word' id='word_1_350' title='bbox 612 3049 814 3108; x_wconf 75' lang='lat' dir='ltr'><strong>Achaz,</strong></span> <span class='ocrx_word' id='word_1_351' title='bbox 845 3049 1025 3101; x_wconf 83' lang='lat' dir='ltr'><strong>Achaz</strong></span> <span class='ocrx_word' id='word_1_352' title='bbox 1053 3058 1235 3101; x_wconf 89' lang='lat' dir='ltr'><strong>autem</strong></span> <span class='ocrx_word' id='word_1_353' title='bbox 1271 3050 1459 3117; x_wconf 87' lang='lat' dir='ltr'><strong>genuit</strong></span> <span class='ocrx_word' id='word_1_354' title='bbox 1484 3048 1767 3113; x_wconf 76' lang='lat' dir='ltr'><strong>llizkiahn,</strong></span> <span class='ocrx_word' id='word_1_355' title='bbox 1802 3049 1985 3103; x_wconf 81' lang='lat' dir='ltr'><strong>Hizki-</strong></span> 
     </span>
    </p>
   </div>
   <div class='ocr_carea' id='block_1_45' title="bbox 2096 1846 3686 1922">
    <p class='ocr_par' dir='ltr' id='par_1_45' title="bbox 2096 1846 3686 1922">
     <span class='ocr_line' id='line_1_45' title="bbox 2096 1846 3686 1922; baseline -0.003 -19"><span class='ocrx_word' id='word_1_356' title='bbox 2096 1854 2187 1922; x_wconf 89' lang='lat' dir='ltr'><strong>qui</strong></span> <span class='ocrx_word' id='word_1_357' title='bbox 2223 1853 2321 1905; x_wconf 90' lang='lat' dir='ltr'><strong>fuit</strong></span> <span class='ocrx_word' id='word_1_358' title='bbox 2351 1853 2581 1913; x_wconf 77' lang='lat' dir='ltr'><strong>Cainan.</strong></span> <span class='ocrx_word' id='word_1_359' title='bbox 2605 1853 2697 1920; x_wconf 91' lang='lat' dir='ltr'><strong>qui</strong></span> <span class='ocrx_word' id='word_1_360' title='bbox 2751 1852 2853 1903; x_wconf 84' lang='lat' dir='ltr'><strong>fuit</strong></span> <span class='ocrx_word' id='word_1_361' title='bbox 2908 1850 3074 1911; x_wconf 86' lang='lat' dir='ltr'><strong>Enos,</strong></span> <span class='ocrx_word' id='word_1_362' title='bbox 3103 1854 3194 1916; x_wconf 89' lang='lat' dir='ltr'><strong>qui</strong></span> <span class='ocrx_word' id='word_1_363' title='bbox 3256 1848 3357 1901; x_wconf 84' lang='lat' dir='ltr'><strong>fuit</strong></span> <span class='ocrx_word' id='word_1_364' title='bbox 3406 1846 3562 1913; x_wconf 87' lang='lat' dir='ltr'><strong>Seth,</strong></span> <span class='ocrx_word' id='word_1_365' title='bbox 3594 1847 3686 1915; x_wconf 85' lang='lat' dir='ltr'><strong>qui</strong></span> 
     </span>
    </p>
   </div>
   <div class='ocr_carea' id='block_1_46' title="bbox 2096 1941 2924 2013">
    <p class='ocr_par' dir='ltr' id='par_1_46' title="bbox 2096 1941 2924 2013">
     <span class='ocr_line' id='line_1_46' title="bbox 2096 1941 2924 2013; baseline 0 -21"><span class='ocrx_word' id='word_1_366' title='bbox 2096 1945 2188 2013; x_wconf 88' lang='lat' dir='ltr'><strong>qui</strong></span> <span class='ocrx_word' id='word_1_367' title='bbox 2228 1943 2329 1995; x_wconf 89' lang='lat' dir='ltr'><strong>fuit</strong></span> <span class='ocrx_word' id='word_1_368' title='bbox 2363 1943 2650 2008; x_wconf 78' lang='lat' dir='ltr'><strong>Adatn,qni</strong></span> <span class='ocrx_word' id='word_1_369' title='bbox 2684 1942 2776 1993; x_wconf 86' lang='lat' dir='ltr'><strong>fuit</strong></span> <span class='ocrx_word' id='word_1_370' title='bbox 2813 1941 2924 1993; x_wconf 84' lang='lat' dir='ltr'><strong>Dei.</strong></span> 
     </span>
    </p>
   </div>
   <div class='ocr_carea' id='block_1_47' title="bbox 2170 2028 3689 2103">
    <p class='ocr_par' dir='ltr' id='par_1_47' title="bbox 2170 2028 3689 2103">
     <span class='ocr_line' id='line_1_47' title="bbox 2170 2028 3689 2103; baseline -0.006 -14"><span class='ocrx_word' id='word_1_371' title='bbox 2170 2037 2222 2100; x_wconf 84' lang='grc'>5,</span> <span class='ocrx_word' id='word_1_372' title='bbox 2254 2035 2339 2090; x_wconf 85' lang='lat' dir='ltr'><strong>l9.</strong></span> <span class='ocrx_word' id='word_1_373' title='bbox 2372 2034 2616 2103; x_wconf 83' lang='lat' dir='ltr'><strong>Cumque</strong></span> <span class='ocrx_word' id='word_1_374' title='bbox 2650 2050 2755 2086; x_wconf 82' lang='lat' dir='ltr'><strong>non</strong></span> <span class='ocrx_word' id='word_1_375' title='bbox 2793 2032 3155 2094; x_wconf 77' lang='lat' dir='ltr'><strong>invenissent,</strong></span> <span class='ocrx_word' id='word_1_376' title='bbox 3186 2045 3291 2097; x_wconf 90' lang='lat' dir='ltr'><strong>qua</strong></span> <span class='ocrx_word' id='word_1_377' title='bbox 3330 2029 3480 2082; x_wconf 90' lang='lat' dir='ltr'><strong>illum</strong></span> <span class='ocrx_word' id='word_1_378' title='bbox 3516 2028 3689 2081; x_wconf 88' lang='lat' dir='ltr'><strong>infer-</strong></span> 
     </span>
    </p>
   </div>
   <div class='ocr_carea' id='block_1_48' title="bbox 2106 2121 3691 2195">
    <p class='ocr_par' dir='ltr' id='par_1_48' title="bbox 2106 2121 3691 2195">
     <span class='ocr_line' id='line_1_48' title="bbox 2106 2121 3691 2195; baseline -0.004 -14"><span class='ocrx_word' id='word_1_379' title='bbox 2106 2137 2251 2182; x_wconf 88' lang='lat' dir='ltr'><strong>rent.</strong></span> <span class='ocrx_word' id='word_1_380' title='bbox 2316 2125 2434 2179; x_wconf 82' lang='lat' dir='ltr'><strong>Non</strong></span> <span class='ocrx_word' id='word_1_381' title='bbox 2487 2127 2818 2195; x_wconf 78' lang='lat' dir='ltr'><strong>exprimitur</strong></span> <span class='ocrx_word' id='word_1_382' title='bbox 2865 2123 3182 2193; x_wconf 74' lang='lat' dir='ltr'><strong>przepositio</strong></span> <span class='ocrx_word' id='word_1_383' title='bbox 3236 2122 3325 2173; x_wconf 71' lang='grc' dir='ltr'><strong>διὰ</strong></span> <span class='ocrx_word' id='word_1_384' title='bbox 3386 2137 3503 2190; x_wconf 89' lang='lat' dir='ltr'><strong>per.</strong></span> <span class='ocrx_word' id='word_1_385' title='bbox 3539 2121 3691 2176; x_wconf 73' lang='lat' dir='ltr'><strong>Facit</strong></span> 
     </span>
    </p>
   </div>
   <div class='ocr_carea' id='block_1_49' title="bbox 2096 2218 2905 2289">
    <p class='ocr_par' dir='ltr' id='par_1_49' title="bbox 2096 2218 2905 2289">
     <span class='ocr_line' id='line_1_49' title="bbox 2096 2218 2905 2289; baseline -0.006 -14"><span class='ocrx_word' id='word_1_386' title='bbox 2096 2222 2383 2275; x_wconf 81' lang='lat' dir='ltr'><strong>nobiscum</strong></span> <span class='ocrx_word' id='word_1_387' title='bbox 2415 2220 2685 2289; x_wconf 89' lang='lat' dir='ltr'><strong>Complnt.</strong></span> <span class='ocrx_word' id='word_1_388' title='bbox 2716 2218 2905 2272; x_wconf 88' lang='lat' dir='ltr'><strong>editio.</strong></span> 
     </span>
    </p>
   </div>
   <div class='ocr_carea' id='block_1_50' title="bbox 2166 2306 3691 2381">
    <p class='ocr_par' dir='ltr' id='par_1_50' title="bbox 2166 2306 3691 2381">
     <span class='ocr_line' id='line_1_50' title="bbox 2166 2306 3691 2381; baseline -0.005 -16"><span class='ocrx_word' id='word_1_389' title='bbox 2166 2314 2219 2374; x_wconf 79' lang='lat'><strong>5,</strong></span> <span class='ocrx_word' id='word_1_390' title='bbox 2248 2312 2339 2365; x_wconf 72' lang='lat'><strong>27.</strong></span> <span class='ocrx_word' id='word_1_391' title='bbox 2377 2311 2521 2365; x_wconf 82' lang='lat' dir='ltr'><strong>Vidit</strong></span> <span class='ocrx_word' id='word_1_392' title='bbox 2582 2312 2939 2381; x_wconf 79' lang='lat' dir='ltr'><strong>publicanum</strong></span> <span class='ocrx_word' id='word_1_393' title='bbox 2993 2308 3219 2362; x_wconf 89' lang='lat' dir='ltr'><strong>nomine</strong></span> <span class='ocrx_word' id='word_1_394' title='bbox 3255 2306 3471 2372; x_wconf 64' lang='lat' dir='ltr'><strong>(Lex-in)</strong></span> <span class='ocrx_word' id='word_1_395' title='bbox 3518 2306 3691 2359; x_wconf 85' lang='lat' dir='ltr'><strong>Habet</strong></span> 
     </span>
    </p>
   </div>
   <div class='ocr_carea' id='block_1_51' title="bbox 2095 2398 3692 2463">
    <p class='ocr_par' dir='ltr' id='par_1_51' title="bbox 2095 2398 3692 2463">
     <span class='ocr_line' id='line_1_51' title="bbox 2095 2398 3692 2463; baseline -0.006 -5"><span class='ocrx_word' id='word_1_396' title='bbox 2095 2406 2242 2458; x_wconf 90' lang='lat' dir='ltr'><strong>enim</strong></span> <span class='ocrx_word' id='word_1_397' title='bbox 2274 2404 2441 2456; x_wconf 73' lang='grc' dir='ltr'><strong>λευίν.</strong></span> <span class='ocrx_word' id='word_1_398' title='bbox 2471 2406 2537 2457; x_wconf 84' lang='lat' dir='ltr'><strong>Et</strong></span> <span class='ocrx_word' id='word_1_399' title='bbox 2570 2404 2752 2456; x_wconf 66' lang='lat' dir='ltr'><strong>statim</strong></span> <span class='ocrx_word' id='word_1_400' title='bbox 2794 2402 2941 2463; x_wconf 64' lang='lat' dir='ltr'><strong>Infra</strong></span> <span class='ocrx_word' id='word_1_401' title='bbox 2974 2418 3024 2455; x_wconf 91' lang='lat' dir='ltr'><strong>v.</strong></span> <span class='ocrx_word' id='word_1_402' title='bbox 3057 2400 3127 2453; x_wconf 72' lang='lat'><strong>29</strong></span> <span class='ocrx_word' id='word_1_403' title='bbox 3160 2420 3173 2453; x_wconf 89' lang='lat'><strong>:</strong></span> <span class='ocrx_word' id='word_1_404' title='bbox 3209 2400 3275 2455; x_wconf 85' lang='lat' dir='ltr'><strong>Et</strong></span> <span class='ocrx_word' id='word_1_405' title='bbox 3316 2400 3444 2452; x_wconf 83' lang='lat' dir='ltr'><strong>fecit</strong></span> <span class='ocrx_word' id='word_1_406' title='bbox 3476 2398 3525 2450; x_wconf 92' lang='lat' dir='ltr'><strong>ci</strong></span> <span class='ocrx_word' id='word_1_407' title='bbox 3557 2412 3692 2449; x_wconf 83' lang='lat' dir='ltr'><strong>con-</strong></span> 
     </span>
    </p>
   </div>
   <div class='ocr_carea' id='block_1_52' title="bbox 2096 2490 3694 2566">
    <p class='ocr_par' dir='ltr' id='par_1_52' title="bbox 2096 2490 3694 2566">
     <span class='ocr_line' id='line_1_52' title="bbox 2096 2490 3694 2566; baseline -0.004 -17"><span class='ocrx_word' id='word_1_408' title='bbox 2096 2498 2299 2550; x_wconf 86' lang='lat' dir='ltr'><strong>vivium</strong></span> <span class='ocrx_word' id='word_1_409' title='bbox 2344 2511 2601 2566; x_wconf 90' lang='lat' dir='ltr'><strong>magnum</strong></span> <span class='ocrx_word' id='word_1_410' title='bbox 2641 2494 2845 2563; x_wconf 83' lang='lat' dir='ltr'><strong>(Levis)</strong></span> <span class='ocrx_word' id='word_1_411' title='bbox 2891 2495 3068 2558; x_wconf 80' lang='grc' dir='ltr'><strong>λευίς,</strong></span> <span class='ocrx_word' id='word_1_412' title='bbox 3096 2508 3204 2547; x_wconf 87' lang='lat' dir='ltr'><strong>non</strong></span> <span class='ocrx_word' id='word_1_413' title='bbox 3242 2507 3340 2560; x_wconf 89' lang='lat' dir='ltr'><strong>per</strong></span> <span class='ocrx_word' id='word_1_414' title='bbox 3390 2490 3694 2557; x_wconf 88' lang='lat' dir='ltr'><strong>diphthon-</strong></span> 
     </span>
    </p>
   </div>
   <div class='ocr_carea' id='block_1_53' title="bbox 2094 2584 3695 2661">
    <p class='ocr_par' dir='ltr' id='par_1_53' title="bbox 2094 2584 3695 2661">
     <span class='ocr_line' id='line_1_53' title="bbox 2094 2584 3695 2661; baseline -0.003 -21"><span class='ocrx_word' id='word_1_415' title='bbox 2094 2606 2219 2659; x_wconf 86' lang='lat' dir='ltr'><strong>gum</strong></span> <span class='ocrx_word' id='word_1_416' title='bbox 2260 2590 2313 2642; x_wconf 91' lang='lat' dir='ltr'><strong>in</strong></span> <span class='ocrx_word' id='word_1_417' title='bbox 2340 2589 2629 2658; x_wconf 80' lang='lat' dir='ltr'><strong>posteriori</strong></span> <span class='ocrx_word' id='word_1_418' title='bbox 2662 2589 2932 2656; x_wconf 60' lang='lat' dir='ltr'><strong>Sillahnm)</strong></span> <span class='ocrx_word' id='word_1_419' title='bbox 2976 2587 3156 2639; x_wconf 78' lang='grc' dir='ltr'>λευξὶν</span> <span class='ocrx_word' id='word_1_420' title='bbox 3185 2597 3239 2639; x_wconf 90' lang='lat' dir='ltr'><strong>et</strong></span> <span class='ocrx_word' id='word_1_421' title='bbox 3287 2586 3486 2645; x_wconf 77' lang='grc' dir='ltr'>λευείς.</span> <span class='ocrx_word' id='word_1_422' title='bbox 3542 2584 3695 2661; x_wconf 48' lang='lat' dir='ltr'><strong>Facit</strong></span> 
     </span>
    </p>
   </div>
   <div class='ocr_carea' id='block_1_54' title="bbox 2094 2678 3699 2749">
    <p class='ocr_par' dir='ltr' id='par_1_54' title="bbox 2094 2678 3699 2749">
     <span class='ocr_line' id='line_1_54' title="bbox 2094 2678 3699 2749; baseline -0.004 -14"><span class='ocrx_word' id='word_1_423' title='bbox 2094 2684 2383 2736; x_wconf 80' lang='lat' dir='ltr'><strong>nobiscum</strong></span> <span class='ocrx_word' id='word_1_424' title='bbox 2438 2684 2604 2735; x_wconf 83' lang='lat' dir='ltr'><strong>etiam</strong></span> <span class='ocrx_word' id='word_1_425' title='bbox 2661 2681 2942 2749; x_wconf 70' lang='lat' dir='ltr'><strong>exemplar</strong></span> <span class='ocrx_word' id='word_1_426' title='bbox 2994 2680 3410 2748; x_wconf 79' lang='lat' dir='ltr'><strong>Complutense.</strong></span> <span class='ocrx_word' id='word_1_427' title='bbox 3456 2678 3699 2731; x_wconf 79' lang='lat' dir='ltr'><strong>Possunt</strong></span> 
     </span>
    </p>
   </div>
   <div class='ocr_carea' id='block_1_55' title="bbox 2094 2775 3693 2842">
    <p class='ocr_par' dir='ltr' id='par_1_55' title="bbox 2094 2775 3693 2842">
     <span class='ocr_line' id='line_1_55' title="bbox 2094 2775 3693 2842; baseline -0.005 -12"><span class='ocrx_word' id='word_1_428' title='bbox 2094 2790 2278 2831; x_wconf 73' lang='lat' dir='ltr'><strong>autem</strong></span> <span class='ocrx_word' id='word_1_429' title='bbox 2309 2777 2360 2830; x_wconf 91' lang='lat' dir='ltr'><strong>hi</strong></span> <span class='ocrx_word' id='word_1_430' title='bbox 2400 2793 2559 2830; x_wconf 89' lang='lat' dir='ltr'><strong>casus</strong></span> <span class='ocrx_word' id='word_1_431' title='bbox 2595 2777 2648 2829; x_wconf 90' lang='lat' dir='ltr'><strong>in</strong></span> <span class='ocrx_word' id='word_1_432' title='bbox 2697 2776 2945 2829; x_wconf 79' lang='lat' dir='ltr'><strong>Latinam</strong></span> <span class='ocrx_word' id='word_1_433' title='bbox 2981 2790 3198 2842; x_wconf 75' lang='lat' dir='ltr'><strong>quoque</strong></span> <span class='ocrx_word' id='word_1_434' title='bbox 3229 2775 3469 2842; x_wconf 83' lang='lat' dir='ltr'><strong>linguam</strong></span> <span class='ocrx_word' id='word_1_435' title='bbox 3509 2781 3693 2823; x_wconf 85' lang='lat' dir='ltr'><strong>trans-</strong></span> 
     </span>
    </p>
   </div>
   <div class='ocr_carea' id='block_1_56' title="bbox 2096 2864 3691 2936">
    <p class='ocr_par' dir='ltr' id='par_1_56' title="bbox 2096 2864 3691 2936">
     <span class='ocr_line' id='line_1_56' title="bbox 2096 2864 3691 2936; baseline -0.004 -12"><span class='ocrx_word' id='word_1_436' title='bbox 2096 2870 2831 2936; x_wconf 76' lang='lat' dir='ltr'><strong>formari.quemadmodum</strong></span> <span class='ocrx_word' id='word_1_437' title='bbox 2896 2884 2926 2923; x_wconf 92' lang='lat' dir='ltr'><strong>a</strong></span> <span class='ocrx_word' id='word_1_438' title='bbox 3004 2867 3321 2920; x_wconf 81' lang='lat' dir='ltr'><strong>nominibus</strong></span> <span class='ocrx_word' id='word_1_439' title='bbox 3384 2864 3691 2933; x_wconf 83' lang='lat' dir='ltr'><strong>Emphasis.</strong></span> 
     </span>
    </p>
   </div>
   <div class='ocr_carea' id='block_1_57' title="bbox 2094 2942 3045 3029">
    <p class='ocr_par' dir='ltr' id='par_1_57' title="bbox 2094 2942 3045 3029">
     <span class='ocr_line' id='line_1_57' title="bbox 2094 2942 3045 3029; baseline -0.005 -13"><span class='ocrx_word' id='word_1_440' title='bbox 2094 2963 2357 3020; x_wconf 79' lang='lat' dir='ltr'><strong>Protasis.</strong></span> <span class='ocrx_word' id='word_1_441' title='bbox 2392 2961 2626 3029; x_wconf 84' lang='lat' dir='ltr'><strong>Epitasis</strong></span> <span class='ocrx_word' id='word_1_442' title='bbox 2656 2978 2719 3015; x_wconf 87' lang='lat' dir='ltr'><strong>ac</strong></span> <span class='ocrx_word' id='word_1_443' title='bbox 2752 2942 3045 3015; x_wconf 78' lang='lat' dir='ltr'><strong>similibus.</strong></span> 
     </span>
    </p>
   </div>
   <div class='ocr_carea' id='block_1_58' title="bbox 2166 3049 3694 3121">
    <p class='ocr_par' dir='ltr' id='par_1_58' title="bbox 2166 3049 3694 3121">
     <span class='ocr_line' id='line_1_58' title="bbox 2166 3049 3694 3121; baseline -0.007 -10"><span class='ocrx_word' id='word_1_444' title='bbox 2166 3058 2216 3121; x_wconf 75' lang='lat'><strong>5,</strong></span> <span class='ocrx_word' id='word_1_445' title='bbox 2246 3057 2337 3110; x_wconf 75' lang='lat'><strong>30.</strong></span> <span class='ocrx_word' id='word_1_446' title='bbox 2361 3055 2423 3109; x_wconf 76' lang='lat' dir='ltr'><strong>Et</strong></span> <span class='ocrx_word' id='word_1_447' title='bbox 2442 3056 2853 3112; x_wconf 86' lang='lat' dir='ltr'><strong>murmurahant</strong></span> <span class='ocrx_word' id='word_1_448' title='bbox 2874 3054 3069 3110; x_wconf 79' lang='lat' dir='ltr'><strong>scriba:</strong></span> <span class='ocrx_word' id='word_1_449' title='bbox 3096 3052 3206 3121; x_wconf 90' lang='lat' dir='ltr'><strong>(qui</strong></span> <span class='ocrx_word' id='word_1_450' title='bbox 3234 3054 3379 3105; x_wconf 91' lang='lat' dir='ltr'><strong>inter</strong></span> <span class='ocrx_word' id='word_1_451' title='bbox 3400 3065 3495 3104; x_wconf 89' lang='lat' dir='ltr'><strong>eos</strong></span> <span class='ocrx_word' id='word_1_452' title='bbox 3514 3049 3694 3113; x_wconf 85' lang='lat' dir='ltr'><strong>erant)</strong></span> 
     </span>
    </p>
   </div>
   <div class='ocr_carea' id='block_1_59' title="bbox 396 3136 2144 3217">
    <p class='ocr_par' dir='ltr' id='par_1_59' title="bbox 396 3136 2139 3209">
     <span class='ocr_line' id='line_1_59' title="bbox 396 3136 2139 3209; baseline 0.002 -20"><span class='ocrx_word' id='word_1_453' title='bbox 396 3137 505 3189; x_wconf 85' lang='lat' dir='ltr'><strong>ahu</strong></span> <span class='ocrx_word' id='word_1_454' title='bbox 534 3148 710 3189; x_wconf 84' lang='lat' dir='ltr'><strong>autem</strong></span> <span class='ocrx_word' id='word_1_455' title='bbox 744 3136 935 3206; x_wconf 77' lang='lat' dir='ltr'><strong>genuit</strong></span> <span class='ocrx_word' id='word_1_456' title='bbox 958 3136 1270 3199; x_wconf 58' lang='lat' dir='ltr'><strong>Manassen,</strong></span> <span class='ocrx_word' id='word_1_457' title='bbox 1297 3137 1571 3192; x_wconf 69' lang='lat' dir='ltr'><strong>Ilanasscs</strong></span> <span class='ocrx_word' id='word_1_458' title='bbox 1594 3149 1777 3192; x_wconf 90' lang='lat' dir='ltr'><strong>autem</strong></span> <span class='ocrx_word' id='word_1_459' title='bbox 1803 3140 1992 3209; x_wconf 90' lang='lat' dir='ltr'><strong>genuit</strong></span> <span class='ocrx_word' id='word_1_460' title='bbox 2020 3148 2063 3205; x_wconf 76' lang='grc' dir='ltr'>ο</span> <span class='ocrx_word' id='word_1_461' title='bbox 2098 3152 2139 3203; x_wconf 82' lang='grc' dir='ltr'>Α</span> 
     </span>
    </p>
   </div>
   <div class='ocr_carea' id='block_1_60' title="bbox 1947 3136 3695 3217">
    <p class='ocr_par' dir='ltr' id='par_1_60' title="bbox 1950 3140 3695 3217">
     <span class='ocr_line' id='line_1_60' title="bbox 1950 3140 3695 3217; baseline -0.006 -11"><span class='ocrx_word' id='word_1_462' title='bbox 1950 3140 1992 3193; x_wconf 67' lang='lat' dir='ltr'><strong>il</strong></span> <span class='ocrx_word' id='word_1_463' title='bbox 2020 3148 2063 3205; x_wconf 88' lang='lat' dir='ltr'><strong><em>C</em></strong></span> <span class='ocrx_word' id='word_1_464' title='bbox 2098 3150 2332 3205; x_wconf 85' lang='lat' dir='ltr'><strong>Additur</strong></span> <span class='ocrx_word' id='word_1_465' title='bbox 2366 3163 2603 3217; x_wconf 90' lang='lat' dir='ltr'><strong>namque</strong></span> <span class='ocrx_word' id='word_1_466' title='bbox 2640 3148 2847 3201; x_wconf 78' lang='grc' dir='ltr'>αὐτῶν.</span> <span class='ocrx_word' id='word_1_467' title='bbox 2886 3147 2979 3201; x_wconf 81' lang='lat' dir='ltr'><strong>Sic</strong></span> <span class='ocrx_word' id='word_1_468' title='bbox 3010 3157 3066 3201; x_wconf 90' lang='lat' dir='ltr'><strong>et</strong></span> <span class='ocrx_word' id='word_1_469' title='bbox 3096 3146 3383 3215; x_wconf 78' lang='lat' dir='ltr'><strong>exemplar</strong></span> <span class='ocrx_word' id='word_1_470' title='bbox 3430 3143 3695 3212; x_wconf 80' lang='lat' dir='ltr'><strong>Complu-</strong></span> 
     </span>
    </p>
   </div>
   <div class='ocr_carea' id='block_1_61' title="bbox 399 3227 1986 3298">
    <p class='ocr_par' dir='ltr' id='par_1_61' title="bbox 399 3227 1986 3298">
     <span class='ocr_line' id='line_1_61' title="bbox 399 3227 1986 3298; baseline 0.003 -19"><span class='ocrx_word' id='word_1_471' title='bbox 399 3231 596 3288; x_wconf 80' lang='lat' dir='ltr'><strong>Amon,</strong></span> <span class='ocrx_word' id='word_1_472' title='bbox 630 3228 801 3278; x_wconf 77' lang='lat' dir='ltr'><strong>Anton</strong></span> <span class='ocrx_word' id='word_1_473' title='bbox 830 3236 1014 3281; x_wconf 87' lang='lat' dir='ltr'><strong>autem</strong></span> <span class='ocrx_word' id='word_1_474' title='bbox 1049 3228 1237 3298; x_wconf 88' lang='lat' dir='ltr'><strong>genuit</strong></span> <span class='ocrx_word' id='word_1_475' title='bbox 1268 3228 1515 3291; x_wconf 90' lang='lat' dir='ltr'><strong>Iosiahu,</strong></span> <span class='ocrx_word' id='word_1_476' title='bbox 1543 3227 1770 3282; x_wconf 87' lang='lat' dir='ltr'><strong>Iosiahu</strong></span> <span class='ocrx_word' id='word_1_477' title='bbox 1801 3240 1986 3283; x_wconf 87' lang='lat' dir='ltr'><strong>autem</strong></span> 
     </span>
    </p>
   </div>
   <div class='ocr_carea' id='block_1_62' title="bbox 395 3318 1991 3389">
    <p class='ocr_par' dir='ltr' id='par_1_62' title="bbox 395 3318 1991 3389">
     <span class='ocr_line' id='line_1_62' title="bbox 395 3318 1991 3389; baseline 0.002 -16"><span class='ocrx_word' id='word_1_478' title='bbox 395 3320 587 3387; x_wconf 77' lang='lat' dir='ltr'><strong>genuit</strong></span> <span class='ocrx_word' id='word_1_479' title='bbox 613 3318 921 3382; x_wconf 76' lang='lat' dir='ltr'><strong>Ieknniam,</strong></span> <span class='ocrx_word' id='word_1_480' title='bbox 951 3329 1009 3373; x_wconf 89' lang='lat' dir='ltr'><strong>et</strong></span> <span class='ocrx_word' id='word_1_481' title='bbox 1046 3318 1245 3373; x_wconf 81' lang='lat' dir='ltr'><strong>fratres</strong></span> <span class='ocrx_word' id='word_1_482' title='bbox 1274 3320 1395 3389; x_wconf 85' lang='lat' dir='ltr'><strong>ejus</strong></span> <span class='ocrx_word' id='word_1_483' title='bbox 1418 3320 1471 3373; x_wconf 92' lang='lat' dir='ltr'><strong>in</strong></span> <span class='ocrx_word' id='word_1_484' title='bbox 1510 3321 1991 3389; x_wconf 83' lang='lat' dir='ltr'><strong>transmigratione</strong></span> 
     </span>
    </p>
   </div>
   <div class='ocr_carea' id='block_1_63' title="bbox 397 3410 1988 3483">
    <p class='ocr_par' dir='ltr' id='par_1_63' title="bbox 397 3410 1988 3483">
     <span class='ocr_line' id='line_1_63' title="bbox 397 3410 1988 3483; baseline 0.001 -18"><span class='ocrx_word' id='word_1_485' title='bbox 397 3412 748 3483; x_wconf 76' lang='lat' dir='ltr'><strong>Babylonica.</strong></span> <span class='ocrx_word' id='word_1_486' title='bbox 774 3410 842 3465; x_wconf 82' lang='lat' dir='ltr'><strong>Et</strong></span> <span class='ocrx_word' id='word_1_487' title='bbox 872 3421 996 3481; x_wconf 89' lang='lat' dir='ltr'><strong>post</strong></span> <span class='ocrx_word' id='word_1_488' title='bbox 1028 3414 1568 3481; x_wconf 72' lang='lat' dir='ltr'><strong>lransmigrationem</strong></span> <span class='ocrx_word' id='word_1_489' title='bbox 1603 3413 1988 3483; x_wconf 83' lang='lat' dir='ltr'><strong>Babylonicam</strong></span> 
     </span>
    </p>
   </div>
   <div class='ocr_carea' id='block_1_64' title="bbox 397 3502 1992 3577">
    <p class='ocr_par' dir='ltr' id='par_1_64' title="bbox 397 3502 1992 3577">
     <span class='ocr_line' id='line_1_64' title="bbox 397 3502 1992 3577; baseline 0.003 -19"><span class='ocrx_word' id='word_1_490' title='bbox 397 3502 693 3558; x_wconf 83' lang='lat' dir='ltr'><strong>Iechonias</strong></span> <span class='ocrx_word' id='word_1_491' title='bbox 753 3506 945 3573; x_wconf 86' lang='lat' dir='ltr'><strong>genuit</strong></span> <span class='ocrx_word' id='word_1_492' title='bbox 998 3504 1242 3564; x_wconf 84' lang='lat' dir='ltr'><strong>Sealtiel.</strong></span> <span class='ocrx_word' id='word_1_493' title='bbox 1273 3505 1497 3560; x_wconf 87' lang='lat' dir='ltr'><strong>Scaltiel</strong></span> <span class='ocrx_word' id='word_1_494' title='bbox 1550 3515 1732 3562; x_wconf 83' lang='lat' dir='ltr'><strong>autem</strong></span> <span class='ocrx_word' id='word_1_495' title='bbox 1801 3507 1992 3577; x_wconf 90' lang='lat' dir='ltr'><strong>genuit</strong></span> 
     </span>
    </p>
   </div>
   <div class='ocr_carea' id='block_1_65' title="bbox 399 3596 1989 3669">
    <p class='ocr_par' dir='ltr' id='par_1_65' title="bbox 399 3596 1989 3669">
     <span class='ocr_line' id='line_1_65' title="bbox 399 3596 1989 3669; baseline 0.002 -18"><span class='ocrx_word' id='word_1_496' title='bbox 399 3596 1125 3659; x_wconf 68' lang='lat' dir='ltr'><strong>Zorohbabel,zurohbabel</strong></span> <span class='ocrx_word' id='word_1_497' title='bbox 1206 3609 1387 3652; x_wconf 87' lang='lat' dir='ltr'><strong>autem</strong></span> <span class='ocrx_word' id='word_1_498' title='bbox 1473 3599 1663 3669; x_wconf 86' lang='lat' dir='ltr'><strong>genuit</strong></span> <span class='ocrx_word' id='word_1_499' title='bbox 1747 3599 1989 3664; x_wconf 86' lang='lat' dir='ltr'><strong>Abihud,</strong></span> 
     </span>
    </p>
   </div>
   <div class='ocr_carea' id='block_1_66' title="bbox 398 3690 1993 3763">
    <p class='ocr_par' dir='ltr' id='par_1_66' title="bbox 398 3690 1993 3763">
     <span class='ocr_line' id='line_1_66' title="bbox 398 3690 1993 3763; baseline 0.001 -18"><span class='ocrx_word' id='word_1_500' title='bbox 398 3692 616 3745; x_wconf 80' lang='lat' dir='ltr'><strong>Abthud</strong></span> <span class='ocrx_word' id='word_1_501' title='bbox 643 3701 824 3744; x_wconf 86' lang='lat' dir='ltr'><strong>autem</strong></span> <span class='ocrx_word' id='word_1_502' title='bbox 852 3692 1041 3758; x_wconf 87' lang='lat' dir='ltr'><strong>genuit</strong></span> <span class='ocrx_word' id='word_1_503' title='bbox 1066 3690 1313 3749; x_wconf 74' lang='lat' dir='ltr'><strong>Eliakim.</strong></span> <span class='ocrx_word' id='word_1_504' title='bbox 1344 3692 1573 3745; x_wconf 80' lang='lat' dir='ltr'><strong>Eliakim</strong></span> <span class='ocrx_word' id='word_1_505' title='bbox 1596 3702 1779 3747; x_wconf 87' lang='lat' dir='ltr'><strong>autem</strong></span> <span class='ocrx_word' id='word_1_506' title='bbox 1804 3694 1993 3763; x_wconf 82' lang='lat' dir='ltr'><strong>genuit</strong></span> 
     </span>
    </p>
   </div>
   <div class='ocr_carea' id='block_1_67' title="bbox 401 3783 1994 3857">
    <p class='ocr_par' dir='ltr' id='par_1_67' title="bbox 401 3783 1994 3857">
     <span class='ocr_line' id='line_1_67' title="bbox 401 3783 1994 3857; baseline 0.003 -20"><span class='ocrx_word' id='word_1_507' title='bbox 401 3785 561 3845; x_wconf 76' lang='lat' dir='ltr'><strong>Ator,</strong></span> <span class='ocrx_word' id='word_1_508' title='bbox 590 3783 729 3835; x_wconf 82' lang='lat' dir='ltr'><strong>Azor</strong></span> <span class='ocrx_word' id='word_1_509' title='bbox 747 3794 930 3836; x_wconf 87' lang='lat' dir='ltr'><strong>autem</strong></span> <span class='ocrx_word' id='word_1_510' title='bbox 955 3784 1143 3853; x_wconf 87' lang='lat' dir='ltr'><strong>genuit</strong></span> <span class='ocrx_word' id='word_1_511' title='bbox 1165 3783 1362 3849; x_wconf 79' lang='lat' dir='ltr'><strong>Zadoc,</strong></span> <span class='ocrx_word' id='word_1_512' title='bbox 1394 3783 1576 3839; x_wconf 84' lang='lat' dir='ltr'><strong>Zadoc</strong></span> <span class='ocrx_word' id='word_1_513' title='bbox 1594 3794 1776 3838; x_wconf 89' lang='lat' dir='ltr'><strong>autem</strong></span> <span class='ocrx_word' id='word_1_514' title='bbox 1800 3786 1994 3857; x_wconf 86' lang='lat' dir='ltr'><strong>genuit</strong></span> 
     </span>
    </p>
   </div>
   <div class='ocr_carea' id='block_1_68' title="bbox 405 3877 1993 3949">
    <p class='ocr_par' dir='ltr' id='par_1_68' title="bbox 405 3877 1993 3949">
     <span class='ocr_line' id='line_1_68' title="bbox 405 3877 1993 3949; baseline 0.004 -20"><span class='ocrx_word' id='word_1_515' title='bbox 405 3877 838 3937; x_wconf 70' lang='grc' dir='ltr'><strong>Αεδὶηι,Ας1ιίηι</strong></span> <span class='ocrx_word' id='word_1_516' title='bbox 901 3886 1088 3931; x_wconf 85' lang='lat' dir='ltr'><strong>autem</strong></span> <span class='ocrx_word' id='word_1_517' title='bbox 1140 3879 1332 3949; x_wconf 87' lang='lat' dir='ltr'><strong>genuit</strong></span> <span class='ocrx_word' id='word_1_518' title='bbox 1382 3879 1753 3941; x_wconf 82' lang='lat' dir='ltr'><strong>Eliud,Eliud</strong></span> <span class='ocrx_word' id='word_1_519' title='bbox 1808 3890 1993 3935; x_wconf 89' lang='lat' dir='ltr'><strong>autem</strong></span> 
     </span>
    </p>
   </div>
   <div class='ocr_carea' id='block_1_69' title="bbox 403 3970 1993 4043">
    <p class='ocr_par' dir='ltr' id='par_1_69' title="bbox 403 3970 1993 4043">
     <span class='ocr_line' id='line_1_69' title="bbox 403 3970 1993 4043; baseline 0.002 -20"><span class='ocrx_word' id='word_1_520' title='bbox 403 3974 590 4042; x_wconf 84' lang='lat' dir='ltr'><strong>genuit</strong></span> <span class='ocrx_word' id='word_1_521' title='bbox 614 3970 854 4029; x_wconf 79' lang='lat' dir='ltr'><strong>Eleazar.</strong></span> <span class='ocrx_word' id='word_1_522' title='bbox 874 3970 1099 4025; x_wconf 76' lang='lat' dir='ltr'><strong>Eleazar</strong></span> <span class='ocrx_word' id='word_1_523' title='bbox 1111 3980 1292 4025; x_wconf 89' lang='lat' dir='ltr'><strong>autem</strong></span> <span class='ocrx_word' id='word_1_524' title='bbox 1307 3973 1496 4043; x_wconf 86' lang='lat' dir='ltr'><strong>genuit</strong></span> <span class='ocrx_word' id='word_1_525' title='bbox 1514 3971 1755 4037; x_wconf 69' lang='lat' dir='ltr'><strong>Mathan,</strong></span> <span class='ocrx_word' id='word_1_526' title='bbox 1774 3972 1993 4027; x_wconf 70' lang='lat' dir='ltr'><strong>Hathan</strong></span> 
     </span>
    </p>
   </div>
   <div class='ocr_carea' id='block_1_70' title="bbox 403 4062 1993 4135">
    <p class='ocr_par' dir='ltr' id='par_1_70' title="bbox 403 4062 1993 4135">
     <span class='ocr_line' id='line_1_70' title="bbox 403 4062 1993 4135; baseline 0.001 -19"><span class='ocrx_word' id='word_1_527' title='bbox 403 4073 583 4116; x_wconf 90' lang='lat' dir='ltr'><strong>autem</strong></span> <span class='ocrx_word' id='word_1_528' title='bbox 614 4064 805 4133; x_wconf 88' lang='lat' dir='ltr'><strong>genuit</strong></span> <span class='ocrx_word' id='word_1_529' title='bbox 845 4062 1069 4128; x_wconf 86' lang='lat' dir='ltr'><strong>Iaacoh,</strong></span> <span class='ocrx_word' id='word_1_530' title='bbox 1096 4063 1299 4118; x_wconf 88' lang='lat' dir='ltr'><strong>Iaacoh</strong></span> <span class='ocrx_word' id='word_1_531' title='bbox 1330 4074 1518 4118; x_wconf 84' lang='lat' dir='ltr'><strong>autem</strong></span> <span class='ocrx_word' id='word_1_532' title='bbox 1560 4066 1749 4135; x_wconf 88' lang='lat' dir='ltr'><strong>genuit</strong></span> <span class='ocrx_word' id='word_1_533' title='bbox 1785 4063 1993 4134; x_wconf 89' lang='lat' dir='ltr'><strong>Ioseph</strong></span> 
     </span>
    </p>
   </div>
   <div class='ocr_carea' id='block_1_71' title="bbox 407 4153 1996 4226">
    <p class='ocr_par' dir='ltr' id='par_1_71' title="bbox 407 4153 1996 4226">
     <span class='ocr_line' id='line_1_71' title="bbox 407 4153 1996 4226; baseline 0.003 -17"><span class='ocrx_word' id='word_1_534' title='bbox 407 4156 579 4209; x_wconf 85' lang='lat' dir='ltr'><strong>virum</strong></span> <span class='ocrx_word' id='word_1_535' title='bbox 624 4153 805 4208; x_wconf 64' lang='lat' dir='ltr'><strong>Mariae</strong></span> <span class='ocrx_word' id='word_1_536' title='bbox 842 4154 911 4208; x_wconf 91' lang='lat' dir='ltr'><strong>de</strong></span> <span class='ocrx_word' id='word_1_537' title='bbox 940 4170 1047 4224; x_wconf 88' lang='lat' dir='ltr'><strong>qua</strong></span> <span class='ocrx_word' id='word_1_538' title='bbox 1082 4163 1248 4209; x_wconf 84' lang='lat' dir='ltr'><strong>natus</strong></span> <span class='ocrx_word' id='word_1_539' title='bbox 1285 4164 1372 4210; x_wconf 84' lang='lat' dir='ltr'><strong>est</strong></span> <span class='ocrx_word' id='word_1_540' title='bbox 1412 4154 1575 4211; x_wconf 90' lang='lat' dir='ltr'><strong>Iesus</strong></span> <span class='ocrx_word' id='word_1_541' title='bbox 1627 4156 1723 4226; x_wconf 91' lang='lat' dir='ltr'><strong>qui</strong></span> <span class='ocrx_word' id='word_1_542' title='bbox 1766 4167 1996 4213; x_wconf 76' lang='lat' dir='ltr'><strong>vocatur</strong></span> 
     </span>
    </p>
   </div>
   <div class='ocr_carea' id='block_1_72' title="bbox 405 4244 1995 4317">
    <p class='ocr_par' dir='ltr' id='par_1_72' title="bbox 405 4244 1995 4317">
     <span class='ocr_line' id='line_1_72' title="bbox 405 4244 1995 4317; baseline 0.001 -16"><span class='ocrx_word' id='word_1_543' title='bbox 405 4247 680 4301; x_wconf 82' lang='lat' dir='ltr'><strong>Christus.</strong></span> <span class='ocrx_word' id='word_1_544' title='bbox 760 4244 940 4301; x_wconf 86' lang='lat' dir='ltr'><strong>Lucas</strong></span> <span class='ocrx_word' id='word_1_545' title='bbox 1014 4262 1190 4302; x_wconf 86' lang='lat' dir='ltr'><strong>vero:</strong></span> <span class='ocrx_word' id='word_1_546' title='bbox 1228 4248 1377 4317; x_wconf 87' lang='lat' dir='ltr'><strong>Ipse,</strong></span> <span class='ocrx_word' id='word_1_547' title='bbox 1407 4248 1609 4317; x_wconf 86' lang='lat' dir='ltr'><strong>inquit,</strong></span> <span class='ocrx_word' id='word_1_548' title='bbox 1641 4248 1807 4303; x_wconf 82' lang='lat' dir='ltr'><strong>Iesus</strong></span> <span class='ocrx_word' id='word_1_549' title='bbox 1874 4258 1995 4303; x_wconf 84' lang='lat' dir='ltr'><strong>erat</strong></span> 
     </span>
    </p>
   </div>
   <div class='ocr_carea' id='block_1_73' title="bbox 404 4339 1995 4411">
    <p class='ocr_par' dir='ltr' id='par_1_73' title="bbox 404 4339 1995 4411">
     <span class='ocr_line' id='line_1_73' title="bbox 404 4339 1995 4411; baseline 0.002 -18"><span class='ocrx_word' id='word_1_550' title='bbox 404 4340 577 4395; x_wconf 86' lang='lat' dir='ltr'><strong>ferme</strong></span> <span class='ocrx_word' id='word_1_551' title='bbox 632 4354 906 4393; x_wconf 88' lang='lat' dir='ltr'><strong>annorum</strong></span> <span class='ocrx_word' id='word_1_552' title='bbox 964 4339 1189 4409; x_wconf 85' lang='lat' dir='ltr'><strong>triginta</strong></span> <span class='ocrx_word' id='word_1_553' title='bbox 1247 4340 1533 4405; x_wconf 82' lang='lat' dir='ltr'><strong>incedens,</strong></span> <span class='ocrx_word' id='word_1_554' title='bbox 1574 4349 1636 4395; x_wconf 86' lang='lat' dir='ltr'><strong>ut</strong></span> <span class='ocrx_word' id='word_1_555' title='bbox 1697 4342 1995 4411; x_wconf 79' lang='lat' dir='ltr'><strong>putabatur</strong></span> 
     </span>
    </p>
   </div>
   <div class='ocr_carea' id='block_1_74' title="bbox 406 4431 1996 4504">
    <p class='ocr_par' dir='ltr' id='par_1_74' title="bbox 406 4431 1996 4504">
     <span class='ocr_line' id='line_1_74' title="bbox 406 4431 1996 4504; baseline 0.001 -18"><span class='ocrx_word' id='word_1_556' title='bbox 406 4433 547 4487; x_wconf 83' lang='lat' dir='ltr'><strong>filius</strong></span> <span class='ocrx_word' id='word_1_557' title='bbox 583 4433 789 4501; x_wconf 88' lang='lat' dir='ltr'><strong>Ioseph</strong></span> <span class='ocrx_word' id='word_1_558' title='bbox 822 4431 917 4501; x_wconf 90' lang='lat' dir='ltr'><strong>qui</strong></span> <span class='ocrx_word' id='word_1_559' title='bbox 947 4432 1052 4486; x_wconf 90' lang='lat' dir='ltr'><strong>fuit</strong></span> <span class='ocrx_word' id='word_1_560' title='bbox 1081 4433 1183 4497; x_wconf 79' lang='lat' dir='ltr'><strong>Eli,</strong></span> <span class='ocrx_word' id='word_1_561' title='bbox 1209 4433 1303 4503; x_wconf 88' lang='lat' dir='ltr'><strong>qui</strong></span> <span class='ocrx_word' id='word_1_562' title='bbox 1340 4433 1443 4488; x_wconf 91' lang='lat' dir='ltr'><strong>fuit</strong></span> <span class='ocrx_word' id='word_1_563' title='bbox 1471 4431 1715 4499; x_wconf 71' lang='lat' dir='ltr'><strong>Mathan,</strong></span> <span class='ocrx_word' id='word_1_564' title='bbox 1751 4436 1845 4504; x_wconf 90' lang='lat' dir='ltr'><strong>qui</strong></span> <span class='ocrx_word' id='word_1_565' title='bbox 1892 4435 1996 4489; x_wconf 91' lang='lat' dir='ltr'><strong>fuit</strong></span> 
     </span>
    </p>
   </div>
   <div class='ocr_carea' id='block_1_75' title="bbox 2095 3249 2276 3295">
    <p class='ocr_par' dir='ltr' id='par_1_75' title="bbox 2095 3249 2276 3295">
     <span class='ocr_line' id='line_1_75' title="bbox 2095 3249 2276 3295; baseline 0.006 -1"><span class='ocrx_word' id='word_1_566' title='bbox 2095 3249 2276 3295; x_wconf 85' lang='lat' dir='ltr'><strong>tense.</strong></span> 
     </span>
    </p>
   </div>
   <div class='ocr_carea' id='block_1_76' title="bbox 2165 3327 3700 3399">
    <p class='ocr_par' dir='ltr' id='par_1_76' title="bbox 2165 3327 3700 3399">
     <span class='ocr_line' id='line_1_76' title="bbox 2165 3327 3700 3399; baseline -0.001 -16"><span class='ocrx_word' id='word_1_567' title='bbox 2165 3329 2327 3396; x_wconf 69' lang='lat'><strong>6,18.</strong></span> <span class='ocrx_word' id='word_1_568' title='bbox 2344 3328 2412 3383; x_wconf 84' lang='lat' dir='ltr'><strong>Et</strong></span> <span class='ocrx_word' id='word_1_569' title='bbox 2428 3329 2520 3399; x_wconf 91' lang='lat' dir='ltr'><strong>qui</strong></span> <span class='ocrx_word' id='word_1_570' title='bbox 2549 3330 2890 3384; x_wconf 79' lang='lat' dir='ltr'><strong>vexabantur</strong></span> <span class='ocrx_word' id='word_1_571' title='bbox 2907 3344 2936 3383; x_wconf 91' lang='lat' dir='ltr'><strong>a</strong></span> <span class='ocrx_word' id='word_1_572' title='bbox 2955 3328 3243 3397; x_wconf 79' lang='lat' dir='ltr'><strong>spiritibus</strong></span> <span class='ocrx_word' id='word_1_573' title='bbox 3258 3327 3579 3390; x_wconf 89' lang='lat' dir='ltr'><strong>immundis,</strong></span> <span class='ocrx_word' id='word_1_574' title='bbox 3600 3342 3700 3381; x_wconf 90' lang='lat' dir='ltr'><strong>cu-</strong></span> 
     </span>
    </p>
   </div>
   <div class='ocr_carea' id='block_1_77' title="bbox 2093 3423 3696 3490">
    <p class='ocr_par' dir='ltr' id='par_1_77' title="bbox 2093 3423 3696 3490">
     <span class='ocr_line' id='line_1_77' title="bbox 2093 3423 3696 3490; baseline -0.002 -11"><span class='ocrx_word' id='word_1_575' title='bbox 2093 3425 2375 3479; x_wconf 88' lang='lat' dir='ltr'><strong>rabantur.</strong></span> <span class='ocrx_word' id='word_1_576' title='bbox 2403 3423 2521 3477; x_wconf 83' lang='lat' dir='ltr'><strong>Non</strong></span> <span class='ocrx_word' id='word_1_577' title='bbox 2553 3425 2702 3477; x_wconf 90' lang='lat' dir='ltr'><strong>enim</strong></span> <span class='ocrx_word' id='word_1_578' title='bbox 2752 3425 2951 3490; x_wconf 84' lang='lat' dir='ltr'><strong>repetit</strong></span> <span class='ocrx_word' id='word_1_579' title='bbox 2999 3423 3457 3489; x_wconf 84' lang='lat' dir='ltr'><strong>conjunctionem</strong></span> <span class='ocrx_word' id='word_1_580' title='bbox 3503 3423 3696 3475; x_wconf 67' lang='lat' dir='ltr'><strong>xairr.</strong></span> 
     </span>
    </p>
   </div>
   <div class='ocr_carea' id='block_1_78' title="bbox 2094 3514 3699 3584">
    <p class='ocr_par' dir='ltr' id='par_1_78' title="bbox 2094 3514 3699 3584">
     <span class='ocr_line' id='line_1_78' title="bbox 2094 3514 3699 3584; baseline -0.002 -15"><span class='ocrx_word' id='word_1_581' title='bbox 2094 3527 2221 3571; x_wconf 90' lang='lat' dir='ltr'><strong>ante</strong></span> <span class='ocrx_word' id='word_1_582' title='bbox 2270 3517 2502 3571; x_wconf 82' lang='lat' dir='ltr'><strong>verbum</strong></span> <span class='ocrx_word' id='word_1_583' title='bbox 2558 3518 2909 3573; x_wconf 76' lang='lat' dir='ltr'><strong>curabuntur.</strong></span> <span class='ocrx_word' id='word_1_584' title='bbox 2941 3517 3094 3573; x_wconf 78' lang='lat' dir='ltr'><strong>Facit</strong></span> <span class='ocrx_word' id='word_1_585' title='bbox 3138 3517 3424 3573; x_wconf 82' lang='lat' dir='ltr'><strong>nobiscum</strong></span> <span class='ocrx_word' id='word_1_586' title='bbox 3470 3514 3699 3584; x_wconf 71' lang='lat' dir='ltr'><strong>Vulgata</strong></span> 
     </span>
    </p>
   </div>
   <div class='ocr_carea' id='block_1_79' title="bbox 2095 3611 2289 3665">
    <p class='ocr_par' dir='ltr' id='par_1_79' title="bbox 2095 3611 2289 3665">
     <span class='ocr_line' id='line_1_79' title="bbox 2095 3611 2289 3665; baseline 0 -1"><span class='ocrx_word' id='word_1_587' title='bbox 2095 3611 2289 3665; x_wconf 87' lang='lat' dir='ltr'><strong>editio.</strong></span> 
     </span>
    </p>
   </div>
   <div class='ocr_carea' id='block_1_80' title="bbox 2166 3702 3702 3775">
    <p class='ocr_par' dir='ltr' id='par_1_80' title="bbox 2166 3702 3702 3775">
     <span class='ocr_line' id='line_1_80' title="bbox 2166 3702 3702 3775; baseline -0.002 -17"><span class='ocrx_word' id='word_1_588' title='bbox 2166 3703 2221 3766; x_wconf 86' lang='lat'><strong>6.</strong></span> <span class='ocrx_word' id='word_1_589' title='bbox 2251 3705 2341 3759; x_wconf 75' lang='lat'><strong>20.</strong></span> <span class='ocrx_word' id='word_1_590' title='bbox 2371 3704 2435 3759; x_wconf 78' lang='lat' dir='ltr'><strong>Et</strong></span> <span class='ocrx_word' id='word_1_591' title='bbox 2484 3704 2601 3775; x_wconf 84' lang='lat' dir='ltr'><strong>ipse</strong></span> <span class='ocrx_word' id='word_1_592' title='bbox 2628 3705 2857 3759; x_wconf 87' lang='lat' dir='ltr'><strong>elevatis</strong></span> <span class='ocrx_word' id='word_1_593' title='bbox 2912 3706 3087 3760; x_wconf 87' lang='lat' dir='ltr'><strong>oculis</strong></span> <span class='ocrx_word' id='word_1_594' title='bbox 3129 3705 3247 3758; x_wconf 86' lang='lat' dir='ltr'><strong>suis</strong></span> <span class='ocrx_word' id='word_1_595' title='bbox 3295 3704 3348 3757; x_wconf 93' lang='lat' dir='ltr'><strong>in</strong></span> <span class='ocrx_word' id='word_1_596' title='bbox 3400 3702 3702 3769; x_wconf 72' lang='lat' dir='ltr'><strong>discipulos</strong></span> 
     </span>
    </p>
   </div>
   <div class='ocr_carea' id='block_1_81' title="bbox 2099 3795 3698 3867">
    <p class='ocr_par' dir='ltr' id='par_1_81' title="bbox 2099 3795 3698 3867">
     <span class='ocr_line' id='line_1_81' title="bbox 2099 3795 3698 3867; baseline -0.003 -18"><span class='ocrx_word' id='word_1_597' title='bbox 2099 3795 2443 3861; x_wconf 80' lang='lat' dir='ltr'><strong>(suos).Nam</strong></span> <span class='ocrx_word' id='word_1_598' title='bbox 2474 3798 2741 3867; x_wconf 89' lang='lat' dir='ltr'><strong>repetitur</strong></span> <span class='ocrx_word' id='word_1_599' title='bbox 2766 3796 2933 3849; x_wconf 77' lang='grc' dir='ltr'>αὑτοῦ</span> <span class='ocrx_word' id='word_1_600' title='bbox 2960 3814 3104 3852; x_wconf 81' lang='lat' dir='ltr'><strong>suos.</strong></span> <span class='ocrx_word' id='word_1_601' title='bbox 3138 3796 3369 3850; x_wconf 81' lang='lat' dir='ltr'><strong>Faciunt</strong></span> <span class='ocrx_word' id='word_1_602' title='bbox 3404 3796 3698 3849; x_wconf 76' lang='lat' dir='ltr'><strong>nobiscum</strong></span> 
     </span>
    </p>
   </div>
   <div class='ocr_carea' id='block_1_82' title="bbox 2096 3886 3703 3959">
    <p class='ocr_par' dir='ltr' id='par_1_82' title="bbox 2096 3886 3703 3959">
     <span class='ocr_line' id='line_1_82' title="bbox 2096 3886 3703 3959; baseline -0.001 -17"><span class='ocrx_word' id='word_1_603' title='bbox 2096 3895 2155 3942; x_wconf 91' lang='lat' dir='ltr'><strong>et</strong></span> <span class='ocrx_word' id='word_1_604' title='bbox 2188 3890 2597 3959; x_wconf 81' lang='lat' dir='ltr'><strong>Complutensis</strong></span> <span class='ocrx_word' id='word_1_605' title='bbox 2624 3893 2680 3945; x_wconf 87' lang='lat' dir='ltr'><strong>et</strong></span> <span class='ocrx_word' id='word_1_606' title='bbox 2708 3890 2937 3959; x_wconf 81' lang='lat' dir='ltr'><strong>Vulgata</strong></span> <span class='ocrx_word' id='word_1_607' title='bbox 2970 3891 3145 3943; x_wconf 85' lang='lat' dir='ltr'><strong>editio</strong></span> <span class='ocrx_word' id='word_1_608' title='bbox 3184 3908 3197 3943; x_wconf 88' lang='lat'><strong>:</strong></span> <span class='ocrx_word' id='word_1_609' title='bbox 3232 3903 3546 3958; x_wconf 88' lang='lat' dir='ltr'><strong>quanquam</strong></span> <span class='ocrx_word' id='word_1_610' title='bbox 3582 3886 3703 3940; x_wconf 78' lang='lat' dir='ltr'><strong>hrec</strong></span> 
     </span>
    </p>
   </div>
   <div class='ocr_carea' id='block_1_83' title="bbox 2099 3980 3701 4053">
    <p class='ocr_par' dir='ltr' id='par_1_83' title="bbox 2099 3980 3701 4053">
     <span class='ocr_line' id='line_1_83' title="bbox 2099 3980 3701 4053; baseline 0.001 -20"><span class='ocrx_word' id='word_1_611' title='bbox 2099 3981 2169 4035; x_wconf 90' lang='lat' dir='ltr'><strong>ad</strong></span> <span class='ocrx_word' id='word_1_612' title='bbox 2208 3980 2505 4036; x_wconf 89' lang='lat' dir='ltr'><strong>dictionem</strong></span> <span class='ocrx_word' id='word_1_613' title='bbox 2535 3980 2737 4039; x_wconf 75' lang='lat' dir='ltr'><strong>Oculis.</strong></span> <span class='ocrx_word' id='word_1_614' title='bbox 2762 3997 2871 4035; x_wconf 92' lang='lat' dir='ltr'><strong>non</strong></span> <span class='ocrx_word' id='word_1_615' title='bbox 2902 3982 3151 4053; x_wconf 72' lang='lat' dir='ltr'><strong>adiungit</strong></span> <span class='ocrx_word' id='word_1_616' title='bbox 3186 3981 3534 4051; x_wconf 87' lang='lat' dir='ltr'><strong>reciprocum</strong></span> <span class='ocrx_word' id='word_1_617' title='bbox 3565 3982 3701 4035; x_wconf 77' lang='lat' dir='ltr'><strong>suis.</strong></span> 
     </span>
    </p>
   </div>
   <div class='ocr_carea' id='block_1_84' title="bbox 2100 4072 3119 4144">
    <p class='ocr_par' dir='ltr' id='par_1_84' title="bbox 2100 4072 3119 4144">
     <span class='ocr_line' id='line_1_84' title="bbox 2100 4072 3119 4144; baseline 0.003 -17"><span class='ocrx_word' id='word_1_618' title='bbox 2100 4072 2271 4144; x_wconf 89' lang='lat' dir='ltr'><strong>idque</strong></span> <span class='ocrx_word' id='word_1_619' title='bbox 2304 4076 2472 4129; x_wconf 89' lang='lat' dir='ltr'><strong>male.</strong></span> <span class='ocrx_word' id='word_1_620' title='bbox 3117 4082 3119 4084; x_wconf 77' lang='grc'><em>’</em></span> 
     </span>
    </p>
   </div>
   <div class='ocr_carea' id='block_1_85' title="bbox 2169 4162 3702 4227">
    <p class='ocr_par' dir='ltr' id='par_1_85' title="bbox 2169 4162 3702 4227">
     <span class='ocr_line' id='line_1_85' title="bbox 2169 4162 3702 4227; baseline -0.002 -9"><span class='ocrx_word' id='word_1_621' title='bbox 2169 4162 2344 4227; x_wconf 73' lang='grc'><strong>6.23.</strong></span> <span class='ocrx_word' id='word_1_622' title='bbox 2394 4166 2541 4220; x_wconf 82' lang='lat' dir='ltr'><strong>Ecce</strong></span> <span class='ocrx_word' id='word_1_623' title='bbox 2584 4167 2734 4221; x_wconf 89' lang='lat' dir='ltr'><strong>enim</strong></span> <span class='ocrx_word' id='word_1_624' title='bbox 2792 4181 3005 4221; x_wconf 86' lang='lat' dir='ltr'><strong>merces</strong></span> <span class='ocrx_word' id='word_1_625' title='bbox 3041 4174 3221 4220; x_wconf 88' lang='lat' dir='ltr'><strong>vestra</strong></span> <span class='ocrx_word' id='word_1_626' title='bbox 3287 4165 3459 4219; x_wconf 89' lang='lat' dir='ltr'><strong>multa</strong></span> <span class='ocrx_word' id='word_1_627' title='bbox 3505 4172 3592 4219; x_wconf 85' lang='lat' dir='ltr'><strong>est</strong></span> <span class='ocrx_word' id='word_1_628' title='bbox 3647 4162 3702 4216; x_wconf 91' lang='lat' dir='ltr'><strong>in</strong></span> 
     </span>
    </p>
   </div>
   <div class='ocr_carea' id='block_1_86' title="bbox 2100 4253 3706 4327">
    <p class='ocr_par' dir='ltr' id='par_1_86' title="bbox 2100 4253 3706 4327">
     <span class='ocr_line' id='line_1_86' title="bbox 2100 4253 3706 4327; baseline -0.002 -16"><span class='ocrx_word' id='word_1_629' title='bbox 2100 4255 2286 4327; x_wconf 69' lang='lat' dir='ltr'><strong>(caelo)</strong></span> <span class='ocrx_word' id='word_1_630' title='bbox 2312 4272 2425 4311; x_wconf 90' lang='lat' dir='ltr'><strong>non</strong></span> <span class='ocrx_word' id='word_1_631' title='bbox 2472 4258 2533 4309; x_wconf 79' lang='grc' dir='ltr'><strong>ὲν</strong></span> <span class='ocrx_word' id='word_1_632' title='bbox 2556 4260 2672 4320; x_wconf 74' lang='grc' dir='ltr'><strong>τοῖς</strong></span> <span class='ocrx_word' id='word_1_633' title='bbox 2697 4259 2975 4327; x_wconf 70' lang='grc' dir='ltr'><strong>οὐρανοῖς,</strong></span> <span class='ocrx_word' id='word_1_634' title='bbox 3000 4258 3056 4308; x_wconf 83' lang='lat' dir='ltr'><strong>iu</strong></span> <span class='ocrx_word' id='word_1_635' title='bbox 3087 4256 3232 4308; x_wconf 70' lang='lat' dir='ltr'><strong>mli:</strong></span> <span class='ocrx_word' id='word_1_636' title='bbox 3263 4256 3569 4325; x_wconf 90' lang='lat' dir='ltr'><strong>pluraliter.</strong></span> <span class='ocrx_word' id='word_1_637' title='bbox 3600 4253 3706 4307; x_wconf 82' lang='lat' dir='ltr'><strong>Fa-</strong></span> 
     </span>
    </p>
   </div>
   <div class='ocr_carea' id='block_1_87' title="bbox 2102 4346 3271 4415">
    <p class='ocr_par' dir='ltr' id='par_1_87' title="bbox 2102 4346 3271 4415">
     <span class='ocr_line' id='line_1_87' title="bbox 2102 4346 3271 4415; baseline -0.002 -13"><span class='ocrx_word' id='word_1_638' title='bbox 2102 4346 2179 4402; x_wconf 89' lang='lat' dir='ltr'><strong>cit</strong></span> <span class='ocrx_word' id='word_1_639' title='bbox 2212 4346 2504 4402; x_wconf 83' lang='lat' dir='ltr'><strong>nohiscum</strong></span> <span class='ocrx_word' id='word_1_640' title='bbox 2544 4347 2940 4415; x_wconf 87' lang='lat' dir='ltr'><strong>Complutense</strong></span> <span class='ocrx_word' id='word_1_641' title='bbox 2968 4346 3271 4415; x_wconf 83' lang='lat' dir='ltr'><strong>exemplar.</strong></span> 
     </span>
    </p>
   </div>
   <div class='ocr_carea' id='block_1_88' title="bbox 2178 4436 3706 4501">
    <p class='ocr_par' dir='ltr' id='par_1_88' title="bbox 2178 4436 3706 4501">
     <span class='ocr_line' id='line_1_88' title="bbox 2178 4436 3706 4501; baseline -0.003 -9"><span class='ocrx_word' id='word_1_642' title='bbox 2178 4437 2342 4501; x_wconf 73' lang='lat'><strong>6,26.</strong></span> <span class='ocrx_word' id='word_1_643' title='bbox 2376 4439 2467 4493; x_wconf 69' lang='lat' dir='ltr'><strong>Va:</strong></span> <span class='ocrx_word' id='word_1_644' title='bbox 2498 4455 2625 4494; x_wconf 88' lang='lat' dir='ltr'><strong>cum</strong></span> <span class='ocrx_word' id='word_1_645' title='bbox 2674 4439 3029 4493; x_wconf 83' lang='lat' dir='ltr'><strong>laudaverint</strong></span> <span class='ocrx_word' id='word_1_646' title='bbox 3090 4454 3187 4492; x_wconf 91' lang='lat' dir='ltr'><strong>vos</strong></span> <span class='ocrx_word' id='word_1_647' title='bbox 3254 4438 3529 4492; x_wconf 88' lang='lat' dir='ltr'><strong>homines.</strong></span> <span class='ocrx_word' id='word_1_648' title='bbox 3584 4436 3706 4490; x_wconf 79' lang='lat' dir='ltr'><strong>Non</strong></span> 
     </span>
    </p>
   </div>
   <div class='ocr_carea' id='block_1_89' title="bbox 407 4495 3709 4601">
    <p class='ocr_par' dir='ltr' id='par_1_89' title="bbox 407 4495 3709 4601">
     <span class='ocr_line' id='line_1_89' title="bbox 407 4495 3709 4601; baseline -0.001 -17"><span class='ocrx_word' id='word_1_649' title='bbox 407 4524 557 4585; x_wconf 81' lang='lat' dir='ltr'><strong>Levi.</strong></span> <span class='ocrx_word' id='word_1_650' title='bbox 576 4495 796 4595; x_wconf 70' lang='lat' dir='ltr'><strong>qui-finit</strong></span> <span class='ocrx_word' id='word_1_651' title='bbox 819 4495 1040 4585; x_wconf 73' lang='lat' dir='ltr'><strong>IIelchi.</strong></span> <span class='ocrx_word' id='word_1_652' title='bbox 1066 4495 1285 4593; x_wconf 26' lang='lat' dir='ltr'><strong>qui-fuit</strong></span> <span class='ocrx_word' id='word_1_653' title='bbox 1305 4521 1505 4588; x_wconf 86' lang='lat' dir='ltr'><strong>Ianna,</strong></span> <span class='ocrx_word' id='word_1_654' title='bbox 1526 4525 1619 4595; x_wconf 88' lang='lat' dir='ltr'><strong>qui</strong></span> <span class='ocrx_word' id='word_1_655' title='bbox 1642 4495 1747 4579; x_wconf 85' lang='lat' dir='ltr'><strong>fuit</strong></span> <span class='ocrx_word' id='word_1_656' title='bbox 1768 4495 1995 4595; x_wconf 82' lang='lat' dir='ltr'><strong>Ioseph.</strong></span> <span class='ocrx_word' id='word_1_657' title='bbox 2030 4495 2079 4553; x_wconf 72' lang='grc' dir='ltr'><strong>θ</strong></span> <span class='ocrx_word' id='word_1_658' title='bbox 2104 4495 2252 4585; x_wconf 82' lang='lat' dir='ltr'><strong>enim</strong></span> <span class='ocrx_word' id='word_1_659' title='bbox 2283 4531 2506 4585; x_wconf 87' lang='lat' dir='ltr'><strong>additur</strong></span> <span class='ocrx_word' id='word_1_660' title='bbox 2539 4532 2669 4600; x_wconf 79' lang='grc' dir='ltr'><strong>ὑμῖν</strong></span> <span class='ocrx_word' id='word_1_661' title='bbox 2694 4532 2990 4601; x_wconf 76' lang='lat' dir='ltr'><strong>vobis,post</strong></span> <span class='ocrx_word' id='word_1_662' title='bbox 3017 4530 3463 4599; x_wconf 71' lang='lat' dir='ltr'><strong>interiectionem</strong></span> <span class='ocrx_word' id='word_1_663' title='bbox 3510 4544 3611 4581; x_wconf 76' lang='lat' dir='ltr'><strong>um.</strong></span> <span class='ocrx_word' id='word_1_664' title='bbox 3640 4528 3709 4581; x_wconf 77' lang='lat' dir='ltr'><strong>Et</strong></span> 
     </span>
    </p>
   </div>
   <div class='ocr_carea' id='block_1_90' title="bbox 404 4614 1997 4689">
    <p class='ocr_par' dir='ltr' id='par_1_90' title="bbox 404 4614 1997 4689">
     <span class='ocr_line' id='line_1_90' title="bbox 404 4614 1997 4689; baseline -0.001 -18"><span class='ocrx_word' id='word_1_665' title='bbox 404 4618 496 4689; x_wconf 88' lang='lat' dir='ltr'><strong>qui</strong></span> <span class='ocrx_word' id='word_1_666' title='bbox 537 4618 639 4671; x_wconf 89' lang='lat' dir='ltr'><strong>fuit</strong></span> <span class='ocrx_word' id='word_1_667' title='bbox 669 4615 999 4677; x_wconf 69' lang='lat' dir='ltr'><strong>Ilatatheize.</strong></span> <span class='ocrx_word' id='word_1_668' title='bbox 1031 4616 1125 4684; x_wconf 90' lang='lat' dir='ltr'><strong>qui</strong></span> <span class='ocrx_word' id='word_1_669' title='bbox 1154 4614 1258 4670; x_wconf 92' lang='lat' dir='ltr'><strong>fuit</strong></span> <span class='ocrx_word' id='word_1_670' title='bbox 1290 4615 1475 4681; x_wconf 83' lang='lat' dir='ltr'><strong>Amos,</strong></span> <span class='ocrx_word' id='word_1_671' title='bbox 1503 4617 1598 4687; x_wconf 90' lang='lat' dir='ltr'><strong>qui</strong></span> <span class='ocrx_word' id='word_1_672' title='bbox 1645 4616 1751 4671; x_wconf 87' lang='lat' dir='ltr'><strong>fuit</strong></span> <span class='ocrx_word' id='word_1_673' title='bbox 1794 4616 1997 4682; x_wconf 80' lang='lat' dir='ltr'><strong>Naum,</strong></span> 
     </span>
    </p>
   </div>
   <div class='ocr_carea' id='block_1_91' title="bbox 402 4706 1996 4780">
    <p class='ocr_par' dir='ltr' id='par_1_91' title="bbox 402 4706 1996 4780">
     <span class='ocr_line' id='line_1_91' title="bbox 402 4706 1996 4780; baseline -0.001 -17"><span class='ocrx_word' id='word_1_674' title='bbox 402 4711 494 4780; x_wconf 88' lang='lat' dir='ltr'><strong>qui</strong></span> <span class='ocrx_word' id='word_1_675' title='bbox 529 4709 629 4763; x_wconf 91' lang='lat' dir='ltr'><strong>fuit</strong></span> <span class='ocrx_word' id='word_1_676' title='bbox 680 4706 829 4771; x_wconf 79' lang='lat' dir='ltr'><strong>Ezel,</strong></span> <span class='ocrx_word' id='word_1_677' title='bbox 860 4707 953 4778; x_wconf 84' lang='lat' dir='ltr'><strong>qui</strong></span> <span class='ocrx_word' id='word_1_678' title='bbox 993 4707 1095 4762; x_wconf 85' lang='lat' dir='ltr'><strong>fuit</strong></span> <span class='ocrx_word' id='word_1_679' title='bbox 1147 4707 1369 4779; x_wconf 70' lang='lat' dir='ltr'><strong>Naggz.</strong></span> <span class='ocrx_word' id='word_1_680' title='bbox 1392 4708 1486 4778; x_wconf 91' lang='lat' dir='ltr'><strong>qui</strong></span> <span class='ocrx_word' id='word_1_681' title='bbox 1523 4708 1629 4762; x_wconf 87' lang='lat' dir='ltr'><strong>fuit</strong></span> <span class='ocrx_word' id='word_1_682' title='bbox 1676 4708 1879 4770; x_wconf 78' lang='lat' dir='ltr'><strong>Mahat,</strong></span> <span class='ocrx_word' id='word_1_683' title='bbox 1904 4711 1996 4779; x_wconf 88' lang='lat' dir='ltr'><strong>qui</strong></span> 
     </span>
    </p>
   </div>
   <div class='ocr_carea' id='block_1_92' title="bbox 406 4800 1997 4872">
    <p class='ocr_par' dir='ltr' id='par_1_92' title="bbox 406 4800 1997 4872">
     <span class='ocr_line' id='line_1_92' title="bbox 406 4800 1997 4872; baseline -0.001 -15"><span class='ocrx_word' id='word_1_684' title='bbox 406 4802 509 4857; x_wconf 89' lang='lat' dir='ltr'><strong>fuit</strong></span> <span class='ocrx_word' id='word_1_685' title='bbox 543 4801 871 4863; x_wconf 68' lang='lat' dir='ltr'><strong>Ilatatheia&#39;,</strong></span> <span class='ocrx_word' id='word_1_686' title='bbox 890 4800 989 4871; x_wconf 85' lang='lat' dir='ltr'><strong>qui</strong></span> <span class='ocrx_word' id='word_1_687' title='bbox 1020 4800 1124 4855; x_wconf 79' lang='lat' dir='ltr'><strong>fuit</strong></span> <span class='ocrx_word' id='word_1_688' title='bbox 1155 4801 1362 4868; x_wconf 83' lang='lat' dir='ltr'><strong>Semel,</strong></span> <span class='ocrx_word' id='word_1_689' title='bbox 1398 4803 1491 4872; x_wconf 90' lang='lat' dir='ltr'><strong>qui</strong></span> <span class='ocrx_word' id='word_1_690' title='bbox 1520 4801 1624 4865; x_wconf 80' lang='lat' dir='ltr'><strong>fuit</strong></span> <span class='ocrx_word' id='word_1_691' title='bbox 1650 4801 1879 4871; x_wconf 80' lang='lat' dir='ltr'><strong>Ioseph,</strong></span> <span class='ocrx_word' id='word_1_692' title='bbox 1902 4802 1997 4872; x_wconf 90' lang='lat' dir='ltr'><strong>qui</strong></span> 
     </span>
    </p>
   </div>
   <div class='ocr_carea' id='block_1_93' title="bbox 408 4893 1997 4966">
    <p class='ocr_par' dir='ltr' id='par_1_93' title="bbox 408 4893 1997 4966">
     <span class='ocr_line' id='line_1_93' title="bbox 408 4893 1997 4966; baseline 0.001 -17"><span class='ocrx_word' id='word_1_693' title='bbox 408 4894 510 4950; x_wconf 89' lang='lat' dir='ltr'><strong>fuit</strong></span> <span class='ocrx_word' id='word_1_694' title='bbox 540 4893 800 4958; x_wconf 89' lang='lat' dir='ltr'><strong>Iehuda.,</strong></span> <span class='ocrx_word' id='word_1_695' title='bbox 826 4894 919 4963; x_wconf 89' lang='lat' dir='ltr'><strong>qui</strong></span> <span class='ocrx_word' id='word_1_696' title='bbox 961 4893 1062 4949; x_wconf 89' lang='lat' dir='ltr'><strong>fuit</strong></span> <span class='ocrx_word' id='word_1_697' title='bbox 1090 4893 1408 4956; x_wconf 85' lang='lat' dir='ltr'><strong>Iohannan.</strong></span> <span class='ocrx_word' id='word_1_698' title='bbox 1433 4894 1528 4965; x_wconf 92' lang='lat' dir='ltr'><strong>qui</strong></span> <span class='ocrx_word' id='word_1_699' title='bbox 1570 4894 1674 4951; x_wconf 92' lang='lat' dir='ltr'><strong>fuit</strong></span> <span class='ocrx_word' id='word_1_700' title='bbox 1706 4895 1873 4960; x_wconf 70' lang='lat' dir='ltr'><strong>liesa,</strong></span> <span class='ocrx_word' id='word_1_701' title='bbox 1903 4896 1997 4966; x_wconf 90' lang='lat' dir='ltr'><strong>qui</strong></span> 
     </span>
    </p>
   </div>
   <div class='ocr_carea' id='block_1_94' title="bbox 407 4970 1999 5060">
    <p class='ocr_par' dir='ltr' id='par_1_94' title="bbox 407 4970 1999 5060">
     <span class='ocr_line' id='line_1_94' title="bbox 407 4970 1999 5060; baseline 0.001 -17"><span class='ocrx_word' id='word_1_702' title='bbox 407 4989 510 5044; x_wconf 84' lang='lat' dir='ltr'><strong>fuit</strong></span> <span class='ocrx_word' id='word_1_703' title='bbox 534 4970 901 5054; x_wconf 68' lang='lat' dir='ltr'><strong>Zordhbabel,</strong></span> <span class='ocrx_word' id='word_1_704' title='bbox 924 4986 1022 5059; x_wconf 82' lang='lat' dir='ltr'><strong>qui</strong></span> <span class='ocrx_word' id='word_1_705' title='bbox 1047 4986 1151 5043; x_wconf 86' lang='lat' dir='ltr'><strong>fuit</strong></span> <span class='ocrx_word' id='word_1_706' title='bbox 1177 4987 1422 5054; x_wconf 88' lang='lat' dir='ltr'><strong>Sealtiel,</strong></span> <span class='ocrx_word' id='word_1_707' title='bbox 1445 4992 1539 5060; x_wconf 84' lang='lat' dir='ltr'><strong>qui</strong></span> <span class='ocrx_word' id='word_1_708' title='bbox 1564 4989 1666 5044; x_wconf 87' lang='lat' dir='ltr'><strong>fuit</strong></span> <span class='ocrx_word' id='word_1_709' title='bbox 1708 4988 1862 5054; x_wconf 81' lang='lat' dir='ltr'><strong>Neri,</strong></span> <span class='ocrx_word' id='word_1_710' title='bbox 1904 4990 1999 5060; x_wconf 91' lang='lat' dir='ltr'><strong>qui</strong></span> 
     </span>
    </p>
   </div>
   <div class='ocr_carea' id='block_1_95' title="bbox 481 5208 1723 5281">
    <p class='ocr_par' dir='ltr' id='par_1_95' title="bbox 481 5208 1723 5281">
     <span class='ocr_line' id='line_1_95' title="bbox 481 5208 1723 5281; baseline 0.001 -17"><span class='ocrx_word' id='word_1_711' title='bbox 481 5209 558 5281; x_wconf 68' lang='lat' dir='ltr'><strong>(gi</strong></span> <span class='ocrx_word' id='word_1_712' title='bbox 592 5208 853 5263; x_wconf 75' lang='lat' dir='ltr'><strong>Erasmus</strong></span> <span class='ocrx_word' id='word_1_713' title='bbox 891 5210 942 5263; x_wconf 74' lang='lat' dir='ltr'><strong>el</strong></span> <span class='ocrx_word' id='word_1_714' title='bbox 972 5209 1147 5281; x_wconf 69' lang='lat' dir='ltr'><strong>edidit</strong></span> <span class='ocrx_word' id='word_1_715' title='bbox 1181 5249 1197 5275; x_wconf 91' lang='lat'><strong>,</strong></span> <span class='ocrx_word' id='word_1_716' title='bbox 1220 5219 1283 5265; x_wconf 86' lang='lat' dir='ltr'><strong>ut</strong></span> <span class='ocrx_word' id='word_1_717' title='bbox 1310 5225 1476 5281; x_wconf 83' lang='lat' dir='ltr'><strong>supra</strong></span> <span class='ocrx_word' id='word_1_718' title='bbox 1509 5209 1723 5279; x_wconf 72' lang='grc' dir='ltr'><strong>ῥαϐϐεί.</strong></span> 
     </span>
    </p>
   </div>
   <div class='ocr_carea' id='block_1_96' title="bbox 476 5226 2003 5354">
    <p class='ocr_par' dir='ltr' id='par_1_96' title="bbox 476 5226 2003 5354">
     <span class='ocr_line' id='line_1_96' title="bbox 481 5226 1723 5335; baseline 0.001 -71"><span class='ocrx_word' id='word_1_719' title='bbox 481 5226 558 5281; x_wconf 71' lang='grc' dir='ltr'><strong>(ω</strong></span> <span class='ocrx_word' id='word_1_720' title='bbox 592 5226 853 5263; x_wconf 66' lang='lat' dir='ltr'><strong>erasmus</strong></span> <span class='ocrx_word' id='word_1_721' title='bbox 891 5226 942 5263; x_wconf 77' lang='lat' dir='ltr'><strong>et</strong></span> <span class='ocrx_word' id='word_1_722' title='bbox 972 5226 1147 5265; x_wconf 80' lang='lat' dir='ltr'><strong>eunm</strong></span> <span class='ocrx_word' id='word_1_723' title='bbox 1181 5249 1197 5275; x_wconf 91' lang='lat'><strong>,</strong></span> <span class='ocrx_word' id='word_1_724' title='bbox 1220 5226 1283 5265; x_wconf 85' lang='lat' dir='ltr'><strong>ut</strong></span> <span class='ocrx_word' id='word_1_725' title='bbox 1310 5226 1476 5335; x_wconf 58' lang='lat' dir='ltr'><strong>suKra</strong></span> <span class='ocrx_word' id='word_1_726' title='bbox 1509 5226 1723 5279; x_wconf 77' lang='grc' dir='ltr'><strong>ραοοει.</strong></span> 
     </span>
     <span class='ocr_line' id='line_1_97' title="bbox 476 5279 2003 5354; baseline 0.003 -21"><span class='ocrx_word' id='word_1_727' title='bbox 476 5281 861 5354; x_wconf 13' lang='grc' dir='ltr'><strong>(ιὶίϐιπγιρει.</strong></span> <span class='ocrx_word' id='word_1_728' title='bbox 886 5290 932 5354; x_wconf 85' lang='lat' dir='ltr'><strong>t_.</strong></span> <span class='ocrx_word' id='word_1_729' title='bbox 973 5279 1093 5354; x_wconf 64' lang='lat' dir='ltr'><strong>VII.</strong></span> <span class='ocrx_word' id='word_1_730' title='bbox 1125 5298 1179 5349; x_wconf 92' lang='lat' dir='ltr'><strong>p.</strong></span> <span class='ocrx_word' id='word_1_731' title='bbox 1210 5281 1335 5354; x_wconf 59' lang='grc' dir='ltr'><strong>192ἲ</strong></span> <span class='ocrx_word' id='word_1_732' title='bbox 1416 5282 1817 5354; x_wconf 79' lang='lat' dir='ltr'><strong>._vehementer</strong></span> <span class='ocrx_word' id='word_1_733' title='bbox 1844 5292 2003 5354; x_wconf 89' lang='lat' dir='ltr'><strong>urget</strong></span> 
     </span>
    </p>
   </div>
   <div class='ocr_carea' id='block_1_97' title="bbox 406 5349 1994 5439">
    <p class='ocr_par' dir='ltr' id='par_1_97' title="bbox 406 5349 1994 5439">
     <span class='ocr_line' id='line_1_98' title="bbox 406 5349 1994 5439; baseline 0.002 -35"><span class='ocrx_word' id='word_1_734' title='bbox 406 5351 469 5405; x_wconf 75' lang='grc' dir='ltr'><strong>τὸ</strong></span> <span class='ocrx_word' id='word_1_735' title='bbox 499 5353 724 5439; x_wconf 57' lang='grc' dir='ltr'><strong>πρντες.</strong></span> <span class='ocrx_word' id='word_1_736' title='bbox 761 5349 829 5439; x_wconf 63' lang='lat'><strong>:0</strong></span> <span class='ocrx_word' id='word_1_737' title='bbox 877 5351 1211 5439; x_wconf 61' lang='lat' dir='ltr'><strong>Gt_Aquatd;,</strong></span> <span class='ocrx_word' id='word_1_738' title='bbox 1246 5352 1395 5439; x_wconf 69' lang='lat' dir='ltr'><strong>enim</strong></span> <span class='ocrx_word' id='word_1_739' title='bbox 1442 5349 1639 5423; x_wconf 86' lang='lat' dir='ltr'><strong>inquit,</strong></span> <span class='ocrx_word' id='word_1_740' title='bbox 1675 5355 1772 5439; x_wconf 57' lang='lat' dir='ltr'><strong>1:ch</strong></span> <span class='ocrx_word' id='word_1_741' title='bbox 1808 5349 1994 5434; x_wconf 60' lang='grc' dir='ltr'><strong>ἐπιξε-</strong></span> 
     </span>
    </p>
   </div>
   <div class='ocr_carea' id='block_1_98' title="bbox 409 5422 2002 5564">
    <p class='ocr_par' dir='ltr' id='par_1_98' title="bbox 409 5422 2002 5564">
     <span class='ocr_line' id='line_1_99' title="bbox 410 5422 2002 5493; baseline 0.004 -20"><span class='ocrx_word' id='word_1_742' title='bbox 410 5422 661 5491; x_wconf 68' lang='grc' dir='ltr'><strong>ταμὲνως</strong></span> <span class='ocrx_word' id='word_1_743' title='bbox 688 5423 784 5474; x_wconf 75' lang='grc' dir='ltr'><strong>καὶ</strong></span> <span class='ocrx_word' id='word_1_744' title='bbox 809 5423 965 5491; x_wconf 68' lang='grc' dir='ltr'><strong>,μετὰ</strong></span> <span class='ocrx_word' id='word_1_745' title='bbox 991 5422 1242 5484; x_wconf 74' lang='grc' dir='ltr'><strong>πλείονος</strong></span> <span class='ocrx_word' id='word_1_746' title='bbox 1261 5424 1427 5477; x_wconf 75' lang='grc' dir='ltr'><strong>αὑτὸν</strong></span> <span class='ocrx_word' id='word_1_747' title='bbox 1456 5422 1812 5493; x_wconf 57' lang='grc' dir='ltr'><strong>πίραμυθιας</strong></span> <span class='ocrx_word' id='word_1_748' title='bbox 1836 5425 2002 5479; x_wconf 80' lang='grc' dir='ltr'><strong>τοῦτα</strong></span> 
     </span>
     <span class='ocr_line' id='line_1_100' title="bbox 409 5492 1999 5564; baseline 0.005 -22"><span class='ocrx_word' id='word_1_749' title='bbox 409 5493 695 5564; x_wconf 51' lang='grc' dir='ltr'><strong>εἰρηκέναι</strong></span> <span class='ocrx_word' id='word_1_750' title='bbox 730 5492 919 5564; x_wconf 64' lang='grc' dir='ltr'><strong>φηᾳίν.</strong></span> <span class='ocrx_word' id='word_1_751' title='bbox 951 5493 1029 5547; x_wconf 81' lang='grc' dir='ltr'><strong>Οὐ</strong></span> <span class='ocrx_word' id='word_1_752' title='bbox 1060 5494 1170 5564; x_wconf 72' lang='grc' dir='ltr'><strong>γὰρ</strong></span> <span class='ocrx_word' id='word_1_753' title='bbox 1197 5494 1269 5564; x_wconf 69' lang='grc' dir='ltr'>δὴ</span> <span class='ocrx_word' id='word_1_754' title='bbox 1298 5494 1461 5563; x_wconf 81' lang='grc' dir='ltr'><strong>μόνον</strong></span> <span class='ocrx_word' id='word_1_755' title='bbox 1504 5496 1633 5558; x_wconf 81' lang='grc' dir='ltr'><strong>τοὺς</strong></span> <span class='ocrx_word' id='word_1_756' title='bbox 1677 5497 1869 5560; x_wconf 78' lang='grc' dir='ltr'><strong>κακῶς</strong></span> <span class='ocrx_word' id='word_1_757' title='bbox 1908 5496 1999 5551; x_wconf 75' lang='grc' dir='ltr'>διὰ</span> 
     </span>
    </p>
   </div>
   <div class='ocr_carea' id='block_1_99' title="bbox 408 5562 2002 5637">
    <p class='ocr_par' dir='ltr' id='par_1_99' title="bbox 408 5562 2002 5637">
     <span class='ocr_line' id='line_1_101' title="bbox 408 5562 2002 5637; baseline 0.006 -22"><span class='ocrx_word' id='word_1_758' title='bbox 408 5564 503 5637; x_wconf 66' lang='grc' dir='ltr'><strong>τὸν</strong></span> <span class='ocrx_word' id='word_1_759' title='bbox 532 5562 667 5617; x_wconf 75' lang='grc' dir='ltr'><strong>Θεὸν</strong></span> <span class='ocrx_word' id='word_1_760' title='bbox 698 5562 1003 5637; x_wconf 55' lang='lat' dir='ltr'><strong>uacatione;</strong></span> <span class='ocrx_word' id='word_1_761' title='bbox 1023 5562 1338 5637; x_wconf 60' lang='grc' dir='ltr'><strong>Δμετυέιρεζέι</strong></span> <span class='ocrx_word' id='word_1_762' title='bbox 1356 5582 1371 5596; x_wconf 79' lang='grc'><em>’</em></span> <span class='ocrx_word' id='word_1_763' title='bbox 1400 5565 1539 5620; x_wconf 70' lang='grc' dir='ltr'><strong>ἀλλὰ</strong></span> <span class='ocrx_word' id='word_1_764' title='bbox 1569 5566 1665 5619; x_wconf 74' lang='grc' dir='ltr'><strong>καὶ</strong></span> <span class='ocrx_word' id='word_1_765' title='bbox 1694 5568 1823 5631; x_wconf 70' lang='grc' dir='ltr'><strong>τοὺς</strong></span> <span class='ocrx_word' id='word_1_766' title='bbox 1851 5571 2002 5637; x_wconf 66' lang='grc' dir='ltr'><strong>παρὰ</strong></span> 
     </span>
    </p>
   </div>
   <div class='ocr_carea' id='block_1_100' title="bbox 410 5633 2001 5709">
    <p class='ocr_par' dir='ltr' id='par_1_100' title="bbox 410 5633 2001 5709">
     <span class='ocr_line' id='line_1_102' title="bbox 410 5633 2001 5709; baseline 0.004 -23"><span class='ocrx_word' id='word_1_767' title='bbox 410 5633 657 5709; x_wconf 39' lang='lat' dir='ltr'><strong>adﬁrma:</strong></span> <span class='ocrx_word' id='word_1_768' title='bbox 684 5634 879 5709; x_wconf 59' lang='grc' dir='ltr'><strong>καλῶς</strong></span> <span class='ocrx_word' id='word_1_769' title='bbox 901 5633 1208 5709; x_wconf 43' lang='lat' dir='ltr'><strong>exegimus</strong></span> <span class='ocrx_word' id='word_1_770' title='bbox 1230 5637 1533 5700; x_wconf 70' lang='grc' dir='ltr'><strong>τιλινίζει·</strong></span> <span class='ocrx_word' id='word_1_771' title='bbox 1549 5638 1675 5691; x_wconf 77' lang='grc' dir='ltr'><strong>οὐαὶ</strong></span> <span class='ocrx_word' id='word_1_772' title='bbox 1697 5639 1806 5708; x_wconf 69' lang='grc' dir='ltr'><strong>γὰρ</strong></span> <span class='ocrx_word' id='word_1_773' title='bbox 1835 5633 2001 5709; x_wconf 73' lang='grc' dir='ltr'><strong>ὑμῖν,</strong></span> 
     </span>
    </p>
   </div>
   <div class='ocr_carea' id='block_1_101' title="bbox 411 5705 2000 5779">
    <p class='ocr_par' dir='ltr' id='par_1_101' title="bbox 411 5705 2000 5779">
     <span class='ocr_line' id='line_1_103' title="bbox 411 5705 2000 5779; baseline 0.006 -24"><span class='ocrx_word' id='word_1_774' title='bbox 411 5705 601 5779; x_wconf 54' lang='grc' dir='ltr'><strong>φησὶν,</strong></span> <span class='ocrx_word' id='word_1_775' title='bbox 633 5706 764 5779; x_wconf 54' lang='grc' dir='ltr'><strong>ὅταν</strong></span> <span class='ocrx_word' id='word_1_776' title='bbox 793 5706 976 5769; x_wconf 75' lang='grc' dir='ltr'><strong>καλῶς</strong></span> <span class='ocrx_word' id='word_1_777' title='bbox 1006 5706 1151 5775; x_wconf 72' lang='grc' dir='ltr'><strong>ὑμᾶς</strong></span> <span class='ocrx_word' id='word_1_778' title='bbox 1188 5709 1389 5763; x_wconf 66' lang='lat' dir='ltr'><strong>timum.</strong></span> <span class='ocrx_word' id='word_1_779' title='bbox 1446 5709 1671 5775; x_wconf 68' lang='grc' dir='ltr'><em>πάντες</em></span> <span class='ocrx_word' id='word_1_780' title='bbox 1704 5705 1755 5763; x_wconf 77' lang='grc' dir='ltr'><strong>οι</strong></span> <span class='ocrx_word' id='word_1_781' title='bbox 1779 5705 2000 5779; x_wconf 41' lang='lat' dir='ltr'><strong>ivli-pm;</strong></span> 
     </span>
    </p>
   </div>
   <div class='ocr_carea' id='block_1_102' title="bbox 414 5777 2002 5851">
    <p class='ocr_par' dir='ltr' id='par_1_102' title="bbox 414 5777 2002 5851">
     <span class='ocr_line' id='line_1_104' title="bbox 414 5777 2002 5851; baseline 0.006 -22"><span class='ocrx_word' id='word_1_782' title='bbox 414 5790 527 5831; x_wconf 71' lang='grc' dir='ltr'>ποι.</span> <span class='ocrx_word' id='word_1_783' title='bbox 560 5777 756 5833; x_wconf 70' lang='grc' dir='ltr'><strong>Καίτοι</strong></span> <span class='ocrx_word' id='word_1_784' title='bbox 794 5780 1039 5843; x_wconf 71' lang='grc' dir='ltr'><strong>καὶτοὺς</strong></span> <span class='ocrx_word' id='word_1_785' title='bbox 1062 5780 1397 5846; x_wconf 63' lang='grc' dir='ltr'><strong>ἀποστῶ-ως</strong></span> <span class='ocrx_word' id='word_1_786' title='bbox 1426 5781 1608 5847; x_wconf 77' lang='grc' dir='ltr'><strong>καλῶς</strong></span> <span class='ocrx_word' id='word_1_787' title='bbox 1638 5783 1823 5851; x_wconf 53' lang='grc' dir='ltr'><strong>ἔλεγον</strong></span> <span class='ocrx_word' id='word_1_788' title='bbox 1842 5801 1855 5815; x_wconf 73' lang='grc' dir='ltr'><strong><em>ο</em></strong></span> <span class='ocrx_word' id='word_1_789' title='bbox 1885 5777 2002 5839; x_wconf 72' lang='grc' dir='ltr'><strong>ἀλλ’</strong></span> 
     </span>
    </p>
   </div>
   <div class='ocr_carea' id='block_1_103' title="bbox 2106 4621 3709 4693">
    <p class='ocr_par' dir='ltr' id='par_1_103' title="bbox 2106 4621 3709 4693">
     <span class='ocr_line' id='line_1_105' title="bbox 2106 4621 3709 4693; baseline -0.002 -16"><span class='ocrx_word' id='word_1_790' title='bbox 2106 4623 2161 4678; x_wconf 88' lang='lat' dir='ltr'><strong>in</strong></span> <span class='ocrx_word' id='word_1_791' title='bbox 2203 4624 2309 4679; x_wconf 90' lang='lat' dir='ltr'><strong>hoc</strong></span> <span class='ocrx_word' id='word_1_792' title='bbox 2337 4623 2470 4679; x_wconf 88' lang='lat' dir='ltr'><strong>facit</strong></span> <span class='ocrx_word' id='word_1_793' title='bbox 2500 4624 2788 4679; x_wconf 90' lang='lat' dir='ltr'><strong>nobiscum</strong></span> <span class='ocrx_word' id='word_1_794' title='bbox 2845 4634 3046 4693; x_wconf 67' lang='lat' dir='ltr'><strong>praeter</strong></span> <span class='ocrx_word' id='word_1_795' title='bbox 3093 4623 3377 4691; x_wconf 75' lang='lat' dir='ltr'><strong>exemplar</strong></span> <span class='ocrx_word' id='word_1_796' title='bbox 3426 4621 3709 4689; x_wconf 83' lang='lat' dir='ltr'><strong>Complut.</strong></span> 
     </span>
    </p>
   </div>
   <div class='ocr_carea' id='block_1_104' title="bbox 2104 4712 3713 4786">
    <p class='ocr_par' dir='ltr' id='par_1_104' title="bbox 2104 4712 3713 4786">
     <span class='ocr_line' id='line_1_106' title="bbox 2104 4712 3713 4786; baseline -0.003 -16"><span class='ocrx_word' id='word_1_797' title='bbox 2104 4717 2273 4770; x_wconf 85' lang='lat' dir='ltr'><strong>etiam</strong></span> <span class='ocrx_word' id='word_1_798' title='bbox 2317 4714 2549 4786; x_wconf 75' lang='lat' dir='ltr'><strong>Vulgata</strong></span> <span class='ocrx_word' id='word_1_799' title='bbox 2586 4716 2780 4769; x_wconf 79' lang='lat' dir='ltr'><strong>editio:</strong></span> <span class='ocrx_word' id='word_1_800' title='bbox 2811 4716 2868 4769; x_wconf 90' lang='lat' dir='ltr'><strong>In</strong></span> <span class='ocrx_word' id='word_1_801' title='bbox 2904 4730 2972 4769; x_wconf 90' lang='lat' dir='ltr'><strong>eo</strong></span> <span class='ocrx_word' id='word_1_802' title='bbox 3002 4724 3185 4768; x_wconf 90' lang='lat' dir='ltr'><strong>autem</strong></span> <span class='ocrx_word' id='word_1_803' title='bbox 3219 4713 3365 4782; x_wconf 92' lang='lat' dir='ltr'><strong>quod</strong></span> <span class='ocrx_word' id='word_1_804' title='bbox 3402 4727 3514 4765; x_wconf 92' lang='lat' dir='ltr'><strong>non</strong></span> <span class='ocrx_word' id='word_1_805' title='bbox 3558 4712 3713 4765; x_wconf 87' lang='lat' dir='ltr'><strong>addit</strong></span> 
     </span>
    </p>
   </div>
   <div class='ocr_carea' id='block_1_105' title="bbox 2104 4803 3715 4879">
    <p class='ocr_par' dir='ltr' id='par_1_105' title="bbox 2104 4803 3715 4879">
     <span class='ocr_line' id='line_1_107' title="bbox 2104 4803 3715 4879; baseline -0.006 -14"><span class='ocrx_word' id='word_1_806' title='bbox 2104 4818 2298 4865; x_wconf 86' lang='lat' dir='ltr'><strong>auctor</strong></span> <span class='ocrx_word' id='word_1_807' title='bbox 2334 4819 2522 4863; x_wconf 88' lang='lat' dir='ltr'><strong>noster</strong></span> <span class='ocrx_word' id='word_1_808' title='bbox 2561 4810 2762 4872; x_wconf 75' lang='grc' dir='ltr'><strong>πάντες</strong></span> <span class='ocrx_word' id='word_1_809' title='bbox 2781 4808 2854 4879; x_wconf 77' lang='lat'><strong>(2.)</strong></span> <span class='ocrx_word' id='word_1_810' title='bbox 2872 4824 3074 4871; x_wconf 69' lang='lat' dir='ltr'><strong>omnes,</strong></span> <span class='ocrx_word' id='word_1_811' title='bbox 3103 4814 3235 4860; x_wconf 88' lang='lat' dir='ltr'><strong>ante</strong></span> <span class='ocrx_word' id='word_1_812' title='bbox 3289 4805 3552 4865; x_wconf 80' lang='lat' dir='ltr'><strong>homines,</strong></span> <span class='ocrx_word' id='word_1_813' title='bbox 3583 4803 3715 4857; x_wconf 89' lang='lat' dir='ltr'><strong>facit</strong></span> 
     </span>
    </p>
   </div>
   <div class='ocr_carea' id='block_1_106' title="bbox 2103 4895 3715 4972">
    <p class='ocr_par' dir='ltr' id='par_1_106' title="bbox 2103 4895 3715 4972">
     <span class='ocr_line' id='line_1_108' title="bbox 2103 4895 3715 4972; baseline -0.006 -12"><span class='ocrx_word' id='word_1_814' title='bbox 2103 4904 2397 4960; x_wconf 87' lang='lat' dir='ltr'><strong>nobiseum</strong></span> <span class='ocrx_word' id='word_1_815' title='bbox 2433 4901 2713 4972; x_wconf 87' lang='lat' dir='ltr'><strong>Complut.</strong></span> <span class='ocrx_word' id='word_1_816' title='bbox 2740 4900 2933 4963; x_wconf 86' lang='lat' dir='ltr'><strong>editio,</strong></span> <span class='ocrx_word' id='word_1_817' title='bbox 2970 4908 3026 4954; x_wconf 88' lang='lat' dir='ltr'><strong>et</strong></span> <span class='ocrx_word' id='word_1_818' title='bbox 3065 4898 3264 4954; x_wconf 84' lang='lat' dir='ltr'><strong>melius</strong></span> <span class='ocrx_word' id='word_1_819' title='bbox 3314 4895 3715 4967; x_wconf 86' lang='lat' dir='ltr'><strong>corrcspondet</strong></span> 
     </span>
    </p>
   </div>
   <div class='ocr_carea' id='block_1_107' title="bbox 2104 4996 2780 5055">
    <p class='ocr_par' dir='ltr' id='par_1_107' title="bbox 2104 4996 2780 5055">
     <span class='ocr_line' id='line_1_109' title="bbox 2104 4996 2780 5055; baseline -0.009 -1"><span class='ocrx_word' id='word_1_820' title='bbox 2104 4996 2399 5055; x_wconf 66' lang='lat' dir='ltr'><strong>contraria</strong></span> <span class='ocrx_word' id='word_1_821' title='bbox 2421 4996 2780 5053; x_wconf 88' lang='lat' dir='ltr'><strong>beatitudini.</strong></span> 
     </span>
    </p>
   </div>
   <div class='ocr_carea' id='block_1_108' title="bbox 2104 5213 3715 5289">
    <p class='ocr_par' dir='ltr' id='par_1_108' title="bbox 2104 5213 3715 5289">
     <span class='ocr_line' id='line_1_110' title="bbox 2104 5213 3715 5289; baseline -0.001 -16"><span class='ocrx_word' id='word_1_822' title='bbox 2104 5220 2167 5273; x_wconf 80' lang='grc' dir='ltr'><strong>οὗ</strong></span> <span class='ocrx_word' id='word_1_823' title='bbox 2199 5217 2431 5284; x_wconf 71' lang='grc' dir='ltr'><em>πάντες</em></span> <span class='ocrx_word' id='word_1_824' title='bbox 2451 5235 2464 5251; x_wconf 76' lang='grc' dir='ltr'><strong>ο</strong></span> <span class='ocrx_word' id='word_1_825' title='bbox 2498 5217 2587 5272; x_wconf 79' lang='grc' dir='ltr'><strong>διὰ</strong></span> <span class='ocrx_word' id='word_1_826' title='bbox 2621 5217 2783 5273; x_wconf 71' lang='grc' dir='ltr'><strong>τοῦτη</strong></span> <span class='ocrx_word' id='word_1_827' title='bbox 2812 5218 2915 5273; x_wconf 77' lang='grc' dir='ltr'><strong>οὐκ</strong></span> <span class='ocrx_word' id='word_1_828' title='bbox 2959 5213 3138 5281; x_wconf 74' lang='grc' dir='ltr'><strong>εἶπεν,</strong></span> <span class='ocrx_word' id='word_1_829' title='bbox 3167 5218 3298 5272; x_wconf 78' lang='grc' dir='ltr'><strong>ὅταν</strong></span> <span class='ocrx_word' id='word_1_830' title='bbox 3346 5218 3532 5273; x_wconf 71' lang='grc' dir='ltr'><strong>καλῶς</strong></span> <span class='ocrx_word' id='word_1_831' title='bbox 3568 5220 3715 5289; x_wconf 75' lang='grc' dir='ltr'><strong>ὑμᾶς</strong></span> 
     </span>
    </p>
   </div>
   <div class='ocr_carea' id='block_1_109' title="bbox 2106 5290 3717 5360">
    <p class='ocr_par' dir='ltr' id='par_1_109' title="bbox 2106 5290 3717 5360">
     <span class='ocr_line' id='line_1_111' title="bbox 2106 5290 3717 5360; baseline 0 -16"><span class='ocrx_word' id='word_1_832' title='bbox 2106 5291 2339 5344; x_wconf 79' lang='grc' dir='ltr'><strong>εἴπωσιν</strong></span> <span class='ocrx_word' id='word_1_833' title='bbox 2374 5291 2423 5343; x_wconf 78' lang='grc' dir='ltr'><strong>οἱ</strong></span> <span class='ocrx_word' id='word_1_834' title='bbox 2456 5290 2758 5359; x_wconf 77' lang='grc' dir='ltr'><strong>ἄνθρωποι.</strong></span> <span class='ocrx_word' id='word_1_835' title='bbox 2806 5290 2922 5343; x_wconf 71' lang='grc' dir='ltr'><strong>ἀλλ’</strong></span> <span class='ocrx_word' id='word_1_836' title='bbox 2956 5291 3086 5343; x_wconf 69' lang='grc' dir='ltr'>ὅταν</span> <span class='ocrx_word' id='word_1_837' title='bbox 3129 5290 3376 5355; x_wconf 71' lang='grc' dir='ltr'><strong>πάντες.</strong></span> <span class='ocrx_word' id='word_1_838' title='bbox 3433 5290 3569 5343; x_wconf 66' lang='grc' dir='ltr'><strong>οὐδὲ</strong></span> <span class='ocrx_word' id='word_1_839' title='bbox 3606 5296 3717 5360; x_wconf 70' lang='grc' dir='ltr'><strong>γὰρ</strong></span> 
     </span>
    </p>
   </div>
   <div class='ocr_carea' id='block_1_110' title="bbox 2103 5360 3718 5431">
    <p class='ocr_par' dir='ltr' id='par_1_110' title="bbox 2103 5360 3718 5431">
     <span class='ocr_line' id='line_1_112' title="bbox 2103 5360 3718 5431; baseline -0.001 -16"><span class='ocrx_word' id='word_1_840' title='bbox 2103 5361 2335 5415; x_wconf 74' lang='grc' dir='ltr'><strong>δυνατὸν</strong></span> <span class='ocrx_word' id='word_1_841' title='bbox 2360 5363 2489 5424; x_wconf 79' lang='grc' dir='ltr'><strong>τοὺς</strong></span> <span class='ocrx_word' id='word_1_842' title='bbox 2514 5362 2572 5431; x_wconf 57' lang='grc' dir='ltr'><strong>ὲν</strong></span> <span class='ocrx_word' id='word_1_843' title='bbox 2593 5363 2763 5430; x_wconf 79' lang='grc' dir='ltr'><strong>ἁρετῇ</strong></span> <span class='ocrx_word' id='word_1_844' title='bbox 2795 5362 3008 5421; x_wconf 70' lang='grc' dir='ltr'><strong>ζῶντας</strong></span> <span class='ocrx_word' id='word_1_845' title='bbox 3033 5363 3184 5431; x_wconf 57' lang='lat' dir='ltr'><strong>cupi</strong></span> <span class='ocrx_word' id='word_1_846' title='bbox 3212 5360 3466 5415; x_wconf 77' lang='grc' dir='ltr'><em>πάντων</em></span> <span class='ocrx_word' id='word_1_847' title='bbox 3491 5361 3718 5413; x_wconf 72' lang='grc' dir='ltr'><strong>ἀκούειν</strong></span> 
     </span>
    </p>
   </div>
   <div class='ocr_carea' id='block_1_111' title="bbox 2107 5429 3716 5499">
    <p class='ocr_par' dir='ltr' id='par_1_111' title="bbox 2107 5429 3716 5499">
     <span class='ocr_line' id='line_1_113' title="bbox 2107 5429 3716 5499; baseline -0.001 -15"><span class='ocrx_word' id='word_1_848' title='bbox 2107 5432 2315 5494; x_wconf 81' lang='grc' dir='ltr'><strong>καλῶς·</strong></span> <span class='ocrx_word' id='word_1_849' title='bbox 2343 5432 2409 5486; x_wconf 80' lang='lat' dir='ltr'><strong>Et</strong></span> <span class='ocrx_word' id='word_1_850' title='bbox 2434 5442 2473 5486; x_wconf 81' lang='grc' dir='ltr'><strong>ι.</strong></span> <span class='ocrx_word' id='word_1_851' title='bbox 2524 5429 2659 5495; x_wconf 78' lang='lat' dir='ltr'><strong>VIII,</strong></span> <span class='ocrx_word' id='word_1_852' title='bbox 2702 5429 2828 5491; x_wconf 68' lang='grc' dir='ltr'><strong>ιεδ.</strong></span> <span class='ocrx_word' id='word_1_853' title='bbox 2869 5434 2933 5485; x_wconf 76' lang='grc' dir='ltr'><strong>Α.</strong></span> <span class='ocrx_word' id='word_1_854' title='bbox 2968 5429 3315 5499; x_wconf 60' lang='grc' dir='ltr'><strong>Οὖαῐὺμῖν.</strong></span> <span class='ocrx_word' id='word_1_855' title='bbox 3351 5434 3483 5485; x_wconf 71' lang='grc' dir='ltr'><strong>ὅταν</strong></span> <span class='ocrx_word' id='word_1_856' title='bbox 3534 5433 3716 5496; x_wconf 74' lang='grc' dir='ltr'><strong>καλῶς</strong></span> 
     </span>
    </p>
   </div>
   <div class='ocr_carea' id='block_1_112' title="bbox 2108 5502 3719 5573">
    <p class='ocr_par' dir='ltr' id='par_1_112' title="bbox 2108 5502 3719 5573">
     <span class='ocr_line' id='line_1_114' title="bbox 2108 5502 3719 5573; baseline 0.001 -17"><span class='ocrx_word' id='word_1_857' title='bbox 2108 5504 2309 5557; x_wconf 80' lang='grc' dir='ltr'><strong>εἴπωσι</strong></span> <span class='ocrx_word' id='word_1_858' title='bbox 2366 5504 2571 5565; x_wconf 77' lang='grc' dir='ltr'><strong>πάντες</strong></span> <span class='ocrx_word' id='word_1_859' title='bbox 2643 5504 2694 5555; x_wconf 84' lang='grc' dir='ltr'><strong>οἱ</strong></span> <span class='ocrx_word' id='word_1_860' title='bbox 2749 5502 3054 5573; x_wconf 63' lang='grc' dir='ltr'><strong>ἄνθρωπ’)ι.</strong></span> <span class='ocrx_word' id='word_1_861' title='bbox 3116 5504 3224 5557; x_wconf 67' lang='lat' dir='ltr'><strong>Sed</strong></span> <span class='ocrx_word' id='word_1_862' title='bbox 3284 5502 3719 5573; x_wconf 72' lang='lat' dir='ltr'><strong>Chrysostonws</strong></span> 
     </span>
    </p>
   </div>
   <div class='ocr_carea' id='block_1_113' title="bbox 2108 5568 3716 5646">
    <p class='ocr_par' dir='ltr' id='par_1_113' title="bbox 2108 5568 3716 5646">
     <span class='ocr_line' id='line_1_115' title="bbox 2108 5568 3716 5646; baseline -0.002 -19"><span class='ocrx_word' id='word_1_863' title='bbox 2108 5576 2281 5629; x_wconf 88' lang='lat' dir='ltr'><strong>multa</strong></span> <span class='ocrx_word' id='word_1_864' title='bbox 2325 5575 2641 5629; x_wconf 89' lang='lat' dir='ltr'><strong>homiletice</strong></span> <span class='ocrx_word' id='word_1_865' title='bbox 2690 5568 2872 5645; x_wconf 77' lang='lat' dir='ltr'><strong>magis</strong></span> <span class='ocrx_word' id='word_1_866' title='bbox 2917 5591 3080 5646; x_wconf 75' lang='lat' dir='ltr'><strong>quam</strong></span> <span class='ocrx_word' id='word_1_867' title='bbox 3114 5576 3328 5646; x_wconf 22' lang='lat' dir='ltr'><strong>feritice</strong></span> <span class='ocrx_word' id='word_1_868' title='bbox 3378 5568 3716 5640; x_wconf 69' lang='lat' dir='ltr'><strong>dicit.&#39;rp?v</strong></span> 
     </span>
    </p>
   </div>
   <div class='ocr_carea' id='block_1_114' title="bbox 2105 5645 3719 5717">
    <p class='ocr_par' dir='ltr' id='par_1_114' title="bbox 2105 5645 3719 5717">
     <span class='ocr_line' id='line_1_116' title="bbox 2105 5645 3719 5717; baseline 0.001 -20"><span class='ocrx_word' id='word_1_869' title='bbox 2105 5647 2313 5717; x_wconf 75' lang='lat' dir='ltr'><strong>otiiitti,</strong></span> <span class='ocrx_word' id='word_1_870' title='bbox 2341 5648 2567 5717; x_wconf 76' lang='grc' dir='ltr'>πάντες.</span> <span class='ocrx_word' id='word_1_871' title='bbox 2596 5646 2652 5700; x_wconf 92' lang='lat' dir='ltr'><strong>in</strong></span> <span class='ocrx_word' id='word_1_872' title='bbox 2688 5656 2838 5701; x_wconf 78' lang='lat' dir='ltr'><strong>textu</strong></span> <span class='ocrx_word' id='word_1_873' title='bbox 2871 5645 3061 5701; x_wconf 86' lang='lat' dir='ltr'><strong>servat</strong></span> <span class='ocrx_word' id='word_1_874' title='bbox 3106 5645 3510 5717; x_wconf 75' lang='lat' dir='ltr'><strong>Thmphylact.</strong></span> <span class='ocrx_word' id='word_1_875' title='bbox 3530 5662 3585 5716; x_wconf 90' lang='lat' dir='ltr'><strong>p.</strong></span> <span class='ocrx_word' id='word_1_876' title='bbox 3609 5646 3719 5700; x_wconf 68' lang='lat' dir='ltr'><strong>3H</strong></span> 
     </span>
    </p>
   </div>
   <div class='ocr_carea' id='block_1_115' title="bbox 2107 5715 3720 5789">
    <p class='ocr_par' dir='ltr' id='par_1_115' title="bbox 2107 5715 3720 5789">
     <span class='ocr_line' id='line_1_117' title="bbox 2107 5715 3720 5789; baseline -0.001 -18"><span class='ocrx_word' id='word_1_877' title='bbox 2107 5720 2175 5789; x_wconf 89' lang='lat' dir='ltr'><strong>A.</strong></span> <span class='ocrx_word' id='word_1_878' title='bbox 2206 5715 2314 5771; x_wconf 85' lang='lat' dir='ltr'><strong>Sed</strong></span> <span class='ocrx_word' id='word_1_879' title='bbox 2360 5716 2525 5789; x_wconf 80' lang='lat' dir='ltr'><strong>hujus</strong></span> <span class='ocrx_word' id='word_1_880' title='bbox 2573 5720 2951 5789; x_wconf 69' lang='lat' dir='ltr'><strong>interpretatio</strong></span> <span class='ocrx_word' id='word_1_881' title='bbox 2996 5717 3089 5772; x_wconf 86' lang='lat' dir='ltr'><strong>vix</strong></span> <span class='ocrx_word' id='word_1_882' title='bbox 3118 5715 3720 5789; x_wconf 6' lang='lat' dir='ltr'><strong>qvide‘tttr-aduiuttere</strong></span> 
     </span>
    </p>
   </div>
   <div class='ocr_carea' id='block_1_116' title="bbox 2110 5788 3717 5863">
    <p class='ocr_par' dir='ltr' id='par_1_116' title="bbox 2110 5788 3717 5863">
     <span class='ocr_line' id='line_1_118' title="bbox 2110 5788 3717 5863; baseline -0.002 -18"><span class='ocrx_word' id='word_1_883' title='bbox 2110 5788 2333 5852; x_wconf 79' lang='grc' dir='ltr'><strong>πάντες.</strong></span> <span class='ocrx_word' id='word_1_884' title='bbox 2362 5788 2496 5846; x_wconf 80' lang='lat' dir='ltr'><strong>Vide</strong></span> <span class='ocrx_word' id='word_1_885' title='bbox 2518 5790 2637 5845; x_wconf 73' lang='lat' dir='ltr'><strong>ibit.</strong></span> <span class='ocrx_word' id='word_1_886' title='bbox 2656 5788 3053 5863; x_wconf 61' lang='lat' dir='ltr'><strong>C.Opi§rottev,</strong></span> <span class='ocrx_word' id='word_1_887' title='bbox 3077 5788 3319 5862; x_wconf 56' lang='grc' dir='ltr'><strong>ἀδελφώ,</strong></span> <span class='ocrx_word' id='word_1_888' title='bbox 3348 5790 3466 5857; x_wconf 79' lang='grc' dir='ltr'><strong>πῶς</strong></span> <span class='ocrx_word' id='word_1_889' title='bbox 3496 5789 3558 5844; x_wconf 72' lang='grc' dir='ltr'><strong>τὸ</strong></span> <span class='ocrx_word' id='word_1_890' title='bbox 3585 5789 3717 5845; x_wconf 65' lang='lat' dir='ltr'><strong>atat</strong></span> 
     </span>
    </p>
   </div>
  </div>
