4426 6438
791 337 862 398 59
2182 323 2601 387 PREFATIO.
3956 298 4028 383 '60

861 445 1005 506 6.57.
1035 443 1140 512 (Et)
1161 443 1332 498 nolite
1380 442 1648 512 judicare.
1679 439 1959 509 Siquidem
2019 440 2353 508 praeponitur
2384 435 2428 492 Α

795 538 884 590 καί
916 546 982 595 et.
1016 535 1068 587 in
1107 532 1398 601 exemplari
1430 545 1648 601 quoque
1678 529 2073 597 Complutensi.

857 628 912 690 6,
946 628 1031 680 40.
1069 626 1347 680 Perfectus
1376 635 1555 676 autem
1593 622 1697 675 erit
1731 625 1873 676 sicut
1903 621 2162 691 magister
2200 633 2353 674 suus.

792 734 898 772 non
930 720 1074 771 enim
1109 718 1264 770 habet
1297 719 1401 777 πᾶς
1431 717 1508 782 (τι)
1534 716 1723 772 omnis.
1744 725 1870 770 ante
1899 713 2015 764 erit.

863 813 914 869 7.
944 810 994 860 7.
1030 808 1171 861 Loco
1201 823 1387 860 eorum
1417 821 1538 874 qua:
1563 805 1702 874 apttd
1733 806 1867 856 alios
1902 803 2172 856 habentur
2208 801 2358 868 (pro-

793 913 912 971 pter
937 902 1080 970 quod
1116 911 1167 950 et
1199 915 1284 952 me
1318 901 1494 965 ipsum
1526 913 1632 951 non
1663 912 1780 950 sum
1809 896 2027 963 dignum
2063 893 2358 947 arbitratus

790 1002 847 1042 ut
887 990 1122 1041 venirem
1153 987 1218 1040 ad
1268 988 1342 1053 te)
1379 986 1515 1039 nihil
1574 986 1736 1039 habet
1770 995 1961 1037 auctor
2011 993 2215 1038 noster.
2251 982 2355 1035 Sed

792 1093 968 1146 neque
999 1079 1051 1129 in
1092 1078 1364 1136 Mattlizeo.
1396 1078 1843 1146 evangelistarum
1869 1075 2009 1128 dicta
2038 1074 2354 1135 concilians,

772 1168 982 1220 horum
1033 1168 1162 1222 facit
1203 1171 1558 1222 mentionem.
1583 1166 1699 1219 Non
1731 1168 1946 1220 videtur
1980 1181 2108 1236 ergo
2148 1166 2355 1219 librarii

787 1257 1113 1325 negligentia
1153 1258 1600 1323 przetermissum.
1627 1256 1685 1309 In
1732 1256 1835 1308 hoc
1883 1255 2025 1308 enim
2068 1254 2244 1322 capite
2292 1254 2357 1307 ad

784 1351 898 1402 iure
937 1359 1221 1400 contextus
1257 1349 1422 1400 verba
1459 1367 1470 1400 :
1515 1349 1670 1400 «Non
1704 1350 1846 1401 enim
1881 1363 1999 1400 sum
2041 1347 2288 1402 idoneus.
2331 1364 2348 1394 ι

789 1449 918 1498 etc.,
954 1439 1072 1490 loco
1100 1438 1428 1490 scholiorum
1467 1439 1617 1506 ponit
1661 1440 1819 1490 verba
1853 1453 1972 1504 qua:
2001 1446 2307 1503 sequuntur
2343 1456 2356 1490 τ

798 1528 921 1578 11ηό
967 1529 1126 1578 etiam
1173 1527 1305 1579 dixit
1355 1527 1638 1579 illatthatus
1673 1544 1685 1579 :
1716 1526 1780 1578 Et.
1819 1526 2084 1579 declarata
2120 1536 2245 1579 sunt
2283 1527 2353 1593 (bl

787 1618 1047 1685 pracdicto
1081 1619 1279 1684 capite.
1312 1617 1463 1680 Quod
1500 1619 1540 1669 si
1567 1617 1865 1685 judicasset
1900 1618 2001 1669 hoc,
2034 1617 2151 1670 loco
2183 1618 2354 1669 inter-

783 1708 1092 1774 ponendum
1123 1724 1134 1757 :
1164 1707 1386 1772 Propter
1407 1707 1550 1774 quod
1577 1716 1628 1759 et
1653 1723 1738 1758 me
1767 1707 1965 1775 ipsum.
1992 1717 2126 1768 etc.,
2156 1721 2355 1773 nequa-

781 1816 942 1864 quam
980 1800 1203 1851 dixisset
1232 1802 1409 1851 omnia
1444 1818 1469 1851 ιι
1498 1799 1748 1852 διηιιιιςιτίι
1775 1816 1895 1854 esse
1926 1802 2089 1861 dicta.
2123 1810 2174 1852 et
2201 1799 2254 1851 in
2292 1815 2356 1852 eo

783 1890 1051 1942 declarata
1085 1907 1203 1940 euut
1243 1891 1309 1941 ibi
1346 1891 1489 1941 nulla
1524 1891 1612 1942 ﬁat
1662 1893 1852 1943 horum
1889 1893 2114 1944 mentio.

853 2002 906 2062 7.
939 2002 1024 2053 28.
1069 2000 1196 2053 Dico
1235 2004 1375 2053 enim
1408 2003 1552 2057 vincis
1586 2022 1596 2055 :
1627 2004 1681 2055 lu
1725 2004 1807 2057 his
1839 2021 1926 2072 qu:
1957 2019 1986 2057 e
2021 2003 2345 2056 mulieribus

784 2094 894 2145 nati
931 2104 1075 2151 sunt.
1115 2092 1305 2158 major,
1338 2090 1544 2148 Joanne.
1589 2093 1826 2163 Baptista
1869 2109 2030 2148 nemo
2080 2103 2180 2149 est.
2237 2093 2356 2147 Non

787 2181 933 2234 addit
965 2182 1272 2250 πρεφήτης,
1323 2197 1419 2234 nec
1465 2193 1642 2236 tamen
1700 2185 1915 2238 videtur
1967 2184 2354 2253 negligentiam

783 2275 1064 2326 omissum.
1097 2273 1165 2324 ob
1194 2275 1437 2326 eamdem
1473 2289 1715 2338 causam,
1751 2291 1911 2344 quam
1961 2277 2223 2345 superiori
2258 2276 2353 2329 ad-

776 2363 1152 2415 notatiuncula
1187 2367 1490 2418 retulimus.

845 2452 896 2512 8.
1023 2454 1086 2506 Et
1121 2455 1369 2509 volucres
1397 2457 1519 2510 cadi
1563 2458 1767 2522 (etiam)
1808 2459 2160 2513 comederunt
2199 2460 2352 2516 illud.

775 2543 1005 2596 Additur
1031 2546 1171 2598 enim
1205 2549 1271 2612 (ei
1302 2563 1515 2600 rursum
1546 2549 1638 2600 καὶ
1674 2563 1744 2602 et.

845 2634 897 2695 9.
931 2637 1015 2688 45.
1045 2635 1311 2690 Omnibus
1346 2654 1472 2692 vero
1495 2638 1892 2693 admirantibus
1925 2655 2087 2709 supra
2115 2641 2200 2694 his
2229 2657 2349 2708 qua!

777 2727 1010 2782 faciebat
1067 2729 1283 2796 (Jesusl.
1354 2732 1583 2784 Additur
1649 2733 1792 2786 enim
1842 2749 2042 2787 nomen
2122 2734 2352 2803 Ἰησοῦς,

771 2831 932 2873 etiam
971 2822 1018 2870 in
1049 2823 1340 2888 exemplari
1375 2822 1648 2892 Cmnplut.

851 2916 901 2970 9.
937 2916 1022 2967 357i.
1080 2916 1386 2969 Conversus
1439 2928 1639 2974 autem.
1702 2921 1999 2989 increpavit
2057 2921 2194 2974 illos.
2234 2922 2351 2975 Non

776 3009 917 3058 enim
958 3010 1172 3062 additur
1197 3027 1393 3063 unum
1469 3012 1690 3080 Ἰησοῦς,
1731 3031 1903 3082 neque
1956 3018 2006 3068 in
2053 3031 2229 3081 exemi
2255 3016 2350 3068 lari

2530 433 2616 497 10,
2646 435 2739 489 '23.
2767 435 2916 490 Beati
2951 437 3093 492 oculi
3126 439 3222 508 qui
3249 437 3433 493 vident
3461 450 3582 505 qua:
3605 434 3821 489 videtis.
3855 433 4040 504 Neque

2459 526 2603 579 enim
2639 527 2690 578 in
2729 537 2951 581 auctore
2983 538 3190 590 nostro.
3236 544 3411 596 neque
3443 530 3497 581 itt
3543 527 3836 595 exemplari
3879 529 4036 581 Com-

2459 617 2594 684 plut.
2637 619 2958 687 exprimitur
2993 620 3148 688 ὑμεῖς
3186 635 3293 673 vos.
3351 618 3520 673 Video
3569 627 3626 672 et
3679 619 3804 680 hoc,
3848 627 3902 670 et
3936 617 4040 670 alia

2459 707 2706 774 qumdam
2742 706 3052 778 hujusmodi
3089 709 3354 762 minutula
3389 723 3532 768 esse.
3556 718 3610 761 et
3632 722 3750 775 quae
3781 705 4034 758 fortassis

2463 798 2629 853 alicui
2714 799 3068 853 adnotatione
3145 800 3361 869 indigna
3452 800 3822 860 videbuntur:
3889 796 4041 850 nolui

2468 898 2650 943 tamen
2688 889 2754 958 (Γ)
2805 889 3242 958 ρτειειιιιίιιετε,
3291 904 3362 944 ne
3391 890 3679 958 quisquam
3715 887 4039 958 negligentia

2460 992 2557 1034 aut
2581 980 2888 1036 temeritate
2921 981 3105 1035 relicta
3145 990 3298 1052 putet
3325 996 3422 1034 seu
3453 981 3736 1034 immutata

2531 1094 2616 1155 10,
2647 1093 2735 1147 39.
2759 1093 2888 1158 Qua:
2915 1094 3076 1148 etiam
3101 1094 3346 1149 assidens
3371 1094 3436 1148 ad
3454 1093 3617 1159 pedes
3636 1090 3766 1145 Jesu
3790 1092 4045 1146 audiebat

2461 1187 2787 1253 (sermones)
2814 1185 2978 1238 illius.
3016 1185 3187 1239 llabet
3212 1188 3354 1240 enim
3390 1185 3552 1239 etiam
3582 1183 3859 1253 exemplar
3881 1182 4043 1238 Com-

2461 1278 2714 1346 plutense
2745 1278 2854 1328 τῶν
2887 1277 3062 1344 λόγων
3097 1278 3398 1346 pluraliter.

2535 1369 2620 1429 11,
2651 1368 2736 1421 55.
2795 1368 3090 1435 Coeperunt
3118 1369 3362 1437 (Seribm)
3399 1378 3451 1423 et
3489 1367 3750 1423 Pharismi
3803 1372 4043 1440 graviter

2465 1459 2742 1514 insistere.
2799 1458 2916 1510 Non
2951 1459 3096 1512 enim
3127 1459 3289 1512 habet
3319 1462 3531 1527 νομικοὶ
3565 1459 3692 1529 legis
3734 1461 3909 1528 periti.
3947 1461 4041 1514 sed

2461 1552 2811 1619 γραμματεῖς
2839 1548 3051 1602 Scriba.
3091 1547 3155 1601 Et
3199 1549 3377 1602 statim
3446 1549 3583 1602 infra
3627 1549 3820 1602 eodem
3855 1564 4040 1606 versu.

2460 1657 2567 1693 non
2603 1642 2765 1694 habet
2791 1639 3182 1708 ἀποκομίζειν
3216 1643 3446 1707 captiose
3467 1643 3797 1710 interrogare
3825 1659 3834 1692 :
3865 1653 4043 1709 neque

2385 1752 2431 1811 Β
2461 1750 2581 1787 cum
2615 1733 2734 1786 aliis
2803 1732 3176 1800 ὲπιστομὶζειν
3207 1751 3260 1785 os
3303 1735 3592 1798 obstruere,
3644 1733 3738 1787 sed
3803 1735 4041 1785 ἀποστο-

2465 1822 2729 1890 ματίζειν,
2799 1823 2899 1873 hoc
2936 1833 3039 1883 est,
3084 1821 3149 1873 ab
3205 1838 3299 1874 ore
3341 1823 3702 1892 interrogare.
3763 1821 3903 1887 Quid
3940 1824 4041 1875 hoc

2460 1923 2640 1966 autent
2685 1915 2784 1967 sibi
2845 1915 2992 1972 velit.
3048 1914 3168 1967 vide
3223 1915 3273 1966 in
3318 1914 3478 1981 hujus
3530 1915 3630 1967 loci
3667 1915 4038 1968 enarratione.

2534 2006 2618 2067 ΓΞ,
2668 2005 2746 2058 l8.
2816 2005 2877 2057 F.t
2929 2007 3053 2058 illuc
3113 2008 3455 2075 congregabo
3513 2009 3697 2060 omnia
3741 2023 3859 2074 quae
3914 2017 4038 2060 nata

2463 2109 2592 2152 sunt
2643 2098 2797 2151 mihi.
2836 2096 3021 2166 Neque
3061 2101 3133 2167 (9)
3167 2100 3311 2152 enim
3352 2100 3568 2153 additur
3602 2101 3693 2152 καὶ
3739 2100 3805 2152 τὰ
3861 2098 4042 2167 ἀγαθά

2463 2205 2586 2257 pou.
2619 2187 2681 2241 Et
2710 2189 2843 2243 bona
2880 2205 3020 2243 mea.

2535 2281 2619 2343 15,
2652 2282 2733 2334 l3.
2771 2281 3117 2352 (llypoeritm)
3150 2282 3526 2351 unusquisque
3564 2287 3805 2334 vestrum
3831 2279 4038 2335 Sabba-

2457 2373 2553 2427 tho
2587 2374 2905 2435 nonsolvit.
2946 2385 3052 2427 etc.
3123 2374 3295 2428 llabet
3355 2375 3501 2427 enim
3563 2373 3846 2443 pluraliter
3906 2375 4039 2426 ὑπο-

2462 2468 2666 2536 κριταί.
2716 2467 3062 2522 Coucordant
3108 2479 3162 2522 et
3209 2469 3488 2539 exemplar
3543 2465 3930 2535 Complutense
3984 2475 4041 2521 et

2462 2558 2682 2627 Vulgata
2716 2561 2907 2615 editio.

2533 2654 2620 2716 l3,
2652 2653 2738 2704 3.”).
2797 2653 2936 2706 Ecce
2989 2653 3315 2722 relinquitur
3369 2655 3524 2708 vobis
3563 2655 3759 2708 domus
3799 2663 3977 2707 vestra
4021 2670 4037 2708 :

2459 2743 2575 2798 Non
2619 2747 2942 2813 exprimitur
2994 2747 3196 2814 ἔρημος
3251 2750 3479 2808 deserta.
3533 2749 3674 2817 quod
3716 2763 3782 2801 ex
3817 2761 4039 2802 enarra-

2459 2851 2603 2892 tione
2638 2849 2779 2906 patet
2826 2838 3028 2890 ithraiii
3064 2840 3194 2891 vitio
3225 2841 3424 2893 factum
3459 2856 3565 2892 non
3607 2855 3748 2893 esse.

2537 2931 2615 2989 li.
2656 2931 2736 2984 lii.
2776 2931 2974 2984 lli-atus
3016 2934 3107 2999 qui
3163 2933 3498 3001 (prandium)
3542 2934 3706 2986 sumit
3760 2933 3811 2985 in
3870 2947 4038 3003 regno

2463 3023 2571 3077 Ilei.
2612 3024 2792 3092 Seque
2826 3025 2967 3076 enim
3018 3025 3178 3077 habet
3211 3026 3374 3092 ἄρτον
3429 3040 3636 3090 partem.
3687 3025 3780 3079 sed
3817 3024 4037 3093 ἄρκτον

775 3103 1070 3170 (”ι›ιιι[νὲιιι.,
1119 3122 1291 3171 neque
1332 3108 1380 3158 in
1417 3107 1641 3174 Vulgata
1670 3109 1930 3162 editione.
1970 3110 2172 3163 Deinde
2204 3110 2346 3178 quod
2380 3089 2420 3142 δ
2455 3117 2758 3181 prandium.
2828 3118 3133 3170 Concordat
3203 3118 3368 3171 etiam
3430 3117 3712 3186 exemplar
3773 3116 4034 3184 Complu-

774 3196 1016 3258 sequitur
1053 3197 1102 3246 in
1129 3197 1380 3252 munibus
1410 3201 1769 3262 versiouibus.
1801 3211 1853 3254 et
1882 3201 1932 3254 in
1961 3202 2144 3256 Cratca
2185 3205 2345 3256 etiam

769 3286 1009 3335 editione
1052 3287 1424 3352 (lotuplutensi
1472 3300 1596 3357 puta
1637 3311 1648 3342 :
1693 3292 1754 3344 Et
1784 3293 1859 3345 ait
1906 3293 2061 3346 illis:
2112 3293 2348 3346 Nescitis

770 3391 931 3426 cuius
986 3381 1207 3444 spiritus
1257 3382 1387 3433 estis
1428 3398 1541 3435 vos.
1579 3383 1744 3436 Filius
1785 3386 1928 3437 eniut
1967 3385 2204 3438 hominis
2243 3401 2346 3438 non

768 3466 911 3518 venit
938 3467 1000 3519 ad
1039 3471 1372 3537 perdendum
1407 3474 1615 3527 animas
1654 3475 1952 3539 hominum,
1991 3478 2083 3531 sed
2132 3479 2197 3530 ad
2239 3479 2347 3530 sal—

766 3562 1000 3613 vaudom
1032 3581 1041 3613 :
1071 3579 1376 3632 quanquam
1411 3583 1505 3621 nos
1548 3569 1854 3623 addidimus
1890 3588 1900 3621 τ
1939 3588 2130 3626 vereor
2161 3571 2237 3638 (ά)
2281 3588 2346 3627 ne

766 3643 872 3704 neu
938 3654 1005 3705 sit
1053 3654 1257 3708 librarii
1322 3659 1528 3714 incuria
1582 3663 1841 3716 omissum
1882 3683 1893 3717 :
1932 3666 2163 3720 maxime
2221 3683 2346 3721 cum

770 3743 825 3795 in
861 3745 1083 3797 scholiis
1109 3749 1310 3799 nullam
1345 3749 1503 3804 faciat
1549 3754 1737 3807 horum
1772 3756 2128 3810 mentionem.

839 3835 889 3888 9.
927 3837 1013 3888 57.
1051 3838 1259 3904 Sequar
1299 3852 1350 3893 le
1381 3857 1706 3914 quocunque
1741 3848 1865 3902 ieris
1895 3847 2195 3917 (Domine).
2239 3851 2347 3904 Ad-

765 3926 969 3980 diditur
1014 3931 1157 3982 enim
1204 3932 1392 4000 Κύριε,
1445 3937 1605 3990 etiam
1648 3939 1697 3992 in
1733 3938 2126 4009 Complutensi.

837 4018 919 4074 lO.
955 4020 1041 4071 2'2.
1065 4023 1150 4075 'Et
1174 4038 1470 4078 conversus
1497 4029 1561 4080 ad
1595 4030 1887 4098 discipulos
1914 4035 2066 4101 d‘xit)
2099 4052 2111 4086 :
2149 4036 2340 4089 Umnia

762 4108 896 4160 mihi
937 4110 1128 4163 tradita
1165 4123 1291 4164 sunt
1334 4130 1362 4166 a
1392 4114 1551 4170 Patre
1587 4135 1726 4172 meo.
1794 4119 2071 4188 Siquidem
2127 4126 2195 4195 (c)
2251 4128 2340 4179 ad-

764 4199 969 4252 doutur
1023 4205 1184 4257 etiam
1224 4205 1274 4256 in
1333 4209 1627 4277 exemplari
1683 4211 1954 4281 Complut.
1989 4215 2103 4269 hate
2134 4219 2340 4285 verba;

761 4293 1156 4363 Καὶστραφεῖς
1194 4300 1328 4367 πρὸς
1378 4303 1504 4362 τοὺς
1552 4304 1800 4372 μαθητὰς
1841 4303 1959 4360 εἶπε
2020 4327 2032 4362 :
2091 4309 2153 4365 Et
2206 4327 2339 4366 con-

761 4400 950 4440 versus
983 4389 1046 4442 ad
1077 4389 1371 4459 discipulos
1401 4395 1556 4450 dixit.

756 4587 955 4664 ἔίωσιγ
989 4591 1035 4640 ol
1079 4592 1230 4659 rupi
1265 4593 1374 4644 τῶν
1418 4593 1723 4662 ἀνθρώπων
1776 4596 2182 4664 ἐπαινούμενοι.
2240 4605 2333 4654 Δεῖ

757 4661 860 4733 μὲν
892 4662 998 4728 γὰρ
1031 4664 1122 4711 καὶ
1159 4667 1306 4730 παρὰ
1335 4665 1440 4715 τῶν
1466 4661 1770 4733 ἀνέθριὶιπων
1799 4661 2160 4731 ἐπαινεῖσθαι,
2194 4673 2330 4725 ἀλλὰ

757 4731 1021 4805 τρνξτερον
1040 4736 1144 4782 ἀπὸ
1164 4735 1319 4786 Ηεοῦ.
1343 4735 1394 4785 δί
1419 4731 1657 4800 uiuunt,
1680 4739 1982 4805 probasset,
2013 4741 2152 4794 haud
2169 4745 2329 4798 dubie

754 4803 1083 4869 St'rl[l\l_“\'el.
1111 4805 1225 4853 ἀλλ’
1256 4806 1314 4855 οὐ
1347 4807 1496 4871 παρὰ
1526 4803 1762 4859 πάντῶν.
1793 4806 1864 4861 Ita
1899 4821 2050 4865 certe
2088 4811 2326 4873 (Σ1ιι-γςο-

751 4881 962 4943 glltntus
998 4884 1425 4938 argumentatur.
1456 4877 1566 4930 lloe
1609 4889 1787 4931 autem
1834 4881 1884 4932 in
1930 4875 2325 4943 confesso'est.

757 4937 1104 5020 litithvmium
1145 4948 1249 5020 et'l
1275 4949 1710 5020 ln-ophylaetuut.
1775 4954 2164 5008 accedentibus
2201 4937 2324 5020 pro;

754 5010 1392 5088 batiot’ilittsﬁcodimbus.
1425 5010 1638 5088 semper
1671 5030 1845 5079 valere
1865 5035 2053 5078 contra
2081 5010 2324 5079 Chriso-

753 5087 1011 5161 struunullv
1054 5087 1443 5157 Chrysostomo
1473 5087 1597 5160 ergo
1627 5094 1752 5161 ὑμῖν
1785 5110 1833 5149 et
1872 5113 2072 5157 παντες
2110 5088 2316 5152 illatum

750 5154 971 5206 selioliis
1001 5169 1050 5210 ct
1085 5154 1311 5215 catenis.
1342 5176 1402 5212 ac
1434 5154 1627 5216 deinde
1659 5154 1820 5220 etiam
1851 5154 2152 5222 eontextui.

823 5226 897 5305 (ᾳ)
929 5229 1222 5305 llizbabet
1257 5239 1480 5305 uterque
1516 5250 1685 5289 meus.

821 5297 895 5378 tib).
922 5297 1123 5378 Evolvit
1153 5301 1224 5378 iul
1239 5318 1292 5378 ra
1322 5304 1380 5378 iu
1399 5297 1850 5378 interpretatione
1879 5309 2069 5365 Matth.
2092 5327 2208 5364 vm.
2234 5311 2319 5376 15,

750 5367 843 5416 καῖ
887 5369 1028 5438 ἰάθη.
1057 5371 1321 5425 Consistit
1371 5375 1455 5427 hic
1516 5367 1663 5430 locus
1703 5393 2025 5434 ca-terorum
2071 5367 2320 5436 codicum

745 5440 1462 5520 auctori-tateruid?quod
1491 5463 1591 5501 nec
1625 5449 1820 5505 liirehii
1854 5452 1986 5507 Cod.
2012 5451 2130 5507 Vat.
2163 5453 2316 5520 1209,

745 5513 797 5556 tu
835 5514 1058 5577 gratiam
1092 5513 1405 5570 Latinorum
1443 5517 1554 5572 Inec
1593 5523 1796 5576 omittit
1832 5524 1853 5576 ?

820 5584 888 5660 ie)
930 5583 1131 5660 neuter
1165 5603 1410 5640 meorum
1454 5595 1698 5660 agnoscit
1743 5595 1855 5648 ut.

747 5720 776 5735 η
818 5654 895 5717 id)
947 5655 1296 5735 (lopi_ose__de
1353 5661 1454 5714 hoc
1484 5654 1599 5715 loco
1630 5666 1904 5735 disputavi
1929 5667 1984 5720 itt
2021 5682 2139 5723 mea
2182 5667 2317 5724 Novi

755 5720 1079 5781 Instatttenti
1125 5731 1363 5786 editione
1404 5735 1466 5787 ad
1505 5735 1559 5788 h.
1597 5735 1627 5788 l.
1663 5720 1850 5806 p.".’.:25
1882 5753 2034 5808 seqq.

2456 3216 2627 3260 tense.

2528 3299 2613 3353 l-l.
2663 3299 2750 3352 9i.
2819 3299 2881 3353 Et
2939 3315 3189 3354 reversus
3237 3316 3430 3356 servus
3483 3302 3616 3370 (ille)
3674 3303 4029 3366 renuntiavit,

2451 3401 2557 3443 etc.
2610 3391 2741 3442 Nam
2779 3393 2996 3444 additur
3023 3395 3227 3454 ἐκεῖνος
3256 3394 3361 3457 ille,
3401 3394 3563 3447 etiam
3623 3398 3674 3446 in
3735 3394 4032 3462 exemplari

2449 3482 2850 3550 Complutensi.
3910 3523 3914 3528 .

2524 3571 2616 3631 15,
2647 3571 2736 3625 26.
2775 3572 2836 3625 Et
2869 3574 3138 3627 accersito
3171 3589 3283 3627 uno
3313 3573 3380 3629 de
3405 3575 3597 3628 servis.
3637 3572 3756 3628 Non
3814 3573 4035 3628 additur

2449 3665 2615 3717 αὑτοῦ
2671 3668 2783 3718 suis
2819 3667 2918 3735 (Ii).
2960 3683 3062 3720 nec
3094 3669 3146 3720 in
3177 3666 3473 3737 exemplari
3503 3666 3900 3737 Complutcnsi.
3930 3681 4034 3721 nec

2451 3756 2504 3809 in
2539 3757 2779 3810 editione
2828 3757 3076 3827 Vulgata.

2521 3850 2609 3908 17.
2637 3848 2689 3901 4.
2730 3847 2794 3901 Et
2832 3851 3033 3917 septies
3065 3853 3115 3902 in
3147 3850 3233 3904 die
3269 3866 3572 3905 conversus
3600 3849 3765 3906 fuerit
3797 3850 3987 3905 dicens
4015 3869 4029 3905 :

2447 3939 2685 3996 Paenitet
2715 3958 2822 3996 me.
2857 3943 2972 3996 Non
3029 3943 3193 3997 habet
3235 3945 3327 3996 ὲπι
3376 3961 3435 3996 σε
3488 3944 3559 3997 ad
3603 3954 3670 3997 te.
3722 3943 4034 3999 Concordat

2448 4032 2618 4084 editio
2649 4032 3075 4102 Complutensis.

2519 4124 2603 4189 17,
2647 4125 2735 4177 2|.
2766 4125 2950 4192 Neque
2991 4127 3214 4180 dicent:
3273 4127 3414 4181 Ecce
3442 4125 3551 4191 hic.
3576 4142 3704 4182 ecce
3739 4127 3868 4180 illic.
3908 4126 4029 4182 Non

2447 4217 2681 4286 (ἱ)1ιτι1ι(·ι
2737 4220 2765 4287 ἢ
2816 4230 2908 4271 aut
2944 4238 2956 4272 :
2991 4221 3132 4272 sicut
3193 4219 3357 4277 etiam
3417 4220 3556 4275 infra
3618 4236 3778 4274 versu
3809 4221 3899 4283 25.
3937 4221 4027 4275 ubi

2442 4311 2631 4364 eadem
2669 4322 2988 4379 repetuntur
3027 4313 3210 4376 verba,
3273 4314 3323 4366 itt
3359 4314 3509 4369 nullo
3567 4313 3799 4368 habetur
3841 4330 4029 4369 exem-

2366 4450 2412 4504 ὓ
2442 4404 2599 4473 plari.
2635 4403 3003 4459 Conformiter
3029 4407 3157 4475 legit
3185 4414 3240 4458 et
3278 4406 3688 4477 Cotuplutensis
3730 4407 3920 4462 editio.

2507 4589 2577 4651 (el
2610 4587 2686 4640 De
2717 4589 2820 4642 hoc
2855 4590 3017 4640 etiam
3048 4589 3168 4643 loco
3207 4589 3280 4644 ibi
3331 4589 3466 4648 dixi.
3505 4604 3626 4657 pag.
3673 4587 3802 4647 240,

2506 4663 2572 4727 (ι)
2632 4659 2797 4711 Recte
2831 4658 3029 4723 fecisti,
3073 4659 3326 4714 llenteni.
3366 4660 3499 4713 Nam
3538 4660 3620 4711 vel
3657 4675 3723 4710 ex
3764 4662 3872 4716 tuis
3907 4659 4027 4713 ani-

2435 4731 2903 4783 ntadversionihus
2955 4742 3218 4796 apparent
3270 4730 3722 4784 hallucinationes
3789 4731 4020 4794 Erasnti,

2435 4801 2673 4854 hominis
2704 4799 2860 4864 levis.
2896 4801 3244 4869 negligentis.
3274 4801 3552 4855 temerarii
3579 4812 3630 4854 et
3656 4803 3865 4869 perﬁdi.
3901 4801 4022 4853 Ple-

2432 4886 2604 4938 raque
2635 4873 2803 4933 enim,
2834 4886 2952 4935 qua:
2989 4872 3326 4931 memorasti.
3392 4887 3490 4940 per
3552 4871 3702 4924 illum
3771 4875 3836 4927 ad
3888 4871 4023 4924 Vul-

2432 4953 2609 5007 gataut
2654 4942 2902 4994 Latinam
2935 4953 3061 4994 sunt
3095 4942 3235 4996 licta.
3273 4943 3483 5007 Quanta
3516 4941 3618 4995 lide
3647 4953 3702 4996 et
3735 4944 4018 5010 diligentia

2434 5015 2485 5067 in
2519 5015 2808 5082 postremis
2837 5012 3173 5066 editiouihus
3228 5017 3342 5066 suis
3399 5013 3847 5082 Complutc-nSem
3902 5022 4018 5066 tra-

2431 5085 2613 5144 ctarit.
2647 5101 2806 5135 llt‘lllO
2833 5084 3058 5136 eritieus
3089 5084 3321 5151 ignorat.
3354 5084 3639 5149 Quomodo
3664 5100 3792 5155 ergo
3820 5094 3988 5138 tracta

2429 5156 2568 5208 verit
2606 5155 2862 5208 codices?
2891 5155 3023 5206 Nam
3051 5156 3150 5208 etsi
3185 5170 3283 5208 nec
3314 5156 3725 5223 Cotnplutensis
3752 5172 3779 5209 a
3809 5156 4019 5211 criticis

2429 5227 2638 5279 idoneis
2693 5236 2876 5278 curata
2937 5237 3040 5289 est,
3105 5237 3285 5279 tamen
3344 5226 3507 5281 habet
3564 5227 3764 5281 multas
3821 5226 4020 5295 probas

2428 5296 2696 5350 lectiones
2729 5298 2797 5351 ab
2834 5297 3062 5350 Erasmo
3101 5298 3398 5365 neglectas.

2500 5368 2575 5439 (ει)
2609 5368 2803 5439 Servat
2826 5378 3080 5439 _uterque
3124 5382 3300 5439 meus.

2499 5437 2574 5504 (ii)
2632 5438 2796 5494 αὐτοῦ
2825 5437 3089 5491 Erasmus
3121 5437 3327 5499 intulit.
3358 5453 3457 5508 pro
3488 5453 3598 5506 quo
3625 5449 3810 5494 tamen
3847 5438 4014 5494 silent

2425 5511 2662 5567 codices.
2693 5526 2719 5563 a
2762 5510 2980 5563 Birchio
3012 5510 3303 5563 examinati
3335 5525 3547 5564 omnes.
3604 5511 3792 5565 Miror.

2498 5584 2559 5645 (ἡ)
2613 5582 2794 5635 Primo
2853 5582 2974 5634 loco
3033 5592 3261 5650 uterque
3314 5596 3469 5636 meus
3503 5583 3730 5647 omittit,
3771 5581 4018 5638 secundo

2426 5665 2655 5722 uterque
2708 5663 2912 5709 servat.
