4426 6438
363 390 471 453 1‘29

1289 384 1801 445 COMMEN'I‘.‘]N
1848 380 2323 443 narra-sun.
2369 405 2436 414 —-
2480 353 2640 440 car.
2682 382 2728 443 ι.

3561 385 3667 447 130

362 506 509 556 εὶναι
543 497 952 568 μαρτυρτιθεὶς,
991 495 1079 548 δια
1105 510 1165 548 τε
1203 494 1300 558 τὰς
1336 495 1506 556 ἀλλας
1537 494 1706 548 αὑτοῦ
1730 493 1952 562 ἀρετὰς,
1987 497 2027 547 Α
2060 506 2110 543 es

1921 510 1952 556 ;,
1987 497 2027 547 Α
2060 504 2183 544 esse
2218 489 2561 559 perhibetur,
2605 506 2731 545 cum
2773 500 3002 562 propter
3060 491 3197 546 alias
3233 492 3357 562 ejus
3410 492 3669 559 virtutes.

358 598 457 649 καί
477 593 565 646 διὰ
586 589 685 658 τὴν
719 590 1005 658 πραότητα
1036 590 1129 642 καὶ
1155 587 1537 659 ἀγαθωσύνην.
1573 586 1959 656 Παραδειγμα-

360 687 512 739 τίσαι
538 685 596 737 δὲ
636 683 878 747 ἐλέγετο,
903 681 1033 735 ὅταν
1056 680 1216 749 ἀνὴρ,
1247 679 1399 753 παρά
1429 678 1490 730 τὸ
1525 678 1807 746 συνέδριον
1852 671 1957 745 ἦγε

360 780 460 848 τὴν
504 773 979 844 ὑποπτευομένην,
1007 774 1102 824 καὶ
1136 771 1435 840 κατηγόρει
1474 770 1702 838 ταύτης,
1734 770 1829 821 καί
1868 766 1958 819 οὗ·

359 887 471 932 τως
505 867 676 936 αὐτὴν
712 866 962 935 φανερῶ;
1011 865 1250 918 ἀπέλυεν
1285 862 1397 917 ἀπὸ
1424 862 1527 932 τῆς
1567 862 1746 924 οἰκίας
1768 860 1956 924 αὑτοῦ,

359 963 499 1029 ὅπερ
533 962 607 1030 μὴ
654 958 823 1011 θέλων
876 959 1103 1027 ποιῆσαι
1147 958 1175 1008 δ
1209 956 1430 1027 Ἰωσὴφ.
1466 954 1746 1025 ὴδουλήοη
1781 954 1958 1025 λάθρα

361 1055 639 1107 ἀπολῦσαι
682 1052 879 1123 αὐτὴν,
914 1051 1001 1103 ῖνα
1040 1051 1133 1103 καὶ
1162 1050 1327 1112 αὐτὸς
1360 1048 1659 1113 ἀνεύθυνος
1705 1052 1816 1103 ἀπὸ
1862 1049 1957 1105 τοῦ

362 1150 530 1214 νόμου
576 1148 758 1216 μείνῃ,
795 1142 891 1196 τοῦ
925 1143 1263 1206 κελεύοντος.
1297 1142 1558 1195 ἀπολύειν
1592 1143 1693 1206 τὰς
1721 1144 1956 1206 κυούσας

362 1239 659 1307 ἑτέρωθεν,
700 1237 967 1306 κάκείνην
1016 1235 1204 1304 ἀπαθῆ
1244 1236 1434 1289 κακῶν
1482 1237 1824 1309 συντηρήσει.
1882 1237 1960 1307 μὴ

360 1329 739 1400 δημοσιεύσας
770 1329 831 1381 τὸ
856 1328 1106 1397 γεγονός.
1608 1336 1619 1352 ’

442 1506 636 1560 Ταῦτα
663 1505 731 1559 δὲ
756 1537 827 1547 —
848 1506 1043 1578 ἐφάνη
1066 1510 1251 1574 αὐτῷ.
1280 1510 1421 1581 Ὀρα
1450 1512 1755 1581 πραότητος
1787 1514 1962 1583 ὑπερ-

365 1598 566 1667 σολήνί
604 1599 665 1651 ού
721 1600 887 1667 μόνον
916 1601 1028 1670 γὰρ
1072 1600 1172 1654 οὐκ
1223 1601 1442 1665 ἐξεῖπεν
1492 1604 1666 1673 ἑτέρῳ
1700 1606 1831 1674 περὶ
1860 1604 1956 1658 τοῦ

365 1689 712 1757 πράγματος,
749 1687 866 1740 ἀλλ’
908 1688 1029 1741 οὐδὲ
1057 1690 1194 1757 αὐτῇ
1233 1692 1299 1760 τῇ
1344 1692 1787 1761 ὑποπτευομένῃ,
1822 1691 1958 1744 ἀλλά

364 1779 489 1830 καθ’
516 1780 712 1830 ἑαυτὸν
746 1780 1083 1849 ἐνεθυμήθη,
1114 1781 1290 1850 λάθρα
1316 1782 1590 1834 ἀπολῦσαι
1619 1784 1811 1852 αὑτήν.
1849 1784 1958 1837 Καὶ

2066 591 2183 635 tum
2218 592 2442 651 propter
2480 584 2964 638 mansuetudinem
3003 600 3066 638 ac
3127 585 3463 654 probitatem
3520 590 3666 657 ejus.

2066 672 2386 727 Traducere
2412 685 2600 730 autem
2643 677 2957 743 dicebatur,
2993 676 3215 746 quando
3250 680 3331 730 vir
3362 680 3429 732 ad
3483 682 3675 733 conci-

2062 764 2196 818 lium
2227 765 2465 821 ducebat
2497 783 2750 831 uxorem,
2770 769 2838 823 de
2863 785 2970 838 qua
2987 770 3363 838 suspicionem
3411 772 3673 835 habebat,

2062 863 2349 931 ipsamque
2381 863 2676 919 accusabat
2714 881 2727 915 :
2786 872 2842 917 et
2872 863 2944 917 ita
2976 862 3267 917 manifeste
3293 880 3413 917 eam
3449 880 3478 917 a
3510 866 3674 920 domo

2066 957 2291 1025 propria
2356 956 2697 1010 dimittebat.
2753 954 2910 1021 Quod
2954 956 3150 1011 nolens
3206 955 3387 1008 facere
3444 955 3673 1025 Joseph,

2070 1045 2243 1099 voluit
2272 1047 2413 1100 clam
2446 1046 2727 1101 dimittere
2754 1062 2898 1111 eam,
2933 1056 2991 1100 ut
3025 1057 3079 1101 et
3150 1046 3267 1115 ipse
3328 1049 3463 1101 nulli
3500 1050 3675 1102 obno-

2062 1140 2186 1193 xius
2216 1139 2432 1192 crimini
2469 1140 2773 1193 secundum
2808 1140 2980 1211 legem
3016 1150 3283 1207 maneret,
3337 1156 3430 1196 eas
3473 1143 3678 1211 juhen-

2066 1240 2173 1284 tem
2220 1232 2523 1295 dimittere,
2580 1246 2703 1301 qua:
2735 1233 2962 1286 aliunde
2992 1232 3046 1285 in
3104 1241 3263 1287 utero
3290 1234 3579 1299 haberent,
3624 1246 3679 1289 et

2071 1323 2217 1376 illam
2251 1340 2279 1377 a
2312 1325 2581 1377 malorum
2610 1320 2967 1394 perpessione
2990 1333 3259 1390 servaret,
3283 1327 3411 1394 quia
3448 1330 3498 1378 id
3527 1330 3677 1395 quod

2064 1416 2267 1469 factum
2297 1425 2439 1479 erat,
2506 1432 2614 1469 non
2666 1417 3075 1472 manifestabat.

2140 1507 2294 1562 Vers.
2323 1508 2413 1562 20.
2447 1508 2575 1562 Ηατ
2607 1520 2791 1562 autem
2817 1538 2888 1549 -—
2921 1510 3172 1576 apparuit
3209 1510 3276 1563 ei.
3330 1509 3463 1564 Vide
3518 1526 3679 1566 man-

2064 1600 2383 1655 suetudinis
2411 1601 2819 1661 exeellentiam.
2852 1598 2969 1653 Non
3005 1602 3184 1654 solum
3208 1601 3310 1655 hac
3347 1603 3414 1656 de
3440 1618 3497 1656 re
3526 1603 3672 1669 nihil

2064 1694 2222 1747 alteri
2262 1692 2675 1750 manifestabat,
2711 1692 2808 1745 sed
2841 1707 2944 1746 nec
2987 1691 3113 1760 ipsi,
3179 1692 3248 1746 de
3314 1709 3421 1762 qua
3485 1695 3677 1763 suspi-

2066 1786 2281 1839 cionem
2326 1784 2608 1837 habebat:
2653 1794 2862 1837 tantum
2896 1784 3042 1852 apud
3096 1798 3156 1837 se
3197 1784 3480 1852 cogitavit,
3537 1786 3679 1838 clam

364 1871 506 1922 διατί
541 1872 638 1941 μὴ,
674 1873 783 1939 πρὸ
811 1872 907 1926 τοῦ
939 1874 1316 1944 ἐξογκωθῆναι
1359 1877 1458 1944 τὴν
1490 1878 1733 1947 γαστέρα
1764 1878 1960 1946 αὐτῆς,
1993 1860 2037 1914 Β
2068 1880 2112 1932 di

1945 1918 1960 1941 ,
1993 1860 2348 1932 Bdimittere
2394 1892 2545 1929 eam:
2596 1877 2662 1929 Et
2716 1890 2886 1945 quare
2944 1890 3054 1928 non
3126 1885 3422 1944 antequam
3487 1886 3683 1930 venter

363 1966 389 2016 ὀ
416 1964 649 2030 ἄγγελος
677 1961 799 2017 εἷπε
827 1966 907 2035 τῷ
926 1966 1126 2036 Ἰωσὴφ
1154 1969 1221 2019 τὰ
1252 1971 1380 2037 περὶ
1423 1970 1523 2040 τῆς
1553 1973 1799 2042 ἀσπόρου
1838 1974 1964 2025 συλο

363 2055 611 2124 λήψεωςς
645 2057 794 2110 Διότι
820 2058 1047 2126 ἔμελλεν
1092 2062 1466 2124 ἀπιστεῖσθαι,
1501 2062 1589 2117 διά
1620 2066 1681 2118 το
1716 2066 1961 2137 παράδυ-

366 2148 477 2211 ξον.
510 2151 714 2209 Λοιπὸν
746 2150 866 2212 οὖν,
912 2152 1194 2219 ὁρωμένου
1226 2153 1318 2206 τοῦ
1355 2157 1704 2225 πράγματος,
1742 2157 1959 2228 μηνύει,

364 2243 463 2293 καὶ
518 2242 698 2294 πείθει
749 2244 955 2313 ῥᾴδιον.
991 2244 1102 2297 Καὶ
1143 2244 1289 2298 διατί
1353 2248 1429 2319 μὴ
1482 2250 1828 2320 ήΠαρθένος
1888 2252 1964 2321 τῷ

364 2331 569 2401 Ἰωσὴφ
606 2334 923 2402 ἀνήγγειλε,
983 2336 1406 2407 προδιδαχθείσα
1453 2341 1630 2396 ταῦτα
1666 2346 1815 2413 παρὰ
1866 2345 1962 2399 τοῦ

366 2425 647 2494 Γαετριήλς
702 2428 850 2478 Διότι
904 2428 1224 2495 εγίνωσκεν,
1275 2431 1350 2493 ὡς
1407 2435 1469 2487 ού
1512 2437 1961 2507 πιστευθήσεται,

369 2519 576 2584 μᾶλλον
632 2519 734 2586 μὲν
799 2515 893 2571 οὖν
953 2522 1047 2572 καὶ
1098 2524 1417 2591 παροξυνεῖ,
1477 2527 1554 2591 ὼς
1610 2531 1967 2599 ὲεηιιχειροῦιη⁴

368 2608 691 2669 συσκιάζειν
722 2608 782 2659 τὸ
820 2610 1393 2681 πεπλημμελημένοι.
1430 2618 1541 2669 Καὶ
1572 2618 1715 2671 διατί
1760 2622 1835 2690 μὴ
1872 2622 1968 2673 καὶ

366 2704 436 2770 τῇ
468 2700 754 2770 Παρθένῳ.
780 2704 921 2770 μετά
949 2703 1039 2754 τὸν
1068 2703 1234 2772 ὄγκον
1266 2707 1361 2775 τῆς
1396 2710 1657 2779 γαστρὸς,
1694 2714 1967 2782 ἐμήνυσεν

368 2796 395 2843 δ
437 2792 671 2860 ἄγγελος
697 2794 796 2863 τὴν
822 2796 885 2846 ἐκ
923 2795 1244 2865 Πνεύματος
1274 2801 1432 2867 ἀγίου
1462 2802 1765 2873 σύλληψινς
1798 2809 1965 2870 Διότι,

370 2886 422 2935 εί
456 2887 531 2955 μὴ
578 2890 978 2957 προμεμάθηκε
1010 2890 1192 2956 τοῦτο,
1226 2892 1455 2961 ἔμελλεν
1491 2896 1548 2947 ἑν
1581 2896 1800 2966 θορύϐῳ
1824 2894 1967 2951 εἶναι

370 2981 467 3030 καὶ
498 2983 734 3050 ταραχῇ,
778 2984 872 3034 καὶ
922 2985 1014 3036 ἐπὶ
1062 2984 1261 3055 βρόχον
1312 2985 1491 3038 ἐλθεῖν
1545 2985 1605 3040 εὖ
1662 2990 1860 3053 εἰδυῖα,
1894 2993 1968 3053 ὡς

368 3071 473 3122 οὐκ
506 3071 571 3123 ἀν
606 3089 737 3124 ποτε
770 3077 936 3146 πείσῃ
967 3078 1112 3141 τινὰ,
1148 3077 1407 3144 λέγουσα,
1463 3078 1541 3149 μὴ
1583 3082 1844 3150 ὁμιλῆσαι
1878 3084 1971 3134 ἁν-

2070 1972 2477 2025 intumesceret
2533 1969 2771 2039 Virginis
2837 1968 2976 2022 dixit
3035 1969 3265 2039 angi-lus
3318 1970 3422 2038 ipsi
3456 1969 3683 2039 Ioseph,

2066 2079 2186 2133 quae
2216 2064 2356 2117 facta
2392 2061 2611 2117 fuerant
2636 2064 2780 2115 circa
2808 2061 3232 2130 conceptionem
3269 2062 3390 2115 sine
3421 2063 3635 2116 semine
3660 2065 3682 2115 Ὺ

2068 2161 2205 2225 Qttia
2256 2167 2481 2227 propter
2523 2172 2775 2227 magnam
2862 2157 2942 2211 rei
3002 2158 3300 2210 novitatem
3360 2157 3684 2212 incredulus

2070 2250 2285 2304 fuisset.
2322 2251 2460 2304 Cum
2487 2264 2619 2315 eigo
2664 2264 2751 2302 rt-s
2803 2249 2912 2318 iam
2948 2258 3267 2318 appareret,
3294 2250 3508 2304 indicat
3540 2250 3681 2304 faci-

2070 2343 2287 2413 liusque
2329 2344 2647 2413 persuadet.
2698 2341 2995 2405 P.a:terea,
3037 2358 3135 2396 cur
3206 2358 3317 2397 non
3367 2346 3483 2413 ipsa
3518 2344 3686 2415 Virgo

2070 2438 2454 2492 manifestavit
2494 2436 2726 2506 Josepb,
2769 2451 2894 2499 eum
2952 2436 3105 2502 prius
3158 2452 3187 2489 a
3217 2436 3474 2491 Gabriele
3536 2449 3689 2493 esset

2069 2532 2303 2588 edocta?
2393 2530 2553 2597 Quod
2621 2530 2833 2584 sciebat
2919 2538 3135 2582 tantum
3211 2530 3409 2583 abesse
3459 2541 3518 2585 ut
3580 2530 3686 2587 sibi

2072 2624 2208 2678 fides
2243 2623 2605 2677 adhiberetur
2636 2631 2696 2675 ut
2749 2621 2920 2691 magis
2944 2621 3106 2673 etiam
3164 2622 3407 2674 irritaret
3443 2624 3532 2681 (ad
3566 2638 3689 2679 van-

2072 2718 2274 2771 dietam
2304 2715 2635 2783 Josephum)
2666 2714 2711 2766 si
2761 2715 2979 2783 culpam
3009 2723 3308 2767 conaretur
3347 2714 3548 2768 celare.
3605 2716 3688 2769 Ad

2074 2810 2190 2864 haec
2227 2826 2239 2862 :
2281 2816 2463 2874 Quare
2494 2822 2605 2861 non
2640 2816 2764 2877 post
2800 2809 3011 2862 ventris
3038 2817 3315 2861 tumorem
3341 2807 3684 2878 significavit

2072 2903 2299 2972 angelus
2342 2900 2583 2971 Virginis
2632 2902 3081 2969 conceptionem,
3118 2916 3241 2970 qua:
3278 2916 3373 2969 per
3403 2901 3680 2969 Spiritum

2071 3006 2324 3052 sanctum
2350 2993 2489 3049 facta
2522 2993 2718 3048 esset?
2746 2992 2884 3058 Quia
2916 2993 3023 3046 nisi
3043 2995 3195 3061 prius
3228 3009 3343 3048 rem
3378 2994 3681 3048 didicisset

2074 3091 2273 3144 timore
2310 3105 2375 3143 ac
2436 3087 2856 3157 perturbatione
2887 3087 3027 3141 adeo
3074 3086 3337 3156 exagitari
3375 3098 3504 3157 potu
3535 3098 3573 3150 t,
3631 3100 3690 3142 ut

367 3162 481 3261 δρί.
531 3164 633 3217 Διά
658 3166 840 3261 τοῦτο,
887 3172 957 3239 τῇ
1007 3170 1109 3239 μὲν
1157 3169 1446 3241 Παρθένῳ,
1496 3173 1601 3243 πρὸ
1634 3176 1732 3244 τῆς
1770 3175 1968 3245 συλλή·
1998 3202 2041 3261 C
2079 3201 2111 3235 ιι

1945 3205 1968 3215 -
1998 3202 2041 3261 C
2079 3193 2309 3235 mortem
2350 3183 2465 3247 ipsa
2504 3181 2608 3234 sibi
2642 3179 3044 3243 conscisceret,
3070 3180 3232 3249 plane
3279 3179 3486 3245 sciens,
3537 3180 3686 3249 quod

364 3256 539 3324 ψεως,
575 3260 603 3309 ὁ
646 3258 877 3327 ἄγγελος
923 3261 1236 3330 διαλέγεται
1262 3280 1275 3294 ο
1313 3263 1394 3333 τῷ
1424 3264 1483 3317 δὲ
1528 3264 1751 3338 Ἰωσὴφ,
1793 3270 1852 3321 ὲν
1895 3271 1970 3340 τῷ
2009 3256 2037 3261 Ϋ
2076 3292 2109 3329 ll

1939 3271 1970 3340 ξ)
2009 3256 2037 3261 Ϋ
2076 3276 2209 3329 nulli
2246 3289 2487 3343 unquam
2520 3272 2852 3341 persuadere
2882 3272 3181 3351 potuisset,
3212 3287 3271 3326 se
3298 3272 3430 3325 nulli
3452 3273 3687 3329 commi-

371 3348 556 3419 καιρῷ
576 3350 683 3405 τῶν
710 3351 938 3407 ὠδίνων.

446 3618 555 3669 Καὶ
591 3618 620 3669 δ
652 3620 753 3689 μὲν
784 3621 1073 3686 Ματθαῖος
1107 3626 1238 3695 περὶ
1272 3627 1372 3681 τοῦ
1420 3630 1660 3699 ἀγγέλου
1706 3634 1801 3687 τοῦ
1849 3636 1974 3689 ἐπι-

374 3709 608 3773 στάντος
650 3711 729 3783 τῷ
765 3713 969 3784 Ἰωσὴφ
1017 3716 1364 3789 ἀνέγραψεν·
1418 3723 1449 3776 δ
1484 3723 1541 3777 δὲ
1578 3725 1795 3791 Λουκᾶς
1843 3730 1973 3800 περὶ

370 3803 468 3857 τοῦ
497 3806 1003 3878 εὐαγγελισαμένου
1050 3814 1118 3883 τῇ
1153 3813 1417 3886 Παρθένῳ
1444 3817 1544 3889 τὴν
1581 3818 1736 3874 θείαν
1774 3822 1975 3892 σύλλη-

369 3898 488 3967 ψιν.
517 3900 831 3973 Ἀμςρότερα
876 3903 986 3973 γὰρ
1035 3907 1317 3974 γεγόνασι.
1350 3910 1459 3963 Καὶ
1488 3912 1631 3964 διατί
1682 3913 1805 3966 κατ’
1838 3915 1973 3986 ὄναρ

372 3990 524 4060 αὐτῷ
551 3993 807 4061 φαίνεται
836 3996 866 4047 ὁ
904 3997 1163 4065 ἄγγελος,
1205 4004 1299 4052 καὶ
1339 4004 1414 4072 μὴ
1467 4006 1744 4075 φανερῶς,
1784 4008 1973 4079 ὥσπερ

375 4087 472 4137 καὶ
513 4088 581 4155 τῇ
633 4086 938 4159 Παρθένῳ;
984 4093 1132 4145 Διότι
1190 4094 1222 4163 ἡ
1281 4096 1381 4164 μὲν
1430 4099 1711 4168 Παρθένος
1768 4102 1972 4179 ἔχρῃζε

374 4180 620 4249 φανερᾶς
656 4180 854 4250 ὅψεως,
899 4184 988 4237 διά
1030 4185 1091 4238 τὸ
1132 4189 1443 4259 παράδοξον
1486 4192 1581 4245 τοῦ
1616 4197 1969 4268 μηνύματοςο

372 4272 401 4321 ὁ
434 4269 497 4362 δὲ.
522 4270 742 4342 Ἰωσὴφ,
770 4275 983 4344 βλέπων
1012 4279 1113 4347 μὲν
1138 4285 1232 4333 καί
1256 4283 1348 4334 τὸν
1381 4284 1544 4351 ὄγκον
1576 4289 1672 4357 τῆς
1709 4292 1970 4362 γαστρὸς,

373 4359 663 4429 γινώσκων
693 4363 750 4417 δὲ
780 4366 878 4417 καὶ
913 4368 1006 4419 τὸν
1044 4369 1161 4438 βίον
1189 4371 1285 4443 τῆς
1324 4375 1606 4445 Παρθένου
1641 4359 1884 4452 καθαρόν
1913 4401 1972 4436 τε

375 4461 471 4511 καὶ
504 4461 900 4532 ἀνεπίληπτον,
962 4468 1362 4539 εὐχερέστερον
1414 4472 1610 4542 ἔμελλε
1664 4480 1969 4535 πιστεύειν.

2074 3380 2215 3423 stam
2265 3383 2388 3420 esse
2437 3369 2571 3418 \‘iro.
2630 3364 2929 3432 Propterea
3007 3363 3214 3433 Virgini
3274 3363 3496 3432 quidem
3562 3372 3690 3417 ante

2072 3462 2498 3529 conceptionem
2531 3456 2760 3527 angelus
2784 3455 3086 3521 nuntiaiit,
3120 3455 3295 3527 Josph
3344 3468 3528 3510 autem
3558 3472 3692 3526 par.

2073 3554 2356 3609 turitionis
2387 3560 2657 3619 tempore.

2147 3648 2212 3701 Et
2234 3646 2523 3699 Mattliacus
2547 3644 2773 3712 quidem
2809 3642 2878 3696 de
2905 3642 3104 3713 angelo
3135 3642 3343 3713 Joseph
3386 3652 3691 3712 apparente

2074 3738 2405 3807 conscripsit
2435 3757 2450 3804 ;
2490 3736 2665 3791 Lucas
2700 3751 2855 3802 vero,
2882 3736 3166 3806 quomodo
3202 3735 3411 3806 Virgini
3450 3737 3677 3790 divinus

2074 3843 2375 3901 conceptus
2399 3833 2469 3887 sit
2520 3830 2886 3883 annuntiatus
2918 3848 2932 3895 ;
2974 3839 3272 3898 utrumque
3301 3831 3449 3883 enim
3480 3829 3691 3885 factum

2075 3938 2178 3983 est.
2212 3928 2471 3989 ltursum,
2509 3942 2672 3994 quam
2715 3925 2787 3978 ob
2830 3939 3054 3978 causam
3094 3926 3149 3978 in
3176 3927 3389 3981 Somnis
3445 3926 3549 3995 ipsi
3591 3918 3689 3979 Jo-

2077 4023 2211 4091 seplt
2236 4021 2493 4090 apparuit
2528 4019 2757 4090 angelus
2783 4029 2839 4071 et
2871 4034 2983 4071 non
3031 4020 3350 4082 manifeste,
3386 4020 3532 4073 sicut
3571 4020 3694 4072 Vir-

2078 4118 2190 4186 gini
2235 4120 2256 4166 ἲ
2306 4115 2445 4179 Quia
2518 4113 2723 4183 Virgini
2779 4113 3001 4183 quidem
3054 4114 3349 4167 manilesla
3401 4128 3541 4183 Opus
3573 4124 3692 4167 crat

2079 4209 2290 4262 visione
2312 4215 2536 4275 propter
2567 4207 2666 4268 rei,
2700 4218 2821 4273 qua:
2853 4204 3288 4275 signiﬁcabatur,
3323 4209 3627 4259 novitatem
3676 4226 3688 4261 :

2074 4301 2303 4371 Ioseph,
2340 4311 2526 4354 autem
2578 4300 2771 4353 \idens
2811 4301 3034 4368 quidem
3074 4300 3215 4353 uteri
3256 4308 3551 4365 tumorem,
3589 4317 3686 4354 co-

2075 4398 2283 4468 gnitam
2316 4407 2499 4451 tamen
2556 4395 2766 4448 habens
2821 4395 2944 4447 vita:
2995 4393 3233 4463 Virginis
3281 4396 3577 4463 puritatem
3629 4412 3693 4451 ac

2079 4488 2477 4547 innocentiam,
2513 4486 2620 4539 alio
2655 4500 2876 4553 quoque
2928 4486 3093 4538 modo
3145 4483 3364 4538 facilius
3403 4498 3522 4540 erat
3566 4503 3691 4541 cre-

378 4553 593 4618 Ἀλλως
632 4572 691 4608 τε
730 4557 809 4621 δὲ,
846 4560 940 4612 καὶ
969 4558 1045 4623 ὡς
1083 4557 1143 4616 εὖ
1185 4561 1343 4628 εἰδὼς
1376 4565 1677 4638 διακρίνειν
1704 4570 1973 4641 ὀνείρους,
2008 4566 2055 4622 ο
2082 4585 2126 4634 di

1946 4594 1973 4639 ς,
2008 4566 2055 4622 ο
2082 4584 2318 4644 (ίίιυτυδ,
2356 4590 2615 4648 tanquam
2668 4580 2762 4647 qui
2814 4578 3029 4632 somnia
3060 4578 3230 4647 probe
3268 4590 3501 4633 noverat
3551 4581 3694 4649 diju«

373 4648 433 4699 ὲν
466 4649 663 4721 ὀνείρῳ
691 4651 884 4721 βλέπει
904 4654 995 4707 τὸν
1018 4655 1273 4724 ἄγγελον.

446 4742 652 4812 Λόγων
680 4772 751 4784 -
777 4746 1039 4816 γυναῖκά
1071 4765 1211 4804 σου.
1246 4751 1372 4807 Υίὸν
1400 4755 1566 4809 Δαυῒδ
1592 4759 1756 4815 αὑτὸν
1783 4763 1977 4817 ἐκάλε-

376 4852 491 4924 σεν,
525 4837 750 4904 ἀνάγων
776 4840 874 4907 τὴν
900 4840 1146 4895 διάνοιαν
1180 4845 1351 4897 αὑτοῦ
1382 4848 1476 4899 ἐπὶ
1517 4848 1611 4904 τὸν
1658 4850 1849 4918 Δαυῖδ,
1878 4858 1974 4924 ἀφ’

374 4921 437 4980 οὗ
462 4929 811 4997 προσεδόκων
834 4932 1083 4986 Ἰουδαῖοι
1114 4934 1205 4987 τὸν
1244 4936 1482 5009 Χριστὸν
1517 4940 1759 4999 ἔσεσθαι.
1790 4921 1975 5001 Εἰπῶν

373 5021 451 5087 δὲ,
486 5020 584 5089 Μὴ
613 5022 908 5091 φοϐηθῇς,
942 5026 1283 5097 ἀνεκάλυψεν
1324 5030 1473 5101 αύτῷ
1510 5033 1569 5085 τὸ
1610 5036 1711 5105 τῆς
1740 5040 1973 5109 καρδίας

372 5116 543 5171 αὑτοῦ
576 5121 905 5190 μυστήριον.
932 5122 1217 5191 Ἐφοΰείτο
1251 5127 1359 5196 γὰρ
1379 5130 1631 5200 κατέχειν
1656 5132 1755 5203 τὴν
1778 5133 1973 5189 Θεοτόα

372 5230 493 5278 κον,
529 5214 606 5285 μὴ
637 5218 1001 5289 προσκρούσῃ
1054 5218 1131 5290 τῷ
1182 5219 1327 5291 Θεῷ,
1373 5226 1667 5294 μοιχαλίδα
1721 5232 1973 5301 κατέχων

372 5310 527 5378 παρὰ
552 5312 644 5362 τὸν
664 5311 851 5379 νόμον.
891 5310 955 5363 Τί
982 5313 1040 5364 δέ
1062 5314 1180 5366 ἐστι
1214 5316 1295 5381 τὸ,
1332 5320 1743 5391 παραλαβεῖν;
1781 5324 1971 5377 Ἐνδον

370 5404 627 5474 κατέχειν
653 5403 784 5473 παρ’
827 5405 1030 5475 ἐαυτῷ,
1072 5407 1259 5461 λαϐεῖν
1292 5405 1472 5473 αὖθις.
1501 5412 1644 5484 Ἤδη
1678 5416 1788 5487 γὰρ
1820 5420 1969 5491 αὐτῷ

370 5500 513 5552 κατὰ
569 5497 814 5552 διάνοιαν
863 5502 1187 5557 ἀπολέλυτο.
1236 5505 1589 5575 Παραλαόεῖν
1643 5510 1700 5562 δὲ
1740 5512 1839 5564 οὑκ
1892 5516 1972 5579 εἰς

371 5594 569 5661 γάμον,
597 5594 715 5645 ἀλλ’
738 5596 817 5656 είς
846 5596 1114 5666 φυλακήν.
1168 5597 1287 5665 Τὴν
1316 5601 1569 5667 γυναῖκά
1597 5621 1714 5658 σου
1741 5606 1795 5659 δὲ
1824 5605 1968 5675 εἶπε,

369 5690 671 5743 κάντεῦθεν
722 5691 869 5761 πληρ
904 5692 1085 5764 φορῶν
1140 5695 1344 5760 αὑτὸν,
1412 5696 1490 5749 ὅτι
1543 5700 1639 5768 οὐχ
1688 5702 1969 5773 ὡμίληῖεν

370 5803 547 5858 ινοξιι.

446 5877 514 5929 ιι)
548 5878 655 5948 γὰρ
722 5909 785 5920 —-
836 5881 903 5933 ἐκ
957 5882 1298 5951 [ινεύματός
1344 5886 1517 5940 ἐστιν
1564 5889 1761 5951 ἁγίου.
1801 5893 1877 5945 Τὸ
1908 5896 1965 5948 ἐν

2081 4677 2305 4731 dicare:
2340 4674 2467 4727 ideo
2507 4674 2560 4725 in
2595 4672 2808 4726 somnis
2830 4670 3090 4741 angelum
3126 4670 3300 4725 videt.

2152 4770 2312 4826 Vers.
2344 4771 2437 4825 ‘20.
2461 4769 2651 4823 Dicent
2683 4798 2751 4808 --
2773 4771 3054 4839 conjugem
3094 4779 3265 4824 tuam.
3302 4768 3465 4825 David
3496 4769 3689 4835 filium,

2082 4866 2261 4935 ipsum
2314 4864 2587 4927 nomirat,
2624 4872 2867 4917 mentem
2909 4864 3029 4932 ejus
3084 4864 3153 4917 ad
3202 4862 3371 4919 Datid
3416 4863 3694 4919 reducens

2080 4973 2241 5027 aquo
2270 4957 2552 5011 Christum
2574 4970 2696 5011 esse
2725 4965 3021 5009 venturum
3055 4958 3458 5025 exspectabant
3489 4956 3688 5011 Judaei.

2083 5054 2282 5107 Dicens
2323 5061 2532 5111 autem.
2566 5049 2646 5103 Ne
2694 5050 2958 5113 timueris,
2995 5049 3174 5104 eidem
3211 5050 3523 5105 manifestat
3559 5066 3690 5121 pro-

2082 5146 2184 5216 prii
2236 5145 2419 5199 cordis
2454 5159 2744 5198 arcanum.
2806 5143 3063 5198 Timebat
3113 5144 3387 5213 siquidem
3440 5144 3691 5199 retinere

2080 5239 2174 5293 Dei
2211 5236 2464 5300 Matrem,
2507 5250 2577 5289 ne
2633 5236 2803 5290 Deum
2836 5236 3167 5301 oﬂenderet,
3225 5245 3439 5290 retenta
3494 5249 3691 5290 contra

2080 5333 2254 5403 legem
2308 5329 2578 5384 adultera.
2638 5326 2781 5393 Quid
2816 5338 2901 5383 est
2944 5340 3131 5382 autem
3185 5330 3480 5398 accipere?
3538 5329 3693 5382 intus

2082 5430 2346 5493 retinere,
2376 5423 2458 5478 vel
2486 5424 2553 5478 ad
2573 5438 2632 5477 se
2655 5423 2835 5493 ipsum
2876 5439 3069 5477 rursus
3119 5439 3343 5493 capere.
3369 5423 3489 5477 Jam
3537 5426 3689 5477 enim

2082 5529 2262 5573 tuente
2292 5521 2360 5571 ah
2386 5532 2454 5571 eo
2489 5517 2667 5571 divisa
2693 5526 2831 5571 erat.
2862 5518 3129 5587 Accipere
3164 5532 3295 5571 vero
3332 5532 3443 5570 non
3477 5518 3543 5571 ad
3585 5534 3688 5571 uu-

2080 5616 2241 5684 ptias,
2273 5614 2366 5667 sed
2395 5613 2458 5666 ad
2488 5613 2816 5666 custodiam.
2850 5612 3086 5665 [χοι-ειη
3113 5627 3332 5681 quoque
3353 5624 3504 5665 tuam
3530 5612 3690 5677 dixit,

2080 5718 2136 5763 t.t
2167 5709 2293 5762 inde
2325 5709 2616 5762 certiorem
2650 5723 2774 5761 eum
2800 5710 2904 5761 lact
2925 5719 3026 5761 ret.
3062 5707 3203 5776 quod
3238 5724 3266 5759 a
3303 5707 3452 5760 nullo
3476 5719 3692 5777 tiOSu.‘.-’I

2080 5814 2228 5857 esset
2258 5804 2398 5856 viro.

2160 5895 2317 5951 Vers.
2348 5894 2440 5951 20.
2468 5895 2623 5960 Quod
2648 5898 2789 5950 enim
2818 5927 2877 5936 -—
2916 5914 2945 5949 α
2982 5898 3186 5950 Spiritu
3215 5909 3399 5952 sancto
3427 5907 3518 5952 cst.
3557 5898 3694 5953 For-
