4446 6442
756 406 860 469 1‘47

1979 388 2361 450 EUTHYMII
2437 386 2795 447 ZIGABENI

3904 355 4014 431 ius

761 516 954 571 minari
991 516 1167 567 lucem
1199 512 1452 573 habens)
1490 507 1535 561 si
1566 513 1751 559 autem
1775 503 1971 557 oculus
2000 511 2131 556 tuus
2157 514 2329 570 εει-ου
2353 499 2406 559 Α
2432 516 2517 567 φω

2252 514 2329 554 τοο
2353 499 2406 559 Α
2432 498 2767 567 φωταγωγοῦ
2786 514 2801 527 '
2824 494 2923 550 ἐὰν
2944 490 3001 546 δὲ
3028 496 3057 548 6
3078 494 3351 563 ὀφθαλμός
3376 509 3472 545 σου
3503 488 3719 558 νοστρδς
3746 488 3856 553 ειη,
3886 485 4008 537 ὅλον

763 612 847 669 tus
878 599 1058 660 fuerit,
1083 606 1255 651 totum
1287 605 1486 663 corpus
1514 601 1666 645 tuum
1700 590 2050 644 tenebrosum
2074 588 2200 650 erit,
2222 603 2331 641 non

761 691 970 743 habens
1019 690 1088 741 ab
1121 688 1238 754 ipso
1287 686 1485 738 lucem.
1542 682 1619 735 lta
1686 682 1849 750 igitur
1879 690 1934 734 et
1974 694 2129 733 mens
2155 716 2171 740 ,
2213 694 2335 748 qua

757 786 950 840 oculus
979 790 1062 835 est
1087 780 1303 840 animae,
1333 776 1536 831 del‘ossi
1573 774 1813 828 thesauri
1843 769 2193 825 sollicitudini
2218 782 2333 822 s‘er-

757 874 929 934 viens,
956 878 1159 939 εει-θυι
1196 877 1280 921 est
1313 884 1326 929 ;
1381 867 1495 934 ipsa
1524 866 1669 917 enim
1703 862 2019 929 sollicitudo
2047 860 2335 913 inﬁrmitas

756 973 860 1025 est,
892 971 946 1015 et
993 962 1116 1015 ideo
1147 959 1440 1014 obscurata
1473 965 1557 1010 est
1595 965 1651 1009 et
1683 954 1889 1005 anima.

828 1054 985 1107 Vera.
1015 1053 1105 1106 23.
1139 1049 1197 1105 Si
1231 1065 1355 1119 ergo
1371 1057 1658 1117 -ᾳιιαιιιω
1680 1047 1706 1097 3’
1727 1044 1785 1098 Si
1815 1058 1947 1113 ergo
1973 1042 2156 1095 iumen
2186 1042 2332 1111 quod

758 1146 811 1198 in
852 1154 902 1199 te
934 1153 1038 1204 est,
1068 1142 1173 1197 hoc
1203 1152 1307 1205 est,
1337 1156 1513 1201 mens,
1557 1154 1678 1205 qua:
1708 1138 1772 1189 ad
1809 1138 1909 1187 hoc
1964 1135 2087 1187 data
2136 1143 2241 1191 est.
2274 1140 2336 1185 ut

755 1235 992 1287 animam
1022 1212 1355 1286 illuminare!
1388 1244 1452 1283 ac
1492 1239 1725 1296 regeret,
1766 1224 2004 1278 tenebrae
2048 1232 2199 1283 sunt,
2231 1219 2333 1285 hoc

757 1333 859 1385 est,
934 1322 1290 1380 olitenebrata
1330 1330 1452 1383 est,
1518 1317 1756 1371 tenebrz
1808 1330 1927 1383 qua:
1974 1314 2041 1366 ab
2088 1311 2332 1365 affectio-

755 1417 918 1469 nibus
964 1416 1507 1481 procedunt,quanta:
1532 1417 1657 1469 sunt
1688 1407 1752 1461 ad
1776 1408 2012 1459 animam
2039 1404 2333 1458 obscuran-

752 1507 898 1567 dam,
939 1506 1057 1573 ipso
1087 1504 1293 1557 lumine
1328 1502 1473 1571 quod
1526 1501 1601 1554 illi
1633 1499 1911 1551 oriebatur
1939 1493 2343 1551 obtenebratoi

829 1595 976 1649 Vers.
1026 1595 1120 1649 24.
1168 1595 1337 1648 Nemo
1367 1602 1774 1645 —contemnet.
1832 1590 2010 1642 Aliam
2070 1595 2330 1657 praterea

752 1688 1252 1742 considerationem
1292 1685 1516 1738 adducit
1557 1680 2065 1742 formidabiliorem,
2119 1686 2178 1729 ut
2221 1677 2332 1727 l'or-

752 1779 861 1841 tius
892 1779 959 1831 ab
992 1792 1179 1833 amore
1209 1775 1592 1844 temporalium
1652 1788 1835 1827 rerum
1871 1780 2202 1827 avertantur.
2241 1781 2330 1819 os-

751 1868 983 1923 tendens
1011 1870 1158 1922 hunc
1204 1868 1299 1920 Dei
1331 1866 1607 1935 expellere
1629 1862 1975 1920 servitutem,
2009 1869 2063 1911 et
2094 1859 2144 1910 in
2195 1858 2335 1910 diVI-

754 1962 950 2015 tiarutn
983 1959 1248 2013 reducere
1279 1959 1629 2013 servitutem.
1670 1952 2000 2022 Simpliciter
2021 1958 2229 2010 autem,
2279 1958 2335 2002 et

754 2055 961 2121 absque
1016 2054 1238 2107 nomine
1288 2050 1525 2119 primum
1578 2047 1720 2101 duos
1762 2044 1895 2099 dicit
1936 2042 2217 2102 dominos,
2277 2046 2338 2093 ut

755 2145 1034 2198 auditores
1090 2140 1221 2196 dicti
1257 2139 1544 2195 veritatem
1601 2144 1761 2203 cogat
1811 2130 2080 2187 conﬁteri.
2131 2128 2337 2184 Deinde

756 2233 1079 2287 nominatim
1114 2231 1235 2284 illos
1264 2231 1440 2299 ponit,
1482 2227 1551 2281 de
1581 2225 1783 2295 quibus
1810 2231 1927 2278 erat
1957 2237 2159 2277 sermo.
2191 2220 2337 2275 Duos

757 2339 887 2384 vero
946 2320 1200 2377 dominos
1240 2320 1390 2385 dicit,
1420 2318 1697 2374 contraria
1724 2317 2004 2385 jubentes.
2039 2313 2338 2367 Adhcrebit

756 2423 959 2478 autem,
994 2415 1097 2468 hoc
1122 2422 1226 2477 est,
1262 2411 1499 2465 Parebit.

829 2505 985 2559 Vers.
1027 2505 1115 2557 25.
1166 2504 1285 2557 Non
1314 2534 1385 2545 -
1412 2516 1747 2555 mammonae.
1811 2500 1955 2554 Ecce
2014 2500 2337 2554 nominatim

756 2611 969 2667 quoque
998 2597 1137 2651 duos
1160 2596 1453 2664 praedictos
1487 2592 1743 2647 dominos
1796 2588 2133 2643 manifestat.
2166 2590 2339 2643 Mam—

759 2703 919 2741 mona
964 2698 1145 2741 autem
1205 2687 1271 2740 ab
1315 2684 1558 2738 Hebraeis
1605 2682 1810 2735 divitia:
1867 2681 2150 2744 dicuntur,
2205 2697 2341 2750 quas

757 2786 919 2838 etiam
949 2785 1231 2838 dominum
1286 2783 1598 2853 appellavit,
1642 2790 1866 2851 propter
1912 2780 2338 2835 imbecillitatem

758 2875 978 2930 illorum
1012 2877 1104 2944 qui
1142 2889 1329 2928 earum
1366 2873 1643 2935 sustinent
1673 2872 2007 2926 dominium.
2060 2870 2203 2935 Quid
2238 2870 2341 2939 igi-

758 2978 871 3032 tur,
914 2983 1098 3022 nonue
1146 2967 1426 3020 Abraham
1461 2965 1616 3018 dives
1651 2963 1803 3017 erat?
1835 2978 2017 3022 nonne
2058 2962 2182 3027 Job,
2221 2961 2342 3014 alii-

758 3077 863 3132 que
896 3063 1101 3116 similes
1127 3062 1149 3113 ?
1202 3059 1405 3128 Utique
1436 3057 1636 3113 divites
1671 3057 1894 3125 quidem
1925 3064 2106 3119 erant,
2148 3067 2203 3110 at
2233 3071 2340 3109 non

2436 590 2497 644 τὸ
2542 591 2702 658 σῶμα
2746 606 2839 642 σου
2882 586 3266 652 ἐσκοτισμὲνον
3295 584 3473 647 ἐσται,
3517 582 3592 649 μὴ
3624 576 4008 647 φωτιζόμενον

2436 683 2527 735 ὑπ’
2558 682 2742 734 αὑτοῦ.
2777 679 2932 732 Οὕτω
2961 680 3142 743 τοίνυν
3174 678 3268 746 καὶ
3299 674 3329 725 6
3367 673 3645 740 ὀφθαλμὸς
3674 669 3772 734 τῆς
3804 664 4007 733 ψυχῆς,

2434 777 2462 825 6
2508 772 2655 836 νοῦς,
2688 770 2956 826 δουλεύων
2989 773 3054 838 τῇ
3096 766 3335 838 φροντίδι
3381 764 3476 816 τοῦ
3512 757 4012 829 κατορωρυγμένου,

2434 865 2548 933 (19)
2580 861 2875 931 θησαυροῦ,
2928 860 3147 929 νοσερός
3183 860 3333 909 ἔστι·
3380 856 3535 915 νόσος
3565 851 3673 920 γὰρ
3716 851 3751 915 ἡ
3781 844 4007 911 τοιαύτη

2435 955 2655 1023 φροντίς
2677 971 2690 984 ⁸
2716 955 2809 1007 καὶ
2838 953 3045 1016 λοιπὴν,
3081 949 3390 1003 ἑσκότισται
3420 946 3454 1014 ἡ
3479 943 3651 1012 ψυχή.

2506 1048 2571 1107 Εἰ
2595 1040 2709 1100 οὖν
2730 1074 2795 1084 -—
2824 1044 3037 1095 πόσον.
3066 1041 3127 1092 Εἰ
3150 1038 3243 1091 οὖν
3267 1038 3327 1089 τὸ
3353 1036 3467 1103 φῶς
3492 1034 3553 1086 τὸ
3579 1035 3638 1084 ἐν
3669 1031 3771 1090 σοὶ,
3802 1029 3830 1080 ὅ
3861 1028 4008 1078 ἔστιν

2434 1141 2463 1191 6
2493 1136 2645 1201 νοῦς,
2679 1138 2706 1189 ὁ
2744 1134 3008 1205 δωρηθεὶς
3052 1134 3132 1193 εἰς
3164 1130 3228 1182 τὸ
3257 1126 3512 1196 φωτίζειν
3545 1125 3650 1185 ιιιιὶ¹
3667 1121 3883 1187 ὁδηγεῖν
3910 1118 4013 1185 τὴν

2433 1228 2635 1297 ψυχὴν,
2670 1229 2856 1286 σκότος
2880 1226 3020 1287 ἐστὶ,
3046 1222 3346 1282 τουτέστιν,
3377 1216 3711 1274 ἰισκότισται,
3737 1210 3922 1261 λοιπὸν
3951 1208 4011 1259 τὸ

2439 1324 2650 1385 σκότος,
2706 1323 2767 1373 τὸ
2816 1320 2922 1373 ἀπὸ
2961 1319 3069 1371 τῶν
3112 1316 3321 1374 παθῶν,
3378 1313 3545 1364 πόσον
3594 1309 3769 1366 ἔσται,
3817 1308 3893 1364 εἰς
3950 1302 4012 1353 τὸ

2438 1413 2708 1473 σκοτίζειν
2738 1414 2837 1479 τὴν
2867 1410 3067 1478 ψυχὴν,
3099 1404 3478 1462 σκοτισθέντος
3512 1401 3605 1453 τοῦ
3630 1396 4011 1455 ἀνατέλλοντος

2436 1505 2547 1574 (20)
2581 1505 2710 1556 αὐτὸ
2740 1504 2912 1570 φωτός
2937 1519 2950 1561 ;

2502 1598 2711 1661 Οὐδείς
2740 1608 2809 1634 —=-
2842 1588 3307 1659 καταφρονήσει.
3340 1586 3461 1638 Ἔτι
3490 1585 3582 1636 καὶ
3605 1582 3790 1648 ἕτερον
3820 1579 4011 1640 ἐπάγει

2436 1689 2696 1756 λογισμὸν
2740 1684 3137 1753 φοϐερώτερον,
3183 1681 3261 1740 είς
3303 1675 3659 1745 ἰσχυροτέραν
3700 1668 4014 1736 ἀποτροπὴν

2437 1780 2538 1849 τῆς
2572 1772 3030 1847 φιλοχρηματίας,
3062 1771 3345 1829 δεικνύων,
3385 1769 3464 1820 ὅτι
3497 1765 3634 1833 αὕτη
3668 1766 3760 1815 καὶ
3791 1762 3891 1827 τῆς
3920 1757 4015 1809 τοῦ

2436 1872 2575 1927 Θεοῦ
2601 1870 2847 1930 δουλείας
2882 1867 3028 1935 ἡμᾶς
3059 1862 3330 1921 suam“,
3362 1861 3453 1911 καὶ
3485 1856 3563 1925 τῷ
3599 1853 3815 1920 πλούτῳ
3848 1865 4015 1901 κατα-

2436 1965 2630 2019 δουλοῖ.
2674 1961 2887 2022 Ἀπλῶς
2912 1958 2990 2018 δὲ,
3023 1958 3117 2009 καὶ
3144 1952 3465 2019 ἀνωνύμως,
3498 1948 3590 2000 δύο
3618 1945 3838 2012 κυρίους
3870 1940 4017 2003 λέγει

2438 2058 2676 2128 πρῶτον,
2708 2056 2794 2107 ἴνα
2820 2051 2957 2121 λάϐῃ
2983 2046 3479 2119 συνομολογοῦντας
3502 2040 3627 2101 τοὺς
3654 2034 3927 2103 ἀκροατὰς
3953 2032 4016 2096 τῇ

2438 2124 2668 2218 ἀληθείᾳ
2715 2147 2811 2199 τοῦ
2845 2142 3130 2213 λεχθέντος
3156 2155 3169 2169 ⁸
3206 2135 3324 2190 εἶτα
3370 2134 3589 2201 τίθησιν
3624 2127 3889 2196 ὀνομαστὶ
3929 2124 4021 2174 καὶ⁵

2439 2241 2661 2301 αὐτοὺς,
2714 2239 2845 2307 περὶ
2894 2229 2969 2286 ὧν
3017 2236 3046 2286 6
3091 2232 3247 2298 λόγος
3292 2244 3307 2257 ⁸
3344 2227 3438 2280 δύο
3484 2226 3537 2277 δὲ
3584 2223 3807 2289 κυρίους
3830 2218 4019 2307 φησὶν,

2438 2330 2658 2385 ἐναντία
2716 2304 3133 2383 ἐπιτάττοντας.
3195 2317 3535 2380 Ἀνθέξεται
3601 2313 3697 2376 δὲ,
3750 2310 3871 2363 ἀντὶ
3901 2304 4019 2369 τοῦ,

2452 2418 2828 2475 Ὺπακούσει.

2506 2518 2589 2567 Οὐ
2611 2543 2676 2553 -
2698 2507 2970 2581 μαμωνᾶ.
3015 2505 3144 2559 ἰδοὒ
3175 2503 3271 2557 καὶ
3301 2498 3563 2569 ὀνομαστὶ
3597 2496 3723 2556 τοὺς
3759 2491 4028 2564 ῥηθέντας

2440 2610 2534 2661 δύο
2560 2607 2786 2676 κυρίους
2813 2602 3071 2672 ἐδήλωσε.
3100 2596 3384 2666 Μαμωνᾶς
3407 2593 3465 2646 δι
3500 2592 3630 2657 παρ’
3671 2588 3973 2657 Ἑϐραίοις,
4002 2586 4029 2634 6

2443 2699 2705 2759 πλοῦτος,
2770 2695 2829 2747 ὃν
2890 2694 2985 2745 καὶ
3032 2689 3221 2759 κύριον
3281 2685 3734 2755 προσηγόρευσε,
3788 2677 3876 2731 διὰ
3928 2676 4030 2743 τὴν

2441 2790 2734 2845 ἀσθένειαν
2775 2786 2886 2838 τῶν
2932 2784 3023 2835 ὑπ’
3071 2778 3237 2835 αὑτοῦ
3288 2776 3715 2845 κυριευομένων.
3776 2768 3843 2820 Τί
3894 2760 4028 2827 05v;

2443 2883 2540 2951 οὐχ
2570 2882 2597 2932 6
2640 2877 2892 2947 Ἀϐρααμ
2925 2874 3179 2933 πλούσιος
3205 2866 3310 2940 ἧν;
3344 2869 3442 2935 οὐχ
3475 2869 3502 2918 6
3550 2862 3666 2918 Ἰὼσ
3702 2862 3794 2913 καὶ
3824 2859 3872 2910 οἰ
3908 2855 4033 2908 κατ’

2444 2946 2924 3034 ἐκείνουςςῗΝαί·
2987 2964 3233 3017 πλούσιοι
3296 2961 3393 3029 μὲν
3443 2955 3605 3027 ἦσαν,
3662 2953 3775 3007 ἀλλ’
3828 2950 3888 3001 οὗ
3952 2946 4033 3016 τῷ

2446 3065 2659 3129 πλούτῳ
2691 3060 2999 3114 ἐδούλευον
3028 3056 3139 3108 ἀλλ’
3172 3053 3454 3123 ἐκυρίευον
3483 3049 3637 3101 αὐτοὶ
3682 3044 3896 3105 τούτου,
3940 3040 4035 3091 καὶ

761 3155 1099 3215 serviebant,
1128 3152 1223 3207 sed
1275 3150 1700 3206 dominabantur
1755 3146 1983 3211 divitiis,
2023 3156 2079 3201 et
2114 3146 2259 3215 ipsas
2290 3148 2342 3201 in
2374 3167 2417 3223 ο
2452 3160 2517 3217 είς

1778 3146 1983 3211 “ﬁliis.
2023 3156 2079 3201 ει
2114 3146 2259 3215 ipsas
2290 3148 2342 3201 in
2374 3167 2417 3223 ο
2452 3160 2532 3218 εἰς
2555 3155 2679 3215 τοὺς
2704 3151 3002 3220 δεομένους
3030 3146 3191 3200 αὑτὸν
3220 3144 3534 3214 ἀνήλισκον.

759 3260 965 3317 egenos
986 3244 1357 3297 insutuebant.

832 3338 953 3391 Non
1005 3338 1222 3405 potestis
1283 3334 1396 3388 Deo
1465 3336 1657 3388 servire
1724 3348 1771 3387 et
1820 3345 2171 3392 mammonae,
2220 3329 2346 3398 quia

763 3426 910 3481 Deus
942 3442 1048 3480 non
1080 3427 1243 3479 modo
1269 3426 1426 3494 jubet
1452 3426 1521 3477 ab
1548 3423 1744 3479 alienis
1795 3422 2096 3485 abstinere,
2141 3421 2236 3473 sed
2293 3433 2349 3476 et

764 3521 985 3589 propria
1023 3519 1267 3588 elargiri.
1302 3517 1619 3572 Mammona
1654 3533 1782 3572 vero
1822 3518 2161 3572 contrarium
2198 3536 2209 3569 :
2238 3532 2346 3569 non

766 3613 930 3667 modo
975 3612 1229 3667 videlicet
1274 3613 1497 3681 propria
1536 3626 1645 3665 non
1702 3610 1946 3681 elargiri,
1999 3610 2092 3663 sed
2129 3625 2230 3662 nec
2281 3609 2349 3663 ab

764 3705 962 3759 alienis
1001 3705 1282 3759 abstinere
1336 3715 1389 3759 et
1426 3706 1519 3764 ille
1572 3704 1836 3759 Dominus
1899 3711 2147 3758 ventrem
2194 3704 2349 3770 jubet

763 3798 1104 3865 astringere;
1132 3797 1233 3851 iste
1258 3811 1389 3850 vero
1409 3796 1585 3851 ventri
1613 3796 1900 3866 indulgere
1920 3812 1935 3862 ;
1954 3795 2042 3849 ille
2071 3794 2360 3850 continen-

767 3902 874 3945 tem
918 3904 1061 3951 esse,
1100 3889 1190 3944 hic
1214 3897 1398 3943 autem
1425 3888 1674 3954 scortari,
1708 3889 1924 3959 aliaque
1952 3888 2176 3942 similia.

843 3981 999 4036 V'ers.
1060 3982 1153 4036 25.
1216 3980 1505 4050 Propterea
1550 4009 1623 4022 —
1666 3981 1986 4034 induamini.
2062 3979 2354 4047 Postquam

2529 3337 2612 3389 Οὐ
2646 3333 2912 3388 δύνασθε
2963 3330 3031 3383 δὲ
3075 3326 3198 3389 Θεῷ
3241 3324 3557 3378 ὀουλεύειν
3604 3318 3703 3372 καί
3752 3311 4034 3384 papam-ft;
4085 3352 4092 3361 .

2456 3427 2593 3481 διότι
2623 3429 2650 3477 6
2686 3424 2783 3493 μὲν
2811 3421 2945 3483 Θεὸς
2973 3420 3273 3477 ἐπιτάττει,
3305 3415 3379 3485 μὴ
3414 3414 3571 3481 μόνον
3598 3406 3899 3476 ἀπέχεσθαι
3930 3404 4037 3454 τῶν

2459 3516 2780 3583 ἀλλοτρίων,
2823 3512 2958 3564 ἀλλὰ
2993 3510 3088 3561 καὶ
3118 3508 3229 3560 τῶν
3262 3506 3477 3557 οἰκείων
3522 3500 3891 3570 μεταδιδόναι,
3927 3496 3951 3561 ξ.
3982 3493 4039 3544 δὲ

2465 3606 2732 3678 μαμωνᾶς
2767 3603 3104 3664 τούναντίον,
3142 3600 3217 3667 μὴ
3253 3597 3417 3664 μόνον
3452 3592 3526 3663 μὴ
3560 3587 3898 3660 μεταδιδόναι
3934 3584 4041 3636 τῶν

2458 3699 2698 3760 οἰκείων,
2730 3696 2865 3749 ἀλλὰ
2901 3693 3033 3763 μηδὲ
3067 3691 3173 3743 τῶν
3202 3686 3498 3756 ἀλλοτρίων
3528 3680 3862 3749 ἀπέχεσθαι’
3894 3679 3987 3728 καὶ
4013 3678 4041 3727 6

2473 3795 2569 3863 μὲν
2600 3792 2713 3860 (ἳί)
2744 3790 2969 3859 κρατεῖν
2999 3784 3256 3855 γαστρὸς,
3282 3785 3309 3833 6
3330 3780 3383 3831 δὲ
3419 3778 3630 3845 ἐφιέναι
3679 3771 3913 3842 γαστρί·
3950 3772 4045 3822 καὶ

2468 3887 2495 3937 6
2526 3886 2623 3955 μὲν
2649 3882 2948 3952 σωφρονεῖν
2970 3921 2983 3941 ,
3012 3879 3039 3929 ὁ
3069 3878 3124 3929 δὲ
3144 3873 3441 3945 »πορνεύειν
3469 3870 3559 3922 καὶ
3586 3870 3654 3920 τα
3694 3864 3940 3917 τοιαῦτα.

2530 3976 2632 4029 Διὰ
2683 4005 2753 4014 -
2787 3972 3153 4037 ἐνδύσησθε.
3204 3971 3253 4021 Ἀ
3269 3966 3545 4034 ποστήσας
3572 3960 3664 4013 τοῦ
3692 3956 4047 4025 θησαυρίζειν

768 4079 948 4132 locum
985 4077 1224 4130 absolvit
1288 4076 1355 4129 de
1394 4092 1503 4130 non
1540 4074 1896 4133 recoudendo
1947 4090 2114 4143 super
2154 4082 2357 4127 terram
2457 4074 2524 4125 ἐπ

2292 4089 2357 4126 tm
2457 4074 2551 4125 ἐπὶ
2577 4075 2675 4141 τῆς
2702 4070 2827 4137 γῆς,
2858 4065 2953 4117 καὶ
2977 4063 3174 4123 πείσας
3196 4059 3476 4126 διανέμειν
3494 4054 3562 4107 τὰ
3590 4051 3882 4122 προσόντα,
3909 4045 4048 4099 διδά-

768 4173 1051 4230 thesauro,
1116 4177 1171 4221 et
1222 4182 1284 4221 ea
1329 4182 1451 4236 quae
1491 4177 1811 4236 supersunt,
1864 4141 2198 4236 pauperibus
2242 4165 2358 4219 dis-
2461 4183 2524 4218 σκ

2290 4166 2358 4219 is-
2461 4183 2581 4218 σκει
2628 4162 2837 4223 λοιπὸν,
2879 4156 3013 4227 μηδὲ
3056 4154 3186 4223 περὶ
3230 4152 3330 4218 τῆς
3373 4144 3677 4213 ἀναγκαίας
3722 4141 3911 4212 χρείας
3947 4154 4046 4206 με·

768 4260 1013 4314 tribuere
1044 4259 1251 4323 suasit,
1294 4259 1457 4313 docet
1492 4260 1757 4327 deinceps
1796 4259 1864 4313 de
1906 4259 2195 4311 necesario
2255 4271 2357 4309 usu
2464 4277 2515 4330 ρι

2296 4271 2357 4308 Sll
2464 4258 2681 4330 ριμνᾷν.
2708 4256 2848 4323 Φησὶ
2881 4251 2989 4320 γάρ
3011 4268 3023 4280 ·
3047 4240 3155 4313 ’Μὴ
3188 4239 3509 4315 μεριμνᾶτε
3545 4236 3617 4305 τῇ
3650 4232 3823 4305 ψυχῇ
3856 4230 4047 4300 ὑμῶν,

769 4368 877 4404 non
938 4368 1057 4408 esse
1104 4352 1418 4406 sollicitum.
1473 4352 1561 4404 Ait
1622 4351 1803 4405 enim:
1868 4350 1949 4403 Ne
1986 4351 2098 4403 silis
2145 4349 2360 4402 solliciti
2465 4325 2525 4402 το

2292 4349 2360 4401 ili
2465 4325 2751 4409 τουτέστι,
2787 4344 2878 4412 Μὴ
2946 4340 3251 4411 μεριμνᾶτε
3312 4334 3400 4387 διὰ
3466 4335 3566 4400 τὴν
3630 4328 3811 4398 ψυχὴν
3868 4325 4048 4394 ἡμῶν.

769 4448 967 4498 anima:
996 4456 1205 4510 vestrm,
1270 4446 1322 4499 id
1355 4455 1459 4509 est,
1514 4454 1738 4513 propter
1791 4445 2027 4497 animam
2096 4454 2356 4505 vestram,
2396 4451 2437 4505 ι)
2468 4443 2524 4495 τι

2293 4460 2356 4505 ιιι,
2396 4451 2437 4505 ι)
2468 4443 2524 4495 τι
2568 4438 2797 4509 φάγητε
2840 4437 2877 4502 ἢ
2924 4434 2979 4487 τί
3024 4434 3218 4496 πίητε.
3261 4428 3321 4480 Εἰ
3361 4426 3469 4496 γὰρ
3511 4424 3607 4477 καὶ
3662 4426 3695 4491 η
3734 4420 3879 4488 ψυχὴ
3926 4416 4049 4468 οὕτε

767 4537 895 4607 quid
926 4538 1119 4597 edatis,
1151 4544 1244 4588 aut
1267 4536 1394 4605 quid
1418 4510 1631 4588 bibatis;
1664 4538 1980 4604 Quanquam
2003 4534 2150 4587 enim
2176 4532 2360 4586 anima
2465 4537 2523 4585 ὲσ

2297 4550 2360 4585 na
2465 4531 2657 4592 ἐσθίει,
2690 4528 2815 4581 οὗτε
2855 4527 3002 4579 πίνει
3030 4541 3042 4553 ·
3078 4522 3195 4576 ἀλλ’
3224 4519 3317 4573 οὖν
3346 4519 3438 4572 διὰ
3468 4518 3567 4588 τὴν
3597 4516 3781 4585 ψυχὴν
3811 4510 4053 4565 ἐσθίουσι

766 4644 946 4697 neque
987 4628 1135 4693 edat,
1176 4644 1356 4696 neque
1389 4628 1560 4687 bibat,
1606 4637 1833 4695 propter
1875 4626 2115 4679 animam
2175 4635 2357 4678 tamen
2463 4644 2522 4680 κα

2298 4640 2357 4677 en
2463 4627 2558 4680 καὶ
2603 4623 2850 4676 πίνουσιν
2890 4620 2939 4672 οἰ
2981 4617 3284 4686 ἄνθρωποι,
3339 4611 3416 4684 μὴ
3460 4610 3771 4679 δυναμένην
3822 4606 4054 4658 ἐνοικεῖν

770 4723 942 4775 edunt
976 4738 1039 4776 ac
1070 4722 1594 4776 bibunt'homines.
1625 4738 1748 4789 qua:
1794 4735 1997 4789 cerpus
2051 4718 2360 4773 inhabitare
2464 4717 2526 4769 ad

2302 4735 2360 4771 rt:
2464 4717 2679 4786 σώματι
2732 4715 2872 4785 μήτε
2920 4711 3244 4780 τρεφομένῳ
3288 4707 3428 4777 μήτε
3470 4703 3705 4764 πίνοντι,
3740 4699 3936 4769 μέχρις
3989 4696 4055 4749 ἂν

770 4826 879 4865 non
906 4820 1105 4879 potest,
1135 4810 1279 4879 quod
1301 4826 1405 4864 non
1434 4812 1694 4877 comedit,
1727 4822 1783 4866 et
1801 4810 1956 4874 bibit,
1982 4810 2155 4864 donec
2184 4811 2360 4877 ipsum
2466 4831 2526 4864 κα

1435 4812 1694 4877 comedit,
1727 4822 1783 4866 et
1801 4810 1956 4874 bibit,
1982 4810 2155 4864 donec
2184 4811 2360 4877 ipsum
2466 4808 2739 4864 καὶτοῦτο
2772 4802 3191 4876 ἁφθαρτισθιίη.

771 4918 995 4972 quoque
1029 4918 1232 4973 corpus
1263 4902 1679 4975 ineorruptibile
1716 4903 2001 4958 reddatur.

840 4998 962 5050 Alio
1000 5012 1233 5067 quoque.
1252 4998 1412 5051 modo
1436 4974 1497 5051 id
1517 4997 1690 5067 aptari
1725 4998 1794 5067 (ε)
1829 5004 2025 5065 potest,
2062 4992 2205 5063 quod
2235 5006 2358 5045 eum
2538 4991 2596 5061 [ii

2295 5006 2358 5043 ιιιι
2538 4990 2670 5061 [Καὶ
2706 4989 2821 5061 (εει)
2850 4988 2972 5042 καθ’
3002 4988 3191 5058 ἕτερον
3214 4985 3271 5040 δὲ
3303 4984 3509 5057 τρόπον
3547 4974 3941 5052 ἑρμηνευτὲον,
3967 4974 4051 5023 ὁτι

771 5091 1030 5145 homines
1068 5090 1343 5145 interdum
1372 5091 1425 5144 in
1462 5090 1643 5145 anima
1684 5088 1828 5144 anxii
1860 5088 1989 5151 sint,
2032 5085 2360 5155 quandoque
2465 5087 2527 5138 ἐτι

2302 5099 2360 5136 ue
2465 5086 2591 5138 ἐπεὶ
2628 5083 2761 5137 ποτε
2796 5083 2895 5153 μὲν
2926 5086 2982 5136 ὲν
3015 5084 3082 5153 τῇ
3113 5082 3259 5153 ψυχῇ
3300 5076 3643 5151 μεριμνῶσιν
3674 5072 3725 5127 οἰ
3752 5069 4058 5141 ἂνθρωποι,

1991 5293 2192 5355 ναι-ιω
2229 5291 2540 5359 lectiones
2574 5298 2635 5353 et
2667 5297 2861 5356 notas.

846 5459 960 5533 (19)
985 5463 1419 5534 κατωρυγμὲνου
1453 5462 1493 5516 Α
1507 5504 1519 5516 .

849 5525 961 5605 (20)
997 5525 1418 5597 ἀναστέλλοντος
1468 5534 1532 5587 Α.
1560 5531 1717 5587 Male.
1748 5530 1853 5605 Pt'o
1880 5529 2012 5605 αὐτό
2044 5544 2226 5605 antem
2252 5545 2373 5605 cor-

780 5601 1065 5681 ﬁgendum
1100 5607 1318 5661 videtur
1344 5606 1505 5673 αὐτῇ.
1538 5605 1574 5659 i.
1595 5619 1642 5659 e.
1669 5605 1736 5674 τῇ
1768 5602 1937 5673 ψυχῇ.
1972 5603 2150 5671 Atque
2186 5601 2260 5655 ita
2290 5601 2363 5654 vi-

2478 5457 2643 5513 detur
2674 5455 2870 5527 legisse
2906 5455 3200 5527 interpres.

2550 5528 2661 5596 (21)
2692 5522 2799 5580 dim
2840 5526 3019 5580 κοινοῦ
3047 5522 3107 5578 τὸ
3137 5522 3453 5579 ἐπιτάττει.

2544 5594 2659 5672 (22)
2689 5598 2902 5653 Inclusa
2938 5598 2991 5651 in
3026 5598 3269 5669 margine
3298 5596 3481 5649 habet.
3510 5594 3573 5647 Α.

851 5796 916 5855 (sl
956 5791 1165 5849 .tvtari.
1195 5787 1483 5855 Explicari.
