4446 6442
395 363 511 427 Ἀθ

1293 363 1683 425 COMMENT.
1726 363 1812 424 IN
1856 368 2327 434 ΜΑΤΤΗιΕυΜ.
2374 400 2440 413 -
2478 377 2640 437 CAP.
2673 377 2771 439 VI.

3558 382 3662 444 250

396 480 481 531 ὅτε
515 476 657 530 κατά
678 471 811 535 ,νοῦν
841 472 1002 538 μόνον
1033 470 1402 540 φροντίζουσι.
1426 474 1554 525 ποτὲ
1587 474 1642 526 δὲ
1674 475 1731 525 ὲν
1759 475 1833 544 τῷ
1863 476 1970 528 σὼ-
2002 484 2044 539 Α
2075 497 2152 536 ιω

1906 476 1970 528 ὦ·
2002 484 2044 539 Α
2075 492 2258 537 autem
2298 486 2413 540 sola
2448 496 2632 541 tuente
2672 484 2893 541 solliciti
2926 487 3012 554 (t),
3043 488 3375 557 quandoque
3426 504 3556 544 vero
3608 494 3662 545 in

400 583 550 636 ματι,
582 566 672 616 ὅτε
699 562 1076 615 κατατείνουσι
1114 560 1226 629 (23)
1287 561 1450 613 τοῦτο
1480 562 1618 630 πρὸς
1663 564 1854 632 κτῆσιν
1884 566 1979 617 τοῦ

406 653 873 723 οπονδαζομένου,
930 655 1023 715 καὶ
1082 652 1288 721 ταύτης
1347 653 1607 719 κάκείνης
1665 655 1763 721 τῆς
1825 658 1982 725 μερί-

407 762 541 814 μνης
564 745 792 810 ἀπάγων
815 743 1012 805 αὐτοὺς
1036 744 1064 797 ὁ
1090 742 1315 810 Κύριος,
1343 737 1465 794 εἶπε
1484 760 1497 772 ·
1521 742 1618 808 Μὴ
1637 744 1982 814 μεριμνᾶτε,

402 838 538 904 μήτε
568 840 632 905 τῇ
655 836 802 905 ψυχῇ
834 835 1008 903 ὑμῶν,
1039 835 1174 903 μήτε
1202 834 1279 901 τῷ
1298 833 1532 903 σώματι,
1556 836 1682 905 περὶ
1705 836 1982 904 βρώσεως,

402 930 493 989 ttat
518 930 747 991 πόσεως,
788 930 880 980 καὶ
912 925 1272 996 ενδύματος.]

476 1021 623 1087 οὐχι
660 1049 721 1060 -
755 1018 1124 1085 udam/stoc;
1157 1017 1330 1069 Τοῦτο
1367 1012 1491 1069 εἰπε
1525 1015 1725 1083 δηλῶν,
1759 1016 1840 1066 ὅτι
1869 1016 1895 1064 ὁ
1925 1013 1986 1064 τὸ

400 1112 587 1165 πλεῖον
613 1112 734 1173 δοὺς
754 1111 910 1179 ἡμῖν,
929 1110 1024 1161 καὶ
1047 1108 1107 1160 τὸ
1128 1108 1349 1160 ιλαττον
1372 1109 1555 1163 δώσει.
1581 1106 1799 1160 11λεῖον
1821 1106 1899 1167 δὲ,
1927 1106 1988 1156 τὸ

405 1204 593 1272 μεῖζον
626 1202 795 1267 λέγει.

490 1378 858 1445 ἐμϐλέψατε
886 1406 955 1418 --
985 1376 1159 1431 αὐτά.
1192 1377 1308 1429 Ἵνα
1358 1376 1432 1447 μή
1462 1393 1546 1437 τις
1590 1377 1741 1447 εἴπῃ,
1771 1375 1853 1427 ὅτι
1881 1376 1992 1428 Καὶ

399 1470 521 1525 πῶς
555 1470 661 1537 ἄρα
684 1469 981 1538 ζησόμεθα,
1024 1469 1099 1537 μὴ
1132 1468 1512 1537 μεριμνῶντες
1539 1467 1670 1537 περὶ
1690 1466 1798 1519 τῶν
1820 1470 1987 1533 ἀναγ-

396 1561 611 1621 καίωνς
643 1559 759 1610 λύει
783 1561 879 1627 τὴν
905 1559 1162 1623 τοιαύτην
1181 1560 1455 1611 ἀντίθεσιν
1488 1559 1595 1609 ἀπὸ
1615 1558 1708 1609 τοῦ
1737 1553 1993 1625 παραὸἷ-τὶ-

398 1665 613 1715 γματος
647 1650 753 1701 τῶν
777 1650 1039 1701 πετεινῶν
1069 1649 1104 1702 ἃ
1120 1651 1194 1717 μὴ
1217 1651 1566 1718 μεριμνῶντα
1584 1651 1774 1718 τρέφει
1792 1652 1820 1701 ὁ
1837 1651 1989 1713 Θεός.

399 1742 713 1806 Δυνάμενος
740 1740 796 1791 δὲ
824 1740 881 1802 ἐξ
912 1739 1217 1808 ἀνθρώπων
1248 1743 1495 1807 ἐνεγκεῖν
1528 1741 1589 1792 τὸ
1616 1739 1987 1808 παράδειγμα.

401 1833 504 1897 καὶ
543 1834 717 1883 είπείν
755 1833 845 1884 τὸν
887 1831 1102 1894 Ἠλίαν,
1157 1825 1249 1883 καὶ
1281 1832 1373 1883 τὸν
1423 1832 1699 1899 Ἰωάννην,
1735 1832 1831 1882 καὶ
1865 1831 1991 1891 τοὺς

400 1923 529 1973 κατ’
552 1921 772 1986 αὐτοὺς,
799 1922 913 1973 ὅσοι
942 1921 1110 1989 μηδὲν
1130 1920 1373 1973 τοιοῦτον
1402 1920 1775 1989 ἐμερίμνησαν
1798 1936 1810 1951 ·
1836 1918 1992 1971 τοῦτο

406 2013 506 2080 μὶν
554 2014 652 2064 οὐκ
695 2012 973 2077 ἐποίησεν,
1027 2012 1136 2065 ἀπὸ
1181 2012 1291 2064 τῶν
1349 2011 1615 2063 πετεινῶν
1676 2010 1731 2062 δὲ
1792 2010 1993 2079 μᾶλλον

404 2104 734 2170 επεστόμισε
768 2103 865 2171 τὴν
895 2103 1195 2171 εἰρημένην
1221 2103 1520 2160 ἀντίθεσιν,
1553 2102 1991 2171 ἐντρεπτικώτε-

409 2212 503 2263 ρον
556 2194 964 2261 καθαψάμενος,
1019 2197 1114 2247 καὶ
1160 2194 1424 2262 περιελὼν
1471 2196 1651 2247 πᾶσαν
1694 2194 1989 2261 πρόσασιν.

482 2288 591 2339 Καὶ
634 2288 744 2356 γὰρ
782 2289 873 2339 καὶ
906 2288 938 2354 ἡ
987 2287 1193 2339 παλαιά
1242 2285 1455 2355 Γραφὴ,
1514 2286 1813 2355 βουλομένη
1863 2302 1994 2352 σφο-

405 2378 661 2445 δρότερον
690 2376 1011 2429 καθικέσθαι
1038 2377 1144 2428 τῶν
1171 2376 1494 2445 ἀνθρώπων,
1520 2378 1654 2445 πρὸς
1684 2376 1781 2444 τὴν
1811 2376 1998 2443 μέλισ-

412 2487 514 2522 σαν
562 2470 761 2529 αὐτοὺς
812 2468 1041 2536 πέμπει,
1098 2469 1360 2538 καὶπρὸς
1406 2469 1499 2522 τὸν
1556 2471 1846 2539 μύρμηκα,
1903 2470 1998 2522 καὶ

414 2561 553 2628 πρὸς
590 2562 725 2613 ἄλλα
760 2560 894 2621 ζῶα.
933 2562 1013 2613 Τά
1052 2561 1150 2629 μὲν
1190 2558 1282 2614 οὖν
1312 2564 1560 2621 πετεινὰ.
1594 2563 1889 2631 μείναντα,
1924 2563 1999 2624 ὡς

415 2653 477 2715 ἐξ
515 2654 688 2724 ἀρχῆς
729 2652 997 2719 ἐγένοντο,
1036 2653 1330 2720 εὐποροῦσι
1376 2655 1471 2705 καὶ
1508 2656 1608 2723 τῆς
1656 2656 1798 2709 κατὰ
1837 2655 2000 2721 φύσιν

420 2747 625 2811 τροφῆς
677 2761 691 2774 ο
730 2747 757 2795 ὁ
816 2744 872 2796 δὲ
934 2743 1258 2811 ἄνθρωπος,
1327 2745 1624 2812 ὲκτραπεὶς
1683 2745 1996 2813 ἐστέρηται.

422 2834 568 2903 Πλὴν
600 2834 743 2903 ἅπερ
776 2836 808 2903 ὴ
841 2836 947 2885 ἀπὸ
977 2835 1089 2903 (24)
1118 2835 1211 2886 τοῦ
1237 2835 1374 2887 Θεοῦ
1403 2835 1762 2903 ἀλλοτρίωσις
1789 2836 2000 2903 ἀφεῖλε,

422 2923 591 2977 ταῦτα
623 2924 783 2976 πάλιν
821 2926 851 2991 ὴ
882 2924 1017 2990 πρὸς
1048 2923 1210 2975 αὑτὸν
1245 2923 1521 2985 οἰκείωσις
1551 2924 1869 2975 ἀποδίδωσι.
1902 2925 2003 2975 Διὰ

419 3016 578 3070 τοῦτο
609 3016 909 3086 προσέταξε
932 3055 947 3077 ,
986 3017 1059 3084 μὴ
1090 3017 1364 3085 μεριμνᾷν
1398 3017 1526 3086 περὶ
1576 3015 1783 3069 τούτων
1803 3056 1816 3079 ,
1866 3015 2003 3069 ἀλλὰ

420 3110 551 3178 περὶ
578 3107 675 3161 τοῦ
707 3108 1057 3177 οἱκειωθῆναι
1096 3107 1237 3176 Θεῷ.

486 3202 609 3268 Οὐχ
638 3230 707 3241 -
734 3198 973 3264 αὑτῶν;
1022 3201 1134 3268 Οὐχ
1164 3200 1322 3268 ὑμεῖς
1354 3199 1637 3268 κρείττους
1684 3196 1827 3250 κατά
1861 3197 1996 3250 πολὺ

420 3291 530 3343 τῶν
583 3291 846 3343 πετεινῶν
900 3294 1063 3356 seu;
1108 3291 1217 3342 Καὶ
1264 3292 1312 3341 εἰ
1365 3290 1434 3341 τά
1480 3290 1701 3359 χείρονα
1755 3289 1943 3358 τρέφει
1977 3291 2003 3342 ὁ

420 3384 588 3445 Θεὸς,
628 3382 808 3452 πολλῷ
845 3382 1047 3451 μᾶλλον
1083 3385 1208 3446 τοὺς
1250 3384 1590 3452 κρείττονας.
1646 3383 1703 3435 Ὀ
1742 3384 1853 3452 γὰρ
1887 3383 2005 3434 δια-

422 3475 636 3546 πλάσας
665 3477 797 3544 ἡμῖν
831 3475 1013 3543 σῶμα,
1046 3475 1300 3544 δεόμενον
1331 3476 1536 3545 τροφῆς
1557 3515 1571 3537 ,
1607 3475 1835 3543 παρέξει
1867 3475 2007 3525 πάν-

422 3586 528 3629 τως
561 3570 654 3619 καὶ
682 3568 778 3634 τὴν
815 3571 1023 3637 τροφὴν
1051 3567 1237 3619 αὑτοῦ.
1272 3568 1335 3619 Τί
1363 3565 1491 3631 οὖν;
1524 3567 1584 3618 οὑ
1616 3568 1695 3618 δεῖ
1724 3567 2005 3635 σπείρειν;

424 3660 539 3720 Οὐκ
576 3654 720 3719 εἷπε,
760 3659 849 3726 Μὴ
880 3658 1159 3727 σπείρετε,
1189 3658 1347 3722 ἀλλὰ,
1385 3657 1481 3725 Μὴ
1505 3655 1845 3725 μεριμνᾶτε.
1890 3658 2010 3708 Τῶν

422 3750 649 3823 τελείων
681 3752 779 3818 μὲν
809 3752 939 3819 γὰρ,
966 3751 1028 3802 τὸ
1063 3752 1199 3821 μηδὲ
1228 3752 1501 3820 σπείρειν,
1528 3751 1644 3803 ἀλλ’
1677 3750 2013 3820 ἐργάζεσολι

430 3846 603 3913 μόνην
631 3844 729 3914 τὴν
762 3844 967 3914 βρῶσιν
987 3843 1088 3913 τὴν
1120 3844 1196 3914 μὴ
1227 3843 1630 3914 ἀπολλυμένην,
1654 3843 1799 3911 λέγω
1822 3843 1887 3914 δὴ
1912 3843 2013 3905 τὰς

424 3937 651 4005 ἀρετὰς,
704 3936 779 3998 ὡς
825 3937 873 3990 0i
918 3932 1230 3999 ἀπόστολοι,
1278 3937 1456 3989 καὶοὶ
1504 3936 1880 4005 μιμησάμενοι
1922 3934 2014 3988 τὸν

429 4030 546 4098 βίον
594 4030 793 4092 αὐτῶν,
841 4032 937 4082 καὶ
965 4029 1150 4097 ζητεῖν
1180 4030 1290 4083 ἀπὸ
1322 4030 1419 4083 τοῦ
1448 4029 1565 4098 (‘25)
1595 4030 1731 4082 Θεοῦ
1760 4029 1862 4098 τὴν
1886 4045 2014 4098 τρο-

427 4123 536 4187 φήν
563 4136 578 4150 ⁸
636 4121 746 4195 Τὸν
785 4120 969 4187 ἄρτον
1016 4122 1147 4190 γὰρ,
1197 4123 1354 4188 φησὶ,
1410 4120 1517 4173 τὸν
1550 4119 1865 4173 ἐπιούσιον
1912 4119 2018 4184 δὸς

424 4209 572 4277 ἡμῖν
606 4210 906 4278 σήμερον·
935 4210 1043 4262 τῶν
1079 4211 1259 4279 μέσων
1295 4210 1371 4270 δὲ,
1409 4209 1470 4260 τὸ
1503 4210 1751 4278 σπείρειν
1785 4208 1904 4277 μὲν,
1942 4211 2019 4277 μὴ

428 4302 742 4372 φροντίζειν
780 4303 859 4366 δὲ,
912 4302 1028 4365 πῶς
1077 4302 1143 4355 ἂν
1195 4302 1341 4373 φύσῃ
1389 4301 1452 4355 τὸ
1491 4302 1737 4370 σπέρμα,
1762 4300 1861 4355 καὶ
1905 4299 2018 4370 (26)

428 4393 774 4447 κατατείνειν
798 4396 1025 4456 ἑαυτοὺς
1049 4394 1206 4455 ὅλους
1228 4395 1306 4455 είς
1330 4392 1427 4454 τὰς
1447 4391 1704 4452 τοιαύτας
1725 4392 2019 4461 μερίμνας,

427 4486 505 4549 ὼς
535 4486 624 4537 διὰ
653 4486 857 4546 ταύτας
890 4486 1115 4554 ἀμελεῖν
1149 4486 1249 4554 τῆς
1280 4485 1485 4554 ψυχῆς.
1516 4485 1617 4537 Διὰ
1649 4484 1810 4537 τοῦτο
1838 4484 2020 4537 τοίνυν

427 4579 492 4631 τὸ
528 4579 776 4647 σπείρειν
804 4576 926 4631 οὔτε
961 4577 1237 4629 ἐκώλυσεν
1258 4575 1384 4629 οὒτε
1408 4575 1711 4647 επέτρεψεν
1730 4618 1745 4642 ,
1778 4576 1895 4629 ἀλλ’
1925 4578 2017 4630 ἐπὶ

429 4674 497 4740 τῇ
537 4672 773 4724 ἑκάστου
811 4670 1135 4739 προαιρέσει
1165 4669 1325 4721 τοῦτο
1360 4670 1781 4724 καταλέλοιπεν.
1816 4670 1875 4723 El
1907 4673 2015 4741 γὰρ

2085 589 2316 642 corpore
2342 594 2355 629 :
2392 559 2687 644 aliquando
2713 586 2769 630 et
2800 578 2879 644 (υ)
2901 577 2970 631 ad
2997 578 3398 644 possessiones,
3440 594 3576 647 quas
3609 580 3665 632 in

2084 663 2272 715 animo
2317 663 2541 725 habent.
2586 664 2691 718 hoc
2748 665 3091 718 extendunt:
3148 673 3205 717 et
3250 666 3319 719 ab
3353 664 3474 727 hac,
3508 675 3564 719 et
3596 667 3665 720 ab

2086 753 2175 805 illa
2226 768 2376 815 cura,
2432 752 2693 806 Dominus
2742 752 2863 805 illos
2920 754 3272 816 abstrahens,
3356 754 3529 807 dixit:
3583 753 3666 807 Ν(

2085 845 2234 895 anxii
2263 844 2400 905 silis,
2421 858 2597 910 neque
2619 845 2673 897 in
2704 845 2883 898 anima
2913 853 3114 906 vestra,
3138 860 3316 913 neque
3336 845 3392 897 in
3412 860 3666 914 corpore,

2087 933 2155 987 de
2187 934 2311 988 cibo
2341 943 2396 987 et
2435 943 2590 1002 potu,
2626 950 2687 987 ac
2724 935 3071 987 vestimento.

2162 1024 2315 1080 Vers.
2345 1026 2435 1079 25.
2471 1025 2745 1078 Nonne—
2773 1027 3139 1078 vestimentum
3164 1026 3189 1078 ?
3239 1025 3352 1078 lloc
3382 1025 3516 1078 dixit
3557 1040 3673 1077 ma-

2090 1117 2379 1180 nifestans,
2425 1118 2571 1187 quod
2626 1118 2672 1170 is
2727 1119 2852 1182 qui,
2906 1117 3051 1184 quod
3098 1117 3334 1184 amplius
3382 1125 3486 1176 est,
3531 1118 3671 1183 prit-

2090 1217 2200 1262 stat
2239 1208 2417 1270 nobis,
2466 1209 2656 1275 utique
2706 1217 2762 1259 et
2804 1208 2949 1274 quod
2983 1207 3167 1258 minus
3200 1216 3317 1268 est,
3370 1205 3669 1274 prtestahit,

2090 1297 2221 1350 Plus
2257 1307 2439 1350 autem
2478 1298 2636 1359 dixit,
2690 1297 2794 1350 hoc
2825 1306 2928 1358 est,
2968 1297 3261 1365 pretiosius

2168 1386 2318 1439 νει-8.
2369 1387 2458 1441 96.
2506 1387 2829 1453 Aapicite—
2864 1388 2980 1439 illa.
3020 1384 3096 1439 Ne
3127 1388 3250 1453 quis
3288 1388 3467 1439 dicat:
3523 1388 3673 1451 Quo-

2095 1478 2255 1529 modo
2278 1486 2459 1528 autem
2493 1478 2758 1538 vivemus,
2800 1477 2869 1530 de
2895 1478 3061 1530 rebus
3092 1478 3417 1531 necessariis
3456 1492 3563 1529 non
3585 1493 3675 1530 cn-

2097 1569 2324 1621 rantes?
2365 1566 2541 1620 Solvit
2572 1568 2889 1635 hujusmodi
2919 1568 3283 1635 objectiouem
3320 1568 3389 1621 ab
3421 1569 3677 1637 exemplo

2098 1658 2299 1717 avium,
2338 1671 2474 1725 quas
2507 1672 2633 1710 cum
2672 1656 2807 1711 nihil
2836 1657 3082 1711 sollicita:
3122 1658 3255 1720 sint,
3288 1658 3461 1725 pascit
3510 1659 3676 1710 Deus.

2101 1747 2291 1800 Posset
2322 1755 2506 1800 autem
2551 1757 2605 1800 et
2652 1747 2719 1799 ab
2752 1748 3065 1800 hominibus
3094 1750 3400 1815 exemplum
3435 1763 3675 1811 sumere,

2096 1850 2151 1892 et
2182 1838 2387 1902 dicere,
2419 1838 2564 1906 quod
2594 1837 2737 1890 Elias
2795 1845 2852 1890 et
2893 1836 3157 1900 Joannes,
3193 1838 3393 1906 aliique
3445 1838 3675 1899 similes,

2096 1927 2230 1981 nihil
2254 1927 2361 1981 tale
2407 1927 2695 1981 curabant.
2747 1922 2945 1978 Verum
2994 1926 3044 1978 id
3089 1941 3196 1977 non
3252 1924 3401 1987 fecit,
3449 1924 3543 1977 sed
3611 1925 3682 1976 ab

2094 2019 2288 2073 avibus
2329 2018 2508 2086 potius
2543 2017 2748 2070 dictam
2802 2016 3073 2085 repressit
3110 2016 3508 2081 obiectionem,
3563 2028 3684 2066 om-

2097 2124 2224 2163 nem
2260 2118 2610 2177 praetextum,
2649 2108 2843 2175 majori
2869 2106 3193 2161 confusione
3226 2120 3461 2175 arguens
3503 2120 3566 2159 ac
3585 2105 3685 2160 tol-

2096 2201 2239 2253 lens.

2168 2291 2303 2345 Nam
2334 2300 2389 2344 et
2440 2300 2597 2344 vetus
2640 2287 2948 2355 Scriptura,
3009 2289 3199 2342 volens
3250 2285 3507 2339 homines
3565 2298 3682 2337 am-

2100 2387 2242 2455 plius
2265 2400 2384 2439 sese
2401 2384 2636 2453 dejicere
2669 2384 2761 2450 (vi,
2790 2383 2854 2436 ad
2876 2397 3033 2451 apem
3052 2396 3115 2435 ac
3141 2380 3450 2441 formicam,
3467 2387 3689 2433 czetera-

2102 2493 2210 2548 que
2252 2477 2551 2530 animantia
2586 2476 2771 2528 mittit.
2803 2462 2949 2529 Aves
2981 2488 3111 2544 ergo
3143 2472 3338 2526 eodem
3382 2480 3549 2531 statu.
3578 2484 3687 2537 quo

2102 2584 2131 2620 a
2164 2565 2436 2637 principio
2468 2564 2711 2627 luerunt,
2741 2573 3145 2634 permanentes,
3179 2562 3303 2616 cibo
3327 2560 3418 2629 qui
3458 2558 3539 2612 eis
3561 2558 3690 2624 jux-
3718 2616 3723 2622 ρ

2106 2668 2159 2714 ta
2218 2667 2473 2712 naturam
2515 2657 2797 2720 convenit,
2892 2657 3057 2709 etiam
3126 2653 3454 2707 abundant:
3524 2650 3695 2701 homo

2108 2764 2236 2805 vero
2298 2765 2329 2802 a
2378 2749 2490 2803 Deo
2534 2763 2781 2809 aversus,
2840 2761 2907 2800 eo
2962 2746 3229 2815 privatur.
3302 2742 3692 2796 Verumtamen

2105 2858 2226 2910 qute
2259 2840 2483 2894 abstulit
2526 2841 2783 2893 alienatio
2824 2857 2854 2891 a
2898 2837 3036 2899 Deo,
3084 2838 3198 2888 lirec
3246 2848 3462 2886 rursum
3516 2828 3694 2883 reddit

2110 2932 2372 2985 reversio.
2418 2930 2583 2983 Jubet
2609 2931 2795 2997 itaque
2824 2944 2894 2982 ne
2912 2927 3112 2981 borum
3148 2940 3337 2979 curam
3372 2923 3693 2984 habeamus,

2110 3025 2205 3079 sed
2236 3024 2303 3078 ad
2337 3022 2506 3076 Deum
2533 3022 2798 3091 peculiari
2831 3022 2994 3074 modo
3024 3026 3389 3071 revertamur.

2032 3131 2075 3186 ί]
2182 3117 2337 3170 Vers.
2379 3113 2569 3169 Nonne
2597 3142 2672 3155 ——
2697 3114 2795 3167 illa
2832 3114 2855 3166 ?
2892 3112 3084 3166 Nonne
3119 3126 3212 3163 vos
3246 3110 3405 3179 longo
3438 3108 3696 3162 meliores

2108 3212 2245 3263 estis
2270 3208 2505 3262 avibus?
2531 3206 2738 3273 Quodsi
2775 3207 2965 3258 viliora
3020 3206 3115 3258 alit
3166 3206 3327 3264 heus,
3373 3202 3545 3255 multo
3578 3215 3697 3251 ma-

2107 3302 2190 3371 gis
2222 3314 2318 3353 eos
2348 3297 2443 3368 qui
2467 3298 2724 3352 meliores
2760 3306 2911 3350 sunt.
2946 3295 3051 3361 Qui
3104 3286 3262 3347 enim
3321 3307 3524 3357 corpus
3577 3290 3701 3341 rit-.0

2110 3391 2364 3460 indigens
2402 3391 2559 3443 vobis
2596 3389 2823 3458 aptavit,
2882 3388 3057 3456 ipsius
3110 3402 3329 3455 quoque
3378 3385 3699 3437 alimentum

2110 3482 2335 3533 omnino
2357 3480 2641 3549 praebebit.
2660 3480 2797 3545 Quid
2823 3479 2988 3548 ergo?
3008 3493 3183 3546 neque
3199 3478 3469 3531 seminare
3495 3474 3701 3527 licitum

2111 3572 2258 3623 erit?
2290 3570 2407 3625 Non
2439 3571 2592 3635 tlixit,
2658 3571 2735 3625 Ne
2766 3570 3070 3631 seminetis,
3108 3572 3227 3632 sed,
3258 3567 3338 3620 Ne
3384 3566 3599 3620 solliciti
3626 3565 3702 3615 si-

2116 3662 2611 3717 tis..Perlectorum
2644 3664 2915 3732 siquidem
2971 3672 3054 3718 est
3093 3678 3202 3715 non
3255 3660 3552 3719 seminare,
3612 3656 3705 3708 sc-d

2116 3756 2335 3825 operari
2368 3756 2550 3809 cibum
2578 3759 2667 3825 qui
2709 3772 2815 3811 non
2880 3756 3019 3825 perit
3054 3776 3064 3809 :
3110 3756 3232 3807 dico
3278 3766 3409 3805 sane
3448 3750 3707 3807 virtutes,

2116 3847 2260 3902 sicut
2291 3848 2547 3916 apostoli,
2596 3850 2905 3916 horumque
2932 3848 3099 3901 vitam
3146 3847 3452 3905 imitantes,
3496 3857 3559 3894 ac
3606 3856 3697 3907 pc-

2118 3950 2235 3993 tere
2258 3956 2289 3992 a
2340 3940 2449 3994 Deo
2478 3940 2825 3994 alimentum.
2858 3939 3082 3998 Panem,
3118 3938 3314 4006 inquit,
3346 3944 3583 3987 nostrum
3610 3947 3705 3983 su-

2119 4033 2617 4101 persubslantialem
2647 4036 2716 4088 da
2741 4034 2888 4088 nobis
2909 4034 3060 4086 hodie
3087 4033 3154 4083 ³³.
3182 4028 3538 4084 llediocrium
3580 4040 3715 4077 vero

2121 4137 2207 4182 est
2228 4128 2499 4182 seminare
2523 4130 2768 4197 quidem,
2794 4138 2848 4182 at
2877 4144 2986 4181 non
3017 4130 3213 4180 anxios
3243 4138 3388 4187 esse,
3416 4133 3471 4175 et
3503 4121 3718 4188 scipsos

2127 4228 2271 4274 totos
2310 4220 2368 4273 in
2400 4219 2715 4289 huiusmodi
2747 4235 2909 4275 curas
2936 4220 3201 4289 dejicere,
3235 4225 3295 4269 ut
3326 4214 3395 4267 oh
3443 4214 3541 4265 has
3593 4212 3718 4264 ani-

2127 4326 2228 4366 mae
2256 4326 2444 4365 curam
2479 4313 2780 4382 negligant.
2807 4311 3041 4380 Ideoque
3068 4310 3343 4363 seminare
3370 4320 3549 4374 neque
3587 4319 3717 4371 prun

2129 4405 2326 4465 hibuit,
2372 4421 2549 4474 neque
2580 4404 2877 4471 concessit,
2916 4406 3012 4459 sed
3052 4406 3106 4457 in
3146 4402 3586 4469 uniuscujusque
3619 4413 3717 4449 vo-

2129 4497 2336 4551 luntate
2364 4498 2495 4552 illud
2526 4499 2765 4567 reliquit.
2802 4498 2989 4567 Neque
3036 4497 3184 4551 enim
3222 4494 3271 4549 id
3308 4495 3375 4547 de
3417 4494 3611 4545 avibus
3639 4490 3722 4541 di-

2127 4587 2225 4651 xit,
2264 4598 2322 4642 ut
2353 4590 2626 4644 seminare
2657 4589 2999 4659 prohiberet,
3034 4586 3129 4642 sed
3168 4586 3220 4639 id
3253 4594 3466 4639 tantum
3492 4582 3722 4635 dentom

2126 4689 2304 4735 strare
2339 4683 2530 4745 voluit,
2563 4683 2707 4752 quod
2760 4682 2881 4736 illas
2920 4682 3064 4734 Deus
3095 4679 3223 4733 alat.

436 4766 534 4818 καὶ
598 4766 730 4833 περὶ
801 4763 913 4816 τῶν
968 4769 1229 4816 πετεινῶν
1275 4760 1451 4824 εἶπεν,
1501 4765 1585 4817 ὅτι
1633 4763 2083 4833 οὑσσπείρουσιν,
2147 4772 2262 4826 ἀλλ’
2307 4776 2407 4828 οὐκ
2458 4773 2580 4830 εἶπε
2636 4775 2814 4840 τοῦτο,
2873 4773 3101 4827 κωλύων
3152 4770 3216 4827 τὸ
3267 4768 3536 4840 σπείρειν,
3588 4764 3728 4819 ἀλλὰ

434 4860 596 4931 μόνον
625 4861 796 4927 δεῖξαι
828 4861 1177 4930 βουλόμενος,
1209 4862 1293 4913 ὁτι
1315 4864 1343 4914 ὁ
1364 4861 1499 4926 Θεὸς
1534 4862 1731 4932 τρέφει
1752 4863 1915 4934 αύτᾴ.

541 4976 588 5005 ’³
611 4976 802 5032 Matth.
839 4988 914 5037 vt,
945 4972 1033 5027 Η.

1645 5041 1844 5102 Variae
1889 5042 2193 5108 lectiones
2228 5058 2289 5109 et
2331 5059 2521 5113 notte.

512 5194 623 5259 (25)
642 5194 871 5263 ἀμέτρῳ
896 5191 1184 5263 φιλοπονίᾳ
1222 5190 1346 5263 λίςοη
1372 5189 1519 5259 cepit
1539 5188 1646 5263 vim
1670 5191 1918 5263 vocabuli
1944 5192 2024 5245 in-

439 5261 1072 5333 ιοεῃεεεζκατατείνειν
1102 5261 1188 5319 est
1220 5261 1398 5333 idem_,
1434 5262 1581 5331 quod
1615 5262 2019 5332 κατατρύχειν,

438 5331 625 5390 nimiis
694 5334 975 5389 laboribus
1033 5347 1253 5397 vexare,
1307 5331 1548 5387 adlicere
1600 5347 1666 5388 ac
1714 5331 2022 5402 quasi'ex-

440 5407 670 5460 tendere
695 5415 753 5460 et
772 5413 1008 5463 atterere
1032 5418 1252 5474 corpus.

2209 5193 2321 5263 (Ἃ)
2352 5194 2462 5247 ἀπὸ
2492 5194 2630 5247 Θεοῦ
2669 5196 2732 5249 Α.

2226 5263 2317 5331 ‘25)
2350 5266 2459 5318 ἀπὸ
2482 5266 2615 5320 Θεοῦ
2638 5268 2705 5321 Α.

2226 5334 2317 5409 26)
2381 5335 2564 5391 Malim
2616 5337 2774 5409 μηδέ,
2833 5337 2952 5394 loco
3006 5334 3123 5389 καί.
3182 5332 3313 5400 Aut,
3372 5333 3482 5387 ἀπὸ
3534 5336 3717 5406 κοινοῦ

2150 5404 2210 5457 τδ
2223 5407 2335 5474 μή.

512 5544 575 5618 (ι)
604 5544 931 5618 Quandoque
951 5575 1011 5584 —
1040 5544 1281 5599 solliciti.
1306 5543 1534 5611 Quando
1562 5543 1675 5599 sola
1702 5553 1884 5599 mente
1903 5554 2033 5598 sunt
2143 5561 2265 5601 nam

1974 5554 2033 5597 nt
2143 5561 2346 5618 namus
2377 5548 2505 5618 dixit
2540 5563 2591 5618 p.
2627 5549 2718 5613 ει,
2758 5547 3113 5617 Πικροτάτοις
3142 5541 3325 5618 αὐτοῦΔ
3344 5540 3602 5618 καθίκετο
3629 5540 3720 5618 λιξ-

440 5615 684 5673 solliciti.

514 5686 593 5755 (ιι)
617 5688 919 5755 Aliquando
934 5688 1011 5738 et.
1040 5683 1292 5751 Quando.

517 5756 591 5824 (υ)
628 5758 865 5825 Amplius
883 5775 993 5812 sese
1022 5757 1247 5825 dejicere
1299 5757 1490 5812 Acrius
1522 5772 1745 5811 monere
1800 5758 1876 5810 Ita
1903 5756 2023 5812 (Iin-

2138 5634 2277 5684 γοις.
2311 5617 2375 5673 Et
2399 5609 2692 5674 Escltines
2705 5609 2970 5683 Socrfm,
3003 5609 3187 5681 15,τά
3203 5613 3478 5684 δυνάμενα
3496 5609 3724 5665 καθικὲο

2142 5687 2265 5741 σθαι
2294 5689 2393 5759 τῆς
2421 5690 2620 5761 ψυχῆς.
