4446 6442
388 362 501 429 153

1284 364 1673 425 COMMENT.
1720 366 1800 426 ΙΝ
1843 367 2318 431 ΜΑἸἾἮΙΕΠΜ.
2355 399 2424 409 -
2463 374 2623 434 CAP.
2656 376 2760 438 VI.

3558 388 3664 451 254

392 479 488 528 καὶ
523 476 687 543 σοφὸν
725 473 1067 529 ἔπινοεῐσθαι
1096 474 1548 543 καλλωπισμούς.
1598 476 1867 540 κλίϐανος
1904 478 1961 529 δέ
1994 484 2035 536 Α
2066 479 2148 533 nis

1904 478 1961 529 δέ
1994 484 2035 536 Α
2066 479 2154 533 nis
2203 491 2527 545 amatorem.
2581 496 2638 562 et
2671 487 2737 541 ad
2771 487 2919 543 illam
2955 496 3394 562 cognoscendam
3437 498 3658 567 sapien-

394 568 534 630 ιστι,
563 566 625 619 τὸ
654 566 944 619 ὀπτανεῖον
982 565 1091 618 τῶν
1114 566 1317 635 ἄρτων.
1350 567 1425 620 τὸ
1455 567 1512 620 δι
1558 567 1737 635 ’Υμᾶς
1766 570 1974 637 ἐμφαν·

390 658 547 709 τικὸν
595 658 761 725 τιμῆς
800 657 1017 724 νόησον.
1071 658 1355 727 Φησὶ-γὰρ
1379 658 1837 727 ιρωτηματικῶς,
1889 661 1971 711 ὅτι

391 748 468 799 οὐ
522 746 703 817 πολλῷ
753 748 958 815 μᾶλλον
1006 747 1174 817 ὑμᾶς,
1222 748 1285 799 τδ
1328 748 1509 815 τίμιον
1543 747 1708 800 αὐτοῦ
1752 750 1968 816 ntiqua;

388 832 470 898 οἷς
508 836 669 906 σῶμα
717 839 812 890 καὶ
850 838 1029 906 ψυχὴν
1088 838 1179 892 καὶ
1228 836 1355 890 νοῦν
1409 839 1725 907 ιχαρίσατο,
1766 840 1832 890 δι’
1877 831 1970 901 οὓς

388 928 482 979 τὸν
504 923 705 996 κόσμον
728 930 977 997 ἐποίησε,
995 929 1062 981 δι’
1082 927 1176 990 οὓς
1203 930 1492 996 προφήτας
1522 928 1753 996 ἔπεμψε.
1776 929 1844 985 δι’
1876 929 1969 993 οὓς

388 1020 486 1073 καὶ
520 1019 612 1072 τὸν
641 1020 909 1088 μονογενῆ
936 1018 1105 1076 αὐτοῦ
1138 1019 1269 1073 Υίδν
1318 1018 1610 1082 ιξέδωκεν.

472 1282 904 1349 Ὀλιτόπιστοι.
955 1281 1387 1352 Ἐπιπληκτικόν
1444 1284 1563 1334 ἐστι
1624 1281 1803 1336 τοῦτο.
1856 1284 1968 1339 Καὶ

384 1374 498 1440 γὰρ
563 1374 638 1422 ἀπ
658 1370 867 1434 ιεείξσς
893 1370 922 1423 δ
951 1372 1226 1434 ἐϐούλετο,
1274 1372 1460 1426 λοιπὸν
1522 1374 1841 1443 ἐπιπλήττει
1871 1376 1968 1427 αὐ-

386 1464 537 1523 τοὺς,
576 1462 960 1529 ὀλιγοπίστους
1007 1462 1315 1531 ὀνομάζων,
1375 1464 1451 1526 ὡς
1488 1466 1563 1533 μὴ
1612 1452 1967 1527 πιστεύοντας

384 1552 747 1615 ἁδιστάκτως,
801 1554 884 1605 ὅτι
932 1552 1211 1622 φροντίσει
1260 1554 1443 1606 αὐτῶν
1473 1553 1681 1617 ὀΘεδς,
1738 1553 1833 1605 καὶ
1879 1553 1968 1607 διὰ

386 1642 551 1695 τοῦτο
619 1645 1027 1715 μεριμνῶντας.
1072 1643 1264 1707 Οὕτως
1322 1644 1650 1712 ἐπιπλήξας.
1714 1645 1963 1714 ἐντρέπει

381 1735 629 1799 τούτους,
661 1736 755 1785 καὶ
772 1734 1225 1801 εὐπειθεστέρους
1256 1722 1416 1787 ποιεῖ.
1454 1734 1772 1789 Ἐπαίδευσε
1796 1736 1849 1789 δὲ
1878 1737 1968 1789 διὰ

382 1824 479 1876 τοῦ
514 1824 775 1893 ῥηθέντος
804 1808 1281 1896 παραδείγματος,
1312 1829 1405 1879 καὶ
1436 1827 1495 1878 τὸ
1530 1826 1604 1895 μὴ
1656 1826 1799 1895 μέγα
1836 1845 1971 1896 (ppo-

384 1916 497 1967 νεῖν
547 1916 640 1966 ἐπὶ
669 1918 735 1985 τῇ
773 1916 1093 1985 πολυτελείᾳ
1123 1916 1231 1968 τῶν
1264 1916 1518 1985 ἱματίων,
1548 1909 1623 1969 ῶν
1656 1916 1972 1985 ὡραιὸτερα

385 2006 483 2060 καὶ
514 2005 773 2057 καλλίονα
826 2006 893 2058 τὰ
932 2005 1068 2075 ἄνθη
1104 2004 1197 2058 τοῦ
1232 2007 1451 2075 χόρτου.
1490 2007 1703 2076 Ὠσπερ
1739 2008 1798 2059 δὲ
1831 2009 1973 2059 ἀνω-

382 2096 529 2164 τέρω
561 2097 688 2166 περὶ
728 2096 838 2147 τῶν
871 2097 1136 2148 πετεινῶν
1183 2098 1376 2161 εἰπὼν,
1405 2100 1487 2151 ὅτι
1530 2100 1590 2151 οὺ
1629 2099 1969 2168 σπείρουσιν,

386 2189 489 2241 οὐκ
542 2188 783 2241 ὶκὼλυσε
822 2190 883 2241 τδ
942 2192 1219 2259 σπείρειν,
1253 2191 1329 2253 ὡς
1392 2194 1579 2246 ἐκεῖσε
1633 2192 1967 2263 εἰρήκαμεν·

386 2282 563 2346 οὕτως
614 2284 726 2335 οὑδ⁴
786 2285 1024 2337 ἐνταῦθα
1052 2286 1115 2337 τὸ
1144 2286 1343 2354 κοπιᾷν
1398 2289 1491 2337 καὶ
1540 2284 1723 2354 νήθειν
1762 2284 1972 2337 ἐκώλυ-

387 2393 504 2440 σεν,
529 2377 647 2427 ἀλλ’
674 2373 829 2429 εἶπεν
855 2377 1020 2439 οὕτω,
1065 2377 1237 2441 δεῖξαι
1267 2377 1429 2446 μόνον
1459 2376 1655 2441 Θᾶλων,
1679 2379 1763 2435 ὅτι
1792 2380 1819 2429 ὁ
1840 2378 1973 2440 Θεὸς

385 2468 530 2521 αὐτὰ
569 2471 740 2537 spots
752 2487 918 2524 ννυσι.

462 2563 573 2614 Καὶ
608 2562 748 2615 διατι
783 2562 1039 2615 τοσοῦτον
1080 2562 1279 2624 κάλλος
1336 2565 1451 2623 τοῖς
1500 2562 1690 2615 ἄνθεσι
1750 2562 1976 2632 περιτέ-

389 2654 542 2705 θεικε
572 2672 587 2717 ;
621 2656 730 2723 (50)
761 2657 905 2707 Διότι
942 2656 1190 2725 βούλεταί
1226 2672 1285 2707 σε
1321 2656 1417 2707 καὶ
1451 2656 1558 2707 ἀπὸ
1596 2654 1787 2707 τούτου
1840 2672 1975 2723 μανς

392 2742 577 2794 θάνειν
610 2742 670 2795 τὸ
711 2745 941 2810 μέγεθος
979 2748 1079 2812 τῆς
1113 2744 1279 2797 αὑτοῦ
1316 2744 1504 2806 σοφίας
1534 2747 1626 2796 καὶ
1660 2746 1972 2813 δυνάμεως.

387 2834 451 2885 Εἰ
480 2834 663 2887 τοίνυν
698 2836 767 2887 τὰ
800 2834 887 2888 διὰ
920 2836 979 2887 σὲ
1014 2835 1285 2904 γενόμενα
1318 2837 1481 2905 κρίνα
1512 2838 1818 2903 φιλοτίμως
1848 2838 1971 2888 ἐνέ-

384 2926 541 2987 δυσε,
600 2926 721 2988 πῶς
769 2927 871 2980 οὐκ
905 2926 1117 2983 usam
1162 2927 1400 2993 μάλιστά
1442 2944 1525 2989 σε,
1562 2926 1631 2978 δι’
1670 2926 1731 2977 ὃν
1786 2928 1970 2979 ἐκεῖνα

386 3021 703 3089 πεποίηκες
742 3022 1089 3090 Δημιουργὸς
1142 3021 1200 3072 δὲ
1249 3021 1346 3075 καὶ
1401 3020 1711 3090 προνοητὴς
1751 3021 1973 3073 πάντων
2006 3061 2048 3118 C

386 3114 553 3172 αὐτὸς
608 3112 705 3173 ῶν,
740 3114 893 3182 ὅμως
945 3113 1025 3181 τῷ
1084 3114 1264 3181 Πατρὶ
1323 3111 1424 3182 τὴν
1472 3112 1844 3181 δημιουργίαν
1880 3115 1975 3165 καὶ

386 3206 649 3274 πρόνοιαν
682 3205 901 3257 πάντων
926 3204 1238 3273 ἀνατίθησι,
1262 3203 1530 3257 δεικνύων
1554 3222 1613 3256 τε
1643 3204 1899 3257 ἐντεῦθεν
1914 3205 1976 3258 τὸ

387 3299 524 3364 πρὶς
552 3298 715 3350 αὑτὸν
739 3299 1063 3365 ὀμόγνωμόν
1091 3314 1151 3348 τε
1177 3300 1273 3349 καὶ
1306 3297 1670 3366 ἐμοδύναμον,
1736 3299 1829 3350 καὶ
1862 3298 1974 3365 (3|)

385 3389 523 3439 διιτι
552 3386 707 3439 οὔπω
741 3388 935 3456 καιρὸς
960 3382 1049 3456 ἦν,
1084 3387 1397 3455 ἐκκαλύψαι
1431 3387 1684 3454 φανερῶς
1716 3390 1844 3457 περὶ
1876 3389 1976 3457 τῆς

387 3478 587 3531 ἑαυτοῦ
618 3478 893 3547 θεότητος,
927 3478 1005 3539 ὡς
1038 3477 1472 3548 ἡρμηνεύσαμεν
1503 3477 1868 3547 ἔξηγούμενοι
1894 3480 1973 3530 τὸ·

387 3573 719 3625 Ἠκούσατε
757 3572 845 3623 ὅτι
880 3571 1090 3639 ἐρῤέθη
1123 3570 1249 3635 τοῖς
1282 3570 1584 3639 ἀρχαίοις·
1633 3572 1715 3624 Οὐ
1755 3574 1977 3639 φονεύ-

386 3680 540 3727 σεις.

460 3755 559 3818 Μὴ
582 3785 648 3793 -
663 3756 1133 3825 περιϐαλώμεθα.
1176 3756 1659 3826 Ἐπαναλαμϐάνει
1701 3758 1865 3811 πάλιν
1888 3758 1980 3810 τὸν

391 3850 524 3919 περὶ
558 3849 652 3902 τοῦ
688 3852 762 3917 μὴ
798 3851 913 3920 (52)
941 3853 1216 3922 μεριμνᾷν
1253 3851 1433 3917 λόγον,
1466 3851 1555 3903 διὰ
1611 3851 1672 3904 τδ
1716 3853 1817 3920 τῆς
1880 3869 1977 3919 μεο

392 3942 594 4010 ρξμνης
632 3941 806 4009 βίαιόν
838 3960 899 3994 τε
933 3944 1028 3995 καὶ
1055 3942 1524 3996 δυσαπάλλακτον.
1559 3943 1633 3994 Συ
1690 3941 1749 3993 st
1786 3943 1979 4009 ἐννόηο

392 4051 508 4095 σον,
540 4035 627 4085 ὅτι
657 4036 706 4086 oi
739 4035 1129 4098 κελευσθέντες
1160 4035 1295 4105 μηδὲ
1325 4034 1456 4102 περὶ
1508 4034 1615 4086 τῶν
1658 4033 1981 4100 ἀναγκαίων

395 4128 697 4195 μεριμνᾷν,
741 4128 867 4178 τίνα
920 4126 1258 4195 συγγνώμην
1317 4126 1538 4195 ῑξομεν,
1604 4122 1982 4195 μεριμνῶντες

393 4218 491 4269 καὶ
520 4219 649 4285 περὶ
688 4218 798 4269 τῶν
827 4220 927 4271 οὐκ
955 4218 1315 4285 ἀναγκαίωνς

469 4309 1049 4377 Πάντα-ἐπιζητεῖ.
1084 4312 1158 4362 Τὸ
1199 4307 1515 4377 Ἐπιζητεῒ,
1568 4307 1690 4361 ἀντὶ
1720 4307 1837 4373 τοῦ,
1868 4306 1984 4360 Με-

2080 577 2211 624 tem.
2237 568 2501 627 Clibanus
2522 591 2652 631 vero
2673 578 2828 632 locus
2848 589 2931 634 est
2964 583 3030 634 ad
3066 586 3413 652 coquendum
3444 603 3662 655 panem.

2076 657 2409 723 Prouomen,
2448 663 2567 727 Vos,
2629 679 2688 720 ut
2729 669 2956 724 honoris
3022 673 3518 729 demonstrativum
3569 679 3661 742 sit,

2074 748 2325 816 accipito.
2350 750 2483 805 Nam
2502 756 2737 810 amantis
2759 773 2908 811 more
2931 760 3195 828 loquitur,
3218 779 3281 817 ac
3299 766 3342 817 si
3366 766 3513 819 dicat
3539 766 3613 835 (ε)
3643 785 3655 820 :

2074 838 2266 893 Nonne
2302 840 2461 911 longe
2506 846 2676 914 magis
2730 863 2845 908 vos,
2879 852 2971 919 qui
3039 854 3173 906 estis
3232 856 3471 921 pretiosa
3533 860 3656 927 ejus

2074 928 2348 991 possessio
2380 935 2479 999 (υ),
2534 936 2738 1000 quibus
2781 953 3003 1007 corpus.
3072 944 3332 1007 animam,
3373 962 3436 1001 ac
3496 964 3657 1002 men-

2073 1026 2181 1069 tem
2213 1021 2383 1087 gratis
2410 1017 2664 1087 contulit,
2704 1038 2927 1096 propter
2954 1046 3091 1097 quos
3140 1034 3403 1086 mundum
3451 1036 3657 1088 forma-

2071 1108 2169 1171 vit,
2206 1122 2431 1178 propter
2472 1131 2609 1182 quos
2650 1119 2950 1185 prophetas
3006 1122 3175 1186 misit,
3237 1137 3463 1192 propter
3516 1142 3659 1194 quos

2074 1200 2410 1268 unigenitum
2434 1221 2653 1273 quoque
2684 1207 2877 1262 Filium
2909 1225 3067 1264 suum
3101 1214 3326 1267 tradidit
3350 1216 3403 1283 Ἰ,

2146 1288 2297 1344 Vers.
2352 1293 2442 1346 30.
2505 1292 2549 1347 0
2589 1299 2820 1350 homines
2853 1294 3068 1353 modica
3105 1302 3248 1367 fidei.
3284 1332 3354 1342 --
3396 1302 3653 1371 Increpa-

2072 1376 2241 1430 tivum
2272 1381 2507 1434 est‘hoe.
2544 1380 2834 1448 Postquam
2866 1387 3012 1438 enim
3045 1389 3305 1451 ostendit,
3345 1392 3487 1458 quod
3521 1390 3663 1443 volo.

2071 1467 2181 1529 bat,
2270 1470 2527 1539 deinceps
2607 1474 2754 1541 ipsos
2807 1477 3089 1545 ‘olijurgat,
3158 1493 3349 1545 parum
3431 1479 3663 1532 ﬁdentes

2073 1558 2353 1625 appellans
2382 1578 2393 1611 :
2442 1572 2627 1626 utpote
2650 1563 2742 1631 qui
2769 1579 2874 1616 non
2908 1566 3111 1633 absque
3162 1567 3517 1636 ambiguitate
3542 1583 3664 1621 cre—

2072 1648 2280 1711 derent,
2323 1652 2468 1717 quod
2523 1652 2662 1706 Deus
2692 1655 2932 1723 ipsorum
2962 1672 3151 1708 curam
3208 1656 3456 1714 haberet.
3490 1665 3545 1711 et
3572 1659 3657 1711 id-

2072 1739 2222 1792 circo
2253 1740 2467 1794 solliciti
2499 1753 2701 1797 essent.
2738 1744 2810 1797 Ita
2847 1746 3164 1813 objurgans,
3194 1761 3291 1799 eos
3348 1745 3659 1807 confundit,

2084 1846 2146 1883 ac
2179 1831 2497 1887 ﬁdentiores
2530 1835 2727 1887 reddit.
2764 1835 2956 1889 Docuit
2982 1852 3199 1903 quoque
3227 1838 3374 1889 dicto
3416 1839 3667 1906 exemplo

2078 1935 2187 1972 non
2219 1920 2549 1975 insolescere
2574 1924 2641 1977 de
2674 1925 2930 1991 pretiosis
2955 1928 3224 1990 vestibus,
3260 1927 3458 1993 quibus
3510 1928 3669 1998 longe

2085 2010 2442 2079 pretiosiores
2471 2024 2620 2074 sunt,
2648 2015 2926 2083 umgis;ue
2956 2020 3141 2069 decori
3167 2017 3459 2071 herbarum
3489 2017 3666 2070 flores.

2078 2100 2547 2167 Quemadmodum
2604 2116 2785 2159 autem
2834 2108 3087 2173 superius
3117 2108 3185 2163 de
3214 2110 3407 2163 avibus
3440 2108 3669 2174 diceret,

2085 2196 2234 2263 quod
2270 2212 2379 2249 non
2432 2200 2728 2263 seminent,
2786 2215 2895 2252 non
2933 2201 3216 2269 prohibuit
3269 2204 3561 2266 seminare,
3601 2203 3674 2257 si-

2082 2296 2177 2341 cut
2200 2286 2401 2343 ibidem
2437 2288 2677 2344 diximus
2719 2306 2733 2343 :
2788 2290 2859 2344 ita
2897 2306 3073 2359 neque
3128 2293 3216 2347 hic
3243 2292 3515 2359 laborare,
3575 2305 3671 2349 aut

2077 2394 2248 2442 nere;
2280 2380 2374 2434 sed
2400 2380 2472 2433 ita
2500 2381 2714 2433 locutus
2746 2391 2850 2441 est,
2884 2381 3074 2435 volens
3110 2391 3320 2436 tantum
3357 2384 3670 2448 ostendere,

2086 2470 2233 2537 quod
2265 2469 2409 2522 Deus
2440 2470 2530 2522 illa
2555 2471 2769 2524 vestiat.
2799 2455 2805 2462 ’

2152 2560 2337 2625 Quare
2376 2570 2565 2615 autem
2598 2573 2750 2615 tanto
2773 2563 2971 2616 decore
3011 2563 3173 2619 flores
3196 2566 3488 2620 amieivit?
3516 2566 3670 2635 ,Quia

2084 2654 2217 2715 vult,
2250 2661 2311 2706 ut
2361 2668 2428 2706 ex
2462 2653 2565 2706 hoc
2603 2654 2784 2707 discas
2831 2656 3115 2723 sapientia:
3156 2671 3221 2710 ac
3252 2658 3512 2724 potentia
3560 2673 3677 2712 suas

2081 2743 2541 2813 magnitudinem.
2578 2743 2633 2795 Si
2662 2760 2793 2813 ergo
2836 2745 2966 2802 lilia.
3004 2762 3125 2813 qua:
3177 2758 3401 2816 propter
3449 2756 3500 2801 te
3532 2748 3672 2801 facta

2080 2843 2230 2894 sunt,
2269 2833 2509 2900 pretiose
2552 2834 2747 2895 induit,
2810 2835 3084 2901 quomodo
3128 2851 3235 2887 non
3283 2837 3454 2889 multo
3504 2837 3676 2905 magis

2082 2934 2135 2977 te
2171 2923 2389 2986 vestiet,
2419 2934 2643 2993 propter
2667 2939 2829 2992 quem
2868 2925 2957 2977 illa
2989 2924 3243 2979 formavit
3272 2926 3294 2976 i
3327 2926 3396 2979 Et
3430 2926 3557 2980 licet
3585 2925 3671 2977 Fi-

2083 3015 2187 3068 lius
2218 3015 2332 3083 ipse
2355 3015 2598 3067 omnium
2632 3016 2704 3069 sit
2724 3024 2938 3069 creator
2964 3030 3027 3069 ac
3052 3016 3323 3083 provisor,
3356 3018 3421 3071 ad
3454 3018 3671 3072 Patrem

2092 3118 2297 3168 tamen,
2330 3105 2665 3160 creationem
2689 3120 2751 3159 ac
2787 3106 3191 3174 providentiam
3225 3107 3395 3161 refert
3437 3125 3449 3160 :
3485 3116 3675 3162 osten-

2082 3199 2219 3253 dens
2252 3199 2378 3253 hinc
2402 3198 2649 3251 eamdem
2680 3213 2803 3252 cum
2827 3198 2918 3251 illo
2964 3198 3068 3253 sibi
3096 3214 3221 3254 esse
3270 3200 3560 3253 scientiam
3608 3215 3671 3254 ai:

2082 3277 2484 3361 providentiam
2524 3291 2619 3361 (ι).
2657 3289 2909 3343 Nondum
2941 3290 3089 3343 enim
3139 3302 3355 3360 tempus
3386 3302 3678 3347 enisum:

2087 3382 2375 3438 manifeste
2402 3383 2655 3451 detegere
2682 3382 3051 3446 divinitatem,
3076 3384 3540 3451 quemadmodum
3580 3384 3677 3437 de-

2083 3473 2437 3536 claravimus,
2492 3450 2831 3540 exponentes
2892 3483 3103 3541 partem
3166 3450 3315 3528 illam
3363 3492 3376 3528 :
3443 3476 3677 3529 Audistis

2082 3565 2221 3637 quod
2251 3563 2450 3616 dictum
2474 3564 2541 3616 sit
2580 3562 2815 3631 antiquis
2852 3579 2865 3615 :
2900 3561 3023 3615 Non
3063 3564 3285 3617 occides.

2157 3658 2309 3712 Vers.
2344 3658 2432 3712 51.
2473 3656 2552 3709 Νε
2580 3683 2650 3693 ——
2683 3656 2984 3724 operiemur
3020 3656 3046 3708 1’
3080 3655 3325 3709 Rursum
3352 3655 3573 3717 iteravit
3612 3657 3681 3711 de

2084 3749 2456 3806 sollicitudine
2483 3762 2821 3809 sermonem,
2871 3758 3097 3818 propter
3134 3764 3284 3803 cura:
3340 3748 3680 3811 violentiam,

2084 3860 2206 3913 quae
2229 3844 2315 3897 vix
2345 3842 2504 3911 abjici
2540 3851 2740 3910 potest.
2774 3840 2857 3895 Tu
2907 3857 3040 3896 vero
3088 3843 3398 3906 considera,
3454 3842 3598 3912 quod
3638 3844 3683 3895 si

2086 3936 2243 3991 nobis
2274 3937 2489 4005 jussum
2538 3944 2643 3998 est,
2686 3949 2754 3987 ne
2806 3934 2874 3988 de
2924 3935 3090 3990 rebus
3134 3935 3302 3988 etiam
3355 3934 3687 3988 necessariis

2087 4029 2259 4083 simus
2306 4026 2548 4091 solliciti,
2617 4041 2779 4095 quam
2838 4026 3181 4094 sperabimus
3234 4024 3474 4086 veniam,
3557 4039 3684 4077 cum

2086 4119 2155 4174 de
2192 4118 2275 4173 his
2305 4117 2469 4172 etiam
2520 4132 2644 4185 qua:
2680 4116 2992 4170 necessaria
3050 4131 3162 4187 non
3218 4126 3348 4169 sunt
3398 4116 3547 4168 anxii
3609 4116 3686 4169 si-

2088 4228 2210 4265 mus
2238 4209 2262 4263 τ

2167 4305 2324 4357 Vers.
2367 4303 2455 4357 '52.
2486 4302 2679 4357 Omnia
2713 4331 2783 4340 —
2834 4302 3135 4370 inquirunt.
3208 4300 3523 4367 lnquirunt.
3583 4298 3690 4352 hoc

398 4398 660 4463 ριμνῶσι,
693 4398 907 4466 νόησον.
950 4400 1033 4451 Τὰ
1064 4398 1195 4468 ἔθνη
1222 4400 1353 4468 γὰρ,
1394 4398 1610 4465 ἀλόγων
1632 4398 1813 4462 δίκην,
1844 4397 1981 4465 πρὸς
2014 4397 2057 4451 Ι)
2087 4412 2154 4453 esl

1934 4398 1981 4459 5ς
2014 4397 2057 4451 Ι)
2087 4407 2169 4453 est
2219 4395 2436 4452 solliciti
2460 4406 2587 4450 sunt
2618 4396 2685 4449 de
2717 4395 2821 4447 his.
2854 4393 3159 4447 Considera
3199 4412 3212 4447 :
3243 4392 3449 4447 Gentes
3477 4392 3690 4445 irratio-

401 4490 574 4557 μόνην
610 4490 874 4557 βλέπουσι
897 4492 999 4559 τὴν
1037 4492 1375 4561 φιληδονίαν.
1410 4492 1585 4545 Ὀταν
1610 4490 1666 4543 δὲ
1696 4491 1807 4558 (53)
1844 4490 1981 4559 μηδὲ

2087 4491 2294 4545 nalium
2343 4504 2518 4552 more,
2573 4488 2690 4541 solo
2750 4496 3039 4540 moventur
3089 4486 3432 4556 voluptatum
3477 4500 3690 4539 amore.

391 4582 506 4633 τῶν
545 4584 776 4636 ἐθνικῶν
806 4585 1226 4656 ὕπερτερῶμεν,
1259 4585 1435 4637 οίτῶν
1460 4585 1849 4655 Γραμματέων
1895 4585 1988 4635 καὶ
2088 4586 2147 4650 ρι

1932 4585 1988 4635 αὶ
2088 4584 2318 4650 Quando
2347 4596 2477 4652 ergo
2511 4596 2690 4649 neque
2725 4579 2982 4649 gentibus
3025 4578 3435 4647 przestautiores
3472 4593 3686 4637 sumus,

394 4674 715 4743 Φαρισαίων
752 4678 1083 4745 ὑπερτερεῦ
1113 4678 1241 4758 ταῖς
1281 4677 1506 4746 ἀρεταῖς
1537 4675 1989 4745 κεκελευσμένοι,

395 4768 562 4829 ιδίας
595 4768 695 4819 οὐκ
722 4768 789 4819 ἂν
808 4768 1003 4838 είημεν
1045 4768 1322 4830 κολάσεως
1350 4767 1528 4834 ἄξιοις

477 4946 1029 5007 Οἶδας-ἀπάντων.
1065 4951 1473 5019 Καθαψάμενος
1522 4952 1703 5005 αὐτῶν
1761 4952 1983 5019 ἱκανῶς,

404 5040 826 5114 παραθαρῤύνει
896 5044 1062 5098 πάλιν
1106 5041 1396 5115 ἑτέρωθεν.
1436 5044 1640 5112 Ἔργον
1678 5045 1787 5114 γὰρ
1833 5045 1985 5098 διδα-

2090 4676 2291 4746 quibus
2312 4675 2529 4743 jussum
2551 4682 2656 4733 est,
2679 4680 2738 4725 ut
2764 4680 2821 4725 et
2854 4669 3065 4725 Scribis
3107 4669 3478 4731 etPliarisa‘is
3524 4670 3696 4722 virtu—

2101 4777 2153 4823 te
2212 4767 2385 4821 simus
2421 4763 2840 4826 eminentiores,
2898 4778 3006 4831 quo
3062 4762 3333 4831 supplicio
3381 4761 3530 4832 digni
3587 4777 3696 4815 non

2096 4861 2302 4918 erimus
2321 4861 2343 4913 ἲ

2168 4952 2328 5009 γει-ε.
2362 4951 2454 5007 52.
2484 4948 2596 5005 Scit
2630 4979 2686 4989 —
2724 4947 2988 5001 omnibus.
3056 4947 3350 5017 Postquam
3385 4946 3516 4999 satis
3554 4946 3699 5014 ipsos

2092 5045 2383 5114 corripuit,
2423 5058 2617 5097 rursus
2651 5040 2870 5095 aliunde
2901 5056 2998 5094 eos
3041 5040 3389 5094 adhortatur.
3426 5037 3519 5091 Est
3552 5038 3697 5091 enim

1617 5203 1819 5265 Variae
1852 5203 2159 5266 lectiones
2200 5214 2263 5265 et
2294 5210 2487 5264 notes.

473 5370 586 5436 (δυ)
613 5368 953 5437 περιτίθεται
976 5369 1045 5424 Α.

473 5441 583 5509 (3|)
615 5439 735 5505 καί,
765 5440 921 5495 abest
949 5444 1015 5494 A.

472 5599 548 5665 (ξε)
573 5598 816 5652 Αηιηηιίε
838 5614 980 5669 mare
1002 5628 1070 5639 -—
1088 5598 1249 5652 dicat.
1272 5597 1573 5669 lnterrogat
1595 5597 1742 5652 enim
1770 5597 1977 5653 dicens.

397 5668 678 5738 lntcrpres
716 5670 932 5723 videtur
964 5668 1155 5737 legisse
1191 5670 1493 5738 ἐρωτικῶς.

471 5746 547 5804 (ιι)
572 5742 849 5803 possessio.
886 5740 1113 5796 Videtur
1138 5756 1266 5811 ergo
1292 5738 1594 5795 llenteuius
1624 5740 1791 5795 etiam
1821 5754 1951 5808 rcpe

2181 5369 2295 5435 (δί)
2335 5369 2433 5437 μή,
2458 5367 2611 5421 abest
2636 5369 2695 5418 Α.

2182 5439 2292 5509 (53)
2332 5442 2433 5511 μή,
2467 5454 2567 5509 pro
2594 5438 2733 5508 μηδέ
2760 5437 2823 5490 Α.

2091 5597 2229 5651 risse
2266 5596 2475 5663 κτῆμα.
2514 5594 2691 5649 Malim
2729 5604 2909 5650 tamen
2940 5595 3172 5664 κτίσμι.
3200 5594 3385 5648 Jacob.
3426 5614 3462 5650 ι.
3505 5592 3607 5648 l8.

2170 5668 2241 5733 (ι)
2292 5666 2584 5721 Scimtiam
2634 5684 2697 5720 ac
2759 5667 3169 5723 m-ovidentiam.
3231 5666 3579 5723 Volunt-atem
3648 5676 3705 5725 et

2098 5748 2446 5810 potestatem.
