4446 6442
766 425 876 488 255

2000 424 2382 488 EUTHYMII
2454 425 2818 485 ZlGABENI

3925 390 4032 493 iss

768 542 1117 621 praeceptoris
1142 541 1422 605 'oﬁicium,
1478 551 1533 597 et
1582 542 1873 610 obiurgare
1922 541 2049 594 dum
2112 540 2352 608 expedit,
2388 546 2423 598 Α
2462 542 2524 591 κά

2274 540 2352 603 Iit,
2388 546 2423 598 Α
2462 540 2626 591 κάλον
2664 540 2759 592 καὶ
2781 534 3159 603 ἐπιπλήττειν,
3191 540 3250 593 ἐν
3276 535 3354 603 οἷς
3390 540 3518 612 χρὴ,
3550 544 3641 594 καὶ
3672 548 4030 612 παρακαλεῖν,

767 650 821 693 et
853 636 1145 698 consolari,
1171 650 1232 688 ac
1250 634 1504 699 utrinque
1534 630 1793 685 excitare.
1818 628 1935 685 Non
1966 630 2101 684 dixit
2124 639 2305 681 autent
2334 646 2346 679 :

769 728 879 781 Scit
909 724 1067 788 Deus,
1096 723 1210 783 sed,
1238 720 1349 774 Scit
1386 720 1547 773 Pater
1570 729 1772 782 vester;
1799 733 1905 785 quo
1936 718 2223 769 maximam
2260 714 2354 766 ha-

770 818 936 871 beant
987 814 1261 867 ﬁduciam.
1318 811 1393 863 Ex
1427 824 1537 878 quo
1578 810 1723 862 enim
1766 807 1927 861 Pater
1975 817 2079 869 est,
2110 813 2166 857 et
2224 803 2349 857 talis

770 907 951 967 Pater,
984 904 1123 957 ﬁlios
1142 903 1421 971 despicere
1451 915 1558 953 non
1586 900 1807 967 poterit,
1856 905 1912 950 et
1936 896 2043 965 pati
2083 904 2141 947 ut
2168 907 2349 947 rerum

769 996 1203 1052 necessariarum
1258 992 1554 1062 indigentia
1613 990 1889 1052 deﬁciant,
1967 1003 2089 1041 cum
2172 1000 2352 1053 neque

767 1086 972 1142 terreni
1012 1095 1194 1153 patres
1240 1084 1292 1136 id
1326 1083 1651 1136 sustineant.
1700 1079 1763 1131 Et
1811 1078 1936 1145 quia
1977 1075 2230 1129 omnibus
2265 1074 2349 1126 bis

768 1179 871 1231 scit
894 1191 990 1230 vos
1015 1175 1276 1244 indigere,
1303 1173 1447 1225 dabit
1477 1172 1682 1237 utique.
1735 1168 1847 1220 Non
1875 1178 2005 1220 sunt
2057 1168 2203 1219 enim
2258 1178 2353 1216 sn-

765 1268 973 1336 pcrﬁna
1004 1267 1187 1327 edere,
1246 1265 1451 1322 bibere,
1489 1271 1584 1313 aut
1648 1259 1832 1312 vestiri
1860 1298 1874 1320 ,
1930 1266 1989 1310 ut.
2046 1256 2221 1325 possit
2254 1268 2350 1306 ne-

766 1354 990 1421 gligere,
1036 1353 1129 1405 sed
1191 1350 1400 1418 corpori
1464 1349 1638 1409 utilia,
1696 1356 1858 1414 atque
1912 1354 2122 1399 natura:
2178 1343 2351 1411 ipsius

765 1443 1093 1497 necessaria.
1124 1442 1309 1507 Itaque
1338 1454 1499 1508 quam
1534 1438 1628 1491 tibi
1653 1436 1935 1489 existimas
1965 1450 2083 1488 esse
2117 1448 2339 1486 causam

764 1531 1179 1593 sollicitudinis,
1244 1531 1415 1598 magis
1478 1543 1637 1581 causa
1685 1537 1768 1582 est
1828 1524 2157 1578 securitatis.
2212 1520 2349 1585 Quia

765 1621 921 1674 enim
965 1622 1079 1673 haec
1132 1620 1441 1673 necessaria
1483 1629 1642 1677 sunt.
1701 1618 1820 1669 ideo
1849 1614 2019 1683 magis
2069 1611 2349 1666 conﬁdere

758 1718 989 1776 oportet.
1051 1702 1184 1769 Quis
1211 1709 1356 1761 enim
1407 1716 1579 1775 pater,
1634 1705 1801 1757 etiam
1851 1700 2164 1755 necessaria
2220 1699 2349 1753 ﬁliis

760 1798 1053 1866 denegabit
1078 1797 1100 1848 ?

2461 628 2556 679 καὶ
2592 625 2985 696 ἀμφοτέρωθεν
3010 626 3320 698 διεγείρειν.
3356 631 3468 682 Οὐκ
3501 625 3620 683 εἶπε
3660 634 3737 692 δὲ.
3767 634 3848 685 ὅτι
3881 631 4029 686 Οἶδεν

2460 718 2486 767 ὁ
2514 715 2669 778 Θεὸς,
2710 714 2828 768 ἀλλ’
2866 716 2951 769 ὅτι
3008 712 3184 770 Οἶδεν
3230 720 3263 771 ὁ
3292 721 3497 787 Πατὴρ
3531 720 3719 789 ὑμῶν,
3751 722 3891 773 ῶστε
3931 724 4023 791 μὰο

2458 803 2615 855 λιστα
2642 804 2870 873 θαρρεῖν
2896 803 3116 863 αὐτούς.
3153 806 3306 858 Ἐπεὶ
3337 808 3445 874 γὰρ
3510 808 3702 877 [lat-.39
3747 812 3887 873 ἐστι,
3939 812 4029 864 καὶ

2460 894 2648 963 Πατὴρ
2678 894 2942 957 τοιοῦτος,
2972 896 3034 947 οὐ
3076 896 3367 965 δυνήσεται
3421 900 3687 967 περιιδεῖν
3717 903 3842 963 τοὺς
3889 905 4033 965 υἱοὺς

2459 985 2637 1054 ινδείᾳ
2704 985 2816 1037 τῶν
2872 986 3195 1053 ἀναγκαίων
3255 988 3774 1058 διαφθειρομένους,
3833 995 4032 1057 ὃπουγε

2458 1077 2579 1128 οὐδὲ
2643 1076 2977 1145 ἀνθρώπινοι
3026 1077 3267 1145 πατίρες
3321 1078 3484 1131 τοῦτο
3516 1081 3875 1148 ὑπομένουσι.
3928 1084 4035 1133 Καὶ

2459 1165 2582 1215 ἐπεὶ
2632 1160 2773 1215 οἶδεν
2824 1166 2905 1216 ὃτι
2964 1164 3195 1234 χρῄζετε
3252 1165 3459 1217 τούτων
3531 1168 3807 1233 ἀπάντων,
3876 1168 4037 1220 δώσει

2459 1254 2696 1313 πάντως.
2722 1254 2797 1306 Οὐ
2814 1254 2922 1322 γὰρ
2940 1254 3195 1322 περιττὸν
3218 1255 3277 1307 τὸ
3302 1255 3501 1307 ἐσθίειν
3527 1258 3622 1308 καὶ
3644 1258 3822 1309 πίνειν
3840 1262 3932 1310 καὶ
3948 1261 4035 1309 ἐν·

2459 1343 2829 1405 διδύσκεσθαι,
2874 1346 2963 1397 ἰνα
2994 1346 3091 1397 καὶ
3121 1346 3346 1417 παρίδῃ³
3366 1347 3504 1401 ἀλλά
3534 1352 3787 1417 χρήσιμα
3816 1350 3894 1414 τῷ
3931 1325 4037 1401 σὼ·

2462 1451 2614 1501 ματι,
2647 1436 2740 1485 καὶ
2780 1436 3057 1501 ἀναγκαῖα
3092 1440 3157 1503 τῇ
3188 1438 3380 1489 τούτου
3416 1437 3602 1505 φύσει.
3669 1440 3856 1497 Ὥστε.
3890 1440 3918 1491 ὃ
3953 1458 4026 1490 νι-

2462 1524 2640 1589 μξζεις
2678 1525 2849 1576 αἴτιον
2875 1522 3013 1577 εἶναί
3062 1543 3144 1577 σοι
3177 1528 3273 1593 τῆς
3311 1528 3607 1595 μερίμνης,
3641 1528 3798 1581 τοῦτο
3842 1529 4040 1597 μᾶλλόν

2460 1616 2609 1666 ἐστιν
2642 1615 2819 1665 αίτιον
2848 1613 2947 1679 τῆς
2992 1616 3351 1684 ἀμεριμνίας.
3416 1618 3570 1669 Ἐπεὶ
3616 1619 3725 1687 γὰρ
3762 1620 4041 1683 ἀναγκαῖα

2457 1702 2653 1765 ταῦτα,
2678 1701 2765 1754 διὰ
2789 1704 2948 1755 τοῦτο
2972 1705 3210 1771 μάλιστα
3232 1706 3337 1775 χρὴ
3362 1706 3610 1777 θαρρεῖν.
3640 1708 3797 1768 Ποῖος
3823 1708 3927 1775 γὰρ
3948 1724 4039 1757 πα-

2456 1793 2560 1861 τὴρ
2583 1793 2832 1858 ἀνέξεται
2856 1794 2989 1862 μηδὲ
3006 1794 3073 1846 τὰ
3110 1796 3383 1860 ἀναγκαῖα
3422 1798 3677 1865 χορηγεῖν
3708 1799 3821 1857 τοῖς
3845 1797 3999 1849 παισί
4026 1814 4040 1858 ;

832 1884 985 1937 Vers.
1047 1885 1134 1937 33.
1201 1884 1433 1947 Quwrita
1484 1911 1554 1922 —
1603 1884 1763 1937 vobis.
1828 1881 2070 1935 Primum
2107 1879 2211 1931 hoc
2236 1887 2342 1937 est.
2380 1879 2420 1931 Β
2520 1888 2588 1937 Ζι

2283 1887 2342 1937 st.
2380 1879 2420 1931 Β
2520 1884 3047 1952 Ζητεῖτε-ὑμῖν.
3113 1884 3354 1953 Πρῶτον,
3412 1887 3533 1937 ἀντὶ
3584 1886 3701 1948 τοῦ,
3772 1888 3878 1955 πρὸ
3932 1886 4039 1937 τῶν

758 1984 888 2028 ante
918 1989 981 2025 ea
1008 1989 1129 2041 qnze
1164 1974 1378 2041 corpori
1416 1983 1541 2025 sunt
1570 1971 1876 2025 necessaria
1909 1987 1921 2021 :
1955 1969 2037 2021 vel
2070 1968 2345 2036 praecipue

759 2066 876 2117 sive
909 2064 1164 2116 maxime.
1199 2063 1444 2131 Regnum
1474 2079 1604 2115 vero
1634 2063 1725 2114 hei
1756 2070 1917 2114 vocat
1950 2060 2037 2111 hic
2075 2060 2345 2111 bonorum

756 2161 1084 2206 aeternorum
1108 2153 1421 2205 frnitionem
1458 2170 1470 2211 ;
1504 2152 1773 2219 justitiam
1826 2161 2004 2201 autem
2042 2149 2185 2216 ejus,
2234 2148 2339 2200 hoc

756 2250 841 2294 est
872 2241 1316 2311 justiﬁestionem
1366 2256 1484 2309 qua:
1514 2256 1541 2292 a
1595 2242 1704 2292 Deo
1737 2248 1839 2300 est,
1879 2248 1937 2291 ut
1966 2253 2060 2290 vos
2084 2240 2200 2303 ipse
2229 2237 2348 2300 jus-

758 2332 950 2393 tiﬁcet,
1002 2332 1085 2384 vel
1126 2332 1499 2398 operationem
1554 2331 1796 2395 jnstitim,
1840 2330 1955 2382 sive
1981 2330 2196 2381 virtutis
2227 2329 2349 2381 uni-

756 2424 1007 2485 versalis,
1044 2438 1141 2491 per
1180 2438 1342 2485 quam
1389 2422 1773 2488 justiﬁeamur.
1825 2419 1879 2473 Si
1922 2420 2067 2472 enim
2118 2418 2234 2471 hzec
2261 2434 2354 2487 pe-

758 2512 955 2566 tieritis
1025 2527 1147 2580 qua:
1226 2521 1356 2564 sunt
1424 2511 1619 2563 animae
1693 2508 2023 2573 necessaria,
2080 2508 2245 2561 etiam
2288 2522 2351 2561 ea

756 2605 907 2657 dabit
961 2613 1016 2656 et
1078 2604 1315 2672 adjiciet,
1379 2618 1500 2671 qua:
1564 2602 1773 2669 corpori
1829 2600 2137 2654 necessaria
2204 2608 2350 2653 sunt.

757 2696 890 2750 Nam
930 2697 1182 2763 superius
1216 2710 1453 2764 quoque,
1499 2695 1588 2747 ubi
1625 2696 1812 2749 docuit
1868 2694 2145 2762 quomodo
2194 2706 2354 2746 orare

758 2797 1031 2857 oporteat,
1088 2789 1323 2855 primum
1383 2786 1602 2854 quidem
1650 2786 1833 2839 dicere
1880 2785 2182 2852 praecepit:
2245 2782 2354 2835 Pa-

756 2890 837 2935 ter
904 2892 1093 2940 noster,
1159 2882 1247 2948 qui
1304 2895 1355 2931 es
1415 2880 1468 2930 in
1540 2880 1701 2937 catis.
1761 2879 2120 2945 sanctiﬁcetur
2168 2894 2355 2930 nomen

758 2984 907 3024 tuum
952 2974 1247 3023 :adveniat
1301 2988 1518 3039 regnum
1553 2980 1700 3022 tuum
1738 2986 1757 3022 :
1812 2969 1907 3037 ﬁat
1936 2968 2179 3021 voluntas
2255 2979 2347 3020 tua

756 3066 895 3115 sicut
926 3065 982 3115 in
1022 3064 1147 3116 caelo
1173 3072 1222 3115 et
1258 3064 1311 3113 in
1354 3073 1516 3115 terra.
1568 3062 1771 3114 Deinde
1798 3076 1929 3114 vero
1960 3081 1969 3112 :
2006 3060 2206 3113 Panem
2264 3076 2357 3111 no-

753 3166 921 3209 strum
952 3154 1513 3221 supersubstantialem
1568 3155 1636 3205 da
1690 3154 1835 3205 nobis
1878 3154 2031 3205 hodie
2072 3155 2137 3205 “.
2172 3152 2355 3221 Neque

756 3248 903 3300 enim
944 3248 1009 3300 ad
1041 3248 1141 3300 hoc
1176 3246 1300 3299 facti
1345 3260 1554 3309 sumus,
1600 3256 1658 3297 ut
1684 3246 1908 3299 edamus
1934 3255 1987 3298 et
2015 3245 2265 3315 bibamus
2294 3259 2356 3297 ac

756 3342 1055 3394 vestiantur
1086 3360 1095 3392 :
1132 3340 1226 3394 sed
1264 3349 1321 3392 ut
1350 3338 1461 3393 Deo
1502 3340 1933 3408 complacentes,
1961 3338 2181 3392 aeternis
2213 3337 2357 3391 frua-

755 3448 879 3486 mur
913 3434 1094 3487 bonis.

824 3522 891 3576 Et
921 3524 986 3575 ad
1041 3524 1144 3576 hoc
1181 3522 1417 3576 maxime
1448 3521 1703 3575 convenit
1758 3522 1945 3574 vivere
1998 3520 2137 3589 (aa),
2194 3520 2355 3588 idque

754 3614 926 3679 magis
956 3614 1253 3681 postulare.
1292 3612 1401 3665 Nisi
1434 3614 1577 3665 enim
1610 3614 1713 3666 hoc
1776 3612 2122 3681 petierimus,
2151 3626 2358 3679 nequa-

755 3721 917 3771 quam
949 3704 1101 3758 dabit
1140 3722 1149 3756 :
1186 3720 1246 3757 ea
1288 3720 1417 3758 vero
1450 3719 1571 3772 quze
1601 3704 1819 3771 corpori
1850 3702 2161 3756 necessaria
2197 3711 2353 3763 sunt,

754 3805 803 3848 ct
854 3805 1125 3861 petentes,
1177 3804 1371 3849 etnon
1436 3804 1685 3864 petentes
1742 3794 2098 3863 accipiemus,
2133 3802 2357 3862 propter

754 3887 1003 3955 corporis
1046 3888 1528 3949 sustentationem,
1570 3886 2033 3955 quemadmodum
2068 3894 2124 3939 et
2166 3893 2357 3955 gentes

755 3981 1071 4036 incredulis.
1124 3980 1259 4033 Nam
1316 3971 1517 4034 ideirco
1558 3980 1742 4034 dixit:
1823 3980 2179 4046 Adjicientur.
2238 3978 2355 4031 Non

754 4088 885 4141 ergo
916 4074 984 4125 de
1036 4075 1137 4127 hoc
1169 4073 1466 4127 sollicitum
1517 4087 1637 4125 esse
1685 4080 1925 4141 oportet,
1988 4072 2129 4139 quod
2187 4073 2354 4125 etiam

756 4165 965 4232 absque
994 4164 1367 4219 sollicitudine
1400 4179 1590 4218 sumus
1625 4163 1930 4233 accepturi.
1968 4163 2060 4216 sed
2086 4164 2153 4217 de
2177 4163 2354 4216 altero

754 4256 922 4323 priori
979 4272 1043 4310 ac
1098 4257 1319 4325 potiori.
1388 4253 1588 4309 Verum
1631 4255 1674 4309 si
1705 4271 1765 4309 ea
1812 4271 1933 4322 quae
1961 4254 2179 4323 corpori
2228 4268 2359 4312 sunt

754 4349 1089 4411 necessaria,
1160 4348 1320 4402 nobis
1369 4348 1535 4401 etiam
1590 4362 1701 4401 non
1750 4348 2069 4416 petentibus
2122 4346 2353 4415 praebet,

751 4455 922 4508 quare
956 4455 1085 4507 ergo
1109 4439 1294 4509 jussit,
1331 4448 1389 4492 ut
1422 4453 1616 4507 panem
1644 4449 1895 4508 petamus
1930 4437 2357 4506 supersubstan-

2452 1970 2766 2037 ἀναγκαίων
2821 1969 2915 2022 τοῦ
2960 1970 3231 2037 σώματος,
3282 1972 3313 2040 ἦ
3362 1974 3483 2024 ἀντὶ
3540 1974 3665 2036 τοῦ,
3722 1976 4038 2043 ἐξαιρέτως,

2452 2061 2545 2113 καὶ
2591 2061 2848 2129 μάλιστα.
2902 2062 3190 2115 Βασιλείαν
3246 2062 3301 2113 δὲ
3361 2063 3498 2115 Θεοῦ
3565 2065 3715 2131 λέγει
3772 2065 3889 2123 νῦν,
3942 2068 4042 2133 τὴν

2452 2150 2756 2202 ἀπόλαυσιν
2807 2151 2916 2202 τῶν
2951 2151 3190 2203 αἰωνίων
3253 2153 3497 2218 ἀγαθῶν.
3556 2156 3928 2222 Δικαιοσύνην
3987 2157 4040 2206 is

2454 2242 2639 2304 αὐτοῦ,
2676 2240 2773 2309 τὴν
2808 2242 3093 2295 δικαίωσιν
3122 2244 3221 2312 τὴν
3252 2247 3382 2313 παρ’
3415 2246 3603 2309 αἰτοῦ,
3650 2248 3734 2296 ἵνα
3768 2247 4037 2315 δικαιώσῃ

2456 2334 2599 2401 ὑμᾶς
2628 2334 2788 2395 αὑτός
2823 2350 2837 2363 ·
2960 2337 3059 2402 τὴν
3094 2335 3204 2404 (54)
3233 2336 3575 2403 κατόρθωσιν
3618 2338 3717 2403 τῆς
3760 2338 4038 2389 δικαιοτύ·

2454 2440 2572 2491 νης,
2601 2425 2720 2493 ἦτοι
2748 2425 2846 2493 τῆς
2869 2425 3096 2478 καθόλου
3130 2429 3353 2496 ἀρετῆς,
3401 2428 3449 2479 δί
3484 2431 3547 2496 ἢν
3583 2428 3782 2480 δίκαιοι
3816 2430 4036 2495 γινόμε-

2456 2512 2571 2583 θα.]
2587 2514 2646 2566 Et
2668 2514 2778 2583 γὰρ
2795 2514 2923 2583 περί
2948 2515 3154 2569 τούτων
3175 2520 3394 2581 αἰτεῖτε,
3414 2519 3583 2569 ὅντων
3610 2520 3925 2585 ἀναγκαίων
3942 2520 4039 2585 τῆς

2455 2606 2653 2673 ψυχῆς,
2675 2605 2849 2658 ταῠτά
2886 2622 2945 2657 τε
2978 2604 3159 2669 δώσει,
3201 2608 3293 2660 καὶ
3323 2610 3621 2678 προσθήσει
3648 2613 3740 2662 καὶ
3771 2613 3834 2662 τὰ
3872 2612 4040 2676 ἀναγ-

2457 2702 2588 2750 καῖα
2608 2696 2702 2750 τοῦ
2724 2697 2994 2766 σώματος.
3026 2701 3134 2752 Καὶ
3159 2702 3265 2767 γὰρ
3294 2702 3383 2752 καὶ
3401 2702 3596 2764 ὀπίσω,
3617 2702 3672 2753 ὲν
3704 2698 3785 2764 οἷς
3810 2703 4037 2766 ἐδίδαξε,

2457 2786 2573 2850 πῶς
2590 2787 3178 2858 δεῐεθχεσθαι,πρῶτον
3195 2791 3292 2856 μὲν
3310 2787 3426 2841 εἰπε
3447 2792 3648 2858 λέγειν,
3668 2793 3852 2860 Πάτερ
3879 2794 4043 2858 ἡμῶν

2459 2880 2491 2929 ό
2523 2878 2593 2929 ἐν·
2648 2876 2774 2940 τοῖς
2822 2879 3122 2944 οὐρανοῖς,
3160 2881 3502 2945 ἁγιασθήτω
3559 2880 3625 2931 τὸ
3671 2879 3859 2945 ὄνομά
3899 2896 4037 2939 σου,

2458 2968 2677 3021 ἐλθέτω
2723 2969 3075 3035 ήβασιλεία
3136 2984 3278 3031 σου,
3329 2971 3635 3038 γενηθήτω
3694 2972 3759 3022 τὸ
3815 2971 4044 3035 θέλημά

2460 3075 2597 3122 σου,
2626 3060 2706 3124 ὡς
2737 3063 2805 3113 ἐν
2830 3060 3064 3127 οὐρανῷ
3099 3064 3192 3114 καί
3220 3062 3316 3113 ἐπὶ
3351 3062 3459 3126 τῆς
3505 3061 3637 3129 γῆς’
3716 3063 3904 3113 ἔπειτα
3960 3062 4039 3121 δὲ,

2468 3151 2577 3201 Τὸν
2599 3150 2782 3217 ἄρτον
2801 3149 2969 3217 ἡμῶν
2996 3151 3101 3201 τὸν
3126 3151 3442 3202 ἐπιούσιον
3467 3151 3571 3215 δὸς
3593 3150 3737 3218 ἡμῖν
3754 3152 4041 3218 σήμερον.

2460 3241 2533 3291 Οὐ
2562 3241 2669 3309 γὰρ
2719 3241 2810 3293 διὰ
2849 3240 3013 3295 τοῦτο,
3069 3243 3399 3310 γεγόναμεν,
3454 3242 3542 3294 ἵνα
3595 3244 3887 3311 ἐσθίωμεν,
3950 3245 4044 3293 καὶ

2459 3340 2723 3405 πίνωμεν,
2760 3339 2853 3391 καὶ
2889 3338 3229 3406 ὲνδυώμεθα,
3268 3338 3387 3390 ἀλλ’
3420 3339 3506 3389 ἵνα
3564 3340 4041 3408 εὐαρεστήσαντες

2458 3434 2629 3501 αὐτῷ,
2661 3432 2773 3485 τῶν
2798 3433 3037 3485 αἰωνίων
3067 3432 3472 3499 ἀπολαύσωμεν
3506 3432 3758 3500 ἀγαθῶν.

2531 3526 2626 3577 Διά
2682 3524 2842 3575 τοῦτο
2901 3525 3136 3593 μάλιστα
3166 3523 3272 3593 χρὴ
3328 3522 3515 3591 ζητεῖν
3548 3524 3645 3575 καὶ
3676 3524 3811 3592 ὑπὲρ
3849 3522 4042 3593 τούτου

2461 3611 2662 3679 μᾶλλον
2691 3614 2882 3663 αἰτεῖν.
2902 3591 3090 3663 -Τοῦτο
3259 3591 3366 3679 γὰρ
3407 3614 3502 3681 ἐὰν
3542 3612 3617 3680 μὴ
3650 3591 3928 3681 ζητῶμεν,
3981 3611 4043 3660 οὐ

2457 3702 2639 3754 δώσει’
2670 3704 2739 3754 τά
2768 3704 2813 3753 δ’
2848 3704 3119 3769 ἀναγκαῖα
3158 3702 3252 3754 τοῦ
3281 3709 3555 3770 σώματος,
3614 3704 3708 3754 καὶ
3736 3703 4042 3762 αἰτοῦντες,

2460 3797 2555 3846 καὶ
2609 3796 2683 3863 μὴ
2744 3795 3028 3857 αἰτοῦντες
3065 3794 3444 3864 λαμϐάνομεν,
3488 3796 3574 3846 διὰ
3624 3794 3721 3864 τὴν
3782 3795 4043 3846 σύστασιν

2458 3887 2550 3940 τοῦ
2614 3887 2892 3956 σώματος,
2945 3888 3020 3951 ῶς
3071 3888 3169 3940 καὶ
3198 3888 3267 3940 τά
3318 3888 3527 3941 ἄπιστα
3572 3886 3725 3955 ἔθνη.
3762 3888 3859 3939 Δια
3892 3886 4047 3937 τοῦτο

2458 3980 2571 4047 γὰρ
2631 3976 2807 4044 εἷπεν,
2858 3980 2940 4031 ὅτι
2983 3979 3488 4047 Προστεθήσεται.
3549 3980 3712 4031 Ὥστε
3760 3979 3857 4047 οὐχ
3906 3979 4046 4045 ὑπὲρ

2459 4074 2649 4125 τούτου
2674 4075 2779 4144 χρὴ
2826 4075 3119 4143 μεριμνᾷν,
3159 4071 3187 4124 ὃ
3222 4074 3315 4124 καὶ
3373 4073 3445 4142 μὴ
3486 4074 3866 4142 μεριμνῶντες
3904 4070 4044 4138 λαμ-

2459 4166 2718 4234 6ἀνομεν,
2763 4164 2880 4218 ἀλλ’
2929 4165 3075 4233 ὑπὲρ
3109 4164 3342 4216 ἐκείνου.
3406 4164 3514 4216 Καὶ
3573 4164 3623 4214 εἰ
3666 4164 3733 4214 τὰ
3766 4165 4042 4228 ἀναγκαῖοι

2460 4258 2552 4310 τοῦ
2610 4258 2864 4324 σώματος
2913 4256 3171 4326 παρέχει,
3214 4257 3309 4309 καὶ
3376 4257 3451 4324 μὴ
3507 4255 3805 4307 αἰτούντων
3864 4258 4043 4323 ἡμῶν,

2458 4350 2599 4403 διατί
2652 4349 2961 4419 προσέταξε
3000 4350 3188 4419 ζητεῖν
3249 4349 3341 4401 τὸν
3395 4348 3561 4417 ἀρτον
3610 4348 3703 4399 τὸν
3730 4348 4041 4409 ἑπιούσιονς

2462 4438 2706 4502 Πάντως,
2744 4438 2831 4489 ἴνα
2865 4437 2955 4489 διὰ
3010 4436 3113 4507 τῆς
3144 4436 3404 4506 τοιαύτης
3443 4435 3719 4504 αἰτήσεως
3771 4435 4045 4503 ὁμολογῶο

754 4531 980 4585 tialem?
1006 4531 1123 4583 Non
1172 4531 1337 4584 aliam
1370 4531 1441 4585 ob
1481 4546 1723 4593 causam,
1758 4546 1921 4598 quam
1970 4537 2030 4582 ut
2080 4528 2168 4582 tali
2208 4526 2349 4596 peti-
2388 4556 2428 4609 ο
2462 4550 2510 4602 με

2283 4526 2349 4579 li-
2388 4556 2428 4609 ο
2462 4549 2582 4602 μεν,
2634 4534 2717 4585 ὅτι
2771 4531 2936 4592 αὑτός
2980 4532 3131 4583 ἔστιν
3180 4532 3208 4581 ὁ
3260 4528 3482 4598 τρέφων
3534 4529 3701 4596 ἡμᾶς,
3738 4530 3831 4579 καὶ
3874 4529 3973 4595 οὐχ
4007 4529 4039 4595 ἡ

754 4625 905 4677 tiouc
958 4624 1232 4677 fateamur
1276 4624 1453 4692 ipsum
1506 4639 1649 4688 esse,
1692 4624 1785 4693 qui
1846 4639 1946 4676 nos
1975 4622 2083 4675 alat
2122 4637 2135 4672 :
2182 4630 2350 4688 utque

752 4717 857 4773 hoc
894 4718 1240 4782 conﬁtentes,
1281 4716 1372 4771 tali
1426 4718 1596 4770 animi
1656 4716 1989 4787 gratitudine
2052 4714 2353 4767 familiares

752 4809 1081 4866 efﬁciamur.

830 4902 987 4958 Vers.
1026 4902 1117 4956 56.
1153 4901 1233 4955 Ne
1271 4930 1343 4942 —
1384 4905 1467 4955 sui
1507 4902 1693 4971 ipsius.
1732 4900 1867 4957 Cum
1930 4899 2186 4970 superius
2221 4899 2353 4952 sitn-

2458 4626 2662 4695 σπουδὴ
2720 4624 2900 4694 ἡμῶν,
2943 4622 3039 4675 καὶ
3073 4621 3159 4673 ἵνα
3204 4620 3367 4673 τοῦτο
3396 4619 3573 4682 οὕτως
3626 4620 4045 4689 ὁμολογοῦντες,

2453 4720 2776 4787 οἰκειότεροι
2813 4712 3097 4783 γινώμεθα
3141 4711 3229 4765 διὰ
3259 4710 3371 4781 (55)
3434 4710 3534 4779 τὴν
3592 4710 4043 4779 εὐγνωμοσύνην.

2534 4892 2998 4965 Μὴ-ἐαυτῆς,
3040 4891 3253 4945 Ὀπίσω
3312 4886 3483 4941 εἰπὼν
3539 4883 3752 4965 ἀπλῶς,
3817 4884 3900 4935 ὅτι
3948 4880 4045 4949 Μὴ

755 4997 971 5066 pliciter
994 4994 1359 5049 dixissetzNe
1385 4996 1599 5049 solliciti
1624 4996 1764 5057 sitis,
1801 4993 2088 5048 videbatur
2122 4992 2344 5045 univer-
2448 5011 2511 5063 με

2292 5007 2344 5040 Γ·
2448 4990 2883 5063 μεριμνήσητε,
2927 4985 3103 5039 ἐδόκει
3140 4980 3424 5039 παντελῶς
3458 4979 3757 5031 ἰκκόπτειν
3788 4975 3889 5043 τὴν
3943 4975 4044 5066 με·

752 5088 940 5143 saliter
983 5103 1205 5142 omnem
1238 5102 1432 5142 eorum
1455 5103 1574 5156 quae
1610 5087 1825 5155 corpori
1857 5085 2167 5139 necessaria
2192 5095 2342 5147 sunt,

752 5192 1068 5251 amputasse
1126 5196 1339 5237 curam.
1382 5180 1569 5249 Itaque
1624 5179 1975 5234 manifestius
2010 5178 2099 5231 hic
2151 5178 2340 5237 docet,

857 5339 904 5372 ⁸⁸
927 5339 1123 5393 Mattn.
1154 5354 1227 5400 τι.
1259 5344 1418 5391 υ-ει.

2454 5062 2655 5149 ριμναν
2684 5077 2797 5130 τῶν
2826 5074 3143 5143 ἀναγκαίων
3198 5070 3295 5123 τοῦ
3364 5069 3639 5137 σώματος·
3690 5066 3885 5117 λοιπὸν
3947 5062 4041 5117 οὗ)

2452 5170 2691 5225 ἐνταῦθα
2711 5170 2951 5224 διδάσκει
2984 5164 3385 5241 φανερώτερον,
3417 5162 3502 5215 ὅτι
3526 5159 3625 5232 τὴν
3682 5158 3783 5228 μὶν
3832 5158 3923 5209 επὶ
3975 5156 4054 5231 τῇ

1953 5402 2152 5463 Variae
2188 5400 2501 5461 lectiones
2541 5404 2600 5460 et
2643 5404 2834 5459 notua.

820 5576 935 5643 (54)
968 5573 1181 5628 lnclnsa
1213 5574 1414 5627 omittit
1456 5574 1515 5627 Β.
1556 5570 1755 5643 Eadem
1780 5568 1845 5643 in
1904 5568 2341 5643 tuargiuc_inve-

751 5637 907 5703 norat
936 5644 1258 5699 llentenius.
1299 5644 1438 5715 Ergo
1473 5646 1525 5697 in
1560 5645 1664 5696 line
1700 5641 1863 5710 hujus
1894 5637 2087 5691 scholit
2116 5638 2336 5693 addide-

2446 5574 2548 5619 rat.
2587 5564 2988 5617 lievocavimus
3024 5577 3154 5631 ergo
3190 5561 3254 5615 ad
3293 5574 3457 5614 suum
3487 5559 3686 5614 locum.

2522 5634 2634 5697 (35)
2676 5635 2774 5702 τῆς
2811 5632 3254 5701 εὐγνωμοσύνης.
3289 5633 3353 5685 Α.

826 5812 938 5879 (an)
984 5806 1047 5860 Et
1080 5808 1151 5860 ad
1186 5810 1279 5861 hoc
1309 5838 1374 5847 —-
1406 5809 1588 5861 vivere.
1630 5805 1924 5872 Propterea
1962 5803 2062 5856 huc
2102 5804 2338 5855 maxime
2376 5809 2586 5869 ttpttrit'l
2621 5812 2887 5865 qurrcre.
