4446 6442
398 393 503 458 257

1286 394 1672 453 COMMENT.
1719 395 1797 453 IN
1840 394 2314 454 MA'I‘I‘deM.
2354 420 2420 431 —
2460 380 2619 454 (αλιι.
2662 397 2786 453 vn.

3577 402 3684 464 258

398 503 894 575 ἑνεστὼσηήμὲρα
925 505 1221 571 συγχωρεῖ,
1270 502 1345 563 ὠς
1380 502 1711 568 ἀναγκαίαν,
1750 503 1839 554 διὰ
1890 502 1989 569 τὴν
2020 505 2063 559 Α
2094 516 2154 568 qu

1924 502 1989 569 ὴν
2020 505 2063 559 Α
2094 502 2241 568 quod
2267 517 2387 554 eam
2420 517 2573 563 sane,
2621 502 2834 582 guarde
2882 501 3149 555 hodierno
3201 503 3287 555 die
3333 514 3439 565 est,
3491 522 3676 561 curam

398 597 685 647 ἐσῦἑνειαν
718 594 812 645 τοῦ
873 593 1145 661 σώματος·
1179 593 1279 660 τὴν
1331 591 1386 642 δὲ
1413 592 1511 659 τῆς
1542 592 1733 660 αἴθριον
1767 596 1980 659 ἀπαγο-

402 686 571 754 ρεύει.
600 685 673 746 ὡς
706 687 993 753 περιττήν.
1032 683 1095 734 ἸΙ
1127 683 1237 751 γὰρ
1268 682 1459 750 αὔριον
1508 685 1689 751 ἡμέρα
1735 683 1844 746 {ait
1888 682 1981 733 καὶ

403 778 546 841 αὑτὴ
582 775 742 826 πάλιν
800 776 905 843 τὴν
961 774 1230 841 μέριμναν
1267 774 1376 823 τῶν
1434 774 1655 841 ἑαυτῆς,
1687 775 1874 843 ἤγουν,
1908 767 1983 824 ὧν

399 871 460 917 ἐν
490 869 626 936 αὐτῇ
661 866 853 935 χρῄζει
890 867 919 917 6
957 864 1265 933 ἄνθρωπος.
1299 865 1455 926 Τινὲς
1499 864 1555 916 ὀί
1592 882 1775 932 φασιν,
1809 866 1984 917 ὀπίσω

404 976 505 1024 μεν
560 956 843 1029 παντελῶς
878 955 1110 1021 meum
1142 956 1241 1023 τὴν
1275 955 1572 1024 μέριμναν,
1602 954 1689 1008 διὰ
1722 956 1847 1016 τοὺς
1895 955 1984 1004 δυ-

400 1048 619 1109 νατούς*
643 1046 879 1099 ἐνταῦθα
904 1046 982 1105 δι.
1016 1050 1377 1115 συγχωρῆσαι
1410 1046 1512 1113 τὴν
1546 1047 1646 1113 τῆς
1678 1045 1985 1113 ἐνεστώσης

402 1142 643 1207 ἡμέρας,
682 1139 769 1191 διὰ
799 1138 927 1201 τοὺς
964 1137 1417 1207 ἀσθενεστέρους.

488 1419 774 1485 Ἀρκετύν
796 1448 868 1457 —
892 1417 1107 1485 αὐτῆς.
1164 1418 1383 1470 Κακίαν
1415 1417 1654 1470 ἐνταῦθα
1685 1420 1858 1487 λέγει.
1891 1422 1991 1489 τὴν

405 1510 703 1576 μέριμναν,
741 1508 834 1559 τὸν
868 1508 1060 1573 κόπον,
1125 1508 1223 1570 τὰς
1283 1510 1671 1576 ὲπιγινομένας
1730 1511 1991 1561 ἑκάστοτε

407 1601 719 1668 συμφοράς,
779 1599 923 1666 ἅπερ
955 1597 1223 1666 ἀρκοῦσιν
1272 1600 1434 1668 αὐτῇ.
1474 1601 1566 1651 καὶ
1592 1600 1652 1651 οὐ
1677 1601 1782 1668 χρὴ
1822 1615 1991 1669 προσ-

398 1691 583 1742 Θείναι
638 1688 733 1741 καὶ
788 1691 889 1757 τὴν
925 1690 1206 1759 μέριμναν
1236 1692 1334 1757 τῆς
1370 1690 1583 1759 αῦριον,
1630 1696 1724 1743 καὶ
1753 1692 1999 1743 καταδα-

404 1782 589 1849 ρὺνειν
620 1780 816 1848 αὐτὴν,
848 1780 923 1842 ὡς
959 1780 1033 1849 μὴ
1062 1780 1327 1833 δύνασθαι
1352 1781 1715 1850 χρησιμεύειν
1753 1784 1885 1849 ἡμῖν
1916 1785 1994 1840 si;

2084 594 2391 662 permittat,
2424 605 2681 660 tanquam
2711 604 2933 661 propter
2968 595 3216 661 corporis
3244 596 3678 651 imbecillitatem

2085 685 2458 738 necessariam
2490 701 2503 737 :
2536 700 2655 737 eam
2694 699 2825 736 vero
2851 701 2969 751 quze
2996 686 3063 737 de
3115 688 3359 740 crastino
3414 700 3517 749 est.
3562 700 3676 743 tan-

2085 792 2249 844 quam
2280 775 2611 843 superﬂuam
2642 776 2895 843 denegat.
2956 776 3241 829 Crastinus
3267 780 3414 830 enim
3447 780 3586 839 dies.
3623 792 3676 833 et

2088 863 2203 932 ipse
2235 878 2423 916 rmsus
2480 864 2562 916 sui
2619 864 2788 929 ipsius
2835 878 3023 915 curam
3059 864 3309 925 habebit.
3340 868 3453 920 sive
3488 884 3679 921 eorum

2087 948 2285 1015 quibus
2318 951 2371 1001 in
2430 951 2547 1018 ipso
2598 966 2738 1026 opus
2791 953 2895 1005 erit
2925 954 3151 1005 bomini.
3203 954 3434 1017 Quidam
3490 968 3675 1011 autem

2091 1042 2303 1102 (licunt,
2338 1043 2592 1109 superius
2612 1043 2834 1109 quidem
2885 1058 3101 1097 onmem
3134 1045 3523 1098 universaliter
3552 1066 3670 1100 am-

2092 1143 2313 1200 putasse
2353 1149 2562 1195 curam,
2599 1133 2763 1200 idque
2803 1134 2869 1186 ad
2909 1134 3263 1201 perfectiores
3312 1137 3494 1205 dirigi.
3584 1138 3683 1190 llic

2094 1235 2272 1277 autem
2300 1240 2417 1277 eam
2440 1225 2767 1288 cont-edere,
2802 1242 2920 1293 qum
2963 1228 3246 1293 praesentis
3281 1236 3364 1281 est
3394 1228 3527 1289 diei,
3562 1244 3683 1296 pro-

2096 1326 2215 1383 pter
2246 1316 2567 1367 imbecilles.

2170 1402 2326 1456 Vers.
2361 1403 2447 1455 54.
2494 1402 2692 1469 Sufficit
2722 1431 2791 1439 --
2814 1418 2989 1454 suum.
3024 1401 3332 1456 Malumliie
3363 1416 3521 1457 vocat
3578 1419 3675 1456 cu-

2099 1511 2234 1556 ram,
2275 1494 2551 1546 miseriam
2590 1502 2641 1546 et
2668 1492 3007 1547 calamitates
3038 1508 3159 1561 quae
3194 1494 3437 1563 undique
3482 1510 3682 1562 prove-

2100 1587 2287 1646 niunt,
2324 1586 2541 1652 ipsique
2578 1584 2880 1645 sulliciunt,
2910 1600 3008 1636 nec
3039 1593 3252 1651 oportet
3303 1586 3411 1637 diei
3447 1587 3690 1637 crastino

2099 1676 2260 1725 ctiam
2292 1676 2491 1726 addere
2523 1674 2974 1733 sollicitudinem,
3036 1675 3325 1743 ipsumque
3374 1690 3690 1743 aggravare.

2102 1781 2223 1817 cum
2266 1767 2315 1817 id
2350 1766 2509 1817 nobis
2544 1766 2678 1817 utile
2712 1781 2833 1817 esse
2872 1782 2978 1817 non
3019 1768 3195 1832 possit
3225 1768 3289 1819 ad
3326 1782 3549 1834 operam
3578 1767 3691 1833 spi-

400 1844 673 1942 ἀργασῖαν
715 1844 1116 1942 πνευματικὴν.
1171 1844 1492 1942 Κακία-’γάρ
1520 1844 1862 1940 λέγεται,ηοὺ
1898 1876 1995 1943 μό·
2029 1844 2067 1895 Β
2100 1856 2156 1907 "il

1940 1876 1995 1925 ό,
2029 1844 2067 1895 Β
2100 1856 2368 1908 ritualem.
2410 1857 2621 1908 Dicitur
2674 1857 2819 1907 enim
2866 1856 3067 1907 malum
3112 1866 3166 1908 et
3201 1859 3345 1924 quod
3382 1857 3469 1908 hic
3521 1856 3690 1907 κακία

405 1980 500 2015 νον
534 1964 569 2032 ἡ
604 1961 870 2031 πονηρία,
902 1961 1039 2015 ἀλλά
1076 1964 1170 2015 καὶ
1191 1964 1258 2015 τά
1290 1962 1549 2032 ρηθέντα.
1586 1964 1697 2017 Kal
1741 1968 1849 2035 γὰρ
1902 1970 1996 2017 καὶ

402 2054 463 2103 ἰν
494 2052 674 2112 ἄλλοις
708 2053 925 2120 εἴρηται
950 2052 1139 2117 κακία,
1178 2056 1210 2121 ὴ
1265 2052 1527 2121 θεήλατος
1579 2056 1718 2124 ὀργὴ
1757 2059 1846 2105 καὶ
1893 2055 1995 2124 μά-

402 2143 549 2207 στιε.
615 2145 738 2195 Οὐκ
792 2142 925 2196 ἐστι
984 2144 1115 2214 γάρ,
1159 2145 1314 2212 φησι,
1350 2146 1527 2196 κακία
1556 2145 1625 2197 ἐν
1673 2149 1869 2207 πόλει,
1919 2145 1998 2213 ῆν

403 2240 621 2305 Κύριος
643 2239 754 2289 οὐκ
778 2236 1051 2302 ἐποίησε.
1085 2237 1193 2288 Kal
1216 2232 1372 2299 αὖθις
1402 2253 1414 2265 ·
1445 2238 1613 2305 Ἐγὼ,
1637 2241 1788 2306 φησὶ,
1811 2238 1998 2291 ποιῶν

401 2330 655 2394 εἰρήνην
709 2326 807 2378 καί
859 2325 1067 2385 κτίζων
1121 2326 1299 2390 κακὰ,
1356 2326 1479 2378 ἀντὶ
1507 2328 1624 2388 τοῦ,
1661 2327 1853 2397 λιμοὺς
1902 2329 1999 2381 καὶ

403 2422 650 2490 λοιμοὺς,
687 2421 782 2472 καὶ
824 2420 893 2471 τὰ
921 2418 1169 2500 τοιαιξτα.
1214 2420 1326 2472 Kal
1378 2420 1486 2490 γάρ
1542 2420 1817 2487 εἰώθαμεν
1851 2422 1997 2475 κακά

404 2510 726 2578 ὀνομάζειν,
754 2514 849 2562 καὶ
879 2510 949 2561 τὰ
982 2510 1205 2580 λυπηρά
1235 2512 1329 2563 καὶ
1362 2512 1674 2566 κακωτικά.

477 2684 576 2750 Μὴ
610 2712 679 2721 -
704 2680 962 2748 κριθῆτε.
990 2680 1180 2752 [Φησὶν
1203 2683 1313 2753 (56)
1346 2685 1375 2735 6
1404 2687 1819 2759 Χρυσόστομος,
1844 2692 1901 2744 ἐν
1932 2695 1997 2763 τῇ

406 2776 677 2848 ἑρμηνεία
714 2780 811 2845 τῆς
864 2776 1001 2844 πρὸς
1038 2776 1325 2846 Ἐϐραίους
1381 2780 1728 2850 Ἐπιστολῆς.
1760 2785 1843 2837 ὅτι
1897 2786 1954 2837 τό
1982 2804 1996 2818 ·

407 2867 505 2933 Μὴ
540 2867 791 2935 κρίνετε,
825 2866 926 2917 ἵνα
965 2864 1051 2932 μὴ
1105 2864 1368 2933 κριθῆτε,
1400 2868 1529 2934 περὶ
1578 2868 1695 2936 βίου
1744 2872 1996 2935 ὲστὶν,οὑ

410 2960 541 3028 περὶ
585 2958 846 3020 πίστεως.
898 2956 1130 3018 Ὁμοίως
1180 2957 1236 3008 δὲ
1278 2958 1375 3009 καὶ
1408 2958 1493 3023 τὸ,
1530 2958 1736 3013 Πάντα
1773 2962 1892 3015 ὅσα
1925 2963 2002 3017 ἂν

405 3049 825 3120 λέγωσινὺμῖν
844 3048 1060 3113 ποιεῖν,
1081 3048 1323 3102 ποιεῖτε.
1344 3050 1418 3102 Τδ
1438 3052 1570 3121 γὰρ,
1586 3054 1803 3121 ποιεῖν,
1823 3056 1999 3125 ἔργων

409 3144 583 3206 ὲστίν,
605 3144 718 3196 ἀλλ’
742 3143 805 3196 σὺ
838 3140 1126 3213 πίστεως.]

483 3322 684 3394 Κρίσιν
709 3323 765 3375 δὲ
783 3322 1041 3386 ἐνταῦθα,
1063 3325 1163 3391 τὴν
1187 3326 1517 3394 κατάκρισιν
1541 3326 1757 3393 νόησον.
1784 3328 2005 3395 Ταύτην

409 3415 523 3483 γὰρ
548 3413 942 3484 ὲφερμηνεύων
960 3416 986 3465 6
1007 3416 1224 3474 Λουκᾶς
1254 3411 1376 3466 εἷπε
1395 3432 1407 3444 ·
1433 3416 1529 3482 Μὴ
1562 3418 2001 3483 καταδικάζετε,

410 3506 515 3558 καί
539 3510 612 3559 οὺ
632 3506 717 3574 μὴ
764 3504 1271 3573 καταδικασθῆτε.
1316 3508 1425 3558 Kal
1456 3510 1503 3559 εἰ
1540 3508 1615 3577 μὴ
1649 3510 2005 3562 καταδικάσει

411 3620 498 3663 τις
528 3601 620 3652 τὸν
653 3599 1062 3668 ἁμαρτάνοντα,
1094 3596 1209 3652 οἷον
1244 3600 1430 3670 ἄρχων
1491 3603 1589 3671 μὲν
1638 3606 1730 3655 τὸν
1763 3605 2008 3673 ἀρχόμε-

409 3713 526 3755 νον,
576 3694 759 3762 πατὴρ
817 3694 875 3745 δὲ
938 3694 1029 3745 τὸν
1080 3693 1216 3756 υίὸν,
1262 3694 1531 3763 δεσπότης
1561 3695 1617 3745 δὲ
1656 3695 1746 3747 τὸν
1798 3695 2006 3761 δοῦλον,

408 3784 668 3835 ἐπιδώσει
703 3783 922 3844 πάντως
952 3786 985 3851 ὴ
1020 3783 1211 3847 κακία,
1242 3785 1335 3835 καὶ
1368 3784 1522 3837 latas
1548 3786 1837 3855 σύγχυσις,
1870 3789 2009 3841 Ἀλλ’

409 3878 471 3927 οὔ
511 3892 574 3926 πε
589 3879 640 3944 pl
687 3876 891 3943 ταύτης
922 3876 1019 3943 τῆς
1055 3875 1435 3947 κατακρίσεως
1471 3878 1623 3944 λέγει
1648 3879 1765 3945 νῦν,
1792 3882 1890 3947 τῆς
1924 3900 2012 3949 φι.

410 3969 656 4033 λαγάυου
725 3969 822 4019 καὶ
873 3966 1267 4039 διορθωτικῆς·
1301 3970 1507 4037 προῖὼν
1537 3972 1644 4039 γάρ
1681 3973 2010 4037 ἐνετείλατο,

411 4062 512 4113 καὶ
542 4060 786 4128 ἐλέγχειν
840 4059 1007 4125 οὕτω,
1039 4061 1133 4112 xal
1164 4060 1411 4130 δεσμεῖν·
1444 4060 1664 4130 Ὕπαγε
1695 4065 1824 4133 γάρ,
1853 4066 2012 4134 φησι,

412 4150 513 4203 καὶ
557 4150 814 4219 ἔλεγξον
860 4151 1049 4205 αὐτόν
1074 4166 1089 4181 ’
1124 4153 1217 4206 καὶ
1266 4151 1452 4215 αὖθις·
1478 4155 1636 4208 Ὅσα
1668 4156 1745 4209 ἂν
1782 4158 2015 4227 δήσητε

2100 1948 2318 2006 dicitur,
2360 1962 2465 1999 non
2491 1947 2669 1999 solum
2702 1946 2918 2009 vitium,
2949 1947 3043 1999 sed
3076 1956 3130 1999 et
3162 1962 3225 1999 ea
3272 1962 3393 2015 quae
3425 1948 3587 2000 modo
3607 1947 3694 1999 di-

2097 2048 2181 2093 cta
2217 2049 2363 2091 sunt.
2400 2038 2679 2106 Siquidem
2714 2038 2767 2088 in
2803 2038 2924 2090 aliis
2955 2053 3171 2105 quoque
3202 2038 3339 2091 locis
3394 2039 3595 2091 dicitur
3640 2049 3695 2090 et

2098 2133 2287 2191 κακία,
2327 2132 2426 2189 ira.
2460 2132 2575 2183 sive
2646 2130 2916 2200 ﬂagellum
2954 2146 2981 2182 a
3018 2133 3125 2183 Deo
3183 2132 3469 2185 incitatum
3503 2150 3517 2185 ι
3578 2132 3699 2185 Non

2097 2234 2195 2287 est,
2252 2225 2447 2291 inquit,
2488 2223 2713 2278 malum.
2760 2224 2899 2291 quod
2931 2223 3188 2275 Dominus
3230 2240 3331 2274 non
3402 2224 3584 2292 fecerit
3626 2226 3695 2277 ".

2099 2317 2166 2371 Et
2203 2330 2395 2369 rursus
2441 2330 2457 2367 :
2498 2315 2630 2384 Ego,
2684 2326 2777 2375 ait,
2806 2316 3004 2383 faciens
3064 2331 3245 2383 pacem
3290 2325 3335 2368 et
3364 2332 3551 2368 creans
3582 2332 3700 2368 ma-

2099 2406 2211 2460 lum
2264 2408 2333 2470 ",
2372 2408 2471 2457 hue.
2522 2415 2626 2468 est,
2682 2406 2871 2482 latntes,
2924 2417 3103 2472 pestes
3136 2422 3197 2458 ac
3237 2406 3457 2459 similia.
3502 2406 3700 2461 Tr.stia

2099 2501 2247 2551 enim
2280 2507 2333 2551 et
2373 2496 2725 2550 amictionetn
2782 2497 3091 2561 aﬂerenlia,
3156 2498 3553 2551 consuevimus
3602 2500 3693 2552 di-

2101 2605 2228 2645 cere
2256 2589 2417 2641 mala.

2171 2679 2304 2748 Cap.
2334 2679 2439 2737 VII,
2467 2694 2613 2732 vers.
2634 2678 2685 2732 1.
2708 2678 3289 2747 Nolite—judicemini.
3313 2679 3351 2747 -ῒ
3375 2678 3703 2748 DicitCliry-

2102 2783 2379 2827 sostomus
2439 2774 2491 2826 in
2572 2773 2917 2838 expositione
2984 2772 3241 2840 Epistulae
3327 2774 3391 2824 ad
3448 2772 3707 2827 Hebraeos

2102 2866 2232 2919 illud
2272 2881 2284 2917 :
2320 2864 2500 2916 Nolite
2542 2864 2789 2931 judiCare
2849 2879 2910 2915 ne
2961 2864 3274 2931 judicemini
3339 2864 3408 2927 ",
3477 2867 3544 2917 de
3600 2867 3708 2919 vita

2102 2954 2229 3016 diei,
2290 2966 2399 3004 non
2443 2952 2510 3004 de
2577 2950 2701 3003 ﬁde.
2762 2949 3024 3003 Similiter
3075 2959 3131 3003 et
3194 2951 3325 3005 illud
3376 2968 3389 3004 :
3441 2934 3709 3015 Quacuu-

2103 3060 2201 3113 que
2258 3044 2487 3095 dixerint
2553 3042 2697 3093 vobis
2757 3051 2811 3093 ut
2873 3044 3111 3103 servetis,
3160 3055 3371 3095 servat:
3425 3057 3472 3096 et
3525 3046 3706 3110 facile,

2022 3169 2075 3236 ο
2108 3138 2153 3167 ὀ
2199 3136 2447 3196 verbum,
2479 3142 2536 3185 ut
2576 3134 2813 3198 sewetis,
2870 3134 2937 3187 de
2997 3134 3258 3202 operibus
3299 3150 3443 3201 csse,
3493 3152 3602 3190 non
3641 3137 3711 3191 de

2110 3228 2236 3283 ﬁde.

2180 3319 2457 3373 Judiciuin
2495 3319 2601 3372 hoc
2634 3318 2754 3372 loco
2784 3334 2884 3387 pro
2936 3320 3399 3375 condemnatione
3453 3323 3713 3393 accipito.

2113 3413 2203 3467 Sic
2226 3414 2373 3466 enim
2405 3414 2799 3479 interpretatur
2827 3417 3020 3474 Lucas,
3090 3412 3278 3465 dicens
3318 3432 3329 3465 :
3380 3413 3561 3467 Nolite
3591 3431 3717 3466 cou-

2110 3508 2380 3567 demnarc,
2438 3513 2484 3556 et
2548 3518 2652 3555 non
2714 3503 3198 3555 condcmnubimini
3238 3504 3305 3556 ³⁸.
3347 3502 3549 3557 Verum
3606 3506 3715 3559 nisi

2112 3599 2445 3651 condemnet
2479 3595 2601 3664 quis
2661 3611 2785 3648 eum
2852 3596 2944 3662 qui
2982 3598 3247 3664 peccavit,
3328 3600 3490 3653 veluti
3526 3600 3571 3651 is
3622 3601 3715 3669 qui

2114 3700 2313 3761 praeest
2333 3690 2803 3756 subditum,pater
2828 3687 3019 3753 ﬁlium,
3053 3699 3145 3742 aut
3166 3689 3424 3745 dominus
3452 3706 3673 3745 servum
3700 3708 3714 3745 :

2113 3782 2459 3853 augebuntur
2490 3780 2718 3833 omnino
2758 3780 2906 3843 vitia,
2951 3780 3166 3849 eritque
3198 3796 3382 3834 rerum
3438 3782 3716 3837 confusio.

2116 3873 2227 3928 Sed
2267 3874 2352 3927 bic
2384 3887 2491 3925 non
2519 3872 2759 3940 loquitur
2792 3873 2858 3925 dc
2893 3872 3210 3939 bujusmodi
3246 3874 3717 3930 condemnatione

2115 3982 2235 4037 qua:
2255 3968 2456 4020 bonum
2498 3974 2666 4027 amat,
2703 3972 2757 4017 et
2784 3966 2929 4034 quod
2965 3980 3193 4033 pravum
3231 3977 3315 4019 cst
3354 3966 3601 4038 corrigit.
3661 3968 3718 4020 In

2117 4060 2480 4126 sequentibus
2510 4058 2656 4110 enim
2690 4059 2848 4126 jubet
2872 4062 3035 4111 etiam
3065 4073 3299 4128 arguere
3326 4060 3429 4112 hoc
3458 4061 3624 4114 modo
3657 4078 3719 4115 ac

2121 4151 2292 4221 ligare
2328 4168 2341 4203 :
2406 4149 2527 4213 Abi,
2559 4150 2758 4218 inquit.
2792 4158 2838 4201 et
2872 4166 3038 4219 argue
3092 4150 3313 4215 eum“;
3347 4158 3402 4203 et
3452 4166 3669 4204 rursum
3707 4170 3721 4205 ;

412 4242 516 4294 ἐπι
544 4240 656 4309 τῆς
688 4240 822 4309 τῆς,
856 4242 1033 4296 ἔσται
1062 4242 1355 4313 δεδεμένα
1383 4246 1454 4298 ἐν
1481 4245 1563 4310 τῷ
1601 4250 1859 4317 οὐρανῷ.
1901 4252 2015 4305 Νῦν
2120 4244 2166 4309 Ω

1964 4252 2015 4305 ἓν
2120 4244 2459 4314 Ωιιωειιηίιιιε
2516 4244 2809 4313 ligaveritis
2870 4261 3031 4313 super
3090 4253 3291 4297 terram
3345 4256 3498 4297 erum
3552 4247 3720 4314 ligata

411 4335 470 4385 δὲ
505 4335 531 4385 6
560 4334 719 4400 λόγος
748 4334 810 4386 οὐ
843 4335 978 4405 πρὸς
1011 4335 1125 4405 (57)
1174 4338 1302 4399 τοὺς
1356 4338 1627 4408 ἄρχοντάς
1680 4343 1848 4407 ἐστιν,
1878 4345 2016 4398 ἀλλὰ
2121 4340 2167 4392 in

1968 4348 2016 4398 ,ἀ
2121 4340 2177 4392 in
2232 4339 2360 4391 cwlo
2388 4339 2454 4391 η.
2488 4335 2587 4391 llic
2637 4347 2822 4390 autem
2858 4352 3041 4389 sermo
3075 4352 3185 4389 non
3217 4338 3282 4389 ad
3314 4352 3411 4390 eos
3451 4337 3542 4405 qui
3584 4354 3724 4405 pra:-

416 4427 558 4497 πρὸς
598 4430 726 4489 τοὺς
776 4428 1140 4497 ἀρχομένους,
1173 4432 1457 4501 παραινῶν
1490 4436 1565 4503 μὴ
1602 4435 1723 4487 ἀντὶ
1761 4438 1855 4489 τοῦ
1896 4438 2016 4506 pu-
2124 4448 2172 4487 δι

1970 4439 2016 4491 ί·
2124 4440 2255 4487 sunt
2310 4432 2599 4502 dirigitur.
2658 4418 2755 4483 Sed
2782 4431 2849 4484 ad
2898 4430 3196 4482 subditos:
3246 4445 3480 4483 monens
3522 4445 3591 4483 ne
3635 4446 3726 4497 qm

420 4520 647 4571 πειν’τά
672 4522 870 4583 οἰκεῖα,
898 4522 993 4572 καὶ
1042 4522 1429 4586 καταδικάζειν
1480 4527 1731 4591 ἑαυτοὺς,
1758 4530 1893 4600 ὀρᾷν
1946 4534 2016 4584 τὰ
2048 4515 2097 4575 Ῑ)
2127 4543 2176 4596 pl

1973 4534 2016 4584 ’ἁ
2048 4515 2097 4575 Ι)
2127 4526 2346 4596 propria
2381 4526 2587 4578 debent
2616 4524 2913 4593 inspicere,
2950 4539 3012 4575 ac
3051 4524 3268 4591 scipsos
3291 4523 3616 4590 diiudicare,
3648 4524 3729 4574 in-

422 4614 703 4682 ά>.λότρια,
732 4616 824 4664 καὶ
856 4612 1212 4683 κατακρίνειν
1244 4616 1486 4685 ἑτέρους.

491 4707 632 4773 Φησὶ
680 4708 791 4775 γὰρ
822 4708 915 4758 xal
940 4705 1149 4771 Παῦλος
1179 4710 1207 4761 6
1260 4709 1579 4775 ἀπόστολος,
1610 4713 1692 4766 ὅτι
1752 4718 1821 4768 £1
1858 4717 2014 4784 ἐκρί-

419 4814 609 4865 νομεν
666 4798 940 4863 ἑαυτοὺς,
984 4801 1093 4852 οὐκ
1155 4799 1232 4852 ἂν
1288 4801 1659 4872 ἐκρινόμεθα.
1714 4808 1866 4860 Ἐστι
1898 4811 1952 4863 δὲ
1987 4814 2014 4864 6

419 4891 579 4957 λόγος
613 4893 706 4942 καὶ
731 4892 867 4959 προς
900 4893 1026 4953 τοὺς
1056 4891 1271 4961 μεγάλα
1298 4894 1397 4962 μὲν
1446 4896 1557 4965 ἀμα
1571 4900 1888 4966 ρτάνοντας,
1912 4920 2012 4954 κα-

415 4983 773 5052 τακρίνοντας
802 4983 858 5035 δὲ
894 4986 1020 5045 τοὺς
1054 4988 1225 5053 μικρά
1251 4986 1682 5055 σφαλλομένους.
1712 4991 1872 5055 Λέγει
1901 4997 2011 5065 γάρ

414 5075 620 5145 ἐφεξῆς
641 5094 654 5106 ·
696 5077 755 5128 Τί
780 5076 1036 5141 βλέπεις
1068 5076 1134 5128 τὸ
1175 5077 1401 5146 κάρφος
1429 5080 1583 5133 τὸέν
1614 5081 1694 5146 τῷ
1728 5084 2017 5155 ὀφθαλμῷ

415 5167 524 5219 τοῦ
552 5166 821 5236 ἀδελφοῦ
843 5184 983 5229 σου,
1008 5168 1123 5234 τὴν
1139 5166 1207 5221 δὲ
1228 5169 1297 5221 ἐν
1313 5169 1392 5235 τῷ
1410 5168 1499 5233 σῷ
1524 5172 1813 5244 ὀφθαλμῷ
1836 5176 2020 5231 δοκὸν

527 5354 572 5382 ’⁸
594 5354 760 5405 Amos
788 5368 866 5409 Ill,
913 5352 976 5405 (ΒΓ

1081 5354 1122 5383 "
1156 5354 1261 5410 lsa.
1316 5372 1439 5420 XLV,
1480 5359 1534 5414 7.

423 5428 505 5478 ιῖι.
595 5424 638 5453 ⁸¹
672 5423 803 5476 ibid.
844 5426 926 5476 18.

1015 5424 1059 5455 ³³
1088 5424 1102 5477 Ι
1132 5426 1258 5477 Cur.
1287 5444 1360 5492 λι,
1388 5430 1475 5483 51,

1610 5367 1613 5372 ’
1648 5367 1693 5398 ’⁸
1722 5366 1913 5422 Matth.
1946 5387 2096 5437 xxtn,
2139 5372 2191 5423 5.

2152 4620 2395 4688 spiciam
2420 4617 2619 4679 aliena,
2652 4634 2715 4668 ac
2740 4615 3048 4683 diiudicent
3075 4614 3230 4665 alios.

2198 4712 2413 4765 Namet
2432 4709 2637 4763 Paulus
2668 4708 2947 4777 apostolus
2986 4707 3119 4759 dicit
3155 4724 3168 4759 :
3208 4706 3264 4759 Si
3291 4707 3542 4773 uosipsos
3578 4707 3728 4773 diju-

2126 4807 2451 4866 dicaremus,
2489 4818 2824 4871 nequaquam
2854 4800 3281 4861 diiudicaremur
3348 4799 3417 4849 ⁸³.
3462 4798 3726 4865 Dirigitur

2125 4914 2346 4969 quoque
2379 4910 2561 4951 sermo
2588 4905 2645 4948 et
2670 4895 2737 4947 ad
2785 4908 2878 4947 eos
2925 4892 3017 4960 qui
3048 4908 3171 4947 cum
3205 4894 3258 4944 in
3291 4894 3592 4959 majoribus
3646 4890 3733 4943 υί-

2130 4996 2379 5054 fendant,
2430 4991 2801 5044 condemnant
2834 5001 2929 5041 eos
2985 4988 3075 5055 qni
3121 4987 3173 5039 in
3208 4987 3394 5055 parvis
3450 4986 3729 5039 labuntur.

2133 5090 2276 5144 Dicit
2307 5087 2455 5141 enim
2499 5084 2685 5137 statim
2735 5082 2789 5134 in
2828 5081 3192 5149 sequentibus
3229 5099 3240 5133 :
3300 5080 3439 5143 Quid
3516 5080 3736 5146 inspicis

2132 5184 2390 5250 festucam
2458 5179 2512 5229 in
2587 5174 2737 5229 oculo
2778 5173 2965 5242 fratris
3019 5174 3115 5235 tui,
3162 5173 3359 5225 trabem
3389 5183 3568 5225 autem
3617 5186 3736 5239 quia

2736 5367 2778 5395 ³ο
2813 5364 3039 5420 Lutum,
3074 5359 3162 5411 117.

2308 5372 2353 5401 "
2393 5368 2529 5421 iliid.
2569 5368 2597 5415 7
2736 5367 2778 5395 ³ο
2813 5364 3039 5420 Lutum,
3074 5359 3162 5411 117.
3277 5361 3315 5390 "
3348 5358 3535 5411 Matth.
3582 5371 3735 5423 x_vm,

1631 5546 1830 5607 Varia:
1864 5546 2173 5609 lectiones
2215 5557 2274 5609 et
2308 5557 2504 5609 noue.

494 5709 605 5779 (56)
646 5708 857 5761 inclusa
888 5707 941 5760 in
984 5711 1227 5778 margine
1261 5710 1423 5764 habet
1451 5711 1516 5763 Α.
1582 5711 1785 5765 Eadem
1832 5715 1884 5767 in
1923 5714 2029 5767 line

421 5783 588 5850 hujus
634 5779 828 5834 νουσιιί
868 5780 1143 5849 adjeccrat
1184 5779 1507 5841 Ilentenius.
1542 5780 1727 5836 itidem
1767 5802 1830 5837 ex
1876 5800 2022 5837 mar-

2142 5716 2266 5785 gine
2297 5714 2377 5768 sui
2407 5714 2632 5767 codicis.

2208 5787 2318 5856 (57)
2357 5786 2501 5849 τούς,
2544 5786 2697 5839 abest
2728 5804 2789 5838 ιι.
2828 5795 2900 5837 Ita
2929 5798 3144 5853 quoque
3177 5782 3341 5852 paulo
3368 5792 3507 5853 pos:.
