4446 6442
738 402 843 471 331

811 519 969 572 νοτε.
1022 515 1110 569 15.
1173 511 1339 563 Amen
1396 533 1467 545 ——
1518 498 1617 556 illi.
1673 502 1774 556 Per
1829 498 2106 555 civitatem
2158 495 2321 549 etiam
2353 506 2398 559 Α

737 612 923 665 vicum
981 601 1323 677 significavit.
1379 596 1621 651 Sodoma
1665 602 1849 647 autem
1903 602 1957 645 et
2016 587 2320 643 Gomorrlia

740 704 990 759 civitates
1019 699 1147 752 olim
1204 707 1416 763 magna:
1478 705 1543 744 ac
1605 688 1884 759 populosa:
1929 692 2137 739 erant:
2201 694 2323 751 qua

738 802 964 865 propter
986 790 1208 843 nimiam
1260 782 1544 839 libidinem
1597 775 2026 834 inhabitantium
2086 771 2323 827 maxima

737 860 1051 939 calamitate
1088 876 1325 931 redacta:
1353 881 1484 927 sunt
1518 870 1573 924 in
1603 868 1879 939 pulveres,
1929 865 2056 936 igne
2102 860 2325 917 cmlitus

738 974 1147 1044 conﬂagranle;
1207 976 1264 1023 et
1308 968 1507 1021 horum
1562 959 1895 1031 supplicium
1962 971 1993 1009 a
2050 954 2162 1008 Deo
2218 951 2325 1005 illis

738 1041 1066 1123 immissum,
1118 1058 1315 1127 quovis
1392 1053 1500 1107 alio
1564 1045 1973 1105 formidabilius
2038 1041 2324 1097 videbatur

736 1171 800 1210 ac
852 1155 897 1211 si
926 1162 1073 1208 terra
1138 1152 1233 1203 illa
1264 1148 1332 1203 ad
1367 1149 1472 1201 hoc
1528 1154 1701 1212 usque
1732 1150 1951 1207 tempus
1990 1133 2321 1190 inﬂammata

734 1248 1007 1307 videatur,
1047 1253 1313 1307 suamque
1344 1234 1610 1305 praedicet
1646 1230 2038 1286 calamitatem.

805 1337 907 1393 llic
941 1350 1072 1391 vero
1098 1334 1235 1388 dicit
1300 1326 1557 1384 Christus
1624 1323 1844 1394 gravius
1868 1334 1965 1375 eos
1992 1314 2321 1389 puniendos,

732 1429 822 1498 qui
855 1442 963 1481 non
993 1421 1334 1492 exceperint,
1368 1434 1472 1473 nec
1519 1416 1795 1471 audierint
1839 1410 2007 1465 verba
2051 1405 2324 1477 apostolo-

733 1536 876 1574 rum.
906 1516 1145 1572 Sodoma
1180 1514 1327 1568 cnim
1361 1520 1416 1565 et
1474 1505 1781 1563 Gomorrha
1837 1516 2017 1571 neque
2061 1498 2322 1553 miracula

731 1614 1003 1674 viderant,
1046 1608 1191 1662 sicut
1244 1605 1330 1658 isti
1380 1605 1717 1655 innumera:
1768 1608 1945 1663 neque
1999 1591 2066 1645 ad
2120 1601 2324 1643 terram

733 1707 949 1759 illorum
979 1698 1289 1768 discipulia
1322 1694 1610 1748 Salvatan
1659 1689 1812 1741 missi
1876 1688 2116 1740 fuerant.
2185 1680 2324 1735 Cum

2005 382 2391 447 EUTHYMII
2432 379 2792 442 ZIGABENI

2509 490 2697 560 Ἀμην
2718 520 2785 530 ...
2807 487 3037 557 ἐκείνῃ.
3058 490 3159 544 Διὰ
3185 489 3283 560 τῆς
3312 488 3541 551 πόλεως.
3565 488 3660 545 καὶ
3687 489 3786 558 τὴν
3816 492 4011 564 κώμην

2428 585 2685 653 ἐδήλωσε.
2706 583 2785 634 Τά
2812 582 2865 635 δὲ
2885 583 3095 651 Σόδομα
3117 584 3212 636 καὶ
3240 583 3307 635 τά
3332 582 3603 653 Γόμορρα.
3629 583 3797 637 πάλαι
3830 585 4011 646 πόλεις

2427 670 2584 728 οὖσαι
2610 672 2845 743 μεγάλαι
2873 673 2968 725 καὶ
2998 673 3587 743 πολυανθρωπόταται.
3612 675 3701 728 διὰ
3726 674 3827 746 τὴν
3849 676 4007 728 ἀσέλ-

2426 784 2579 835 γειαν
2620 765 2801 817 αὐτῶν
2836 764 3188 835 πανωλεθρίᾳ
3229 765 3763 836 κατετεφρώθησαν.
3791 768 4017 833 οὐρανό-

2430 857 2523 910 θεν
2557 855 2666 926 (19)
2699 856 3080 925 κατενεχθέντι
3110 855 3270 927 πυρί.
3296 856 3411 910 Καὶ
3447 856 3656 910 τούτων
3686 858 3718 927 η
3750 857 4017 927 θεήλατος

2428 948 2569 1019 αὕτη
2606 948 2830 1011 κόλασις
2864 947 3223 1017 φοϐερωτέρα
3262 948 3443 1020 πάσης
3492 949 3667 1003 ἐδόκει
3709 952 3898 1014 πᾶσιν,
3921 952 4016 1005 ass

2428 1042 2520 1094 καὶ
2550 1043 2649 1109 τῆς
2680 1039 2785 1111 γῆς
2811 1039 3031 1108 ἐκείνης
3058 1039 3189 1109 ἀχρι
3222 1040 3320 1093 καὶ
3379 1040 3476 1094 νῦν
3538 1042 4015 1115 ιμπεπρησμόνης

2427 1132 2785 1202 φαινομένης,
2814 1132 2911 1186 καὶ
2936 1130 3317 1203 κηρυττούσης
3340 1132 3441 1203 τὴν
3466 1133 3676 1187 οίκείαν
3704 1134 4015 1204 συμφοράν.

2511 1222 2675 1276 Ἀλλά
2724 1221 2821 1277 νῦν
2852 1225 2881 1277 ό
2919 1222 3156 1293 Χριστὸς
3210 1223 3519 1295 βαρύτερον
3577 1227 4020 1298 κολασθήσεσθαι

2427 1313 2577 1383 λέγει
2600 1314 2727 1379 τοὺς
2746 1313 2822 1387 μὴ
2840 1315 3185 1385 δεχομένους,
3208 1316 3334 1386 μηδ’
3351 1316 3652 1381 ἀκούοντας
3678 1320 3802 1381 τοὺς
3828 1320 4021 1385 λόγους

2427 1412 2535 1465 τῶν
2569 1413 2912 1477 ἀποστόλων,
2937 1412 3074 1465 διότι
3109 1412 3179 1488 τά
3211 1413 3418 1482 Σόδομα
3470 1414 3568 1468 καὶ
3617 1415 3697 1467 τά-
3737 1414 4017 1486 Γόμορρα,

2428 1503 2550 1557 οὕτε
2578 1505 2831 1574 θαύματα
2874 1500 3035 1569 εἶδον,
3058 1505 3134 1567 ὡς
3162 1498 3309 1558 οὗτοι
3342 1508 3535 1577 μυρία,
3559 1508 3682 1559 οὕτε
3728 1513 3867 1578 πρὸς
3924 1510 4021 1578 τὴν

2429 1599 2533 1665 γῆν
2556 1599 2737 1653 αὐτῶν
2765 1599 3005 1670 μαθηταὶ
3037 1602 3187 1668 παρά
3215 1600 3310 1652 τοῦ
3339 1601 3590 1670 Σωτῆρος
3614 1603 4022 1672 ἀπεστάλησαν.

2428 1688 2615 1741 Είπὼν
2638 1690 2717 1752 δὲ,
2747 1690 2830 1743 ὅτι
2862 1690 3274 1756 Ἀνεκτότερον
3299 1690 3475 1745 ἔσται
3506 1693 3580 1760 τῇ
3617 1693 3899 1762 Σοδόμων
3922 1694 4020 1747 καί

732 1808 914 1858 autem
941 1794 1078 1847 dixit
1105 1808 1117 1844 :
1146 1786 1500 1848 Tolerabilius
1546 1784 1645 1835 erit
1680 1788 1837 1833 teme
1890 1775 2245 1831 Sodomorum
2276 1778 2325 1826 et
2355 1791 2402 1851 Β
2432 1782 2488 1833 Γγ

2276 1778 2325 1826 ετ
2355 1791 2402 1851 Β
2432 1782 2841 1850 Γομόρῤωνέν
2871 1783 3066 1850 ἡμέρᾳ
3107 1783 3386 1850 κρίσεως,
3413 1785 3706 1853 ιδήλωσεν,
3734 1787 3815 1839 ὅτι
3850 1788 3943 1840 καὶ
3967 1788 4025 1840 ιν

733 1883 1147 1941 Gomorrltorum
1178 1881 1235 1932 in
1258 1874 1572 1944 dicjudicii,
1603 1869 1933 1941 significavit
1956 1866 2119 1921 etiam
2150 1865 2207 1918 in
2230 1862 2319 1917 fu-

734 1986 859 2029 turo
886 1970 1087 2028 saeculo
1110 1968 1424 2023 Sodomitas
1451 1973 1505 2017 et
1527 1958 1908 2017 Gomorrbitas
1934 1971 2057 2012 esse
2090 1954 2326 2025 punien—

733 2068 833 2121 dos
854 2084 866 2120 :
889 2073 943 2119 et
966 2063 1092 2117 hinc
1111 2057 1460 2114 manifestum
1477 2064 1561 2108 est
1579 2052 1826 2123 quaedam
1848 2056 2066 2120 peccata
2089 2056 2144 2104 et
2164 2046 2252 2101 hic
2270 2052 2327 2099 et

733 2158 807 2212 ibi
839 2170 961 2210 esse
996 2149 1273 2224 punienda

806 2247 1123 2313 Timeamus
1142 2255 1273 2311 ergo
1301 2248 1351 2294 et
1382 2251 1484 2292 nos
1517 2231 1831 2306 huiusmodi
1862 2230 2063 2293 minas,
2086 2227 2325 2283 scientes

730 2338 877 2411 quod
902 2334 1084 2390 omnis
1105 2332 1197 2401 qui
1230 2344 1339 2384 non
1376 2335 1582 2391 servat,
1605 2339 1785 2394 neque
1820 2322 1950 2377 facit
1974 2334 2095 2391 qua:
2122 2318 2324 2373 docue-

734 2440 863 2489 runt
893 2426 1147 2499 apostoli,
1177 2421 1532 2477 manifestum
1569 2427 1655 2473 est
1701 2415 1847 2487 quod
1882 2428 2065 2484 neque
2095 2411 2326 2481 suscipit

729 2540 849 2591 eos,
888 2535 1069 2591 neque
1105 2517 1321 2572 illorum
1354 2512 1509 2569 audit
1558 2524 1867 2566 sermones.
1924 2505 2108 2572 Quare
2140 2512 2324 2558 autem

730 2632 843 2674 uno
907 2629 1019 2669 non
1078 2606 1438 2678 suscipiente,
1491 2604 1748 2657 universa
1792 2599 1985 2653 civitas
2050 2593 2325 2667 punienda

730 2708 856 2764 est?
881 2705 1017 2770 Quia
1052 2699 1485 2766 caeteriquoque
1508 2691 1760 2747 videntes
1787 2704 1896 2743 non
1921 2686 2329 2757 prohibuerunt

732 2802 906 2855 illum.
931 2796 1034 2863 Qui
1060 2803 1243 2848 autem
1261 2802 1371 2851 non
1388 2783 1763 2855 suscipiebant
1779 2779 2078 2851 apostolos,
2109 2776 2327 2849 publice

731 2909 827 2951 eos
859 2888 1226 2961 cxpellebant.

806 3008 961 3064 Vers.
1002 3003 1089 3059 18.
1127 3000 1263 3056 Ecce
1294 3029 1364 3043 --
1409 2997 1679 3066 luporum.
1709 2990 2005 3060 Postquam
2048 2987 2157 3043 illis
2226 3002 2325 3040 au-

732 3102 947 3158 daciam
979 3094 1170 3167 injecit
1198 3076 1297 3164 per
1322 3105 1386 3145 ea
1417 3104 1539 3159 qua:
1566 3085 2011 3145 denuntiaverat,
2064 3089 2119 3135 et
2158 3080 2327 3135 duros

730 3210 794 3249 ac
825 3188 1212 3247 adamantinos
1242 3182 1518 3239 reddidit:
1545 3177 1790 3250 praedicit
1835 3178 2000 3231 etiam
2033 3189 2183 3228 nunc
2207 3188 2327 3243 qua!

732 3288 839 3341 illis
862 3293 1093 3339 ventura
1116 3286 1267 3342 sunt,
1288 3290 1400 3330 non
1427 3273 1604 3329 solum
1630 3286 1750 3340 quae
1780 3269 1944 3340 paulo
1971 3276 2117 3338 post,
2135 3280 2326 3321 verum

730 3381 895 3434 etiam
923 3391 1043 3446 quae
1078 3376 1240 3440 longo
1300 3375 1427 3439 post
1470 3376 1740 3435 tempore.
1800 3360 2046 3415 Primum
2106 3359 2327 3429 quidem

728 3480 791 3525 ut
860 3460 1372 3536 virnprmscientia:
1454 3457 1630 3526 ipsius
1696 3460 2076 3524 cognoscant;
2118 3448 2327 3504 deinde

731 3576 961 3620 verone
993 3557 1286 3628 patientes,
1322 3551 1674 3619 suspicentur
1732 3561 1854 3601 sese
1902 3548 2015 3599 haec
2074 3543 2207 3614 pati,
2261 3542 2330 3597 ob

729 3656 854 3726 ejus
883 3651 976 3721 qui
1012 3648 1133 3702 illos
1160 3646 1307 3701 misit
1350 3641 1783 3697 imbecillitatem
1812 3656 1828 3705 ;
1863 3637 2023 3692 tertio
2051 3645 2113 3691 ut
2142 3636 2328 3690 audito

730 3748 996 3820 primum,
1028 3739 1178 3811 quod
1208 3736 1345 3793 mala
1393 3734 1605 3806 passuri
1646 3731 1777 3796 sint,
1835 3730 2047 3785 facilius
2088 3739 2330 3798 postmo-

726 3843 858 3897 dum
880 3838 1083 3892 ferant.
1130 3830 1288 3894 Ecce,
1331 3827 1531 3898 inquit,
1599 3841 1691 3897 ego
1732 3824 1883 3879 mitto
1920 3840 2028 3888 vos,
2071 3831 2329 3893 tanquam

730 3950 846 3989 oves
883 3933 937 3985 in
998 3927 1169 3982 medio
1219 3923 1489 3992 luporum.
1549 3919 1660 3988 Ego
1708 3918 1799 3988 qui
1841 3916 2023 3972 omnia
2081 3931 2327 3987 possum,

730 4027 889 4081 mitto
922 4037 1039 4087 vos,
1084 4010 1540 4072 utmordeamini
1608 4023 1672 4063 ac
1726 4006 2097 4071 dilaniemini;
2150 4020 2329 4075 neque

730 4112 1094 4175 ulciscamini,
1117 4116 1211 4164 aut
1234 4119 1429 4162 manus
1447 4110 1818 4173 repugnantes
1835 4098 2331 4169 obiiciatis.Qnam-

728 4207 959 4266 obrem?
1014 4204 1155 4271 Quia
1181 4201 1353 4272 magis
1385 4200 1456 4253 ita
1514 4192 1748 4251 vincetis
1772 4235 1786 4259 ,
1815 4202 1871 4247 et
1922 4192 2080 4261 lupos
2113 4192 2167 4246 in
2197 4205 2328 4245 oves

731 4294 1189 4355 transmulabitis.
1224 4287 1561 4357 Quomodo?
1595 4284 1710 4341 Mea
1741 4286 1963 4351 virtute,
1996 4297 2116 4353 qum
2148 4282 2329 4337 omnia

731 4390 921 4451 vincit,
955 4394 1244 4451 vestraque
1275 4376 1718 4440 mansuetudine,
1745 4390 1865 4444 qua:
1921 4383 1979 4428 ut
2031 4373 2327 4443 plurimum

2427 1872 2507 1942 τῷ
2553 1873 2800 1941 μέλλοντι
2835 1872 2996 1926 αίῶνι
3033 1875 3083 1925 oi
3118 1874 3406 1944 Σοδομίται
3438 1877 3537 1928 καὶ
3581 1876 3910 1947 Γομορρἰται
3946 1893 4027 1929 τι·

2432 1965 2883 2035 μωρηθήσονται.
2923 1965 3242 2020 Κάντεῦθεν
3283 1967 3539 2037 φανερὸν,
3569 1968 3644 2034 ὥς
3672 1985 3818 2034 τινες
3851 1972 4017 2041 ἀμαρ-

2427 2057 2543 2110 τίαι
2573 2056 2666 2111 καὶ
2696 2057 2952 2122 ἐνταῦθα,
2980 2058 3077 2112 καὶ
3108 2060 3230 2112 εκεῖ
3263 2059 3610 2123 κολάζονται.

2500 2239 2837 2310 Φοσηθῶμεν
2868 2236 2965 2295 οὖν
2993 2240 3091 2293 καὶ
3122 2243 3286 2311 ἡμεῖς
3333 2242 3435 2310 τὴν
3478 2245 3743 2316 τοιαύτην
3773 2248 4027 2319 ἀπειλὴν,

2430 2333 2655 2396 εἰδότες,
2681 2334 2764 2387 ὅτι
2818 2334 2926 2395 πᾶς
2974 2333 3002 2386 ό
3034 2334 3111 2403 μὴ
3144 2334 3447 2401 φυλάττων,
3478 2336 3616 2405 μηδι
3668 2339 3837 2393 ποιῶν
3883 2344 4030 2413 ἅπερ

2431 2423 2679 2489 ἐδίδαξαν
2732 2426 2782 2477 οί
2826 2425 3142 2488 ἀπόστολοι,
3200 2427 3491 2497 πρόδηλον,
3521 2428 3597 2492 ὼς
3628 2431 3775 2485 ὀὐδε
3810 2434 4027 2503 δέχεται

2430 2516 2677 2603 τούτους,
2709 2516 2834 2570 οὔτε
2883 2518 3071 2571 ἀκούει
3106 2516 3233 2581 τοὺς
3266 2518 3458 2588 λόγους
3515 2523 3717 2577 αὐτῶν.
3763 2528 3917 2578 Διατί
3947 2530 4029 2593 δὲ,

2431 2609 2550 2671 ἑνὸς
2612 2608 2687 2679 μὴ
2743 2610 3066 2679 δεξαμένου,
3112 2613 3263 2664 πᾶσα
3298 2612 3331 2680 ἡ
3385 2613 3540 2677 πόλις
3590 2615 4025 2687 κολασθήσεταις

2432 2705 2579 2755 Διότι
2609 2704 2703 2757 καὶ
2738 2703 2788 2754 οί
2819 2703 3000 2755 λοιποὶ
3038 2702 3354 2771 βλέποντες,
3392 2706 3492 2758 ούκ
3529 2707 3811 2762 ἐκώλυσαν
3840 2714 4027 2768 αὐτόν.

2432 2796 2496 2848 Οἱ
2526 2796 2635 2866 γὰρ
2671 2797 2745 2865 μὴ
2781 2796 3217 2866 παραδεχόμενοι
3248 2798 3376 2860 τοὺς
3404 2798 3767 2869 ἀποστόλους,
3790 2804 4031 2880 δημοσίᾳ

2430 2889 2658 2951 τούτους
2693 2889 3029 2959 ἀπήλαυνον.
3062 2893 3067 2897 ’

2518 2979 2673 3034 Ἰδοὺ
2710 3012 2771 3020 -
2797 2984 3022 3037 λύκων.
3045 2984 3337 3057 Θαρρύνας
3364 2988 3587 3055 αὐτοὺς,
3611 2989 3678 3043 δι’
3708 2980 3783 3044 ὧν
3813 2991 4031 3061 παρήγ-

2432 3074 2603 3141 γειλε,
2634 3074 2728 3126 καὶ
2762 3078 3027 3147 στερροὺς
3061 3082 3152 3131 καὶ
3188 3080 3596 3150 ἀδαμαντίνους
3622 3083 4028 3152 ἐργασάμενος,

2435 3165 2623 3220 λοιπὸν
2690 3168 2950 3238 προλέγει
3000 3173 3093 3225 καὶ
3145 3173 3212 3226 τὰ
3270 3175 3674 3246 συμϐησόμενα
3708 3161 3939 3241 τούτοις,
3966 3180 4029 3232 οὐ

2437 3262 2598 3329 μόνον
2663 3262 2728 3314 τὰ
2798 3264 2994 3333 μικρὸν
3062 3264 3311 3336 ὕστερον,
3362 3269 3499 3321 ἀλλά
3557 3270 3653 3323 καὶ
3692 3269 3761 3323 τά
3819 3274 4032 3342 μακρὸν

2435 3352 2684 3424 ὕστερον.
2714 3355 2939 3425 Πρῶτον
2978 3357 3099 3426 μὲν,
3133 3359 3221 3411 ἵνα
3283 3360 3500 3430 μάθωσι
3534 3362 3633 3431 τὴν
3669 3363 3903 3433 δύναμιν
3935 3365 4038 3434 τῆς

2435 3447 2800 3550 προγνώσεως
2839 3448 3008 3501 αὑτοῦ
3033 3466 3045 3481 -
3072 3450 3333 3521 δεύτερον
3364 3454 3442 3517 δὲ,
3470 3454 3556 3508 ἵνα
3595 3456 3920 3527 πάσχοντες,
3956 3461 4034 3529 μὴ

2434 3539 2811 3599 ὑποπτεύωσι,
2863 3540 2933 3593 δι’
2984 3541 3274 3596 ἀσθένειαν
3330 3546 3423 3597 τοῦ
3485 3549 3802 3618 πέμψαντος
3857 3549 4030 3605 ταῦτα

2437 3631 2697 3699 πάσχειν·
2733 3633 2939 3703 τρίτον.
2966 3634 3052 3687 ἵνα
3094 3639 3531 3705 προακηκοότες,
3564 3643 3645 3695 ὅτι
3704 3646 4029 3716 κακοπαθή-

2436 3740 2613 3786 σουσι,
2650 3726 2780 3795 ῥᾷον
2832 3729 2951 3779 τότε
2985 3729 3225 3798 φέροιεν.
3282 3729 3679 3802 ’1ὃοὺ,φησὶν,
3730 3736 3844 3803 ἐγὼ
3879 3739 4031 3792 ἁπο-

2434 3818 2671 3870 στέλ.ίω
2701 3818 2877 3886 ὑμᾶς,
2896 3819 2976 3886 ὡς
3000 3822 3268 3888 πρόϐατα
3296 3822 3366 3877 ἐν
3399 3825 3569 3893 μέσῳ
3592 3828 3797 3881 λύκων
3814 3846 3826 3859 η
3862 3832 3971 3899 ἐγὼ

2435 3911 2616 3964 πάντα
2656 3910 2994 3982 δυνάμενος·
3027 3913 3171 3968 ὥστε
3232 3916 3523 3972 δάκνεσθαι
3557 3920 3703 3989 ὑμᾶς
3738 3925 3836 3975 καὶ
3890 3940 4032 3979 σπα-

2436 4003 2734 4075 ράττεσθαι
2766 4005 2921 4074 παρὰ
2953 4007 3061 4060 τῶν
3095 4007 3586 4077 ἐπιδουλευόντων,
3616 4014 3691 4084 μὴ
3723 4014 4031 4083 ἀμύνεσθαι

2432 4096 2511 4161 δὲ,
2542 4096 2667 4168 μηδ’
2688 4097 3088 4169 ἀντιμάχεσθαι
3112 4103 3234 4163 ταῖς
3258 4100 3637 4171 χερσί.Διατί;
3662 4106 3805 4163 Διότι
3830 4109 4033 4178 μᾶλλον

2432 4188 2578 4243 οὕτω
2635 4193 2885 4259 νικήσετε
2942 4191 3045 4253 καὶ,⁴
3092 4193 3454 4261 μεταϐαλεῖτε
3529 4198 3655 4258 τοὺς
3701 4197 3901 4263 λύκους
3950 4203 4032 4267 είς

2434 4283 2704 4354 πρόϐατα.
2727 4283 2879 4349 Πῶςς
2904 4284 3016 4355 Τῆς
3046 4286 3185 4355 ἐμῆς
3206 4287 3493 4358 δυνάμεως
3520 4290 3581 4342 τὸ
3607 4292 3721 4344 πᾶν
3749 4310 3999 4365 κατεργα
4024 4324 4035 4336 -

2434 4376 2691 4447 ζομένης,
2724 4379 2818 4431 καὶ
2850 4379 2951 4446 τῆς
2987 4379 3265 4450 ὑμετέρας
3292 4380 3347 4433 δὲ
3389 4382 3701 4453 πραότητος
3750 4387 4031 4459 χαλώσης,

727 4484 1078 4540 ferocitatem
1134 4490 1199 4529 ac
1246 4469 1638 4527 truculentiam
1696 4467 1999 4522 infidelium
2028 4466 2325 4521 submittit.
2356 4474 2407 4535 ι)
2435 4470 2483 4522 ὠ

2272 4468 2325 4521 it.
2356 4474 2407 4535 ι)
2435 4470 2511 4533 ὠς
2545 4469 2613 4524 τὰ
2651 4470 2844 4534 πολλὰ,
2876 4472 2937 4524 τὸ
2968 4473 3163 4542 ἄγριον
3214 4477 3309 4527 καὶ
3362 4476 3584 4544 φονικὸν
3615 4477 3724 4532 τῶν
3758 4480 4028 4537 ἀπίστων.

726 4576 919 4645 Neque
987 4569 1135 4624 enim
1177 4565 1435 4623 ferocitas
1514 4577 1611 4632 per
1658 4560 2021 4624 ferocitatem,
2082 4560 2178 4615 sed
2227 4576 2327 4631 per

726 4661 1216 4721 mansuetudinem
1256 4654 1502 4712 submitti
1564 4654 1721 4708 solet.
1770 4650 1903 4706 Nam
1940 4660 2157 4722 Oportet
2197 4668 2325 4707 eum

728 4760 822 4830 qui
853 4756 1105 4811 medetur
1146 4751 1376 4813 insanis,
1407 4748 1681 4819 patienter
1710 4744 1928 4798 illorum
1972 4744 2119 4798 ferre
2181 4744 2325 4813 inju-

731 4856 860 4911 vias,
894 4848 1065 4903 solam
1118 4859 1229 4915 pra
1277 4844 1451 4897 oculis
1512 4840 1765 4895 habendo
1825 4838 2206 4893 liberatiduem
2258 4836 2326 4891 ab

729 4941 965 4997 insania.
1012 4936 1077 4991 Et
1114 4952 1215 4990 nos
1262 4949 1392 5003 ergo
1447 4933 1550 4987 nisi
1606 4932 1788 4985 ovium
1842 4930 2323 4984 mansuetudinem

726 5040 994 5089 adversus
1064 5028 1409 5084 ferocitatem
1487 5025 1728 5087 illorum,
1775 5024 1866 5093 qui
1940 5038 2041 5076 nos
2102 5022 2333 5085 laedunt,

727 5122 1204 5196 proposuerimus,
1235 5132 1577 5188 nequaquam
1606 5116 1841 5185 pastoris
1873 5115 2044 5169 nostri
2069 5115 2330 5168 auxilium

724 5220 967 5274 habituri
1021 5230 1231 5273 sumus.
1301 5212 1585 5283 Siquidem
1620 5212 1829 5273 ovium,
1886 5224 1992 5261 non
2048 5210 2327 5279 luporum,

719 5319 910 5380 pastor
933 5318 1037 5363 est.

2436 4564 2511 4617 Οὐ
2552 4564 2660 4635 γὰρ
2707 4563 3012 4635 θρασύτητι
3046 4566 3348 4637 θρασύτης,
3385 4568 3503 4622 ἀλλ’
3557 4570 3831 4644 ἐπιεικείᾳ
3861 4590 4035 4629 κατα.

2438 4657 2759 4711 στέλλεσθαι
2810 4657 2988 4712 εῐωθε.
3021 4659 3141 4731 Χρὴ
3196 4662 3305 4731 γὰρ
3342 4665 3433 4715 τὸν
3492 4665 3810 4735 ἰατρεύοντα
3851 4686 4033 4743 μεμη-

2438 4749 2596 4813 νότας
2662 4751 3034 4822 μακροθύμως
3093 4753 3285 4825 φέρειν
3338 4754 3438 4819 τάς
3493 4760 3786 4828 παροινίας
3823 4762 4029 4829 αὐτῶν,

2436 4842 2573 4911 πρὸς
2598 4844 2776 4914 μόνην
2806 4844 3020 4916 όρῶντα
3056 4845 3154 4917 τὴν
3184 4850 3281 4917 τῆς
3315 4848 3511 4918 μανίας
3542 4851 3889 4923 ἀπαλλαγήν.
3918 4856 4033 4909 Καὶ

2383 4952 2392 4959 ·
2442 4938 2603 5004 ἡμεῖς
2656 4932 2771 5002 οὖν,
2824 4936 2921 4989 ἐὰν
2973 4939 3048 5009 μὴ
3083 4940 3372 5009 προὸἀτων
3408 4940 3725 5012 ἡμερότητα
3762 4946 3897 5017 πρὸς
3928 4948 4030 5022 τὴν

2436 5028 2741 5099 ἀγριότητα
2798 5030 2909 5082 τῶν
2956 5032 3379 5102 ἐπηρεαζόντων
3427 5037 3562 5106 ἡμῖν
3597 5038 4025 5113 ἑπιδειξώμεθα,

2435 5124 2652 5185 πάντως
2685 5123 2784 5191 οὐχ
2814 5123 3010 5193 ἕξομεν
3035 5126 3133 5194 τὴν
3160 5125 3255 5179 τοῦ
3285 5124 3546 5199 ποιμένᾶ
3566 5130 3723 5200 ἡμῶν
3748 5133 4024 5204 βοήθειαν;

2432 5217 2728 5286 Προδάτων
2769 5219 2897 5287 γὰρ,
2928 5220 2987 5271 ού
3024 5219 3206 5273 λύκων
3237 5222 3358 5275 ἐστὶ
3388 5225 3594 5296 ποιμὴν
3620 5225 3757 5296 (20).

1932 5425 2126 5487 Varios
2162 5426 2470 5488 lectiones
2501 5432 2559 5488 et
2595 5435 2784 5488 nota}.

762 5579 905 5661 .(l9)
949 5578 1061 5661 [Etsi
1113 5578 1303 5661 dativi‘
1322 5579 1487 5661 etiam
1523 5578 1773 5661 a‘llsolute
1802 5579 2093 5645 dicuntur,
2124 5590 2305 5635 tamen

721 5650 1048 5793 liicpémalim
1093 5659 1187 5702 aut
1237 5648 1313 5718 τῷ
1365 5648 1682 5721 οὐρανόθεν,
1732 5660 1825 5703 aut
1885 5654 2308 5722 κατενεχθέντος

720 5740 792 5776 πυ
865 5739 912 5781 ς.

865 5758 912 5781 ‘0

788 5790 902 5863 (20)
950 5790 1105 5857 Quod
1153 5790 1241 5846 hic
1288 5791 1519 5862 subjecit
1564 5793 1834 5848 scliolium
1888 5792 2189 5851 llentenius
2240 5812 2305 5850 ex

2420 5584 2772 5706 ἴριδι-εἱειεεηί
2802 5588 3029 5672 codicis,
3053 5588 3196 5671 iam
3222 5602 3421 5648 neutro
3449 5607 3695 5649 meorum
3724 5607 4019 5667 reperitur.

2468 5665 2645 5706 rustra
2675 5658 2732 5706 Nl
2758 5669 2922 5706 etiam
2956 5676 3009 5706 m
3045 5662 3166 5706 aliis
3196 5664 3351 5706 “hvic
3379 5665 3605 5706 numiui
3659 5664 3906 5706 ἓηαι-αἰηι
3936 5682 4019 5706 ιο-

2468 5665 2645 5736 rustra
2675 5658 2732 5712 id
2758 5661 2922 5736 etiam
2956 5663 3011 5715 in
3045 5662 3166 5718 aliis
3195 5664 3351 5736 libris
3379 5665 3627 5735 quaesivi.
3659 5658 3906 5736 Sparsim
3936 5658 4021 5726 ta;

2420 5734 2570 5807 men
2604 5725 2720 5783 lnec
2776 5732 3031 5806 leguntur
3080 5736 3227 5804 apud
3268 5725 3553 5807 Chrvsost.
3617 5725 3766 5793 hom.
3823 5741 3910 5807 33,
3942 5725 4012 5797 fin

2421 5797 2759 5860 Millllltrum.
2804 5784 3022 5806 Somn“
3082 5784 3227 5804 “τ“““
3275 5784 3553 5807 *ΜΓ-πυ·
3617 5784 3766 5793 --υ--η
3823 5784 3910 5810 νυ,
