4446 6442
444 402 553 465 337

1393 406 1781 468 COMMEN’I‘.
1822 409 1903 469 ΙΝ
1936 410 2429 473 ‘MA'I‘THEUM.
2473 439 2538 449 -
2580 416 2738 475 CAP.
2781 416 2851 475 Χ.

3623 418 3728 475 338

438 519 543 586 τὴν
568 518 898 589 οἰκουμένην
920 518 1192 589 πολεμίαν
1222 519 1368 590 ἔχειν
1390 521 1709 589 ἀκούοντες,
1738 528 1869 592 παρ’
1901 525 2032 593 ὅλην
2060 529 2108 586 Α
2138 540 2194 595 qt

1970 541 2032 593 ην
2060 529 2108 586 Α
2138 527 2285 595 quod
2309 530 2629 583 universum
2654 530 2843 611 orbem
2872 529 3156 586 inimicum
3191 532 3478 590 haberent.
3508 544 3726 601 tutaque

440 609 497 664 δλ
532 608 899 680 πειράζεσθαι
922 610 1022 680 τὴν
1054 608 1224 680 ζωὴν,
1257 612 1356 665 οὐκ
1394 612 1729 677 ἔδειλίασαν,
1753 617 1865 669 οὐδ’
1899 618 2033 687 ὶζήο

437 718 616 770 τησαν
646 700 968 771 ἀπαλλαγὴν
1005 703 1116 754 τῶν
1163 704 1390 769 δεινῶνς
1449 706 1759 776 ’Υπήκουον
1793 711 1923 779 γὰρ,
1960 711 2037 773 ὡς

438 792 715 854 εὐπειθεῖς
750 794 828 860 τῷ
857 793 1192 865 διδασκάλῳ,
1225 798 1323 851 καὶ
1345 797 1618 868 έθάρῤουν
1650 800 1723 862 ὼς
1756 802 1940 854 πιστοὶ
1964 805 2030 872 τῇ

434 892 670 960 δυνάμει
710 893 805 944 τοῦ
832 893 1283 957 ἀποστέλλοντος.
1337 895 1742 965 Μεμαθηκότες
1794 895 1849 947 δὲ
1902 898 2031 961 καὶ,

436 989 522 1037 ὅτι
556 984 815 1038 τοσοῦτον
851 986 1063 1056 ἰσχύσει
1108 988 1171 1041 τὺ
1209 988 1477 1058 κήρυγμα
1528 991 1629 1058 τῆς
1660 994 1922 1052 πίστεως,
1954 991 2033 1053 ὡς

435 1073 692 1128 διαλῦσαι
720 1079 815 1130 καὶ
843 1076 945 1147 τὴν
968 1078 1346 1148 ἀδαμαντίνην
1388 1081 1629 1152 στοργήν
1654 1080 1757 1151 τῆς
1791 1082 2032 1151 φύσεως.

437 1169 535 1220 καὶ
595 1169 693 1229 τὰς
755 1172 973 1239 σχέσεις
1027 1170 1286 1241 ἀλλήλαις
1347 1172 1759 1242 ἐκπολεμῶσαι,
1833 1174 2037 1243 μᾶλλον

436 1260 907 1329 ἀνηριθίσθησαν,
952 1264 1047 1316 xui.
1078 1264 1446 1332 νευρωῠέντες
1489 1265 1679 1318 λοιπὸν
1708 1268 1831 1328 ταῖς
1860 1267 2036 1336 ἀναμ-

435 1351 682 1417 φιδόὶοις
709 1353 895 1405 ἐλπίσι
930 1354 1025 1405 τοῦ
1057 1354 1385 1424 κατορθοῦν,
1426 1355 1793 1420 άπεδύσαντο,
1826 1356 2037 1411 δὼδέκα

438 1444 617 1513 μόνοι,
647 1446 785 1514 πρὸς
819 1445 1042 1498 ἃπασαν
1073 1447 1171 1516 τὴν
1203 1448 1539 1517 οίκουμένην
1561 1488 1575 1511 ,
1634 1442 1780 1522 ᾗτινι
1812 1468 2036 1520 συμπα-

442 1536 742 1604 perdt-19:0
773 1539 896 1592 κατ’
916 1541 1099 1593 αὐτῶν
1122 1540 1216 1593 καὶ
1245 1543 1274 1593 ὁ
1297 1541 1549 1604 διάϐολος
1582 1543 1722 1611 μετᾶ
1753 1544 1862 1596 τῶν
1889 1546 2040 1598 ἀπεί-

438 1644 551 1694 ρων
586 1628 753 1683 αὐτοῦ
782 1630 1080 1699 δαιμόνων,
1117 1633 1213 1683 καὶ
1247 1633 1626 1703 νενικήκασιν,
1674 1634 1774 1687 οὐκ
1818 1635 2039 1689 ἀνελόν-

435 1736 531 1782 τες
580 1722 705 1783 τοὶς
762 1723 1060 1782 ἐναντίους.
1110 1722 1249 1775 ἀλλά
1305 1725 1884 1794 μεταρρυθμίσαντες.
1944 1730 2037 1781 καὶ

434 1811 712 1879 δαιμόνων
739 1812 851 1881 (ξι)
891 1812 1040 1875 ίσους
1065 1812 1345 1878 λαϐόντες,
1376 1816 1630 1883 ἀγγέλων
1665 1816 1813 1880 [σούς
1848 1820 2037 1890 ἐποίη-

436 1920 562 1955 σαν.

543 2000 703 2051 Οταν
734 1997 803 2049 δὲ
835 2029 897 2039 -—
928 1999 1152 2068 ἄλλην.
1188 1999 1372 2052 Εἰπὼν
1413 2002 1481 2051 τὰ
1526 2001 1667 2068 μετᾶ
1700 2000 1797 2071 τὴν
1829 2003 2034 2071 ἀνάλη-

434 2089 530 2157 ψιν
556 2088 723 2142 αὐτοῦ
756 2090 1180 2160 συμῦησόμενα,
1210 2091 1373 2143 πάλιν
1410 2092 1587 2160 ἤγαγε
1626 2092 1716 2144 τὸν
1747 2093 1906 2159 λόγον
1945 2094 2037 2145 ἐπὶ

435 2180 507 2233 τά
539 2180 647 2250 πρὸ
692 2180 789 2233 τοῦ
843 2180 1111 2250 σταυροῦ.
1162 2181 1393 2235 Κελεύει
1430 2182 1487 2234 δὲ
1530 2182 1778 2249 φεύγειν,
1827 2186 1923 2254 οὐχ
1962 2184 2038 2248 ὠς

435 2273 668 2336 δειλοὺς,
710 2273 924 2334 ἀλλ’ὡς
957 2274 1348 2337 διωκομένους.
1388 2273 1449 2327 'U
1488 2275 1545 2327 δὲ
1588 2275 1855 2344 Θεολόγος
1890 2277 2037 2347 Γρη-

436 2366 627 2435 γόριος
666 2366 994 2437 ἑρμηνεύων
1020 2367 1179 2420 τοῦτό
1210 2384 1401 2437 φησιν,
1444 2370 1526 2421 ὅτι
1562 2368 1739 2437 φειδοῖ
1770 2370 1879 2423 τῶν
1906 2370 2036 2423 διω-

440 2461 649 2513 πιόντων
686 2461 781 2514 καὶ
822 2460 933 2513 τῶν
987 2461 1436 2529 ἀσθενεστέρων·
1491 2462 1587 2514 καὶ
1635 2461 1758 2515 οὐδὲ
1811 2465 2037 2535 μακρὰν

441 2554 687 2622 φεύγειν,
725 2554 842 2607 ἀλλ’
890 2553 999 2606 ἀπὸ
1030 2554 1237 2622 ταύτης
1288 2555 1390 2625 τῆς
1429 2554 1640 2617 πόλεως
1682 2556 1763 2617 εἰς
1797 2557 2037 2625 ἐκείνην,

446 2654 529 2705 ivx
566 2651 841 2721 μηδεμίαν
893 2650 1333 2721 παραλείψωσιν,
1383 2652 1463 2714 είς
1514 2652 1583 2721 ἢν
1612 2650 1712 2703 οὐκ
1748 2650 1862 2719 (25)
1910 2653 2037 2720 ἀφί-

444 2746 649 2811 ξονται.

526 2839 718 2908 Ἀμὴν
752 2868 822 2879 -
868 2839 975 2893 τοῦ
1028 2841 1366 2910 ἀνθρώπου.
1407 2843 1567 2905 Ἕως·
1596 2844 1663 2898 ἂν
1716 2844 1846 2917 ἔλθῃ
1902 2844 2038 2913 πρὸς

446 2934 612 3002 ὑμᾶς.
643 2932 819 2986 Τοῦτο
840 2934 894 2986 δὲ
930 2936 1064 3002 πρδς
1101 2936 1469 3003 ψυχαγωγίαν
1510 2937 1604 2990 καὶ
1634 2937 1902 3005 ἀνάψυξιν
1936 2940 2039 2989 αύ-

443 3024 555 3077 τῶν
591 3020 736 3085 εἷπε,
790 3026 1052 3095 βεϐαιῶν,
1105 3028 1186 3079 ὅτι
1220 3028 1419 3081 θᾶττον
1455 3028 1680 3092 τούτους
1725 3029 2037 3101 καταλάϐῃ,

448 3118 552 3187 πρὸ
584 3116 679 3170 τοῦ
714 3118 1028 3185 περιελθεῖν
1078 3121 1281 3183 αὐτοὺς
1339 3122 1522 3182 πάσας
1559 3122 1654 3187 τὰς
1691 3121 1880 3183 πόλεις
1931 3123 2042 3175 τῶν

2141 617 2250 670 vita
2283 632 2382 672 sua
2411 627 2755 673 tentarentur
2783 636 2797 672 :
2827 635 2936 674 non
2972 620 3354 675 detrectarunt
3401 623 3731 689 periculum,

2139 724 2316 777 neque
2350 711 2732 765 liberationem
2756 728 2785 764 a
2836 711 2998 765 malis
3026 720 3422 779 poposcerunt.
3456 710 3727 764 Pareliant

2139 800 2287 852 enim
2322 807 2583 869 tanquam
2613 801 2871 871 morigeri
2902 802 3170 870 magistro
3198 817 3213 853 :
3261 810 3317 853 et
3356 800 3724 861 conﬁdebant,

2142 898 2336 959 utpote
2370 892 2579 958 fideles,
2599 892 2666 948 de
2698 893 2941 963 potentia
2976 892 3307 946 emittentis.
3334 891 3473 945 Cum
3544 902 3729 944 autem

2141 983 2488 1049 didicissent,
2514 985 2660 1054 quod
2690 994 2899 1039 tantam
2933 984 3164 1038 haberet
3219 983 3343 1037 fidei
3414 984 3736 1052 pnedicatlo

2141 1072 2553 1139 fortitudinem,
2612 1084 2673 1129 ut
2738 1074 3151 1129 adamantinum
3223 1088 3443 1142 quoque
3527 1082 3738 1126 natura:

2142 1180 2387 1219 amorem
2435 1166 2787 1229 dissolveret,
2841 1166 3014 1220 variis
3062 1164 3356 1219 allectibus
3422 1178 3482 1217 se
3551 1175 3739 1217 mutuo

2141 1255 2515 1321 vincentibus,
2547 1258 2719 1327 magis
2759 1259 2968 1312 incitati
2994 1266 3143 1318 sunt,
3174 1256 3487 1325 additisque
3507 1256 3738 1315 viribus.

2146 1351 2455 1405 indubitata
2502 1367 2599 1420 spe
2632 1352 2894 1419 deinceps
2942 1352 3159 1420 egregia
3205 1366 3372 1419 opera
3413 1351 3737 1408 exhibendi.

2145 1441 2247 1493 soli
2283 1441 2570 1496 duodecim
2604 1442 2844 1511 aggressi
2907 1450 3037 1495 sunt
3082 1441 3271 1495 orbem
3344 1442 3663 1493 universum
3725 1454 3738 1487 :

2143 1546 2270 1586 cum
2297 1548 2407 1600 quo
2443 1532 2707 1587 adversus
2744 1533 2862 1585 illos
2897 1546 2956 1585 se
2980 1530 3229 1585 diabolus
3283 1532 3562 1600 opposuit,
3615 1530 3745 1597 jun-

2144 1626 2246 1679 etis
2280 1641 2469 1680 secum
2504 1625 2818 1680 innumeris
2854 1622 3169 1679 daemoniis.
3203 1620 3282 1675 lili
3339 1636 3467 1674 vero
3496 1620 3745 1674 obtinue-

2149 1727 2281 1770 runt
2316 1717 2627 1779 victoriam,
2659 1732 2768 1770 non
2796 1714 3194 1769 interficientes
3241 1712 3612 1774 adversarios,
3647 1710 3745 1764 sed

2147 1805 2249 1859 sibi
2272 1815 2736 1861 connumerantes
2785 1821 2798 1859 :
2837 1817 2891 1859 et
2940 1819 3079 1873 quos
3119 1804 3462 1858 dxmonibus
3509 1804 3744 1869 mquales

2154 1909 2516 1967 acceperunt,
2552 1898 2763 1969 angelis
2796 1896 3009 1951 similes
3040 1896 3424 1950 reddiderunt.

2218 2010 2376 2065 Vers.
2408 2011 2501 2065 23.
2538 2010 2670 2065 Cum
2704 2009 3172 2063 autem—“aliam
3202 2050 3213 2061 .
3242 2008 3537 2079 Postquam
3598 2008 3739 2062 dixit

2155 2120 2279 2173 quae
2306 2112 2430 2173 post
2462 2105 2843 2157 ascensionem
2875 2118 3029 2156 suam
3056 2111 3217 2155 erant
3268 2112 3559 2162 eventura,
3632 2116 3751 2155 ser-

2148 2210 2366 2250 monem
2420 2196 2485 2249 ad
2548 2212 2610 2251 ea
2658 2195 2928 2259 reduxit,
2958 2210 3079 2264 quae
3128 2204 3258 2249 ante
3299 2209 3519 2249 crucem
3566 2194 3753 2255 futura

2148 2298 2306 2342 erant
2343 2288 2547 2342 .Jubct
2578 2297 2759 2341 autem
2791 2286 3003 2357 fugere,
3045 2301 3157 2338 non
3195 2295 3458 2355 tanquam
3495 2286 3747 2353 timidos,

2148 2381 2245 2435 sed
2276 2390 2537 2449 tanquam
2570 2394 2665 2433 eos
2686 2378 3146 2449 quiexpelluntur
3184 2418 3197 2431 .
3224 2376 3425 2432 Verum
3454 2378 3597 2432 sicut
3617 2377 3754 2432 Gre-

2148 2474 2332 2545 gorius
2362 2472 2676 2542 Theologus
2703 2473 3114 2541 interpretatur,
3152 2472 3313 2539 jubet
3357 2480 3419 2524 ut
3451 2471 3755 2524 miserean-

2149 2576 2237 2619 tur
2265 2566 2715 2635 persequentium
2766 2574 2821 2618 et
2849 2564 3300 2624 imbecilliorum,
3332 2578 3437 2617 nec
3464 2563 3625 2629 longe
3664 2564 3749 2615 iu-

2149 2659 2298 2728 giant
2329 2702 2341 2722 ,
2375 2658 2469 2712 sed
2488 2657 2557 2711 ab
2582 2658 2683 2711 hac
2706 2658 2929 2711 civitate
2954 2657 3007 2709 in
3033 2656 3212 2721 illam,
3248 2670 3316 2710 ne
3344 2656 3504 2709 ullam
3529 2665 3759 2726 praeter~

2150 2762 2295 2812 eant,
2355 2753 2422 2804 ad
2450 2765 2611 2818 quam
2638 2764 2744 2803 non
2800 2749 3147 2819 perveniant.

2222 2845 2376 2897 Vers.
2403 2844 2492 2897 25.
2528 2842 2696 2896 Amen
2719 2871 2789 2881 —-
2808 2840 3469 2911 flaminia—Priusquam
3491 2843 3662 2895 veniat
3689 2843 3757 2894 ad

2151 2951 2261 2989 vos.
2333 2933 2449 2988 Hoc
2473 2942 2659 2987 autem
2690 2934 2754 2987 ad
2781 2930 3042 2986 solatium
3076 2941 3132 2986 et
3166 2932 3516 3002 refrigerium
3565 2948 3756 2987 eorum

2152 3027 2309 3089 dixit,
2342 3026 2701 3088 conﬁrmans,
2739 3025 2884 3092 quod
2918 3023 3081 3078 citius
3127 3039 3223 3078 eos
3252 3037 3397 3078 esset
3426 3025 3527 3078 sibi
3561 3026 3762 3094 adjun~

2153 3131 2347 3174 cturus
2374 3159 2387 3182 ,
2422 3135 2586 3191 quam
2618 3118 2727 3189 ipsi
2770 3132 2966 3173 omnes
2998 3117 3313 3173 Judaorum
3347 3118 3599 3171 civitates
3654 3119 3763 3173 cir-

458 3211 751 3272 Ίουδαίων,
778 3213 968 3280 ἧγουν,
1002 3212 1109 3282 πρὸ
1151 3212 1243 3265 τοῦ
1276 3213 1510 3267 διελθεῖν
1542 3214 1673 3283 ὅλην
1707 3214 1805 3283 τὴν
1839 3214 2044 3268 Παλαι-
2071 3225 2114 3282 c
2147 3234 2212 3272 en

2006 3233 2044 3268 ι-
2071 3225 2114 3282 c
2147 3218 2443 3281 enmirent,
2479 3216 2594 3271 sive
2630 3226 2925 3285 antequam
2965 3216 3031 3270 ad
3073 3215 3762 3269 nniversaml’alzestinam

449 3304 659 3374 στίλην.
687 3305 889 3374 Ἤρκει
914 3304 1046 3373 γὰρ,
1073 3308 1168 3358 καὶ
1202 3306 1362 3375 μόνον
1396 3308 1683 3373 ἐπιφανεὶς
1716 3307 1899 3369 αὐτοῖς
1926 3308 2047 3359 ἀντὶ

447 3401 629 3469 πάσης
657 3401 1084 3469 παρακλήσεως,
1119 3400 1295 3463 οὓτως
1326 3400 1741 3469 ἐλαυνομένοις,
1780 3402 1806 3452 ὃ
1834 3402 1897 3471 δὴ
1927 3402 2049 3453 τότε

448 3494 543 3546 καὶ
580 3494 909 3563 πεποίηκεν,
954 3493 1029 3555 ὼς
1058 3492 1354 3563 ὑπέσχετο.
1398 3494 1554 3545 Ἐπεὶ
1589 3493 1645 3545 δὲ
1678 3496 1773 3547 καὶ
1806 3494 2051 3563 βλασφη-

449 3568 670 3656 μεῖσθαι
699 3589 850 3659 παρὰ
878 3588 990 3640 τῶν
1018 3588 1334 3640 διωκόντων
1360 3587 1614 3657 ἔμελλον,
1650 3590 1744 3640 καὶ
1774 3588 1863 3639 διὰ
1893 3588 2051 3639 τοῦτο

446 3682 764 3743 δάκνεσθαι,
817 3682 1230 3752 παραμυθεῖται
1276 3682 1370 3734 καὶ
1413 3680 1572 3733 τοῦτο
1607 3681 1669 3732 τὸ
1720 3681 1911 3750 μέρος,
1943 3681 2051 3733 ἀπο

447 3776 543 3830 τοῦ
586 3776 708 3829 καθ’
741 3776 936 3828 ἑαυτὸν
978 3776 1405 3845 ὑποδείγματος,
1446 3774 1620 3827 ιίπών
1648 3790 1663 3805 ο

529 3963 649 4015 Οὐκ
676 3990 746 4000 —
775 3960 883 4013 τὸν
922 3961 1131 4029 κύριον
1170 3959 1383 4013 αὐτοῦ.
1432 3958 1738 4027 Ἀπόφασιν
1771 3958 1871 4028 μὲν
1900 3957 2053 4024 λέγει

452 4057 641 4122 κοινὴν
672 4057 765 4107 καὶ
818 4056 953 4106 πᾶσι
1000 4053 1303 4123 γνώριμον,
1366 4053 1752 4123 προσαρμόζει
1783 4053 1840 4104 δὲ
1876 4052 2051 4122 ταύτῃ

450 4156 523 4207 τὰ
563 4152 689 4207 καθ’
739 4152 959 4212 ἑαυτὸν,
993 4152 1081 4203 ἵνα
1140 4148 1335 4220 μηδεὶς
1385 4146 1695 4214 ἀντιλέγειν
1753 4144 1889 4215 ῐχοι.
1938 4146 2055 4198 Οὐκ

453 4247 604 4301 εστιν
654 4247 847 4311 ὅντως,
906 4244 1028 4298 οὔτε
1083 4242 1336 4312 μαθητὴς
1395 4240 1668 4313 κρείττων
1697 4238 1795 4291 τοῦ
1846 4238 2053 4291 οἰκείου

452 4338 800 4403 διδασκάλου,
832 4336 957 4390 οὒτε
988 4334 1176 4400 δοῦλος
1210 4334 1478 4405 κρείττων
1504 4331 1600 4385 τοῦ
1640 4330 1833 4401 κυρίου
1862 4329 2053 4396 αὑτοῦ,

452 4434 561 4496 ἓως
586 4432 649 4485 ἀν
680 4433 708 4485 ὁ
730 4432 828 4501 μὲν
857 4431 946 4500 εἴη
981 4429 1256 4500 μαθητὴς,
1280 4430 1307 4481 ὀ
1346 4428 1403 4480 δὲ
1428 4426 1638 4489 δοῦλος.
1671 4425 1906 4493 ’Υφεσις
1940 4424 2053 4495 (Ωϐ)

455 4530 567 4598 γάρ
601 4529 715 4579 ἰστι
766 4527 862 4579 καὶ
910 4525 971 4577 τὸ
992 4522 1371 4592 ,διδάσκεσθαι
1402 4520 1497 4575 καὶ
1528 4521 1589 4573 τὸ
1618 4518 1918 4584 δουλεύειν,
1960 4518 2056 4571 καὶ

2156 3310 2508 3365 accederent.
2547 3307 2864 3363 Suﬂiciebat
2886 3309 3031 3362 enim
3058 3323 3157 3377 pro
3178 3310 3328 3363 omni
3360 3310 3761 3374 consolatione,

2159 3416 2218 3457 ut
2254 3404 2367 3457 illis
2392 3403 2529 3456 adeo
2550 3402 2842 3472 exagitatis
2878 3412 3169 3471 appareret
3200 3419 3212 3455 :
3238 3403 3383 3470 quod
3439 3417 3571 3457 sane
3627 3410 3761 3455 tunc

2157 3496 2321 3550 etiam
2356 3494 2508 3558 fecit,
2532 3493 2673 3548 sicut
2697 3493 2970 3562 promisit.
2998 3491 3138 3558 Quia
3170 3502 3351 3546 autem
3387 3492 3629 3547 futurum
3650 3500 3768 3547 erat

2161 3603 2219 3647 ut
2248 3593 2315 3647 ab
2350 3592 2439 3646 his
2457 3591 2551 3660 qui
2587 3604 2645 3643 se
2683 3597 3200 3659 persequerentur,
3232 3588 3561 3641 calumniam
3598 3589 3771 3642 susti-

2156 3693 2357 3738 nerent
2389 3722 2401 3746 ,
2427 3692 2483 3737 et
2510 3682 2635 3737 ideo
2668 3682 2899 3735 moleste
2948 3679 3159 3733 ferrent
3194 3696 3205 3731 :
3248 3694 3418 3747 super
3448 3678 3553 3731 hoc
3599 3679 3766 3731 etiam

2156 3778 2585 3833 consolationem
2614 3774 2773 3830 affert
2806 3817 2819 3839 ,
2841 3774 3039 3843 partim
3076 3790 3103 3826 a
3139 3773 3364 3842 proprio
3396 3773 3670 3841 exemplo,
3716 3776 3776 3828 et

2156 3871 2224 3926 ab
2261 3870 2344 3925 bis
2409 3886 2530 3940 qua:
2564 3870 2665 3923 sibi
2702 3870 2807 3939 ipsi
2850 3867 3196 3929 accidebant,
3231 3867 3421 3921 dicens
3477 3884 3489 3918 :
3688 3932 3693 3937 ι

2235 3964 2387 4017 Vers.
2422 3964 2513 4017 24.
2588 3961 2713 4015 Non
2739 3992 2810 4001 -—-
2843 3961 3119 4015 dominum
3155 3977 3336 4013 suum.
3401 3958 3773 4015 Communem

2157 4056 2369 4128 profert
2412 4056 2773 4117 sententiam,
2803 4070 3035 4123 qumque
3074 4054 3331 4108 omnibus
3381 4062 3508 4107 nota
3541 4063 3624 4107 est
3658 4073 3669 4107 :
3720 4066 3777 4109 et

2161 4152 2287 4206 huic
2316 4151 2541 4219 adaptat
2575 4192 2587 4213 ,
2620 4164 2741 4219 quae
2773 4148 2917 4201 circa
2938 4162 2997 4201 se
3030 4146 3311 4208 accidunt,
3341 4147 3605 4201 utnullus
3644 4162 3776 4216 pos-

2161 4246 2229 4297 sit
2267 4243 2669 4297 contradicere.
2721 4239 2863 4295 Vere
2894 4240 3042 4293 enim
3077 4240 3152 4293 ita
3207 4248 3312 4304 est,
3395 4239 3541 4309 quod
3594 4254 3778 4309 neque

2161 4335 2467 4405 discipulus
2493 4349 2592 4390 suo
2625 4338 2888 4405 magistro
2905 4333 3260 4401 prastantior
3283 4339 3406 4396 est,
3442 4346 3620 4400 neque
3658 4347 3778 4387 ser-

2162 4445 2263 4484 vus
2296 4445 2395 4485 suo
2427 4429 2651 4484 domino
2672 4441 2695 4482 ς
2716 4428 2847 4481 dum
2874 4426 2965 4481 ille
2987 4426 3289 4496 discipulus
3339 4426 3525 4489 fuerit,
3561 4433 3615 4487 et
3674 4427 3781 4482 iste

2163 4532 2375 4572 servus.
2400 4517 2536 4571 Nam
2557 4515 2831 4587 subjectio
2857 4516 3107 4584 quaedam
3128 4524 3213 4568 est
3230 4514 3419 4568 doceri
3456 4528 3521 4568 ac
3548 4514 3780 4579 servire,

456 4596 579 4675 κατ’
616 4619 749 4673 αὐτὸ
791 4618 952 4672 τοῦτο
990 4618 1211 4679 πάντως
1259 4615 1371 4685 (‘27)
1408 4613 1811 4684 ύποδεδήκασι.
1850 4610 2054 4665 Λοιπὸν
2092 4596 2135 4652 υ
2161 4622 2212 4667 et

2029 4630 2054 4663 ν
2092 4596 2135 4652 υ
2161 4622 2217 4667 et
2252 4612 2555 4666 secundum
2573 4611 2680 4665 hoc
2703 4612 2884 4681 ipsum
2911 4610 3137 4665 omnino
3164 4609 3397 4679 subjecti
3418 4617 3567 4664 sunt.
3590 4610 3785 4679 Itaque

455 4716 550 4771 οὖν
578 4715 688 4769 οὐδ’
716 4716 873 4785 ὑμεῖς
908 4717 1031 4767 ὲσιε
1066 4710 1209 4784 ύπὶρ
1243 4711 1366 4782 ἐμὲ,
1400 4711 1493 4763 τὸν
1533 4706 1862 4763 διδάσκαλον
1899 4705 2056 4776 ὑμῶν

457 4812 554 4865 καὶ
577 4808 808 4881 Κύριον.

528 4902 804 4973 Ἀρκετὸν
836 4930 904 4942 -
954 4903 986 4955 ό
1020 4897 1398 4964 διδάσκαλος
1448 4895 1659 4953 αὐτοῦ.
1727 4897 1918 4968 Ἀρκεῖ
1948 4897 2060 4956 τοῖς

462 4999 731 5070 μαθηταῖς
764 4997 891 5065 ὑμῖν
924 4996 1004 5057 είς
1056 4990 1441 5063 παραμυθίαν,
1502 4990 1588 5043 ἵνα
1636 4988 1872 5061 γένησθε
1925 4987 2061 5058 βλα-

2161 4722 2342 4777 neque.
2366 4720 2463 4761 vos
2481 4719 2644 4775 supra
2662 4719 2750 4760 me
2771 4704 3058 4769 estis,eum
3079 4703 3181 4759 sim
3201 4702 3469 4776 magister
3484 4717 3548 4759 ac
3598 4702 3784 4759 Domi-

2166 4816 2273 4855 llUS
2305 4809 2508 4854 \‘CSUTI’.

2234 4891 2391 4945 νει-ς.
2425 4888 2514 4943 25.
2544 4888 2749 4958 Suﬁicit
2774 4916 2847 4927 —
2876 4888 3133 4960 magister
3161 4904 3310 4941 suus.
3375 4884 3522 4941 Satis
3548 4897 3633 4941 est
3687 4900 3785 4942 vo-

2166 4986 2249 5041 bis
2283 4982 2571 5053 distsipnlis
2588 4984 2656 5037 ad
2687 4983 3147 5047 consolationem,
3184 4990 3246 5036 ut
3276 4982 3618 5037 contumelia
3660 4980 3783 5035 affi-

460 5091 867 5164 σφημούμενοι,
907 5088 983 5152 ὡς
1016 5086 1128 5157 ιγὼ
1165 5089 1194 5140 ὀ
1226 5073 1550 5149 διδάσκαλος
1580 5083 1758 5155 ὑμῶν,
1789 5082 1885 5137 καί⁵
1915 5080 2062 5152 μέγα
2166 5077 2215 5133 ci

2032 5099 2062 5135 α
2166 5076 2411 5142 ciamini,
2441 5076 2659 5131 sicutet
2687 5091 2809 5147 ego,
2835 5076 3062 5146 quisum
3088 5074 3343 5147 Magister
3363 5083 3549 5129 vester
3575 5092 3588 5127 :
3621 5072 3788 5143 idque

462 5188 594 5257 ὑμῖν
622 5187 704 5249 sb,
732 5185 826 5238 καὶ
859 5186 915 5236 ὲν
944 5186 1059 5246 τοῖς
1084 5181 1355 5245 τοιούτοις
1378 5177 1708 5248 ιξισωθῆναί
1744 5194 1853 5248 μοι,

533 5280 643 5336 Kal
681 5281 711 5332 d
745 5276 967 5341 δοῦλος
1000 5306 1069 5316 -
1110 5274 1320 5330 αὐτοῦ.
1360 5272 1691 5327 Ἐλκυστέον
1729 5270 1827 5325 καὶ
1858 5269 1953 5323 επὶ
2003 5268 2065 5322 τὸ

467 5375 631 5443 ῥητὸν
657 5371 817 5425 τοῦτο
853 5369 1019 5423 πάλιν
1048 5370 1133 5436 τὸ,
1165 5368 1426 5440 ἀρκετὸν,
1461 5366 1552 5421 ἴνα
1573 5366 1827 5436 γένηται.

534 5467 603 5521 ει
646 5496 710 5507 -
738 5462 1079 5527 οἰκειακοὺς
1120 5460 1333 5517 αὐτοῦ.
1389 5457 1725 5525 Βιελζεσοὺλ
1752 5453 2066 5527 ὠνόμαζον,

2169 5187 2428 5244 magnum
2454 5182 2560 5237 est,
2596 5180 2657 5226 ut
2691 5172 2858 5226 etiam
2908 5172 2963 5225 in
2998 5170 3200 5227 talibus
3232 5170 3369 5225 mihi
3394 5169 3607 5225 similes
3643 5168 3783 5222 sitis.

2242 5265 2401 5322 Vers.
2443 5266 2536 5320 ‘25.
2595 5264 2662 5319 Et
2693 5282 2876 5320 servus
2905 5296 2975 5307 --
3000 5282 3153 5320 suus.
3193 5263 3439 5322 Rursum
3471 5264 3640 5320 etiam
3672 5265 3781 5319 huc

2173 5361 2504 5418 trahendum
2526 5370 2612 5417 est
2646 5403 2659 5424 ,
2697 5362 2845 5431 quod
2870 5362 3007 5416 dixit
3043 5379 3056 5417 :
3097 5361 3299 5432 Sufﬁcit
3335 5371 3390 5415 ut
3425 5361 3546 5429 ﬁat.

2254 5452 2407 5510 νει-ε.
2429 5454 2522 5510 25.
2580 5450 2638 5507 Si
2662 5483 2729 5494 —
2747 5454 3066 5511 daineuicos
3082 5456 3198 5526 ejus
3231 5457 3255 5510 .’
3279 5452 3572 5511 Beelzebul
3602 5446 3788 5512 nomi-

1685 5620 1894 5683 Varia
1930 5616 2249 5685 lectiones
2282 5622 2344 5679 et
2379 5621 2572 5679 noue.

547 5788 659 5844 tu)
691 5783 781 5856 llis
810 5800 919 5839 ere"
981 5783 1098 5856 ίσος
1131 5797 1257 5838 rum
1288 5780 1556 5856 genitivo.

552 5857 661 5911 .15)
683 5854 861 5912 Mu‘ian
888 5854 1211 5925 ἀφίξωνται.

2250 5770 2366 5836 (26)
2401 5771 2441 5826 ι.
2477 5784 2531 5825 e.
2564 5771 2885 5837 έλάττωσις.

2260 5842 2375 5915 t2?)
2405 5842 2839 5917 ύποδεϐ).ήκασι.
2874 5841 2936 5899 Β.
