4438 6438
448 384 557 447 373

1326 388 1723 447 COMMENT.
1763 388 1845 446 ΙΝ
1883 385 2359 455 ΜᾹΤΤΗίΕυΜ.
2403 419 2471 430 -
2513 395 2670 455 CAP.
2714 394 2884 457 XXI.

3616 393 3724 458 37$

450 500 571 557 ταῖς
604 497 824 562 μανίαις
848 494 1047 548 αὐτῶν.
1080 496 1229 562 Ἅμα
1258 495 1314 548 δὲ
1365 497 1479 561 καὶ,
1509 496 1663 547 οὔπω
1717 494 1976 561 ἐλήλυθεν
2008 496 2039 562 ἡ
2075 499 2114 553 Δ
2148 496 2199 549 in

1968 512 1976 543 ι
2008 496 2039 562 ἡ
2075 499 2114 553 Δ
2148 496 2374 553 insaniae
2405 502 2745 577 permittere.
2778 502 2950 555 Simul
2974 501 3158 564 etiam,
3194 502 3320 571 quia
3355 502 3600 557 nondum
3626 506 3721 557 ad—

451 586 572 653 ὥρα
606 585 698 636 τοῦ
734 586 970 638 Θανάτου
1000 586 1194 651 αὑτοῦ,
1220 587 1314 639 καὶ
1335 587 1443 640 ἔδει
1493 587 1722 649 πολλοὺς
1756 586 1835 638 ἔτι
1871 586 2037 654 θερα-

454 676 745 742 πευθῆναι,
774 678 868 728 καὶ
897 676 1208 729 ἀπολαῦσαι
1234 677 1335 745 τῆς
1371 677 1721 739 διδασκαλίας
1742 675 1930 729 αὑτοῦ.

526 768 632 821 Kal
682 798 754 807 —
787 768 1152 833 ποιήσωσιν.
1194 769 1459 823 Ἐνταῦθα
1502 771 1585 831 τὸ,
1623 771 2038 838 Ἐπετίμησεν,

450 861 575 911 ἀντὶ
600 860 715 919 τοῦ,
770 860 1140 931 Παρήγγειλε,
1176 862 1268 915 καὶ
1291 860 1713 929 ὲξςσφαλίσατο.
1737 862 1938 914 Σκόπει
1959 861 2036 925 δὲ,

451 952 571 1011 πῶς
604 953 695 1003 καὶ
725 954 835 1005 τῶν
866 954 1169 1007 νοσούντων
1207 954 1578 1024 ἐπιμελεῖται,
1603 956 1697 1008 καὶ
1728 954 1819 1006 τὸν
1844 954 2041 1021 φθόνον

450 1042 560 1092 τῶν
590 1042 861 1095 Ἰουδαίων
886 1042 1208 1113 θεραπεύει,
1240 1046 1667 1116 παραγγέλλων,
1702 1046 1791 1098 ἴνα
1827 1048 1903 1115 μη
1936 1062 2042 1113 φα-

451 1133 609 1201 νερδν
635 1132 798 1185 αὐτὸν
848 1135 1169 1202 ποιήσωσιν,
1199 1135 1281 1187 ὅτι
1343 1134 1663 1206 θεραπεύει.
1715 1135 1888 1188 Τοῦτο
1931 1135 2041 1206 γὰρ

450 1224 761 1289 ἀκούοντες,
808 1224 1039 1293 ἔμελλον
1072 1228 1163 1280 tul
1198 1229 1383 1282 πλεῖον
1427 1230 1844 1298 ἑξαγριοῦσθαι.
1871 1229 2031 1283 Ἐπεὶ

449 1314 507 1365 δὲ
545 1316 647 1367 ὑπὸ
686 1317 1077 1388 μακροθυμίας
1137 1319 1340 1389 πολλῆς
1372 1324 1615 1374 ἐποιεῖτο
1650 1323 1749 1392 τὴν
1780 1321 2041 1391 τοιαύτην

454 1406 856 1473 παραγγελίαν,
889 1409 1219 1480 αἱρούμενος
1264 1412 1503 1480 μάλιστα
1552 1414 2043 1480 συγκαλύπτεσθαι

450 1499 551 1565 τὴν
586 1499 781 1551 ἑαυτοῦ
808 1499 991 1565 δόξαν,
1019 1503 1166 1574 ὑπὲρ
1194 1504 1291 1556 τοῦ
1326 1505 1403 1575 μὴ
1444 1505 1782 1569 ὶξάπτεσθαι
1818 1506 2043 1568 τούτους

451 1592 533 1651 si;
581 1591 801 1643 πλείονι
849 1593 1071 1661 μανίαν,
1113 1596 1331 1664 εἰσάγει
1363 1597 1457 1649 τὸν
1491 1600 1785 1668 προφήτην
1819 1600 1848 1649 ὁ
1870 1600 2041 1667 εὐαγ-

451 1681 724 1751 γελιστὴς,
750 1686 1255 1752 προαναφωνοῠντι
1277 1688 1376 1757 τὴν
1423 1688 1687 1757 τοιαύτην
1729 1690 1895 1742 αὑτοῦ
1942 1706 2044 1759 μα·

451 1773 757 1843 κροθυμίαν
787 1776 882 1827 καὶ
907 1775 1284 1843 ἀνεξικακίαν,
1308 1780 1401 1831 καὶ
1433 1780 1621 1850 φησιν’

526 1953 715 2017 Ὅπως
748 1984 816 1992 -——
848 1955 1119 2022 ᾑρέτισα.
1170 1958 1457 2027 [προσώπῳ
1491 1958 1587 2011 τοῦ
1617 1961 1831 2030 Πατρδς
1872 1962 2047 2017 ταῦτά

449 2062 635 2115 φησιν,
679 2047 837 2101 Ἰδοὺ
870 2051 903 2101 ό
931 2050 1077 2114 Παῖς
1111 2068 1254 2117 μου,
1275 2052 1687 2120 όμονογενής.
1721 2083 1788 2090 -
1828 2057 1938 2105 Ὃν
1966 2055 2035 2107 δὲ

448 2142 722 2207 ᾑρέτισα,
755 2143 878 2197 ἀντὶ
922 2143 1041 2210 τοῦ,
1070 2146 1168 2198 ⁸ον
1195 2148 1505 2216 προέκρινα
1532 2147 1775 2201 πάντων.
1805 2148 1961 2201 Ἐπεὶ
1988 2151 2046 2202 δὲ

448 2236 671 2297 διπλοῦς
725 2237 878 2289 ἐστὶν
906 2240 934 2289 ὁ
966 2239 1228 2306 Χριστός·
1254 2239 1315 2290 τὸ
1348 2240 1469 2308 μὲν,
1500 2240 1565 2291 '0
1602 2240 1749 2304 Παῖς
1788 2258 1931 2308 μου,
1954 2241 2047 2310 δη-

446 2329 678 2382 λωτικόν
709 2330 827 2382 ἐστι
859 2330 959 2400 τῆς
988 2331 1240 2401 θεότητος
1266 2348 1279 2361 ’
1310 2333 1371 2383 τὸ
1397 2332 1477 2397 δὲ,
1508 2335 1617 2385 ’ον
1648 2334 1921 2401 ᾑρέτισα,
1945 2334 2047 2403 τῆς

449 2422 900 2491 ἀνθρωπότητος.
930 2421 1041 2474 Καὶ
1062 2423 1130 2476 τὰ
1160 2425 1286 2493 ἑξῆς
1321 2425 1401 2488 δὲ,
1430 2427 1678 2480 τοιαῦτα.

528 2602 592 2653 ’0
618 2602 930 2670 ἀγαπητὸς
958 2636 1023 2644 --
1043 2624 1184 2674 μου.
1220 2606 1453 2676 Ὁμοίως
1476 2612 1534 2662 τὸ
1564 2612 1684 2679 μὲν,
1726 2612 1786 2664 '0
1816 2614 2049 2681 ἀγαπη-

446 2697 550 2758 τός
576 2714 720 2762 μου,
751 2698 1001 2768 περὶτῆς
1032 2700 1289 2769 θεότητος
1319 2702 1567 2772 εἴρηται·
1606 2706 1667 2757 τὸ
1698 2706 1776 2770 δὲ,
1830 2711 1930 2773 Εις
1974 2710 2049 2761 ὃν

444 2784 790 2851 εὐδόκησεν
814 2788 851 2855 ή
882 2789 1054 2857 ψυχή
1079 2808 1223 2859 μου,
1268 2794 1401 2863 περὶ
1455 2796 1555 2863 τῆς
1599 2797 2044 2867 ἀνθρωπότητος.

450 2878 607 2929 Ἐστι
636 2881 747 2949 γὰρ
798 2881 1085 2951 ἀγαπητὸς
1136 2885 1257 2953 μὲν,
1280 2886 1357 2949 ὠς
1393 2890 1695 2959 μονογενής
1719 2907 1731 2919 ·
1766 2895 1845 2954 εἰς
1881 2895 2047 2947 αὐτὸν

444 2970 501 3023 δὴ
526 2972 844 3042 εὐδόκησεν,
880 2975 957 3037 ὡς
1008 2976 1092 3039 είς
1142 2978 1307 3031 αὐτὸν
1361 2982 1883 3052 ὲπαναπαυόμενος,
1912 2988 1943 3057 ﬂ
1971 2990 2047 3051 ὡς

444 3066 513 3117 δι’
534 3066 699 3118 αὑτοῦ
737 3069 807 3120 τὰ
836 3068 1019 3137 ἀγαθὰ
1050 3068 1309 3142 θελήσας,
1341 3072 1487 3143 λέγω
1518 3075 1604 3147 δὴ,
1628 3077 1736 3147 τὴν
1768 3082 2049 3149 σωτηρίαν

445 3158 555 3209 τῶν
590 3159 688 3211 ἀνθ
698 3160 921 3228 ρώπων.

520 3252 629 3303 Καὶ.
691 3252 1096 3323 βαπτιζομένου
1149 3256 1207 3309 δι
1262 3258 1430 3312 αὑτοῦ
1502 3262 1822 3332 τοιαύτηνὸ
1855 3266 2045 3336 Πατὴρ

445 3337 655 3390 ἄνωθεν
699 3341 813 3411 (77)
854 3343 1041 3411 ἀφῆκε
1097 3347 1285 3415 φωνὴν
1332 3351 1534 3403 εἰπών·
1563 3349 1760 3419 Οὗτός
1803 3355 1978 3409 ἐστιν
2014 3361 2047 3411 ό

462 3430 598 3495 Υἱός
621 3450 743 3498 μου
774 3437 805 3487 ό
832 3436 1163 3504 ἀγαπητὸς,
1184 3438 1254 3490 ἐν
1281 3434 1331 3507 ᾧ
1357 3442 1685 3512 εὐδόκησα.
1720 3448 1828 3500 Καὶ
1857 3453 2045 3503 τοιαύ-

448 3542 550 3593 την
590 3526 755 3579 κὰκεῖ
792 3528 889 3596 τὴν
912 3529 1177 3601 ἐξήγησιν
1202 3535 1611 3603 ἐποιησάμεθα.
1634 3541 1743 3593 Καὶ
1769 3544 2047 3609 ἀνάγνωθι

446 3620 731 3690 κὶκείνην,
778 3622 873 3675 καὶ
919 3624 1205 3697 ἑπιγνώσῃ
1242 3628 1603 3699 σαφέστερον,
1636 3635 1707 3686 Τὸ
1734 3635 1812 3696 δὲ.
1842 3640 1943 3703 Εἷς
1977 3638 2049 3693 ὃν

443 3711 786 3774 εὐδόκησεν
808 3716 846 3782 ἠ
873 3718 1046 3787 ψυχή
1083 3737 1221 3786 μου,
1258 3723 1380 3774 ἀντὶ
1408 3722 1525 3788 τοῦ,
1554 3725 1645 3789 Εἰς
1678 3728 1737 3780 ὂν
1770 3730 2049 3801 εὐδόκησα

446 3804 577 3871 ἐγώ.
610 3807 788 3861 Πολλὰ
814 3810 869 3863 δὲ
904 3813 1133 3867 τοιαῦτα
1170 3815 1620 3890 ἀνθρωποπρεπῆ
1664 3840 1841 3895 φησιν
1876 3827 1909 3897 η
1941 3828 2051 3881 II:-

446 3901 575 3950 λαιζι
628 3903 821 3973 Γραφὴ
858 3906 951 3959 ἐπὶ
983 3908 1077 3961 τοῦ
1130 3910 1291 3973 Θεοῦ,
1325 3912 1413 3964 διὰ
1454 3915 1555 3985 τὴν
1608 3918 1900 3989 παχύτητα
1948 3924 2052 3994 τῆς

447 3993 691 4059 διανοίας
709 3998 818 4050 τῶν
847 3999 1139 4071 Ἑϐραίων,
1156 4004 1190 4056 ἃ
1210 4005 1316 4075 χρὴ
1336 4008 1513 4061 πάντα
1540 4008 1864 4081 θεοπρεπῶς
1885 4018 2048 4070 νοεῖν.

521 4289 701 4357 Θήσω
728 4320 795 4330 -
822 4294 1035 4347 αὐτόν.
1064 4295 1201 4366 Περὶ
1232 4297 1326 4350 τοῦ
1359 4300 1885 4373 ἑνανθρωπήσαντος
1931 4310 2050 4364 υίοῦ

448 4380 607 4433 τοῦτο
637 4384 884 4454 εἴρηκεν,
910 4386 985 4451 ὡς
1018 4391 1147 4460 περὶ
1198 4392 1515 4462 ἀνθρώπου,
1543 4399 1953 4468 προκόπτοντος
1983 4408 2049 4476 τῇ

448 4478 799 4547 ἐπιφοιτήσει
839 4480 935 4533 τοῦ
980 4484 1254 4552 παναγίου
1288 4488 1635 4559 Πνεύματος,
1670 4494 1795 4564 περὶ
1821 4490 1883 4549 οὗ
1916 4500 2052 4567 φησι

450 4570 544 4621 καὶ
576 4574 603 4623 ὁ
636 4572 891 4637 Λουκᾶς’
930 4574 1005 4628 Τὸ
1048 4577 1117 4630 δὲ
1151 4580 1397 4634 παιδίον
1442 4554 1682 4649 ⁷ηὔξανε
1726 4554 1825 4642 aiat
1871 4554 2046 4658 ἐκρα-
2087 4554 2131 4609 D

450 4664 689 4717 τοιοῦτο
762 4670 1083 4736 πνεύματι,
1132 4676 1569 4744 πληρούμενον
1635 4683 1881 4749 σοφίας,
1948 4685 2048 4738 καί

450 4756 621 4823 χάρις
656 4759 805 4812 Θεοῦ
838 4756 917 4829 ἦν
933 4762 1028 4815 ἐπ’
1052 4766 1225 4820 αὐτό.

520 4851 630 4903 Kal
654 4878 724 4890 --
751 4852 1107 4923 ἀπαγγελεῖ.
1134 4858 1335 4929 Κρίσιν
1363 4860 1535 4931 λέγει,
1561 4865 1652 4918 τδν
1687 4866 2053 4936 εὐαγγελικὸν

448 4943 633 5010 νόμον,
686 4943 745 4996 ὃν
781 4948 1017 5017 ἐκήρυξε
1062 4952 1176 5013 τοῖς
1212 4952 1394 5009 ἔθνεσι
1424 4956 1513 5009 διὰ
1553 4959 1665 5011 τῶν
1701 4960 2051 5016 ἀποστόλωνο

450 5033 479 5102 ἢ
508 5036 607 5106 τὴν
661 5037 1070 5109 δικαιοκρισίαν
1102 5043 1295 5109 αὑτοῦ,
1328 5047 1410 5100 ὅτι
1439 5048 1545 5101 τῶν
1591 5049 1862 5106 Ἰουδαίων
1900 5057 2055 5111 ἀπω-

452 5132 709 5223 σαμένων
764 5134 954 5200 αὑτὸν,
1008 5140 1385 5206 προσελάϐετο
1429 5144 1499 5197 τὰ
1542 5137 1703 5216 ἔθνηέ
1738 5146 1913 5202 Τοῦτο
1946 5152 2055 5223 γὰρ

450 5221 636 5276 δικαία
677 5226 861 5296 κρίσις
906 5226 1079 5290 ὅντως
1113 5230 1284 5297 ἐστὶν,
1315 5234 1401 5287 ῐνα
1438 5237 1513 5304 μὴ
1544 5236 1729 5291 τέλεον
1777 5221 2055 5311 ἀπόληται

450 5317 510 5367 τὸ
549 5317 779 5387 πλάσμα
813 5319 923 5371 τῶν
953 5322 1155 5391 χειρῶν
1190 5324 1381 5378 αὑτοῦ.

526 5412 647 5464 Οὐκ
676 5442 745 5452 —-
773 5412 891 5479 τὴν
935 5416 1152 5485 φωνὴν
1184 5421 1396 5474 αὑτοῦ.
1426 5423 1528 5476 Διὰ
1562 5424 1737 5482 ταῦτα
1776 5427 1844 5479 τὰ
1892 5431 2054 5500 ῥητὰ,

452 5504 549 5572 τὴν
583 5506 713 5575 ὅλην
740 5507 1020 5563 ἑντέθεικε
1057 5516 1423 5585 προφητείαν.
1444 5518 1819 5592 Μακρόθυμος
1848 5524 1957 5595 γὰρ
1985 5522 2062 5578 ὣν

533 5688 576 5717 τ·
605 5685 803 5740 Matth.
834 5704 916 5751 ιιι,
946 5676 1049 5760 ‘19,
1128 5692 1173 5723 τε
1207 5693 1342 5749 Luc.
1386 5712 1445 5763 ιι,
1475 5696 1563 5752 to.

2144 602 2371 645 venerat
2428 604 2643 662 tempus
2691 584 2883 647 inertis
2918 594 3111 662 ipsius,
3172 594 3485 662 multosque
3547 595 3729 650 adhuc

2141 684 2429 752 oportebat
2459 685 2639 739 curari
2669 701 2733 739 ac
2773 686 2879 738 frui
2905 685 3155 739 doctrina
3187 685 3330 752 ejus.

2218 776 2370 830 Vers.
2407 776 2495 829 15.
2529 776 2596 829 Et
2618 791 2755 830 ——v.
2785 774 2873 830 16.
2918 777 3174 844 facerent.
3208 775 3323 830 Hoc
3352 778 3409 831 in
3440 777 3560 832 loco
3598 793 3725 832 ver-

2143 868 2272 923 bum
2329 869 2635 938 ἐπετίμησε
2693 870 3013 924 intermittas
3076 877 3193 933 est,
3231 872 3573 926 tantumdem
3632 886 3732 927 va-

2142 961 2238 1023 let,
2279 976 2343 1014 ac
2373 962 2418 1015 si
2477 962 2647 1023 dicas.
2688 962 2968 1031 Praecepit
2996 972 3052 1017 et
3090 963 3256 1016 variis
3301 964 3484 1018 verbis
3532 964 3727 1018 suasit.

2142 1053 2278 1108 Vide
2354 1037 2543 1109 autem
2602 1055 2881 1124 quomodo
2944 1065 3273 1124 agrotoruin
3366 1071 3553 1110 curam
3630 1056 3732 1109 ha-

2142 1148 2251 1210 bet,
2295 1158 2349 1202 et
2390 1149 2704 1203 Iudaeorum
2765 1150 2969 1204 devitat
3020 1149 3310 1215 invidiam,
3390 1149 3729 1218 praecipiens

2143 1255 2213 1294 ne
2247 1255 2306 1295 se
2339 1239 2690 1294 manifestum
2730 1240 2976 1295 facerent
3001 1241 3147 1310 quod
3178 1250 3400 1295 curaret
3433 1258 3447 1303 ;
3491 1241 3732 1307 plerum-

2143 1347 2251 1401 que
2278 1332 2426 1387 enim
2461 1331 2703 1386 futurum
2726 1342 2867 1393 erat.
2913 1316 2972 1387 ut
3026 1333 3133 1388 hoc
3176 1333 3469 1387 audientes
3502 1350 3736 1399 exaspe-

2145 1433 2418 1479 rarentur.
2452 1422 2589 1490 Quia
2631 1433 2813 1478 autem
2864 1425 3179 1491 hujusmodi
3228 1436 3560 1493 praeceptum
3624 1442 3736 1496 pra:

2145 1533 2340 1590 magna
2371 1518 2799 1571 mansuetudine
2832 1532 2896 1571 ac
2942 1517 3170 1571 lenitate
3214 1517 3473 1581 faciebat,
3526 1517 3737 1584 malens

2145 1624 2299 1661 suam
2379 1608 2605 1678 gloriam
2662 1608 2882 1677 penitus
2934 1608 3237 1671 occultari,
3295 1623 3459 1676 quam
3517 1609 3616 1661 llos
3669 1608 3737 1661 ad

2147 1703 2412 1771 majorem
2483 1700 2751 1754 insaniam
2816 1700 3085 1764 accendi,
3155 1700 3364 1754 inducit
3411 1699 3735 1768 praphetain

2146 1792 2503 1861 evangelista.
2542 1791 2635 1860 qui
2669 1790 2737 1845 de
2766 1800 2915 1845 tanta
2945 1791 3066 1859 ejus
3102 1791 3331 1846 lenitate
3355 1806 3418 1845 ac
3444 1792 3735 1845 tolerantia

2147 1884 2276 1939 olim
2311 1883 2489 1937 fuerat
2519 1884 2757 1949 locutus,
2798 1891 2853 1937 et
2880 1883 3014 1938 dicit
3043 1898 3056 1934 :

2218 1976 2378 2031 Vers.
2423 1980 2509 2031 l7.
2549 1977 2611 2033 Ut
2649 2006 2720 2017 —-
2748 1994 2799 2029 v.
2835 1976 2923 2030 l8.
2981 1975 3136 2043 elegi.
3178 1974 3306 2029 Haec
3356 1976 3460 2029 sub
3498 1991 3740 2045 persona

2147 2073 2324 2126 Patris
2382 2072 2549 2126 dicit:
2599 2072 2733 2125 Ecce
2774 2070 2948 2124 Filius
3007 2087 3152 2123 meus
3197 2070 3522 2138 unigenitus,
3586 2088 3741 2139 quem

2147 2162 2279 2231 elegi
2307 2204 2320 2224 ,
2370 2163 2476 2217 hoc
2516 2171 2601 2216 cst
2632 2163 2890 2216 omnibus
2938 2161 3177 2230 praetuli.
3212 2159 3355 2226 Quia
3400 2172 3584 2216 autem
3635 2163 3744 2217 duo

2148 2259 2391 2310 continet
2434 2256 2489 2310 in
2528 2272 2586 2311 se
2609 2256 2866 2312 Christus
2899 2275 2911 2309 :
2954 2255 3010 2309 in
3044 2270 3114 2310 eo
3174 2255 3321 2325 quod
3356 2255 3512 2317 dicit,
3546 2254 3746 2331 Filius,

2148 2350 2495 2404 divinitatem
2549 2348 2875 2420 signiﬁcat;
2945 2347 3000 2402 in
3057 2364 3124 2403 eo
3172 2363 3305 2402 vero
3353 2349 3501 2417 quod
3550 2349 3743 2403 addit:

2149 2442 2317 2508 Quem
2348 2445 2501 2514 elegi,
2544 2444 2969 2498 humanitatem.
3002 2442 3072 2497 Et
3102 2443 3303 2496 similia
3329 2450 3460 2497 sunt
3487 2458 3609 2513 quae
3668 2459 3747 2499 se-

2152 2548 2416 2607 quunlur.

2220 2630 2378 2684 Vers.
2412 2631 2497 2684 l8.
2561 2629 2793 2683 Dilectus
2827 2659 2895 2669 -——
2928 2646 3069 2682 mea.
3103 2630 3226 2683 Pari
3268 2628 3456 2692 modo,
3507 2627 3747 2688 Dilectus

2152 2738 2315 2785 meus,
2350 2722 2418 2776 de
2446 2722 2735 2777 divinitate
2760 2721 2967 2777 dictum
2999 2728 3083 2774 est
3116 2739 3130 2787 ;
3190 2720 3256 2775 In
3285 2738 3387 2791 quo
3430 2721 3555 2775 bene
3609 2738 3750 2774 com-

2148 2814 2349 2883 placuit
2377 2815 2477 2867 sibi
2510 2815 2693 2869 anima
2746 2831 2887 2880 mea,
2938 2814 3007 2869 de
3038 2814 3410 2868 humanitate.
3468 2812 3565 2866 Est
3601 2813 3751 2866 enim

2149 2907 2383 2961 dilectus
2415 2906 2753 2976 unigenitus.
2800 2908 2859 2959 In
2905 2906 3031 2975 ipso
3089 2920 3225 2960 vero
3254 2906 3395 2959 bene
3434 2903 3545 2959 sibi
3596 2920 3752 2960 com-

2153 3000 2380 3069 placuit,
2411 3009 2602 3071 utpote
2628 3000 2681 3055 in
2717 3016 2827 3071 quo
2857 3001 3166 3057 oblectatus
3207 3010 3331 3056 est:
3382 3001 3751 3070 vel‘tanquam

2153 3096 2207 3148 in
2249 3109 2336 3155 eo,
2371 3109 2470 3163 per
2499 3109 2662 3164 quem
2692 3094 2835 3149 bona
2894 3094 3091 3159 voluit,
3127 3094 3253 3151 dico
3281 3110 3417 3150 sane
3460 3094 3750 3149 hominum

2076 3175 2120 3234 C
2155 3187 2416 3241 salutem.

2227 3278 2352 3352 ipso
2380 3296 2600 3351 quoque
2654 3281 2954 3351 baptizato,
2982 3281 3303 3353 hujusmodi
3334 3296 3528 3336 vocem
3593 3279 3757 3344 Pater

2156 3376 2393 3445 desuper
2422 3376 2625 3443 emisit,
2653 3377 2844 3431 dicens
2872 3392 2890 3430 :
2928 3378 3028 3432 Hic
3057 3388 3133 3432 est
3169 3377 3334 3432 Filius
3358 3393 3505 3432 meus
3526 3375 3755 3430 dilectus

2155 3469 2211 3521 in
2239 3485 2340 3539 quo
2372 3468 2500 3523 mihi
2526 3468 2656 3523 bene
2686 3468 3058 3539 complacitum
3078 3480 3157 3525 est
3183 3471 3254 3537 ";
3303 3469 3652 3539 similemque
3682 3468 3758 3523 ibi

2158 3562 2413 3617 dedimus
2444 3565 2895 3624 enarrationem:
2932 3564 3052 3635 lege
3084 3579 3216 3635 ergo
3246 3571 3302 3617 et
3339 3564 3510 3626 illam,
3548 3570 3606 3616 ut
3640 3562 3759 3631 pla-

2158 3657 2285 3710 nius
2335 3655 2628 3726 intelligas.
2681 3657 2839 3722 Quod
2894 3664 3079 3711 autem
3114 3657 3356 3712 dicitur:
3399 3656 3461 3709 In
3500 3673 3601 3723 quo
3634 3655 3763 3709 bene

2158 3751 2480 3818 complacuit
2518 3752 2619 3804 sibi
2654 3752 2837 3804 anima
2885 3768 3025 3815 mea,
3061 3751 3203 3805 idem
3240 3760 3326 3804 est
3365 3750 3533 3819 quod,
3572 3750 3762 3819 Inth

2160 3844 2285 3897 bene
2316 3844 2444 3897 mihi
2496 3844 2875 3912 complacitum
2917 3854 3012 3898 est.
3058 3843 3223 3898 Multa
3256 3844 3386 3898 item
3441 3843 3761 3913 hujusmodi

2160 3955 2280 4005 qua:
2313 3937 2596 3992 hominum
2643 3947 2791 4002 sunt,
2836 3939 3050 3993 Veteris
3076 3938 3419 3993 Testamenti
3474 3937 3763 4007 Scriptura

2160 4032 2292 4086 dicit
2326 4033 2393 4086 de
2419 4033 2550 4097 Deo,
2576 4044 2800 4104 propter
2818 4050 3057 4089 crassam
3094 4032 3453 4089 Hebrceornm
3485 4040 3761 4088 mentem:

2159 4142 2279 4195 quae
2308 4126 2495 4180 omnia
2524 4125 2831 4197 intelligere
2859 4136 3079 4197 oportet
3104 4137 3381 4198 quatenus
3416 4124 3529 4179 Deo
3561 4140 3767 4179 conve-

2161 4218 2343 4272 niunt.

2236 4310 2393 4367 Vers.
2462 4311 2547 4367 l8.
2618 4311 2825 4367 Panum
2876 4341 2945 4353 -—
2994 4330 3135 4368 eum.
3206 4311 3280 4367 De
3316 4311 3454 4366 Filio
3508 4314 3765 4366 incarna-

2164 4414 2217 4459 ιο
2273 4405 2377 4460 hoc
2423 4406 2581 4471 dixit,
2638 4410 2898 4475 tanquam
2956 4405 3023 4461 de
3065 4405 3291 4461 homine
3321 4405 3642 4474 proliciente
3672 4420 3771 4471 per

2162 4512 2445 4551 accessum
2484 4496 2726 4569 Spiritus
2764 4497 2963 4553 sancti.
2999 4496 3073 4550 De
3105 4512 3215 4566 quo
3260 4497 3425 4550 etiam
3462 4497 3607 4549 dixit
3657 4496 3768 4549 Lu-

2162 4605 2253 4644 cas
2296 4606 2309 4642 :
2362 4590 2507 4645 Puer
2567 4601 2746 4645 autem
2783 4592 3049 4644 crescebat
3080 4599 3138 4643 et
3182 4590 3635 4643 corroborabatur
3657 4591 3772 4657 δρί-

2153 4686 2283 4752 ritu,
2296 4686 2483 4754 plenus
2499 4686 2791 4755 sapientia.
2818 4694 2867 4738 et
2884 4684 3061 4756 gratia
3089 4682 3182 4737 Dei
3201 4692 3317 4737 erat
3337 4699 3495 4752 super
3521 4682 3674 4734 illum
3697 4680 3767 4733 ⁷⁸.

2232 4871 2389 4927 Vers.
2426 4869 2513 4926 l8.
2536 4870 2603 4925 Et
2623 4901 2689 4911 —
2712 4869 3072 4923 annuntiabit.
3104 4867 3384 4923 Judicium
3410 4876 3565 4921 vocat
3598 4865 3775 4933 legent

2164 4965 2561 5036 evangelicam,
2617 4980 2781 5034 quam
2830 4979 2930 5033 per
2986 4963 3265 5032 apostolos
3299 4960 3777 5030 prmdicavitgen-

2164 5060 2331 5114 tihus.
2394 5058 2489 5113 Vel
2530 5058 2740 5129 justum
2793 5056 3063 5127 judicium
3115 5071 3417 5125 suum,quo
3452 5055 3777 5123 repellenti-

2166 5153 2270 5208 bus
2350 5166 2476 5209 eum
2530 5150 2755 5213 Judaais,
2817 5150 3116 5219 assumpsit
3184 5160 3395 5220 gentes.
3454 5147 3570 5201 Hoc
3622 5148 3771 5201 enim

2167 5262 2295 5300 vere
2323 5246 2534 5315 justum
2576 5254 2662 5301 est
2694 5244 2982 5315 judicium,
3039 5258 3107 5297 ne
3148 5242 3374 5297 omnino
3416 5251 3607 5312 pen-at
3636 5256 3777 5311 apus

2171 5354 2431 5393 manuum
2484 5338 2625 5408 ejus.

2252 5433 2403 5489 Vers.
2482 5436 2566 5489 19.
2650 5434 2773 5488 Non
2810 5466 2875 5479 -—
2933 5452 3103 5488 vocem
3159 5435 3295 5502 eius.
3361 5418 3776 5500 PrOpter'hxc

2178 5528 2343 5585 verba
2378 5539 2544 5584 totam
2590 5529 2772 5599 posuit
2843 5528 3207 5600 prOphetiam.
3272 5523 3406 5579 Nam
3443 5539 3566 5579 cum
3624 5536 3777 5576 nian-

1676 5769 1873 5831 Variaa
1912 5770 2224 5836 lectiones
2263 5782 2325 5841 et
2366 5783 2555 5837 nolm.

528 5839 642 5911 (77)
687 5842 875 5909 αὑτοῦ,
909 5860 1007 5914 pro
1040 5846 1245 5901 ἄνωθεν
1279 5850 1341 5903 Α.
