4438 6438
764 405 871 471 455

2007 395 2393 461 EUTHYMII
2432 388 2790 459 ZIGABENI

3961 367 4069 455 iss

839 520 993 574 \‘ers.
1028 519 1117 572 29.
1148 516 1213 570 Et
1261 546 1317 556 --
1347 518 1479 572 illis.
1538 516 1819 573 Interdum
1850 516 2073 588 quidem
2104 516 2221 585 ipse
2252 515 2363 570 cir-
2398 519 2443 577 Α
2546 513 2592 565 Κ

2313 528 2363 567 r-
2398 519 2443 577 Α
2546 510 2654 565 Kal
2692 537 2763 551 —-
2790 504 2938 562 lui.
2974 507 3112 562 Ποτὶ
3148 505 3248 576 μιν
3293 505 3461 570 αὐτὸς
3510 503 3865 576 περιέρχεται
3904 502 4066 572 θερα-

765 613 934 666 cmnit
964 651 977 672 ,
1016 625 1224 663 sanans
1293 624 1391 663 eos
1432 610 1544 678 'qui
1626 611 1765 665 male
1821 609 2028 663 habent
2065 626 2081 661 :
2115 607 2365 677 quando-

762 720 867 771 que
939 710 1119 754 autem
1202 702 1352 754 sedet
1427 711 1755 771 exspectans
1834 716 1943 755 eos
1990 700 2191 769 quibus
2236 711 2366 752 cura

763 810 898 862 opus
918 805 1045 854 est;
1099 793 1229 845 illud
1265 795 1487 861 quidem
1540 808 1639 848 sua
1708 793 1980 855 bonitate,
2044 791 2149 845 hoc
2209 803 2364 849 vero,

764 894 822 937 ut
850 884 918 936 de
951 882 1289 936 iulirniorum
1344 885 1449 938 [ide
1498 893 1680 939 sumat
1734 884 2197 953 experimentum.
2239 878 2368 931 Fre-

760 987 996 1045 quenter
1044 987 1225 1030 autem
1258 977 1312 1029 in
1358 987 1601 1031 montem
1638 976 1909 1041 ascendit,
1971 982 2198 1044 propter
2248 984 2365 1023 sua:

760 1071 1105 1123 altitudinem
1151 1072 1495 1126 divinitatis:
1543 1088 1607 1127 ac
1654 1071 1859 1125 docens
1912 1083 1942 1121 a
1995 1066 2113 1122 solo
2163 1064 2367 1119 elevari

758 1178 853 1216 eos
882 1166 973 1231 qui
1021 1163 1129 1216 Deo
1165 1166 1613 1233 appropinquare
1634 1162 1889 1233 cupiunt.

1101 1280 1256 1333 CAP.
1286 1278 1451 1332 XXX.
1488 1278 1561 1330 De
1584 1278 1751 1331 turbis
1788 1276 2019 1330 sanatis.

830 1393 985 1447 \‘ers.
1027 1396 1111 1447 :0.
1160 1394 1225 1446 Et
1278 1423 1343 1433 —-
1389 1392 1604 1445 multos.
1660 1391 1862 1443 Κυλλοὶ
1900 1392 2024 1460 (pro
2085 1403 2197 1458 quo
2245 1404 2365 1440 mu-

766 1486 886 1537 tilos
968 1486 1255 1537 vertimus)
1324 1483 1544 1553 proprie
1610 1482 1897 1545 dicuntur,
1955 1480 2048 1550 qui
2108 1478 2367 1533 manibus

756 1586 962 1635 carent.
996 1584 1134 1628 ειευι
1175 1576 1457 1629 tricesimo
1493 1576 1736 1644 septimo
1778 1572 1961 1640 capite
2016 1569 2367 1624 manifestius

756 1670 981 1738 patebit.

830 1756 1078 1812 \‘ers.30.
1109 1758 1177 1809 Et
1217 1785 1289 1796 —
1319 1756 1463 1809 illos.
1511 1754 1644 1809 Vide
1697 1755 2080 1826 proﬁcientem
2140 1753 2361 1808 illorum

755 1852 942 1907 ﬁdem.
1000 1838 1203 1919 Neque
1246 1849 1395 1903 enim
1443 1848 1679 1919 amplius
1719 1856 1952 1919 tangunt
1986 1846 2254 1900 limbriam
2284 1861 2371 1899 ve-
2397 1849 2445 1908 B
2474 1827 2679 1883 αὐτῶνθ
2716 1827 2831 1881 οὐκ

752 1945 998 1998 stimenti
1026 1942 1170 2011 ejus,
1194 1939 1290 1994 sed
1322 1940 1619 2009 projiciunt
1645 1954 1705 1993 se
1736 1940 1909 1993 solum
1935 1937 2002 1992 ad
2033 1937 2200 2010 pedes
2220 1938 2362 2006 ejus,

753 2043 808 2089 et
835 2040 1061 2101 repente
1093 2040 1253 2085 curat
1284 2030 1405 2084 illos
1439 2049 1451 2083 :
1480 2044 1589 2082 non
1626 2028 1773 2099 quod
1804 2028 2029 2099 majoris
2075 2028 2188 2083 sint
2232 2026 2339 2081 ﬁde

752 2139 915 2192 quam
979 2123 1311 2183 Cliananzea,
1379 2122 1475 2174 sed
1508 2118 1654 2187 quod
1706 2116 1882 2172 Judazi
1928 2119 2057 2184 sint,
2093 2127 2153 2174 ut
2183 2117 2366 2187 ingra-

753 2225 935 2271 torum
973 2217 1195 2269 ohturet
1248 2227 1344 2267 ora
1389 2212 1732 2274 Iudaeorum,
1801 2208 2197 2263 demonstrans
2240 2210 2365 2261 illos

752 2308 944 2374 majori
996 2299 1189 2377 dignos
1248 2304 1542 2376 supplicio.
1618 2302 1871 2368 Ingratus
1920 2302 2068 2355 enim
2153 2288 2363 2369 quanto

750 2398 1058 2466 majoribus
1115 2397 1477 2465 pluribusque
1538 2393 1777 2447 aﬂicilur
1831 2392 2143 2456 beneﬁciis,
2205 2401 2359 2446 tanto

750 2491 812 2542 ad
849 2491 1110 2556 majorem
1145 2502 1364 2556 plenam
1407 2486 1663 2540 luendam
1694 2498 1780 2540 est
1803 2486 2099 2539 obnoxius.

823 2584 974 2634 νει-δ.
1012 2582 1100 2633 3|.
1138 2579 1221 2632 Ita
1260 2591 1313 2630 ut
1361 2609 1429 2619 —
1474 2580 1671 2632 videre.
1731 2578 2074 2632 Mirabantur
2131 2587 2361 2647 propter

750 2689 943 2726 eorum
980 2672 1393 2725 multitudinem
1450 2672 1543 2741 qui
1599 2670 1960 2733 curabantur,
2023 2679 2079 2723 et
2132 2678 2359 2740 propter

747 2766 1049 2820 c‘u'atiouis
1080 2764 1447 2817 velocitatem.

823 2859 973 2911 κει-ς.
1018 2858 1106 2910 31.
1159 2855 1225 2908 Et
1258 2886 1327 2895 —
1360 2856 1552 2909 Israel.
1593 2855 1763 2911 Deum
1824 2856 1995 2927 ipsius
2033 2853 2223 2922 Israel,
2255 2855 2361 2911 hoc

744 2960 846 3012 est,
870 2951 961 3018 qui
993 2951 1062 3003 ab
1097 2950 1355 3002 lsraelitis
1373 2950 1680 3003 colebatur.

1017 3062 1171 3118 CiP.
1210 3062 1405 3116 XXXI.
1445 3062 1520 3117 De
1564 3074 1762 3133 septem
1804 3064 2052 3134 panibus.

822 3177 971 3229 \‘ers.
1030 3177 1116 3229 δι’..
1159 3175 1309 3228 Jesus
1340 3186 1520 3228 autem
1550 3205 1621 3214 —
1646 3180 1828 3228 edant.
1887 3175 2013 3230 Dies
2082 3186 2216 3239 tres,
2250 3189 2351 3245 pro
2381 3199 2427 3261 ο

744 3268 937 3321 diebus
972 3269 1170 3320 tribus.
1206 3267 1543 3319 Admiranda
1577 3276 1697 3319 erat
1748 3275 1894 3319 tanta
1933 3267 2106 3321 turbae
2166 3282 2355 3336 perse-

2472 608 2661 656 πεύων
2693 601 2824 663 τοὺς
2856 599 3044 663 κακῶς
3076 599 3325 668 έχοντας,
3348 597 3481 651 ποτὶ
3520 598 3578 651 δὲ
3631 596 3869 665 κάθηται
3908 610 4068 665 περι-

2474 698 2659 767 μένων
2691 695 2819 756 τοὺς
2860 692 3164 763 χρῄζοντας
3194 691 3496 761 θεραπείας
3530 707 3545 723 ο
3609 691 3793 742 έκεῖνο
3845 686 3945 757 μιν
4001 684 4071 738 δι’

2469 787 2681 841 οίκιιαν
2720 784 3063 852 ἁγαθότητα,
3092 781 3254 834 τοῦτο
3282 782 3345 835 δι
3395 780 3713 852 δοκιμάζων
3754 779 3857 849 τὴν
3886 777 4071 828 πίστιν

2468 879 2579 931 τῶν
2616 877 2961 946 καμνόντων.
2995 873 3247 943 Συνεχῶς
3272 873 3328 925 δὲ
3366 874 3447 935 είς
3485 872 3613 944 ὅρος
3652 872 3855 933 ἄνεισι,
3886 868 3975 921 διὰ
4011 866 4071 918 τδ

2472 971 2605 1041 ὕψος
2631 972 2732 1040 τῆς
2772 966 2970 1021 ἑαυτοῦ
3024 965 3306 1036 θεότητος,
3352 965 3445 1017 καὶ
3486 963 3768 1017 παιδεύων
3834 958 4067 1028 ῑπαίρε-

2474 1064 2597 1117 σθαι
2649 1062 2890 1133 χαμόθεν
2941 1060 3068 1123 τοὺς
3101 1058 3430 1130 πλησιάζειν
3484 1055 3563 1126 τῷ
3615 1055 3737 1125 Θεῷ
3782 1052 4065 1115 θέλοντας.

2543 1264 2705 1317 ΚΕΦ.
2761 1263 2842 1315 Δ’.
2902 1258 3043 1327 Περὶ
3098 1258 3217 1311 τῶν
3274 1255 3771 1325 θεραπευθέντων
3838 1254 4064 1321 ὄχλων.

2543 1376 2653 1432 Kal
2678 1404 2749 1415 —
2778 1373 3073 1437 πολλούς.
3108 1368 3310 1424 Κυλλοὶ
3341 1370 3547 1438 κυρίως
3600 1369 3649 1421 οι
3681 1366 3929 1437 ἄχειρες,
3992 1364 4068 1425 ὡς

2470 1470 2529 1521 ιν
2560 1465 2640 1535 τῷ
2668 1465 2747 1529 λζ’
2779 1462 3062 1533 κεφαλαίῳ
3105 1457 3601 1529 διαγνωσθησεται.

2540 1736 2650 1791 Kal
2682 1764 2754 1775 —
2782 1732 3030 1798 αὐτούς.
3091 1731 3235 1801 Ὂρα
3284 1727 3700 1797 προκόπτουσαν
3746 1724 3846 1792 τὴν
3889 1719 4075 1771 πίστιν

2864 1826 2946 1879 ιτι
2996 1824 3106 1893 γὰρ
3172 1822 3441 1875 ἅπτονται
3480 1818 3575 1873 τοῦ
3622 1814 3935 1887 κρασπέδου
3979 1811 4075 1864 τοῦ

2474 1922 2697 1992 ίματίου
2764 1918 2955 1986 αὑτοῦ,
3011 1916 3152 1971 ἀλλὰ
3215 1916 3501 1988 ῥίπτονται
3577 1911 3742 1982 μόνον
3803 1906 3911 1979 πρὸ
3957 1906 4072 1959 τῶν

2404 2012 2409 2018 ’
2471 2011 2655 2066 ποδῶν
2684 2010 2881 2076 αὑτοῦ,
2916 2011 3014 2063 καὶ
3043 2006 3392 2079 παραχρῆμα
3434 2002 3703 2076 θραπεύει
3730 1999 3949 2062 αὐτοὺς.
3973 1996 4075 2067 οὐχ

2467 2106 2541 2170 ὡς
2574 2104 2929 2174 πιστοτέρους
2962 2103 3064 2173 τῆς
3094 2101 3437 2163 Χαναναίας,
3493 2097 3611 2151 ἀλλ’
3635 2096 3711 2156 ὡς
3748 2093 4073 2154 Ἰουδαίους,

2470 2201 2493 2249 ι
2505 2199 2809 2266 μφράττων
2843 2196 2955 2246 τῶν
2987 2194 3305 2263 ἀχαρίστων
3379 2189 3656 2245 Ἰουδαίων
3691 2188 3761 2241 τὰ
3804 2188 4073 2254 στόματα,

2469 2292 2565 2342 καὶ
2592 2286 2912 2355 ἀποφαίνων
2942 2284 3138 2346 αὐτοὺς
3172 2282 3419 2352 μείζονος
3450 2277 3722 2349 τιμωρίας
3753 2275 3965 2339 ἀξίους.
4011 2271 4074 2325 ⁸0

2470 2385 2581 2448 γὰρ
2634 2378 2962 2449 ἀχάριστος,
2990 2377 3116 2429 ὅσον
3146 2375 3519 2444 εὐεργετείται
3556 2370 3764 2441 μεῖζον,
3816 2366 4075 2420 τοσοῦτον

2467 2474 2685 2541 γίνεται
2726 2470 2937 2541 μείζονι
2977 2468 3199 2521 κολάσει
3234 2463 3563 2526 ὑπεὺθυνος.

2543 2566 2727 2620 Ὥστε
2784 2593 2855 2604 -
2894 2562 3270 2627 βλέποντας.
3346 2555 3696 2625 Ἑθαύμαζον
3750 2552 3839 2606 διά
3894 2568 3954 2605 τε
4009 2552 4074 2601 τδ

2468 2658 2672 2727 πλῆθος
2710 2656 2819 2709 τῶν
2878 2655 3366 2725 θεραπευομένων,
3400 2651 3496 2704 καὶ⁵
3544 2650 3632 2702 διὰ
3659 2647 3721 2701 τὸ
3768 2650 3936 2716 ταχος
3970 2644 4070 2711 τῆς

2478 2751 2806 2823 θεραπείας.

2538 2842 2650 2897 Kal.
2681 2870 2749 2881 —
2790 2838 3051 2908 Ἰσραήλ,
3091 2839 3197 2891 Τὸν
3227 2836 3361 2890 Θεὸν
3400 2836 3476 2906 (5)
3512 2832 3753 2905 Ἰσραὴλ,
3795 2830 4071 2896 τουτέστι,

2464 2931 2559 2986 τὸν
2585 2930 2900 3001 τιμώμενον
2928 2930 3035 2983 ὑπὸ
3063 2930 3174 2983 τῶν
3224 2927 3599 2999 Ἰσραηλιτῶν.

2752 3047 2912 3100 ΚΕΦ.
2941 3045 3067 3098 AA'.
3086 3043 3227 3111 Περὶ
3248 3042 3364 3095 τῶν
3386 3042 3536 3095 ἑπτὰ
3568 3040 3784 3109 ἀρτων.

2548 3162 2692 3217 ’0-
2708 3162 3003 3231 φάγωσιν.
3022 3160 3253 3227 Ἡμέραι
3278 3158 3355 3226 (ι)
3376 3159 3544 3226 τρεῖς,
3568 3155 3687 3207 ἀντὶ
3698 3152 3813 3219 τοῦ,
3834 3152 4072 3223 ἡμέραις

2458 3259 2633 3329 τρισί.
2669 3256 2975 3323 Θαυμαστὴ
3005 3254 3061 3305 δὲ
3098 3254 3132 3321 ὴ
3164 3250 3407 3320 τοσαύτη
3454 3248 3548 3301 τοῦ
3590 3248 3750 3317 ὄχλου
3779 3248 4068 3316 καρτερία.

745 3360 1010 3411 verantia.
1046 3359 1227 3423 Quare
1257 3368 1443 3411 autent
1478 3368 1662 3412 tacent
1696 3359 1977 3427 discipuli,
2020 3374 2123 3413 nec
2166 3359 2357 3413 dicunt
2458 3357 2497 3405 Δ

2313 3368 2357 3413 tt
2458 3352 2611 3405 Διατί
2641 3349 2698 3403 δὲ
2744 3350 2971 3415 σιγῶσιν
3002 3347 3051 3399 οἱ
3092 3344 3357 3415 μαθηταὶ,
3403 3343 3497 3394 καὶ
3528 3340 3648 3409 οὐχ,
3680 3340 3754 3399 ὡς
3782 3338 4066 3407 πρότερον,

742 3461 796 3501 ιιι
838 3450 1009 3516 prius.
1051 3447 1269 3500 Dimitte
1299 3450 1508 3509 turbas,
1573 3448 1738 3516 idque
1802 3449 1979 3502 tribus
2007 3449 2117 3517 jam
2152 3450 2356 3516 elapsis

743 3541 978 3593 diebus?
1016 3541 1153 3604 Quia
1215 3541 1476 3593 videbant
1509 3541 1629 3593 illos
1667 3551 2086 3608 perseverantes
2120 3556 2183 3593 ac
2233 3555 2361 3610 gau-

742 3626 937 3676 dentes
978 3640 1147 3691 super
1199 3625 1526 3679 sunitatibus
1590 3623 1958 3689 inﬁrmorum,
2017 3641 2117 3679 nec
2154 3625 2355 3681 famem

742 3711 960 3787 penitus
982 3721 1307 3771 sentientes.

812 3808 1084 3863 Fortassis
1134 3819 1317 3862 autem
1351 3818 1406 3862 et
1454 3808 1522 3863 ad
1563 3811 1783 3865 tertium
1820 3826 1990 3880 usque
2022 3812 2167 3866 diem
2204 3828 2359 3867 escas

740 3903 1050 3955 detulerant
1083 3924 1096 3953 λ
1139 3902 1262 3955 ideo
1296 3913 1425 3957 tunc
1475 3904 1697 3957 demum
1726 3904 1791 3957 ad
1845 3906 2171 3959 miraculum
2204 3922 2361 3961 acce-

738 3996 838 4059 dit,
880 4000 1099 4066 quaudo
1142 3999 1194 4051 in
1236 3998 1485 4051 ciborum
1540 3999 1839 4068 indigentia
1882 4004 2166 4055 conStituti
2208 4012 2357 4055 sunt.

738 4094 921 4155 Quare
948 4101 1130 4144 autem
1169 4108 1385 4145 rursum
1440 4092 1563 4147 illos
1594 4093 1647 4145 in
1705 4094 1931 4146 deserto
1994 4096 2194 4162 pascit?
2244 4095 2361 4150 Uti-

739 4200 844 4251 que
875 4200 943 4237 ne
975 4184 1027 4236 in
1080 4184 1163 4236 via
1218 4184 1544 4247 detinerent,
1596 4186 1740 4237 sicut
1780 4187 1897 4254 ipse
1952 4198 2360 4255 consequenter

743 4279 897 4342 dicit,
967 4289 1021 4332 ct
1072 4288 1128 4331 ut
1198 4280 1551 4334 conﬁrmaret
1630 4281 1851 4350 signum
1932 4284 2359 4351 prazcedentium

742 4385 987 4439 qumque
1021 4386 1263 4437 panum;
1300 4370 1541 4438 undique
1582 4371 1725 4423 enim
1758 4371 2099 4443 divulgatum
2132 4382 2270 4438 erat,
2305 4382 2364 4427 ut

741 4465 887 4531 quod
926 4462 1141 4529 publice
1176 4464 1377 4515 factum
1416 4463 1621 4517 fuerat.

2458 3446 2728 3513 λέγουσιν·
2774 3443 3071 3494 ’Λπόλυσον
3105 3442 3195 3491 τὸν
3222 3438 3506 3507 Clitumna}.
3528 3433 3702 3487 ταῦτα
3732 3432 3898 3502 τριῶν
3926 3446 4070 3499 παρ-

2464 3538 2732 3592 ελοοδσῶν
2780 3534 3040 3606 ήμερὼν;
3080 3533 3227 3585 Διότι
3277 3530 3504 3581 ἒὸλεπον
3562 3530 3687 3589 τοὺς
3730 3539 4064 3593 προσκαρτε-

2467 3632 2699 3703 ροῦντας
2743 3631 3031 3699 χαίροντας
3060 3627 3153 3679 επὶ
3195 3628 3311 3687 ταῖς
3344 3623 3694 3694 ἀναρρώσεσι
3742 3622 3850 3671 τῶν
3907 3616 4064 3669 ἀσθε-

2464 3727 2723 3787 νούντων,
2768 3725 2861 3775 καὶ
2892 3723 2999 3773 οὐδ’
3033 3720 3170 3782 ὅλως
3202 3717 3629 3785 αἰσθανομένους
3660 3714 3843 3785 λιμοῐρ.

2540 3818 2701 3877 Ἴσως
2744 3815 2799 3867 δὲ
2825 3818 2916 3865 και
2949 3812 3114 3881 μέχρι
3145 3810 3241 3879 τῆς
3280 3808 3468 3879 τρίτης
3502 3808 3712 3879 ἡμέρας
3748 3808 3893 3877 εἶχον
3940 3806 4068 3874 ἐφό-

2464 3909 2577 3962 δια.
2617 3910 2707 3959 Διὸ
2750 3909 2845 3959 καὶ
2883 3907 3006 3958 τότε
3031 3906 3223 3958 λοιπὸν
3271 3906 3363 3956 ἐπὶ
3388 3905 3448 3956 τὸ
3481 3904 3669 3973 θαῦμα
3691 3904 3940 3974 ερχεται,
3971 3904 4060 3953 ὅτε

2467 4003 2822 4069 κατέστησαν
2854 4003 2912 4051 έν
2948 3999 3109 4067 χρείᾳ
3144 4000 3373 4067 τροφῆς.
3412 3997 3570 4059 Τίνος
3601 3998 3657 4048 δὲ
3682 3997 3871 4047 ἕνεκεν
3900 3995 4062 4047 πάλιν

2467 4097 2668 4156 αὐτοὺς
2701 4097 2759 4145 ὲν
2795 4094 2993 4163 ἐρήμῳ
3034 4092 3225 4161 τρέφει
3262 4106 3275 4153 ;
3314 4090 3562 4153 Πάντως,
3594 4090 3679 4140 ῖνα
3717 4087 3795 4158 μὴ
3824 4086 4066 4139 ἐκλυθῶ-

2471 4210 2555 4245 σιν
2608 4195 2667 4243 ὲν
2720 4194 2788 4261 τῇ
2852 4188 2979 4259 ὀδῷ,
3009 4188 3191 4251 καθὼς
3224 4190 3389 4251 αὐτὸς
3424 4186 3548 4239 εἷπε
3580 4185 3810 4255 προῖὼν,
3848 4188 3939 4237 καὶ
3976 4184 4065 4235 ἵνα

2470 4282 2751 4352 βεϐαιώσῃ
2779 4281 2840 4332 τὸ
2870 4284 3099 4349 σημεῖον
3126 4280 3234 4331 τῶν
3263 4280 3653 4349 προλαὸόντων
3674 4280 3834 4330 πέντε
3858 4278 4061 4347 ἀρτων·

2468 4373 2893 4444 διατεθρύλλητο
2930 4374 3040 4443 γὰρ
3100 4372 3253 4441 παρὰ
3318 4374 3506 4436 πᾶσιν,
3563 4372 3637 4434 ὠς
3686 4372 3761 4441 (5)
3800 4388 4066 4437 και-,σφα-

2468 4472 2577 4533 νὲς.
2619 4468 2696 4539 (li)

814 4554 964 4607 Vers.
1008 4554 1098 4607 5).
1138 4554 1201 4607 Et
1237 4586 1300 4595 -—
1356 4558 1461 4610 t-ia.
1528 4557 1765 4615 Marcus
1814 4572 1996 4615 autem
2061 4561 2281 4616 addidit
2328 4579 2341 4617 :
2383 4572 2425 4625 Ι)
2529 4567 2567 4616 ις

2328 4579 2341 4617 :
2383 4572 2425 4625 Ι)
2529 4563 2635 4616 Kal
2670 4590 2740 4600 —
2774 4556 2914 4623 ὀδῷ.
2950 4560 3007 4611 Ὀ
3049 4557 3105 4611 δὲ
3129 4557 3357 4627 Μάρκος
3392 4556 3725 4628 προσέθιμν
3761 4557 3925 4623 Τινὲς
3949 4560 4058 4626 γὰρ

738 4649 965 4712 Quidam
1020 4651 1157 4703 enim
1207 4668 1387 4702 eurum
1452 4668 1478 4703 e
1542 4654 1828 4723 longinquo
1884 4670 2159 4709 venerunt.
2218 4656 2354 4710 Vide
2454 4659 2491 4711 ἐς

2299 4656 2354 4710 lc
2454 4657 2521 4721 ἐξ
2554 4656 2632 4726 (ἲ)
2664 4652 2867 4711 αὐτῶν
2896 4658 3203 4723 μακρόθεν
3252 4654 3539 4721 ἥκουσιν.
3575 4652 3720 4722 Ὀρα
3756 4652 3811 4705 δὲ
3845 4653 4052 4704 Δεσπό-

736 4760 868 4808 ergu
905 4744 1118 4797 Domini
1156 4745 1583 4799 liuiuauimtem.
1659 4747 1793 4800 Nam
1850 4750 2036 4803 sciens
2097 4763 2354 4803 naturam
2454 4770 2489 4803 τι

2307 4765 2354 4802 m
2454 4770 2548 4804 του
2606 4749 3055 4818 φιλανθρωπίαν.
3124 4749 3297 4811 Εἰδὼς
3378 4748 3489 4819 γὰρ
3552 4749 3653 4817 τὴν
3707 4746 4060 4817 ἀνθρωπίνην

740 4837 1035 4890 humanam
1086 4840 1209 4893 cibo
1254 4841 1525 4912 indigere,
1589 4842 1848 4910 providet
1911 4845 1961 4897 ei
2024 4846 2190 4898 etiam
2248 4860 2357 4899 non
2458 4862 2493 4912 φ

2307 4860 2357 4898 in
2458 4844 2621 4912 φύσιν
2660 4841 2925 4912 δεομένην
2956 4843 3186 4912 τροφῆς,
3226 4843 3541 4912 προνοεῖται
3580 4839 3810 4911 ταύτης.
3841 4842 3938 4892 καὶ
3983 4839 4060 4907 μὴ

739 4934 1058 4999 requisitus,
1092 4934 1392 5002 cibumque
1454 4935 1682 5003 praebet.
1725 4934 2111 4990 Communicat
2174 4944 2358 4990 autem
2460 4954 2492 4991 a

2307 4952 2358 4990 in
2460 4935 2733 5007 αἰτηθεὶς,
2776 4936 3011 5006 παρέχει
3064 4937 3298 5007 τροφήν.
3354 4936 3771 5001 Κοινολογείται
3814 4932 3870 4985 δὲ
3922 4934 4060 5001 πρὸς

735 5023 1048 5091 discipulis,
1084 5036 1140 5077 ut
1179 5027 1453 5080 recordati
1510 5027 1756 5082 miraculi
1815 5028 2057 5098 quinque
2123 5045 2349 5099 panum,
2458 5046 2488 5082 τ

2305 5045 2349 5093 3,
2458 5033 2585 5091 τοὺς
2621 5027 2892 5099 μαθητὰς,
2920 5030 3009 5083 ἵνα
3038 5029 3483 5099 ἀναμνησθέντες
3514 5027 3607 5081 τοῦ
3642 5025 3921 5095 θαύματος
3948 5023 4058 5077 τῶν

734 5117 964 5170 olIeraut
997 5119 1043 5172 ei
1073 5135 1242 5189 panes
1278 5137 1416 5190 quos
1452 5122 1684 5185 habent,
1746 5132 1802 5176 et
1838 5124 2027 5177 dicant
2072 5140 2086 5177 :
2154 5124 2343 5179 Multi-
2464 5142 2487 5175 τ

2302 5124 2343 5179 i-
2464 5124 2631 5176 πέντε
2686 5122 2897 5195 ἄρτων,
2965 5124 3415 5195 προσενέγκωσιν
3468 5122 3623 5195 αὑτῴ
3654 5123 3779 5185 τοὺς
3830 5120 4055 5192 ἄρτους,

853 5297 898 5327 ὀ
931 5298 1095 5355 Marc.
1128 5315 1246 5355 \‘lll.
1281 5301 1335 5355 3.

1232 5342 1246 5366 ’
1942 5371 2145 5434 Variae
2203 5372 2511 5440 lectiones
2544 5383 2605 5439 et
2638 5382 2829 5440 noue.

810 5542 887 5609 ιδ)
926 5539 1034 5593 Τοῦ
1067 5539 1239 5593 addit.
1273 5540 1335 5594 Α.

808 5618 883 5679 (4)
928 5614 1009 5665 Ab
1033 5614 1239 5679 ἡμέραι
1271 5612 1335 5663 ad
1370 5612 1551 5680 τρισίν
1582 5614 1844 5669 omiserat
1876 5614 2205 5671 llentenius.

806 5687 883 5753 (ὅ)
914 5684 1223 5737 lienteuius
1266 5684 1521 5755 reddidit,
1558 5701 1621 5739 ac
1647 5687 1691 5739 si
1742 5690 2037 5755 repererit,
2084 5705 2344 5752 κοινοφα-

732 5761 840 5820 νές.
868 5756 974 5809 Sed
1019 5754 1641 5825 retiiiendumividetur,
1672 5754 2025 5825 καινοερανές.

827 5828 883 5895 6)
911 5826 1007 5882 llic
1032 5827 1323 5883 addiderat
1349 5824 1659 5885 Hentenius
1684 5824 1957 5886 scholium
1988 5830 2342 5904 allegoricum

2448 5548 2595 5631 quod
2632 5549 2686 5603 in
2720 5548 3053 5631 meis-paulo
3081 5549 3317 5606 inferius
3343 5550 3543 5623 legitur
3577 5549 3647 5605 ad
3694 5564 3912 5606 versum
3952 5554 4053 5609 tri-

2451 5636 2717 5675 ceSImum
2762 5632 3006 5676 tertium.

2524 5692 2599 5760 (7)
2649 5691 3080 5769 'Eginfraapud
3114 5693 3353 5769 IIarcum
3381 5694 3434 5751 in
3461 5704 3721 5752 contextu
3746 5711 3856 5753 non
3884 5712 4055 5769 agno-

2448 5774 2613 5819 scunt
2644 5766 2862 5820 codices
2886 5767 3189 5838 Eutliymii.
