4438 6438
768 429 878 494 Πῦ

2000 413 2382 478 Ευτιιωιι
2416 407 2773 471 ZIGABENI

3936 384 4045 457 ‘76

846 543 1001 598 Vera.
1030 542 1125 597 26.
1157 544 1260 595 Aut
1310 566 1379 582 ——
1413 554 1508 590 sua
1541 538 1567 591 ἲ
1605 534 1664 589 Si
1703 535 1850 589 enim
1886 547 2067 601 neque
2116 529 2356 585 mundus
2384 528 2430 585 Α
2532 527 2599 577 Ἦ

2292 542 2356 581 us
2384 528 2430 585 Α
2532 527 2600 577 Ἦ
2624 521 2858 582 αὐτοῦς
2908 520 2968 573 ΕΞ
3020 517 3131 587 γάρ
3176 516 3292 570 οὐδ’
3318 517 3366 583 ό[
3396 513 3623 584 σύμπας
3682 510 3887 601 κόσμος
3922 509 4040 562 ἀντ-

769 643 923 690 totus
946 631 1385 700 correspondens
1414 635 1503 681 est
1530 627 1726 679 animae
1756 623 2031 687 rationali,
2054 622 2184 689 quid
2206 620 2359 674 dabit

770 724 1045 795 quispiam
1064 717 1509 777 commntationis
1533 726 1591 768 ut
1616 717 1754 767 hanc
1784 712 1852 765 ah
1873 722 2078 766 :eterno
2092 708 2360 777 supplicio

771 815 1011 884 eripiat?
1051 810 1213 867 Certe
1240 808 1400 864 nihil.
1433 806 1700 860 Omnibus
1732 805 1912 871 itaque
1932 801 2158 858 relictis.
2195 798 2359 867 hujus

772 920 960 959 curam
1035 901 1241 956 habere
1299 898 1470 963 solius
1518 903 1754 965 Oportet,
1809 894 1966 961 cujus
2005 894 2217 960 jactura
2276 896 2360 941 est

772 996 1009 1053 maxime
1031 994 1297 1055 mortalis,
1323 1002 1377 1045 et
1399 991 1473 1044 ob
1498 1004 1663 1058 quam
1694 988 1960 1057 perditam
1990 985 2139 1038 nulla
2176 992 2357 1053 potest

770 1087 887 1143 dari
914 1085 1293 1139 commutatio.
1352 1082 1423 1137 Ut
1462 1090 1647 1135 autem
1676 1080 1889 1133 discant
1917 1077 2064 1145 quod
2097 1076 2359 1145 segnibus

770 1192 883 1232 non
914 1176 1036 1230 sine
1061 1176 1269 1229 ultione
1302 1173 1410 1228 erit
1438 1186 1536 1226 sua
1602 1170 1883 1239 segnities,
1913 1183 2093 1236 neque
2153 1166 2357 1221 sedulis

770 1265 998 1332 pmmio
1054 1262 1262 1316 carebit
1317 1274 1415 1313 sua
1440 1259 1723 1324 sedulitas,
1784 1265 1953 1326 utque
2004 1256 2079 1311 illi
2127 1255 2358 1324 amplius

770 1364 1105 1418 terreantur,
1139 1354 1192 1407 hi
1226 1370 1353 1409 rere
1387 1355 1649 1417 majorem
1709 1346 1983 1418 accipiant
2028 1347 2357 1402 consolatio-

770 1459 917 1507 nem,
951 1444 1081 1499 dicit
1114 1463 1128 1499 :

844 1538 995 1593 Vers.
1021 1538 1114 1592 27.
1148 1537 1325 1593 Filius
1369 1568 1439 1579 -
1477 1546 1722 1607 operatus
1772 1544 1872 1589 est.
1912 1533 2090 1589 Simul
2126 1534 2356 1588 demon-

765 1630 961 1683 stravit
991 1628 1137 1698 quod.
1162 1629 1629 1695 eamdemfhabeat
1655 1642 1780 1682 cum
1816 1627 1977 1680 Patre
2007 1625 2253 1695 gloriam.
2290 1622 2357 1676 In

768 1720 961 1786 gloria,
997 1720 1193 1788 inquit,
1216 1721 1387 1787 patris
1404 1720 1507 1772 sui.
1533 1719 1687 1783 Quod
1705 1718 1748 1772 si
1776 1716 2025 1771 eamdem
2057 1715 2219 1768 habet
2240 1714 2355 1783 glo-

765 1809 925 1869 riam,
957 1809 1206 1875 ejusdem
1234 1809 1423 1877 utique
1457 1808 1780 1863 substantiae
1810 1817 1893 1861 est
1913 1816 1970 1861 et
2006 1807 2269 1876 potentiae
2288 1820 2353 1859 ac

764 1899 1066 1953 divinitatis
1108 1917 1123 1955 :
1155 1914 1387 1969 quorum
1420 1899 1568 1953 enim
1601 1898 1776 1967 gloria
1804 1907 1888 1952 est
1903 1898 2115 1959 eadem,
2153 1895 2349 1950 horum

764 2001 820 2045 et
855 2001 1051 2045 cetera
1084 2006 1303 2061 quoque
1331 1992 1694 2045 sunteadem.

839 2080 1090 2137 Vers.28.
1122 2083 1415 2136 Amen—in
1439 2099 1597 2152 regno
1619 2099 1735 2136 suo.
1757 2081 2050 2150 Postquam
2076 2082 2143 2135 de
2172 2080 2355 2150 seipso

762 2174 919 2237 dixit,
949 2175 1092 2244 quod
1124 2174 1367 2228 futurum
1393 2184 1478 2229 est
1531 2185 1591 2229 ut
1638 2173 1821 2228 \eniat
1846 2177 1899 2230 in
1919 2174 2085 2241 gloria
2130 2190 2252 2228 cum
2272 2189 2358 2227 sa-

765 2266 961 2321 tellitio
1007 2282 1072 2322 ac
1099 2267 1361 2325 comitatu
1390 2275 1442 2319 ct
1472 2266 1845 2336 prmniissione
1889 2267 2229 2333 angelorum,
2261 2282 2355 2319 eo-

762 2359 917 2429 gnito
951 2358 1097 2427 quod
1121 2356 1373 2426 discipuli
1404 2358 1473 2411 de
1494 2357 1595 2411 hoc
1612 2373 1866 2413 sermone
1890 2356 2200 2409 diﬂidercut
2220 2373 2354 2410 cnn-

762 2453 940 2504 lirmat
970 2449 1141 2512 illum,
1174 2448 1518 2519 praemittens
1550 2449 1833 2517 (cc),quod
1862 2462 1973 2501 non
2013 2447 2184 2499 multo
2206 2457 2330 2516 post

760 2542 980 2611 quidam
1015 2556 1074 2595 se
1107 2541 1279 2595 visuri
1337 2550 1527 2595 essent
1565 2541 1619 2594 in
1652 2540 1823 2609 gloria
1854 2556 1869 2601 ;
1909 2539 2048 2593 hanc
2082 2540 2230 2591 enim
2271 2554 2356 2593 re-

760 2650 925 2704 gnum
944 2649 1092 2687 nunc
1108 2634 1343 2688 vocavit.
1372 2633 1923 2704 Signiﬁcabatautem
1950 2647 2061 2685 suae
2095 2629 2359 2685 transfor-

760 2726 1019 2779 mationis
1054 2723 1429 2795 splendorem,
1463 2739 1627 2788 quem
1653 2734 1775 2791 post
1815 2724 1979 2776 breve
2014 2733 2229 2791 tempus
2258 2722 2355 2775 de-

757 2822 1170 2867 monstraturus
1202 2820 1321 2865 erat
1352 2809 1534 2873 Petro,
1561 2809 1763 2863 Jacoho
1785 2806 2057 2863 etJoaimi
2084 2828 2096 2863 :
2133 2823 2257 2861 nam
2289 2808 2357 2861 de

760 2904 850 2958 liis
868 2903 1031 2957 dixit:
1066 2900 1202 2955 Sunt
1232 2903 1453 2972 quidam
1474 2902 1558 2955 hic
1592 2910 1813 2954 stantes.
1873 2899 2121 2970 Regnum
2171 2910 2351 2952 autem

757 3009 920 3048 suum
953 2994 1077 3047 sive
1112 2993 1342 3064 gloriam
1380 3008 1563 3056 suam,
1604 2992 1955 3062 splendorem
2000 2992 2151 3045 illum
2178 2991 2355 3044 nomi-

758 3084 927 3145 navit,
951 3098 1076 3137 cum
1101 3100 1210 3153 quo
1237 3083 1586 3153 postmodum
1604 3083 1975 3136 descensurus
1996 3090 2101 3145 est,
2133 3082 2357 3149 quando

756 3177 949 3231 reddet
982 3178 1272 3246 unicuique
1296 3177 1447 3246 juxta
1479 3176 1529 3230 id
1544 3174 1689 3245 quod
1712 3183 2081 3245 operatusest.
2112 3172 2355 3228 Venien-

756 3281 865 3323 tetu
892 3286 1019 3325 vero
1045 3271 1199 3333 dixit.
1229 3270 1335 3325 hoc
1369 3278 1453 3325 est
1474 3278 1852 3339 apparentem.

895 3471 1047 3525 CAP.
1081 3469 1325 3526 XXXIV.
1366 3469 1442 3524 De
1474 3471 1949 3539 transformatione
1997 3469 2213 3525 Christi.

825 3562 981 3616 CAP.
1009 3562 1175 3615 XVII.
1226 3562 1375 3616 Vers.
1402 3579 1438 3618 I.
1474 3562 1539 3614 Et
1564 3572 1678 3625 post
1704 3591 1771 3603 —
1802 3562 1937 3627 eius.
1962 3563 2135 3617 Lucas
2175 3574 2356 3617 autem

753 3658 892 3713 dixit
927 3675 939 3711 :
980 3658 1101 3712 Post
1158 3669 1273 3712 octo
1297 3658 1341 3688 "
1368 3700 1383 3723 ,
1426 3673 1528 3713 nec
1559 3668 1741 3713 tamen
1777 3659 2087 3712 contrarius
2116 3668 2222 3712 cst.
2267 3657 2358 3711 Si-

754 3736 975 3818 quidem
1031 3749 1419 3803 annumeravit
1454 3748 1541 3801 ille
1589 3756 1645 3802 et
1694 3748 1831 3802 duos
1864 3749 1981 3803 dies
2012 3750 2170 3813 alios,
2215 3750 2360 3804 hunc

755 3842 1016 3895 videlicet
1066 3857 1175 3911 quo
1206 3841 1463 3909 praedicta
1501 3842 1715 3895 loeutus
1744 3850 1826 3895 est
1862 3840 2021 3896 Jesus
2050 3842 2356 3913 discipulis,

754 3942 809 3987 et
839 3950 965 3988 eum
1026 3948 1137 4002 quo
1171 3934 1291 3987 illos
1322 3935 1618 4002 assumpsit
1652 3950 1665 3998 ;
1721 3933 2006 3988 Mattbwus
2036 3949 2167 3988 vero
2207 3944 2360 3988 utro-

753 4042 859 4095 que
888 4026 1285 4095 praatermisso,
1312 4024 1524 4079 medios
1543 4030 1758 4077 tantum
1781 4025 2150 4078 enumeravit.
2180 4022 2360 4088 Quare

754 4125 939 4169 autem
974 4116 1118 4169 Solus
1155 4116 1254 4168 IIOS
1292 4124 1403 4169 tres
1434 4114 1751 4183 assumpsit,
1785 4128 1895 4167 non
1934 4113 2096 4167 modo
2123 4122 2359 4177 tantum,

759 4208 853 4260 sed
904 4216 961 4261 et
1013 4207 1151 4260 alias
1198 4206 1565 4275 frequentius,
1616 4204 1759 4259 sicut
1792 4206 1843 4259 in
1878 4221 2171 4276 progressu
2204 4206 2362 4260 inve-

757 4298 1021 4353 niemus?
1078 4298 1214 4364 Quia
1282 4300 1498 4354 exteris
1578 4299 1869 4367 discipulis
1948 4300 2362 4368 prtestantiores

756 4398 913 4443 erant
949 4408 961 4443 :
990 4390 1188 4445 Petrus
1216 4392 1433 4460 quidem
1473 4406 1538 4445 eo
1568 4393 1712 4460 quod
1741 4391 1896 4445 valde
1924 4391 2179 4461 diligeret
2207 4406 2357 4452 eum,

756 4488 984 4549 propter
1012 4480 1135 4534 ﬁdei
1172 4481 1440 4535 fervorem
1466 4501 1477 4542 ;
1510 4482 1750 4536 Joannes
1771 4483 2037 4551 veroquia
2063 4482 2356 4551 plurimum

2464 616 2616 680 ἀξιός
2650 615 2766 666 ἰστι
2790 612 2971 681 ψυχῆς
2994 608 3242 677 λογικῆς,
3273 607 3326 660 τί
3349 606 3518 661 δώσει
3551 621 3638 667 τις
3669 599 4046 668 ἀντάλλαγμα,

2461 707 2603 760 ὥστε
2644 705 2850 772 ταύτην
2880 700 3159 765 έξελέσθαι
3184 700 3283 767 τῆς
3312 697 3535 752 αίωνίου
3557 694 3873 755 κολάσεωςς
3917 692 4043 742 Ὄν-

2459 814 2569 859 τως
2604 795 2778 848 οὐδέν.
2808 793 3014 847 Λοιπὸν
3042 786 3139 843 οὖν
3173 789 3303 859 χρὴ,
3345 788 3565 841 πάντων
3592 785 3908 853 ἀφεμένους
3938 780 4047 832 τῶν

2460 888 2658 951 ἄλλων,
2712 885 2916 952 ταύτης
2975 881 3356 949 ὶπιμελεῐσθαι
3412 880 3601 945 μόνης,
3665 873 3734 945 ἧς
3788 875 3821 945 ἡ
3876 871 4047 939 ζημία

2462 978 2829 1047 καιριωτάτη,
2867 974 2965 1025 καὶ
2995 968 3065 1043 ἧς
3127 969 3497 1038 ἀπολομένης,
3556 967 3658 1018 οὐκ
3717 963 3834 1018 ιστι
3868 962 4050 1015 δοῦναι

2459 1066 2839 1134 ἀντάλλαγμα.
2904 1064 3024 1116 ἰνα
3070 1062 3128 1113 δι
3161 1059 3413 1129 μάθοιεν.
3445 1058 3530 1111 ὅτι
3584 1054 3709 1106 οὒτε
3744 1055 3856 1115 τοῖς
3883 1051 4049 1121 {labii-

2463 1176 2587 1228 μοις
2612 1157 2963 1226 ἀτιμώρητον
2994 1153 3145 1206 ῑσται
3178 1150 3254 1227 ,τὸ
3285 1148 3555 1221 ῥᾴθυμον,
3588 1145 3708 1197 οὔτε
3741 1146 3851 1205 τοις
3884 1158 4050 1195 σπου-

2459 1248 2634 1311 δαίοις
2690 1247 3002 1315 ἀγέραστον
3031 1243 3092 1296 τδ
3143 1240 3458 1302 σπουδαῖον,
3488 1237 3584 1290 καὶ
3640 1236 3728 1288 ίνα
3767 1234 3863 1286 iui
3890 1232 4049 1283 πλέον

2456 1342 2661 1394 έκεῖνοι
2716 1341 2817 1410 μὶν
2873 1336 3233 1407 φοϐηθῶσιν,
3293 1326 3440 1385 οὗτοι
3484 1328 3541 1382 δὲ
3589 1323 4051 1398 παρηγορηθῶσι,

2460 1434 2597 1503 φησί
2622 1447 2637 1462 ·

2544 1450 2596 1485 σι
2622 1450 2637 1462 ·

2503 1450 2753 1579 nutus.
2789 1550 2858 1561 —
2903 1520 3053 1573 κατὰ
3078 1518 3190 1585 τὴν
3239 1513 3460 1583 πρᾶξιν
3485 1508 3694 1564 αὑτοῦ.
3744 1508 3899 1574 Ἀμα
3966 1506 4051 1555 ὲν-

2458 1615 2648 1683 έφηνε,
2709 1613 2804 1666 καὶ
2828 1614 2911 1665 ὅτι
2940 1611 3040 1679 τῆς
3064 1609 3234 1676 αύτῆς
3255 1607 3333 1677 τῷ
3350 1604 3527 1673 Πατρὶ
3553 1602 3711 1669 δόξης
3747 1597 3917 1652 ἐστίν.
3935 1599 4045 1649 'Er

2459 1699 2534 1767 τῇ
2562 1701 2713 1766 δόξῃ
2764 1703 2896 1769 γὰρ,
2920 1700 3077 1767 φησι.
3109 1696 3215 1750 τοῦ
3274 1692 3503 1759 Πατρός
3534 1686 3747 1743 αὑτοῦ.
3774 1686 3835 1738 Et
3864 1684 3919 1737 δι
3950 1684 4053 1750 τῆς

2459 1791 2633 1860 αὐτῆς
2665 1790 2825 1857 δόξης
2881 1791 3021 1851 ἐστὶ,
3048 1785 3146 1853 τῆς
3177 1782 3352 1852 αὐτῆς
3392 1782 3503 1850 ἀρα
3537 1777 3631 1831 καὶ
3666 1775 3858 1835 οὐσίας
3906 1770 4049 1832 εστὶ,

2460 1883 2556 1935 καὶ
2580 1882 2887 1948 δυνάμεως,
2919 1877 3013 1930 καὶ
3048 1876 3327 1945 θεότητος.
3386 1866 3488 1923 Ὠν
3518 1870 3629 1938 γάρ
3658 1866 3786 1930 δόξα
3818 1865 3853 1933 ἡ
3884 1861 4049 1930 αὐτὴ,

2459 1970 2666 2024 τούτων
2698 1969 2807 2036 ἄρα
2838 1968 2933 2018 καὶ
2959 1966 3128 2019 τᾶλλα
3155 1965 3223 2016 τὰ
3249 1964 3410 2016 αὐτα.

2545 2059 2727 2128 Ἀμὴν
2747 2059 2888 2111 -ἐν
2912 2057 2984 2124 τῇ
3007 2057 3301 2121 ﬂavus/gi
3330 2051 3541 2106 αὑτοῦ.
3574 2048 3759 2103 Εἰπὼν
3788 2047 3918 2117 περὶ
3940 2046 4055 2115 (3i)

2463 2150 2684 2213 ἑαυτοῦ,
2705 2151 2787 2202 ὃτι
2816 2148 2999 2217 μέλλει
3031 2146 3291 2216 ἔρχεσθαι
3318 2146 3376 2195 ὲν
3402 2141 3533 2213 δόξῃ
3558 2141 3697 2210 μετὰ
3725 2137 4057 2210 δορυφορίας

2465 2246 2559 2297 καὶ
2594 2244 2930 2313 προπομπῆς
2962 2240 3073 2293 τῶν
3102 2236 3482 2305 ἀγγέλων,καὶ
3522 2233 3685 2301 γνοὺς
3716 2233 3843 2292 τοὺς
3878 2231 4057 2299 μαθη-

2463 2338 2561 2399 τὰς
2584 2332 3017 2394 δυσπιστοῦντας
3048 2330 3129 2401 τῷ
3156 2328 3385 2398 τοιούτῳ
3416 2324 3812 2396 λόγῳ,βεϐαιοῐ
3843 2320 4057 2381 τοῦτον,

2466 2425 2898 2494 προ3τιθεὶς,ὃτι
2929 2424 3030 2476 οὐκ
3063 2424 3143 2484 είς
3178 2421 3401 2490 μακράν
3432 2436 3578 2479 τινες
3611 2416 3795 2470 αὐτῶν
3828 2416 4057 2484 ὄψονται

2461 2522 2563 2588 τὴν
2587 2518 2746 2582 δόξαν
2776 2512 2966 2568 αὑτοῦ.
2988 2513 3207 2582 Ταύτην
3238 2512 3347 2581 γὰρ
3371 2509 3466 2562 νῦν
3484 2508 3734 2579 ὠνόμασε
3756 2506 4056 2576 βασιλείαν.

2477 2610 2698 2679 Ἐδήλου
2751 2608 2807 2660 δὲ
2851 2608 2951 2677 τὴν
3010 2604 3377 2673 λαμπρότητα
3415 2602 3515 2670 τῆς
3572 2597 4058 2669 μεταμορφώσεως

2463 2702 2655 2768 αὐτοῦ,
2696 2702 2764 2769 ἠν
2823 2698 2962 2769 μετὰ
3020 2697 3213 2767 καιρὸν
3256 2694 3439 2760 ὀλίγον
3493 2692 3721 2762 ιμελλεν
3775 2688 4060 2751 ὑποδεῖξαι

2465 2793 2795 2864 Πέτρῳ,καὶ
2832 2789 3097 2859 Ἰακώϐῳ,
3143 2788 3236 2839 καὶ
3274 2786 3523 2855 Ἰωάννῃ.
3550 2784 3685 2851 Περὶ
3708 2782 3916 2834 τούτων
3950 2782 4059 2849 γὰρ

2463 2883 2639 2947 εἶπεν,
2670 2887 2753 2937 ὅτι
2782 2883 2921 2935 Εἰσί
2948 2896 3103 2942 τινες
3142 2878 3259 2931 τῶν
3282 2871 3397 2930 ὧδε
3425 2875 3719 2929 ἑστώτων.
3765 2872 4061 2925 Βασιλείαν

2462 2978 2519 3031 δὲ
2572 2975 2763 3037 αὑτοῦ,
2823 2974 3014 3043 ἦγουν,
3062 2972 3244 3034 δόξαν,
3294 2967 3394 3039 τὴν
3442 2966 3806 3037 λαμπρότητα
3853 2964 4062 3033 ταύτην

2461 3068 2774 3137 ὠνόμασεν,
2806 3066 2880 3126 ὡς
2928 3060 3098 3116 οὖσαν
3149 3062 3490 3132 προμήνυμα
3552 3060 3648 3111 καὶ
3704 3056 4058 3126 παράδειγμα

2464 3161 2564 3228 τῆς
2599 3158 2989 3225 λαμπρότητος
3018 3155 3259 3221 ἐκείνης,
3298 3151 3418 3219 μεθ’
3451 3145 3519 3221 ἧς
3559 3149 3744 3219 μέλλει
3772 3146 4057 3200 κατελθεῖν

2385 3217 2430 3277 c
2463 3217 2715 3316 [θάτερον.
2747 3217 2835 3300 ότε
2881 3217 3165 3299 ’ἀποδῶτει
3194 3217 3447 3311 ’ἑκάστῳ
3475 3217 3484 3221 -
3510 3217 3653 3293 κατά
3704 3238 3804 3308 τὴν
3858 3237 4061 3307 πρᾶξιν

2458 3342 2649 3397 αὑτοῦ.
2688 3340 3057 3407 Ἐρχόμενον
3080 3335 3136 3386 δὲ
3170 3329 3493 3397 εἷπεν,ἀντὶ
3537 3330 3656 3396 τοῦ,
3704 3328 4059 3386 Φαινόμενον.

2462 3458 2620 3510 ΚΕΦ.
2654 3453 2772 3507 ΛΔ’.
2796 3452 2933 3519 Περὶ
2955 3449 3065 3517 τῆς
3087 3448 3603 3517 μεταμορφώσεως
3636 3446 3741 3499 τοῦ
3773 3443 4055 3509 Χριστοῦ.

2570 3546 2678 3600 Καὶ
2710 3546 2833 3610 μεθ’
2864 3573 2932 3583 -
2955 3541 3167 3595 αὑτοῦ.
3188 3542 3401 3601 Λουκᾶς
3427 3540 3481 3592 δὲ
3502 3539 3663 3593 Μετὰ
3697 3538 3850 3591 ὀκτώ
3874 3554 4065 3608 φησιν,

2462 3641 2561 3692 οὐκ
2610 3635 3021 3702 ἔναντιολογῶν.
3048 3630 3218 3697 Οὗτος
3262 3634 3361 3702 μὲν
3392 3633 3502 3701 γὰρ
3538 3631 3917 3701 συνηρίθμησε
3966 3632 4061 3682 καὶ

2464 3732 2635 3795 αύτάς
2676 3731 2775 3792 τὰς
2815 3732 3051 3798 ἡμέρας,
3081 3726 3201 3779 καθ’
3234 3726 3301 3793 ἥν
3335 3740 3395 3777 τε
3429 3726 3495 3775 τά
3522 3722 3765 3791 ρηθέντα
3792 3717 3911 3773 εἷπε
3940 3722 4057 3782 τοῖς

2466 3824 2739 3893 μαθηταῖς
2764 3826 2792 3875 ό
2819 3821 3077 3891 Χριστὸς,
3104 3818 3200 3871 καὶ
3226 3814 3348 3869 καθ’
3378 3815 3447 3885 ἢν
3484 3815 3709 3875 τούτους
3735 3812 4015 3881 παρέλαϐε
4043 3830 4065 3842 ν

2464 3916 2741 3977 Ματθαῐος
2768 3915 2848 3979 δὲ,
2881 3916 2973 3967 καὶ
3019 3910 3337 3981 ἀμφοτέρας
3372 3907 3579 3968 ταύτας
3598 3905 3946 3976 παραλιπὼν,
3966 3907 4065 3969 τὰς

2468 4009 2675 4081 μεταξὺ
2729 4008 2897 4077 μόνας
2944 4003 3397 4075 ἁπηριθμὴσατο.
3430 4000 3587 4053 Διατί
3620 3998 3676 4051 δὲ
3708 3999 3904 4068 μόνους
3945 3998 4059 4068 (59)

2465 4102 2593 4164 τοὺς
2616 4102 2763 4171 τρεῖς
2786 4099 3013 4160 τούτους
3044 4094 3489 4166 παραλαμϐάνει,
3515 4091 3612 4144 καὶ
3646 4092 3706 4143 ού
3732 4090 3827 4142 νῦν
3875 4091 4064 4158 μόνον,

2464 4193 2604 4247 ἀλλά
2653 4193 2747 4245 καὶ
2798 4190 3082 4265 πολλάκιῆ
3108 4187 3182 4249 ὡς
3219 4186 3505 4257 προϊόντες
3537 4184 3882 4254 εύρὴοομενς
3916 4182 4064 4234 Διότι

2464 4284 2574 4336 τῶν
2615 4284 2792 4337 ἄλλων
2826 4281 3086 4351 μαθητῶν
3137 4281 3429 4347 ὑπερεῖχον
3478 4274 3625 4330 οὗτοι
3649 4292 3663 4305 ·
3702 4277 3907 4342 Πέτρος
3939 4276 4061 4345 μιν,

2466 4377 2573 4431 ἀπὸ
2595 4377 2690 4429 τοῦ
2711 4376 2918 4444 σφόδρα
2942 4374 3115 4443 φιλεῖν
3140 4372 3323 4430 αὑτὸν.
3345 4370 3434 4423 διά
3451 4369 3768 4438 θερμότητα
3788 4369 4026 4429 πίστεως
4046 4380 4067 4396 ο

2478 4470 2733 4538 Ἰωάννης
2761 4468 2840 4533 δὲ,
2872 4468 2978 4520 ἀπὸ
3008 4466 3102 4518 τοῦ
3137 4464 3340 4533 σφόδρα
3368 4464 3641 4531 φιλεῖσθαι
3667 4460 3761 4513 ὑπ’
3783 4462 3971 4521 αὐτοῦ,
3995 4460 4065 4511 δι’

752 4572 1083 4642 diligebatur
1112 4573 1180 4627 ab
1214 4574 1324 4633 illo,
1362 4582 1579 4641 propter
1615 4574 1874 4627 virtutum
1933 4574 2311 4628 excellentiam
2341 4590 2357 4639 ;
2395 4555 2438 4611 θ
2469 4566 2497 4619 ὑ

2341 4590 2357 4639 ς
2395 4555 2438 4611 ο
2469 4563 2777 4633 ὑπερϐολὴν
2834 4560 3077 4631 ἀρετῶν’
3129 4558 3379 4619 Ἰάκωϐος
3446 4557 3525 4617 δὲ,
3578 4556 3687 4607 ἀπὸ
3728 4554 3819 4606 τοῦ
3858 4554 4064 4623 σφόδρα

752 4663 993 4719 Iacobus
1030 4676 1215 4719 autem
1249 4664 1375 4733 quia
1413 4664 1593 4735 gravis
1649 4665 1943 4718 admodum
1984 4674 2102 4718 erat
2130 4664 2355 4729 Judteis,

754 4758 808 4809 in
842 4766 1049 4809 tantum
1085 4767 1143 4811 ut
1183 4756 1429 4811 Herodes
1461 4758 1644 4811 occiso
1678 4757 1767 4810 illo
1800 4757 2092 4811 maximam
2140 4758 2355 4826 ιιι-ωειὶ-

761 4852 893 4902 terit
923 4850 1153 4918 gratiam
1180 4848 1405 4902 Judazis.

830 4940 963 4994 Vide
1006 4952 1187 4994 autem
1260 4941 1541 5011 quomodo
1574 4938 1862 4993 "attinens
1896 4954 2004 4993 non
2040 4938 2353 4993 occultave-

752 5038 825 5089 rit
870 5036 990 5090 illos
1034 5037 1124 5103 qui
1181 5036 1283 5089 sibi
1346 5034 1623 5104 przepositi
1687 5043 1841 5087 sunt.
1904 5032 2018 5086 lloc
2059 5042 2242 5085 autem
2296 5041 2353 5086 et

747 5125 989 5183 Joannes
1023 5128 1301 5198 plerisque
1330 5127 1382 5180 in
1414 5127 1548 5182 locis
1584 5126 1733 5191 facit,
1772 5126 2047 5196 przeeipua
2078 5124 2221 5180 Petri
2252 5139 2351 5179 en-

860 5286 903 5319 ”
932 5286 1066 5340 Luc.
1096 5301 1172 5349 ix,
1198 5287 1288 5339 9.8.

2467 4656 2640 4726 βαρὺς
2681 4650 2822 4706 εἷναι
2862 4653 2974 4714 τοῖς
3009 4649 3312 4709 Ἰουδαίοις,
3338 4648 3449 4717 (55)
3502 4644 3599 4716 [ὡς
3626 4644 3839 4696 καὶτὸν
3878 4642 4059 4710 Ἡρώ-

2464 4748 2581 4815 δην,
2620 4745 2848 4814 ὕστερον
2877 4744 3136 4796 ἀνελόντα
3171 4740 3384 4803 τοῦτον,
3430 4740 3591 4808 χάριν
3627 4738 3896 4807 μεγίστην
3932 4736 4063 4788 ἁποο

2464 4843 2649 4909 νεῖμαι
2678 4842 2792 4901 τοῖς
2826 4833 3155 4907 Ἰουδαίοις]

2537 4913 2745 4988 Σκόπει
2773 4931 2853 4995 δι,
2877 4930 2993 4993 πῶς
3013 4930 3042 4981 ό
3072 4927 3357 4989 Ματθαϊος
3400 4927 3500 4977 οὐκ
3531 4924 3899 4993 ἀπεκρύψατο
3931 4921 4062 4982 τοὺς

2461 5027 2909 5098 προτιμηθέντσς
2942 5022 3137 5077 αὑτοῦ.
3190 5020 3366 5073 Τοῦτο
3395 5019 3451 5071 δὲ
3482 5019 3579 5071 καὶ
3633 5016 3891 5085 Ἰωάννης
3927 5012 4060 5067 πολ-

2458 5121 2626 5193 λαχοῦ
2654 5121 2820 5186 ποιεῖ,
2843 5120 2913 5174 τά
2946 5118 3206 5191 ἐξαίρετα
3239 5114 3335 5168 τοῦ
3364 5114 3573 5185 Πέτρου
3608 5110 3863 5181 ἐγκώμια
3903 5108 4052 5178 φιλας

1950 5350 2148 5412 Varize
2210 5350 2516 5413 lectiones
2548 5356 2609 5411 et
2646 5355 2835 5408 notae.

824 5524 1107 5591 (51)Περὶ
1146 5522 1336 5587 αὐτοῦ,
1371 5530 1435 5579 Α.

826 5597 937 5665 (3:!)
975 5596 1189 5657 Μόνους
1220 5593 1447 5657 τούτους
1481 5594 1609 5656 τοὺς
1633 5594 1804 5661 τρεῖς.
1831 5592 1895 5644 Α.

2478 5588 2511 5641 Ἰ
2535 5515 2890 5635 (δὲὅῌιιςιυεο
2921 5514 3241 5570 exciderant
3271 5528 3336 5569 ex
3362 5512 3553 5570 codice
3584 5511 3643 5567 Β.
3669 5510 3739 5567 ob
3763 5510 4064 5582 repetitun

2520 5607 2580 5639 ου
2597 5604 2777 5641 ,αιοι;.

2520 5604 2777 5641 ουοαιοιε.

828 5790 928 5857 (ιτ)
970 5789 1325 5844 Pra'mitlcns.
1363 5786 1603 5842 Addens.
1646 5784 1807 5841 FUliC
1860 5786 1985 5855 legit
2049 5781 2347 5851 :{.o::0:!;.
2398 5780 2506 5837 Aut
2539 5782 2577 5836 εἷ

2215 5781 2347 5842 θιέςι
2398 5780 2506 5837 Aut
2539 5782 2725 5854 :igluni
2766 5782 2979 5838 invenit
3017 5780 3280 5852 πρτιθεές,
3309 5796 3429 5849 qua:
3462 5781 3735 5854 agor-.031;
3775 5790 3952 5835 notat.
