4424 6448
454 425 557 486 591

1308 426 1696 490 COMMEN'I‘.
1741 428 1823 490 IN
1861 429 2336 496 ΜᾹΊἽἩᾸΞΠΜ.
2374 462 2443 472 -
2484 439 2645 499 CAP.
2681 442 2907 502 XXIII.

3638 453 3743 511 598

457 534 777 605 μιαιφονίαν
798 535 909 587 τῶν
937 536 1194 606 πατέρων
1248 538 1428 605 ὑμῶν,
1463 539 1545 591 ἔτι
1572 541 1632 592 δὲ
1657 542 1773 606 καὶ,
1832 542 1926 609 ἀφ’
1970 536 2047 595 ῶν
2079 546 2122 601 Α
2152 559 2204 612 qt

1997 536 2047 595 iv
2079 546 2122 601 Α
2152 546 2295 612 quod
2320 545 2655 602 conﬁtemini
2693 551 3044 607 homicidium
3070 562 3284 622 patrum
3310 565 3617 611 vestrorum
3646 577 3660 624 ;
3689 562 3744 613 et

456 626 712 694 μιμεῖσθε
743 624 973 693 ταύτην,
1010 625 1401 679 ἁποδεικνύετε
1458 629 1689 690 ἑαυτοὺς
1739 629 1890 691 υἱοὺς
1935 630 2044 682 τῶν

451 717 937 785 προφητοκτόνων.
1004 718 1221 778 Λουκᾶς
1266 718 1323 770 δὲ
1386 720 1752 789 προσέθηκεν,
1813 722 1897 773 ὅτι
1950 724 2043 775 καὶ

451 810 831 861 Συνευδοκείτε
862 811 977 871 τοῖς
1008 811 1195 879 ἔργοις
1254 810 1363 861 τῶν
1394 812 1649 883 πατέρων
1678 812 1856 879 ὑμῶν,
1886 832 2043 867 τουτ-

451 902 620 961 έστιν,
665 902 1005 969 ἀποδέχεσθε
1053 902 1230 953 ταῦτα
1274 904 1478 972 τρόπον
1513 904 1657 966 τινὰ.
1701 906 1796 957 ἆτε
1822 907 1912 958 διὰ
1942 906 2041 959 τοῦ

452 992 890 1055 κατασκευάζειν
952 994 1157 1060 τάφους
1208 993 1498 1061 λαμπροὺς
1556 997 1668 1057 τοῖς
1731 997 2041 1063 φονευθείσι

449 1082 816 1150 κηρύττοντες
871 1086 970 1152 τὴν
1019 1086 1228 1153 τόλμαν
1268 1086 1377 1137 τῶν
1414 1088 1643 1153 φονέων,
1699 1092 1839 1159 ὅπερ
1888 1095 2040 1145 ἐστὶν

450 1178 1042 1247 ἑγκαὶὶωπιζομένων,
1097 1179 1193 1231 καὶ
1232 1174 1345 1231 οἷον
1390 1180 1813 1249 ἀποδεχομένων
1842 1186 2034 1253 αὐτήν.

460 1266 728 1322 Ἐδοκεῖτε
752 1273 861 1337 γὰρ
890 1272 954 1322 Ξιν
971 1274 1051 1335 είς
1080 1272 1247 1339 τιμὴν
1273 1273 1379 1325 τῶν
1412 1275 1787 1340 φονευθέντων
1812 1281 2039 1344 κοσμεῖν

447 1362 516 1413 τὰ
550 1367 791 1429 μνημεῖα
822 1365 1050 1428 τούτων,
1078 1367 1172 1417 καὶ
1215 1367 1294 1425 είς
1342 1369 1677 1435 κατηγορίαν
1716 1368 1825 1420 τῶν
1875 1371 2041 1422 πατέ-

452 1468 560 1519 ρων
595 1455 751 1518 ὑμῶν
780 1456 847 1507 τὰ
910 1455 1151 1525 ρηθέντα
1198 1456 1401 1523 λέγειν,
1431 1461 1477 1510 εί
1504 1460 1579 1528 μὴ
1610 1461 1898 1529 ἐμιμεῖσοε
1939 1464 2039 1533 τὴν

450 1549 768 1611 μιαιφονίαν
796 1548 999 1602 αὐτῶν.

521 1638 626 1688 Καὶ
647 1667 714 1676 -
738 1637 922 1706 ὑμῶν.
960 1640 1032 1691 Τὸ
1055 1641 1258 1711 μέτρον
1293 1643 1390 1713 τῆς
1417 1644 1637 1706 κακίας.
1672 1647 1787 1697 Οὐκ
1813 1648 2038 1703 ἐπιτάτ-

446 1744 556 1778 των
588 1728 665 1796 (ι)
699 1730 755 1781 δὲ
788 1731 950 1784 τοῦτο
983 1728 1163 1797 εἴπεν,
1198 1735 1334 1787 ἀλλὰ
1382 1739 1801 1804 προαναφωνῶν
1830 1741 1889 1793 τὸ
1922 1743 2040 1794 ἐσό-

450 1833 629 1884 μενον.

524 1910 1124 1978 ’Ὀρεία-γεέννης
1156 1916 1353 1981 Ὀφεις
1381 1915 1479 1984 μὲν
1502 1916 1699 1980 αὐτοὺς
1727 1918 2034 1988 ὠνόμασεν,

446 2001 520 2063 ὥς
548 2004 823 2071 πονηροὺς
855 2004 951 2054 καὶ
989 2004 1318 2067 ἐπιϐούλους
1353 2007 1445 2057 καὶ
1474 2007 1843 2075 λυμαντικούς
1867 2029 1880 2040 ·
1912 2028 2038 2078 γεν-

447 2094 669 2157 νήματα
726 2092 781 2144 δὲ
828 2095 1098 2162 ἐχιδνῶν,
1159 2095 1234 2158 ὡς
1295 2097 1545 2159 ἐοικότας
1600 2104 1713 2161 τοῖς
1763 2105 2038 2171 πατράσιν

446 2184 624 2235 αὐτῶν
647 2188 787 2237 κατὰ
805 2186 895 2237 τὸν
929 2186 1007 2238 ίδν
1035 2186 1135 2255 τῆς
1163 2190 1363 2251 κακίας
1388 2192 1481 2242 καὶ
1510 2193 1652 2244 κατὰ
1684 2193 1742 2244 τὸ
1768 2196 2011 2262 φονικὸν.

448 2280 771 2347 Γεννήματα
822 2281 877 2333 δὲ
920 2282 1148 2349 ἐχιδνῶν
1210 2285 1303 2335 καὶ
1348 2287 1373 2337 ό
1405 2284 1718 2355 Βαπτιστὴς
1782 2289 2038 2359 Ἰωάννης

447 2370 642 2430 αὐτοὺς
676 2374 1124 2441 προσηγόρευσεν
1154 2375 1211 2426 ὲν
1245 2376 1322 2446 τῷ
1349 2378 1519 2446 τρίτῳ
1542 2379 1846 2447 κεφαλαίῳ,
1870 2384 1916 2435 εί
1942 2386 2038 2436 καὶ

450 2460 570 2511 καίν
613 2462 807 2530 ἑτέραν
857 2463 1088 2517 ἔννοιαν.
1146 2467 1344 2535 Κρίσιν
1378 2470 1432 2521 δὲ
1468 2473 1693 2540 γεέννης
1748 2472 1894 2540 λέγει
1936 2478 2036 2546 τὴν

448 2552 775 2619 κατάκρισιν
822 2562 915 2607 καὶ
964 2560 1237 2628 τιμωρίαν
1293 2561 1392 2630 τῆς
1447 2562 1695 2633 γεέννης,
1742 2567 1883 2635 ἦτοι,
1937 2570 2036 2639 τὴν

447 2645 934 2714 παραπέμπουσαν
970 2651 1049 2711 είς
1084 2651 1184 2721 τὴν
1210 2653 1459 2719 γέενναν.

516 2736 617 2788 Διὰ
646 2769 715 2779 -
748 2742 953 2793 πόλιν.
988 2742 1087 2794 Διὰ
1143 2742 1327 2808 τοῦτο,
1364 2748 1553 2808 ποῖον;
1612 2749 1760 2802 Διότι
1811 2751 2032 2818 μέὶλετε

445 2829 736 2898 πληρῶσαι
756 2832 815 2883 τὸ
838 2834 1039 2902 μέτρον
1068 2838 1168 2903 τῆς
1202 2836 1405 2913 κακίας
1437 2839 1545 2890 τῶν
1577 2842 1831 2909 πατέριον
1856 2845 2030 2913 ὑμῶν.

457 2919 802 2973 Ἀποστέλλω
857 2924 914 2975 δὲ
943 2919 1087 2987 εἷπε,
1124 2912 1544 2993 παραδεικνύων
1590 2931 1650 2981 τὸ
1684 2912 1902 2998 ἀξίωμα
1933 2935 2033 3000 τῆς

444 3010 721 3079 Θεότητος.
753 3014 1050 3084 Προφήτας
1078 3015 1135 3067 δὲ
1165 3020 1257 3069 καὶ
1292 3019 1493 3085 σοφοὺς
1535 3023 1629 3074 καὶ
1680 3029 2032 3093 γραμματεῖς

444 3104 568 3163 τοὺς
594 3104 931 3167 ἀποστόλους
986 3108 1123 3173 φησὶ⁷
1157 3108 1250 3159 καὶ
1280 3110 1421 3171 τοὺς.
1444 3111 1565 3178 μετ’
1613 3114 1856 3176 ἔκείνους
1911 3134 2031 3169 ποι-

2148 648 2211 685 es
2250 648 2316 687 eo
2356 644 2618 701 praeterea
2645 632 2789 706 quod
2819 640 2947 694 illud
2992 641 3305 699 imitamini.
3356 644 3743 701 demonstratis

2148 726 2412 793 vosipsos
2440 728 2577 782 ﬁlios
2615 745 2735 783 esse
2769 747 2983 795 eorum,
3032 735 3126 800 qui
3178 736 3474 803 prophetas
3524 740 3741 792 occide-

2147 824 2293 868 runt.
2329 816 2502 871 Lucas
2530 834 2662 873 vero
2690 822 2899 875 addidit
2934 841 2947 875 :
2971 823 3341 891 Comprobatis
3365 829 3506 896 facta
3522 838 3741 894 patrum

2144 916 2439 961 vestrorum
2471 911 2537 972 ⁸⁸,
2583 912 2685 965 hoc
2711 923 2817 976 est,
2854 929 2919 967 ea
2966 919 3374 985 quodammodo
3434 922 3736 989 suscipitis,

2146 1008 2333 1066 utpote
2395 1001 2716 1057 aediﬁcando
2779 1005 2866 1059 his
2910 1010 3001 1075 qui
3066 1010 3237 1061 occisi
3292 1020 3417 1062 sunt
3454 1014 3738 1078 splendida

2144 1104 2530 1157 monumenta;
2594 1096 2904 1161 praedicatis
2949 1098 3233 1153 audaciam
3271 1101 3670 1156 homicidarum
3724 1124 3736 1156 :

2146 1178 2197 1231 id
2227 1180 2372 1233 enim
2411 1181 2480 1235 de
2518 1196 2580 1236 ea
2614 1184 2964 1252 gloriantium
2991 1197 3075 1240 est
3132 1204 3365 1257 eamque
3423 1195 3739 1259 approban-

2146 1270 2299 1322 tium.
2343 1270 2676 1327 Videremini
2709 1277 2982 1344 siquidem
3026 1280 3077 1330 in
3112 1280 3377 1333 honorem
3408 1298 3599 1335 eorum
3633 1288 3732 1351 qui

2143 1362 2307 1414 occisi
2359 1373 2510 1425 sunt,
2574 1381 2775 1420 ornare
2835 1382 3191 1423 monumenta
3249 1372 3521 1439 ipsorum,
3586 1387 3640 1428 et
3672 1379 3738 1427 ad

2144 1455 2551 1508 accusationem
2609 1470 2823 1524 patrum
2873 1471 3179 1515 vestrorum
3232 1466 3489 1532 prmdicta
3530 1467 3737 1534 facere,

2144 1545 2247 1600 nisi
2272 1546 2629 1601 homicidium
2649 1564 2839 1603 eorum
2863 1552 3239 1607 itnitaremini.

2216 1638 2369 1692 Vers.
2414 1641 2502 1693 '52.
2553 1640 2621 1694 Et
2656 1671 2721 1682 —
2758 1655 3069 1699 vestrorum.
3116 1645 3428 1702 Mensuram
3495 1651 3735 1705 malitias.

2143 1727 2261 1781 Non
2298 1731 2437 1784 dixit
2471 1742 2655 1786 autem
2691 1735 2794 1789 hoc
2836 1736 3235 1805 prmeipiendo,
3270 1741 3364 1793 sed
3406 1742 3551 1809 quod
3582 1742 3733 1795 futu-

2149 1834 2268 1872 rum
2295 1832 2414 1875 erat
2434 1824 2803 1891 praedicendo.

2218 1911 2372 1967 Vers.
2402 1915 2490 1967 35.
2528 1915 2805 1982 Serpentes
2836 1948 2903 1957 —
2928 1920 3219 1989 gcltennce.’
3261 1919 3562 1990 Serpentes
3586 1924 3739 1993 ipsos

2142 2007 2469 2069 nominavit,
2505 2017 2763 2076 tanquam
2796 2011 3025 2064 nocivos
3057 2022 3111 2065 et
3134 2012 3483 2067 insidiatores
3522 2030 3588 2069 ac
3640 2032 3739 2085 pe-

2144 2095 2393 2150 stiferos.
2430 2096 2728 2169 Progenies
2765 2112 2949 2155 autem
2987 2105 3327 2172 viperarum,
3358 2115 3548 2175 utpote
3576 2107 3730 2159 simi-

2140 2186 2221 2239 les
2259 2188 2511 2255 patribus
2554 2192 2672 2243 suis
2702 2191 2755 2242 in
2782 2207 2997 2245 veneno
3028 2193 3249 2247 malitia:
3285 2204 3341 2246 et
3364 2196 3417 2246 in
3452 2198 3737 2251 truculen-

2141 2278 2233 2331 tia.
2278 2278 2575 2349 Progenies
2610 2298 2829 2351 quoque
2852 2284 3165 2354 viperarum
3207 2287 3620 2355 appellaviteos
3643 2289 3739 2344 Jo-

2139 2387 2314 2425 annes
2352 2372 2593 2444 Baptista
2635 2378 2802 2430 tertio
2825 2379 3029 2447 capite,
3074 2378 3168 2433 sed
3192 2380 3345 2449 juxta
3386 2381 3549 2433 alium
3576 2382 3736 2437 intel-

2140 2465 2365 2523 lectum.
2386 2467 2660 2525 Iudicium
2698 2485 2827 2524 vero
2849 2474 3126 2541 gehennae
3158 2473 3292 2528 dicit
3314 2476 3734 2531 condemnatio-

2138 2575 2265 2612 nem
2295 2571 2350 2613 et
2385 2563 2713 2631 supplicium
2760 2566 3027 2634 gehennaa
3070 2569 3211 2631 sive,
3246 2569 3391 2637 quod
3468 2570 3638 2623 mittit
3680 2571 3732 2624 in

2138 2654 2473 2720 gehennam.

2215 2744 2374 2798 Vcrs.
2410 2746 2501 2801 54.
2554 2747 2777 2815 Propter
2803 2750 3174 2804 --οτίυίιαιρηι⁸
3202 2780 3275 2791 -
3311 2751 3541 2821 Pr0pter
3597 2754 3734 2818 hoc:

2136 2846 2359 2905 propter
2388 2838 2555 2907 quid?
2585 2839 2724 2904 Quia
2754 2841 3037 2909 impleturi
3067 2842 3202 2896 estis
3244 2859 3560 2899 mensuram
3621 2863 3735 2899 tua-

2134 2928 2262 2981 liti;e
2284 2938 2495 2997 patrum
2518 2943 2845 2989 vestrorum.
2871 2933 3025 2987 Mitto
3042 2941 3227 2987 autem
3256 2933 3416 3001 dixit,
3433 2937 3733 2993 ostendens

2133 3021 2435 3077 divinitatis
2466 3025 2807 3094 dignitatem.
2849 3024 3152 3095 PrOphetas
3176 3038 3359 3082 autem
3384 3037 3438 3082 et
3459 3031 3735 3098 sapientes

2136 3129 2199 3167 ac
2234 3117 2447 3171 scribas
2504 3119 2638 3172 dicit
2673 3120 2973 3187 apostolos,
3012 3130 3067 3173 et
3108 3122 3198 3189 qui
3245 3137 3340 3175 eos
3385 3124 3561 3175 secuti
3605 3134 3737 3175 sunt

447 3193 612 3260 μένας
657 3198 750 3247 καὶ
787 3197 1148 3261 διδασκάλους
1182 3202 1294 3253 τῶν
1352 3202 1696 3272 Ἐκκλησιῶν
1741 3208 1817 3271 ὡς
1864 3210 2031 3280 ὴξιω-
2063 3240 2105 3295 C
2141 3223 2194 3277 pa

1989 3230 2031 3262 ›-
2063 3240 2105 3295 C
2141 3218 2389 3277 pastores
2451 3227 2514 3265 ac
2557 3210 2816 3265 doctores
2862 3212 3261 3277 Ecclesiarum,
3312 3225 3503 3283 utpote
3542 3216 3736 3285 dignos

448 3287 639 3353 μένους
675 3290 1023 3357 προφητικοῦ
1076 3294 1420 3363 χαρίσματος
1453 3298 1547 3349 καὶ
1570 3298 1645 3363 ὡς
1680 3299 2036 3373 [σεσοφισμέ-

444 3395 568 3439 νους
602 3380 678 3447 (5)
714 3382 805 3432 ὑπ’
838 3382 1003 3435 αὑτοῦ
1046 3387 1141 3437 καὶ
1162 3384 1261 3455 ὡς]
1284 3389 1383 3457 τὴν
1430 3390 1651 3461 Γραφὴν
1700 3395 1933 3458 εἰδότας.
1960 3398 2034 3450 Τὸ

441 3471 498 3521 δὲ
529 3473 598 3535 ἐξ
624 3473 827 3526 αὐτῶν
847 3476 1015 3545 δηλοῖ,
1038 3479 1121 3530 ὅτι
1141 3481 1201 3531 οὐ
1226 3481 1435 3545 πάντας
1476 3486 1893 3555 ἀποκτενοῦσιν,
1912 3491 2033 3544 οὐδὲ

444 3566 652 3627 πάντας
685 3584 756 3634 μα
766 3568 1143 3634 στιγὼσουσιν.

515 3656 714 3722 Ὄντως
738 3690 808 3699 -
833 3660 964 3730 γῆς.
995 3659 1140 3731 Αἷμα
1162 3666 1269 3717 νόει
1292 3667 1388 3735 τὴν
1421 3670 1720 3739 καταδίκην
1747 3674 1837 3726 τοῦ
1866 3676 2034 3745 αἷμα-

443 3766 551 3813 τος,
574 3751 694 3818 ἢτοι
724 3752 817 3805 τοῦ
834 3756 1017 3819 φόνου.
1051 3760 1240 3820 Ὅπως
1262 3760 1413 3831 ἔλθῃ,
1432 3765 1621 3831 φησῖν,
1644 3767 1727 3832 ἐφ’
1751 3768 1895 3833 ὑμᾶς
1928 3787 2032 3821 κα-

444 3845 635 3900 ταδίκη
670 3848 870 3910 παντὸς
895 3851 1129 3919 αἵματος
1161 3853 1371 3907 δικαίου
1408 3859 1781 3926 ὲκχυνομένου
1805 3862 1897 3915 ἐπὶ
1932 3864 2032 3931 τῆς

442 3935 574 4002 γῆς·
620 3937 729 3989 ὁδε
785 3941 998 4003 Λουκᾶς
1057 3937 1233 4007 εἴπεν,
1288 3946 1371 3996 ὅτι
1429 3946 1555 3999 Ἵνα
1618 3950 1915 4019 ἐκζητηθῇ
1965 3954 2031 4005 τὸ

442 4021 583 4094 αἷμα
614 4028 864 4085 πάντων
904 4032 1024 4085 τῶν
1040 4035 1389 4104 προφητῶν,
1416 4039 1475 4091 τὸ
1520 4044 1886 4112 ὲκχυνόμενον
1922 4048 2031 4099 ἀπὸ

444 4122 757 4192 καταϐολῆς
792 4125 1027 4197 κόσμου,
1065 4130 1175 4181 ἀπὸ
1226 4130 1327 4198 τῆς
1379 4135 1573 4200 γενεᾶς
1607 4136 1834 4204 ταύτης.
1870 4139 2026 4193 Διδά-

444 4229 562 4265 σκει
618 4214 677 4266 δέ
732 4232 786 4267 τι
849 4219 1084 4289 φοϐερὸν
1122 4224 1149 4274 ό
1178 4222 1357 4290 λόγος.
1404 4225 1547 4279 ὃτιό
1586 4230 1875 4295 γινώσκων
1929 4234 2029 4298 τὰς

439 4306 548 4357 τῶν
570 4309 1131 4383 πεπλημμεληκότων
1183 4319 1479 4386 τιμωρίας,
1519 4319 1640 4391 [καὶ
1672 4321 1748 4391 (6)
1794 4328 2032 4395 μιμησά-

442 4416 603 4468 μενες
625 4403 848 4468 αὐτοὺς,
876 4405 1063 4476 ἔνοχός
1089 4409 1239 4461 ἐστιν
1267 4410 1641 4481 ἀπαιτηθῆναι
1681 4417 1898 4469 πάντων
1932 4419 2028 4481 τὰς

437 4496 761 4568 τιμωρίας,]
801 4498 1076 4567 τουτέστι,
1114 4501 1301 4554 δοῦναι
1333 4504 1417 4571 ἐφ’
1455 4507 1676 4575 ἑκάστῳ
1716 4508 1899 4577 δίκην.
1949 4510 2027 4572 ὼς

2144 3300 2360 3353 habitos
2377 3303 2702 3370 prophetica
2724 3306 2921 3375 gratia,
2950 3316 3003 3359 et
3023 3308 3178 3374 quasi
3206 3308 3275 3359 ab
3304 3322 3370 3361 eo
3400 3308 3629 3361 edoctos
3681 3323 3736 3362 et

2142 3402 2399 3462 tanquam
2440 3394 2785 3464 Scripturam
2820 3398 3211 3468 intelligentes.
3244 3398 3397 3464 Quod
3432 3411 3614 3454 autem
3647 3404 3733 3455 di-

2140 3486 2305 3547 citur,
2359 3504 2423 3539 ea:
2468 3488 2599 3550 illis,
2637 3489 2911 3557 signiﬁcat
2943 3492 3089 3558 quod
3124 3506 3231 3543 non
3270 3506 3463 3545 omnes
3499 3494 3734 3548 occisuri

2139 3589 2320 3642 erant,
2358 3595 2537 3648 neque
2564 3597 2755 3634 omnes
2790 3582 3139 3653 ﬂagellaturi.

2217 3676 2368 3731 Vers.
2402 3678 2495 3731 35.
2537 3680 2685 3734 L’t—
2707 3689 2930 3734 terram.
2958 3680 3321 3752 Sanguinem,
3355 3684 3601 3756 intellige
3617 3688 3738 3740 san‘

2138 3769 2319 3839 guinis
2352 3771 2469 3826 sive
2497 3773 2658 3826 aedis
2690 3775 3230 3830 condemnationem.
3268 3777 3337 3831 Ut
3388 3780 3594 3841 veniat,
3635 3783 3736 3835 in-

2138 3864 2278 3931 quit,
2317 3881 2483 3932 super
2514 3880 2613 3919 vos
2645 3867 3036 3923 condemnatio
3073 3870 3369 3938 cujuslibet
3419 3872 3555 3941 justi
3609 3888 3738 3928 san-

2140 3956 2318 4026 guinis
2367 3958 2457 4028 qui
2492 3958 2704 4013 effusus
2736 3970 2819 4014 est
2841 3977 3009 4031 super
3042 3970 3265 4017 terram.
3318 3963 3495 4020 Lucas
3551 3974 3734 4021 autem

2138 4051 2276 4104 dixit
2309 4069 2321 4104 :
2354 4052 2411 4107 Ut
2432 4054 2747 4122 exquiratur
2765 4057 2982 4125 sanguis
3000 4057 3236 4110 omnium
3263 4064 3641 4127 prophetarum
3664 4062 3733 4124 ",

2137 4147 2230 4212 qui
2261 4144 2471 4199 eﬂusus
2508 4156 2591 4200 est
2630 4161 2659 4199 a
2687 4147 3081 4203 constitutione
3108 4151 3298 4205 mundi
3321 4166 3350 4205 a
3379 4155 3735 4223 generatione

2139 4236 2263 4291 ista.
2298 4238 2465 4293 Docet
2490 4249 2673 4293 autem
2711 4241 2970 4309 quiddam
3010 4243 3355 4298 tremendum
3386 4254 3570 4301 sermo
3607 4246 3733 4302 iste.

2136 4331 2237 4395 Qui
2269 4333 2417 4385 enim
2452 4344 2803 4402 peccatorum
2836 4336 2993 4389 nox-it
3025 4353 3240 4407 pinnas,
3277 4348 3332 4393 et
3358 4340 3726 4397 nihilominus

2135 4437 2230 4476 eos
2263 4424 2532 4489 imitatur,
2576 4439 2705 4480 rcus
2738 4436 2824 4479 est
2853 4439 2909 4481 ut
2943 4428 3012 4481 ab
3038 4443 3104 4481 eo
3133 4419 3447 4499 exigantur'
3482 4431 3732 4486 omnium

2136 4516 2427 4585 supplicia,
2461 4518 2563 4571 hoc
2594 4528 2678 4571 cst
2707 4535 2806 4587 pro
2839 4536 3176 4591 unoquoque
3204 4537 3425 4593 pwnam
3455 4523 3571 4579 luat
3602 4567 3615 4589 ,
3668 4541 3739 4579 eo

439 4588 515 4656 μὴ
549 4590 947 4657 σωφρονισθείς
974 4594 1089 4657 τοῖς
1117 4596 1560 4666 παραδείγμασι.
1619 4601 1731 4653 Καὶ
1760 4601 1817 4667 ἐξ
1841 4602 2024 4654 αὐτῶν
2061 4587 2103 4640 Ῐ)
2133 4626 2186 4678 qi

1987 4620 2024 4653 ιν
2061 4587 2103 4640 D
2133 4610 2279 4678 quod
2317 4612 2570 4681 exemplo
2601 4611 2720 4679 ejus
2754 4627 2875 4667 sese
2903 4629 3011 4667 non
3040 4614 3427 4672 refrenaverit.
3474 4618 3538 4672 Et
3577 4633 3644 4673 ex
3671 4620 3734 4673 il-

434 4681 818 4749 ἀποκτενεῖτε,
910 4687 1115 4757 φησιν,
1182 4688 1331 4753 ὅπως
1397 4692 1741 4761 ἀπαιτηῦἦτε
1806 4696 2031 4750 κόλασιν

434 4776 635 4837 παντὸς
669 4780 831 4845 φόνου
882 4784 1406 4855 προτετολμημένου
1442 4786 1587 4839 κατὰ
1622 4787 1733 4839 τῶν
1778 4789 2027 4844 δικαίων.

435 4869 717 4922 Ἤκουσαν
760 4874 889 4942 γὰρ,
926 4873 1008 4927 ὅτι
1038 4878 1066 4929 δ
1099 4876 1199 4943 μὲν
1252 4879 1395 4931 Κάῖν
1438 4880 1579 4931 ἑπτὰ
1633 4881 1914 4951 τιμωριῶν
1961 4878 2031 4953 ἦν

431 4959 581 5024 ἄξιος
602 4975 616 4989 ⁸
649 4962 676 5013 δ
706 4962 762 5014 δὲ
801 4965 993 5036 Λάμεχ
1053 4968 1526 5039 ἐσδομηκοντάκις
1554 4973 1716 5037 ἑπτὰ,
1741 4973 1831 5026 διὰ
1867 4975 1927 5028 τὸ
1954 4978 2029 5046 μὴ

434 5053 878 5123 σωφρονισθῆναι
928 5056 1007 5127 τῷ
1039 5059 1468 5130 παραδείγματι.
1510 5060 1584 5115 Τὸ
1617 5064 1674 5116 δὲ
1706 5064 1887 5132 ὅπως,
1933 5069 2027 5120 καὶ

430 5143 492 5195 τὸ
519 5144 642 5205 ἵνα,
669 5146 769 5199 οὐκ
796 5149 1136 5218 αίτιολογικὰ
1182 5151 1278 5207 νῦν
1317 5154 1457 5223 φασί
1490 5171 1662 5221 τινες,
1691 5157 1830 5211 ἀλλὰ
1853 5158 2027 5229 δηλω-

429 5241 560 5288 τικὰ
593 5239 687 5291 τοῦ
722 5242 1040 5309 μέλλοντος.

513 5332 647 5384 Ἀπὸ
682 5364 748 5372 -
775 5337 1232 5408 θυσιαστηρίου.
1283 5343 1571 5415 Εύκαίρως
1613 5347 1705 5420 τοῦ
1752 5349 1917 5403 Ἀσελ
1969 5353 2027 5404 ὲ-

432 5424 801 5493 μνημόνευσε,
832 5427 1116 5495 δεικνύων,
1162 5434 1245 5487 ὅτι
1280 5438 1373 5490 καὶ
1407 5438 1435 5489 ὁ
1480 5442 1690 5496 ἐκείνου
1742 5446 1903 5514 ᾳόνος
1942 5447 2027 5501 διὰ

534 5587 579 5619 ⁸⁸
616 5567 757 5646 Luci
785 5604 856 5655 ιι,
886 5590 975 5645 48.
1054 5594 1093 5625 ³¹
1128 5594 1263 5654 Luc.
1304 5615 1377 5666 χι,
1410 5600 1501 5656 50.

2131 4704 2199 4758 lis
2236 4705 2523 4770 oet-idetis,
2556 4705 2754 4776 inquit,
2793 4718 2852 4761 ut
2874 4718 3166 4778 expetatur
3196 4726 3227 4764 a
3260 4710 3414 4764 vobis
3446 4712 3583 4765 ultio
3620 4729 3733 4767 cu—

2128 4795 2356 4865 juslihet
2390 4798 2577 4861 czedis,
2618 4815 2741 4868 qua:
2775 4801 2930 4869 prius
2957 4811 3154 4855 contra
3179 4802 3364 4871 justos
3393 4802 3575 4859 iuerat
3602 4822 3733 4875 per-

2132 4898 2369 4956 pett-ala.
2401 4888 2703 4944 Audierant
2725 4892 2870 4945 enim
2908 4894 3053 4961 quod
3082 4893 3216 4947 Cain
3279 4906 3492 4965 septem
3523 4898 3737 4968 suppli-

2132 4980 2233 5033 ciis
2251 4982 2675 5051 dignusfuerat;
2705 4983 2945 5039 Lamech
2972 5001 3102 5039 vero
3128 4990 3477 5060 septuaginta
3493 5000 3729 5059 septem,

2137 5086 2205 5126 eo
2236 5077 2381 5142 quod
2414 5090 2535 5131 sese
2581 5092 2693 5131 non
2737 5079 3069 5135 ret’renasset
3103 5082 3381 5152 exemplo.
3423 5083 3731 5139 Dictioncnt

2126 5176 2307 5221 autem
2341 5172 2512 5233 ὅπως,
2568 5179 2651 5237 ιιι,
2686 5172 2841 5227 aiunt
2864 5174 3087 5243 quidam
3116 5190 3225 5229 non
3260 5176 3377 5247 capi
3411 5177 3730 5241 causaliter,

2129 5264 2223 5318 sed
2261 5275 2316 5318 ut
2352 5264 2626 5335 significet
2656 5266 2710 5321 id
2746 5268 2894 5336 quod
2939 5266 3188 5323 futurum
3227 5281 3336 5324 est.

2204 5353 2359 5411 Vers.
2395 5358 2485 5414 35.
2519 5360 2558 5412 Α
2592 5390 2660 5399 -
2683 5360 2881 5416 altare.
2919 5362 3250 5431 Opportune
3283 5362 3418 5416 Abel
3457 5364 3732 5425 meminit,

2130 5448 2431 5505 ostendens
2454 5452 2598 5521 quod
2618 5454 2785 5508 etiam
2804 5455 2985 5511 caedes
3006 5454 3263 5528 illiuspcr
3302 5456 3568 5512 invidiam
3610 5474 3735 5530 per-

1648 5676 1846 5739 Varite
1886 5680 2198 5745 lectiones
2235 5694 2292 5745 et
2331 5693 2522 5747 notat.

622 5826 744 5913 ξεττ)
781 5830 1023 5913 πάντων,
1049 5852 1149 5913 pro
1174 5841 1502 5913 ἐπιτάττων,
1536 5846 1601 5902 Α.

501 5897 577 5965 εἰ»)
621 5896 834 5956 Inclusa
871 5896 1072 5963 absunt
1100 5911 1164 5965 Α.

2209 5855 2282 5924 με)
2322 5856 2533 5936 Inclusa
2566 5860 2765 5915 absunt
2792 5861 2859 5914 Α.
