4424 6448
408 390 515 455 6τ3

410 592 835 657 συγγράμμασι.
884 586 1469 656 πληροφορηθήσεται.
1515 586 1710 640 Καίτοι
1739 587 1850 655 γὰρ
1902 587 1997 639 Ἐ-

411 678 602 749 ὗραῖος
630 679 731 742 ὢν,
774 678 1190 730 διαϐεϐαιοῦται
1228 678 1357 746 περὶ
1382 679 1482 745 τῆς
1508 679 1764 747 τοιαύτης
1790 678 1997 747 θεομη-

414 771 555 831 νίας,
613 773 695 823 ὁτι
757 773 940 822 πᾶσαν
996 771 1220 837 ἐνίκησε
1288 771 1602 840 συμφορὰν,
1659 772 1753 823 καὶ
1812 775 1998 823 πᾶσαν

412 861 654 928 ὑπερέὸι
691 861 1027 929 τραγῳδίαν.
1082 862 1239 913 Μετὰ
1297 864 1405 930 γὰρ
1441 863 1537 929 τῆς
1575 861 1735 929 ξένης
1773 862 1996 929 ἐκείνης

411 952 734 1020 πολιορκίας
762 952 1018 1014 τοσοῦτος
1047 948 1115 1020 ἦν
1147 954 1174 1001 ὁ
1206 953 1386 1019 λιμὸς,
1419 952 1495 1014 ὡς
1522 954 1615 1004 καὶ
1645 953 1835 1014 αὐταῖς
1871 957 1997 1016 ταῖς

413 1046 687 1114 μητράσιν
719 1045 1101 1113 περιμάχητον
1150 1039 1291 1096 εῖναι
1328 1043 1425 1113 τὴν
1469 1047 1861 1111 τεκνοφαγίαν,
1902 1046 1996 1096 καὶ

410 1137 551 1205 ὑπὲρ
581 1137 772 1188 τούτου
813 1136 1087 1204 πολέμους
1132 1136 1399 1203 γίνεσθαι.
1448 1137 1605 1199 Τίνος
1652 1137 1744 1189 οὖν
1805 1140 1995 1191 ἕνεκεν

408 1227 767 1295 χαλεπώτερα
801 1231 892 1278 καὶ
920 1227 1339 1296 φρικωδέστερα
1389 1229 1609 1280 πάντων
1643 1229 1750 1280 τῶν
1774 1230 1869 1281 ἀπ’
1906 1233 1994 1285 αί-

408 1318 549 1378 ῶνος
627 1318 936 1385 ἀνθρώπων
1000 1321 1310 1371 πεπόνθασι
1352 1338 1369 1385 ;
1411 1321 1557 1371 Διότι
1636 1321 1996 1393 χαλεπώτερα

410 1414 506 1461 καὶ
540 1412 953 1481 φρικωδέστερα
1001 1413 1222 1464 πάντων
1255 1412 1365 1464 τῶν
1400 1413 1495 1464 ἀπ’
1548 1414 1743 1475 αίῶνος
1778 1414 1965 1483 ἀνθρώ

406 1520 527 1554 πων
572 1505 974 1572 τετολμήκασιν
1010 1544 1026 1568 ,
1073 1505 1363 1566 ἀνελόντες
1399 1505 1491 1557 τὸν
1528 1504 1656 1556 Υἰὸν
1704 1506 1797 1557 τοῦ
1833 1505 1992 1556 Θεοῦ.

403 1598 619 1656 Λουκᾶς
651 1596 711 1647 δὲ
743 1595 1085 1662 πλατύτερον
1127 1612 1315 1664 φησιν,
1367 1598 1451 1647 ὃτι
1492 1598 1707 1648 Ἔσται
1757 1595 1991 1662 ἀνάγκη

401 1685 632 1751 μεγάλη
659 1686 757 1737 ἐπὶ
790 1682 893 1749 τῆς
928 1684 1065 1753 τῆς,
1090 1686 1188 1739 καί
1232 1684 1379 1753 ὀργὴ
1405 1686 1474 1737 ἐν
1509 1684 1589 1748 τῷ
1620 1686 1745 1750 λαῷ
1778 1688 1990 1751 τούτῳ,

402 1778 501 1827 καί
538 1776 867 1829 πεσοῦνται
902 1779 1154 1850 στόματι
1202 1779 1525 1845 μαχαίρας,
1548 1778 1643 1829 καί
1692 1779 1991 1845 αίχμαλω-

1298 392 1692 453 COMMENT.
1734 386 1813 453 ΙΝ
1861 392 2341 454 MATTHEUM.
2381 416 2447 429 η’
2489 395 2651 455 CAP.
2693 396 2902 458 XXIV.

486 500 783 553 Ἔσται-
810 497 1071 565 γένηται.
1106 495 1173 549 Εἴ
1200 512 1285 557 τις
1326 498 1527 569 ἐντύχῃ
1575 501 1687 559 τοῖς
1732 496 1999 565 Ἰωσήπου
2032 507 2075 560 Α

3584 409 3690 473 614

2185 495 2334 551 Vers.
2364 497 2451 549 2|.
2495 499 2609 551 Erit
2644 530 2707 539 —-
2738 502 2850 568 ﬁet.
2906 503 2961 557 Si
2993 506 3119 572 quis
3155 508 3208 559 in
3234 506 3459 576 Jnsephi
3486 516 3688 583 scripta

2101 585 2328 638 incidat.
2368 588 2574 640 certior
2617 583 2845 644 dinnino
2874 594 2941 646 de
2981 595 3067 648 liis
3096 596 3378 651 efiicielur.
3408 600 3688 667 Siquidem

2100 690 2224 727 cum
2273 676 2434 728 etiam
2462 676 2687 732 Iudaeus
2716 692 2886 743 esset,
2952 686 3185 740 affirmat
3247 691 3314 743 de
3370 692 3688 758 huiusmodi

2104 765 2197 818 Dei
2247 768 2346 830 ira,
2378 769 2523 836 quod
2556 786 2774 824 omnem
2802 778 3105 829 excesserit
3136 781 3408 835 calaniitat
3447 802 3519 845 Ill,
3574 802 3696 839 om-

2102 872 2340 925 nemque
2396 874 2744 926 supergressa
2795 865 2867 916 sit
2932 870 3269 933 tragtediam.
3320 871 3450 925 Nam
3498 888 3692 941 pra-ter

2105 950 2449 1001 tremendam
2501 952 2649 1004 illam
2680 954 3053 1017 obsidionem,
3080 969 3226 1012 tanta
3258 976 3377 1015 erat
3405 966 3595 1024 fames.
3635 979 3693 1021 ut

2102 1037 2233 1105 ipsis
2256 1056 2472 1108 quoque
2495 1044 2763 1096 matribus
2778 1061 2957 1116 pugna
2988 1048 3153 1102 fuerit
3186 1068 3283 1119 pro
3301 1070 3398 1107 esu
3434 1058 3559 1109 filim
3578 1076 3689 1112 um.

2102 1129 2183 1182 0b
2214 1145 2376 1197 quam
2408 1145 2538 1200 ergo
2573 1148 2819 1192 causam.
2871 1137 3323 1193 miserabiliorem
3352 1160 3415 1197 ac
3452 1145 3687 1200 horribi-

2103 1223 2290 1273 liorem
2320 1223 2462 1289 passi
2496 1225 2990 1281 suntaﬂiictionem
3024 1234 3281 1285 omnibus
3314 1251 3433 1302 que
3469 1240 3694 1293 fuerunt

2099 1326 2128 1362 a
2162 1311 2558 1376 swculo?Quia
2591 1319 2763 1382 magis
2823 1325 3221 1374 exsecrandum
3259 1339 3322 1377 ac
3377 1326 3695 1385 horribilius

2102 1410 2562 1468 perpetravernnt
2615 1404 2880 1474 flagitium
2923 1412 3182 1464 omnibus
3230 1416 3319 1481 qui
3386 1416 3609 1471 fuerunt
3665 1436 3695 1470 a

2098 1492 2322 1555 saeculo,
2353 1494 2445 1545 Dei
2482 1494 2686 1548 Filium
2744 1499 3080 1554 occidentes.
3146 1502 3322 1558 Lucas
3356 1519 3536 1560 autem
3583 1511 3697 1576 pla-

2098 1583 2227 1635 nius
2259 1584 2393 1637 dicit
2421 1604 2432 1638 :
2476 1589 2592 1638 brtt
2626 1590 2762 1639 enim
2792 1591 3000 1657 afflictio
3055 1610 3249 1662 magna
3281 1614 3436 1662 super
3468 1610 3690 1662 terram,

2098 1683 2146 1725 et
2180 1675 2261 1727 ira
2300 1678 2353 1727 in
2385 1678 2579 1744 papula
2614 1682 2727 1743 hoc,
2786 1690 3073 1749 cadentque
3112 1689 3224 1737 acie
3276 1687 3461 1754 gladii.
3489 1700 3535 1741 et
3565 1706 3694 1758 cap-

2098 1767 2192 1817 tivi
2248 1768 2506 1821 ducentur
2558 1773 2611 1822 in
2665 1788 2843 1824 omnes
2899 1786 3097 1842 gentes,
3149 1787 3197 1828 et
3246 1778 3540 1831 Jerusalem
3580 1782 3694 1832 cal-

400 1869 793 1933 τισθήσονται
822 1873 911 1934 εις
934 1870 1132 1922 πάντα
1154 1872 1225 1923 τὰ
1253 1872 1422 1935 ἔθνη,
1456 1871 1555 1922 καί
1601 1870 1993 1938 Ἰερουσαλὴμ
2023 1849 2071 1910 Β
2100 1873 2147 1910 ει

1945 1888 1993 1938 ,μ
2023 1849 2071 1910 Β
2100 1858 2306 1910 cabitur
2346 1876 2376 1910 α
2421 1862 2683 1927 gentibus,
2727 1865 2889 1915 donec
2931 1865 3260 1932 impleantur
3293 1879 3526 1935 tempoia
3565 1889 3692 1940 gen-

401 1961 569 2013 ἔσται
595 1962 943 2028 πατουμένη
996 1962 1116 2015 ὑπὸ
1167 1958 1377 2024 ἐθνῶν,
1425 1959 1564 2027 ἄχρι
1629 1954 1993 2026 πληρωθῶσι

402 2056 593 2122 καιροὶ
622 2054 832 2107 ἐθνῶν.
877 2054 1077 2123 Ὀργὴν
1112 2055 1215 2119 μὲν
1241 2054 1419 2120 λέγων
1450 2055 1550 2121 τὴν
1586 2052 1678 2103 τοῦ
1715 2049 1875 2113 Θεοῦ,
1903 2051 1994 2103 διὰ

401 2150 494 2201 τὸν
530 2149 655 2200 Υἰδν
682 2148 876 2213 αὐτοῦ,
910 2149 1137 2218 καιροὺς
1178 2147 1235 2199 δι
1264 2146 1436 2198 ἐθνῶν
1475 2148 1603 2208 τοὺς
1640 2148 1767 2215 ἄχρι
1805 2161 1992 2198 συντε-

400 2240 557 2303 λείας
594 2241 796 2306 αὐτῶν,
838 2243 934 2293 καὶ
1005 2240 1097 2293 τοῦ
1152 2240 1360 2308 κόσμου
1397 2240 1631 2300 παντός.

477 2335 583 2386 Καὶ
632 2338 683 2386 εί
726 2336 813 2403 μὴ
840 2338 994 2387 -αί
1033 2333 1243 2401 ἡμέραι
1294 2334 1544 2386 ἐκεῖναι.
1587 2333 1838 2402 Ἡμέρας
1887 2331 1989 2394 τὰς

399 2424 494 2477 τοῦ
528 2425 769 2495 πολέμου
800 2427 894 2477 καὶ
931 2425 1032 2493 τῆς
1075 2425 1396 2491 πολιορκίας
1429 2425 1645 2494 ἐκείνης
1710 2425 1869 2492 φησὶ,
1905 2423 1993 2474 λέ-

398 2535 532 2585 γων·
588 2520 670 2571 ὅτι
731 2523 777 2571 εί
813 2519 887 2589 μὴ
943 2519 1337 2588 ἠλαττώθησαν
1399 2521 1454 2571 αί
1516 2519 1723 2587 ἡμέραι
1784 2519 1991 2569 ἐκεῖναι

405 2612 527 2662 κατ’
565 2615 881 2679 οίχονομίαν
929 2614 1079 2680 παρὰ
1138 2613 1233 2662 τοῦ
1299 2611 1457 2675 Θεοῦ,
1495 2612 1596 2663 οὐκ
1641 2611 1706 2664 ἂν
1738 2610 1996 2677 διεσώθη,

399 2704 500 2757 οὐκ
559 2708 626 2756 ἂν
688 2706 1002 2771 ὑπεξέφυγε
1055 2705 1145 2756 τὸν
1201 2704 1432 2757 θάνατον
1497 2706 1646 2756 πᾶσα
1706 2703 1866 2772 σὰρξ.
1927 2704 1993 2772 ἦ·

401 2814 554 2867 γουν,
609 2798 730 2851 οὐδὲ
795 2798 892 2865 μία
939 2798 1095 2867 σὰρξ,
1142 2798 1407 2866 Ἰουδαῖκὴ
1440 2798 1704 2865 δηλονότι.
1786 2799 1995 2858 Πάντες

406 2891 514 2961 γὰρ
544 2892 611 2943 ἂν
642 2891 1039 2960 διεφθάρησαν,
1089 2890 1180 2941 καὶ
1228 2893 1275 2942 oi
1311 2892 1480 2954 ἐντὸς,
1520 2890 1614 2941 καὶ
1647 2892 1694 2940 oi
1732 2889 1908 2951 ἐκτός
1941 2890 1991 2939 οί

408 2988 507 3053 μὶν
557 2984 725 3053 λιμῷ,
761 2988 807 3035 οἱ
868 2985 925 3037 δὲ
965 2984 1163 3050 λοιμῷ,
1197 2984 1337 3035 οί“δὲ
1370 2984 1516 3051 ξίφει
1568 2985 1664 3035 καὶ
1710 2982 1989 3043 παντοίοις

2104 1950 2328 2002 tium“.
2374 1952 2512 2003 Iram
2543 1954 2762 2019 quidem
2821 1955 2914 2008 Dei
2981 1958 3207 2020 dicens;
3264 1968 3508 2027 tempora
3562 1979 3692 2016 vero

2104 2038 2373 2108 gentium,
2406 2056 2466 2092 ea
2495 2056 2613 2107 quae
2646 2044 2924 2095 durabunt
2956 2059 3127 2113 usque
3167 2048 3233 2099 ad
3259 2054 3693 2106 consummatio-

2106 2145 2233 2185 nem
2256 2148 2469 2197 eorum,
2514 2136 2791 2205 totiusque
2830 2137 3044 2191 mundi.

2170 2353 2325 2410 Vers.
2352 2356 2442 2409 ἓξ.
2482 2357 2546 2409 Et
2582 2360 2682 2411 nisi
2712 2388 2782 2398 -
2829 2362 2936 2414 dies
2964 2361 3067 2415 illi.
3131 2361 3256 2416 Dies
3320 2367 3395 2419 ait
3462 2366 3586 2422 belli
3642 2379 3700 2424 et

2097 2446 2657 2514 obsidionis.dicens,
2694 2452 2839 2519 quod
2872 2454 2974 2507 nisi
3042 2454 3293 2507 diminuti
3320 2457 3550 2513 fuissent
3581 2460 3699 2516 dies

2098 2538 2173 2592 illi
2227 2539 2639 2608 dispensatione
2672 2543 2878 2603 divina.
2912 2562 3257 2615 nequaquam
3302 2550 3449 2602 salva
3483 2553 3695 2617 fuisset,

2100 2645 2445 2700 nequaquam
2504 2645 2733 2688 mortem
2792 2640 3052 2693 evitasset
3080 2641 3260 2694 omnis
3308 2660 3456 2705 caro,
3485 2645 3537 2699 id
3588 2662 3691 2711 est,

2102 2724 2251 2775 nulla
2291 2725 2645 2778 remansisset
2670 2743 2822 2792 caro,
2860 2726 3086 2785 Judaica
3140 2733 3417 2788 Videlicet.
3488 2736 3695 2791 Omnes

2102 2815 2248 2866 enim
2286 2817 2485 2868 mortui
2514 2817 2748 2876 fuissent
2773 2821 3048 2885 homines,
3090 2833 3143 2876 et
3174 2827 3265 2892 qui
3304 2827 3472 2886 intus.
3519 2841 3570 2881 l'l
3602 2832 3691 2899 qui

2097 2916 2249 2958 extra
2276 2917 2434 2960 erant
2488 2924 2502 2960 :
2547 2909 2771 2975 quidam
2806 2912 2970 2971 fame,
3007 2915 3231 2981 quidem
3266 2932 3393 2969 vero
3420 2931 3569 2985 peste
3596 2932 3689 2974 aut

2095 2998 2296 3063 gladio.
2317 3000 2684 3069 omnibusque
2709 3005 2899 3057 mortis
2927 3006 3237 3073 generibus.
3278 3010 3551 3064 Adversu~
3578 3029 3697 3067 om-

402 3076 640 3129 θανάτου
698 3076 947 3145 τρόποις.
1000 3076 1161 3128 Κατὰ
1208 3076 1430 3129 πάντων
1462 3074 1572 3143 γὰρ
1613 3073 1885 3127 Ἰουδαίων
1939 3075 1990 3125 οἱ
2020 3067 2062 3124 C
2103 3104 2149 3141 η,

1951 3075 1990 3125 Ξῖ
2020 3067 2062 3124 C
2103 3104 2199 3142 nes
2232 3093 2499 3159 siquidem
2544 3094 2761 3149 Judaeus
2796 3096 3025 3151 Romani
3059 3100 3241 3152 furore
3279 3104 3493 3155 accensi
3521 3117 3698 3169 erant,

418 3172 686 3238 Ῥωμαίοι
729 3170 980 3239 σφοδρῶς
1038 3170 1347 3239 ἐμάνησαν.
1387 3172 1481 3220 καὶ
1534 3171 1676 3221 κατὰ
1710 3170 1819 3220 τῶν
1852 3185 1994 3221 παν-

400 3266 542 3334 ταχῆ
567 3264 989 3332 διεσπαρμένων
1020 3266 1307 3331 ἐφέροντο.
1358 3262 1687 3321 Ἑκλεκτοὺς
1720 3261 1778 3313 δὲ
1834 3262 1991 3313 καὶεί

398 3362 524 3420 τοὺς
556 3359 613 3425 ἐξ
656 3358 928 3409 Ἰουδαίων
970 3358 1219 3421 πιστοὺς,
1251 3356 1319 3408 δι’
1350 3355 1443 3418 οὓς
1484 3357 1785 3423 ταχύτερον
1820 3356 1994 3407 ἐπαυ-

403 3470 463 3505 σε
521 3452 611 3503 τὸν
663 3452 924 3518 πόλεμον,
971 3448 1058 3500 ἵνα
1112 3449 1187 3517 μὴ
1248 3448 1665 3499 συναπόλωνται
1718 3450 1829 3509 τοῖς
1866 3447 1996 3499 ἀπί-

402 3563 571 3609 στοις,
605 3544 742 3597 ante;
782 3542 985 3613 μᾶλλον
1015 3543 1103 3596 ἵνα
1139 3542 1285 3604 τινὲς
1316 3543 1427 3595 τῶν
1464 3542 1713 3594 ἀπίστων
1780 3543 1994 3595 συνδια-

402 3641 620 3693 σωθῶσι
662 3639 899 3702 τούτοις,
924 3637 1067 3691 ὥστε
1096 3636 1302 3706 μηδένα
1328 3635 1634 3705 δυνηθῆναι
1670 3635 1875 3703 λέγειν,
1909 3636 1992 3687 ὅτι

398 3734 490 3786 διὰ.
547 3734 672 3795 τοὺς
729 3730 1206 3800 πιστεύσανταςή
1254 3729 1522 3797 θεήλατος
1587 3727 1729 3797 α’ύτη
1791 3726 1993 3795 μάστιξ

401 3826 659 3896 ἐπῆλθεν·
698 3824 812 3877 ἀλλ’
850 3825 939 3877 ἵνα
974 3822 1266 3892 βλέποντες
1297 3822 1347 3873 οί
1369 3822 1790 3889 ὑπολειφθέντες
1821 3821 1997 3873 ἃπαν-

400 3940 504 3984 τας
568 3921 696 3981 τοὺς
722 3921 780 3971 ἐν
808 3919 995 3980 αὐτοῖς
1033 3918 1259 3978 πιστοὺς
1282 3915 1630 3986 διαδράντας,
1662 3916 1863 3969 συνῶσι
1894 3917 1994 3985 τὴν

399 4016 605 4078 αίτίαν,
638 4014 731 4065 καὶ
770 4010 1169 4081 βεδαιωθῶσιν,
1205 4009 1281 4072 ὡς
1308 4010 1371 4061 οὐ
1396 4010 1557 4079 μόνον
1588 4010 1689 4061 οὐκ
1714 4008 1995 4060 ἀπώλοντο

395 4113 463 4165 δι’
498 4110 696 4171 αὐτούς
719 4109 769 4159 οἱ
802 4104 1224 4173 διαφθαρέντες,
1257 4104 1397 4156 ἀλλὰ
1434 4102 1672 4171 μάλιστα
1712 4105 1807 4155 καὶ
1836 4102 1994 4154 αὐτοὶ

397 4205 489 4257 διὰ
524 4202 751 4262 τούτους
784 4198 1233 4268 περιεσώθησαν.

471 4297 597 4347 Ὅτι
627 4294 683 4347 δὲ
717 4294 778 4345 τὸ
807 4291 977 4347 πᾶσα
1002 4290 1183 4357 σὰρξ,
1206 4291 1329 4343 ἀντί
1355 4288 1470 4351 τοῦ,
1503 4287 1626 4340 οὐδὲ
1648 4287 1769 4356 μία,
1796 4287 1993 4355 παρεί-

398 4392 624 4460 ληπται,
658 4386 813 4456 δῆλον
844 4385 937 4438 καὶ
969 4384 1076 4437 ἀπὸ
1109 4382 1205 4434 τοῦ
1232 4381 1525 4434 Δαυῑδικοῦ
1563 4380 1754 4450 ῥητοῦ,
1806 4382 1995 4447 λέγον-

396 4494 512 4543 τος·
554 4476 648 4543 Μὴ
676 4473 1212 4541 κατακυριευσάτω
1236 4490 1355 4541 μου
1388 4471 1559 4526 πᾶσα
1591 4473 1831 4540 ἀνομία,
1868 4472 1991 4523 ἀντὶ

399 4574 520 4637 τοῦ,
572 4573 707 4642 μηδὲ
743 4571 861 4641 μία.
891 4570 1003 4623 Καὶ
1042 4566 1204 4621 τοῦτο
1230 4568 1340 4638 γὰρ
1375 4567 1574 4637 ἰδίωμα
1617 4564 1720 4636 τῆς
1748 4565 1992 4629 παλαιᾶς

398 4668 648 4720 Γοαωῆς.

446 4670 648 4737 ραφῆςο

469 4762 541 4813 Σύ
573 4759 630 4812 δέ
674 4776 764 4826 μοι
801 4757 1003 4809 σκόπει
1034 4754 1128 4808 τοῦ
1162 4755 1313 4808 θείου
1349 4754 1668 4823 Πνεύματος
1706 4758 1804 4824 τὴν
1848 4758 1994 4808 οἰκο-

397 4852 614 4920 νομίαν,
641 4850 759 4912 πῶς
797 4850 825 4901 δ
860 4850 959 4919 μὲν
1000 4849 1281 4915 Ἰωάννης,
1324 4848 1351 4900 ὁ
1383 4846 1513 4909 ζῶν,
1546 4847 1634 4898 ὅτε
1681 4848 1853 4900 ταῦτα
1902 4848 1995 4914 γέ-

398 4959 546 5010 γονε,
585 4942 678 4994 καὶ
712 4941 852 5009 μετὰ
880 4941 981 5009 τὴν
1014 4939 1218 4992 ἅλωσιν
1252 4938 1424 4991 πολὺν
1454 4938 1534 4989 ἔτι
1568 4937 1739 5006 ζήσας
1773 4940 1990 5007 χρόνον,

398 5036 553 5088 οὐδὲν
604 5033 813 5086 τούτων
871 5032 1135 5101 ἔγραψεν,
1194 5031 1282 5083 ἵνα
1328 5030 1401 5100 μὴ
1434 5028 1563 5101 δόξῃ
1604 5031 1863 5099 γράφειν»
1916 5030 1992 5094 ὡς

395 5129 566 5182 πάλαι
592 5125 882 5197 είρτ,μένα,
911 5127 981 5178 τὰ
1013 5125 1115 5195 ήδη
1152 5124 1519 5194 γεγενημένα’
1554 5122 1603 5175 οί
1651 5124 1707 5176 δὲ
1746 5122 1853 5193 πρὸ
1894 5123 1989 5176 τοῦ

2103 3183 2269 3235 etiam
2299 3184 2562 3240 adversus
2610 3202 2703 3242 eos
2760 3190 2851 3257 qui
2890 3190 3090 3259 ubique
3135 3204 3400 3247 terrarum
3467 3198 3701 3267 dispersi

2104 3274 2423 3330 ferebantur
2450 3278 2547 3347 (k).
2578 3277 2790 3333 Eiectos
2822 3291 3004 3334 autem
3064 3295 3224 3337 vocat
3259 3286 3467 3350 ﬁdeles,
3499 3290 3591 3358 qui
3635 3307 3700 3343 ex

2110 3369 2313 3423 Jntlteis
2344 3380 2517 3433 erant,
2556 3382 2780 3440 propter
2829 3389 2968 3441 quos
3000 3375 3163 3429 citius
3219 3378 3428 3445 quievit
3469 3382 3699 3444 bellum,

2103 3476 2173 3512 ne
2211 3460 2456 3527 perirent
2488 3477 2594 3514 una
2636 3477 2759 3515 cum
2791 3463 3149 3529 infidelibus;
3181 3470 3274 3521 sed
3306 3472 3488 3537 potius
3514 3474 3700 3527 inere-

2100 3553 2209 3605 duli
2241 3553 2405 3619 aliqui
2448 3568 2545 3621 per
2582 3555 2682 3608 hos
2709 3567 3080 3619 servarentur,
3105 3575 3171 3611 ne
3212 3572 3397 3628 posset
3424 3566 3698 3633 quispiam

2098 3644 2285 3698 dicere
2344 3646 2487 3712 quod
2534 3656 2762 3714 propter
2793 3663 2890 3701 eos
2924 3649 3017 3717 qui
3077 3653 3448 3717 crediderant,
3511 3658 3626 3708 ha-c
3674 3677 3699 3709 ιι

2100 3738 2211 3792 Deo
2281 3740 2526 3792 immissa
2561 3741 2697 3793 ultio
2735 3744 3151 3811 supervenisset
3196 3764 3207 3799 :
3267 3751 3360 3801 sed
3401 3751 3491 3816 qui
3527 3751 3702 3806 relicti

2096 3828 2529 3883 erantridenles
2554 3845 2749 3883 omnes
2795 3831 2886 3899 qui
2953 3833 3097 3887 inter
3152 3836 3301 3903 ipsos
3353 3840 3705 3895 crediderant

2102 3918 2511 3987 permansisse,
2564 3920 2940 3992 intelligerent
3014 3939 3262 3990 causam,
3320 3944 3382 3981 ac
3434 3914 3703 3989 certiores

2102 4010 2486 4073 redderentur.
2520 4015 2664 4081 quod
2700 4031 2807 4067 non
2866 4016 3040 4070 solum
3099 4034 3206 4071 non
3264 4020 3545 4088 perierant
3582 4040 3706 4091 pro-

2100 4110 2223 4171 pter
2250 4103 2373 4157 illos
2407 4106 2498 4173 qui
2537 4108 2740 4159 mortui
2778 4118 2957 4174 erant,
2989 4110 3082 4163 sed
3110 4109 3302 4179 potius
3333 4122 3388 4165 et
3444 4115 3547 4183 ipsi
3579 4132 3705 4185 pro-

2100 4203 2222 4264 pter
2254 4211 2349 4251 eos
2392 4198 2600 4252 servati
2645 4209 2825 4254 erant.

2174 4288 2333 4354 Quod
2381 4300 2602 4343 autem:
2642 4307 2742 4345 non
2797 4293 2970 4348 omnis
3018 4311 3165 4358 caro,
3214 4311 3316 4365 pro
3348 4298 3495 4352 nulla
3554 4316 3703 4366 raro,

2100 4392 2376 4446 sumatur,
2433 4384 2787 4439 manifestum
2848 4396 2931 4440 est
2994 4403 3215 4456 quoque
3257 4405 3285 4443 a
3332 4390 3482 4445 dicto
3542 4393 3703 4447 Davi-

2101 4476 2227 4529 dico
2262 4490 2371 4545 quo
2405 4476 2607 4531 dicitur
2643 4494 2658 4531 :
2701 4478 2823 4532 Non
2870 4482 3173 4535 dominetur
3209 4485 3311 4536 mei
3347 4487 3516 4538 omnis
3546 4467 3703 4553 inju-

2104 4570 2258 4621 stitia
2276 4570 2344 4635 δ’,
2369 4569 2419 4621 id
2450 4579 2556 4633 est,
2577 4570 2746 4624 nulla.-
2769 4570 2904 4626 Nam
2933 4582 2985 4627 et
3035 4574 3138 4628 hoc
3166 4575 3369 4629 idioma
3398 4586 3482 4629 est
3502 4580 3705 4635 \‘eteris

2106 4658 2429 4730 Scriptura.

2174 4753 2258 4807 Tu
2292 4770 2421 4810 vero
2448 4756 2739 4812 considera
2795 4759 2929 4813 milii
2979 4760 3148 4813 divini
3197 4758 3435 4830 Spiritus
3486 4765 3710 4833 tliSpen-

2100 4847 2397 4913 sationem,
2424 4865 2533 4919 quo
2581 4853 2746 4905 modo
2792 4849 3036 4904 Joannes
3066 4853 3159 4920 qui
3215 4854 3266 4907 in
3329 4837 3467 4905 Vivis
3527 4857 3707 4909 adhuc

2099 4947 2218 4993 erat
2252 4939 2381 4993 dum
2419 4942 2531 4993 lure
2561 4942 2703 4995 facta
2732 4950 2881 5006 sunt,
2920 4952 2975 4996 et
3028 4944 3200 4995 multo
3243 4944 3425 4998 adhuc
3454 4957 3705 5014 tempore

2096 5040 2221 5101 post
2273 5034 2744 5104 expugnationem
2796 5035 2958 5099 vixit,
3010 5036 3146 5089 niliil
3204 5037 3402 5090 borum
3467 5041 3706 5108 scripsit,

2094 5143 2166 5181 ne
2222 5128 2379 5197 quasi
2443 5129 2573 5183 olim
2640 5130 2899 5200 praedicta
2945 5130 3190 5184 scribere
3231 5131 3527 5198 rideretur,
3581 5150 3706 5203 qna:

392 5222 655 5293 γενέσθαι
713 5221 889 5277 ταῦτα
966 5218 1448 5287 τετελευτηκότες,
1516 5220 1717 5271 ἐκεῖνοι
1810 5220 1991 5273 πάντα
2088 5223 2139 5293 ja

1956 5239 1991 5272 α
2088 5223 2200 5293 jam
2228 5224 2369 5279 facta
2393 5235 2572 5279 erant.
2612 5224 2715 5290 Qui
2764 5241 2897 5280 vero
2950 5227 3271 5296 priusquam
3330 5227 3447 5280 bere
3504 5231 3702 5281 tierent

396 5316 585 5385 σαφῶς
616 5314 886 5385 ἔγραψαν,
921 5314 1011 5367 ἵνα
1042 5313 1358 5375 ἀνύποπτος
1388 5314 1421 5382 ἡ
1450 5311 1546 5365 τοῦ
1588 5314 1827 5385 Χριστοῦ
1856 5316 1981 5383 περὶ

503 5501 549 5532 ⁸³
584 5501 716 5556 Luc.
753 5500 975 5564 “1,25,
1004 5498 1095 5554 ει.
1168 5499 1209 5530 δ’
1246 5497 1389 5551 Psal.
1430 5513 1621 5559 Ωιι-ιιι,
1654 5496 1743 5553 15.

2093 5320 2295 5372 mortui
2348 5328 2501 5384 sunt,
2577 5320 2870 5376 manifeste
2936 5322 3122 5376 omnia
3196 5322 3561 5393 scripserunt,
3642 5334 3701 5377 ut

1593 5589 1791 5652 Variaa
1836 5590 2147 5654 lectiones
2194 5601 2255 5654 et
2302 5602 2488 5656 notas.

468 5797 540 5863 (ι)
575 5791 751 5847 litium
779 5823 841 5830 --
877 5790 1199 5861 ferebantur.
1240 5790 1304 5842 Et
1333 5797 1524 5844 contra
1554 5788 1755 5859 ubique
1781 5788 2066 5860 dispersos
2097 5789 2441 5846 ferebantur.
