4424 6448
466 401 576 465 625

1295 400 1690 464 COMMENT.
1736 400 1817 461 ΙΝ
1865 398 2339 463 ΜΑΤΤΙΙίΕυΜ.
2383 431 2449 441 —
2492 406 2651 467 CAP.
2694 407 2906 469 XXIV.

3654 403 3756 471 θείς

461 518 588 577 τοὺς
622 514 913 577 πλουσίους
946 515 1123 581 δηλοῖ,
1167 515 1257 567 διὰ
1296 516 1353 568 δὲ
1383 518 1494 567 τῶν
1526 515 1848 577 ἀληθουσῶν
1878 515 1936 567 ἓν
1981 514 2059 581 τῷ
2088 508 2135 567 Δ
2165 536 2208 588 qi

2006 514 2059 581 ῖῷ
2088 508 2135 567 Δ
2165 520 2255 588 qui
2300 520 2352 572 in
2388 536 2518 590 agro
2545 528 2695 597 sunt,
2722 520 2921 574 divites
2954 518 3207 589 intelligit
3237 537 3251 583 ;
3296 534 3395 588 per
3429 534 3524 573 eas
3574 530 3753 573 autem

462 605 692 674 μυλῶνι,
724 607 848 670 τοὺς
898 608 1159 675 πένητας.
1203 609 1311 660 Καὶ
1339 608 1581 662 διδάσκει
1606 609 1689 663 ὅτι
1731 610 1828 660 καὶ
1858 608 1923 659 ὲκ
1952 606 2062 661 τῶν

460 699 733 752 πλουσίων
766 700 861 751 καὶ
884 700 948 751 ἐκ
994 698 1104 751 τῶν
1140 700 1391 771 πενήτων
1449 700 1591 762 τινὲς
1634 700 1735 769 μὲν
1769 699 2058 764 σώζονται,

461 792 610 848 τινὲς
640 793 695 845 δὲ
730 790 1090 854 ἀπόλλυνται.
1126 792 1221 843 Διὸ
1263 792 1362 844 καὶ
1392 792 1487 843 ἐπὶ
1515 794 1615 861 μιν
1639 792 1749 844 τῶν
1784 792 2059 844 πλουσίων

462 882 772 952 ἀρσενικῶς
801 882 894 933 τὸν
923 881 1084 949 λόγον
1109 885 1420 952 προήγαγε,
1459 884 1522 936 τὸ
1556 884 1760 953 ὑψηλὸν
1787 883 1880 935 καὶ
1911 884 2063 953 ἰσχυο

464 974 555 1043 ρδν
633 972 818 1024 αὐτῶν
893 972 1310 1043 ἐνδεικνύμενος
1380 976 1477 1026 ἐπὶ
1532 975 1589 1027 δὲ
1646 975 1755 1027 τῶν
1808 976 2062 1044 πενήτων

461 1064 741 1133 θηλυκῶς,
793 1065 854 1117 τὸ
883 1066 1142 1118 ταπεινὸν
1183 1066 1277 1119 καὶ
1316 1067 1543 1131 ἀσθενὲς
1592 1067 1801 1119 τούτων
1826 1067 2061 1133 ὑποφαί-

460 1176 583 1208 νων.
610 1158 842 1227 Καῖγὰρ
865 1158 980 1210 ὅσοι
1032 1158 1132 1227 μὲν
1172 1158 1203 1227 ἡ
1236 1160 1326 1211 τὸν
1355 1159 1587 1212 πλοῦτον
1640 1161 1823 1223 καλῶς
1854 1161 2060 1232 διῴκη-

464 1252 637 1319 σαν,ἢ
673 1250 770 1320 τὴν
798 1251 992 1302 πενίαν
1020 1251 1203 1314 καλῶς
1224 1252 1559 1315 ἐϐάστασαν,
1597 1254 2057 1324 παραλαμϐάνον-

460 1358 547 1394 ται
569 1344 645 1405 εἰς
671 1345 979 1413 ἀπάντησιν
1006 1343 1103 1398 τοῦ
1120 1346 1348 1414 Κυρίου,
1367 1345 1441 1409 ὼς
1470 1346 1739 1417 γνώριμοι
1763 1348 1912 1414 αὐτῷ
1931 1367 2060 1416 τυγ-

464 1435 719 1501 χάνοντες
752 1452 763 1463 ·
809 1436 925 1487 ὅσοι
952 1436 1010 1488 δὲ
1028 1438 1367 1503 τούναντίον,
1401 1439 1657 1505 ἀφίενται
1698 1440 1851 1492 κάτω
1868 1441 1941 1503 ὡς
1963 1442 2059 1494 ἀν-

465 1528 605 1590 άξιοι
635 1528 1021 1596 περιμένοντες
1058 1529 1292 1581 ἐνταῦθα
1320 1530 1410 1583 τὸν
1436 1531 1721 1601 δικαστήν.
1759 1534 1973 1596 Λουκᾶς
2006 1534 2061 1586 δὲ

468 1622 672 1688 ἑτέρως
732 1624 864 1689 φησι
907 1624 1033 1691 περὶ
1071 1622 1264 1675 τούτου
1320 1626 1376 1676 ὲν
1444 1624 1522 1693 τῷ
1553 1623 1840 1694 ἑξηκοστῷ
1891 1644 2061 1694 κεφα-

463 1710 596 1779 λαίῳ
618 1750 632 1772 ,
663 1713 744 1765 ὅτι
780 1714 1070 1767 Ἔσονται
1100 1715 1211 1768 δύο
1240 1718 1339 1769 ἐπὶ
1377 1719 1595 1782 κλίνης
1614 1716 1762 1784 μιᾶς
1784 1735 1795 1747 ·
1830 1718 1916 1783 εἷς
1948 1720 2058 1787 (57)

465 1804 1030 1867 παραληφθήσεται,
1074 1804 1171 1856 καί
1203 1808 1236 1857 ό
1272 1805 1478 1873 ἕτερος
1519 1807 1911 1875 ἀφεθήσεται.
1946 1811 2060 1862 Δύο

464 1890 709 1944 ἔσονται
738 1893 1080 1956 ἀλήθουσαι
1109 1895 1208 1948 ἐπὶ
1238 1898 1304 1949 τὸ
1338 1900 1507 1951 αὐτό·
1532 1902 1639 1967 μία
1667 1900 2061 1968 παραληφθή-

465 2001 655 2047 σεται,
690 1985 787 2037 kal
824 1988 860 2053 ἡ
901 1987 1074 2053 ἑτέρα
1120 1990 1515 2057 ἀφεθήσεται,
1582 1991 1671 2044 δια
1706 1994 1805 2060 μὲν
1833 1994 1942 2044 τῶν
1972 1995 2063 2046 ἐπὶ

464 2076 564 2143 τῆς
600 2076 789 2146 κλίνης
833 2079 961 2157 τοὺς
1025 2080 1084 2131 ἐν
1148 2080 1459 2133 ἀναπαύσει
1512 2082 1716 2153 δηλῶν,
1750 2084 1837 2135 διὰ
1866 2085 1921 2135 δὲ
1956 2085 2064 2136 τῶν

467 2169 525 2219 ὲν
558 2168 635 2237 τῷ
686 2170 892 2235 μυλῶνι
943 2174 1069 2233 τοὺς
1120 2173 1177 2224 ἐν
1237 2177 1606 2247 κακοπαθείᾳ.
1658 2178 1827 2246 Δῆλον
1852 2173 1946 2231 οὖν
1984 2179 2065 2231 ὅτι

465 2262 737 2330 διαφόρως
787 2264 910 2315 κατ’
948 2265 1108 2317 ἄλλον
1142 2267 1235 2319 καὶ
1264 2267 1428 2322 ἄλλον
1482 2271 1677 2341 καιρὸν
1724 2273 2065 2342 ἐρρήθησαν,

467 2357 533 2406 τὶ
566 2356 658 2407 τοῦ
695 2357 879 2410 Λουκᾶ
915 2358 1015 2427 μὲν
1044 2360 1343 2430 πρότερον,
1385 2364 1455 2416 τὰ
1506 2364 1564 2417 δὲ
1626 2364 1723 2417 τοῦ
1782 2365 2067 2419 Ματθαίου

473 2466 724 2517 υττερον.

540 2543 577 2611 1
610 2543 648 2613 1-
693 2544 887 2611 ’Ᾱγρδν
917 2546 1177 2615 ὠνόμασε
1204 2548 1295 2600 τὸν
1331 2550 1443 2617 (38)
1494 2551 1699 2618 κόσμον
1720 2568 1733 2581 θ
1772 2552 2070 2623 παραλαμ-

469 2637 691 2690 ϐάνεται
742 2636 833 2692 οὖν
897 2641 925 2691 6
982 2640 1327 2709 σωζόμενος·
1374 2646 1600 2711 ἀφίεται
1668 2648 1695 2699 6
1739 2648 2072 2717 κατακρινο-

475 2749 656 2801 μενος.
710 2734 802 2786 Ἐκ
831 2736 1023 2787 τούτου
1053 2738 1235 2789 τοίνυν
1274 2737 1541 2807 μάθωμεν
1588 2741 1671 2792 ὅτι
1710 2741 1806 2794 καὶ
1838 2744 2071 2811 πένητες

475 2828 568 2878 καὶ
591 2827 858 2889 πλούσιοι,
897 2832 991 2881 καὶ
1017 2828 1193 2882 δοῦλοι
1217 2832 1309 2884 καὶ
1334 2832 1513 2903 κύριοι
1543 2836 2073 2905 παραλαμϐάνονταί

469 2922 655 2971 τεκαὶ
712 2923 988 2989 ἀφίενται.
1046 2926 1300 2976 Δείκνυσι
1368 2926 1423 2978 δὲ
1494 2928 1575 2979 ὅτι
1635 2928 1772 2998 μηδὲ
1823 2928 2072 2981 πλούσιοι

471 3012 673 3072 πάντες
706 3013 1064 3078 ἀπόλλυνται,
1095 3015 1230 3083 μηδὲ
1256 3016 1493 3085 πένητες
1526 3020 1729 3080 πάντες
1780 3020 2069 3082 σώζονται.

471 3103 635 3155 ὐΟεν
668 3104 764 3157 καὶ
792 3106 1016 3174 ἐπάγει·
1050 3108 1405 3177 Γρηγορεῖτε
1452 3107 1588 3173 οὖν,
1610 3110 1701 3163 ὅτι
1730 3113 1843 3164 οὐκ
1869 3111 2073 3165 οἴδατε

2166 627 2287 681 qua:
2316 614 2529 666 molunt
2559 614 2612 665 in
2654 614 2820 672 mula.
2857 627 3129 681 pauperes
3160 629 3172 663 :
3209 627 3271 662 ac
3303 612 3465 665 docet
3514 611 3660 680 quod
3704 623 3757 663 et

2167 702 2235 757 tle
2269 702 2551 765 divitibus,
2584 711 2639 756 et
2676 705 2744 756 de
2789 702 3128 771 pauperibus
3179 702 3403 770 quidam
3451 702 3757 762 salvantur,

2166 796 2389 865 quidam
2420 811 2552 849 vero
2588 805 2843 865 pereunt.
2882 795 3009 849 Ideo
3042 795 3208 848 etiam
3237 792 3306 847 de
3353 794 3613 847 divitibus
3647 808 3763 847 ser-

2168 902 2391 941 monem
2424 886 2729 940 masculine
2780 886 3020 947 induxit,
3057 884 3339 939 excelsum
3376 900 3439 937 ac
3472 885 3611 938 forte
3658 885 3757 937 de-

2167 989 2483 1034 monstrans
2510 980 2654 1043 quod
2687 979 2739 1034 in
2788 979 2870 1032 eis
2915 986 2999 1032 est
3034 994 3045 1028 :
3086 978 3152 1031 de
3185 977 3521 1046 pauperibus
3577 985 3761 1030 autem

2169 1071 2452 1134 feminine,
2517 1069 2875 1123 subindicans
2920 1068 3100 1122 debile
3127 1083 3189 1122 ac
3232 1068 3556 1136 depressum
3617 1068 3761 1134 quod

2167 1164 2222 1217 in
2255 1164 2361 1218 illis
2388 1172 2494 1217 est.
2531 1162 2819 1230 Siquidem
2878 1171 3148 1231 quotquot
3200 1162 3284 1214 vel
3338 1162 3563 1214 divitias
3626 1161 3765 1212 bene

2169 1267 2477 1319 sectantur,
2516 1256 2599 1310 vel
2640 1264 3019 1325 paupertatem
3058 1255 3199 1309 bene
3249 1254 3765 1313 ierunt,assumun—

2168 1362 2258 1405 tur
2293 1350 2347 1403 in
2383 1365 2673 1404 occursum
2708 1348 2948 1413 Domini,
2984 1357 3243 1416 tanquam
3284 1346 3361 1400 illi
3414 1345 3713 1399 familiares
3750 1362 3763 1395 :

2166 1451 2433 1511 quotquot
2468 1450 2651 1495 autem
2703 1441 2980 1495 contrario
3017 1442 3180 1492 modo
3242 1454 3300 1491 se
3352 1438 3575 1500 habent,
3611 1437 3771 1489 deor-

2167 1550 2287 1588 sum
2328 1542 2584 1600 tanquam
2619 1532 2825 1602 indigni
2868 1532 3281 1600 relinquuntur,
3326 1540 3389 1581 ut
3424 1530 3491 1582 ibi
3523 1528 3767 1597 judicent

2168 1634 2508 1695 exspectent.
2567 1622 2741 1677 Lucas
2782 1638 2912 1676 vero
2963 1623 3031 1677 de
3093 1624 3177 1675 bis
3245 1622 3352 1674 alio
3415 1620 3577 1672 modo
3633 1618 3771 1671 dicit

2168 1718 2347 1786 capite
2372 1716 2715 1783 sexagesimo
2747 1714 2959 1767 :Erunt
2986 1712 3207 1784 (inquit)
3249 1714 3351 1765 duo
3381 1714 3433 1764 in
3466 1712 3595 1763 lecto
3622 1727 3724 1762 uno
3757 1726 3769 1762 :

2171 1827 2306 1863 unus
2354 1820 2677 1872 assumatur,
2721 1819 2769 1862 et
2830 1811 2971 1860 alter
3004 1808 3384 1878 relinquetur:
3436 1808 3554 1859 duce
3617 1814 3771 1882 erant

2168 1902 2419 1953 metentes
2458 1901 2618 1953 simul
2653 1917 2669 1952 :
2715 1916 2819 1952 uua
2844 1909 3167 1961 assumelnr,
3208 1908 3255 1950 ct
3280 1897 3452 1950 altera
3504 1896 3771 1963 relinque-

2169 2005 2254 2047 tur
2285 1993 2353 2056 ",
2390 2008 2484 2062 per
2514 2008 2607 2047 eos
2640 1992 2729 2061 qui
2781 1992 2835 2045 in
2879 1992 3019 2045 lecto
3075 1998 3203 2044 sunt
3276 1988 3593 2058 signiﬁcans
3652 1986 3775 2040 illos

2168 2088 2260 2156 qui
2298 2088 2351 2139 in
2407 2088 2596 2154 requie
2666 2086 2872 2154 degunt
2913 2101 2925 2136 :
2966 2100 3063 2153 per
3124 2096 3217 2135 eas
3294 2090 3477 2133 autem
3543 2095 3664 2143 quze
3718 2080 3770 2130 in

2171 2181 2350 2245 mola,
2415 2194 2510 2233 eos
2587 2178 2681 2247 qui
2745 2176 2976 2230 adversa
3063 2175 3338 2228 tolerant.
3423 2171 3772 2225 Manifestum

2171 2281 2254 2326 est
2354 2286 2518 2341 ergo.
2594 2269 2740 2339 quod
2813 2269 3188 2322 diversimode
3260 2266 3367 2319 alio
3428 2275 3594 2334 atque
3663 2265 3771 2316 alio

2174 2374 2425 2433 tempore
2512 2364 2659 2418 dicta
2729 2363 2888 2417 sint:
2964 2364 3116 2432 prius
3189 2362 3409 2431 quidem
3498 2376 3561 2413 ea
3653 2375 3776 2427 qua-

2174 2459 2317 2527 apud
2406 2455 2633 2521 Lucam,
2688 2455 3043 2526 postmodum
3092 2470 3222 2507 vero
3270 2468 3389 2523 qua:
3440 2454 3583 2507 aoud
3640 2451 3776 2505 Mat—

2178 2554 2403 2607 tltzeum.

2248 2641 2287 2710 1-
2333 2643 2539 2710 Agrum
2581 2640 2797 2693 vocavit
2836 2642 3129 2695 mundum.
3160 2641 3473 2694 Assumitur
3514 2654 3644 2709 ergo
3680 2640 3774 2708 qui

2177 2746 2450 2796 servatur,
2512 2733 2846 2802 relinquitur
2914 2734 3001 2802 qui
3055 2734 3433 2787 codetuualur.
3498 2732 3782 2787 Discamus

2178 2827 2342 2898 igitur
2374 2844 2440 2880 ex
2471 2828 2577 2881 hoc
2613 2827 2753 2891 loco,
2792 2828 2937 2896 quod
2980 2837 3035 2881 et
3065 2843 3343 2896 pauperes
3373 2836 3426 2880 et
3462 2828 3683 2889 d'nitcs,
3727 2838 3781 2879 et

2176 2919 2320 2974 servi
2344 2930 2400 2974 et
2421 2918 2627 2974 domini
2657 2929 3014 2973 assumuntur
3036 2935 3099 2973 ac
3129 2920 3541 2988 relinquuntur.
3576 2917 3779 2972 Osten-

2176 3015 2256 3069 dit
2286 3023 2473 3068 autem
2506 3014 2652 3082 quod
2685 3029 2789 3067 nec
2838 3028 3035 3067 omnes
3097 3013 3298 3067 divites
3358 3023 3612 3081 pereunt,
3680 3027 3783 3063 nec

2178 3120 2454 3174 pauperes
2504 3104 2791 3158 salvantur
2850 3118 3064 3157 omnes.
3130 3102 3287 3158 Unde
3328 3111 3384 3156 et
3434 3102 3782 3172 postmodum

471 3197 613 3262 ποίᾳ
643 3197 765 3267 ὦρςι
798 3201 831 3252 ὀ
865 3201 1085 3268 Κύριος
1142 3202 1314 3269 ὑμῶν
1367 3204 1627 3272 ἔρχεται.
1688 3204 1801 3275 Τὴν
1854 3206 2079 3275 ἡμέραν
2106 3207 2149 3266 C
2184 3222 2212 3258 τι

2030 3224 2079 3257 ιν
2106 3207 2149 3266 C
2184 3206 2278 3258 ait:
2329 3203 2557 3275 Vigilate
2597 3221 2720 3276 ergo
2750 3206 2877 3274 quia
2915 3204 3125 3257 nescitis
3180 3220 3285 3273 qua
3317 3202 3450 3255 hora
3513 3202 3777 3255 Dominus

469 3287 571 3336 01x
628 3284 795 3348 εἶπε,
866 3286 1197 3359 βουλόμενος
1266 3294 1604 3362 ἐναγωνίους
1672 3289 1813 3349 εἶναι
1874 3297 2074 3360 αὐτοὺς

469 3378 763 3446 διηνεκῶς.

547 3474 980 3543 Γρηγορεῖτει-
1020 3477 1279 3548 ἔρχεται.
1348 3482 1408 3533 ὐ
1440 3482 1495 3535 δὲ
1526 3483 1758 3555 Μάρκος
1806 3485 2072 3555 ἔγραψεν,

486 3565 869 3633 Ἀγρυπνεῖτε
902 3568 999 3620 καὶ
1056 3574 1508 3639 προσεύχεσθε·
1547 3578 1659 3627 οὐκ
1681 3575 1883 3629 οἴδατε
1931 3582 2078 3632 πότε

472 3662 505 3711 ὀ
539 3663 745 3728 καιρός
774 3662 967 3725 ἐστιν,
1000 3665 1026 3715 6
1069 3666 1166 3733 τῆς
1230 3667 1494 3737 δευτέρας
1556 3668 1808 3735 δηλονότι
1864 3689 2073 3741 παρευ-

474 3753 596 3815 σὶας
634 3753 823 3806 αὑτσὲ.
897 3756 1267 3825 Ἐγρήτορσιν
1316 3759 1372 3811 δὲ
1429 3761 1524 3811 καὶ
1590 3762 1906 3830 ἀγρυπνίαν
1964 3766 2077 3816 νόει

478 3846 554 3915 ιὴ
612 3847 777 3916 μόνον
811 3850 911 3920 τὴν
987 3851 1083 3903 τοῦ
1140 3850 1311 3905 ὕπνου
1368 3855 1729 3925 ἐγκράτειαν.
1790 3858 1925 3911 ἀλλὰ
1982 3861 2079 3913 καὶ

472 3942 574 4012 τὴν
612 3945 875 3996 παντοίαν
909 3948 1190 4017 προσοχὴν
1218 3965 1273 4001 τε
1338 3952 1427 4002 καὶ
1479 3952 1751 4021 φυλακήν.
1796 3955 1933 4023 Φησὶ
1970 3960 2078 4026 γαρ

477 4038 571 4085 καί
598 4037 625 4089 6
651 4037 891 4100 Λουιιιᾶς⁸
922 4038 1265 4108 Προσέχετε
1301 4042 1565 4111 ἑαυτοῖς,
1601 4046 1845 4115 μήποτε
1887 4048 2081 4115 ,ϐαρη-

478 4129 670 4181 θῶσιν
700 4128 870 4198 ὑμῶν
903 4134 962 4185 αι
987 4133 1226 4202 καρδίαι
1283 4136 1353 4189 ἐν
1404 4140 1733 4206 κραιπάλῃ,
1767 4141 1867 4193 καὶ
1899 4139 2077 4210 μέθῃ,

476 4223 575 4274 καὶ
605 4226 925 4293 μερίμναις
954 4228 1288 4295 βιωτικαῖς,
1330 4232 1427 4283 καί
1453 4234 1761 4301 αἰφνίδιος
1792 4235 1887 4304 ἐφ’
1922 4235 2081 4305 ὑμᾶς

474 4316 697 4384 ἐπιστῇ
730 4318 767 4385 ἡ
800 4318 991 4389 ἡμέρα
1019 4322 1248 4390 ἐκείνη.
1301 4325 1396 4391 Ὡς
1432 4328 1616 4395 παγίς
1670 4330 1782 4395 γὰρ
1829 4328 2081 4385 ἐπελεύ-

475 4425 647 4461 σεται
673 4410 770 4462 ἐπὶ
789 4412 1023 4479 πάντας
1048 4416 1188 4482 τοὺς
1211 4419 1592 4486 καΊημὲνους
1620 4423 1718 4474 ἐπὶ
1748 4425 2082 4491 πρόσωπον

473 4502 680 4570 aiam-
700 4505 814 4571 τῆς
834 4505 966 4574 γῆς.
1014 4508 1135 4579 [Ὡς
1157 4511 1269 4581 (59)
1291 4512 1459 4579 παγὶς
1491 4513 1591 4582 μὲν
1618 4515 1708 4568 διὰ
1733 4516 1793 4567 τὸ
1818 4518 2077 4587 ἁσυμφα·

477 4599 564 4658 νὲ,
597 4599 772 4669 αὐτῆς
802 4602 896 4653 καὶ
933 4602 1275 4671 ἀπρόοπτονο
1310 4606 1604 4678 πρόσωπον
1636 4608 1692 4661 δὲ
1723 4613 1822 4680 τῆς
1882 4611 2011 4682 γῆς]
2044 4615 2075 4685 ἡ

472 4690 774 4757 ἱπιιράνεια
818 4693 1010 4762 αὐτῆς·
1047 4696 1353 4767 καθήμενοι
1409 4700 1466 4752 δὲ
1500 4702 1550 4753 οι
1604 4702 1912 4770 διάγοντες.
1941 4701 2078 4760 Εἶτα

474 4781 628 4847 λὶγει
653 4784 749 4836 καὶ
780 4788 911 4858 περὶ
946 4789 1043 4859 τῆς
1073 4794 1410 4863 προσευχῆς,
1444 4796 1525 4849 ὅτι
1564 4797 1953 4865 Ἀγρυπνεῖτε
2005 4802 2077 4855 ἐν

473 4875 656 4928 παντὶ
713 4877 901 4944 καιρῷ
957 4881 1254 4949 δεόμενοι,
1314 4887 1415 4939 ἵνα
1450 4890 1865 4960 καταξιωθῆτε
1893 4895 2079 4964 expv-

477 4967 607 5034 γεῖν
644 4969 846 5024 πάντα
901 4976 973 5027 τὰ
1022 4976 1335 5044 μέλλοντα
1371 4983 1632 5048 γενέσθαι
1671 4987 1808 5056 (40),
1868 4987 2073 5059 δηλοδὴ

476 5059 625 5129 παρὰ
656 5062 765 5116 τῶν
796 5065 1038 5134 πλάνων,
1068 5073 1161 5122 καὶ
1210 5072 1313 5126 ὃσα
1361 5073 1533 5132 δεινά.

548 5318 593 5349 ⁸⁸
631 5318 764 5375 Luc.
802 5338 933 5389 λιιι,
960 5325 1053 5381 54.
1168 5329 1209 5359 ⁸⁷
1244 5327 1410 5385 Marc.
1452 5348 1569 5400 xm,
1596 5336 1685 5389 33‘.

1768 5337 1810 5370 ⁸⁸
1852 5338 1984 5395 Luc.
2021 5356 2135 5403 ut,
2168 5342 2257 5406 δι,
2281 5342 2368 5395 55.

2182 3304 2345 3349 vester
2378 3296 2569 3348 ueniet.
2614 3290 2732 3346 Non
2764 3292 2906 3346 dixit
2935 3293 3103 3358 diem,
3142 3292 3336 3347 volens
3379 3306 3475 3347 eos
3517 3291 3784 3346 continue

2179 3388 2246 3441 ad
2281 3396 2560 3441 certamen
2593 3400 2715 3439 esse
2744 3393 2986 3455 paratos.

2253 3479 2409 3533 Vers.
2444 3480 2535 3533 42.
2574 3478 2799 3549 Vigilate
2836 3509 2891 3519 --
2919 3488 3171 3531 venturus
3197 3482 3294 3533 sit.
3348 3477 3564 3531 Marcus
3596 3489 3777 3532 autem

2182 3573 2401 3644 scripsit
2447 3591 2459 3627 :
2513 3572 2741 3641 Vigilate
2780 3583 2827 3624 et
2876 3582 3027 3624 orate
3062 3586 3079 3622 :
3111 3572 3325 3623 nescitis
3367 3572 3507 3623 enim
3574 3572 3789 3639 quando

2184 3680 2387 3736 tempus
2415 3668 2480 3721 sit
2516 3668 2582 3732 ⁸⁷,
2642 3666 2870 3721 secundi
2910 3665 3167 3719 videlicet
3200 3666 3474 3717 adventus
3506 3665 3647 3733 ejus.
3689 3664 3790 3717 I‘er

2184 3758 2423 3827 vigiliam
2460 3765 2644 3810 autem
2685 3755 2800 3809 sive
2852 3755 3190 3826 vigilantiam
3245 3753 3485 3823 intellige
3524 3770 3633 3806 non
3700 3768 3788 3806 so-

2184 3850 2290 3903 lam
2327 3849 2507 3903 somni
2562 3848 3027 3917 temperantiam,
3071 3862 3265 3901 verum
3295 3847 3457 3901 etiam
3510 3847 3789 3923 omnimo—

2183 3945 2308 3998 datn
2346 3942 2706 3996 attentionem
2759 3953 2813 3995 et
2846 3941 3173 3996 custodiam.
3222 3939 3360 3994 Dicit
3391 3941 3541 3995 enim
3602 3951 3655 3994 et
3684 3939 3790 3993 Lu-

2184 4051 2277 4090 cas
2315 4055 2327 4089 :
2366 4033 2633 4089 Attendite
2669 4034 2814 4088 vobis
2849 4036 2974 4107 ipsis
3009 4035 3289 4104 nequando
3318 4044 3606 4104 graventur
3631 4037 3790 4085 eoi-da

2190 4139 2360 4181 vestra
2398 4128 2649 4197 crapula,
2683 4138 2730 4181 et
2771 4128 3047 4190 ebrietate,
3099 4143 3161 4179 ac
3201 4130 3343 4179 curis
3371 4127 3532 4195 hujus
3567 4126 3708 4191 vita',
3743 4136 3789 4179 cl

2185 4223 2493 4290 repentinus
2559 4223 2898 4289 superveniat
2981 4223 3122 4274 vobis
3171 4222 3283 4275 dies
3329 4221 3439 4272 ille.
3516 4225 3790 4287 Tanquam

2186 4314 2407 4381 laqueus
2449 4312 2589 4365 enim
2621 4313 2945 4382 superveniet
2992 4312 3044 4364 in
3078 4328 3255 4364 omnes
3290 4312 3379 4380 qui
3416 4310 3595 4364 sedent
3634 4328 3793 4379 super

2185 4408 2375 4477 [aciem
2408 4406 2664 4460 universa:
2708 4416 2862 4459 terra:
2907 4405 2976 4459 ".
3023 4403 3311 4474 Tanquam
3367 4406 3598 4474 laqueus
3653 4422 3789 4458 sane

2186 4510 2409 4572 propter
2440 4516 2548 4555 non
2609 4500 2984 4571 apparentiam
3032 4509 3088 4553 et
3144 4500 3783 4569 impraemeditatiouem.

2110 4560 2158 4620 θ
2186 4594 2379 4649 Facies
2412 4603 2600 4649 autem
2636 4603 2797 4649 terra:
2829 4604 2915 4649 est
2944 4592 3270 4664 superficies
3301 4600 3358 4647 et
3413 4594 3686 4663 apparitio
3717 4596 3784 4649 il-

2181 4688 2309 4742 lius.
2354 4686 2626 4742 Sedentes
2664 4704 2795 4742 vero
2843 4696 2972 4742 sunt
3011 4687 3280 4751 viventes,
3333 4689 3511 4741 autin
3572 4690 3782 4741 mundo

2179 4780 2467 4850 degentes.
2507 4780 2718 4835 Deinde
2755 4780 2891 4835 dicit
2918 4779 3082 4835 etiam
3120 4782 3187 4834 de
3220 4780 3497 4834 oratione:
3548 4780 3782 4851 l’igilutc

2178 4875 2323 4927 omni
2368 4884 2625 4942 tempore,
2661 4882 2937 4943 precantes
2998 4883 3052 4925 ut
3091 4874 3239 4943 digni
3298 4872 3609 4925 habeamini
3650 4873 3787 4939 eﬂ'u-

2179 4982 2298 5036 gere
2364 4968 2543 5020 omnia
2608 4969 2719 5021 ha'c
2781 4984 2899 5038 qua:
2953 4978 3177 5021 ventura
3246 4976 3367 5020 sunt
3420 4967 3505 5031 ⁸⁸,
3560 4983 3589 5020 a
3627 4968 3793 5020 sedu-

2184 5060 2435 5115 cturibus
2470 5061 2745 5125 videlicet,
2808 5073 2862 5117 et
2920 5076 3261 5132 qua-cunque
3304 5060 3407 5115 alia
3475 5070 3640 5115 erunt
3694 5076 3790 5129 pe-

2188 5157 2382 5210 rit-uia.

2449 5342 2493 5373 θ’
2528 5341 2656 5396 ibitl.
2699 5342 2787 5395 56.

1688 5523 1885 5586 νενίω
1946 5524 2251 5591 lectiones
2283 5536 2343 5590 et
2378 5536 2573 5591 notae.

555 5706 666 5776 (37)
706 5708 791 5774 Ὀ,
818 5723 955 5788 ante
974 5710 1079 5777 εἷς.
1126 5725 1182 5770 ct
1217 5717 1272 5783 ἡ,
1323 5728 1449 5771 ante
1489 5719 1612 5788 μία,
1664 5719 1870 5777 omittit
1912 5723 2078 5779 etiam

483 5788 711 5847 uterque
744 5785 912 5838 codex
946 5785 999 5838 in
1025 5796 1287 5842 contextu
1323 5785 1504 5844 Lucae.

554 5849 665 5917 (58)
706 5853 829 5909 llzre
863 5869 1059 5931 neuter
1091 5875 1338 5913 meorum
1364 5864 1631 5931 agnoscit.
1662 5863 1817 5920 Unde
1852 5868 2078 5930 repetita

485 5933 685 5987 CaSClll,
710 5941 786 5998 re;
807 5929 951 5984 crire
982 5946 1088 5986 ιιυιι
1118 5932 1290 6003 potui.
1322 5929 1540 5989 Interim
1573 5954 1699 6005 ergo
1733 5937 1847 6007 ipse
1894 5929 2080 5997 Cra-ce

2185 5724 2415 5779 I’Ctltlitli.
2510 5776 2513 5779 .

2258 5796 2369 5861 (39)
2402 5797 2615 5854 Inclusa
2649 5799 2972 5855 exeiJerunt
3005 5801 3065 5855 Λ.

2266 5870 2377 5940 (itl)
2411 5871 2569 5927 Antid
2610 5871 2810 5929 Lucam
2845 5872 3093 5942 γίνεσθαι
3127 5873 3287 5929 habet
3322 5883 3574 5945 uterque.
