4424 6448
745 391 852 449 639

1978 391 2359 452 EUTIIYMII
2432 384 2798 450 ZIGABENI

3910 368 4022 457 sin

746 519 939 557 omnes
971 520 985 557 τ
1023 514 1151 560 tunc
1182 522 1313 561 vero
1346 506 1637 575 diligenter
1667 508 2093 574 separahuntur.
2121 509 2196 563 De
2216 510 2346 563 solis
2376 516 2418 571 Α
2450 526 2493 560 τι

2282 510 2346 563 lis
2376 516 2418 571 Α
2450 508 2572 561 τότε
2606 508 2664 560 δὲ
2693 505 2940 575 ἀκριϐῶς
2987 505 3539 577 διαχωρισθήσονται.
3592 506 3727 572 Περὶ
3757 509 3865 561 τῶν
3894 510 4029 575 Χριο

744 607 931 649 autem
967 596 1296 651 Christianis
1337 598 1578 665 loquitur
1607 598 1695 651 hic
1722 612 1929 665 sermo,
1987 600 2157 654 veluti
2197 598 2337 653 infe-

744 689 860 740 rius
889 689 1354 741 manifestabitur.

817 776 973 832 Vers.
1003 780 1089 832 33.
1149 779 1216 831 Et
1254 806 1320 817 -—
1352 779 1614 832 sinistris.
1669 777 1879 832 Ovibus
1944 786 2339 847 comparantur

740 866 890 935 justi,
923 877 1144 934 propter
1172 869 1679 932 mansuetudinem,
1724 869 2073 930 modestiam,
2101 884 2165 922 ac
2187 867 2337 922 fruc—

741 957 1095 1011 tilicationem
1128 957 1180 1009 in
1214 958 1531 1022 virtutibus,
1566 960 1709 1013 sicut
1743 959 1919 1013 illmin
1949 960 2089 1014 lacte
2105 970 2160 1014 et
2175 960 2335 1014 lana:

744 1048 923 1102 haedis
962 1064 1093 1103 vero
1129 1061 1473 1118 peceatores,
1534 1060 1761 1120 prepter
1801 1052 2235 1118 inclementiam,
2281 1064 2338 1107 et

745 1142 1166 1203 immodestiam,
1199 1151 1255 1195 et
1291 1142 1824 1197 inl‘ructuositatem.
1862 1142 2078 1198 Poteris
2119 1160 2337 1214 quoque

741 1233 957 1294 addere,
976 1234 1121 1299 quod
1156 1235 1322 1286 etiam
1350 1246 1572 1303 propter
1597 1249 1815 1304 gravem
1840 1236 2051 1304 peccati
2082 1236 2333 1299 odorem,

743 1329 795 1371 et
822 1318 965 1385 quod
998 1334 1107 1372 non
1141 1328 1289 1374 recta
1334 1322 1674 1390 gradiantur,
1710 1324 1803 1377 sed
1829 1339 1856 1376 a
1889 1334 2036 1379 recto
2052 1324 2337 1379 discedant

743 1409 963 1471 itinere,
1013 1410 1271 1478 quodque
1323 1413 1626 1481 pracipitia
1678 1413 1952 1468 incedant.
1989 1414 2190 1468 Verum
2244 1415 2335 1468 illa

741 1516 872 1554 Sane
919 1502 1197 1558 animalia.
1232 1519 1294 1556 ea
1324 1519 1445 1572 quae
1477 1504 1682 1559 habent
1714 1521 1742 1558 a
1768 1516 1960 1559 natura
2015 1506 2332 1574 possident;

745 1592 881 1658 justi
918 1607 1050 1644 vero
1086 1602 1140 1644 et
1170 1603 1492 1661 peccatores
1534 1610 1561 1647 a
1592 1596 1895 1648 voluntate.
1955 1596 2082 1649 Ideo
2117 1611 2335 1664 quoque

743 1682 820 1734 illi
868 1682 1233 1743 honorantur.
1268 1684 1353 1738 isti
1384 1694 1564 1737 autem
1591 1686 1911 1754 puniuntur.
1942 1687 2145 1741 Dividit
2169 1688 2332 1742 etiam

742 1783 837 1821 eus
868 1783 975 1823 non
1007 1771 1153 1838 quod
1193 1770 1422 1825 testibus
1459 1782 1638 1843 egeat,
1666 1773 1781 1843 ipse
1805 1776 1953 1828 enim
1988 1777 2144 1830 testis
2176 1784 2335 1831 estet

742 1860 933 1930 iudex.

819 1950 971 2003 Vers.
1009 1951 1096 2004 54.
1155 1953 1381 2005 Tunc—
1413 1956 1614 2008 mundi.
1659 1954 1705 2009 Ο
1757 1970 1948 2010 vocem
1984 1958 2284 2027 optabilem
2323 1976 2336 2011 :

744 2059 776 2093 ι)
827 2044 1088 2096 honorem
1135 2046 1498 2100 inell'abilcml
1544 2048 1835 2111 Benedicti,
1879 2050 2090 2119 inquit,
2155 2049 2338 2104 Patris

747 2136 850 2186 mei
886 2151 904 2187 :
959 2137 1186 2202 laudati,
1222 2138 1405 2192 electi.
1455 2138 1570 2192 Non
1616 2140 1754 2194 dixit
1796 2150 1978 2195 autem
2018 2160 2029 2194 :
2070 2142 2338 2212 Accipite,

742 2228 860 2290 sed,
900 2227 1185 2295 Possidete,
1245 2240 1504 2298 tanquam
1558 2243 1870 2301 paternum,
1912 2244 2168 2303 tanquam
2239 2236 2338 2290 de-

744 2322 938 2381 hituzn,
1002 2331 1257 2391 tanquam
1308 2332 1670 2391 prmparatum
1706 2326 1861 2379 vobis
1892 2329 2340 2384 aconstitutionc

743 2415 957 2470 mundi.
992 2414 1312 2482 Priusquam
1360 2417 1506 2469 eltim
1539 2418 1789 2471 homines
1828 2418 2044 2482 ﬁerent,
2087 2431 2337 2490 paratum

743 2518 860 2562 erat
900 2509 1092 2578 justis,
1135 2519 1505 2580 cognoscente
1562 2511 1671 2565 Deo
1723 2511 1871 2580 quod
1915 2512 2160 2568 futurum
2197 2526 2337 2571 erat.

746 2602 950 2655 Deinde
996 2603 1125 2655 dicit
1155 2613 1208 2656 et
1242 2618 1465 2657 causam
1527 2606 1661 2658 tanti
1698 2606 1953 2660 honoris.

820 2694 973 2750 Vers.
1012 2697 1097 2749 35.
1131 2696 1344 2750 Esurivi
1367 2727 1434 2736 —
1458 2696 1610 2752 Vers.
1640 2686 1729 2750 36.
1767 2700 1836 2751 ad
1870 2715 1968 2752 me.
1998 2698 2133 2753 Hinc
2157 2701 2337 2755 mani-

749 2792 947 2844 festum
982 2802 1085 2851 est.
1121 2794 1267 2860 quod
1308 2794 1374 2846 ad
1406 2792 1553 2847 solos
1595 2793 1945 2849 Christianos
1981 2796 2146 2850 verba
2188 2798 2336 2862 facit,

748 2884 813 2935 ad
851 2898 991 2951 quos
1061 2882 1339 2953 Evangelii
1379 2885 1463 2938 sui
1518 2896 1787 2954 praecepta
1820 2885 1963 2939 facta
2011 2896 2158 2942 sunt.
2204 2887 2337 2941 Nam

742 2975 809 3029 ad
847 2976 1095 3029 inﬁdeles
1126 2974 1312 3029 nullus
1349 2985 1477 3031 tunc
1509 2978 1613 3031 erit
1640 2979 1689 3031 ei
1723 2994 1938 3045 sermo;
1975 2994 2168 3034 omnes
2193 2980 2338 3033 enim

742 3068 904 3119 simul
937 3084 1035 3134 per
1075 3082 1133 3120 se
1162 3068 1516 3121 condemnati
1554 3079 1737 3123 erunt.
1804 3071 1932 3125 Ideo
1963 3072 2110 3126 enim
2165 3070 2334 3124 dicit:

744 3161 861 3214 Non
893 3172 1169 3231 rcsurgent
1204 3163 1355 3229 impii
1374 3163 1427 3215 in
1446 3163 1654 3231 judicio
1683 3163 1750 3229 ",
1779 3164 1886 3218 hoc
1917 3172 2022 3228 est,
2083 3180 2191 3218 non
2244 3178 2332 3217 re—
2364 3186 2408 3251 ρ

744 3264 973 3327 surgent
1017 3263 1075 3310 ut
1110 3255 1449 3328 judicentnr,
1489 3256 1583 3313 sed
1616 3267 1677 3312 ut
1705 3257 2025 3329 puniantur.
2056 3256 2340 3330 Siquidem

745 3350 1097 3405 manifestum
1149 3361 1234 3405 est
1280 3352 1448 3405 etiam
1498 3354 1760 3422 superius
1786 3354 1852 3419 ",
1929 3356 2073 3423 quod
2124 3354 2343 3424 quando

744 3445 1033 3513 apparebit
1061 3445 1280 3515 signum
1312 3445 1432 3498 Filii
1470 3445 1713 3500 hominis
1761 3448 1817 3500 in
1839 3448 2000 3509 coelo,
2032 3458 2156 3501 tunc
2184 3448 2343 3517 plan-

742 3545 860 3607 gent
884 3552 1062 3589 omnes
1105 3537 1270 3589 tribus
1312 3547 1487 3597 teri-az,
1522 3538 1694 3592 solam
1741 3538 2010 3593 habentes
2075 3540 2344 3593 condem-

741 3638 962 3682 nantem
1005 3628 1426 3682 conscientiam.
1475 3626 1633 3684 Nunc
1683 3645 1815 3700 ergo
1873 3631 1940 3685 ad
1970 3631 2341 3692 Christianos,

744 3722 1092 3781 utdiximus,
1130 3736 1313 3775 sermo
1356 3729 1464 3776 est.
1515 3722 1650 3776 Vide
1703 3732 1887 3777 autem
1948 3724 2224 3793 quomodo
2279 3722 2346 3777 de

742 3816 853 3869 sola
882 3814 1221 3867 humanitate
1251 3815 1367 3887 sive
1398 3829 1586 3869 amore
1610 3830 1740 3885 erga
1768 3816 2051 3885 proximos
2086 3816 2342 3880 disserat,

743 3919 799 3961 et
835 3910 903 3961 ab
938 3909 1039 3961 hac
1071 3908 1183 3962 sola
1224 3910 1401 3978 justos
1434 3909 1646 3963 honore
1674 3910 2117 3980 dignosjudicet,
2150 3924 2341 3978 pecca-

742 4012 890 4055 tores
925 4018 1056 4055 vero
1084 4002 1375 4071 snpplicio.
1412 4000 1528 4056 Non
1556 4001 1701 4072 quod
1725 4012 1924 4057 caetera
1956 4002 2041 4056 vel
2062 4004 2345 4073 justorum

741 4095 881 4148 bona
906 4109 1093 4163 opera,
1126 4094 1208 4147 vel
1261 4104 1614 4162 peccatorum
1671 4095 1872 4148 delicta
1908 4096 2028 4149 sine
2055 4095 2344 4149 examina-

749 4186 895 4239 tiuuc
959 4186 1044 4240 vel
1088 4187 1437 4241 discussione
1511 4188 1872 4256 relinquenda
1912 4186 2063 4241 sint:
2098 4188 2344 4241 omnium

740 4276 1013 4343 siquidem
1060 4288 1258 4330 cuncta
1319 4277 1558 4347 inquiret
1606 4287 1664 4331 et
1703 4293 1893 4348 opera,
1942 4286 1997 4333 et
2029 4281 2223 4337 verba.
2288 4288 2346 4334 et

2447 598 2681 650 στιανῶν
2726 597 2784 649 δὲ
2818 596 2998 668 μόνων
3045 600 3074 651 δ
3112 597 3270 666 λόγος
3321 597 3583 663 ἐνταῦθα,
3624 598 3701 661 ὡς
3734 606 4033 670 κατωτέρω

2444 688 2845 758 δηλωθήσεται.

2514 778 2624 831 Καὶ
2647 808 2715 819 -
2739 779 3083 847 εὐωνύμων.
3122 779 3421 848 Προὸάτοις
3454 782 3554 847 μὲν
3588 783 3637 834 oi
3661 784 3861 835 δίκαιοι
3891 800 4034 851 παρ·

2445 868 2754 931 εικάζονται
2803 869 2891 921 διὰ
2943 870 3005 922 τὸ
3070 872 3246 939 πρᾶον
3275 874 3369 924 καὶ
3398 871 3667 925 εὔτακτον
3698 876 3791 927 καὶ
3818 892 4031 943 καρπο-

2445 960 2612 1027 φόρον
2649 961 2709 1012 ὲν
2754 960 2999 1029 ἀρεταῖς,
3034 961 3111 1021 ὡς
3152 963 3338 1014 ικεῖνα
3381 965 3440 1014 ἐν
3466 963 3702 1031 γάλακτι
3741 966 3837 1017 καὶ
3875 967 4029 1035 ἐρίῳ⁸

2444 1051 2656 1121 ἐρίφοις
2681 1051 2738 1105 δὶ
2771 1052 2820 1103 oi
2853 1053 3171 1122 ἁμαρτωλοὶ
3200 1053 3286 1108 διὰ
3318 1054 3378 1107 τὸ
3405 1055 3599 1124 ἄγριον
3651 1056 3746 1108 καὶ
3797 1056 4035 1109 ἄτακτον

2445 1144 2540 1195 καὶ
2575 1143 2847 1214 ἄκαρπον.
2892 1145 3081 1205 Εῐποις
3122 1146 3168 1197 δ’
3198 1146 3287 1209 ἀν,
3320 1147 3415 1198 καὶ
3438 1147 3526 1200 διά
3565 1147 3628 1199 τὸ
3669 1147 3905 1201 δυσῶδες
3934 1148 4036 1216 τῆς

2447 1235 2748 1305 ἁμαρτίας,
2781 1238 2875 1289 καὶ
2902 1236 2992 1289 διά
3036 1238 3098 1288 τὸ
3128 1236 3203 1308 μὴ
3247 1237 3593 1308 εὐθυπορεῖν,
3639 1238 3777 1291 ἀλλὰ
3827 1255 4036 1307 παρεγ-

2445 1324 2673 1390 κλίνειν,
2718 1326 2812 1377 καὶ
2839 1325 2926 1378 διά
2957 1325 3018 1377 τὸ
3044 1327 3471 1397 κρημνοσατεῖν.
3529 1328 3672 1379 Ἀλλ’
3718 1329 3902 1381 ἐκεῖνα
3936 1330 4036 1398 μὲν

2444 1417 2510 1469 ἐκ
2552 1416 2767 1484 φύσεως
2810 1416 3047 1486 ἔχουσιν,
3083 1416 3119 1471 ἀ
3147 1418 3381 1486 ἔχουσιν·
3424 1417 3473 1469 οι
3518 1418 3574 1469 δὲ
3615 1418 3814 1470 δίκαιοι
3856 1420 3950 1475 καὶ
3988 1420 4035 1471 οι

2445 1506 2764 1575 ἁμαρτωλοὶ
2791 1508 2856 1558 ὲκ
2902 1509 3300 1577 προαιρέσεως.
3323 1507 3413 1559 Διδ
3433 1509 3526 1560 καὶ
3544 1508 3592 1560 οἱ
3621 1509 3720 1576 μὲν
3744 1510 4035 1578 τιμῶνται,

2444 1600 2494 1650 οἱ
2521 1598 2578 1651 δὲ
2617 1598 3011 1668 τιμωροῦνται.
3062 1602 3276 1668 Διαιρεί
3323 1600 3379 1652 δὲ
3425 1601 3645 1664 αὐτοὺς,
3690 1601 3750 1652 οὐ
3784 1599 4037 1670 δεόμενος

2448 1690 2770 1760 μαρτύρων,
2806 1690 2921 1744 ἀλλ’
2952 1691 3114 1754 αὐτὸς
3156 1693 3250 1744 καὶ
3293 1693 3504 1762 μάρτυς
3547 1690 3624 1744 ὣν
3675 1696 3770 1746 καὶ
3816 1696 4038 1765 κριτής.

2522 1955 2729 2008 Τότε-
2756 1956 3010 2023 κόσμου.
3038 1954 3102 2006 Ὢ
3131 1955 3315 2023 φωνῆς
3340 1953 3633 2017 εὐκταίαςῑ
3666 1954 3711 2006 ὦ
3743 1955 3914 2025 τιμῆς
3937 1956 4040 2025 ἀρ-

2445 2048 2648 2117 ρήτουῐ
2703 2050 2770 2100 Οἱ
2808 2047 3227 2116 εὐλογημένοι,
3281 2048 3437 2116 φησὶ,
3491 2046 3599 2100 τοῦ
3641 2048 3868 2115 Πατρός
3897 2065 4037 2117 μου,

2442 2139 2492 2189 οἱ
2520 2139 2822 2197 ἑπαινετοὶ,
2846 2138 2895 2188 οί
2921 2136 3193 2188 ἐκλεκτοί.
3224 2138 3338 2189 υύκ
3360 2133 3480 2189 εἷπε
3509 2138 3587 2203 δὲ,
3615 2137 3845 2198 Λάϐετε,
3879 2138 4036 2201 ἀλλά,

2442 2227 2976 2298 Κληρονομήσατε,
3016 2228 3091 2291 ὡς
3126 2229 3412 2302 πατρῴαν,
3444 2231 3518 2293 ὡς
3550 2232 3937 2302 ὀφειλομένην,
3966 2232 4041 2296 ὡς

2443 2324 2866 2392 ἑτοιμασθεῖσαν
2922 2324 3054 2394 ὑμῖν
3103 2325 3213 2378 ἀπὸ
3262 2327 3579 2389 συστάσεως
3634 2327 3865 2395 κόσμου.
3929 2328 4043 2397 Πρὸ

2442 2414 2539 2467 τοῦ
2574 2413 2831 2481 γενέσθαι
2868 2416 2979 2485 γάρ
3020 2416 3147 2479 τοὺς
3186 2415 3512 2481 ἀνθρώπους
3546 2417 3892 2487 ηὐτρεπίσθη
3930 2420 4041 2480 τοῖς

2442 2508 2697 2570 δικαίοις,
2742 2506 3109 2575 γινώσκοντος
3137 2509 3235 2560 ’τοῦ
3264 2508 3402 2561 Θεοῦ
3435 2509 3495 2561 τὸ
3530 2510 3747 2577 μέλλον.
3790 2506 3921 2562 Εἶτα
3954 2511 4042 2564 λέ-

2443 2618 2530 2668 γει
2561 2601 2657 2652 καὶ
2687 2600 2785 2669 τὴν
2810 2601 2991 2653 αἰτίαν
3020 2600 3121 2669 τῆς
3150 2602 3423 2672 τοσαύτης
3450 2603 3637 2672 τιμῆς.

2530 2696 2861 2749 Ἐπείνασα
2890 2724 2962 2734 -—
3018 2697 3172 2761 πρός
3219 2712 3318 2764 με.
3360 2696 3642 2749 Ἐντεῦθεν
3692 2698 3923 2766 φανερὶν
3965 2700 4046 2750 ὅτι

2448 2789 2586 2859 πρὸς
2613 2792 2740 2851 τοὺς
2768 2789 3135 2856 Χριστιανοὺς
3168 2789 3364 2858 μόνους
3403 2789 3737 2857 διαλέγεται,
3782 2793 3917 2860 πρὸς
3951 2790 4044 2855 οὓς

2440 2880 2496 2931 αἱ
2528 2878 2622 2931 τοῦ
2667 2878 3003 2946 Εὑαγγελίου
3059 2878 3225 2931 αὐτοῦ
3276 2880 3572 2945 γεγόνασιν
3631 2881 3866 2935 ἐντολαί.
3898 2881 4045 2951 Πρὸς

2441 2974 2553 3043 γὰρ
2592 2974 2719 3036 τοὺς
2768 2973 3036 3035 ἀπίστους
3089 2971 3269 3035 οὐδεὶς
3303 2970 3453 3041 αὐτῷ
3499 2973 3803 3042 τηνικαῦτα
3858 2974 4045 3042 λόγος·

2442 3066 2688 3128 ἀπαντες
2768 3067 2879 3135 γάρ
2936 3066 3131 3129 κοινῶς
3168 3065 3627 3137 αὖτοκατάκριτοι
3677 3066 3917 3120 ἔσονται.
3950 3066 4048 3120 Διά

2442 3157 2602 3211 τοῦτο
2625 3157 2756 3232 γὰρ,
2786 3161 2971 3231 φησιν,
3017 3158 3141 3214 Οὐκ
3197 3158 3653 3230 ἀναστήσονται
3709 3156 3952 3228 ἀσεϐεῖς
3978 3160 4050 3216 ἐν

2444 3265 2663 3323 κρίσει,
2682 3257 2958 3308 τουτέστιν
2998 3255 3099 3307 οὐκ
3130 3256 3529 3325 ἀναστήσονται
3555 3257 3647 3307 ἐπὶ
3668 3255 3743 3324 τῷ
3763 3256 4046 3327 κριθῆναι,

2444 3350 2562 3402 ἀλλ’
2593 3350 2687 3403 ἐπὶ
2714 3350 2792 3420 τῷ
2818 3349 3226 3419 τιμωρηθῆναι.
3260 3345 3369 3403 Καὶ
3406 3350 3514 3419 γάρ
3542 3352 3639 3403 καὶ
3664 3350 3928 3418 ἀνωτέρω
3962 3351 4047 3403 δε-

2444 3444 2685 3511 δήλωκεν
2702 3443 2807 3505 ὅτι,
2832 3443 2921 3493 ὅτε
2949 3444 3257 3511 φανήσεται
3282 3443 3343 3494 τὸ
3379 3444 3606 3511 σημεῖον
3645 3444 3739 3496 τοῦ
3778 3443 3910 3496 ἴέίοῦ
3944 3442 4041 3495 τοῦ

2445 3533 2738 3604 ἀνθρώπου
2772 3535 2830 3585 ὲν
2852 3535 2929 3601 τῷ
2974 3533 3214 3604 οὐρανῷ,
3243 3534 3378 3586 τότε
3425 3534 3721 3601 κόψονται
3771 3531 3960 3587 πᾶσαι
3990 3536 4053 3585 αι

2446 3624 2637 3693 φυλαὶ
2691 3623 2801 3692 τῆς
2854 3624 2992 3693 τῆς,
3054 3625 3220 3693 μόνον
3266 3624 3329 3676 τὺ
3389 3623 3630 3685 συνειδὸς
3686 3625 4053 3689 καταδικάζον

2448 3720 2682 3790 ἔχοντες.
2713 3718 2828 3769 Νῦν
2861 3718 2916 3771 δὲ
2951 3718 3087 3788 πρὸς
3109 3719 3237 3781 τοὺς
3271 3718 3666 3787 Χριστιανοὺς,
3709 3719 3784 3780 ὼς
3814 3718 4051 3789 ἔφημεν,

2447 3816 2475 3866 ὁ
2505 3812 2687 3879 λόγος.
2736 3811 2881 3881 ὐρα
2920 3812 2976 3863 δὲ
3002 3810 3118 3874 πῶς
3155 3810 3285 3882 περὶ
3308 3810 3475 3881 μόνης
3497 3810 3599 3879 τῆς
3639 3810 4051 3880 φιλανθρωπίας

2446 3905 2779 3972 διαλέγεται,
2814 3904 2912 3955 καὶ
2943 3903 3052 3955 ἀπὸ
3087 3902 3257 3972 μόνης
3288 3902 3496 3973 ταύτης
3531 3904 3659 3965 τοὺς
3684 3903 3783 3970 μὲν
3802 3902 4049 3965 δικαίους

2449 3995 2591 4059 ἀξιοῖ
2623 3995 2811 4067 τιμῆς,
2844 3995 2970 4057 τοὺς
2994 3995 3051 4047 δὲ
3080 3995 3444 4063 ἁμαρτωλοὺς
3499 3994 3772 4064 τιμωρίας
3800 4009 3814 4024 ⁶
3852 3995 3950 4064 οὐχ
3975 3994 4051 4057 ὡς

2447 4089 2516 4141 τὰ
2546 4089 2710 4143 λοιπά
2739 4088 2852 4141 τῶν
2870 4084 3110 4145 ’δικαίων
3148 4088 3248 4157 μὲν
3289 4086 3719 4159 κατορθώματα,
3742 4088 3851 4140 τῶν
3876 4090 4056 4157 ἁμαρ·

2446 4182 2634 4234 τωλῶν
2685 4181 2742 4235 δὲ
2796 4180 3287 4252 πλημμελήματα,
3338 4180 3461 4251 δίχα
3507 4180 3671 4249 λόγου
3729 4180 4055 4242 καταλιπεῖν

2450 4273 2659 4341 μέλλων
2684 4289 2697 4303 °
2742 4273 2964 4325 πάντων
2987 4274 3097 4343 γάρ
3143 4273 3391 4337 ἐξετάσει
3424 4272 3625 4338 πάντα,
3656 4275 3749 4324 καὶ
3780 4274 3880 4335 τὰς
3911 4272 4054 4343 πρά-

741 4370 1125 4437 cogitationes,
1198 4378 1257 4424 ut
1320 4370 1553 4441 ipsemet
1592 4370 1912 4440 frequenter
1970 4372 2340 4427 suadoetrina
2449 4367 2488 4430 ξε

2313 4390 2340 4425 a
2449 4367 2582 4430 ξεις,
2618 4365 2862 4429 καὶτοὺς
2892 4366 3106 4433 λόγους,
3133 4367 3227 4418 καὶ⁵
3256 4365 3356 4428 τὰς
3397 4365 3750 4436 ἐνθυμήσεις,
3774 4366 3850 4429 ὡς
3887 4368 4051 4429 αὑτός

742 4465 1137 4527 manifestavit,
1182 4474 1238 4517 et
1277 4480 1307 4517 a
1352 4463 1537 4517 multis
1590 4464 1790 4518 divina:
1848 4465 2150 4536 Scriptum
2209 4466 2342 4519 locis
2446 4477 2489 4511 τι

2307 4468 2342 4519 ξς,
2446 4477 2506 4512 τε
2537 4458 2805 4529 πολλαχοῦ
2854 4460 2954 4529 τῆς
3007 4457 3204 4511 ἑαυτοῦ
3257 4456 3613 4522 διδασκαλίας
3675 4460 4054 4528 ὲνέφηνε,κα“ι

740 4556 1027 4621 discimus,
1060 4565 1115 4609 et
1158 4556 1316 4609 bonis
1342 4556 1565 4624 quidem
1594 4557 1857 4625 operibus
1885 4558 2107 4627 prremia
2140 4572 2340 4627 repeu-
2376 4561 2417 4615 ι)
2449 4572 2487 4607 π

2314 4586 2340 4597 -
2376 4561 2417 4615 D
2449 4552 2781 4623 πολλαχόθεν
2806 4553 2905 4622 τῆς
2953 4550 3107 4615 θείας
3138 4552 3366 4622 Γραφῆς
3395 4552 3750 4623 μανθάνομεν
3772 4567 3787 4583 ·
3815 4552 3911 4605 καὶ
3942 4552 4053 4604 τῶν

740 4650 857 4711 det,
908 4650 1124 4704 delictis
1152 4657 1335 4703 autem
1368 4664 1582 4719 pmnas.
1640 4648 1747 4703 Sed
1777 4665 1927 4703 nunc
1954 4649 2021 4703 de
2060 4649 2174 4704 sola
2214 4653 2341 4716 hac,

741 4750 800 4793 ut
825 4742 1037 4794 dictum
1075 4756 1182 4806 ρει,
1216 4742 1422 4795 virtute
1456 4740 1702 4803 disserit,
1748 4741 2082 4795 conﬁrmare
2131 4741 2342 4805 volens,

739 4837 886 4904 quod
930 4837 1072 4890 hanc
1120 4838 1359 4889 maxime
1396 4834 1653 4903 requirit,
1679 4842 1735 4888 et
1772 4834 1914 4888 hanc
1950 4851 2061 4904 pne
2090 4835 2349 4889 omnibus

742 4930 973 4997 expetit,
1032 4937 1220 4997 utpote
1277 4926 1613 4981 Christianis
1664 4927 1899 4981 maxime
1956 4928 2345 4983 necessariam.

740 5024 1020 5093 Cujusque
1054 5024 1201 5076 enim
1238 5022 1542 5077 Christiani
1572 5023 1789 5093 insigne
1818 5039 1929 5092 quo
1965 5024 2213 5095 dignosci
2249 5040 2350 5093 po-

745 5126 876 5181 test,
927 5125 1011 5170 est
1042 5114 1285 5168 dilectio.
1334 5114 1399 5169 In
1421 5116 1539 5179 Ιιοε,
1578 5115 1775 5184 inquit,
1827 5127 2134 5187 cognoscent
2175 5133 2352 5171 omnes

743 5212 884 5277 quod
919 5211 1019 5261 mei
1056 5209 1310 5276 discipuli
1369 5209 1511 5271 sitis,
1574 5209 1620 5262 si
1678 5208 2013 5264 dilectionem
2061 5211 2353 5263 habueritis

2452 4650 2550 4719 μὲν
2581 4646 3029 4718 κατορθωμάτων
3061 4647 3231 4718 τιμὰς
3259 4645 3557 4709 ἀποδώσει,
3626 4648 3734 4699 τῶν
3774 4648 3829 4699 δὲ
3867 4646 4053 4716 πλημ-

2454 4740 2785 4810 μελημάτων
2813 4741 3119 4809 τιμωρίας·
3151 4739 3291 4793 ἀλλά
3321 4738 3418 4792 νῦν
3446 4740 3579 4810 περὶ
3618 4739 3787 4808 μόνης
3820 4738 4049 4805 ταύτης,

2451 4833 2527 4894 ὠς
2558 4832 2797 4902 εῐρηται,
2845 4831 3182 4898 διαλέγεται,
3232 4830 3530 4901 βεϐαιῶσαι
3585 4830 3912 4902 βουλόμενος
3967 4834 4050 4885 ὅτι

2451 4926 2659 4995 ταύτην
2716 4925 2953 4994 μάλιστα
3024 4924 3202 4994 ζητεῖ,
3249 4926 3345 4976 καὶ
3408 4924 3615 4993 ταύτην
3655 4926 3882 4977 ἀπαιτεῖ
3946 4927 4053 4998 πρὸ

2452 5019 2695 5087 πάντων,
2714 5018 2790 5081 ὡς
2812 5018 3260 5087 ἀναγκαιοτάτην
3293 5018 3665 5087 Χριστιανοίς.
3689 5018 4017 5087 Χαρακτηρι
4034 5049 4051 5058 -

2452 5109 2637 5163 στικὸν
2699 5109 2800 5178 μὲν
2861 5110 2969 5179 γὰρ
3004 5107 3337 5179 Χριστιανοῦ
3391 5108 3593 5171 παντὲς
3626 5110 3659 5178 ἡ
3694 5110 3912 5179 ἀγάπηο
3950 5111 4053 5163 Ἔν

2451 5206 2642 5267 τούτῳ
2698 5203 2830 5272 γάρ,
2902 5203 3061 5273 φησὶ,
3100 5202 3441 5271 γνώσονται
3492 5201 3721 5269 πάντες
3772 5203 3862 5255 ὅτι
3918 5202 4051 5272 ἐμοὶ

743 5302 881 5352 inter
904 5314 991 5350 vos
1024 5306 1264 5349 mutuam
1302 5298 1369 5350 "°.
1412 5296 1585 5365 Hujus
1619 5308 1806 5351 autem
1855 5298 2063 5367 optima
2114 5314 2242 5367 pars
2268 5309 2354 5352 est
2445 5317 2488 5367 μ

2303 5309 2354 5352 st
2445 5298 2711 5367 μαθηται
2737 5298 2903 5360 ἐστε,
2932 5297 3045 5351 ἐὰν
3081 5298 3331 5372 ἀγὸπῃν
3362 5298 3539 5367 ἔχητε
3593 5297 3705 5369 (69)
3754 5299 3824 5351 ἐν
3854 5298 4050 5362 ἀλλή-

748 5407 1053 5461 pauperuut
1091 5404 1270 5451 amor,
1313 5398 1361 5443 ct
1399 5405 1526 5460 erga
1591 5392 1900 5459 proximum
1975 5391 2350 5445 misericordia
2453 5397 2491 5447 .1

2305 5391 2350 5445 ia
2453 5397 2620 5459 λοις·
2645 5392 2850 5462 ταύτης
2883 5392 2937 5445 δὲ
2966 5393 3029 5445 τὸ
3076 5392 3373 5472 κράτιστον
3419 5394 3450 5463 ἡ
3513 5391 3859 5462 φιλοπτωχία
3896 5393 3990 5445 καὶ
4020 5394 4052 5461 ἡ

743 5502 807 5540 ac
839 5483 1172 5555 compassio,
1212 5486 1367 5552 juxta
1412 5483 1743 5555 Gregorium
1775 5484 2137 5553 Theologum.
2193 5483 2351 5539 Nulla
2456 5505 2490 5540 π

2307 5486 2351 5539 la
2456 5504 2520 5540 πε
2533 5489 2586 5557 ρ).
2615 5486 2676 5539 τδ
2725 5485 2990 5565 συγγενὲς
3021 5484 3404 5556 εύσπλαγχνία
3435 5486 3525 5539 καὶ
3558 5485 3879 5557 συμπάθεια
3908 5489 4054 5541 κατά

822 5627 864 5659 ⁷⁸
886 5626 1027 5680 Psal.
1062 5648 1096 5690 ι,
1132 5627 1187 5681 5.
1270 5628 1313 5658 ⁷⁸
1353 5627 1542 5681 Matth.
1575 5645 1719 5693 XXIV,
1748 5631 1836 5684 50.
1917 5630 1961 5661 ⁸ο
1995 5628 2156 5684 Joan.
2182 5644 2300 5695 xm,
2326 5629 2414 5683 55.

831 5872 835 5877 η
880 5871 909 5906 η
991 5871 1026 5923 Ε
1201 5872 1227 5922 κ
1964 5791 2170 5853 Varia:
2214 5789 2523 5853 lectiones
2559 5798 2616 5853 ct
2659 5798 2849 5853 nota).

845 5872 871 5911 9³
922 5872 981 5923 )”
1018 5888 1155 5923 ,λε-ξε
1192 5900 1203 5923 .-
1243 5912 1252 5922 .
2176 5892 2178 5895 -

823 5872 931 5927 ἰείη)
963 5872 1155 5936 Ἔχετε
1192 5872 1252 5923 Α.
2176 5892 2178 5895 ·
