4424 6448
424 392 522 454 641

1283 391 1680 451 COMMENT.
1723 390 2270 453 IN‘M'ATTJEUM.
2329 415 2370 422 "
2416 393 2577 453 CAP.
2624 394 2833 455 XXVI.

3619 396 3732 457 ΗΞ

428 504 522 550 ττιν
585 498 851 565 Θεολόγον
902 498 1225 569 Γρηγόριον.
1283 501 1477 551 Οὐδενι
1538 506 1667 569 γὰρ,
1720 502 1878 569 φησι,
1924 501 2034 554 τῶν
2065 507 2106 560 Α
2138 516 2175 554 e‘

1982 502 2034 554 ὸν
2065 507 2106 560 Α
2138 502 2284 554 enim
2322 502 2424 554 alia
2464 519 2545 564 rc,
2590 504 2786 576 inquit,
2824 504 2969 557 inter
3001 519 3196 557 omnes
3234 503 3308 556 ita
3340 504 3537 557 colitur
3563 504 3729 566 Deus.

430 592 674 645 πάντων,
702 590 777 649 ὡς
807 588 944 655 ἐλέῳ
976 588 1111 648 Θεὸς
1158 588 1547 656 θεραπεύεται,
1576 589 1697 641 οὐδὲ
1747 589 1893 657 ἄλλῳ
1927 586 2033 641 τίνὶ

431 683 635 747 μᾶλλον
665 680 697 743 ἢ
739 680 1131 749 φιλανθρωπίᾳ
1162 682 1221 731 τὸ
1253 682 1641 750 φιλάνθρωπον
1676 682 2029 737 ἀντιδίδοται.

428 773 633 824 Λοιπὸν
662 771 755 823 οὖν
785 771 1081 841 ἐξαιρέτως
1115 772 1476 840 διαλαμϐάνει
1500 762 1637 840 ’περὶ
1669 774 1761 826 τοῦ
1816 773 2034 840 ἐξαιρέ-

429 881 523 914 του
566 865 917 932 Χριστιανοῖς
950 864 1403 929 κατορθώματος,
1432 865 1692 932 ἐκφοϐῶν
1739 865 1885 917 οὕτω
1940 866 2033 917 καὶ

432 956 753 1022 συμπείθων
790 957 959 1023 ἡμᾶς,
1019 957 1343 1024 ἀνθρώπους
1380 956 1584 1023 ,ὅντας,
1614 956 2031 1025 φιλανθρώπους

433 1049 706 1113 γίνεσθαι,
727 1048 1040 1117 χρῄζοντας
1070 1049 1168 1116 τῆς
1207 1050 1337 1117 παρ’
1374 1049 1541 1100 αὑτοῦ
1573 1050 1693 1101 τότε
1722 1049 2031 1117 φιλανθρωο

435 1139 585 1200 πίας.
645 1140 993 1199 Δικαιότατος
1024 1140 1077 1190 δέ
1114 1141 1306 1209 μιαθὸς
1353 1144 1465 1201 τοίς
1525 1142 1622 1208 μέν
1670 1142 2033 1210 ἀνελεήμοσν

432 1228 844 1297 ἁνε).εημοτύνη
880 1270 894 1292 ,
929 1234 1039 1291 τοῖς
1072 1231 1127 1283 δὲ
1176 1232 1469 1301 ἐλεήμοσιν
1520 1232 1882 1300 ἐλεημοσύνη.
1924 1232 2034 1283 Καὶ

431 1322 539 1388 γὰρ
576 1321 744 1371 ἐλεῶν
807 1322 1145 1373 ἀντιδίδωσιν
1186 1324 1399 1391 μικρῶν
1445 1322 1896 1391 κατορθςιιμάτων
1934 1336 2035 1386 με·

429 1414 601 1478 γάλας
636 1414 892 1481 ἀμοιόάς.
924 1415 987 1465 Τί
1027 1417 1136 1484 γάρ
1168 1415 1266 1483 τῆς
1302 1415 1581 1485 βασιλείας
1617 1418 1834 1484 ἐκείνης
1866 1417 2034 1466 ἀντά-

430 1506 573 1566 ξιον;
605 1504 776 1571 Δῆλον
835 1504 891 1554 δέ
945 1505 1026 1555 ὅτι
1061 1507 1122 1556 ἐκ
1151 1504 1259 1555 τῶν
1306 1505 1626 1574 δυναμένων
1671 1506 1897 1556 ἀπαιτεί
1934 1506 2033 1574 τὴν

432 1596 886 1663 φιλανθρωπίαν·
938 1601 1051 1658 τοῖς
1104 1597 1214 1667 γὰρ
1283 1598 1359 1667 μὴ
1412 1598 1735 1665 δυναμένοις
1785 1598 1949 1665 ἀρκεῖ
1977 1600 2034 1649 τὸ

432 1686 741 1755 βούλεσθαι.
798 1688 1042 1757 Διάφορα
1074 1689 1128 1740 δὲ
1164 1691 1310 1757 μέρη
1374 1689 1668 1753 καταλέγει
1706 1687 1802 1755 τῆς
1840 1689 2031 1754 φιλαν-

431 1780 703 1848 θρωπίας,
726 1780 836 1841 ἵνα,
855 1782 901 1831 εἰ
934 1782 1030 1847 μὲν
1063 1780 1309 1843 δυνατὸν,
1341 1781 1523 1833 πάντα
1551 1779 1993 1850 κατορθώεωμεν
2014 1796 2028 1811 ·

433 1878 479 1928 εἰ
510 1875 565 1926 δὲ
601 1878 699 1944 μὴ,
725 1877 823 1928 κᾶν
861 1894 922 1943 γε
958 1876 1025 1927 τὰ
1064 1876 1288 1928 δυνατά.

508 1969 645 2018 Τότε
681 1998 747 2006 —
784 1967 1130 2033 ἐποιήσατε.
1184 1968 1422 2034 Βασιλέα
1503 1966 1697 2019 ἐαυτὸν
1746 1965 2029 2029 ἐκάλεσεν,

429 2054 504 2117 ὡς
541 2056 762 2108 πάντων
790 2057 976 2108 λοιπὸν
1001 2058 1491 2125 ὑποτεταγμένων.
1526 2056 1755 2123 Ἑφόσον
1798 2056 1874 2121 δὲ,
1909 2056 2032 2107 ἀντ)⁵

430 2143 547 2206 τοῦ,
573 2147 839 2200 Καθόσον.
877 2147 1168 2215 Ἀδελφοὺς
1201 2149 1257 2201 δὲ
1303 2153 1430 2210 τοὺς
1472 2148 1711 2216 πένητας
1740 2146 1856 2215 (70)
1890 2147 2032 2200 ὠνό-

434 2254 632 2306 ματεν,
656 2239 730 2300 ὡς
762 2240 959 2307 ὁμοίαν
985 2242 1171 2302 αὐτοῖς
1226 2239 1518 2293 ἁναλαόὼν
1559 2240 1723 2307 φύσιν
1765 2240 1868 2294 καὶ
1907 2241 2036 2291 ἐλα-

433 2330 796 2400 χιατότητα,ἢ
823 2335 917 2383 καί
939 2332 1011 2394 ώς
1033 2327 1324 2396 κιῖινωνοὺς
1353 2335 1455 2402 τῆς
1474 2332 1641 2385 αὑτοῦ
1668 2332 1860 2394 πενίας
1887 2332 1940 2401 (7
1960 2333 2030 2402 ll.

512 2423 647 2473 Τότε
678 2450 749 2460 -—
779 2422 990 2476 αὑτοῦ.
1038 2422 1283 2494 Ὀρᾷς,ή
1318 2424 1573 2493 βασιλεία
1631 2424 1729 2493 μέν
1773 2428 1885 2488 τοίς
1936 2427 2034 2478 ἀν-

436 2513 676 2583 θρώποις
732 2515 1084 2587 ἡτοιμάσθη,
1138 2519 1199 2569 τὸ
1232 2517 1343 2587 πῦρ
1398 2518 1455 2570 δὲ
1512 2520 1626 2580 τοῖς
1660 2517 1934 2587 δαίμοσιν.
1973 2519 2036 2571 Ol

437 2612 827 2681 ἀφρονέστεροι
877 2612 933 2665 δὲ
981 2613 1090 2663 τῶν
1146 2612 1456 2683 ἀνθρώπων
1490 2612 1557 2664 τὰ
1607 2612 1706 2681 τῆς
1755 2612 2037 2681 βασιλείας

435 2702 562 2768 ἀξια
595 2704 1009 2769 καταλιπόντες,
1040 2707 1110 2758 τὰ
1143 2707 1237 2757 τοῦ
1265 2706 1438 2776 πυρὸς
1464 2705 1589 2769 ἀξια
1612 2706 1991 2776 προετίμησεν
2016 2722 2032 2738 ο

437 2797 519 2847 διὸ
570 2798 666 2850 καὶ
724 2800 942 2868 ἐκείνης
995 2801 1350 2865 ἐκπεσόντες,
1386 2800 1546 2851 τοῦτο
1607 2797 2037 2869 κατεκρίθησαν.

440 2888 568 2943 Εἶτα
602 2894 694 2943 καὶ
735 2894 766 2961 ἡ
799 2894 951 2945 αἰτία
988 2892 1151 2944 πάλιν
1180 2893 1277 2961 τῆς
1314 2892 1609 2962 τιμωρίας.

540 3177 857 3230 Exstruat:
886 3192 1061 3245 -με,
1088 3176 1202 3229 Οὐκ
1242 3171 1420 3241 εἶπεν,
1438 3176 1520 3228 ὅτι
1544 3174 1658 3228 Οὐκ
1689 3173 2036 3245 ἀπηλλάξατὲ
2072 3194 2113 3251 c

440 3285 509 3339 με
535 3269 631 3337 τῆς
665 3267 855 3328 πενίας
885 3270 979 3320 καὶ
1010 3269 1109 3336 τῆς
1138 3267 1427 3331 ἀσθενείας
1470 3269 1565 3320 καὶ¹
1604 3268 1703 3336 τῆς
1760 3268 2036 3336 φυλακῆς,

437 3360 553 3413 ἁλλ’
581 3362 663 3412 ὅτι
712 3362 793 3413 Ta
826 3363 1105 3425 ἀναγκαῖα
1151 3362 1252 3413 οὐκ
1288 3360 1646 3424 ἐνεδείξασθε,
1670 3360 1751 3412 ὅτι
1784 3360 1852 3412 τὰ
1882 3360 2041 3431 ῥᾴδια

437 3454 538 3504 οὐκ
570 3454 868 3523 ἐπράξατε.
925 3454 1148 3525 Πρῶτον
1206 3452 1262 3505 δέ
1292 3453 1419 3514 τοὺς
1478 3454 1785 3522 ἐλεήμονας
1824 3454 2037 3523 ἀνακη-

440 3548 646 3615 ρύττει,
668 3548 932 3599 δεικνύων
965 3548 1024 3599 τὸ
1057 3546 1152 3599 τοῦ
1187 3546 1619 3618 κατορθώματος
1662 3546 1913 3615 εὐχερὲς,
1953 3547 2041 3599 ἵνα

437 3642 533 3694 ἀπ’
566 3642 796 3693 ἐκείνων
822 3643 1049 3701 τούτους
1078 3640 1452 3713 καταδικάσῃ.

514 3736 651 3789 Τότε
678 3766 747 3775 -—
775 3735 1121 3799 ἐποιήσατε.
1156 3734 1399 3797 Εἰκότως
1444 3736 1471 3785 ὁ
1501 3733 1599 3803 μὲν
1631 3734 1883 3804 ἐλεήμων
1906 3734 2036 3804 κλη-

440 3832 663 3899 ρονομεῖ
696 3831 793 3897 τὴν
828 3829 1133 3898 βασιλείαν,
1162 3828 1244 3880 ὅτι
1271 3828 1371 3899 τὴν
1404 3829 1626 3897 ἀγάπην
1676 3828 2040 3897 κατώρθωσε,

434 3923 548 3975 τῶν
605 3924 818 3993 ἀρετών
871 3923 931 3973 τὸ
986 3921 1317 3988 κεφάλαιον·
1374 3920 1578 3990 ταύτης
1614 3922 1724 3990 γαρ
1788 3920 1955 3992 μέρος
2009 3923 2042 3991 ή

436 4021 782 4090 ἐλεημοσύνη
810 4036 821 4047 ·
861 4022 886 4070 ὀ
918 4020 959 4070 δ’
996 4020 1317 4089 ἀνεὶεήμων
1348 4022 1427 4081 είς
1454 4019 1511 4071 τὸ
1548 4020 1657 4088 πῦρ
1714 4020 2043 4089 ἀποπέμπε-

437 4129 530 4164 ται
570 4129 584 4144 ο
615 4112 751 4163 διότι
801 4111 863 4161 τὸ
900 4110 1145 4162 ἐναντίον
1197 4113 1264 4180 τῇ
1322 4110 1512 4180 ἀγάπῃ
1549 4113 1708 4177 μῖσος
1750 4111 2043 4180 ἐκτήσατο,

435 4207 547 4258 τῶν
582 4205 791 4258 κακιῶν
826 4205 886 4255 τὸ
923 4204 1223 4272 κεφάλαιον
1248 4220 1261 4232 ο
1298 4204 1491 4255 τούτου
1522 4205 1630 4274 γὰρ
1651 4204 1851 4273 ὁμοίως
1879 4204 2045 4273 μέρος

436 4302 472 4370 ἠ
513 4299 944 4368 ἀνελεημοσύνη.
968 4300 1074 4350 Καὶ
1109 4301 1136 4350 ὁ
1167 4298 1267 4368 μέν
1298 4298 1387 4349 τὸν
1413 4298 1686 4367 ἐλεήμονα
1721 4299 1816 4349 καὶ
1845 4297 2041 4366 φιλάν-

437 4393 661 4461 θρωπον
721 4392 855 4444 Θεὸν
920 4392 1275 4459 ἐμιμήσατο,
1339 4391 1368 4442 ὁ
1422 4390 1478 4443 δὲ
1537 4390 1883 4460 ἀνελεήμονα
1950 4390 2046 4442 καὶ

440 4485 834 4555 μισάνθρωπον
863 4484 1137 4536 διαόολον.

2139 602 2197 646 ιιι
2238 594 2616 649 misericordia
2658 615 2669 649 :
2706 611 2884 663 neque
2912 596 3003 648 alii
3032 597 3292 663 cuiquam
3333 599 3503 665 magis
3530 611 3728 665 rcpcn‘

2138 684 2301 737 detur
2332 686 2649 739 humanitas
2683 702 2846 754 quam
2881 685 3231 739 humanitati.
3282 685 3561 755 Prmeipue
3609 702 3737 755 ergo

2135 775 2361 828 disserit
2414 777 2483 830 de
2562 782 2839 846 pra‘cipuo
2894 778 3334 832 Christianorum
3397 793 3587 846 opere,
3634 780 3736 832 hoc

2138 867 2303 919 modo
2334 881 2435 920 nos
2473 876 2528 921 et
2579 878 2866 922 exterrens
2900 877 2959 922 et
2993 870 3303 930 attrahens,
3342 881 3393 917 ul
3428 870 3517 936 qui
3559 870 3735 921 homi-

2138 973 2239 1012 nes
2287 975 2504 1023 sumus,
2557 961 2787 1015 humani
2825 962 3156 1025 ciliciamur,
3214 972 3431 1015 utentes
3486 978 3571 1019 ea.
3631 978 3735 1029 quin

2140 1049 2261 1116 ipse
2298 1056 2428 1102 tunc
2482 1058 2669 1104 utetur
2704 1052 3068 1105 humanitate.
3106 1051 3422 1105 Justissima
3449 1062 3735 1104 estautem

2141 1156 2376 1204 merces,
2414 1152 2474 1195 ut
2506 1144 2824 1197 inhumanis
2857 1145 3335 1213 inhumanitas,“
3362 1143 3737 1195 miserit-ordi-

2138 1237 2241 1292 bus
2274 1239 2651 1292 rriscricordia
2687 1237 3042 1307 rependatur.
3072 1237 3284 1290 Etenim
3318 1236 3434 1301 ipse
3457 1235 3548 1300 qui
3577 1233 3741 1285 mise-

2141 1333 2446 1397 ricors‘est,
2487 1331 2669 1400 parvis
2702 1331 2962 1401 operibus
2999 1345 3256 1399 magnum
3293 1330 3551 1381 retribuit
3585 1343 3737 1394 prie—

2139 1423 2307 1476 mium
2339 1424 2508 1491 :quid
2541 1423 2689 1476 enim
2749 1436 2920 1491 regno
2957 1421 3033 1473 illi
3071 1420 3281 1488 aequale
3316 1433 3435 1470 esse
3489 1415 3741 1484 pnterit?

2139 1514 2491 1570 Manifestum
2525 1526 2609 1571 est
2636 1526 2817 1569 autem
2864 1515 3010 1583 quod
3051 1529 3116 1566 ex
3146 1515 3230 1566 Ins
3273 1528 3393 1579 qnze
3424 1523 3741 1573 possumus,

2139 1606 2539 1660 humanitatem
2571 1607 2802 1674 requirit
2834 1623 2847 1658 :
2889 1605 2973 1658 his
3020 1604 3167 1658 enim
3201 1604 3291 1671 qui
3329 1617 3434 1654 non
3494 1608 3742 1665 [IOSS|:IIl,

2138 1696 2339 1750 suihcit
2365 1697 2509 1765 quod
2547 1696 2740 1748 velint.
2781 1694 2968 1747 Varias
2988 1695 3134 1746 enim
3172 1688 3533 1744 humanitatis
3564 1700 3746 1754 partes

2141 1797 2441 1843 recenset:
2481 1798 2540 1841 ut
2572 1788 2844 1857 siquidem
2902 1799 3219 1855 possumus,
3260 1797 3466 1851 .omnes
3519 1780 3747 1846 implea—

2138 1893 2259 1931 mus
2295 1896 2309 1932 :
2348 1880 2430 1932 sin
2464 1880 2667 1941 minus,
2701 1888 2756 1932 at
2808 1878 3003 1931 saltem
3030 1892 3124 1930 eas
3153 1891 3290 1943 quas
3317 1886 3637 1941 possumus.

2209 1968 2361 2021 Vers.
2398 1967 2492 2021 57.
2525 1967 2665 2020 Tunc
2694 1998 2760 2007 —
2797 1966 2949 2020 Vers.
3010 1966 3099 2019 40.
3155 1965 3366 2033 fecistis.
3414 1961 3614 2030 Regem
3651 1975 3747 2009 vo-

2136 2057 2283 2111 cavit
2336 2058 2608 2126 seipsum,
2660 2066 2922 2126 tanquam
2972 2056 3237 2110 omnibus
3296 2055 3406 2121 jam
3464 2052 3749 2121 subjectis.

2135 2148 2407 2213 Quatenus
2435 2160 2640 2214 autem,
2670 2151 2724 2205 id
2751 2161 2856 2213 est,
2887 2150 2944 2203 In
2977 2158 3274 2219 quantum.
3313 2148 3533 2201 Fratres
3564 2156 3747 2198 autem

2139 2244 2358 2299 vocavit
2398 2259 2700 2314 pauperes,
2748 2255 2808 2298 ut
2838 2245 2929 2313 qui
2964 2245 3196 2299 similem
3238 2259 3362 2297 cum
3392 2243 3471 2295 eis
3500 2255 3760 2308 suscipe-

2138 2336 2215 2389 rit
2256 2344 2519 2390 naturam
2581 2346 2638 2391 et
2688 2337 3054 2407 abjectionem
3088 2355 3100 2389 :
3138 2334 3225 2390 vel
3272 2334 3437 2387 etiam
3492 2343 3755 2400 tanquam

2138 2445 2235 2483 eos
2268 2430 2360 2500 qui
2397 2431 2934 2487 communicaverint
2976 2429 3282 2500 paupertati
3319 2429 3519 2498 ipsius.

2214 2521 2373 2578 νει-ε.
2416 2524 2505 2579 LI.
2543 2524 2686 2578 Tunc
2718 2554 2785 2564 --
2812 2525 2946 2595 ejus.
2983 2523 3187 2579 Vides?
3234 2522 3482 2594 Regnum
3528 2525 3757 2593 quidem

2142 2618 2465 2672 hominibus
2513 2624 2761 2687 paratum
2818 2626 2923 2682 est,
2978 2615 3124 2686 ignis
3195 2631 3326 2669 vero
3388 2618 3753 2693 daemonibus.

2144 2710 2599 2780 lnsipientissimi
2671 2720 2857 2764 autem
2916 2710 3191 2772 homines,
3237 2709 3442 2763 relictis
3482 2709 3567 2764 his
3634 2700 3752 2780 qua:

2144 2817 2314 2873 regno
2346 2802 2507 2872 digna
2548 2810 2700 2864 sunt,
2734 2799 3039 2870 praeferunt
3063 2816 3127 2855 ea
3155 2817 3277 2869 quae
3304 2802 3484 2872 ignem
3529 2820 3754 2872 prorue-

2143 2906 2339 2951 rentur
2365 2913 2380 2960 ;
2415 2896 2540 2950 ideo
2571 2897 2736 2949 etiam
2764 2895 2834 2949 ab
2866 2894 2954 2948 illo
2975 2896 3315 2959 excidentes,
3346 2898 3412 2950 ad
3449 2898 3595 2950 hunc
3623 2913 3761 2951 con-

2145 2987 2503 3041 demnantur.
2547 2985 2756 3040 Deinde
2790 3001 2985 3039 rursus
3016 3001 3178 3039 causa
3212 3001 3257 3039 et
3272 3003 3375 3040 iam
3411 2989 3631 3042 ultionis
3662 3006 3763 3057 po.

2150 3081 2326 3135 nitur.

2223 3172 2377 3227 Vers.
2442 3173 2528 3228 ιε
2582 3170 3197 3228 Esurivi—Vers.45.
3238 3189 3341 3227 nte.
3403 3172 3518 3227 Non
3602 3175 3759 3240 diuit,

2146 3262 2265 3320 Non
2284 3264 2561 3321 liberastis
2586 3279 2670 3319 mc
2703 3273 3045 3335 paupertate,
3083 3263 3399 3317 inﬁrmitate
3420 3281 3483 3319 ac
3513 3282 3762 3333 carcere,

2147 3363 2266 3425 sed,
2319 3359 2451 3425 Qua:
2484 3362 2794 3414 necessaria
2824 3368 2953 3412 sunt
2982 3373 3089 3410 non
3129 3358 3464 3425 prasbuistis,
3534 3377 3654 3429 qua:
3685 3363 3765 3416 la-

2149 3457 2275 3511 cilia
2309 3464 2440 3509 sunt
2469 3470 2581 3508 non
2616 3453 2847 3507 fecistis.
2882 3453 3126 3506 Primum
3160 3461 3341 3506 autem
3369 3454 3763 3509 misericordes

2147 3551 2429 3620 praedicat,
2461 3548 2767 3602 ostendens
2813 3548 2943 3601 boni
2983 3547 3169 3616 operis
3218 3547 3561 3613 Iacilitatem,
3605 3560 3666 3603 ut
3696 3552 3765 3604 ab

2148 3644 2239 3696 illo
2264 3642 2363 3695 hos
2393 3640 2750 3695 condemnet.

2222 3736 2380 3791 Vers.
2413 3738 2503 3791 44.
2539 3734 2683 3788 Tunc
2710 3763 2776 3774 —-
2811 3732 2968 3788 Vers.
3002 3733 3092 3787 45.
3146 3734 3369 3804 feci.tis.
3435 3722 3629 3789 Merito
3671 3736 3764 3804 qui

2151 3832 2468 3885 misericors
2503 3830 2632 3894 fuit,
2671 3844 2897 3899 regnum
2951 3828 3216 3897 possidet,
3255 3828 3384 3896 quia
3437 3829 3764 3893 charitalem

2150 3940 2273 3993 qua:
2334 3924 2599 3977 virtutum
2660 3931 2824 3991 caput
2864 3930 2969 3985 est,
3037 3936 3203 3990 Opere
3250 3921 3589 3989 complevit,
3646 3938 3769 3989 eius

2151 4021 2296 4074 enim
2332 4033 2459 4087 pars
2488 4025 2575 4070 est
2630 4016 3001 4084 eleemosyna.
3064 4014 3168 4079 Qui
3204 4029 3335 4067 vero
3371 4014 3475 4067 luit
3514 4015 3765 4068 immise-

2150 4112 2345 4172 ricors.
2390 4110 2445 4163 in
2500 4111 2679 4179 ignem
2732 4109 3020 4179 ablegatur
3053 4126 3065 4161 :
3101 4108 3229 4176 quia
3279 4107 3402 4159 loco
3452 4108 3780 4161 dilectionis.

2151 4207 2338 4261 odium
2372 4204 2641 4274 possidet,
2690 4203 2837 4273 quod
2888 4212 3055 4271 caput
3090 4211 3174 4255 est
3217 4202 3499 4265 vitiosum,
3544 4211 3598 4255 et
3648 4204 3779 4268 ejus

2153 4298 2431 4368 praecipua
2479 4312 2607 4366 pars
2635 4304 2721 4350 est
2751 4294 3153 4349 inhumanitas.
3184 4292 3274 4346 Ille
3302 4309 3520 4363 quoque
3558 4297 3780 4347 iniseri—

2154 4394 2380 4447 cordem
2414 4392 2840 4458 humanumque
2885 4389 3058 4441 Deum
3105 4387 3351 4441 imitatus
3388 4398 3503 4452 est;
3550 4389 3637 4442 hic
3675 4404 3780 4441 au-

2156 4497 2265 4541 tem
2314 4484 2813 4539 immisericordem
2855 4482 3341 4548 inhumanumque
3397 4482 3701 4535 diabolum.

513 4578 627 4631 Kal
650 4609 713 4617 —
740 4576 1009 4631 αἰώνιον.
1044 4577 1185 4629 Οὐαὶ
1206 4577 1346 4629 πᾶσι
1376 4576 1478 4643 μέν
1508 4578 1622 4639 τοῖς
1654 4576 2006 4647 ἁμαρτωλοῖς
2027 4617 2042 4643 ,
2080 4558 2124 4612 θ
2232 4576 2260 4629 ι

2027 4617 2042 4643 ,
2080 4558 2124 4612 ο
2232 4576 2387 4632 vers,
2424 4576 2516 4632 46,
2554 4573 2626 4628 Et
2656 4589 3035 4627 -—a:ternam.
3083 4570 3175 4626 Va:
3225 4572 3487 4626 omnibus
3551 4573 3773 4641 quidem

441 4674 686 4745 μάλιστα
715 4672 770 4723 δὲ
802 4675 916 4733 τοῖς
949 4670 1305 4741 ἁνελεήμοσι.

513 4767 619 4821 Καὶ
639 4766 879 4835 ἐγένετο
905 4797 972 4806 -
990 4764 1439 4835 σταυρωθῆναι.
1456 4763 1566 4817 Τοῦ
1598 4763 1826 4834 νομικοὖ
1852 4765 2045 4835 Πασχα

440 4860 852 4931 συμπίπτοντος
918 4861 1061 4912 κατὰ
1111 4861 1209 4929 τὴν
1260 4857 1875 4929 τεσσαρεσκαιδεκάτην
1949 4860 2044 4910 τοῦ

442 4956 635 5028 μηνὸς,
665 4954 739 5017 ώς
772 4956 800 5007 ὁ
834 4958 964 5023 περὶ
991 4952 1184 5005 τούτου
1222 4953 1385 5022 νόμος
1421 4954 1721 5024 ἐπέτρεπε,
1776 4952 2047 5022 πρόδηλον

436 5051 519 5102 ὅτι
558 5047 702 5101 κατά
736 5047 836 5116 τὴν
869 5046 1183 5115 δωδεκάτην
1210 5045 1370 5098 τοῦτο
1424 5045 1560 5113 πρὸς
1613 5045 1742 5107 τοὺς
1795 5045 2048 5115 μαθητὰς

438 5146 658 5215 εἴρηκε.
692 5142 855 5196 Κατά
889 5143 1099 5212 ταύτην
1133 5142 1233 5213 μὲν
1262 5142 1374 5210 γὰρ
1412 5144 1512 5213 τὴν
1542 5140 1859 5211 δωδεκάτην
1892 5143 2047 5211 παρὰ

437 5243 506 5311 τῇ
537 5239 687 5311 οίκία
717 5238 965 5318 Σίμωνος
1004 5235 1100 5289 τοῦ
1137 5235 1345 5308 λεπροῦ
1371 5236 1485 5307 (72)
1510 5234 1831 5304 δεδείπνηκε
1855 5274 1873 5302 ,
1903 5236 2047 5289 κατά

2154 4670 2567 4743 peccatoribus,
2598 4668 2837 4723 maxime
2876 4676 3059 4720 tamen
3102 4666 3663 4722 immisericordibus.

2228 4768 2382 4823 CAP.
2415 4765 2608 4821 XXVI.
2655 4764 2812 4819 Vers.
2849 4765 2899 4817 l.
2937 4760 3003 4815 Et
3038 4762 3246 4833 factum
3300 4774 3399 4816 est.
3428 4794 3495 4803 —
3524 4763 3686 4822 Veis.
3718 4770 3775 4824 2.

2158 4862 2534 4933 cruciﬁgatur.
2610 4858 2748 4912 Cum
2795 4857 2967 4925 legale
3032 4854 3243 4909 Pascha
3304 4856 3522 4911 decimo
3580 4874 3780 4931 qu.irto

2160 4959 2370 5013 mensis
2405 4954 2698 5015 incideret,
2735 4951 2877 5005 sicut
2909 4950 2994 5002 lex
3019 4965 3140 5018 qua:
3177 4950 3246 5003 de
3280 4950 3375 5002 illo
3413 4964 3611 5009 statum
3664 4958 3778 5011 dis-

2158 5050 2405 5123 ponebat
2440 5066 2454 5103 :
2501 5045 2859 5103 manifestum
2886 5053 2970 5097 est
3000 5042 3147 5109 quod
3181 5043 3298 5097 hinc
3330 5043 3795 5115 duodecimodie.

2158 5142 2369 5198 mensis
2396 5134 2930 5204 dixeritdiscipulis.
2978 5133 3096 5188 Hoc
3132 5135 3414 5206 siquidem
3447 5142 3783 5209 duodecimo

2158 5239 2246 5294 die
2264 5238 2317 5292 in
2340 5236 2506 5291 domo
2525 5232 2770 5289 Simonis
2801 5229 3032 5301 Leprosi
3063 5235 3305 5294 cmnavit
3329 5238 3589 5317 {decimo
3618 5241 3783 5295 tertio

1659 5360 1879 5421 Varia;
1916 5359 2231 5424 lectiones
2277 5365 2339 5421 et
2375 5336 2573 5419 notae.

517 5498 629 5569 (70)
664 5493 1187 5569 Αὖτούςγρῐο-ςτοὺς
1220 5492 1465 5569 πένητας

520 5565 633 5639 (7t)
667 5570 768 5622 llic
819 5568 972 5639 addit
1026 5565 1333 5639 Hentenius
1371 5565 1640 5619 scliolium
1684 5580 1747 5619 ex
1806 5565 2054 5635 margine

443 5637 534 5698 sui
561 5637 766 5696 codicis
800 5657 811 5692 :
846 5638 1064 5706 Fratres
1097 5637 1347 5691 minimos
1399 5646 1552 5691 vocat
1599 5653 1883 5707 pauperes,
1925 5639 2055 5705 quia

442 5714 693 5776 humiles,
728 5712 982 5773 mendici,
1008 5720 1057 5763 et
1093 5708 1287 5777 ahjerti
1311 5718 1435 5762 sunt
1466 5725 1484 5762 :
1518 5718 1569 5761 et
1600 5725 1689 5762 eos
1725 5711 1814 5778 qui
1842 5709 1965 5763 viles
1991 5726 2056 5762 ac

442 5784 793 5858 despicabiles
818 5784 1083 5858 habentur
1109 5795 1139 5858 _:
1177 5798 1281 5833 non
1315 5781 1433 5858 dico
1470 5780 1758 5835 monachos
1794 5782 1957 5858 solos,
2004 5792 2055 5835 et

445 5854 653 5929 sos'qui
695 5865 899 5909 montes
937 5854 1260 5929 inhabitant,
1308 5855 1401 5907 sed
1448 5868 1875 5925 unumquemque
1922 5854 2053 5923 ﬁde-

444 5926 586 5984 linm'
638 5930 981 5993 esurientem,
1035 5926 1145 5982 sive
1196 5928 1341 5997 [ante
1390 5940 1652 5996 pressum,
1703 5930 1900 5985 mulum
1959 5935 2049 5981 aut

2160 5494 2499 5563 peregrinum
2529 5509 2545 5545 :
2575 5492 2689 5554 hos,
2724 5492 2977 5565 inquam,
3006 5497 3202 5562 [takes
3225 5504 3399 5557 uocat,
3447 5506 3495 5548 et
3545 5497 3778 5565 primum

2157 5583 2245 5619 eos
2266 5564 2488 5638 laudat,
2508 5565 2720 5633 quipiis
2753 5564 3217 5638 subvenei'unt,_itt
3250 5570 3524 5621 sententia:
3546 5564 3668 5622 suis
3684 5571 3780 5638 jn-

2158 5637 2368 5690 stitiant
2415 5638 2789 5699 demonstret;
2827 5655 2843 5685 ι
2892 5636 3092 5694 Venite.
3132 5636 3330 5705 inquit.
3376 5640 3632 5693 benedicti
3667 5636 3782 5695 Ρα-

2160 5715 2256 5761 tris
2286 5711 2411 5772 mei,
2442 5718 2490 5760 et
2523 5721 2738 5768 canem.
2784 5708 2997 5773 Quanta
3028 5710 3163 5761 bono
3196 5712 3391 5777 poterit
3448 5729 3643 5777 nomen
3684 5718 3777 5767 hoc

2157 5781 2394 5851 pensari,
2422 5791 2477 5832 ut
2514 5781 2815 5841 benedictus
2847 5782 2938 5837 sis.
2970 5781 3127 5847 idque
3152 5797 3183 5832 a
3226 5780 3411 5837 Patre.

2237 5851 2349 5931 (ῖῖ)
2550 5853 2627 5931 Α,
2657 5854 2968 5931 ἐδείπνησε.
2998 5852 3115 5931 Mox
3154 5853 3297 5907 idem
3329 5868 3466 5931 ante
3497 5856 3597 5931 τὴν
3622 5874 3781 5931 τρισ-

2162 5924 2496 6000 καιδεκάτην
2526 5925 2729 5984 omittit
2767 5925 2845 5995 δέ,
2880 5935 2933 5981 et
2980 5926 3131 5981 addit
3166 5937 3294 5991 ante
3334 5928 3467 6002 παρ’
3501 5922 3565 5999 ᾧζ
