4424 6448
426 402 531 465 713

1279 394 1666 454 COMMENT.
1712 384 1789 451 IN
1832 391 2385 451 MATTIIJEUM.“
2425 391 2581 450 CAP.
2629 391 2869 451 XXV”.

3589 393 3694 455 ’ἶιέ

506 515 1101 582 Καὶ-ἀπεκρίνατο.
1141 512 1396 581 Σφοδρῶς
1435 512 1545 582 γὰρ
1566 511 1668 581 ήδη
1706 509 2006 578 λυττησὰνο
2039 516 2082 568 Α
2187 508 2253 561 Ve

1951 526 2006 560 νο
2039 516 2082 568 Α
2187 508 2342 561 Vers.
2378 508 2464 560 l2.
2503 507 2566 560 Et
2587 508 2963 590 —.r€8p0tidi¢.
2993 505 3131 561 Cum
3162 506 3307 560 enim
3340 507 3696 561 vehementer

427 626 539 662 των
585 612 665 672 εἰς
707 609 799 659 τὸν
839 607 999 674 φόνον
1034 603 1226 667 αὑτοῦ,
1262 605 1357 657 καὶ
1390 603 1712 656 ἁκαθὲκτων
1740 602 1880 662 ὅλως
1912 618 2007 667 γε·

426 700 687 766 γονᾶτων,
745 698 886 766 Em
954 696 1190 766 ματαίαν
1241 691 1381 749 εἷναι
1428 693 1523 747 τοῦ
1576 692 1764 745 λοιποῦ
1828 693 2009 745 πᾶταν

428 792 754 860 ἀπολογίαν.

507 884 647 938 Τότε
671 912 735 922 -
769 882 1336 951 καταμαρτυροῦσις
1375 879 1548 932 Τοῦτο
1606 880 1755 943 λέγει
1826 895 2010 946 παρα-

430 962 599 1029 κινῶν
630 975 795 1028 αὑτὸν
826 978 907 1038 εἰς
939 975 998 1027 τὸ
1032 971 1485 1043 ἀπολογήσασθαι
1532 972 1627 1023 καὶ
1683 970 2012 1037 ἀπαλλαγῖγ

435 1086 523 1120 ναι
546 1086 560 1099 ·
604 1070 699 1121 καὶ
734 1069 843 1138 γὰρ
870 1069 1171 1136 ἐγίνωσκεν
1222 1066 1305 1118 ὅτι
1349 1066 1480 1136 ῥᾷον
1514 1061 1759 1117 διαλύσει
1789 1063 1889 1125 τὰς
1915 1078 2011 1113 συ-

434 1164 730 1227 κοςαντίας
761 1160 956 1213 αὐτῶν.

510 1255 615 1305 h'nl
652 1251 921 1320 -ιδῆμα,
958 1251 1030 1302 Τὸ
1062 1249 1192 1317 ἐξῆς
1222 1248 1328 1317 γὰρ
1363 1246 1627 1317 περιττὴν
1690 1247 1875 1314 ἡγεῖτο
1919 1242 2015 1296 καὶ

433 1343 532 1411 τὴν
567 1345 702 1411 πρὸς
742 1343 905 1396 αὑτὸν
936 1343 1257 1411 ἀπόκρισιν,
1279 1339 1355 1402 ὡς
1382 1339 1457 1409 μὴ
1480 1338 1783 1405 δυνάμενον
1816 1336 2013 1398 αὐτοὺς

434 1434 773 1485 ἀναστεῖλαι.
822 1433 931 1483 Καὶ
979 1432 1086 1499 γὰρ
1116 1426 1183 1498 ἦν
1232 1431 1331 1498 μὲν
1386 1429 1809 1497 μισοπόνηροςὸ
1846 1426 2016 1478 [lili-

434 1542 546 1589 τος,
601 1528 695 1577 καὶ
744 1525 953 1595 σφόδρα
992 1523 1262 1593 ἠθέλησεν
1320 1522 1603 1586 ἐξελέσθαι
1637 1522 1730 1573 τὸν
1777 1520 2012 1588 Ἰησοῦν·

440 1617 685 1682 μαλακὸς
713 1616 769 1668 δέ
797 1614 896 1678 ὣν,
939 1613 1178 1667 ἐνεδίδου
1204 1614 1326 1675 ταῖς
1363 1613 1588 1665 ἐκείνων
1614 1613 1836 1682 ὁρμαῖς.

503 1795 685 1848 Ὥστε
708 1823 771 1832 -—
803 1794 968 1847 λίαν.
999 1791 1340 1860 Θαυμάζειν,
1375 1792 1493 1853 πῶς
1531 1791 1870 1843 ἐνδείκνυται
1895 1806 2018 1842 τοσ-

438 1884 611 1953 αύτην
639 1884 967 1944 ἐπιείκειαν,
1000 1880 1146 1947 πῶς,
1171 1881 1474 1949 δυνάμενος
1504 1880 1892 1947 ἀπολογεῖσθαι
1923 1883 2019 1931 καὶ

432 1975 825 2046 καταισχύνειν
866 1974 1087 2038 αὐτοὺς,
1117 1970 1260 2025 ἐκὼν
1301 1972 1432 2043 σιγᾷ
1467 1972 1561 2023 καὶ
1595 1973 1871 2041 ἀνέχεται.

503 2154 667 2207 Κατὰ
709 2153 779 2206 δὲ
814 2153 1035 2222 ἑορτὴν
1062 2181 1133 2193 -
1164 2154 1468 2221 Χριστόν;
1504 2154 1660 2207 Κατὰ
1687 2154 1744 2205 δι
1790 2153 2016 2224 ἐορτὴν,

430 2248 529 2316 τὴν
555 2247 648 2299 τοῦ
700 2248 892 2316 Πάσχα
927 2246 1195 2317 δηλονότι.
1245 2249 1386 2317 ⁴ῑησὶ
1420 2247 1530 2317 γὰρ
1587 2249 1616 2299 ὁ
1659 2246 1911 2316 Ἰωάννης
1944 2248 2023 2299 εί-

434 2341 558 2391 πείν
602 2341 693 2392 τ’,ν
746 2339 999 2392 Πιλᾶτον·
1038 2340 1215 2393 Ἐστι
1259 2338 1329 2392 δὲ
1384 2341 1680 2406 συνήθεια
1714 2340 1828 2411 (ιι)
1854 2340 2018 2410 ὑμῖν,

431 2432 529 2483 lra
560 2432 669 2485 ἕνα
718 2431 861 2501 ὑμῖν
906 2434 1204 2507 ἀπολύσω
1231 2432 1348 2503 (15)
1381 2433 1453 2486 ἐν
1489 2432 1570 2498 τῷ
1601 2433 1837 2502 Πάσχα.
1883 2435 2021 2503 Περὶ

432 2526 489 2577 δὲ
544 2526 638 2578 τοῦ
678 2525 941 2596 Βαραῦὅᾶ
972 2528 1123 2595 λέγει
1174 2528 1561 2597 φανερώτερον
1604 2530 1633 2579 ὁ
1680 2530 1898 2591 Λουκᾶς
1938 2530 2023 2581 ὅτι

435 2616 505 2689 ἦν
542 2620 629 2672 διὰ
660 2622 857 2673 στάσιν
904 2622 1028 2672 τινὰ
1076 2621 1386 2691 γενομένην
1419 2622 1477 2673 ἐν
1513 2624 1576 2690 τῇ
1607 2622 1760 2673 πόλει
1802 2625 1895 2673 καὶ
1925 2623 2024 2691 φό-

435 2730 525 2765 νον
579 2712 915 2783 βεϐλτεμένος
960 2714 1040 2773 είς
1090 2714 1364 2784 φυλακήν.
1417 2712 1476 2766 Ὀ
1528 2714 1757 2777 Πιλᾶτος
1791 2710 1906 2780 οὖν,
1951 2716 2026 2786 μὴ

434 2806 688 2872 δυνηθεὶς
713 2808 787 2870 ὡς
820 2806 997 2861 ἀθῶον
1042 2806 1326 2872 ἐξελέσθαι
1382 2807 1474 2861 τὸν
1510 2808 1770 2879 Χριστὸν,
1814 2812 2029 2881 ἐπεχεί-

441 2914 577 2966 ρησε
629 2898 729 2952 κᾶν
758 2897 893 2967 γοῦν
923 2898 1000 2960 ὡς
1037 2897 1331 2952 κατάδικον
1375 2897 1709 2969 χαρίσασθαι
1735 2898 1927 2953 τοῦτον
1958 2903 2024 2971 τῆ

442 2990 629 3061 ἑορτῇ.

516 3100 684 3171 ’ῌδει
715 3131 784 3141 —
812 3105 1021 3157 αὐτόν.
1050 3105 1259 3172 Διέγνω
1308 3105 1491 3169 τοίτο,
1528 3106 1622 3158 καὶ
1662 3106 1913 3175 ἦλπιζεν,
1944 3109 2027 3161 ὅτι

2110 601 2179 655 ad
2209 602 2331 669 ejus
2365 600 2569 655 caedem
2620 600 2949 661 insanirent,
3022 614 3124 653 nec
3177 599 3407 651 omnino
3451 599 3695 653 revocari

2115 702 2359 763 possent,
2392 693 2596 747 sciebat
2629 692 2831 746 frustra
2871 692 3112 746 dandum
3159 691 3224 743 iri
3281 692 3542 760 deinceps
3585 709 3703 747 om-

2114 800 2238 839 nem
2274 787 2717 853 responsionem.

2185 877 2341 931 Vers.
2379 878 2462 930 13.
2530 879 2669 929 Tunc
2698 906 2765 916 —
2792 878 2975 928 dicunt
3031 876 3388 931 testimonia?
3459 875 3574 929 Hoc
3626 877 3705 928 ait

2115 969 2399 1024 concitans
2426 982 2551 1023 eum
2595 977 2655 1022 ut
2685 968 3065 1037 responderet,
3104 984 3168 1023 ac
3202 968 3283 1022 sic
3334 968 3701 1020 liberaretur:

2117 1064 2326 1118 sciebat
2353 1064 2500 1118 enim
2525 1064 2671 1133 quod
2716 1062 2871 1117 facile
2900 1072 3088 1131 posset
3116 1061 3333 1114 illorum
3363 1061 3571 1114 diluere
3610 1074 3705 1111 ca-

2120 1158 2375 1211 lumnias.

2198 1249 2350 1304 Vers.
2390 1249 2476 1302 14.
2508 1251 2886 1303 lit—verbum.
2915 1247 3183 1316 Deinceps
3208 1248 3353 1301 enim
3377 1250 3709 1317 superﬂuam

2121 1344 2238 1399 fore
2272 1342 2510 1398 ducebat
2543 1343 2965 1411 responsionem
3004 1355 3126 1408 quae.
3158 1338 3260 1408 ipsi
3293 1339 3540 1401 daretur.
3584 1357 3709 1395 cum

2120 1452 2229 1490 non
2254 1445 2439 1504 posset
2468 1436 2589 1489 illos
2619 1434 3009 1502 comprimere.
3046 1432 3329 1500 biquidem
3350 1433 3552 1485 malum
3578 1434 3713 1486 ode-

2123 1542 2206 1584 rat
2239 1529 2465 1592 Pilatus,
2493 1540 2548 1583 et
2586 1528 2775 1581 Jesum
2841 1527 3075 1580 maxime
3127 1536 3375 1595 optasset
3425 1526 3658 1579 liberare
3696 1544 3711 1584 ;

2126 1639 2316 1677 verum
2347 1639 2472 1677 cum
2500 1623 2677 1676 mollis
2734 1630 2901 1685 esset,
2945 1621 3161 1673 illorqu
3204 1618 3437 1672 cedebat
3462 1618 3713 1673 alIectio-

2126 1716 2308 1770 nibus.

2198 1810 2349 1863 Vers.
2390 1808 2477 1861 Η.
2514 1808 2654 1859 Adeo
2686 1817 2742 1859 ut
2771 1836 2841 1846 ——
2868 1820 3031 1872 supra
3055 1802 3291 1855 modum.
3329 1800 3719 1855 Admiraretur

2124 1900 2403 1969 quomodo
2444 1900 2850 1953 demonstraret
2906 1903 3114 1948 tantam
3184 1891 3714 1946 mansuetudinem:

2125 1991 2428 2058 quomodo,
2461 2005 2584 2043 cum
2617 1987 2949 2056 respondere
2984 1985 3427 2055 possetillosque
3482 1983 3722 2038 coniun-

2126 2085 2277 2147 dcre,
2318 2082 2629 2136 voluntarie
2655 2081 2844 2134 sileret
2884 2094 2949 2132 ac
2976 2079 3300 2132 sustineret.

2202 2174 2355 2229 Vers.
2396 2176 2481 2229 15.
2520 2172 2584 2226 1η
2618 2176 2746 2245 festo
2780 2180 2961 2226 autem
2991 2202 3060 2213 -
3090 2169 3247 2225 Vers.
3284 2170 3371 2223 l7.
3409 2167 3656 2224 Christus
3695 2171 3719 2222 2

2128 2272 2186 2324 In
2222 2269 2361 2325 festo
2391 2268 2614 2321 Pascha
2652 2267 2929 2319 videlicet.
2966 2264 3218 2318 Aitcnim
3241 2263 3485 2317 Joannes
3515 2262 3723 2316 dixisse

2132 2362 2363 2416 Pilatum
2392 2380 2406 2415 :
2450 2359 2542 2413 Est
2576 2369 2754 2411 autem
2793 2357 3115 2411 consuetudo
3136 2357 3302 2418 vobis,
3333 2365 3386 2407 ut
3415 2372 3579 2408 unum
3621 2357 3722 2408 ab-

2132 2456 2334 2510 solvam
2364 2454 2507 2508 vobis
2538 2454 2592 2507 in
2616 2452 2919 2506 Pascha".
2974 2449 3048 2504 De
3079 2449 3323 2502 Barabba
3363 2464 3492 2503 vero
3546 2448 3726 2502 mani-

2133 2550 2328 2606 festius
2353 2550 2486 2604 dicit
2518 2547 2694 2602 Lucas
2710 2546 2881 2616 quod,
2914 2555 3141 2616 propter
3166 2544 3495 2599 seditionem
3531 2559 3726 2612 quam-

2130 2648 2255 2701 dam
2285 2646 2483 2699 iactam
2510 2648 2564 2696 in
2594 2642 2815 2697 civitate
2856 2649 2913 2695 et
2936 2640 3167 2703 caedem,
3198 2639 3489 2705 coniectus
3520 2649 3640 2692 erat
3671 2638 3725 2715 in

2129 2754 2406 2795 carcerem
2448 2738 2513 2790 “.
2540 2734 2751 2790 Pilatus
2781 2748 2914 2803 ergo
2944 2748 3070 2788 cum
3105 2746 3219 2785 non
3244 2740 3431 2801 posset
3465 2726 3727 2799 tanquam

2132 2835 2485 2889 innocentem
2514 2831 2750 2886 liberare
2773 2820 3078 2891 Christum,
3107 2823 3341 2879 tentavit
3381 2839 3507 2878 eum
3536 2825 3728 2878 saltem

2134 2938 2195 2982 ut
2240 2926 2452 2997 judicio
2483 2927 2805 2980 damnatum
2838 2922 3047 2977 donare
3083 2920 3263 2989 ipsum
3315 2918 3482 2973 lesto.

2213 3108 2367 3162 \‘ers.
2437 3106 2525 3161 18.
2567 3103 2773 3160 Sciebat
2805 3120 3030 3157 ——eum.
3076 3100 3304 3156 Sciebat
3342 3101 3466 3165 hoc,
3519 3110 3572 3155 et
3606 3116 3736 3170 spe-

438 3191 629 3255 οὐκρν
657 3196 1043 3265 προτιμήσωσι
1073 3198 1166 3246 τὸν
1194 3196 1526 3265 ἀνδροφόνον
1580 3195 1896 3267 Βαραϐϐᾶν.
1929 3202 2029 3250 Διὰ
2061 3210 2103 3266 c
2138 3217 2185 3254 ra

1986 3203 2029 3250 ὰ
2061 3210 2103 3266 c
2138 3202 2293 3255 rabat
2321 3199 2466 3269 quod
2500 3210 2850 3266 nequaquam
2886 3199 3279 3265 praeponerent
3305 3190 3355 3245 ei
3399 3190 3733 3244 homicidam

438 3288 598 3336 τοῦτο
632 3287 814 3337 τοίνυν
864 3286 1154 3357 θαρῤήσας·
1187 3291 1389 3360 ἐρωτᾷ,
1442 3290 1583 3342 Τίνα
1624 3289 1832 3344 θέλετε
1878 3292 2028 3345 ἀπο-

440 3381 617 3432 λύσω
645 3378 791 3447 ὑμῖν
821 3396 839 3443 ;
873 3380 961 3442 Ὠς
990 3381 1046 3433 δὲ
1080 3380 1229 3447 λέγει
1263 3382 1515 3451 Μάρκος,
1544 3383 1652 3450 πρὸ
1677 3384 1779 3453 τῆς
1819 3385 2033 3454 ἐρωτή-

443 3486 580 3533 σεως
611 3472 925 3542 ἀναϐοήσας
970 3476 996 3525 ὁ
1026 3472 1204 3543 ὄχλος,
1241 3472 1447 3543 ἠρξατο
1500 3474 1795 3540 αἰτεῖσθαι,
1851 3474 2035 3538 καθὼς

442 3569 530 3620 ἀεὶ
569 3557 743 3619 ἐποίει
780 3570 987 3631 αὐτοῖς,
1043 3569 1236 3637 ἤγουν,
1286 3568 1558 3621 αἰτεῖσθαι
1596 3568 1709 3639 (ιϐ)
1750 3570 2032 3636 γενέσθαι.

444 3656 555 3712 Ἠν
587 3661 640 3712 δὲ
686 3662 718 3730 ή
756 3662 976 3728 αἴτησις
1028 3663 1158 3730 περὶ
1192 3660 1287 3712 τοῦ
1324 3660 1597 3713 ἀπολύσαι
1640 3661 1737 3713 ἕνα
1764 3661 1843 3730 τῷ
1895 3661 2040 3731 ὄχλῳ

442 3755 687 3823 δέσμιον,
722 3754 887 3805 Ὅθεν
915 3752 1256 3824 δραξάμενος
1307 3755 1566 3825 ἀφορμῆς
1594 3757 1622 3806 ὁ
1657 3755 1910 3820 Πιλᾶτος,
1942 3758 2040 3808 ἐπ-

444 3854 753 3922 εχείρησεν,
785 3852 859 3913 ὡς
892 3855 1132 3922 εἴρηται,
1166 3854 1259 3905 καὶ
1294 3852 1571 3924 ἠρώτησε.

517 4035 875 4104 Καθημένου
905 4067 973 4077 ——
1012 4038 1219 4090 αὐτόν.
1268 4037 1456 4099 Ἀὐτὸς
1504 4040 1602 4107 μέν
1636 4040 1735 4091 οὐκ
1786 4042 1899 4110 (l7)
1932 4038 2041 4094 εἶδε

445 4130 689 4183 coro-310‘;
745 4131 965 4201 διαρκῆ
1013 4132 1086 4193 ὡς
1120 4133 1365 4198 ἀνάξιος,
1409 4134 1439 4203 ἢ
1478 4135 1561 4187 ὅτι
1609 4135 1805 4205 ἔμελλε
1854 4140 2039 4207 σιγᾷν,

447 4222 523 4285 ὼς
552 4222 769 4292 κριτὴς,
822 4224 853 4292 ἦ
883 4225 965 4275 ὅτι
1001 4224 1231 4292 ἔμελλεν
1268 4225 1647 4289 ἀπιστεῖσθαι,
1681 4228 1756 4289 ὠς
1810 4228 2044 4281 πλαττό-

452 4333 617 4386 μενος
676 4316 839 4377 αὺτὸς
894 4317 1036 4387 πρὸς
1097 4317 1159 4369 τὸ
1215 4319 1421 4383 ἐξελεῖν
1484 4321 1671 4374 αὐτόν.
1718 4320 1781 4372 Ἢ
1817 4322 1950 4390 γυνὴ
1985 4322 2042 4373 δὲ

452 4408 641 4476 βλέπει
672 4410 895 4477 μᾶλλον,
924 4410 1000 4473 ὡς
1031 4412 1158 4476 ἀξία
1212 4413 1309 4463 καὶ⁹
1362 4411 1439 4475 ὡς
1490 4414 1846 4485 πιθανωτέρα
1901 4418 2043 4485 πρ⁵ις

448 4502 576 4562 τοὺς
621 4502 937 4567 Ἰουδαίους,
1002 4505 1090 4557 ἵνα
1143 4505 1219 4567 ὡς
1265 4506 1569 4575 ἁνυπόπτῳ
1605 4508 1785 4579 ταύτῃ
1821 4509 2042 4560 πιστεύ-

2137 3294 2465 3348 Barabbam.
2495 3289 2725 3360 Propter
2754 3289 2863 3344 hoc
2889 3302 3019 3359 ergo
3049 3296 3271 3357 sumpta
3304 3284 3502 3340 ﬁducia
3558 3284 3736 3339 inter-

2139 3392 2331 3453 rogat:
2366 3381 2533 3447 Quem
2564 3380 2723 3435 vultis
2766 3378 3043 3433 absolvam
3068 3379 3209 3432 vobis
3247 3380 3272 3433 ?
3312 3376 3385 3431 Ut
3435 3386 3621 3430 autem
3655 3375 3741 3429 di-

2138 3477 2213 3530 cit
2250 3476 2487 3540 Marcus,
2516 3484 2644 3530 ante
2673 3471 3165 3540 interrogationem
3203 3485 3330 3524 cum
3380 3468 3744 3524 acclamasset

2140 3571 2299 3625 turba
2318 3571 2489 3640 carpit
2526 3580 2735 3639 petere,
2776 3568 2921 3623 sicut
2947 3582 3177 3637 semper
3213 3563 3457 3619 faciebat
3490 3565 3573 3619 eis
3603 3582 3617 3619 :
3648 3580 3745 3633 pe-

2142 3674 2259 3718 tere
2287 3663 2541 3717 videlicct
2586 3672 2645 3716 ut
2677 3663 2835 3716 lieret
2868 3662 2986 3731 (uu)
3040 3662 3185 3715 sicut
3239 3675 3461 3729 semper
3510 3658 3748 3713 faciebat

2142 3758 2224 3812 eis
2265 3757 2328 3809 ".
2364 3758 2494 3811 Erat
2524 3764 2710 3811 autem
2743 3755 2966 3825 petitio,
3006 3763 3065 3809 ut
3108 3769 3252 3808 unus
3299 3769 3366 3805 ex
3403 3738 3608 3807 vinctis
3642 3752 3746 3806 ab.

2144 3853 2453 3906 solveretur
2485 3851 2677 3903 turbae.
2714 3847 2870 3903 Unde
2904 3857 3100 3901 nactus
3128 3844 3477 3900 occasionem
3513 3842 3743 3913 Pilatus,

2147 3947 2396 4006 tentavit,
2426 3954 2487 3999 ut
2528 3946 2737 3999 dictum
2763 3952 2869 4007 est,
2898 3949 2953 3996 et
2982 3939 3364 4010 interrogavit.

2224 4040 2375 4094 Vers.
2418 4038 2504 4091 l9.
2542 4037 2772 4092 Sedente
2808 4066 2876 4075 —
2912 4036 3109 4104 ipsum.
3146 4033 3263 4104 Ipse
3294 4034 3515 4102 quidem
3548 4036 3746 4107 hujus-

2147 4134 2291 4188 modi
2318 4133 2597 4187 somnium
2629 4146 2741 4185 non
2777 4130 3011 4192 viderat,
3047 4129 3136 4182 vel
3166 4138 3428 4197 tanquam
3468 4129 3749 4199 indignus,

2147 4229 2229 4282 vel
2274 4228 2403 4298 quia
2450 4226 2722 4281 taciturus
2757 4224 2977 4288 luisset,
3025 4232 3215 4292 utpote
3266 4221 3566 4291 judex,vel
3619 4222 3755 4291 quia

2149 4324 2285 4377 ﬂdcs
2316 4323 2366 4377 ei
2398 4320 2643 4375 adhibita
2679 4333 2789 4371 non
2828 4318 3043 4379 luisset,
3080 4316 3237 4385 quasi
3275 4316 3327 4369 id
3358 4316 3426 4369 ad
3454 4331 3579 4369 eum
3615 4316 3757 4371 libe-

2149 4418 2381 4471 randum
2406 4413 2705 4485 ellingenti;
2737 4412 3084 4477 Uxorautem
3107 4412 3287 4479 potius
3316 4410 3484 4471 videt,
3520 4410 3605 4463 vel
3629 4421 3754 4464 tan-

2150 4527 2312 4581 quam
2339 4509 2588 4571 melior,v
2603 4507 2652 4562 el
2677 4516 2933 4575 tanquam
2968 4507 3109 4574 apud
3141 4503 3362 4558 Iuda-os
3385 4503 3491 4558 fide
3512 4503 3758 4575 dignior:

452 4610 647 4657 σαντες
682 4597 1162 4665 ἁναχαιτισθῶσιν.
1209 4600 1319 4650 Καὶ
1348 4601 1407 4651 οὐ
1443 4600 1634 4666 βλέπει
1675 4568 1861 4669 μόνον,
1908 4600 2045 4655 ἀλλὰ
2078 4568 2125 4627 D
2155 4568 2199 4656 ut

1997 4602 2045 4655 te
2078 4568 2125 4627 ί)
2155 4614 2210 4657 ιιι
2237 4602 2363 4656 huic
2393 4601 2549 4670 quasi
2587 4616 2697 4653 non
2738 4610 3009 4667 suspecta:
3062 4597 3225 4650 tidem
3262 4596 3552 4662 habentes,
3582 4599 3744 4650 rel‘re-

450 4694 546 4739 καὶ
579 4690 802 4758 πάσχει,
838 4693 1140 4756 τουτέστιν,
1174 4694 1449 4756 ὲτὰςεται,
1489 4694 1573 4746 ἵνα
1629 4696 1694 4763 τῇ
1724 4694 2047 4765 συμπαθείᾳ

452 4784 551 4849 τῆς
589 4782 850 4849 γυναικὸς
884 4787 911 4834 ὀ
938 4784 1082 4854 ἀνὴρ
1111 4785 1308 4852 αὐτῆς,
1346 4788 1438 4837 καὶ
1473 4786 1547 4855 μὴ
1575 4785 1924 4855 πειθομένων
1952 4788 2048 4841 αὖ·

2152 4707 2438 4749 narentur.
2471 4693 2582 4747 Nec
2602 4691 2750 4747 videt
2782 4686 2983 4756 Solum,
3022 4691 3116 4745 sed
3152 4701 3206 4745 et
3244 4690 3472 4760 patitur,
3508 4690 3615 4745 hoc
3647 4702 3757 4755 est,

2151 4798 2426 4844 tormento
2455 4787 2710 4851 allicitur,
2746 4796 2803 4841 ut
2822 4785 3009 4840 uxoris
3026 4785 3438 4855 compassione,
3460 4784 3566 4838 illis
3591 4785 3755 4839 etiam

453 4874 584 4937 τῶν,
619 4875 839 4945 κωλύσῃ
877 4877 973 4927 τὸν
1004 4879 1186 4945 φόνον.
1217 4879 1288 4930 Τὸ
1321 4879 1377 4929 δὲ
1434 4876 1641 4943 Μηδέν
1682 4894 1784 4932 σοι
1822 4879 1920 4931 καὶ
1970 4878 2051 4943 τῷ
2150 4901 2200 4937 ιιι

2010 4878 2051 4943 ᾧ
2150 4900 2261 4939 non
2284 4882 2786 4953 acquiescentibus,
2809 4882 2892 4935 vir
2909 4881 3033 4951 ejus
3052 4879 3368 4950 prohiberet
3386 4878 3592 4933 caadem
3620 4894 3632 4931 :
3656 4877 3757 4931 Ni-

452 4968 668 5031 δικαίῳ
726 4970 959 5039 ἐκείνῳ,
1007 4973 1129 5024 ἀντὶ
1181 4972 1296 5037 τοῦ,
1352 4974 1541 5039 Μηδέν
1592 4991 1674 5026 σοι
1721 4975 1817 5026 καὶ
1853 4974 2049 5044 ἐκείνῳ

454 5062 969 5133 ἀμφισϐητήσιμον,
1035 5065 1242 5134 ἀπέχου
1308 5066 1498 5120 αὑτοῦ.
1563 5068 1907 5138 Σημειωτέον
1968 5070 2047 5132 δὲ,

452 5156 631 5209 ὅτιτὸ
666 5158 936 5228 Σήμερον
985 5162 1080 5214 καὶ
1120 5163 1213 5215 ἐπὶ
1247 5163 1440 5227 νυκτὸς
1477 5162 1718 5232 λέγεται.

568 5304 608 5334 ³³
630 5304 787 5358 Joan.
817 5320 968 5369 xviii,
996 5305 1084 5361 59.
1205 5307 1245 5337 ”
1276 5306 1402 5363 Luc.
1431 5322 1583 5368 mu,
1615 5307 1698 5377 l9.

2156 4979 2229 5031 hil
2272 4979 2366 5030 tibi
2410 4994 2528 5031 cum
2556 4977 2703 5047 justo
2738 4976 2849 5041 illo,
2895 4976 3002 5029 hoc
3032 4984 3138 5039 est,
3175 4974 3313 5027 nihil
3348 4972 3755 5029 contentiosum

2161 5070 2232 5123 sit
2279 5070 2421 5123 inter
2456 5078 2509 5124 te
2538 5079 2593 5122 et
2632 5069 2805 5133 illum,
2840 5068 3059 5123 abstine
3135 5066 3201 5120 ab
3260 5065 3372 5120 illo.
3444 5064 3759 5118 Notandum

2163 5174 2246 5218 est
2280 5173 2465 5217 autem
2513 5163 2679 5232 ,quod
2706 5164 2951 5233 σήμερον
2976 5161 3211 5232 (hodie),
3237 5161 3302 5216 de
3339 5168 3500 5215 nocte
3534 5156 3761 5213 dicitur.

1818 5310 1859 5339 "
1902 5308 2065 5364 Marc.
2100 5327 2193 5376 xv,
2228 5308 2281 5362 8.

1670 5468 1865 5529 Varia:
1899 5467 2205 5531 lectiones
2242 5478 2303 5530 et
2335 5477 2527 5529 notae.

534 5592 644 5660 (ιι)
690 5596 872 5664 Ἡμῖν.
910 5595 966 5649 ιι.

536 5668 645 5729 (15)
687 5670 745 5720 Ἀ
757 5668 886 5720 πολύ
900 5684 1046 5735 ῦωμε
1058 5688 1102 5719 ν.
1134 5668 1191 5721 Β.

533 5739 645 5807 (Ιιὶ)
684 5739 788 5793 Pro
817 5734 1081 5793 \mzubult)
1112 5738 1387 5807 γενέσθαι,
1421 5738 1488 5802 Α,
1521 5734 1721 5807 repetit
1756 5737 1869 5791 hac
1898 5755 1911 5791 ε
1940 5737 2055 5789 Ka-

2169 5592 2275 5653 Θὼς
2308 5594 2393 5645 ἀεὶ
2432 5593 2604 5645 ἐποίει
2636 5594 2839 5655 αὐτοῖς.

2241 5666 2355 5733 (ιτ)
2386 5659 2529 5717 otes.
2565 5667 2629 5716 Α.

535 5898 646 5969 (nu)
688 5898 827 5968 Ergo
858 5898 1164 5954 llentrnius
1212 5908 1333 5967 post
1360 5901 1619 5965 γενέσθαι
1656 5900 1852 5956 iterum
1896 5896 2108 5953 invenit
2142 5894 2282 5950 καθὰ

1154 5917 1164 5954 ἱ
1212 5908 1333 5967 post
1360 5901 1619 5965 γενέσθαι
1656 5900 1852 5956 iterum
1896 5896 2108 5953 invenit
2142 5894 2327 5958 καθὼς
2362 5894 2451 5948 ἀεὶ
2484 5895 2655 5947 emis:
2694 5894 2901 5959 αὐτοῖς.

786 5995 1056 6055 ινιτίῖυι..
1102 5995 1214 6054 Gtt.
1254 5995 1515 6057 CXXEX.
