4424 6448
733 390 845 456 739

1996 380 2383 445 EUTH"UII
2420 377 2785 441 ZIGABENI

3927 357 4040 439 ita

738 510 832 562 lis.
875 505 1012 561 Nam
1066 504 1251 559 multa:
1296 503 1434 556 tales
1458 501 1657 557 similis
1711 510 1871 556 ciant
1905 501 2146 555 nominis
2191 498 2339 570 apud
2369 502 2414 557 Α
2442 497 2485 550 θη

2290 498 2339 553 id
2369 502 2414 557 Α
2442 496 2644 563 θητῶν.
2679 493 2881 550 Πολλαὶ
2921 492 3029 563 γὰρ
3077 494 3395 563 ὁμωνυμίαι
3447 492 3704 547 τοιαῦται
3734 492 3887 564 παρὰ
3923 498 4037 558 τοις

732 599 979 655 Juda'os.

818 688 1126 742 Verisimile
1174 696 1260 741 est
1300 695 1488 740 autem
1531 694 1665 741 tunc
1709 686 1805 743 Dei
1842 686 2071 742 Hatram
2107 684 2338 755 propin-

736 784 899 849 quius
924 782 1074 835 cruci
1107 781 1351 834 astitisse
1387 796 1549 849 quam
1569 791 1801 835 ceteras
1825 782 2086 835 mulieres
2119 796 2133 832 :
2168 778 2337 846 idque

734 873 1004 923 viscerum
1049 868 1482 923 inﬂammatione
1511 869 1586 937 (k)
1622 870 1937 926 Judzorum
1989 869 2247 923 vincente
2270 868 2339 921 ti-

735 976 943 1014 morem
983 979 996 1014 :
1033 960 1283 1013 lortassis
1306 976 1437 1015 vero
1462 961 1626 1016 etiam
1664 963 2006 1024 circumisse,
2040 976 2168 1015 cum
2206 975 2337 1029 pro-

735 1064 852 1121 pter
887 1062 1097 1105 natura:
1145 1055 1369 1107 aculeos
1402 1055 1469 1122 (ι)
1518 1059 1569 1107 in
1598 1055 1788 1109 eodem
1824 1056 1947 1107 loco
1970 1069 2195 1108 manere
2227 1067 2337 1106 non

732 1154 963 1214 posset:
1017 1147 1372 1214 postmodum
1455 1157 1644 1200 autem
1709 1147 1853 1216 apud
1910 1156 2337 1201 monumentum

737 1237 1011 1291 mansisse
1050 1248 1104 1290 et
1129 1239 1347 1305 singula
1385 1239 1760 1307 conspexisse.

802 1325 958 1389 Quod
985 1328 1029 1379 si
1067 1327 1171 1379 hoc
1206 1329 1523 1394 recipimus,
1556 1329 1913 1397 qua-rendum
1936 1339 2040 1395 cst,
2064 1328 2340 1398 quomodo

735 1416 913 1483 ipsius
961 1431 1069 1468 non
1120 1417 1494 1470 meminerunt
1527 1418 1918 1488 Evangelistae?
1971 1418 2107 1483 Quia
2165 1417 2232 1471 de
2277 1431 2340 1469 ea

733 1518 926 1561 notuiu
962 1516 1103 1567 erat.
1158 1508 1305 1575 quod
1353 1507 1617 1571 adfuerit,
1666 1518 1729 1567 et.
1762 1526 1883 1578 qua:
1929 1520 2166 1562 matrum
2213 1514 2341 1561 sunt

734 1598 1225 1650 deinonstraverit.
1263 1596 1501 1665 Ideoque
1530 1612 1708 1665 neque
1747 1598 2024 1665 planctum
2054 1599 2171 1666 ejus
2206 1598 2342 1649 seri-

2455 589 2758 651 Ἰουδαίοις.

2517 679 2681 741 Εἰκὸς
2710 678 2768 731 δὲ
2801 678 2922 730 τότε
2968 677 3069 746 μὲν
3108 677 3210 746 τὴν
3249 676 3524 737 Θεοτόκον
3563 677 3856 746 ἐγγυτέρω
3888 679 4041 745 παρὰ

2441 769 2538 832 τὰς
2569 769 2736 830 ἄλλας
2792 768 3051 820 ἵστασθαι
3098 768 3388 833 γυναῖκας,
3418 766 3517 836 τῆς
3569 766 3887 836 φλεγμονῆς
3935 767 4042 818 τῶν

2445 859 2776 929 σπλάγχνων
2811 856 3054 928 νικώσης
3101 858 3194 909 τὸν
3228 857 3395 926 φόϐον
3425 855 3536 911 τῶν
3570 856 3875 911 Ἰουδαίων·
3912 856 4041 918 toto,

2442 951 2499 1003 δὲ
2527 952 2621 1004 καὶ
2675 950 3098 1020 περιέρχεσθαι,
3142 948 3216 1018 μὴ
3246 949 3559 1019 δυναμένην
3599 951 3686 1017 ἔφ’
3720 948 3843 1012 ἑνὸς
3875 949 4043 1001 τόπου

2446 1044 2631 1113 μένειν
2671 1041 2760 1095 διὰ
2781 1041 2850 1093 τὰ
2868 1042 3072 1109 κέντρα
3102 1041 3201 1109 τῆς
3227 1038 3444 1107 φύσεως
3484 1054 3500 1070 ο
3536 1040 3763 1109 ὓστερον
3786 1038 3843 1091 δὶ
3872 1055 4042 1108 παρα·

2446 1134 2633 1204 μένειν
2668 1133 2747 1205 τῷ
2771 1133 3050 1204 μνημείῳ.
3084 1134 3180 1186 καὶ
3209 1133 3343 1202 ὁρᾷν
3376 1132 3610 1185 ἓκαστα.

2517 1316 2630 1370 Καὶ
2659 1318 2707 1369 εί
2746 1315 2905 1369 τοῦτο
2931 1314 3222 1384 δεξόμεθα,
3264 1316 3557 1383 ζητητέον,
3593 1314 3710 1377 πῶς
3733 1315 3838 1368 οὐκ
3868 1314 4045 1385 ῐμνη-

2447 1410 2721 1478 μόνευσαν
2770 1410 2942 1476 αὐτῆς
2970 1410 3019 1460 oi
3053 1408 3490 1474 εὐαγγελισταίς
3547 1408 3694 1459 Διότι
3767 1407 4047 1476 γνώριμον

2442 1496 2511 1569 ἦν
2554 1502 2681 1570 περὶ
2748 1501 2921 1570 αὐτῆς
2970 1501 3054 1553 ὅτι
3121 1501 3342 1563 πάντως
3402 1501 3611 1569 παρῆν,
3674 1502 3769 1554 καὶ
3820 1502 3892 1553 τὰ
3942 1520 4050 1570 μη-

2442 1594 2618 1663 τέρων
2673 1596 3053 1648 ἐπεδείκνυτο.
3118 1595 3218 1647 Διὰ
3279 1594 3441 1647 τοῦτο
3504 1597 3615 1663 γὰρ
3672 1596 3797 1647 οὐδὲ
3851 1596 4051 1662 θρῆνον

733 1699 969 1757 ρειιι-υιιι
1008 1707 1021 1740 :
1055 1689 1276 1742 abunde
1306 1690 1450 1742 enim
1477 1688 1861 1743 satisfecerunt
1894 1690 2337 1757 pronuntiantes,
2443 1705 2476 1740 α

2303 1703 2337 1751 3,
2443 1688 2612 1754 αὐτῆς
2669 1688 2990 1758 ἱστόρησαν.
3061 1688 3351 1756 Ἐφθασαν
3414 1688 3526 1756 γὰρ
3613 1688 4050 1753 ἀπαγγείλαντεξ

734 1780 880 1848 quod
911 1781 1082 1833 tilium
1129 1781 1421 1833 docentem
1479 1781 1837 1849 sequebatur.
1889 1764 2119 1847 Oportet
2155 1791 2337 1832 autem
2443 1779 2481 1831 ὃ·

2305 1794 2337 1830 n
2443 1779 2526 1831 ὃτι
2562 1779 2855 1846 ἠκολούθει
2891 1778 3003 1849 (61)
3054 1779 3131 1849 τῷ
3164 1780 3270 1849 υἱῷ
3302 1779 3635 1831 διδάσκοντι.
3684 1778 3808 1847 Χρὴ
3840 1776 3918 1835 δὲ,
3956 1778 4048 1827 καί

734 1881 790 1924 et
824 1872 926 1925 huc
953 1880 1008 1923 et
1042 1871 1170 1923 illud
1208 1870 1371 1933 scire,
1426 1870 1684 1939 quodque
1723 1880 1937 1924 natura:
1997 1869 2341 1926 conformius
2380 1849 2416 1905 ’ί
2447 1890 2478 1924 τ

2301 1887 2341 1924 Is
2380 1849 2416 1905 ’ί
2447 1871 2613 1925 τοῦτο
2667 1875 2895 1927 κάκεῖνο
2946 1873 3267 1937 γινώσκειν,
3331 1874 3424 1924 καὶ
3481 1873 3543 1924 τὸ
3602 1871 4048 1940 προσφυέστερον

733 1971 816 2015 est
853 1962 1152 2028 suscipere.
2450 1963 2480 2015 ἀ

1095 1977 1152 2014 ὀ.
2450 1963 2842 2033 ἀποδέχεσθαι.

804 2052 1019 2108 Marcus
1049 2069 1176 2109 vero
1206 2055 1281 2108 ait
1317 2072 1329 2108 :
1363 2054 1533 2109 Erant
1566 2064 1744 2108 autem
1773 2066 1819 2108 et
1854 2055 2103 2108 mulieres
2136 2056 2342 2108 eminus
2524 2059 2551 2110 λ

2302 2072 2342 2108 ιε
2524 2056 2756 2127 Μάρκος
2783 2057 2840 2110 δέ
2876 2073 3044 2127 φησιν
3070 2076 3083 2086 ·
3138 2051 3345 2109 Ἠσαν
3368 2055 3437 2107 δὲ
3463 2054 3566 2105 καὶ
3596 2054 3881 2121 γυναῖκες
3930 2052 4049 2104 ἀπὸ

743 2146 1062 2212 aspicientes
1092 2147 1157 2211 ⁸³,
1203 2150 1341 2199 inter
1376 2160 1512 2216 quas
1541 2157 1659 2200 erat
1705 2146 1869 2199 Maria
1919 2147 2254 2217 Magdaleue,
2288 2155 2344 2201 et
2446 2168 2490 2218 μ

2300 2155 2344 2201 et
2446 2153 2754 2220 μακρόθεν
2782 2148 3134 2217 θεωροῦσαι,
3162 2151 3219 2201 ὲν
3252 2142 3339 2210 αἷς
3370 2144 3437 2217 ἦν
3471 2148 3565 2198 καὶ
3601 2147 3793 2214 Μαρία
3821 2147 3851 2213 ἡ
3887 2146 4047 2210 Μαγ-

731 2237 904 2292 Μπὶο
932 2236 1120 2297 Jacobi
1159 2239 1319 2291 Parvi
1354 2249 1408 2292 et
1433 2237 1561 2291 Jose
1608 2250 1805 2302 mater,
1845 2251 1899 2293 ct
1924 2239 2160 2293 Salome.
2192 2238 2344 2293 lianc
2449 2243 2478 2296 δ

2304 2254 2344 2293 ic
2449 2243 2679 2311 δαληνὴ,
2719 2242 2813 2294 καὶ
2859 2241 3050 2308 Μαρία
3084 2242 3114 2308 ἡ
3154 2238 3250 2292 τοῦ
3294 2238 3553 2291 Ἰακώϐου
3581 2236 3676 2289 τοῦ
3705 2235 3923 2305 Μικροῦ
3961 2237 4051 2287 καὶ

732 2342 918 2387 autem
960 2331 1217 2387 Salomen
1277 2332 1498 2400 quidam
1546 2349 1666 2384 eam
1718 2348 1840 2385 esse
1875 2333 2155 2395 dixerunt,
2220 2348 2343 2401 qua:

729 2425 874 2494 apud
908 2422 1221 2478 Matthamin
1250 2421 1455 2477 dicitur
1492 2432 1666 2475 mater
1698 2421 1930 2476 ﬁliorum
1958 2420 2229 2476 Zebedzei.

843 2626 1000 2683 CAP.
1024 2626 1261 2681 LXVIII.
1295 2625 1372 2680 De
1410 2627 1662 2695 petitione
1691 2628 1927 2695 corporis
1956 2626 2197 2683 Domini.

802 2809 962 2863 Vers.
988 2809 1080 2863 57.
1113 2807 1247 2863 Cum
1287 2825 1405 2861 sero
1456 2818 1635 2862 autem
1693 2812 1893 2879 factum
1946 2817 2078 2861 esset
2104 2805 2339 2863 --Jesu.

744 2905 991 2959 Joannes
1030 2917 1161 2957 vero
1185 2903 1348 2955 etiam
1382 2902 1486 2954 alia
1512 2902 1760 2970 quaedam
1802 2902 2117 2970 priusquam
2144 2901 2207 2954 ad
2243 2902 2341 2954 IlO-

2464 2332 2625 2403 ⁹Ῑωσῆ
2656 2336 2863 2404 μήτηρ.
2898 2334 2993 2385 καὶ
3025 2332 3286 2402 Σαλώμη.
3348 2331 3575 2399 Ταύτην
3622 2329 3677 2381 δὲ
3712 2332 3811 2399 τὴν
3872 2329 4051 2381 Σαλώο

2454 2442 2565 2493 μην
2620 2425 2764 2486 τινὲς
2838 2420 2997 2476 εῐπον
3064 2419 3213 2477 εἶναι
3267 2426 3367 2493 τὴν
3432 2424 3584 2494 παρὰ
3637 2416 3724 2492 ’τῷ
3784 2422 4052 2489 Ματ.ἀί‹ρ

2454 2517 2723 2588 ῥηθεῖσαν
2767 2518 2983 2587 μητέρα
3013 2517 3123 2571 τῶν
3160 2518 3294 2569 υἱῶν
3326 2517 3641 2571 Ζεϐεδαίου.

2454 2631 2613 2685 ΚΕΦ.
2668 2630 2795 2684 HE'.
2838 2631 2976 2699 Περὶ
3004 2630 3115 2699 τῆς
3142 2632 3445 2757 ἰὶίττίσξως
3474 2630 3582 2683 τοῦ
3621 2629 3899 2699 σώματος
3948 2629 4052 2683 τιῦ

3192 2719 3373 2757 πσου.

3192 2719 3373 2769 ησου.

2538 2800 2751 2868 Ὀψίας
2782 2798 2851 2851 δὲ
2892 2797 3220 2882 γενομένης
3267 2827 3335 2837 -
3394 2797 3621 2863 Ἰησοῦ.
3666 2796 3726 2850 '0
3765 2798 3819 2849 δὲ
3867 2796 4052 2849 Ἰωάν-

2451 2912 2547 2963 νης
2575 2894 2667 2947 καὶ
2692 2894 2849 2953 ἄλλα,
2884 2892 2990 2961 πρὸ
3022 2891 3115 2944 τοῦ
3144 2890 3321 2943 ἐλθεῖν
3360 2891 3581 2953 nam,
3634 2890 3946 2959 ἱστόρησεν,
3988 2892 4050 2942 Οἱ

729 3014 851 3051 rum
882 2996 1171 3049 accederet
1204 2996 1577 3048 narrationem
1617 2995 1839 3063 scripsit
1888 2995 2079 3048 dicens
2124 3013 2137 3048 :
2170 2995 2341 3065 Igitur
2449 3004 2476 3039 ο

2301 3014 2341 3047 ιτ
2449 2982 2565 3040 οὖν
2588 2986 2891 3053 Ἰουδαῖοι,
2925 2986 3124 3052 λέγων,
3154 2986 3255 3039 ἵνα
3275 2987 3363 3054 μὴ
3384 2989 3562 3053 μείνῃ
3608 2985 3707 3039 ἐπὶ
3730 2984 3839 3039 τοῦ
3866 3002 4048 3039 Graii.

723 3089 904 3143 λιιάωί
936 3104 1003 3140 ne
1027 3097 1362 3140 remanerent
1393 3089 1446 3139 in
1485 3102 1639 3139 cruce
1663 3103 1888 3153 corpora
1922 3087 2180 3149 Sabbato,
2212 3091 2339 3153 quia
2442 3097 2470 3146 ί

2297 3091 2339 3141 ῖα
2442 3079 2556 3146 poi:
2581 3079 2913 3146 τὰσώματα
2950 3080 3020 3130 ἐν
3051 3078 3130 3142 τῷ
3166 3080 3467 3143 Σαϐϐάτῳ,
3525 3081 3626 3132 ἐπὶ
3681 3081 4044 3148 Παρασκευὴ

732 3179 1030 3232 Parasceve
1059 3187 1174 3229 erat
1212 3178 1278 3240 ",
1315 3186 1447 3239 etc.,
1510 3179 1575 3229 de
1604 3192 1827 3230 crurum
1892 3178 2165 3230 latronum
2207 3193 2336 3231 con-
2370 3215 2415 3274 Ο
2448 3168 2479 3241 ἦ

2295 3195 2336 3230 ι.
2370 3215 2415 3274 C
2448 3168 2550 3241 ἦν,
2604 3171 2699 3223 καὶ
2752 3172 2821 3223 τὰ
2859 3169 3021 3238 ἑξῆς·
3063 3169 3191 3242 περί
3253 3188 3313 3222 τε
3373 3171 3473 3238 τῆς
3528 3172 3843 3235 κατεάξεως
3933 3173 4042 3224 τῶν

729 3272 1016 3329 irai-tione,
1056 3280 1109 3322 et
1138 3269 1205 3322 de
1236 3266 1522 3338 apertione
1552 3266 1740 3322 lateris
1778 3266 2017 3321 Domini.
2052 3267 2209 3321 llunc
2234 3285 2336 3321 au-

735 3373 843 3415 tem
875 3361 1079 3430 Josepb
1112 3358 1330 3412 Marcus
1361 3358 1654 3413 honestum
1689 3369 2003 3413 senatorem
2034 3360 2338 3429 scripsit",

730 3467 794 3506 ac
824 3461 1238 3521 exspectantem
1285 3465 1517 3520 regnum
1552 3448 1670 3504 Dei.
1730 3450 2035 3505 Honestum
2090 3452 2337 3521 quidem,

737 3555 929 3611 utpote
983 3559 1202 3614 gravem
1262 3555 1316 3596 et
1370 3543 1684 3597 modestum
1739 3562 1752 3596 :
1814 3554 2128 3599 senatorem
2184 3561 2336 3607 vero,

726 3651 925 3709 nempe
995 3650 1165 3688 unum
1228 3644 1552 3688 senatorum
1614 3634 2089 3690 civitatiszerant
2155 3646 2337 3691 autem

728 3738 1018 3782 senatores
1038 3727 1392 3789 decuriones,
1420 3727 1746 3790 consiliarii,
1778 3743 1840 3781 ac
1860 3728 2119 3783 oﬂicialcs
2146 3732 2333 3783 curiaz.

734 3819 1081 3889 Exspectans
1129 3820 1261 3872 item
1314 3835 1543 3890 regnum
1579 3819 1693 3884 Dei,
1735 3824 1879 3890 quod
1910 3822 2164 3877 videlicet
2193 3825 2335 3877 circa

719 3914 1024 3967 secundum
1064 3911 1286 3966 Domini
1321 3914 1619 3967 adventum
1657 3913 1903 3968 futurum
1952 3926 2090 3969 erat.
2164 3915 2337 3970 Lucas

720 4014 905 4057 autem
965 4003 1142 4056 virum
1167 4004 1378 4072 justum
1413 4012 1469 4057 et
1498 4004 1703 4059 bonum
1736 4020 1863 4059 eum
1928 4007 2240 4059 nominavit
2264 4008 2331 4071 τί,

721 4106 778 4149 et
808 4095 954 4165 quod
989 4109 1097 4149 non
1139 4105 1501 4149 consenserat
1542 4096 1777 4149 consilio
1808 4112 1871 4152 ac
1921 4097 2069 4151 facto
2109 4097 2332 4152 ,Ιυάωο-

722 4206 846 4244 rum
880 4210 890 4242 :
927 4190 1199 4243 oriundus
1228 4191 1296 4243 ab
1326 4190 1662 4243 Ariiuathaaa
1709 4191 1931 4245 civitate
1988 4189 2330 4246 Judazorum.

718 4279 962 4333 Joannes
993 4295 1123 4334 vero
1165 4280 1501 4346 discipulum
1548 4280 1770 4347 quidem
1822 4295 1947 4333 eum
1978 4279 2148 4333 fuisse
2200 4281 2333 4334 dicit

716 4372 849 4427 Jesu
871 4374 939 4436 ⁷⁸,
975 4374 1253 4428 occultum
1287 4388 1470 4425 au.em
1505 4382 1729 4441 propter
1757 4383 1965 4426 metum
1990 4371 2329 4440 Judteorum,

718 4482 773 4525 et
808 4478 927 4524 erat
959 4485 1025 4523 ex
1060 4469 1412 4539 septuaginta
1444 4466 1754 4536 discipulis.

794 4666 949 4721 \‘ers.
982 4667 1074 4719 58.
1115 4665 1215 4718 Hic
1240 4696 1312 4707 --
1354 4683 1544 4736 corpus
1572 4664 1723 4719 Jesu.
1780 4668 1856 4721 lio
1879 4669 2023 4737 quod
2061 4670 2134 4723 illi
2168 4680 2331 4729 notus

717 4769 886 4811 eSset.
947 4758 1166 4811 Marcus
1196 4774 1325 4812 vero
1349 4758 1485 4811 dicit
1511 4757 1655 4826 quod
1698 4768 1917 4827 sumpta
1952 4761 2183 4815 audacia
2242 4762 2329 4817 in-

718 4866 939 4921 gressus
994 4852 1176 4904 estad
1210 4848 1470 4915 Pilatum,
1532 4859 1587 4904 et
1636 4850 1793 4920 petiit
1847 4867 2051 4923 corpus
2104 4856 2322 4912 Jesu".

822 4993 866 5024 “
904 4991 1071 5048 Marc.
1102 5010 1193 5054 xv,
1228 4993 1319 5048 40.

714 5063 758 5095 τ’
790 5063 961 5118 Marc.
992 5080 1081 5129 xv,
1122 5065 1212 5119 45.

1436 4992 1479 5023 ⁶⁹
1505 4990 1664 5046 Joan.
1718 5007 1830 5059 xu,
1884 4992 1974 5047 5i.

2090 4996 2134 5028 ⁷⁸
2175 4997 2343 5057 Marc.
2387 5020 2479 5067 xv,
2534 4999 2623 5056 45.

2449 3265 2663 3317 σκελῶν
2722 3265 2835 3317 τῶν
2894 3262 3137 3335 λῃστῶν,
3215 3264 3312 3316 καὶ
3384 3265 3654 3333 περὶτῆς
3706 3266 3911 3329 νυξεως
3950 3267 4049 3334 τῆς

2445 3360 2690 3428 πλευρᾶς
2728 3356 2822 3410 τοῦ
2856 3358 3087 3426 Κυρίου.
3128 3358 3335 3409 Τοῦτον
3358 3357 3413 3408 δὲ
3446 3358 3537 3410 τὸν
3579 3360 3781 3427 Ἰωσὴφ
3833 3363 3857 3412 ὀ
3891 3362 4046 3430 Μὰρ-

2444 3468 2539 3513 κος
2587 3452 2903 3520 εὐσχήμονι
2953 3450 3250 3520 βουλευτὴν
3300 3449 3604 3520 ἀνάγραφε,
3652 3453 3749 3505 καὶ
3811 3454 4042 3523 πρεησεεο

2444 3545 2677 3614 χὸμενον
2695 3546 2795 3614 τὴν
2819 3544 3101 3613 βασιλείαν
3134 3545 3229 3597 τοῦ
3263 3546 3425 3602 Θεοῦ.
3456 3548 3791 3618 Εὐσχήμονα
3823 3548 3943 3615 μὲν,
3971 3548 4046 3608 ὡς

2444 3636 2643 3706 σεμνὸν
2665 3641 2761 3690 καὶ
2791 3638 3021 3707 κόσμιον
3044 3654 3057 3668 ·
3098 3637 3397 3709 βουλευτὴν
3433 3640 3510 3701 δὲ,
3544 3642 3619 3704 ὡς
3645 3641 3743 3693 ἕνα
3786 3641 3895 3692 τῶν
3924 3639 4047 3708 βου-

2442 3730 2652 3783 λευτῶν
2678 3729 2779 3797 τῆς
2809 3730 3019 3795 πόλεως
3042 3748 3055 3760 ·
3088 3732 3433 3800 ὀφφικιάλιοι
3466 3734 3521 3785 δὲ
3552 3728 3694 3798 ἦσαν
3746 3736 3794 3785 oi
3824 3733 4046 3801 βουλει-

2439 3823 2531 3877 ταί
2556 3838 2568 3852 ⁸
2602 3824 3042 3894 προσδεχόμενον
3070 3825 3126 3877 δὲ
3173 3827 3276 3895 τὴν
3308 3826 3592 3895 βασιλείαν
3626 3826 3723 3878 τοῦ
3758 3827 3917 3885 Θεοῦ,
3947 3827 4046 3895 τὴν

2445 3918 2771 3985 μέλλουσαν,
2835 3921 2933 3989 τὴν
2970 3921 3111 3973 κατὰ
3146 3921 3259 3991 (64)
3301 3921 3401 3991 τὴν
3456 3922 3768 3991 παρουσίαν
3790 3924 3887 3992 τὴν
3920 3923 4047 3975 δευ-

2440 4014 2609 4082 τέραν
2661 4014 2756 4066 τοῦ
2815 4014 3081 4083 Χριστοῦ.
3138 4016 3358 4076 Λουκᾶς
3391 4015 3446 4067 δὲ
3480 4014 3652 4083 ἄνδρα
3695 4016 3901 4080 ἀγαθὴν
3950 4015 4045 4066 καὶ

2439 4110 2655 4161 δίκαιον
2725 4108 2891 4162 αὐτὸν
2929 4108 3208 4177 ὠνόμασε,
3243 4109 3337 4161 καὶ
3396 4109 3473 4178 μὴ
3534 4109 4046 4175 συγκατατεθειμέ-

2439 4220 2530 4255 νον
2557 4204 2672 4271 (95)
2698 4205 2762 4272 τῇ
2802 4202 2967 4272 βουλῇ
2996 4204 3088 4254 καὶ
3120 4205 3186 4271 τῇ
3225 4199 3422 4271 πράξει
3446 4200 3557 4253 τῶν
3580 4201 3883 4267 Ἰουδαίων,
3937 4202 4045 4252 ἀπὸ

2449 4296 2843 4366 Ἁριμαθαίας,
2897 4296 3111 4357 πόλεως
3153 4296 3264 4346 τῶν
3308 4294 3605 4347 Ἰουδαίων.
3684 4295 3939 4365 Ἰωάννης
3989 4294 4045 4346 δὲ

2439 4390 2695 4460 μαθητὴν
2724 4391 2825 4459 μὲν
2866 4389 3032 4441 αὑτὸν
3060 4383 3204 4440 εἶναι
3258 4388 3409 4454 λέγει
3438 4386 3535 4439 τοῦ
3562 4387 3767 4457 Ἰησοῦ,
3800 4404 4047 4457 κεκρυμ-

2441 4486 2602 4553 μένον
2659 4483 2717 4535 δὲ
2765 4482 2855 4535 διὰ
2882 4482 2976 4533 τὸν
3014 4481 3184 4548 φόϐον
3233 4482 3343 4533 τῶν
3397 4482 3701 4536 Ἰουδαίων.
3760 4475 3868 4533 τΗν
3896 4481 3952 4534 δὲ
3980 4484 4043 4535 ἐκ

2373 4564 2417 4618 Ῑ)
2441 4577 2552 4629 τῶν
2587 4574 2968 4643 ἑϐδομήκοντα
3012 4572 3296 4643 μαθητῶν.

2515 4664 2709 4734 Οὗτος
2734 4696 2802 4707 --
2843 4669 2910 4720 τὸ
2928 4665 3103 4736 σῶμα
3133 4667 3241 4721 τοῦ
3273 4666 3494 4733 Ἰησοῦ.
3534 4667 3817 4737 Γνώριμος
3837 4665 3912 4718 ὢν
3931 4666 4042 4734 (66)

2437 4762 2610 4832 αὐτῷ.
2671 4763 2903 4831 Μάρκος
2934 4762 2989 4812 δὲ
3019 4755 3176 4812 εἶπεν
3246 4762 3329 4814 ὅτι
3366 4762 3463 4813 καὶ
3489 4760 3771 4829 τολμήσας
3822 4759 4040 4829 εἰσῆλθε

2436 4861 2572 4928 πρὸς
2595 4854 2852 4919 Πιλᾶτον,
2880 4856 2974 4906 καὶ
3000 4855 3244 4925 ᾐτήσατο
3267 4855 3329 4907 τὸ
3358 4855 3520 4927 σῶμα
3554 4854 3652 4907 τοῦ
3698 4854 3899 4923 Ἰησοῦ.
3929 4854 4040 4923 Τὴν

2740 4998 2780 5028 ⁷¹
2812 4995 2945 5052 Luc.
2993 5012 3149 5062 nm,
3183 4997 3273 5061 50,
3311 4996 3401 5053 5i.
3517 4999 3561 5030 "
3589 4996 3751 5053 Joan.
3798 5016 3907 5065 λιι,
3945 4998 4035 5055 58.

1929 5138 2131 5200 Variae
2167 5142 2477 5207 lectiones
2513 5151 2576 5206 et
2615 5151 2807 5205 noue.

788 5308 899 5376 (6|)
935 5306 1110 5375 llujus
1143 5309 1435 5363 sententiae
1462 5319 1546 5363 est
1571 5309 1855 5381 Clirysost.
1894 5318 1935 5361 t.
1966 5307 2077 5375 VII,
2112 5326 2163 5381 ρ,
2194 5314 2321 5377 827,

714 5379 776 5441 Β,
807 5396 968 5453 quam
1015 5381 1531 5453 repetitTheopliil.
1570 5384 1775 5453 p.175,
1822 5380 1884 5435 υ.

786 5451 895 5519 (62)
939 5451 1322 5505 Ἡκολούθουν.
1368 5453 1427 5506 Β.

791 5525 905 5593 ((55)
942 5524 995 5577 In
1035 5524 1117 5577 liis
1150 5522 1545 5597 Tlieopliylact.
1584 5544 1639 5598 p.
1684 5527 1784 5581 I75
1822 5527 1883 5583 Ι).

786 5680 858 5746 (It)
900 5680 1171 5735 Viscerum
1230 5684 1676 5750 inﬂammatione.
1738 5688 1794 5741 In
1854 5690 2034 5744 libello
2100 5692 2315 5747 medico

709 5753 825 5829 lucc
849 5753 919 5806 ita
955 5756 1019 5808 ad
1048 5755 1271 5808 verbum
1311 5758 1521 5811 reddita
1553 5775 1693 5821 esse.
1723 5776 1888 5813 nemo
1915 5765 2309 5829 reprehendat.

711 5824 807 5878 IIIC
845 5835 1169 5905 autemnon
1198 5830 1443 5896 proprie,
1470 5831 1562 5905 sed
1596 5834 1854 5905 translate
1882 5824 2143 5901 loquitur.
2164 5838 2313 5888 ,φλε-

706 5902 885 5971 γμονὴ
921 5902 1246 5968 σπλάγχνων
1265 5916 1397 5972 ergo
1418 5911 1501 5957 est
1526 5902 2069 5962 doluracutissituus.
2103 5907 2308 5975 liche,

2507 5314 2618 5396 ((ξι)
2636 5314 2813 5403 ΔΚατὰ
2840 5315 2937 5387 τὴν
2955 5317 3219 5389 δευτέραν
3250 5316 3417 5372 αὑτοῦ
3443 5319 3751 5389 παρουσίαν
3780 5319 3875 5374 τοῦ
3902 5320 4035 5393 Χρι-

2436 5392 2585 5441 στοῦ.
2623 5392 2687 5441 Α.
3142 5396 3149 5403 ’
3194 5422 3209 5439 .

2506 5461 2617 5533 (liii)
2657 5461 3231 5533 Συγκατατιθέμενον.
3264 5464 3332 5519 Α.

2504 5524 2615 5602 (66)
2648 5524 2763 5596 Ὧν,
2796 5535 3025 5589 omittit.
3047 5524 3117 5587 Β.

2428 5697 2691 5748 acerrimo
2723 5695 2923 5760 dolore,
2959 5712 3170 5753 summa
3197 5702 3442 5759 tristitia.

2491 5768 2562 5835 ’(1)
2599 5768 2826 5820 λάιυιάν
2858 5771 3091 5825 aruleos.
3115 5772 3281 5835 Φύσις
3314 5776 3417 5829 hoc
3451 5776 3570 5829 loco
3602 5781 3755 5830 notat
3781 5773 4033 5829 aﬂeetio-

2426 5856 2550 5891 nem
2579 5843 2800 5919 unatris
2836 5842 3100 5919 adversus
3133 5846 3328 5901 IIIllllll.
3362 5847 3587 5919 _IIC(ItIt‘,
3635 5860 3849 5919 propter
3882 5849 4030 5902 valid-

2427 5914 2678 5965 mentium
2720 5916 2945 5971 materni
2983 5916 3223 5985 affectus.
3362 5909 3374 5920 ’
