4432 6450
435 411 547 478 ’149

1274 410 1664 472 COMMENT.
1707 407 1780 465 ΙΝ
1824 399 2291 465 ΜΛῚΤΠέΕυΜ.
2330 408 2562 465 --CAP.
2602 408 2879 465 XXVIII.

3604 408 3711 470 750

446 524 636 593 ελεγον
676 524 811 594 πρὸς
841 524 1061 584 ἑαυτάς
1103 524 1195 589 Τίς
1219 522 1585 576 ἀποκυλίσει
1609 520 1754 589 ἡμῖν
1804 522 1909 571 τὸν
1934 519 2021 571 λί-
2058 529 2101 582 Α
2131 532 2192 570 cc

1965 519 2021 570 ίί-
2058 529 2101 582 Α
2131 519 2329 571 ccbaut
2372 519 2515 572 inter
2545 534 2711 582 sese:
2749 510 2880 584 Quis
2934 517 3158 570 revolvat
3189 520 3333 570 nobis
3374 520 3602 583 .apt'dem
3652 528 3715 574 ab

437 619 548 669 θον
573 617 686 686 (79)
716 616 784 669 ἐκ
822 613 933 681 τῆς
971 616 1157 681 θύρας
1189 612 1297 666 τοῦ
1328 614 1629 681 μνημείου
1661 629 1680 675 ;
1727 610 1823 662 καί
1880 610 2023 661 ἁγα-

438 706 744 773 ελέψασαι
768 706 1121 773 θεωροῦσιν,
1146 704 1231 756 ὅτι
1260 704 1741 756 ἀποκεκύλιστοι
1767 703 1800 754 d
1827 702 2020 765 λίθος.

437 794 558 851 Ἦν
601 797 714 865 τὰρ
738 796 930 866 μέτάς
959 796 1220 865 σφόδρα.
1276 793 1566 848 Ἐλθοῦσαι
1604 794 1703 862 μὲν
1738 792 1871 860 γὰρ,
1906 791 2021 843 ελε-

437 905 536 955 γον
569 889 707 957 πρὸς
752 888 989 958 ἀλλήλας
1019 885 1211 949 οὕτως’
1251 889 1310 940 έν
1350 886 1463 954 ὅσῳ
1494 884 1550 936 δὲ
1585 882 1758 936 ταῦτα
1787 880 2019 948 διελογί-

436 980 616 1042 ζοντο,
641 978 837 1047 γέγονε
868 980 970 1049 μὲν
1009 980 1039 1031 6
1069 979 1317 1048 σεισμὸς,
1347 974 1669 1051 προσελθὼν
1710 973 1767 1025 δὲ
1795 976 1822 1026 6
1853 974 2021 1040 ἄγγε-

435 1074 527 1133 λος
582 1072 887 1125 ἀπεκύλισε
934 1072 1027 1125 τὸν
1083 1070 1255 1133 λίθον,
1292 1069 1386 1122 καὶ
1419 1067 1611 1121 λοιπὸν
1644 1065 2022 1133 ἀναϐλέψασαι

436 1164 575 1232 πρὸς
599 1164 692 1215 τὸν
722 1162 1271 1232 τάφονηθεωροῦσιν,
1299 1163 1383 1213 ὅτι
1418 1158 1854 1213 ἀποκεκύλισται
1889 1158 1918 1208 6
1942 1156 2023 1208 λί-

436 1256 551 1318 θος.

518 1348 579 1400 Ὀ
632 1348 858 1417 Μάρκος
906 1347 985 1408 δὲ,
1034 1346 1335 1413 φροντίσας
1382 1345 1483 1413 τῆς
1539 1343 1862 1413 συντομίας,
1896 1338 2022 1395 οὔτε

434 1440 529 1493 τδν
581 1442 809 1510 σεισμὸν
866 1439 1200 1509 ἀνέγραψεν,
1257 1436 1408 1501 οὔτε,
1470 1436 1555 1499 τίς
1588 1435 1894 1489 ἀπεκύλισε
1932 1436 2023 1486 τὸν

434 1532 606 1597 λίθον,
634 1532 895 1596 ἐδίδαξεν.
941 1531 1177 1597 Ὁμοίως
1208 1529 1267 1582 δὲ
1306 1531 1403 1581 καὶ
1435 1532 1463 1581 6
1494 1528 1713 1590 Λουκᾶς
1754 1529 2020 1593 συνέτεμε

434 1615 535 1692 τὴν
588 1623 717 1693 περὶ
771 1624 977 1675 τούτων
1027 1621 1306 1691 διήγησιν,
1338 1618 1531 1671 εἰπών·
1567 1616 1768 1687 Εὗρον
1806 1618 1875 1669 δὲ
1914 1617 2021 1670 τὸν

2129 608 2263 660 ostio
2301 612 2629 662 monumenti
2658 612 2682 661 Ρ
2712 611 2947 679 Cumque
2977 611 3347 678 respexissent,
3379 613 3549 663 vident
3582 616 3719 682 quod

2129 699 2393 752 revolutus
2456 708 2605 753 esset
2635 701 2772 768 lapis
2802 717 2820 753 :
2868 712 2982 753 erat
3026 703 3162 753 enim
3208 704 3425 770 grandis
3465 704 3614 755 valde
3648 706 3713 754 ".

2128 785 2264 840 Dum
2320 788 2503 858 itaque
2559 790 2837 854 venirent,
2890 790 2963 842 ita
3018 790 3279 843 dicebant
3339 791 3484 843 inter
3537 805 3659 844 sese
3703 809 3716 843 :

2126 878 2345 935 interim
2366 897 2494 937 vero
2512 883 2641 937 dum
2666 884 2780 937 haec
2804 884 3270 953 colloquerentur,
3299 885 3478 939 factus
3505 894 3586 939 est
3612 895 3721 939 ter-

2126 980 2434 1039 rmmotus;
2498 992 2734 1046 cumque
2792 980 3123 1033 accessisset
3189 979 3452 1049 angelus,
3490 980 3724 1033 revolvit

2126 1063 2383 1133 lapidem,
2441 1076 2498 1119 et
2551 1068 2663 1137 jam
2730 1070 2798 1122 ad
2850 1081 3272 1124 monumentum
3339 1071 3722 1139 respicientes,

2126 1157 2314 1211 vident
2352 1160 2496 1227 quod
2533 1163 2819 1215 revolutus
2851 1172 3000 1216 esset
3029 1163 3191 1232 lapis.

2197 1334 2411 1390 Marcus
2442 1353 2573 1393 sane
2608 1340 2857 1393 brevitati
2896 1340 3148 1407 studens,
3201 1356 3386 1410 neque
3437 1352 3720 1398 terrzemo-

2128 1433 2239 1477 tum
2268 1426 2509 1495 scripsit,
2544 1444 2725 1497 neque
2755 1430 2881 1499 quis
2914 1430 3151 1499 lapidem
3188 1434 3722 1488 revolveritdocuit.

2126 1512 2391 1569 Similiter
2419 1524 2475 1570 et
2512 1516 2691 1573 Lucas
2719 1520 3098 1575 narrationem
3143 1523 3211 1577 de
3238 1524 3322 1578 his
3351 1525 3720 1592 abbreviavit,

2124 1606 2313 1660 dicens
2331 1622 2344 1659 :
2360 1606 2676 1662 Invenerunt
2694 1609 2924 1679 lapidem
2942 1629 2974 1664 ο
2990 1624 3328 1667 monumento
3348 1617 3641 1670 revolutum
3654 1618 3723 1676 ⁸⁸.

434 1715 610 1769 λίθον
634 1712 1205 1781 ἀποκεκυλισμένον
1229 1712 1350 1765 ἀπὸ
1379 1710 1485 1765 τοῦ
1510 1711 1832 1780 μνημείου.
1881 1710 2017 1762 Πότε
2122 1695 2184 1748 lli

1971 1726 2017 1760 ει
2122 1695 2310 1766 Itaque
2378 1703 2601 1767 quando
2674 1702 2741 1755 ad
2797 1716 3219 1759 monumentum
3285 1710 3544 1762 venerint
3596 1726 3721 1763 mu-

439 1804 541 1877 gsv
566 1799 659 1857 οὖν
682 1798 847 1872 ἦλθον
886 1805 964 1866 είς
1004 1803 1066 1855 τὸ
1098 1804 1365 1872 μνημεῖον
1402 1802 1458 1854 al.
1497 1804 1782 1863 γυναῖκες,
1815 1800 2020 1869 ἐδήλω-

2127 1789 2308 1853 Iieres,
2330 1790 2779 1861 significaverunt
2800 1798 3185 1867 evangelista;
3222 1802 3443 1869 quando
3476 1817 3607 1856 vero
3638 1820 3727 1855 re-

440 1868 541 1948 ;av
578 1897 627 1948 οῑ
658 1868 1069 1963 εάαγγελισταί·
1267 1894 1325 1946 δὲ
1360 1894 1564 1962 ἀνέστη
1597 1892 1626 1945 6
1664 1868 1906 1961 Κύριος,
1928 1891 2021 1943 οὐ·
2056 1868 2098 1922 Β
2133 1893 2190 1933 5U

1979 1894 2021 1941 β-
2056 1868 2098 1922 Β
2133 1881 2436 1936 surrexerit
2462 1880 2740 1951 Christus,
2776 1887 2960 1942 nullus
2993 1903 3184 1942 eorum
3227 1890 3490 1944 indicavit
3521 1908 3535 1945 :
3581 1892 3729 1946 solus

437 1985 551 2048 δαὶς
587 1984 767 2037 αὐτῶν
793 1984 1318 2056 παρεσημειὼσατο.
1344 1986 1522 2048 Μόνος
1551 1986 1661 2054 γὰρ
1696 1978 1803 2036 οἶδε
1838 1982 2021 2047 τοῦτο,

439 2076 469 2127 6
512 2076 694 2143 μόνος,
721 2075 795 2137 ὠς
826 2072 989 2140 οῐδεν,
1026 2077 1291 2138 ἀναστάς.

511 2166 721 2229 Πάντες
752 2166 809 2219 δὲ
838 2166 1149 2237 συμφώνως
1187 2170 1236 2220 οἱ
1278 2170 1415 2238 ἱεροὶ
1441 2166 1688 2237 Πατέρες
1748 2169 1841 2218 καὶ
1878 2164 2027 2218 διδα-

438 2258 635 2313 σκαλοι
687 2261 883 2328 καιρὸν
937 2261 1037 2323 τῆς
1102 2261 1459 2323 ἀναστάσεως
1496 2259 1663 2321 αὐτοῦ
1729 2277 1883 2328 φασι,
1929 2260 2027 2331 τὴν

440 2351 666 2420 πρώτην
717 2352 827 2404 τῶν
882 2353 1265 2424 ἀλεκτρυόνων
1310 2353 1479 2425 ᾠδὴν,
1514 2353 1638 2424 ἠτις
1672 2352 1777 2425 ήδη
1827 2353 1890 2405 τὸ
1931 2354 2028 2423 τῆς

442 2444 739 2514 Κυριακῆς
794 2446 1239 2517 προανεκρούετο
1286 2445 1424 2515 φῶς.
1475 2445 1566 2498 Διὸ
1596 2446 1692 2497 καὶ
1737 2446 1877 2515 μετά
1928 2446 2029 2515 τὴν

439 2542 605 2609 ῑκτην
664 2541 816 2610 ὥραν
863 2542 965 2610 τῆς
997 2542 1190 2605 νυκτὸς
1238 2545 1286 2594 οἱ
1318 2542 1612 2611 φιλάρετος
1638 2543 1740 2611 τὴν
1770 2542 2029 2611 νηστείαν

440 2633 825 2697 καταλύοντες,
852 2632 951 2701 τῆς
986 2632 1331 2703 εὐφροσύνης
1358 2634 1724 2704 ἀπάρχονται.

532 2726 758 2797 Ἀνέστη
791 2727 847 2777 δὲ
880 2730 942 2797 τῇ
970 2727 1135 2799 τρίτῃ
1169 2728 1377 2798 ἡμέρα,
1406 2728 1591 2789 καθὼς
1621 2727 1830 2793 ἔλεγεν.
1879 2726 2031 2778 Ἐπεὶ

444 2820 551 2888 γὰρ
585 2822 642 2870 ὲν
686 2823 753 2889 τῇ
792 2821 962 2889 ἐνάτῃ
1000 2819 1122 2891 ὦρᾳ
1160 2806 1265 2889 τῆς
1303 2820 1666 2891 παρασκευῆς
1730 2821 2029 2887 ἀπέθανεν,

445 2913 768 2984 ἀριθμεῖται
817 2915 1011 2985 πρώτη
1060 2916 1160 2984 μὲν
1193 2916 1377 2985 ἡμέρα
1418 2916 1452 2983 ὴ
1501 2918 1856 2984 παρασκευὴ,
1907 2914 2031 2965 δευ-

444 3008 582 3075 τέρα
634 3006 690 3058 δὲ
737 3008 798 3059 τὸ
855 3006 1161 3071 Σάδόατον,
1214 3006 1373 3075 τρίτη
1408 3007 1465 3059 δὲ
1498 3008 1531 3075 ἠ
1564 3007 1843 3075 Κυριακὴ,
1877 3008 1935 3057 ὲν
1971 3001 2029 3078 ᾖ,

450 3098 756 3167 ἀρχομένου
784 3097 879 3148 τοῦ
924 3095 1149 3165 ὄρθρου,
1180 3097 1407 3165 ἀνέστη,
1452 3097 1651 3166 μικρόν
1694 3114 1746 3149 τι
1775 3096 1885 3167 πρὸ
1934 3096 2035 3165 τῆς

445 3189 552 3240 τῶν
602 3188 883 3256 γυναικῶν
946 3188 1210 3257 ἀφίξεως,
1274 3188 1371 3241 καὶ
1429 3188 1897 3258 συναριθμοῦνται
1937 3188 2035 3257 τῆς

451 3282 549 3348 μὲν
577 3284 940 3350 παρασκευῆς
963 3283 1023 3331 τὸ
1053 3282 1233 3342 τέλος,
1266 3281 1365 3350 τῆς
1396 3281 1454 3332 δὲ
1487 3280 1836 3350 Κυριακῆςὴ
1869 3282 2035 3350 ἀρχή.

459 3375 617 3427 Ἐπεὶ
656 3375 712 3426 δὲ
743 3378 801 3426 tv
832 3373 909 3443 τῷ
940 3376 1083 3426 κατά
1117 3374 1209 3426 τὸν
1246 3375 1435 3426 Ὶωνᾶν
1467 3373 1883 3443 παραδείγματι
1908 3374 2037 3445 ἔφη·

450 3468 649 3532 Οὕτως
673 3467 843 3520 ἔσται
874 3465 975 3519 καί
1000 3470 1032 3519 ό
1061 3468 1194 3531 υίὸς
1222 3464 1331 3519 τοῦ
1368 3466 1686 3533 ἀνθρώπου
1707 3466 1775 3518 ἐν
1799 3464 1875 3533 τῇ
1895 3483 2037 3534 καρ-

445 3560 546 3625 δίᾳ
610 3558 719 3627 τῆς
775 3558 891 3628 τῆς
936 3558 1094 3626 τρεῖς
1150 3558 1375 3627 ἡμέρας
1432 3559 1529 3611 καί
1584 3558 1742 3625 τρεῖς
1789 3562 2036 3625 νύκτας·

448 3656 579 3723 περὶ
616 3655 714 3723 μὲν
742 3654 851 3705 τῶν
882 3653 1112 3722 ἡμερῶν
1147 3654 1248 3703 οὐκ
1282 3651 1401 3704 ἐστι
1430 3652 1741 3719 διαπορείνο
1771 3650 2043 3723 ἠρίθμηνο

446 3764 538 3799 ται
570 3748 701 3815 γάρ.

523 3860 660 3931 Περὶ
687 3860 745 3914 δέ
782 3876 843 3927 γε
887 3858 996 3914 τῶν
1036 3858 1252 3913 νυκτῶν
1298 3859 1557 3932 ἐροῦμεν,
1588 3860 1665 3925 ὼς
1694 3864 1743 3913 οἱ
1793 3862 2041 3915 Ἰουδαῖοι

447 3956 553 4018 ἕως
584 3955 1023 4025 τρίτη;’ἠμέρας
1074 3956 1455 4023 ἠσφαλίσαντο
1501 3956 1595 4009 τὸν
1623 3958 1815 4025 τάφον,
1846 3956 2040 4027 ῆγουν,

448 4049 544 4101 ἀπ’
600 4050 775 4117 αὐτῆς
829 4048 930 4117 τῆς
999 4050 1362 4119 παρασκευῆς
1424 4050 1527 4109 ἕως
1576 4049 1673 4120 τῆς
1731 4053 2040 4121 Κυριακῆς,

446 4142 601 4212 ἡλίου
646 4142 916 4205 δύνοντος.
950 4140 1111 4194 Οὕτω
1148 4146 1258 4211 γὰρ
1293 4143 1660 4212 ἐψηφίσαντο.
1706 4143 1818 4215 Τὴν
1846 4144 1961 4215 (80')
1984 4147 2040 4198 δὲ

444 4236 639 4303 τρίτην
668 4234 844 4285 νύκτα
873 4233 973 4301 τῆς
1004 4234 1309 4302 ἀσφαλείας
1344 4236 1499 4299 ἐκτὸς
1528 4236 1771 4305 ἀφῆκαν.
1797 4238 1905 4289 Καὶ
1931 4239 2041 4291 λοι·

446 4333 567 4391 my,
606 4330 654 4379 εί
692 4329 785 4379 καὶ
814 4326 1021 4397 ταύτην
1048 4326 1357 4396 ἀνέμεινεν,
1384 4327 1581 4397 ἔμελλε
1611 4328 1868 4394 γενέσθαι
1901 4328 2037 4382 ὓπο-

447 4439 581 4484 πτος
623 4422 656 4489 ἡ
687 4421 1010 4483 ἀνάστασις.
1064 4420 1173 4472 Καὶ
1218 4420 1328 4490 γὰρ
1364 4422 1626 4472 ἀντεῖπον
1664 4422 1753 4485 ἂν,
1786 4421 1885 4487 ὡς,
1916 4424 2037 4473 ἐπεὶ

446 4517 598 4576 ἐντὸς
631 4513 726 4565 τοῦ
756 4512 955 4581 καιροῦ
989 4513 1087 4583 τῆς
1118 4513 1424 4580 ἀσφαλείας
1458 4514 1560 4566 οὐκ
1592 4515 1817 4585 ἀνέστη,
1855 4514 2037 4567 λυθεί-

2140 1970 2290 2024 enim
2328 1972 2433 2027 hoc
2465 1977 2639 2042 novit,
2666 1977 2760 2044 qui
2792 1978 2944 2032 solus
2982 1980 3219 2035 surrexit
3254 1991 3313 2035 ut
3339 1983 3511 2040 novit.

2205 2166 2414 2226 Omnes
2443 2182 2625 2228 autem
2650 2177 2990 2231 unanimiter
3018 2181 3194 2234 sancti
3235 2180 3426 2235 Patres
3449 2192 3506 2237 et
3537 2185 3730 2240 docto-

2137 2274 2226 2313 res
2249 2270 2464 2331 tempus
2498 2263 2941 2323 Resurrectionis
2972 2272 3093 2339 ejus
3136 2272 3306 2329 fuisse
3346 2277 3539 2332 dicunt
3588 2283 3732 2336 circa

2137 2352 2376 2421 primmu
2407 2358 2767 2425 gallicinium,
2797 2364 2889 2430 qui
2918 2364 3029 2431 jam
3069 2365 3344 2423 Dominici
3394 2371 3504 2426 diei
3557 2375 3734 2432 lucem

2138 2443 2489 2512 praeferebat.
2530 2449 2658 2503 Ideo
2685 2467 2903 2522 quoque
2936 2467 3061 2523 post
3093 2470 3302 2514 sextam
3330 2466 3508 2519 noctis
3546 2468 3735 2523 horam

2137 2538 2359 2593 virtutis
2386 2550 2710 2605 sectatores,
2736 2547 3144 2619 solutojejunio
3186 2552 3427 2608 laetitiam
3456 2564 3743 2629 auspican-

2139 2638 2247 2680 tur.

2213 2720 2465 2779 Surrexit
2511 2739 2695 2781 autem
2732 2734 2893 2785 tertio
2948 2734 3037 2789 die
3078 2742 3490 2805 proutdixerat.
3527 2745 3601 2799 Ex
3634 2732 3743 2817 quo

2140 2814 2287 2867 enim
2324 2816 2458 2870 hora
2481 2834 2622 2873 nona
2652 2820 2982 2885 Parasceves
3011 2840 3265 2887 mortuus
3292 2846 3399 2898 est,
3421 2814 3745 2894 numeratur

2140 2906 2351 2975 primus
2380 2908 2501 2963 dies
2540 2910 2862 2979 I’arasceve,
2896 2922 3174 2976 secundus
3200 2924 3520 2993 Sabbatum,
3548 2933 3745 2985 tertius

2140 2998 2259 3053 dies
2288 3001 2631 3067 Dominicus,
2667 3007 2723 3059 in
2744 3024 2854 3077 quo
2881 3011 3178 3081 incipiente
3210 3018 3474 3083 diluculo,
3510 3028 3748 3079 surrexit

2146 3092 2306 3158 paulo
2339 3102 2636 3163 antequam
2675 3101 2937 3156 mulieres
2960 3106 3288 3161 accederent
3321 3129 3331 3163 :
3368 3123 3744 3171 etconuume-

2146 3192 2339 3237 rantur
2372 3186 2546 3253 ipsius
2579 3190 2702 3243 [luis
2747 3192 3097 3264 Parasceves,
3134 3211 3189 3254 et
3229 3201 3495 3260 Dominici
3540 3210 3744 3276 princi-

2145 3275 2316 3344 pium.
2349 3277 2505 3342 Quod
2552 3292 2736 3337 autem
2771 3285 2825 3338 in
2858 3290 3115 3359 exemplo
3138 3291 3205 3345 de
3251 3295 3389 3348 Jona
3439 3275 3616 3353 dixit:
3657 3302 3745 3356 Ita

2144 3369 2244 3419 erit
2279 3379 2327 3421 et
2359 3370 2529 3425 Filius
2568 3375 2794 3429 hominis
2820 3381 2873 3431 in
2906 3383 3062 3435 corde
3090 3394 3249 3438 terra:
3278 3388 3443 3441 tribus
3476 3392 3655 3446 diebus
3696 3410 3747 3448 et

2154 3458 2320 3511 tribus
2353 3464 2588 3516 noctibus
2617 3464 2686 3527 “,
2722 3469 2787 3521 de
2821 3469 3015 3524 diebus
3057 3476 3277 3543 quidem
3320 3495 3427 3531 non
3467 3492 3551 3535 est
3599 3489 3745 3554 quod

2148 3551 2493 3619 haesitemus,
2561 3558 2672 3625 jam
2709 3562 2854 3613 enim
2889 3570 3193 3621 enumerati
3219 3582 3365 3625 sunt.

2222 3841 2295 3895 De
2351 3847 2611 3899 noctibus
2652 3864 2784 3901 vero
2821 3850 3090 3914 dicemus,
3130 3856 3277 3921 quod
3319 3857 3488 3913 Judaei
3530 3864 3593 3917 ad
3640 3876 3749 3920 ter-

2150 3938 2284 3993 tium
2310 3953 2485 4011 usque
2516 3941 2660 3996 diem
2688 3944 3004 4012 sepulcrum
3033 3950 3372 4015 munierant,
3412 3955 3664 4013 videlicet
3683 3963 3750 4016 ab

2147 4033 2261 4101 ipsa
2279 4032 2579 4091 Parasceve
2608 4052 2779 4107 usque
2805 4038 2870 4093 ad
2918 4038 3062 4094 diem
3096 4041 3439 4101 Dominicum
3466 4052 3750 4107 occidente

2146 4127 2260 4180 sole
2294 4146 2306 4181 :
2337 4130 2409 4182 ita
2450 4131 2597 4183 enim
2664 4134 3026 4189 decreverant
3089 4137 3330 4194 Tertiam
3366 4160 3498 4197 vero
3532 4159 3748 4203 noctem

2146 4221 2355 4289 absque
2386 4223 2694 4279 munitione
2731 4229 3141 4298 relinquebant;
3178 4248 3305 4287 nam
3339 4238 3383 4288 si
3415 4240 3579 4291 etiam
3613 4242 3755 4295 hanc

2144 4323 2544 4383 exspectasset,
2597 4330 2851 4387 suspecta
2903 4323 3089 4377 habita
3137 4325 3334 4381 fuisset
3394 4335 3752 4391 resurrcmin.

2149 4404 2587 4475 Respondissem
2628 4412 2799 4476 enim,
2834 4421 2977 4484 quod
3002 4432 3068 4470 ex
3092 4433 3202 4487 quo
3228 4422 3367 4473 intra
3390 4433 3607 4494 tempus
3630 4444 3753 4480 Illu-

2144 4498 2376 4556 nitionis
2414 4517 2524 4555 non
2556 4518 2959 4584 resurrexerat,
3022 4510 3125 4565 hac
3148 4512 3349 4579 soluta,
3386 4516 3490 4570 ﬁde
3532 4523 3757 4576 carebat

448 4625 548 4675 σης
605 4607 836 4672 ταύτης,
891 4605 1125 4669 ἄπιστος
1177 4608 1210 4675 ὴ
1244 4607 1568 4670 ἀνάστασις.
1627 4607 1870 4677 Ἐκλάπη
1930 4594 2121 4678 γάρΙ)
2155 4607 2198 4645 ι’(

2009 4627 2040 4678 ρ
2067 4594 2121 4653 D
2155 4597 2488 4649 resurrectio
2525 4614 2539 4659 ;
2601 4596 2749 4652 furto
2782 4600 2931 4655 enim
2967 4603 3215 4657 sublatus
3256 4618 3395 4673 erat,
3449 4612 3601 4665 nullo
3655 4631 3754 4668 cu-

445 4699 663 4761 οὐδενὸς
693 4698 1085 4766 φυλάττοντος.
1114 4700 1319 4751 Λοιπὸν
1354 4698 1470 4764 οὖν,
1508 4700 1589 4751 ἔτι
1628 4700 2039 4767 φυλαττόντων,

446 4795 679 4861 ἀνέστη,
716 4792 1023 4863 περιαιρῶν
1049 4795 1237 4845 πᾶσαν
1272 4793 1614 4861 ἀντιλογίαν.
1648 4795 1759 4846 Καὶ
1792 4793 1915 4846 οὐδὲ
1944 4794 2045 4864 τὴν

446 4883 641 4955 τρίτην
668 4884 798 4955 ὅλην
844 4884 1141 4954 ἀνέμεινεν
1168 4884 1410 4957 ⁴ἡμέραν,
1438 4885 1555 4939 ἀλλ’
1592 4885 1757 4949 εὐθὺς
1803 4886 2046 4956 ἀρχομέ-

448 4996 545 5048 νης
574 4978 789 5049 ἠγέρθη
828 4977 966 5050 (81).
1005 4978 1079 5030 Τὸ
1107 4979 1210 5049 μὲν
1250 4980 1360 5047 γὰρ
1388 4980 1541 5043 ἐντὸς
1568 4978 1665 5032 τοῦ
1700 4979 1895 5049 καιροῦ
1940 4978 2043 5049 τῆς

449 5073 755 5141 ἀσφαλείας
791 5074 1122 5142 ἀναστῆναι,
1146 5072 1519 5144 άνέγκλητον;
1553 5051 1613 5125 τὶ
1648 5073 1705 5125 δὲ
1737 5072 2044 5142 ὑστερῆσαι

450 5164 670 5230 τούτου,
709 5163 980 5219 ὕποπτον.
1027 5166 1139 5218 Καὶ
1174 5165 1236 5218 τὸ
1264 5165 1363 5235 μὲν
1398 5166 1703 5235 ταχύτερον
1750 5165 1850 5235 τῆς
1906 5181 2043 5233 προ-

451 5258 712 5327 θεσμίας,
751 5242 1041 5326 δυνάμεώς
1092 5260 1213 5311 ἐστι
1243 5274 1255 5287 ·
1306 5260 1367 5311 τὸ
1409 5259 1467 5312 δὲ
1498 5259 1853 5330 βραδύτερον,
1888 5257 2051 5309 ἀσθε-

451 5368 508 5404 νε
518 5352 625 5416 ίας.
1668 5368 1673 5373 ‘

528 5496 575 5520 "'
619 5488 787 5548 Marc.
814 5509 929 5562 xvr,
960 5491 1015 5558 '5,
1040 5493 1097 5547 4.
1207 5490 1253 5524 ⁸⁸
1278 5489 1411 5545 Luc.
1450 5508 1599 5555 xxiv,
1627 5491 1680 5543 2.

2152 4685 2451 4740 stodiente.
2472 4687 2663 4759 Itaque
2695 4706 2818 4745 cum
2839 4694 3018 4748 adhuc
3053 4698 3418 4764 custodirent,
3456 4709 3759 4759 resurrexit

2152 4794 2376 4835 omnem
2439 4783 2641 4838 tollens
2689 4788 3186 4843 contradictionem
3225 4810 3236 4844 :
3278 4803 3330 4845 et
3350 4809 3528 4864 neque
3580 4808 3757 4854 totum

2158 4876 2381 4930 tertium
2413 4882 2757 4949 exspectavit
2780 4882 2945 4945 diem,
2986 4884 3082 4938 sed
3111 4885 3295 4940 statim
3327 4902 3452 4941 cum
3489 4890 3760 4961 inciperet

2154 4970 2417 5023 surrexit.
2449 4969 2606 5037 Quod
2639 4974 2786 5027 enim
2818 4976 2982 5042 _intra
3048 4986 3266 5047 tempus
3298 4981 3625 5036 munitionis
3666 5000 3757 5037 rc-

2156 5074 2429 5134 surgeret,
2457 5067 2611 5137 argui
2644 5082 2757 5121 non
2783 5080 3001 5139 poterat
3032 5087 3044 5123 :
3076 5076 3221 5140 quod
3256 5073 3301 5126 si
3322 5074 3375 5128 id
3407 5079 3756 5144 postmodum

2156 5156 2385 5219 laceret,
2414 5168 2737 5228 suspectum
2772 5172 2911 5216 erat.
2942 5160 3079 5216 Nam
3102 5166 3249 5233 quod
3282 5167 3449 5220 citius
3489 5183 3652 5236 quam
3690 5170 3761 5222 sit

2159 5252 2531 5307 constitutum
2559 5253 2813 5321 eﬂicitur,
2855 5258 3112 5325 potentize
3132 5269 3235 5325 est;
3262 5262 3407 5320 quod
3427 5270 3612 5315 autem
3650 5273 3759 5315 tar-

2158 5346 2307 5407 dius,
2341 5347 2756 5402 imbecillitatis.

1799 5493 1839 5521 "
1886 5489 2079 5542 Matth.
2113 5508 2207 5549 xu.
2247 5493 2331 5545 i0.

1644 5660 1844 5721 Variae
1894 5659 2195 5720 lectiones
2244 5664 2304 5715 et
2347 5665 2534 5715 noue.

534 5831 645 5900 (79)
683 5832 838 5898 ’Δπὴ
868 5850 967 5904 pro
1003 5837 1090 5894 ἐκ.
1125 5836 1193 5889 Α.

536 5907 646 5976 I80)
681 5906 789 5985 Την
822 5907 1014 5976 τρίτην
1036 5907 1120 5969 δέ,
1153 5911 1218 5963 Α.

2249 5834 2361 5902 (δι)
2396 5832 2645 5900 ’Λνέςτη,
2678 5848 2775 5899 pro
2800 5830 3035 5899 ἠγέρθη,
3069 5836 3128 5884 Δ.
