4432 6450
428 414 533 476 753

1226 410 1614 471 COMMENT.
1660 409 1739 468 IN
1782 405 2263 469 MATTIUEUM.
2295 432 2363 443 -
2402 406 2560 466 CAP.
2604 406 2884 465 XXVIII.

3596 397 3703 461 756

512 526 669 580 Ἐπεὶ
703 524 814 593 γὰρ
845 524 873 574 6
921 523 1025 587 ἔξω
1058 521 1380 591 καθήμενος
1410 520 1646 586 ἄγγελος
1676 518 2013 589 παρεκελεύ-
2047 527 2089 581 Α
2194 517 2262 581 Qt

1957 518 2013 570 ύ-
2047 527 2089 581 Α
2194 517 2332 581 Quia
2360 514 2508 569 enim
2553 515 2598 569 is
2623 515 2715 585 qui
2750 514 2884 568 t'oris
2914 513 3143 568 sedebat
3172 513 3397 581 angelus
3430 525 3704 579 przt’cepe-

433 634 563 669 σατο
592 614 798 674 ταύτας
828 614 1116 679 εἰσελθεῖν,
1146 612 1499 666 εἰσελθοῦσαι
1531 611 1612 673 είς
1637 610 1698 663 τδ
1723 612 2012 680 μνημεῖον,

430 705 572 763 εἶδον
605 708 796 773 ἕτερον
830 703 1085 772 ἄγγελον,
1124 706 1443 774 καθήμενον
1471 705 1529 756 ἐν
1553 705 1666 765 τοῖς
1692 702 1889 768 δεξιοῖς
1919 702 2014 753 ab—

430 798 527 852 τοῦ
561 798 779 867 μέρεσι,
830 798 950 861 καὶ,
992 786 1068 861 ὣς
1102 798 1274 860 είκδς,
1326 796 1817 866 ἐξεθαμϐήθησαν,
1866 794 2015 860 ἐξαί-

432 908 571 959 φνης
608 889 935 956 ἐντυχοῦσαι
966 889 1135 958 αὐτῷ.
1154 890 1213 940 'tl
1239 889 1296 942 δὲ
1317 887 1473 956 λέγει
1502 887 1722 949 αὑταῖς·
1759 886 1856 952 Μὴ
1920 886 2017 939 ὲκ-

430 977 773 1047 θσμϐεῑσθε,
815 980 909 1029 καὶ
941 979 1009 1030 τά
1039 978 1190 1046 ἐξῆς.
1236 978 1472 1047 Ὁμοίως
1504 977 1561 1030 δὲ
1592 976 1671 1046 τῷ
1705 976 1863 1039 ἐκτὸς
1916 978 2017 1044 ἀγ-

436 1068 595 1136 γέλῳ,
619 1068 716 1119 καὶ
745 1069 773 1119 6
807 1067 980 1130 ἐντὸς,
1030 1067 1250 1137 πρῶτον
1286 1065 1623 1121 ἀπαλλάττει
1673 1066 1878 1127 ταύτας
1925 1065 2019 1118 τοῦ

430 1156 699 1225 θάμϐους·
734 1156 945 1223 ἔπειτα,
982 1158 1110 1226 περὶ
1143 1158 1242 1229 τῆς
1277 1158 1643 1220 ἀναστάσεως
1678 1157 2016 1225 διαλέγεται.

430 1251 544 1303 Καὶ
580 1251 607 1302 6
636 1249 736 1318 μὲν
759 1251 936 1313 ἐκτὸς,
977 1250 1208 1319 φοϐερὸς
1249 1249 1341 1321 ἦν,
1379 1249 1469 1304 διά
1506 1252 1633 1313 τοὺς
1680 1252 1962 1319 φύλακαςς
1993 1252 2022 1301 6

431 1340 479 1391 δ’
509 1340 687 1403 ἐντὸς,
720 1340 783 1390 οὐ
831 1342 1101 1403 τοιοῦτος,
1132 1341 1223 1394 διά
1268 1344 1369 1405 τὰς
1401 1343 1693 1409 γυναῖκας.
1738 1341 1831 1392 Διὸ
1872 1342 2022 1393 ἐκεῖ·

433 1448 523 1483 νον
559 1432 660 1499 μὲν
693 1431 926 1495 ἰδοῦσαι,
963 1432 1321 1504 ἐφοϐήθησαν
1351 1428 1539 1501 αὗται·
1576 1436 1771 1486 τοῦτον
1798 1434 1855 1487 δέ
1882 1433 2022 1486 [606-

435 1539 524 1574 σαι
562 1522 1045 1593 ἐξεθαμϐήθησαν.
1074 1526 1147 1578 Τὸ
1176 1526 1255 1589 δὲ,
1283 1526 1406 1581 Ἴδε
1438 1530 1471 1581 ό
1498 1530 1701 1589 τόπος,
1746 1526 1872 1579 ἀντὶ
1901 1525 2021 1589 τοῦ,

446 1612 579 1663 Ἰδοὺ
601 1616 628 1664 6
650 1614 838 1677 τόπος.
904 1614 1203 1685 Ὀνομαστὶ
1232 1616 1290 1669 δέ
1324 1617 1639 1688 προσέθηκε
1672 1618 1763 1669 τὸν
1792 1618 2021 1685 Πέτρον,

437 1705 525 1756 ἵνα
557 1705 693 1773 γνῷ,
725 1708 810 1759 ὅτι
842 1708 1272 1777 συγκεχώρηται
1303 1710 1366 1761 τὸ
1397 1710 1628 1778 σφάλμα
1660 1712 1759 1779 τῆς
1785 1710 2023 1780 τριπλῆς

436 1797 721 1867 ἀρνήσεως
751 1798 840 1851 διά
876 1799 976 1867 τὴν
1010 1801 1226 1871 θερμὴν
1270 1802 1586 1870 μετάνοιαν,
1618 1803 1711 1854 καὶ
1737 1802 2021 1856 ἀναπνεύ-

2120 619 2203 660 rat
2234 608 2315 660 eis
2343 606 2583 675 ingredi.
2621 607 2881 674 ingressae
2913 605 2967 658 in
3002 616 3421 658 monumentum
3448 603 3706 656 viderunt

2120 700 2352 752 alterum
2381 698 2636 767 angelum
2665 697 2947 751 sedentem
2970 712 2997 749 a
3055 696 3245 749 dextra
3280 696 3449 761 ipsius
3504 701 3657 763 parte
3687 708 3705 757 ;

2119 800 2173 842 et
2206 800 2266 843 ut
2298 788 2596 843 verisimile
2640 797 2744 852 cst,
2776 787 2891 842 viso
2920 797 3147 856 repente
3181 801 3247 840 eo
3280 786 3703 854 obstupuerunt.

2120 883 2189 935 At
2245 882 2333 935 ille
2388 881 2523 935 dixit
2587 881 2668 934 eis
2706 880 2828 934 :Ne
2882 881 3274 948 obstupescatis,
3301 889 3407 934 etc.
3448 878 3514 931 Et
3565 877 3709 931 sicut

2123 974 2361 1029 exterior
2388 971 2747 1042 angelus,.ita
2807 981 2864 1025 et
2902 971 3152 1033 interior,
3186 970 3423 1040 primum
3487 969 3705 1038 quidem

2122 1075 2347 1132 stupore
2406 1078 2498 1117 eas
2553 1063 2789 1123 liberat;
2822 1062 3020 1116 deinde
3055 1076 3117 1116 ea
3177 1076 3297 1130 qua:
3348 1060 3421 1115 de
3464 1075 3712 1113 resurre-

2123 1158 2309 1212 ctione
2337 1165 2496 1209 erant
2532 1155 2776 1210 disserit.
2832 1153 2898 1209 Et
2927 1164 3075 1208 certe
3132 1154 3373 1208 exterior
3435 1151 3713 1206 timendus

2124 1257 2240 1303 erat
2302 1254 2526 1316 propter
2588 1246 2876 1310 custodes;
2969 1245 3196 1299 interior
3251 1259 3378 1298 vero
3425 1244 3547 1296 talis
3606 1259 3711 1295 nou

2126 1350 2263 1402 erat,
2289 1347 2519 1409 propter
2556 1337 2837 1392 mulieres.
2871 1338 3002 1393 Ideo
3056 1338 3149 1391 illo
3171 1337 3394 1407 quidem
3439 1335 3577 1395 viso.
3600 1334 3715 1388 ista:

2127 1434 2434 1485 timuerunt
2471 1447 2487 1497 ;
2522 1432 2625 1484 hoc
2655 1440 2838 1485 autem
2895 1432 3033 1492 viso,
3071 1432 3500 1497 obstupuerunt.
3527 1427 3716 1480 Nomi-

2125 1525 2296 1577 natim
2328 1532 2513 1577 autem
2574 1522 2798 1577 l‘etrum
2833 1523 3063 1585 addidit,
3106 1532 3164 1576 ut
3218 1522 3385 1575 sciret
3430 1522 3716 1573 remissum

2126 1616 2229 1669 sibi
2255 1630 2376 1669 esse
2406 1616 2566 1669 trime
2598 1614 2917 1685 negationis
2953 1616 3188 1681 lapsum,
3220 1622 3449 1682 prOpter
3504 1612 3719 1665 terven-

2127 1717 2236 1761 tem
2298 1705 2705 1776 penitentiam,
2741 1716 2796 1761 et
2833 1707 3133 1776 respiraret
3164 1724 3177 1757 :
3230 1706 3525 1772 absorptus
3559 1702 3723 1770 siqui-

2128 1797 2248 1850 dem
2276 1805 2396 1850 erat
2428 1798 2701 1851 immenso
2728 1812 2983 1852 maerore.
3014 1797 3237 1851 Addens
3281 1806 3464 1848 autem
3503 1809 3517 1843 :
3575 1791 3723 1845 Sicut

439 1903 529 1956 σῃ.
580 1888 689 1939 Καὶ
738 1888 849 1957 γὰρ
894 1888 1219 1942 ἐϐεϐύοιστο
1258 1894 1326 1959 τῇ
1367 1892 1593 1961 ἀμέτρῳ
1638 1892 1808 1961 λύπῃ.
1854 1891 2024 1945 Ἐπα-
2060 1879 2098 1936 Β
2131 1892 2189 1946 άὶη

1971 1908 2024 1944 ι-
2060 1879 2098 1936 Β
2131 1891 2267 1946 dixit
2299 1891 2463 1954 vobis,
2496 1890 2715 1945 reduxit
2758 1890 2840 1946 eis
2870 1891 2937 1945 ad
2988 1889 3308 1943 memoriam
3354 1886 3407 1943 id
3471 1885 3615 1954 quod
3668 1882 3721 1936 ἰ.ι

437 1976 627 2041 γαγὼν
647 1977 725 2041 δὲ,
751 1980 832 2030 ὅτι
870 1977 1079 2044 Καθὼς
1103 1976 1275 2033 εἶπεν
1310 1981 1474 2049 ὑμῖν,
1492 1983 1805 2050 ἀνέμνησεν
1827 1982 2027 2044 αὐτοὺς

434 2063 497 2121 οὗ
529 2066 683 2124 εἶπεν
712 2072 769 2122 ἐν
802 2071 878 2141 τῷ
903 2072 1022 2140 δρει
1058 2073 1165 2130 τῶν
1198 2074 1552 2136 Ἑλαιῶν,δ1ι
1586 2076 1743 2128 Μετὰ
1774 2078 1839 2128 τὸ
1864 2075 2029 2142 ἐγερ-

438 2162 620 2228 θῆναί
661 2182 774 2233 με.
808 2165 1047 2233 προάξω
1074 2165 1229 2235 ὑμᾶς
1263 2168 1353 2233 εις
1393 2166 1507 2235 τὴν
1550 2168 1910 2233 Γαλιλαίαν,
1947 2169 2023 2230 ὡς

438 2256 629 2327 είρηκε
654 2254 932 2317 Maxentio;
948 2257 1003 2306 ἐν
1021 2255 1099 2324 τῷ
1118 2255 1400 2326 ἑξηκοστῷ
1421 2258 1666 2328 τετάρτῳ
1682 2256 1983 2327 κεφαλαίῳ.

526 2346 587 2403 Ὀ
634 2348 693 2401 δὲ
744 2350 963 2412 Λουκᾶς
1020 2348 1287 2420 ἔγραψεν,
1320 2351 1405 2405 ὅτι
1463 2351 1578 2407 Καὶ
1616 2352 2033 2418 εἰσελθοῦσαι,

439 2444 552 2511 οὐχ
590 2436 772 2510 εὗρον
801 2442 865 2494 τὸ
892 2440 1064 2510 σῶμα
1091 2444 1195 2497 τοῦ
1222 2444 1447 2512 Κυρίου
1478 2445 1704 2512 Ἰησοῦ.
1746 2442 1858 2498 Καὶ
1913 2444 2035 2515 ἐγέυ

441 2551 579 2587 νετο
608 2533 695 2586 ἐν’
727 2532 807 2597 τῷ
836 2532 1247 2602 διαπορεῖσθαι
1281 2536 1469 2602 αὐτὰς
1505 2536 1636 2603 περὶ
1667 2538 1904 2599 τούτου,
1933 2536 2031 2589 καί

447 2625 599 2688 ίδοὺ,
640 2625 859 2692 ἄνδρες
887 2626 997 2681 δύο
1037 2628 1397 2694 ἐπέστησαν
1459 2631 1672 2695 αὑταῖς
1726 2630 1798 2684 ἐν
1854 2630 2033 2695 ἐσθή-

442 2734 625 2770 σεσιν
665 2720 1181 2785 ἀστραπτούσαις.
1225 2722 1532 2790 Ἐμφόεων
1574 2722 1642 2775 δὲ
1696 2723 2037 2792 γενομένων

448 2809 669 2871 αὐτῶν,
726 2812 824 2863 καὶ
877 2811 1229 2865 κλινουσῶν
1271 2814 1338 2867 τὸ
1394 2816 1727 2881 πρόσωπον
1775 2819 1857 2881 εἰς
1923 2818 2039 2882 τὴν

448 2905 586 2973 γῆν,
620 2902 797 2959 εἷπον
839 2907 991 2974 πρὸς
1035 2907 1245 2971 αὐτός’
1304 2909 1363 2962 Τί
1412 2908 1634 2972 ζητεῖτε
1698 2909 1803 2961 τὸν
1852 2908 2038 2969 ζῶντα

446 2998 597 3064 μετὰ
630 2994 747 3048 τῶν
782 2996 1035 3063 νεκρῶν;
1089 2998 1351 3065 Ἠγέρθη.
1381 2998 1491 3067 (83)
1522 3001 1632 3052 οὐκ
1668 3000 1843 3051 ἐστιν
1895 2993 2033 3053 ὦδε.

2140 1992 2323 2035 monte
2355 1980 2638 2037 Olivarum
2670 1984 2888 2038 dixerat
2914 2000 2927 2037 :
2965 1983 3253 2053 Postquam
3280 1988 3459 2034 autem
3493 1994 3728 2032 resurre-

2138 2093 2285 2141 σεῖο,
2300 2079 2593 2144 praecedam
2613 2094 2700 2131 vos
2728 2078 2780 2131 in
2796 2076 3100 2140 Galilwam,
3122 2075 3263 2128 sicut
3284 2072 3416 2127 dixit
3442 2070 3729 2124 Matthmus

2135 2170 2399 2225 vicesimo
2455 2178 2613 2225 sexto
2681 2169 2862 2238 capite
2886 2169 2955 2222 “.

2208 2358 2389 2414 Lucas
2427 2376 2557 2415 vero
2589 2360 2850 2431 scripsit:
2889 2358 2954 2413 Et
2991 2360 3242 2428 ingressu:
3269 2373 3370 2409 non
3422 2358 3731 2408 ἱνινειεετιιηι

2137 2467 2326 2519 corpus
2378 2452 2593 2508 Domini
2651 2454 2797 2509 Jesu.
2844 2452 2911 2506 Et
2984 2455 3182 2524 factum
3244 2460 3317 2504 est
3372 2451 3496 2503 dum
3564 2456 3733 2499 mente

2140 2555 2486 2599 consternatm
2514 2558 2683 2600 essent
2721 2562 2879 2613 super
2933 2546 3049 2608 hoc,
3104 2554 3149 2598 et
3186 2559 3300 2596 ecce
3324 2543 3428 2593 duo
3452 2541 3549 2592 viri
3579 2548 3736 2592 stete-

2141 2648 2265 2690 runt
2289 2638 2448 2705 juxta
2485 2639 2608 2693 illas
2659 2641 2712 2692 in
2744 2640 2971 2693 vestibus
3024 2637 3439 2707 ('ulgurantibns.
3503 2633 3738 2701 Cumque

2145 2732 2498 2799 expavissent,
2533 2739 2583 2782 et
2624 2729 2950 2784 declinarent
3006 2730 3207 2782 vultum
3236 2728 3288 2779 in
3348 2737 3568 2788 terram,
3594 2718 3737 2777 dixe-

2148 2833 2273 2876 runt
2302 2825 2371 2876 ad
2393 2823 2550 2875 illas:
2579 2822 2720 2887 Quid
2760 2822 2998 2892 quwi'itis
3029 2822 3282 2874 viventem
3313 2836 3427 2871 cum
3464 2818 3684 2871 mortuis
3718 2818 3740 2869 Ρ

2146 2914 2264 2966 Non
2291 2922 2365 2966 est
2396 2916 2498 2975 hi6,
2514 2914 2607 2966 sed
2635 2912 2884 2966 surrexit.
2920 2910 3234 2964 Mementote
3260 2908 3517 2978 quomodo
3535 2908 3740 2959 locutus

2145 3010 2212 3061 sit
2237 3006 2399 3067 vobis,
2436 3023 2553 3058 cum
2584 3006 2756 3058 adhuc
2792 3012 2923 3057 esset
2955 3004 3008 3056 in
3035 3002 3266 3057 Gaiilwa
3313 3003 3491 3054 dicens
3521 3017 3536 3054 :
3577 2999 3743 3069 Opor-

455 3088 566 3153 σει)
595 3089 943 3156 Μνήσθητε,
978 3092 1058 3156 ὡς
1087 3091 1399 3155 ἐλάλησεν
1427 3093 1591 3159 ὑμῖν,
1626 3092 1711 3145 ἔτι
1750 3092 1834 3145 ὢν
1880 3092 2037 3160 ὲντῇ
2067 3103 2115 3167 c
2149 3111 2205 3154 tet

1993 3092 2037 3160 ’ᾖ
2067 3103 2115 3167 c
2149 3109 2217 3154 tet
2247 3099 2441 3153 Filium
2468 3099 2694 3151 hominis
2728 3098 2869 3149 tradi
2902 3097 2956 3148 in
2988 3113 3180 3149 manus
3206 3097 3479 3148 hominum
3502 3103 3743 3162 peccato-

451 3182 771 3246 Γαλιλαίᾳ,
793 3180 1008 3249 λέγων,
1033 3182 1120 3235 ὅτι
1146 3182 1245 3236 Δεῖ
1266 3184 1370 3236 τὸν
1420 3184 1560 3236 Υίιέν
1584 3183 1688 3236 τοῦ
1720 3183 2039 3251 ἀνθρώπου

449 3271 862 3339 παραδοθῆναι
891 3276 979 3338 είς
1013 3275 1218 3341 χεῖρας
1260 3275 1595 3343 ἀνθρώπων
1646 3278 2037 3346 ἁμαρτωλῶν,

452 3364 548 3415 καί
577 3365 1020 3433 σταυρωθῆναι,
1046 3366 1141 3418 καί
1164 3366 1237 3434 τῇ
1263 3370 1429 3438 τρίτῃ
1453 3370 1642 3436 ἡμέρᾳ
1674 3370 2039 3438 ἀναστῆναι.

452 3457 557 3509 Καὶ
579 3457 982 3523 ἐμνήσθησαν
1010 3458 1127 3511 τῶν
1141 3460 1428 3525 ῥημάτων
1476 3464 1684 3517 αὑτοῦ.

536 3548 594 3600 ου
631 3548 733 3617 μὲν
786 3550 893 3621 γὰρ
929 3550 1247 3618 καθήμενος
1281 3552 1338 3603 ἐν
1378 3555 1492 3615 τοῖς
1536 3553 1733 3619 δεξιοῖς
1789 3554 2041 3622 ἀγγεληςς

450 3639 622 3691 εἰπὼν
651 3642 789 3709 πρὸς
826 3642 1019 3703 αὑτὰς,
1053 3642 1157 3695 ὅσα
1198 3644 1426 3714 Μᾶρκος
1467 3646 1833 3714 ἀπήγῩειλεν,
1870 3649 2044 3711 ὑπεξ‹

448 3736 638 3805 ἦλθεν,
670 3738 697 3789 δ
728 3740 820 3791 καὶ
854 3740 989 3793 αὐτὸ
1054 3742 1498 3811 παρασιωπηθὲν
1524 3742 1601 3812 τῷ
1637 3744 1873 3813 Μάρκῳ,
1907 3746 2045 3815 μετά

455 3839 550 3887 καὶ
601 3834 710 3885 rth
774 3834 1133 3902 δηλωθέντων
1177 3836 1283 3887 ὑπὸ
1343 3836 1437 3889 τοῦ
1490 3839 1699 3901 Λουχᾶ,
1768 3840 2049 3909 παρέσχεν

449 3924 657 3992 ὁμοίως
685 3926 943 3992 ἀπορίαν.
983 3927 1140 3978 Ἐπεὶ
1171 3927 1228 3979 δὲ
1268 3928 1365 3998 οὐχ
1410 3922 1571 3998 εὖρον
1595 3923 1757 3982 αὗται
1792 3931 1853 3981 τὸ
1888 3931 2046 3999 σῶμα

453 4015 549 4081 τοῦ
583 4016 791 4085 Κυρίου
836 4018 1037 4085 Ἰησοῦ,
1069 4020 1370 4089 διηπόρουν
1399 4022 1529 4090 περὶ
1567 4020 1762 4082 αὐτοῦ,
1795 4022 1850 4073 τί
1881 4023 2047 4089 γέγο-

455 4124 567 4159 νεν·
628 4106 785 4161 οὔπω
848 4110 958 4178 γὰρ
1008 4109 1276 4178 ἠδύναντο
1326 4112 1635 4175 πιστεύειν,
1682 4113 1765 4165 δτι
1821 4113 2046 4183 ἀνέστηο

457 4200 604 4253 οὕτω
629 4201 686 4254 δὲ
717 4201 1186 4273 διαπορουμέναις
1221 4205 1539 4272 ἐπέστησαν
1562 4206 1759 4269 αὑταῖς
1797 4209 1845 4259 oi
1875 4210 2048 4279 προρ-

457 4292 722 4360 ρηθέντες
748 4294 843 4347 δύο
884 4296 1136 4363 ἄγγελοι,
1177 4298 1237 4350 ὃν
1277 4314 1335 4349 τε
1393 4293 1536 4351 εἶδον
1574 4298 1678 4362 ἔξω
1711 4299 1811 4352 τοῦ
1850 4301 2047 4370 τάφου,

458 4388 552 4438 καὶ
590 4387 649 4439 ὃν
678 4389 978 4442 ἐθεάσαντο
1012 4390 1162 4443 ἔνδον
1194 4390 1390 4455 αὑτοῦ,
1424 4394 2043 4462 μετασχηματισθέντες

2146 3210 2288 3255 rum,
2324 3202 2373 3246 et
2407 3192 2667 3261 cruci/Egi,
2698 3207 2762 3243 ac
2802 3191 2955 3243 tertio
2991 3192 3075 3243 die
3127 3207 3417 3260 resurgere.
3456 3189 3522 3243 Et
3565 3205 3742 3242 recor-

2145 3294 2287 3347 datm
2302 3300 2423 3347 sunt
2449 3292 2723 3347 verborum
2752 3290 2895 3345 illius
2921 3292 2991 3345 ".

2223 3558 2461 3629 Angelus
2491 3557 2675 3626 itaque
2708 3556 2798 3626 qui
2820 3556 3047 3610 sedebat
3078 3570 3105 3607 a
3131 3555 3361 3617 dextris,
3417 3556 3620 3623 quique
3680 3554 3745 3606 ad

2147 3670 2244 3709 eas
2277 3654 2493 3709 dixerat
2521 3666 2583 3705 ea
2614 3666 2735 3719 qua:
2776 3649 2964 3704 retulit
2998 3648 3242 3709 Marcus,
3268 3648 3559 3717 disparuit.
3590 3648 3745 3711 Quod

2151 3749 2341 3808 etiam,
2371 3746 2497 3814 quia
2534 3758 2561 3797 a
2602 3744 2785 3797 Marco
2824 3742 3047 3795 silentio
3077 3740 3417 3809 pra‘teritum
3462 3748 3568 3799 est.
3622 3756 3747 3793 cum

2153 3846 2238 3900 Itis
2259 3859 2379 3914 quae
2403 3859 2430 3895 a
2467 3841 2609 3895 Luca
2642 3850 2857 3894 narrata
2884 3847 3034 3901 sunt,
3061 3838 3317 3892 similiter
3353 3836 3750 3905 obscuritatem

2153 3936 2387 4009 peperit.
2414 3934 2551 3988 Cum
2593 3942 2779 3986 autem
2816 3932 2949 4000 ipsa:
2977 3943 3179 3997 corpus
3215 3926 3427 3981 Domini
3478 3925 3607 3980 Jesu
3640 3942 3749 3978 non

2155 4029 2518 4093 invenissent,
2554 4032 2905 4095 expaverunt
2945 4023 3275 4094 cogitantes,
3299 4020 3431 4091 quid
3468 4020 3535 4075 de
3558 4034 3625 4073 eo
3670 4019 3750 4071 ia-

2154 4136 2302 4181 ctum
2335 4131 2503 4179 esset.
2538 4119 2790 4174 Nondum
2829 4117 2976 4172 enim
3016 4099 3245 4171 credere
3294 4121 3554 4183 poterant
3605 4112 3751 4180 quod

2155 4213 2597 4275 resurrexisset;
2651 4210 2725 4263 ita
2775 4203 3149 4263 consternatis
3201 4205 3337 4276 ipsis
3375 4214 3753 4274 apparuerunt

2156 4308 2265 4364 duo
2296 4305 2540 4378 praedicti
2566 4302 2764 4375 angeli,
2794 4301 2915 4356 etis
2953 4299 3211 4355 videlicet
3262 4314 3427 4367 quem
3459 4307 3614 4351 extra
3672 4312 3757 4348 se—

2159 4400 2409 4470 pulcrum
2452 4397 2730 4456 viderant.
2772 4402 2827 4448 et
2860 4408 3023 4462 quem
3066 4393 3120 4445 in
3174 4391 3293 4461 ipso
3330 4400 3755 4459 conspexerant,

456 4480 516 4531 ἐν
550 4480 844 4548 ἐσθήσεσιν
874 4483 1352 4552 ἀστραπτούσαις,
1383 4485 1471 4537 ἴνα
1505 4486 1598 4537 καὶ
1639 4461 1843 4554 μᾶλλον
1872 4487 2041 4556 ἄγγε-
2086 4461 2130 4521 D
2159 4461 2206 4546 tr

2006 4507 2041 4538 ι·
2086 4461 2130 4521 D
2159 4461 2537 4560 transﬁgurati
2574 4489 2626 4543 in
2662 4461 2912 4542 vestibus
2942 4484 3373 4555 I’ulgurantibus,
3412 4492 3471 4536 ut
3496 4481 3658 4534 etiam
3688 4482 3756 4532 ob

454 4572 539 4623 λοι
568 4572 703 4626 Θεοῦ
745 4574 965 4640 δόξωσι,
997 4575 1076 4646 τῷ
1123 4576 1294 4647 ρᾳδίῳ
1330 4576 1425 4630 τοῦ
1476 4581 2033 4650 μετασχηματισμοῦ·

458 4666 725 4734 ἐμφόϐων
776 4669 835 4721 δὲ
868 4670 1185 4741 γενομένων
1235 4672 1444 4734 αὐτῶν,
1476 4673 1570 4724 ἐπὶ
1601 4674 1679 4743 τῷ
1724 4673 1900 4743 καινῷ
1950 4674 2051 4743 τῆς

452 4759 657 4828 ὅψεως,
714 4762 807 4814 καὶ
854 4763 931 4831 μὴ
965 4764 1287 4833 δυναμένων
1322 4763 1546 4834 βλέπειν
1590 4768 1672 4829 είς
1704 4766 1927 4828 αὖτοὺς,
1965 4767 2052 4820 διὰ

456 4852 521 4904 τὸ
576 4853 685 4905 τῶν
737 4855 992 4925 ἐσθήτων
1040 4857 1154 4927 (85)
1200 4859 1648 4930 ἀστραπηϐόλον,
1704 4855 1859 4912 εἶπον
1913 4861 2048 4930 πρὸς

457 4944 654 5008 αὐτὰς,
687 4948 877 5001 οὐκέτι
920 4950 1136 5018 πράως,
1193 4951 1271 5015 ὡς
1312 4954 1603 5023 πρότερον,
1640 4952 1759 5005 ἀλλ’
1813 4951 2053 5019 ἐπιπλη-

459 5036 681 5104 κτικῶς,
699 5038 786 5092 διὰ
809 5040 908 5111 τὴν
934 5042 1193 5094 ἀπιστίαν
1218 5042 1421 5097 αὐτῶν⁹
1454 5046 1513 5098 Τί
1533 5044 1753 5111 ζητεῖτε
1784 5043 1889 5096 τὸν
1910 5040 2049 5102 ζῶν-

460 5144 533 5181 ta
566 5131 717 5198 μετὰ
760 5130 881 5186 τῶν
920 5133 1173 5203 νεκρῶν,
1217 5135 1410 5206 ἡγουν,
1470 5136 1546 5200 ὡς
1606 5136 1800 5205 νεκρόν
1836 5154 1847 5200 ;
1882 5134 2057 5187 Τοῦτο

564 5272 610 5304 ⁸⁸
644 5271 837 5329 Matth.
870 5291 1020 5332 xxvt.
1059 5276 1149 5331 δὲ.
1264 5277 1308 5309 ⁸⁷
1341 5276 1473 5331 Luc.
1506 5294 1653 5343 xxiv,
1683 5278 1801 5331 3-8.

2161 4585 2511 4655 splendorem
2547 4582 2626 4652 (ιι)
2665 4580 3138 4637 tranformationis
3181 4576 3428 4648 apertius
3462 4574 3635 4644 angeli
3664 4574 3755 4625 Dt'i

2162 4678 2502 4732 viderentur.
2539 4675 2677 4729 Cum
2712 4680 2914 4729 autem
2956 4687 3100 4727 novo
3157 4680 3384 4741 aspectu
3443 4669 3761 4723 conterrita:

2163 4776 2370 4826 essent.
2395 4782 2495 4821 nec
2527 4774 2751 4833 possent
2802 4765 2873 4818 ob
2935 4764 3171 4817 vestium
3232 4760 3673 4816 coruscatinnem
3710 4758 3761 4808 in

2163 4878 2260 4916 cos
2300 4861 2579 4931 respicere
2601 4902 2616 4924 ,
2652 4859 2917 4912 dixerunt
2945 4857 3012 4911 ad
3043 4871 3136 4909 eas
3169 4870 3278 4908 non
3331 4853 3440 4923 jam
3476 4857 3764 4904 mansuete

2165 4964 2225 5008 ut
2279 4953 2453 5022 prius,
2515 4951 2610 5006 sed
2672 4949 2998 5019 objurgandi
3038 4947 3200 5002 modo
3246 4952 3470 5014 propter
3522 4941 3760 5009 ipsarum

2166 5044 2655 5100 incredulitatem:
2709 5044 2769 5099 Ut
2835 5042 2962 5113 quid
3024 5040 3261 5105 quwritis
3332 5037 3589 5089 viventem
3646 5047 3764 5081 t‘ttm

2169 5136 2391 5193 mortuis
2438 5137 2462 5190 ?
2521 5146 2783 5206 tanquam
2839 5134 3092 5189 videlicet
3164 5127 3492 5186 mortuum?
3534 5124 3665 5178 Nam
3714 5122 3764 5175 id

1660 5432 1859 5495 Vat-im
1914 5434 2216 5498 lectiones
2255 5441 2317 5496 et
2362 5440 2553 5496 noue.

536 5594 649 5667 (83)
681 5594 945 5667 έΙΙγέρθη.
979 5600 1156 5662 abest,
1189 5602 1250 5654 Α.

534 5666 646 5735 (84)
680 5666 1077 5739 Ἀλλ“ἠγέρθη.
1106 5672 1281 5735 addit,
1319 5670 1386 5725 Α.

468 5900 587 5950 ioco
667 5895 737 5966 τῷ
766 5899 953 5968 suam.

2248 5601 2361 5671 (85)
2388 5600 2858 5675 Ἀστραπήϐολον,
2892 5601 2955 5657 Α.

549 5825 615 5889 in)
659 5824 732 5902 Οῤ
764 5825 1113 5902 splendorem.
1146 5825 1227 5883 Ob
1281 5827 1626 5895 facilitatem,
1662 5828 2029 5885 celeritatem.
2065 5827 2263 5887 Nescio
2294 5844 2428 5887 sane
2464 5828 2591 5902 quid
2652 5828 2845 5902 legerit
2884 5828 3179 5902 interpres.
3234 5828 3397 5885 Forte
3455 5828 3530 5899 τῷ
3559 5827 3769 5900 ᾠριίῳ,
