4432 6450
426 406 534 470 757

1239 408 1623 470 COMMENT.
1669 411 1746 472 IN
1788 413 2261 475 ΜΑΤΤΗιΕυΜ.
2303 444 2358 454 -
2394 418 2551 477 CAP.
2586 419 2859 479 XXVIII.

3594 420 3702 484 758

427 516 578 583 κοῆς.
634 514 898 584 Ἑλάλησε
929 515 1007 581 δλ,
1040 516 1129 569 ἴνα
1164 518 1405 586 μάλιστα
1436 524 1784 593 γνωρίσωσιν
1822 525 2008 586 αὑτὸν,
2041 532 2084 583 Α
2115 530 2177 583 ad

1946 541 2008 586 ιν,
2041 532 2084 583 Α
2115 530 2181 583 ad
2208 531 2519 585 habendum
2545 548 2864 605 maerorem.
2901 532 3142 585 Locutus
3202 540 3286 584 est
3330 542 3537 592 autem.
3575 541 3633 584 ut
3667 544 3696 581 ι

425 609 534 660 ἀπὸ
578 606 676 675 τῆς
712 607 921 675 φωνῆς,
969 609 1122 676 καὶὴ
1169 611 1363 681 πρώτη
1413 615 1568 684 φωνὴ
1627 616 1791 667 αὐτοῦ
1834 617 2008 684 χαρᾶς

427 695 764 761 σύαγγάλιον.

485 788 555 839 ΑΙ
587 815 659 824 -
681 786 863 852 αὐτῷ.
896 789 961 841 AI
1005 790 1108 859 μὲν
1136 792 1201 844 ἐκ
1240 793 1409 845 πόθου
1452 795 1544 846 καὶ
1585 797 1751 863 τιμῆς
1783 796 2009 857 τούτους

423 873 541 941 (96)
596 877 933 946 ικράτησαν·
991 880 1019 930 ό
1078 880 1136 933 δὲ
1193 882 1295 933 οὐκ
1345 881 1694 946 ἀπεκώλυσι,
1754 884 2010 951 παρέχων

424 966 911 1041 πληροφορηθῆναι
935 970 1026 1023 διὰ
1053 971 1153 1042 τῆς
1182 973 1349 1043 ἁφῆς,
1378 975 1462 1026 δτι
1496 975 1598 1027 οὐκ
1630 974 1748 1027 ἐστι
1786 975 2005 1042 φάσμα.

501 1149 638 1201 Τότε
686 1182 752 1194 δ-
782 1150 1082 1217 φσσεῖσθε.
1115 1152 1287 1205 Πάλιν
1318 1155 1417 1206 καὶ
1457 1155 1620 1217 αὐτὸς
1649 1156 1709 1209 τὸ
1754 1158 1872 1220 δέος
1908 1159 2009 1212 αὖ·

425 1238 535 1291 τῶν
567 1239 678 1307 (97)
716 1240 972 1293 ἔκδάλλει
1011 1243 1267 1311 πρῶτον
1310 1242 1430 1298 εἶτα
1465 1248 1841 1319 παραγγέλλει
1882 1251 2010 1319 περὶ

420 1331 530 1383 τῶν
560 1332 843 1402 μαθητῶν,
881 1332 1142 1403 βεδαιιῖιν,
1176 1337 1259 1389 ὅτι
1289 1337 1517 1405 ἄγγελοι
1550 1339 1720 1392 αὑτοῦ
1750 1337 1893 1411 ἦσαν
1918 1354 1937 1405 ,’
1961 1347 2009 1396 οἱ

422 1426 797 1491 προφανέντες
819 1428 911 1479 καὶ
938 1428 1050 1494 (98)
1074 1432 1688 1500 προπαραγγειλαντες.

505 1516 788 1583 Ὑπάγετε
811 1548 877 1559 -
906 1519 1177 1585 ὄψονται.
1236 1520 1369 1584 Ταῖς
1401 1523 1652 1589 γυναιξὶν
1687 1527 2011 1590 ἀποστόλοις

423 1608 699 1677 ὲχρήσστο
731 1611 867 1678 πρὸς
893 1612 1019 1673 τοὺς
1052 1610 1412 1676 ἀποστόλους,
1446 1619 1688 1685 τιμήσας
1717 1618 1779 1669 τὸ
1804 1619 2011 1689 ἀτιμω-

422 1698 515 1750 θὲν
566 1700 734 1765 γένος
784 1701 848 1753 ὲκ
885 1702 985 1769 τῆς
1036 1701 1259 1772 ἀπάτης
1305 1704 1402 1757 τοῦ
1436 1706 1634 1775 δφεως.
1673 1709 1782 1762 Καὶ
1820 1710 2009 1780 ἐπειδὴ

420 1791 593 1844 πάλαι
635 1793 773 1863 γυνὴ
812 1793 1004 1861 γέγονα
1058 1793 1137 1862 τῷ
1169 1794 1328 1865 ἀνδρὶ
1368 1796 1618 1861 διάκονος
1661 1799 1861 1870 λύπης,
1913 1800 2010 1853 νῦν

418 1885 679 1949 γυναῖκες
735 1885 978 1951 γίνονται
1036 1888 1148 1949 τοῖς
1209 1888 1443 1958 ἀνδράσι
1506 1890 1752 1943 διάκονοι
1806 1894 2005 1961 χαρᾶς.

431 1973 722 2044 Ἀδελφούς
744 1975 799 2027 δὲ
838 1977 967 2039 τοὺς
1001 1979 1342 2043 ἀποστόλους
1376 1985 1855 2051 προσηγόρευσεν·
1892 1984 2007 2052 ἅμα

422 2067 519 2134 μὲν
551 2066 641 2119 διὰ
684 2068 786 2138 τὴν
833 2069 1272 2140 ἑνανθρώπησιν·
1322 2073 1545 2140 ἀδελφοὶ
1594 2076 1703 2145 γὰρ
1760 2076 2010 2145 ἀλλήλων

418 2158 657 2222 ἅπαντες
690 2160 990 2228 ἀνθρωποιο
1021 2161 1138 2232 ἅμα
1171 2163 1228 2218 δὲ
1280 2164 1375 2219 καὶ
1414 2166 1553 2236 πρὸς
1589 2167 1757 2237 τιμὴν
1804 2168 2005 2221 αὐτῶν.

488 2341 913 2411 Πορευομένων
940 2343 1009 2397 δὲ
1032 2345 1236 2401 αὐτῶν
1258 2377 1330 2388 -
1358 2348 1429 2403 τὰ
1459 2352 1774 2418 γενόμενα.
1808 2351 1872 2403 Ol
1896 2350 2008 2421 (99)

418 2435 883 2504 καταλειφθέντες
918 2439 1051 2510 παρ’
1084 2440 1159 2509 (1)
1194 2440 1349 2513 αὐτῷ
1380 2441 1647 2511 φύλακες,
1672 2444 1705 2514 ἢ
1729 2445 1777 2496 οἱ
1808 2446 2007 2514 ἐπιση-

422 2528 647 2599 μότεροι
682 2528 913 2585 τούτων.

491 2622 600 2676 Kal
651 2652 718 2662 —-
775 2624 1184 2693 κοιμωμένων.
1250 2626 1531 2697 Πρότερον
1584 2630 1686 2697 μὲν
1727 2630 2011 2699 ὠνήσαντο

419 2715 511 2766 τὸν
539 2714 700 2782 φόνον
737 2716 907 2770 αὑτοῦ
929 2758 945 2783 ,
976 2716 1074 2772 νῦν
1112 2718 1168 2771 δὲ
1199 2719 1471 2776 ὠνοῦνται
1508 2724 1603 2775 καὶ
1628 2723 1730 2792 τὴν
1756 2726 2013 2796 ἀλήθειαν

419 2809 520 2877 τῆς
538 2808 894 2872 ἀναστάσεως
918 2811 1110 2876 αὐτοῦ,
1141 2813 1237 2865 καὶ
1261 2812 1497 2868 πατοῦσι
1521 2815 1581 2867 τὺ
1608 2818 1811 2871 οἰκεῖον
1838 2836 2015 2874 συνει-

418 2900 527 2964 δὸς,
557 2903 650 2954 καὶ
675 2902 794 2955 οὐδὲ
816 2902 943 2965 τοὺς
966 2904 1217 2971 φύλακας
1244 2906 1541 2974 αἰδοῦνται,
1572 2914 2013 2982 κακουργοῦντες

422 2993 517 3045 καὶ
555 2992 1042 3058 συγκαλύπτοντες
1076 2996 1177 3064 μὲν
1215 2996 1315 3067 τὴν
1344 2997 1608 3068 ἀλήθειαν
1630 3040 1645 3063 ,
1681 3002 2013 3069 πλάττοντες

420 3084 479 3136 δὲ
524 3083 583 3136 τὸ
630 3084 860 3153 ψεῦδος,
910 3087 1007 3139 καὶ
1054 3087 1336 3157 χρώμενοι
1382 3091 1575 3144 τούτου
1625 3093 1700 3163 (2)
1745 3096 2016 3161 διακόνοις

420 3179 534 3239 τοῖς
556 3178 630 3246 (3)
658 3179 874 3249 ἐκείνης
902 3178 976 3249 (ι)
1008 3180 1302 3252 μάρτυσιν.

497 3271 607 3325 Kal
644 3302 715 3312 —
749 3274 1109 3342 ποιήσομεν.
1147 3275 1380 3329 Πείσετε
1409 3278 1595 3341 αὑτὸν,
1634 3280 1711 3342 ὠς
1741 3281 2016 3349 εύεξαπάο

422 3380 611 3431 τητον.
674 3363 734 3415 Ei
781 3365 891 3434 γὰρ
950 3367 1223 3437 σταθηρός
1284 3371 1455 3433 ἐστιν,
1510 3371 1609 3424 οὐκ
1654 3372 1721 3425 ἂν
1764 3375 2013 3444 πείσητε.

422 3455 636 3524 Σφόδρα
670 3456 779 3524 γὰρ
810 3456 1074 3521 ἀπίθανος
1106 3459 1133 3510 ό
1165 3459 1324 3527 λόγος
1356 3462 1531 3531 ὑμῶν.
1566 3463 1633 3515 Τί
1668 3465 1779 3533 γὰρ
1812 3467 2016 3536 κερδᾶ-

422 3566 510 3601 ναι
552 3549 840 3618 μέλλοντες
881 3550 1115 3619 ἔκλεψαν
1155 3551 1221 3605 ἂν
1264 3554 1468 3618 αὑτόν;
1515 3555 1641 3617 Πῶς
1682 3556 1741 3608 δὲ
1784 3558 1861 3627 (5)
1901 3560 2017 3623 καὶ,

423 3642 684 3710 φυλάκων
726 3644 1003 3697 τοσούτων
1061 3646 1159 3699 καὶ
1213 3647 1479 3700 τοιούτων
1532 3651 2021 3720 παρακαθημένων

422 3730 612 3783 ἔλαθον
634 3732 734 3798 ἀνς
763 3733 885 3797 Πῶς
916 3735 973 3786 δὲ
1009 3735 1105 3788 κα)⁸
1132 3735 1461 3806 τηλικούτου
1488 3739 1738 3792 κινδύνου
1774 3744 2022 3796 κατετόλ-

422 3842 629 3894 μησαν,
651 3827 939 3895 εὐπτόητοι
976 3828 1190 3898 ἄνδρες,
1215 3820 1290 3882 ὧν
1321 3830 1349 3881 ὀ
1374 3830 1475 3899 μὲν
1506 3836 1807 3901 κορυφαῖος
1832 3852 2021 3902 γυναι-

423 3918 614 3981 κάριον
662 3917 940 3982 δειλιᾶσας
984 3921 1267 3991 ἠρνήσατο
1321 3921 1413 3974 τὸν
1456 3922 1816 3977 Διδάσκαλον·
1876 3928 1924 3978 οἱ
1978 3928 2022 3979 δ’

421 4006 596 4073 ἄλλοι,
630 4007 999 4079 δεσμούμενον
1042 4012 1208 4064 αὑτὸν
1270 4011 1492 4079 ἰδόντες,
1527 4015 1760 4084 ἔφυγον;
1802 4019 1918 4081 πῶς
1967 4021 2021 4074 δὲ

422 4100 539 4163 καὶ,
568 4100 857 4170 δυνάμενοι
892 4103 1085 4173 κλέψαι
1112 4104 1274 4157 αὐτὸν
1304 4106 1607 4171 ἀκινδύνως
1641 4112 1697 4161 ὲν
1728 4112 1792 4181 τῇ
1828 4112 2019 4182 πρώτῃ

421 4190 613 4253 νυκτὶ,
665 4192 754 4244 ὅτε
810 4192 985 4256 οὐδεὶς
1043 4197 1134 4247 τὸν
1180 4196 1353 4264 τάφον
1411 4198 1745 4266 ἐφύλαττεν,
1816 4203 2021 4257 εἴλοντο

422 4280 617 4349 κλέψαι
647 4282 811 4334 αὑτὸν
838 4284 1199 4349 ἐπικινδύνως
1247 4288 1306 4340 ὲν
1335 4290 1404 4357 τῇ
1431 4287 1667 4360 δευτέρῃ
1703 4293 1881 4354 νυκτὶ,
1932 4295 2020 4347 ὅτε

420 4373 683 4444 παρῆσαν
714 4376 764 4427 οἱ
818 4376 1101 4445 φύλακες;
1145 4378 1289 4433 Ἀλλ’
1320 4380 1443 4450 ὅρα,
1480 4382 1599 4444 πῶς
1635 4384 1757 4436 καθ’
1805 4386 2020 4439 ἑαυτῶν

419 4466 763 4520 ἐσπούδασαν
793 4470 843 4522 οἱ
890 4472 1294 4543 ματαιόφρονες
1335 4474 1608 4541 Ἰουδαῖοι,
1658 4477 1845 4541 καθὼς
1874 4481 2019 4531 ἀνω-

2114 634 2245 673 voce
2279 621 2454 690 magis
2499 630 2899 691 cognoscerent
2928 638 3053 675 eum
3088 639 3105 686 ;
3135 631 3192 675 et
3230 621 3404 689 prima
3439 621 3562 689 ejus
3592 636 3697 673 vox

2112 710 2295 763 laetum
2340 712 2522 780 gaudii
2561 714 2817 766 nuntium
2846 712 2970 766 fuit.

2184 798 2337 854 Vers.
2366 802 2420 855 9.
2462 799 2581 854 Illae
2609 831 2677 840 —
2711 818 2851 855 eum.
2907 802 3014 854 ιιιςε
3050 800 3274 869 quidem
3321 815 3384 853 cx
3420 798 3701 851 desiderio

2111 899 2166 945 ct
2197 893 2509 947 reverentia
2544 893 2643 947 hos
2677 901 3017 957 tenuerunt;
3064 893 3183 962 ipse
3231 906 3359 955 vero
3400 905 3507 942 non
3560 904 3693 957 pro-

2113 983 2310 1049 Itibuit,
2358 995 2623 1054 praestans
2649 996 2707 1040 ut
2737 1002 2833 1056 per
2853 996 3057 1041 tactum
3093 986 3357 1039 certimes
3413 982 3697 1036 efficeren-

2114 1085 2224 1142 tur,
2247 1078 2393 1146 quod
2432 1079 2759 1146 phantasma
2783 1096 2895 1132 non
2923 1089 3090 1133 esset.

2187 1168 2344 1223 Vers.
2371 1168 2455 1222 10.
2477 1170 2618 1223 Tunc
2651 1201 2721 1210 —
2742 1173 2941 1225 timete.
2975 1172 3213 1225 Rursum
3247 1180 3300 1223 ct
3328 1171 3444 1237 ipse
3477 1181 3699 1236 quoque

2116 1262 2329 1328 repellit
2357 1262 2535 1329 primo
2566 1262 2817 1315 timorem
2836 1277 3049 1324 earum,
3085 1261 3281 1313 deinde
3318 1260 3384 1312 de
3409 1258 3699 1325 discipuli»-

2115 1350 2362 1420 praecipit
2398 1350 2769 1404 :conftrmans
2814 1366 2969 1413 suos,
3004 1343 3176 1404 fuisse
3216 1349 3440 1418 angulos
3489 1362 3583 1401 eos
3609 1347 3702 1413 qui

2115 1441 2269 1509 prius
2296 1452 2688 1509 apparuerant.
2722 1450 2779 1495 et
2808 1443 3001 1497 eadem
3041 1450 3439 1509 praeceperant.

2190 1532 2344 1586 Vers.
2377 1532 2463 1587 I0.
2502 1534 2579 1586 lle
2604 1563 2671 1573 —
2693 1535 2961 1587 videbunt.
3009 1533 3324 1587 Mulieribus
3353 1548 3451 1600 pro
3482 1540 3706 1599 aposto-

2118 1624 2183 1677 lis
2216 1640 2345 1678 usus
2378 1635 2463 1678 est
2491 1626 2559 1678 ad
2588 1626 2885 1695 apostolos,
2916 1626 3194 1679 houorans
3221 1624 3393 1694 genus
3444 1622 3591 1690 quod
3639 1638 3703 1674 ex

2115 1716 2384 1783 serpentis
2415 1714 2735 1768 scductione
2770 1716 2976 1768 infame
3003 1715 3206 1768 factum
3244 1716 3439 1767 fuerat.
3486 1711 3548 1766 Et
3569 1711 3697 1780 quia

2117 1804 2245 1857 olitn
2278 1804 2474 1857 mulier
2499 1804 2613 1858 viro
2657 1804 2797 1859 facta
2830 1814 2917 1857 est
2959 1806 3211 1858 ministra
3255 1803 3529 1865 maeroris,
3557 1817 3706 1854 nunc

2115 1894 2376 1949 mulieres
2408 1893 2545 1947 fiunt
2579 1896 2711 1948 viris
2760 1894 3026 1949 ministra:
3057 1893 3262 1964 gaudii.
3299 1891 3517 1944 Fratres
3581 1905 3709 1942 rem

2114 1986 2409 2054 appellavit
2442 1988 2740 2055 apostolos.
2781 1986 2945 2039 simul
3004 1985 3227 2054 quidem
3260 1992 3484 2052 propter
3529 1983 3709 2034 incar—

2116 2080 2435 2135 nationem:
2472 2082 2670 2136 fratres
2696 2082 2968 2150 siquidem
3044 2088 3175 2134 sunt
3224 2081 3368 2132 inter
3419 2092 3478 2131 se
3516 2086 3708 2130 mutuo

2115 2189 2309 2228 omnes
2347 2173 2640 2240 homines;
2680 2174 2841 2227 simul
2877 2172 3044 2227 etiam
3106 2171 3171 2225 ad
3226 2169 3495 2225 honorem
3560 2168 3708 2235 ipso-

2116 2281 2258 2318 rum.

2185 2356 2342 2410 Vcrs.
2368 2356 2454 2410 II.
2478 2355 2594 2410 Illis
2618 2365 2791 2409 autem
2820 2357 3132 2409 abeummus
3152 2386 3220 2395 -—
3248 2372 3364 2425 qua:
3378 2357 3706 2409 acciderant.

2114 2450 2365 2515 Quidam,
2391 2451 2426 2504 ii
2444 2449 2718 2512 videlicet.
2745 2451 2836 2518 qui
2866 2451 2934 2504 ab
2952 2450 3035 2507 eis
3061 2449 3315 2504 custodes
3335 2450 3508 2503 relicti
3532 2459 3710 2511 erant;

2116 2544 2222 2607 vel,
2246 2543 2338 2613 qui
2370 2558 2435 2596 ex
2464 2546 2546 2596 eis
2580 2542 2915 2612 insigniores
2952 2552 3132 2596 erant.

2190 2638 2345 2691 νει-ε.
2385 2636 2470 2690 12.
2512 2635 2575 2690 Et
2598 2634 2830 2690 ——Vers.
2874 2635 2959 2689 l3.
2982 2636 3386 2688 dormientibus.
3418 2633 3715 2703 Priusqui-

2117 2728 2239 2781 dem
2275 2722 2531 2781 emerunt
2563 2726 2769 2780 c:edem
2795 2726 2935 2794 ejus,
2966 2741 3113 2779 nunc
3136 2741 3268 2779 vero
3298 2726 3460 2778 etiam
3518 2716 3716 2777 veriti-

2121 2831 2228 2875 tem
2266 2828 2458 2873 emunt
2513 2817 2938 2884 resurrectionis
2970 2817 3136 2879 illius.
3180 2824 3235 2872 et
3270 2817 3547 2886 propriam
3576 2831 3715 2870 con-

2117 2915 2338 2968 culcant
2369 2911 2777 2968 conscientiam
2818 2927 2831 2963 :
2875 2925 2979 2963 nec
3012 2909 3179 2979 pudet
3211 2909 3359 2979 ipsos
3410 2908 3714 2977 depravare

2118 3007 2398 3072 custodes,
2418 3006 2507 3059 sed
2539 3004 2717 3058 edicto
2753 3002 3041 3060 mendacio
3096 3002 3257 3057 simul
3293 3018 3416 3055 cum
3448 3002 3527 3054 eis
3574 3000 3717 3053 veri-

2122 3108 2288 3153 tatem
2342 3098 2643 3161 occultant,
2701 3106 2923 3151 utentes
2980 3096 3045 3148 iis
3083 3096 3177 3165 qui
3240 3094 3487 3148 veritatis
3551 3101 3717 3148 restes

2039 3214 2085 3275 ρ
2120 3201 2297 3254 erant,
2332 3200 2392 3244 ut
2424 3190 2702 3245 mendacii
2742 3191 2935 3245 ﬁerent
2960 3189 3220 3243 ministri.

2199 3286 2356 3339 Vers.
2420 3284 2509 3338 Η.
2575 3283 2643 3337 Et
2684 3312 2753 3324 —
2803 3283 3079 3350 faciemus.
3118 3280 3524 3335 Persuadebitis
3565 3280 3630 3341 ei,
3666 3290 3720 3332 nt

2124 3379 2216 3448 qui
2248 3377 2406 3431 facile
2451 3385 2631 3445 potest
2660 3375 2794 3430 falli.
2844 3373 2981 3429 Nam
3012 3374 3057 3428 si
3089 3374 3299 3429 stabilis
3319 3383 3488 3433 esset,
3524 3389 3721 3440 nequ;i-

2125 3482 2288 3535 quam
2342 3466 2390 3519 ei
2425 3465 2853 3534 persuaderitis;
2889 3463 3048 3517 valde
3093 3465 3241 3516 enim
3306 3461 3576 3515 absurdus
3639 3472 3723 3513 est

2126 3575 2305 3615 sermo
2331 3570 2535 3613 vester.
2578 3559 2699 3624 Quo
2734 3558 2939 3611 etenim
2965 3556 3118 3610 lucro
3142 3566 3301 3609 erant
3348 3555 3528 3624 ipsum
3580 3553 3724 3607 furto

2127 3653 2394 3706 sublaturi
2418 3651 2439 3703 ἲ
2462 3650 2748 3715 Quomodo
2778 3649 2829 3701 in
2868 3659 3020 3703 tanto
3048 3648 3297 3717 periculo
3327 3647 3446 3699 ausi
3484 3645 3721 3699 fuissent

2127 3747 2264 3800 adeo
2326 3744 2540 3798 timidi?
2579 3758 2814 3813 quorum
2883 3742 2928 3796 is
2959 3741 3052 3811 qui
3121 3742 3433 3810 przecipuus
3465 3739 3537 3808 (ο)
3581 3751 3723 3802 erat,

2130 3837 2465 3892 muliercula:
2490 3844 2637 3905 tnctu
2663 3836 3061 3904 Prmccptorcm
3091 3832 3341 3904 negavit;
3388 3833 3572 3885 catteri
3623 3846 3724 3883 au-

2129 3939 2259 3988 tem.
2292 3943 2417 3982 cum
2449 3927 2720 3981 vidissent
2751 3926 2895 3995 quod
2935 3925 3131 3995 ligatus
3153 3932 3323 3981 esset.
3350 3922 3725 3992 aufugerunt?

2127 4021 2413 4086 Quomodo
2450 4021 2638 4083 etiam,
2672 4035 2798 4074 cum
2843 4018 3015 4088 prima
3048 4026 3209 4072 nocte
3249 4018 3456 4085 absque
3483 4016 3727 4084 pericqu

2128 4112 2298 4165 furari
2337 4126 2463 4164 eum
2502 4108 2828 4178 potuissent.
2861 4107 3084 4176 quando
3118 4105 3319 4159 nullus
3345 4105 3603 4158 servabat
3634 4120 3725 4156 se-

2128 4204 2403 4275 pulcrum,
2462 4203 2752 4266 elcgerunt
2795 4203 2975 4267 potius
3038 4197 3281 4252 secunda
3316 4206 3479 4250 nocte
3529 4212 3727 4265 magno

2126 4311 2250 4350 cum
2292 4292 2535 4364 pericqu
2568 4293 2745 4362 ipsum
2775 4289 2968 4353 furari.
3011 4289 3372 4359 praesentibus
3401 4288 3512 4357 jam
3542 4295 3726 4341 custo-

2125 4386 2337 4442 dibus?
2390 4384 2499 4439 Sed
2530 4384 2963 4452 videquomodo
3028 4383 3296 4437 adversus
3345 4382 3559 4450 seipsos
3605 4381 3728 4433 dili-

2126 4480 2367 4551 gentiam
2415 4479 2791 4533 adhibuerunt
2826 4492 2962 4531 vane
2995 4476 3277 4546 sapientes
3309 4473 3505 4535 .Iud;L-i,
3553 4471 3728 4526 veluti

416 4560 563 4628 τέρω
596 4560 671 4630 (6)
702 4561 1116 4634 δεδηλώκαμεν.
1151 4565 1212 4617 ΕΞ
1244 4568 1355 4637 γὰρ
1379 4568 1438 4619 ού
1473 4569 1858 4637 παρεκάθιοαν
1889 4575 2014 4636 τοὺς
2058 4571 2097 4623 D
2124 4585 2166 4628 el

1977 4593 2014 4636 ις
2058 4571 2097 4623 D
2124 4574 2290 4628 etiam
2329 4572 2584 4641 superius
2617 4571 3069 4639 significavimus.
3130 4569 3242 4622 Nisi
3271 4568 3419 4622 enim
3462 4566 3727 4621 custodes

418 4651 689 4720 φύλακας,
719 4653 975 4708 ὲδύναντό
994 4675 1047 4709 τι
1080 4657 1261 4725 λέγειν
1288 4659 1421 4729 περὶ
1455 4661 1666 4730 κλοπῆς
1688 4679 1701 4691 ·
1737 4663 1832 4714 νῦν
1862 4662 1920 4715 δὲ
1953 4666 2015 4717 ού

414 4743 675 4799 δύνανται
701 4750 852 4816 παρὰ
889 4749 1175 4813 δικασταῖς
1202 4751 1403 4817 εύθὲσι,
1431 4752 1769 4823 πολλαχόθεν
1802 4758 2020 4809 ἐπιστο-

420 4838 731 4905 μιξάμενοι.

493 4932 557 4983 Ol
591 4930 659 4985 δὲ
692 4964 758 4972 -
784 4934 1078 5003 σήμερον.
1117 4938 1179 4991 El
1207 4938 1302 4991 τοῦ
1339 4940 1588 5009 μαθητοῦ
1630 4945 2020 5012 περιεγένοντο

2125 4666 2362 4736 appositi
2386 4665 2642 4727 fuissent,
2667 4665 2871 4734 aliquid
2904 4666 2971 4719 de
2991 4664 3138 4717 furto
3158 4663 3344 4717 dicere
3378 4661 3725 4731 potuissent;

2127 4776 2275 4814 nunc
2295 4769 2480 4814 autem
2500 4761 2642 4827 apud
2662 4774 2845 4829 aequos
2862 4758 3078 4828 judiccs
3092 4756 3229 4811 nihil
3256 4754 3455 4809 mutirc
3474 4762 3729 4823 possunt.

2128 4852 2373 4921 undique
2408 4853 2669 4922 imposito
2688 4852 2771 4906 eis
2795 4851 3039 4905 silentio.

2207 4944 2363 4999 Vers.
2415 4946 2498 5001 15.
2536 4946 2623 4999 Illi
2652 4954 2827 4998 autem
2856 4975 2921 4985 —
2951 4943 3261 4996 hodiernum
3294 4940 3451 4995 diem.
3475 4936 3535 4992 Si
3565 4937 3732 4996 disci-

1632 5148 1832 5211 Varize
1880 5146 2188 5211 lectiones
2229 5154 2287 5210 et
2326 5156 2516 5211 notes.

492 5317 602 5386 (96)
641 5319 845 5373 Τούτου
903 5322 965 5375 Α.
1010 5322 1260 5385 τούτους.
1293 5320 1330 5375 i.
1365 5338 1415 5376 c.
1448 5323 1574 5384 τοὺς
1607 5321 1799 5386 πόδας.
1865 5321 2016 5376 Hen-

420 5391 603 5446 tenius
641 5391 828 5445 addito
858 5395 1017 5465 signo
1054 5394 1235 5448 crucis
1264 5394 1436 5465 liabet
1473 5410 1548 5447 os.
1585 5392 1751 5447 Forte
1774 5409 1905 5465 ergo
1926 5393 2017 5447 Iiie

416 5473 709 5536 corruptus
735 5472 853 5536 erat
879 5464 1048 5536 codex
1086 5466 1226 5535 ejus.
1259 5464 1402 5536 Lege
1436 5482 1543 5519 eos.

490 5532 605 5599 (97)
637 5533 848 5595 Αὐτῶν,
878 5535 1056 5598 abest,
1100 5532 1165 5591 Α.

490 5604 603 5670 (98)
641 5606 681 5656 [1
690 5608 1215 5674 ροαπαγγεὶλαντες,
1268 5610 1330 5661 Α.

426 5750 459 5798 Δ
495 5675 791 5799 (fw/inte
845 5678 931 5740 οἱς
976 5675 1286 5734 llentcnius
1330 5680 1545 5735 videtur
1602 5681 1818 5753 legisse,
1850 5680 2012 5743 τινές.

469 5765 497 5799 η
538 5763 700 5799 ονοτι.

469 5763 700 5816 ηΑονοτι.

496 5908 569 5972 (ιτ)
615 5907 939 5979 Ρηιιεὶιηεκδ.
976 5910 1110 5977 Imo,
1154 5910 1284 5976 dux,
1318 5910 1595 5981 princeps.

2202 5323 2283 5392 (ί)
2315 5324 2453 5395 Παρ’
2483 5325 2666 5377 αὑτων
2713 5324 2777 5376 Α.
2800 5321 2999 5395 Atque
3029 5322 3101 5375 ita
3126 5318 3454 5376 llentenius.
3497 5317 3687 5371 Αὐτῶν
3713 5332 3728 5347 ·

2124 5393 2453 5465 ἀρχιερέων.
2497 5395 2693 5464 Αύτιῖν
2739 5394 2819 5465 τῷ
2849 5395 3093 5464 Χριστῷ.

2197 5464 2275 5532 (‘2)
2320 5464 2426 5518 Τοῦ
2460 5466 2716 5535 ψεύδους.

2198 5538 2278 5609 (3)
2312 5537 2451 5609 Τοὺς
2483 5546 2539 5591 et
2570 5554 2696 5592 mox
2727 5539 3013 5609 μάρτυρας
3040 5535 3100 5593 Β.

2200 5607 2278 5677 (4)
2310 5608 2425 5676 Τῆς
2457 5610 2737 5678 ἀληθείας.

2200 5678 2278 5745 (5)
2310 5680 2399 5744 As,
2429 5682 2634 5736 omittit
2694 5686 2758 5735 Α.

2208 5750 2284 5820 (6)
2320 5751 2705 5824 Ἀνωτὲρωθεν
2759 5755 2825 5810 Δ.
