4432 6450
735 414 842 473 759

1976 414 2365 473 EU'l‘HYMlI
2409 417 2771 475 ZIGABENI

3902 373 4007 473 7'00

738 522 927 587 pulum
989 525 1238 578 vicerunt
1293 524 1558 592 pecuniae,
1628 524 1802 577 multo
1862 523 2034 592 magis
2098 523 2488 581 milites.A1:i

2257 538 2317 577 es.
2350 526 2397 581 Α
2424 524 2489 575 τὶ
2531 526 2793 593 ἀργύρια,
2826 524 3010 593 πολλῷ
3044 525 3246 593 μᾶλλον
3283 524 3386 576 τῶν
3432 521 3810 592 στρατιωτῶν.
3852 522 4007 585 Μέγα

741 610 877 665 Vere
909 614 1092 681 itaque
1146 628 1399 681 magnum
1440 622 1524 668 est
1582 614 1783 666 malum
1848 614 2094 682 pecunia:
2144 629 2317 670 amor.

735 715 789 757 et
850 721 1171 775 magnorum
1204 722 1367 761 causa
1425 709 1717 761 malorum.
1756 708 2082 763 Sermonem
2136 719 2317 763 autem

732 796 1069 863 divulgatum
1129 797 1289 860 dicit,
1336 778 1481 866 quod
1538 799 1684 851 furto
1725 800 1973 853 sublatus
2024 800 2095 853 sit
2141 799 2317 853 Jcsus.

735 882 909 937 Lucas
942 900 1068 939 vero
1090 888 1158 942 de
1198 891 1524 945 mulieribus
1556 893 1631 944 ait
1673 912 1683 945 :
1728 892 1793 944 Et
1822 908 2041 945 reversis
2072 910 2102 944 a
2137 910 2322 945 monu-

736 984 907 1029 mento
980 982 1362 1035 nuntiaverunt
1425 986 1536 1037 lucc
1618 986 1796 1038 omnia
1858 986 1985 1052 ipsis
2060 988 2321 1048 undecim,

736 1070 1043 1130 cwlerisque
1072 1074 1314 1127 omnibus
1340 1076 1408 1136 ",
1437 1076 1690 1131 videlicet
1722 1077 2087 1145 septuaginta.
2121 1078 2325 1133 Deinde

735 1173 1022 1216 enumerat
1050 1178 1143 1219 eas
1162 1166 1352 1222 dicens
1384 1186 1395 1219 :
1430 1169 1598 1221 Erant
1633 1180 1809 1221 autem
1868 1169 2045 1223 Maria
2104 1170 2327 1242 Magda-

736 1250 868 1316 lene,
892 1263 940 1305 et
962 1253 1195 1318 Joamm,
1253 1269 1301 1309 et
1358 1258 1533 1311 .llaria
1584 1259 1792 1323 Jacobi,
1828 1277 1892 1311 ac
1950 1271 2155 1314 ca'tera'
2212 1280 2327 1330 qua:

735 1360 853 1397 cum
876 1347 949 1398 cis
975 1358 1145 1409 erant,
1180 1365 1295 1417 qua:
1347 1352 1587 1403 dicebant
1648 1354 1716 1403 ad
1758 1353 2023 1419 apostolos
2090 1355 2199 1407 hac
2254 1356 2321 1407 ".

738 1434 940 1489 Verum
990 1437 1275 1493 Mattlixus
1301 1442 1520 1508 quidem
1581 1442 1803 1495 Mariam
1868 1442 2243 1513 Magdalenen.
2276 1458 2329 1498 et

737 1528 963 1584 Mariam
996 1531 1186 1585 Jacobi
1215 1544 1269 1585 et
1299 1531 1426 1586 Jose
1478 1535 1799 1603 conscripsit
1834 1536 1879 1567 “
1928 1553 1938 1585 :
2000 1550 2109 1588 non
2174 1541 2326 1605 quasi

737 1618 905 1678 solas.
940 1621 1033 1671 sed
1079 1631 1335 1690 tanquam
1372 1626 1587 1686 caneris
1614 1640 1733 1692 qua:
1765 1640 1889 1677 cum
1923 1625 2005 1677 eis
2039 1634 2195 1678 erant
2250 1624 2329 1677 in-

738 1709 1027 1777 signiores;
1054 1711 1270 1767 Marcus
1292 1724 1477 1767 autem
1500 1716 1662 1768 etiam
1694 1716 2015 1786 signiﬁcavit
2049 1718 2329 1780 Salomen;

739 1798 913 1856 Lucas
932 1816 1059 1855 vero
1080 1803 1334 1857 Salomen
1355 1806 1574 1874 quidem
1600 1809 1803 1875 absque
1825 1825 2089 1878 expresso
2110 1812 2329 1864 nomine

2420 611 2515 669 οὖν
2549 617 2720 669 κακὸν
2746 616 2919 676 ὄντως
2948 617 2980 683 ή
3016 613 3371 684 φιλαργυρία,
3409 618 3503 666 καὶ
3532 612 3789 680 μεγάλων
3818 611 4009 663 κακῶν

2423 708 2593 761 αἰτία.
2627 708 2799 774 Λόγον
2831 706 2887 759 δὲ
2934 705 3372 776 διαφημισθέντα
3411 704 3584 771 λέγει,
3631 703 3723 754 τὸν
3754 702 3883 771 περὶ
3913 698 4007 752 τοῦ

2424 800 2701 868 κλαπῆναι
2740 799 2923 853 αὐτόν.
2977 798 3037 850 Ὀ
3072 797 3129 851 δὲ
3173 799 3389 859 Λουκᾶς
3418 796 3547 865 περὶ
3586 794 3695 847 τῶν
3725 791 4006 861 γυναικῶν

2423 887 2597 954 εἶπεν,
2630 892 2711 944 ὅτι
2739 890 2845 942 Kal
2878 887 3344 955 ὑποστρέψασαι
3373 885 3494 940 ἀπὸ
3524 884 3630 939 τοῦ
3667 883 3962 952 μνημείου
3991 919 4006 941 ,

2425 982 2798 1050 ἀπήγγειλαν
2815 980 2998 1034 ταῦτα
3015 979 3211 1033 πάντα
3230 978 3351 1044 τοῖς
3366 977 3585 1030 ἕνδεκα
3601 978 3697 1028 καὶ
3721 973 3871 1030 πᾶσι
3892 972 4013 1037 τοῖς

2426 1076 2684 1140 λοιποῖς,
2704 1077 2890 1146 ἢγουν,
2915 1076 3027 1135 τοῖς
3049 1073 3420 1141 ἐϐδομήκοντα
3466 1066 3595 1122 Εἶτα
3618 1068 4013 1136 ἀπαριθμεῖται

2429 1169 2632 1230 ταύτας
2657 1169 2832 1235 λέγων
2856 1184 2871 1198 ·
2896 1162 3091 1220 Ἦσαν
3109 1165 3175 1217 δὲ
3206 1165 3243 1231 ἡ
3274 1160 3643 1232 Μαγδαληνὴ
3672 1160 3883 1224 Μαρία,
3916 1157 4012 1209 καὶ

2441 1258 2699 1318 Ἰωάννα.
2733 1259 2827 1310 καὶ
2858 1258 3051 1323 Μαρία
3076 1258 3151 1324 (7)
3188 1258 3223 1322 ἠ
3269 1252 3561 1313 Ἰακώϐου,
3593 1250 3688 1303 καὶ
3719 1255 3775 1301 al
3809 1246 4015 1301 λοιπαὶ

2431 1350 2553 1405 σὺν
2598 1348 2828 1413 αὐτοῖς.
2879 1347 2941 1399 οἳ
2976 1349 3193 1415 ἔλεγον
3244 1347 3393 1413 πρὸς
3441 1342 3583 1408 τοὺς
3633 1340 4015 1402 ἀποστόλους

2432 1441 2636 1493 ταῦτα.
2666 1440 2826 1492 Ἀλλὰ
2849 1439 3124 1498 ΜατΟαίος
3168 1436 3268 1505 μὲν
3286 1435 3504 1503 Μαρίαν
3519 1434 3618 1502 τὴν
3643 1429 4017 1498 Μαγδαληνὴ-ι

2434 1532 2527 1584 καὶ
2560 1532 2776 1600 Μαρίαν
2801 1530 2899 1601 τὴν
2932 1529 3024 1581 τοῦ
3061 1529 3322 1580 Ἰακώῦου
3350 1528 3443 1579 καὶ
3495 1526 3653 1590 Ἰωσῆ
3684 1515 4013 1591 ἀνέγραψεν·

2432 1625 2529 1689 οὐχ
2557 1623 2631 1684 ὡς
2665 1623 2851 1687 μόνας,
2878 1621 2991 1673 ἀλλ’
3018 1621 3091 1682 ὼς
3116 1619 3522 1690 ὲπισημοτέρας
3543 1616 3653 1668 τῶν
3680 1616 3776 1666 σὺν
3804 1614 4020 1671 αὑταῖς·

2432 1715 2655 1782 Μάρκος
2689 1714 2743 1764 δὲ
2781 1715 2874 1766 καὶ
2921 1712 3019 1783 τὴν
3062 1710 3329 1780 Σαλώμην
3385 1708 3620 1779 ἐδήλωσε
3650 1722 3666 1739 ο
3704 1707 3918 1765 Λουκᾶς
3966 1702 4021 1751 δὲ

2434 1805 2536 1876 τὴν
2566 1805 2665 1873 μὲν
2702 1805 2972 1874 Σαλώμην
3004 1803 3376 1871 ἀνονόμαστον
3417 1800 3661 1868 ἀφῆκεν,
3697 1797 3935 1865 ἐδήλωσε
3964 1793 4021 1843 δὲ

735 1892 971 1961 reliquit,
999 1896 1570 1954 manifestavitautem
1594 1902 1887 1955 Joaunam.
1918 1903 2139 1957 Addens
2163 1919 2326 1957 vero:
2365 1886 2404 1938 Β
2435 1896 2485 1954 (8

2270 1919 2326 1957 o:
2365 1886 2404 1938 Β
2435 1896 2512 1967 (8)
2566 1897 2665 1965 τὴν
2730 1896 2979 1949 ’Ῐωάνναν
3005 1910 3020 1926 ο
3058 1878 3317 1964 προσθεὶς
3346 1892 3425 1954 δὲ,
3461 1892 3544 1943 ὅτι
3578 1878 3685 1942 Kal
3720 1891 3775 1939 al
3814 1882 4020 1938 λοιπαὶ

735 1983 802 2035 Et
825 1998 1029 2039 cwterw
1055 2004 1171 2057 quin
1202 2007 1317 2042 cum
1350 1993 1421 2044 eis
1445 2003 1617 2051 erant.
1662 1993 1931 2062 signiﬁcat
1958 2005 2014 2050 et
2050 1996 2326 2059 Salomon,

737 2084 791 2126 et
818 2074 951 2129 alias
973 2078 1237 2145 quasdam
1264 2083 1329 2134 ³⁸.
1367 2082 1494 2137 Post
1534 2084 1737 2139 dictam
1794 2086 1976 2153 itaque
2040 2087 2330 2141 mulierum

736 2167 1210 2222 enumerationem
1245 2186 1460 2225 rursum
1514 2173 1800 2241 subjuuxit
1828 2173 2001 2228 Lucas
2040 2193 2050 2226 :
2101 2174 2167 2228 Et
2223 2177 2330 2227 vim

743 2265 867 2307 sunt
897 2273 1078 2311 coram
1104 2261 1212 2331 illis
1235 2274 1490 2330 tanquam
1518 2265 1921 2319 deliramenlum
1942 2268 2095 2319 verba
2124 2284 2328 2327 earum,

739 2362 829 2398 nec
869 2350 1202 2404 crediderunt
1234 2354 1368 2419 ipsis
1396 2355 1459 2408 ".

812 2437 951 2495 llinc
978 2455 1109 2513 ergo
1128 2454 1355 2498 sumunt
1386 2444 1626 2505 initium.
1659 2462 1778 2516 qua:
1828 2449 1894 2501 de
1923 2446 2089 2502 Maria
2116 2448 2333 2519 Magda-

740 2530 861 2583 lene
893 2532 1044 2588 solus
1078 2536 1299 2605 scripsit
1326 2537 1587 2600 Joannes,
1622 2539 1868 2593 velutiea
1901 2557 2133 2609 quorum
2192 2544 2331 2610 apud

741 2623 983 2690 reliquos
1020 2627 1166 2682 nulla
1202 2639 1287 2684 est
1327 2631 1470 2686 facta
1520 2634 1728 2688 mentio
1752 2635 1821 2688 ".
1862 2634 1998 2699 Quia
2032 2638 2180 2689 enim
2224 2637 2333 2690 visa

739 2727 869 2769 sunt
909 2734 1093 2773 coram
1145 2725 1410 2791 apostolis
1442 2735 1701 2795 tanquam
1747 2727 2175 2782 deliramentum
2209 2746 2334 2783 ver-

739 2809 808 2860 ba
847 2809 1141 2865 mulierum
1190 2815 1357 2884 :ipsa
1400 2818 1651 2887 cogitans
1705 2820 1849 2872 intra
1905 2835 1963 2873 se
2015 2821 2161 2889 quod
2211 2837 2336 2876 vere

741 2901 985 2971 decepta:
1016 2916 1223 2969 essent,
1250 2910 1509 2978 quodque
1538 2926 1635 2979 per
1667 2912 2017 2981 phantasiam
2070 2912 2337 2967 vidissent

740 3008 861 3060 quze
892 2995 1165 3062 videram,
1200 3009 1255 3053 et
1280 3000 1573 3057 audissent
1611 3020 1733 3071 qua:
1760 3003 2051 3057 audierant
2107 3004 2127 3075 (
2158 3018 2336 3073 ηθίιυε

741 3088 889 3141 enim
943 3090 1100 3142 aliter
1161 3102 1416 3162 tanquam
1478 3095 1895 3149 deliramentum
1947 3095 2336 3165 apparuissent

740 3180 1148 3237 cordatioribus
1193 3194 1248 3238 et
1300 3185 1767 3255 sapientioribus)
1829 3202 1937 3241 non
1973 3187 2206 3257 quievit.
2240 3187 2333 3241 sed

741 3274 854 3326 sola
880 3277 1135 3343 protinus
1165 3280 1230 3333 ad
1261 3292 1684 3337 monumentum
1705 3282 1971 3348 cucurrit,
1999 3298 2126 3337 eum
2158 3283 2339 3337 adhuc

740 3366 985 3422 tenebrae
1009 3380 1217 3435 essent,
1245 3372 1467 3441 Opinata
1493 3374 1639 3442 quod
1668 3375 1847 3443 ipsum
1886 3374 2136 3428 clausum
2190 3382 2338 3427 esset

742 3468 1051 3526 repertura.
1090 3460 1295 3519 Videns
1333 3474 1520 3519 autem
1553 3466 1696 3535 quod
1728 3466 1981 3520 sublatus
2013 3474 2162 3521 esset
2203 3464 2339 3533 lapis

740 3565 1171 3621 amonumento,
1232 3558 1369 3612 nihil
1419 3559 1672 3613 meminit
1727 3575 1947 3621 eorum,
2008 3575 2130 3628 qua:
2186 3559 2341 3627 prius

740 3643 883 3698 facta
921 3645 1161 3704 fuerant.
1216 3660 1406 3715 utpote
1451 3652 1863 3705 renuutiatione
1906 3669 2070 3721 quam
2126 3653 2193 3706 de
2258 3652 2341 3704 his

742 3736 969 3803 fecerat,
1010 3754 1038 3791 a
1063 3740 1347 3809 discipulis
1376 3742 1668 3811 reprobata
1707 3759 1719 3793 :
1753 3744 2024 3811 suspicata
2050 3752 2133 3796 est
2157 3750 2337 3796 autem

744 3828 1149 3897 transpositam
1202 3845 1325 3885 esse
1380 3846 1585 3901 corpus
1634 3848 1664 3885 a
1712 3831 1914 3902 Joseph
1972 3834 2026 3887 in
2082 3836 2338 3886 tutiorem

742 3920 948 3971 locum.
976 3918 1164 3974 Currit
1197 3930 1327 3990 ergo
1355 3930 1412 3976 et
1433 3923 1585 3977 venit
1616 3923 1682 3977 ad
1720 3924 2001 3977 Simonem
2027 3924 2251 3977 Petrum
2286 3932 2341 3976 et

740 4011 806 4063 ad
840 4011 1006 4063 alium
1040 4013 1374 4082 discipulum
1424 4030 1587 4083 quem
1645 4015 1907 4085 diligebat
1960 4013 2141 4076 Jesus,
2170 4025 2223 4066 et
2269 4014 2343 4065 ait

741 4104 886 4159 illis:
924 4104 1174 4160 Tit/erunt
1210 4108 1499 4161 Dominum
1534 4126 1707 4162 meum
1758 4110 1823 4161 de
1879 4118 2237 4165 monumento.
2293 4118 2341 4159 et

739 4198 1003 4251 nescimus
1034 4201 1121 4252 ubi
1167 4204 1475 4265 posuerim?
1516 4218 1631 4255 eum
1659 4244 1673 4267 ,
1723 4211 1860 4263 etc.,
1904 4217 2026 4270 qua:
2080 4200 2343 4268 deinceps

740 4292 882 4345 facta
914 4304 1066 4356 sunt,
1096 4294 1239 4348 sicut
1264 4296 1485 4362 scripsit
1506 4294 1752 4349 Joannes
1782 4296 1850 4347 ⁸⁸,

813 4385 1265 4441 Demonstratum
1297 4397 1382 4443 est
1409 4388 1575 4457 igitur
1610 4402 1775 4440 unam
1798 4402 1921 4441 esse
1948 4389 2093 4456 apud
2150 4403 2344 4441 omnes

737 4481 1107 4551 evangelistas
1143 4481 1520 4543 concordiam,
1550 4489 1605 4536 et
1630 4495 1834 4549 corpus
1862 4480 2110 4535 historia:
2147 4497 2339 4542 unum,

2434 1986 2550 2040 σὺν
2604 1986 2838 2051 αὑταῖς,
2897 1985 3163 2054 ένέφηνεν
3209 1982 3381 2051 αὐτήν
3404 1998 3465 2034 τε
3504 1980 3601 2048 τὴν
3632 1976 3901 2044 Σαλώμην
3932 1972 4026 2024 καὶ

2436 2080 2601 2143 ἄλλας
2649 2078 2824 2141 τινάς.
2884 2076 3041 2131 Μετὰ
3076 2077 3263 2147 μέντοι
3302 2075 3398 2145 τὴν
3438 2072 3743 2142 εἰρημένην
3782 2067 3890 2119 τῶν
3925 2082 4024 2132 γυ-

2442 2170 2643 2224 ναικῶν
2688 2168 3090 2238 ἀπαρίθμησιν,
3121 2168 3369 2237 ἐπήγαγε
3405 2163 3566 2217 πάλιν
3596 2162 3623 2212 ό
3662 2160 3878 2218 Λουκᾶς
3900 2197 3913 2220 ,
3947 2156 4026 2207 ὅτι

2441 2265 2547 2320 Καὶ
2606 2263 2927 2332 ἐφάνησαν
2960 2260 3218 2314 ἐνώπιον
3266 2255 3464 2310 αὐτῶν
3509 2253 3655 2308 ὡσεί
3709 2250 3899 2319 λῆρος
3960 2248 4027 2300 τὰ

2433 2359 2674 2426 ῥήματα
2702 2354 2926 2417 αὐτῶν,
2959 2354 3055 2407 καί
3090 2353 3401 2419 ἠπίστουν
3438 2348 3670 2411 αὐταῖς.

2524 2449 2809 2503 Ἐντεῦθεν
2852 2447 2946 2499 οὖν
2986 2448 3245 2516 ἄρχονται
3280 2444 3346 2497 τά
3389 2443 3519 2511 περὶ
3558 2435 3784 2506 Μαρίας
3819 2433 3895 2504 (9)
3928 2430 4030 2502 τῆς

2439 2540 2803 2609 Μαγδαληνῆς
2828 2578 2841 2600 ,
2879 2537 2915 2590 ἃ.
2949 2523 3166 2605 μόνοςὸ
3206 2534 3458 2601 Ἰωάννης
3487 2530 3797 2599 ἱστόρησεν,
3829 2525 3903 2585 ὡς
3935 2523 4031 2575 καὶ

2441 2634 2581 2689 αὐτὰ
2638 2632 2751 2701 (10)
2810 2631 2885 2701 μὴ
2946 2626 3393 2699 μνημονευθέντα
3452 2623 3605 2693 παρὰ
3655 2622 3769 2682 τοῖς
3825 2617 4026 2676 ἄλλοις.

2452 2727 2607 2779 Ἐπεὶ
2640 2728 2750 2793 γὰρ
2774 2725 3056 2793 ἐφάνησαν
3101 2720 3335 2772 ἐνώπιον
3381 2717 3491 2769 τῶν
3546 2712 3863 2767 ἀποστόλων
3900 2708 4031 2760 ὡσεὶ

2440 2820 2608 2888 λῆρος
2640 2819 2707 2871 τά
2745 2818 2969 2888 ῥήματα
3006 2813 3115 2865 τῶν
3142 2810 3423 2880 γυναικῶν
3449 2826 3464 2841 ’
3503 2806 3643 2875 αὕτη
3690 2800 4032 2870 λογισαμένη

2443 2912 2567 2964 καθ’
2612 2909 2847 2979 ἑαυτὴν,
2891 2908 2973 2959 ὅτι
3015 2900 3185 2966 ὅντως
3242 2900 3644 2971 ἠπατήθησαν,
3680 2894 3823 2948 κατὰ
3884 2910 3992 2960 φαν

2441 3004 2642 3057 τασίαν
2704 3000 2931 3062 ἰδοῦσαι,
2991 2999 3091 3051 ὅσα
3154 2993 3313 3061 εἶδον,
3381 2993 3479 3047 καὶ
3541 2990 3871 3048 ἀκούσασαι,
3932 2983 4034 3035 ὅσα

2443 3097 2718 3165 ἤκουσανο
2756 3091 2817 3143 οὑ
2877 3090 2982 3158 γάρ
3029 3088 3093 3141 ἂν
3152 3088 3283 3139 ὡσεὶ
3332 3084 3500 3153 λῆρος
3556 3080 3733 3133 ταῦτα
3762 3078 3870 3137 τοῖς
3910 3089 4035 3125 συν-

2443 3164 2732 3254 ετωτέροις
2786 3184 3107 3250 ἐφάνησαν·
3160 3180 3262 3231 οὐκ
3312 3178 3618 3249 ἠρέμησεν,
3683 3164 3799 3224 ἀλλ’
3831 3167 4036 3221 αὐτίκα

2393 3267 2411 3287 ’
2446 3281 2583 3348 μόνη
2612 3277 2848 3345 ἔδραμεν
2880 3274 2972 3326 ἐπὶ
3004 3276 3063 3325 τὸ
3095 3270 3361 3341 μνημεῖον
3382 3310 3398 3333 ,
3446 3267 3671 3327 σκοτίας
3711 3263 3791 3315 ἔτι
3825 3259 3993 3325 οὔσης
4019 3297 4033 3320 ,

2446 3370 2810 3441 προσδοκῶσα
2840 3366 3237 3434 κεκλεισμένον
3283 3363 3467 3432 εὑρεῖν
3504 3357 3670 3411 αὐτό-
3716 3352 4035 3421 θεασαμένη

2441 3464 2496 3517 δὲ
2541 3463 2630 3515 τὸν
2665 3460 2811 3514 λίθον
2844 3461 3087 3529 ἠρμένον
3122 3460 3186 3509 ὲκ
3227 3454 3320 3507 τοῦ
3370 3452 3663 3522 μνημείου,
3724 3449 3881 3501 οὐδὲν
3938 3445 4038 3513 μὲν

2443 3555 2760 3625 ἀνεμνήσθη
2829 3554 2939 3605 τῶν
3015 3549 3557 3623 προγεγενημένων,
3634 3544 3707 3605 ὡς
3783 3540 4037 3594 ἀποδιικιο

2448 3644 2753 3716 μασθείσης
2796 3644 2897 3713 τῆς
2950 3642 3081 3708 περὶ
3135 3640 3247 3709 (il)
3296 3638 3476 3691 αὐτῶν
3537 3632 3881 3699 ἀπαγγελίας
3931 3630 4039 3680 ὑπὸ

2442 3738 2552 3789 τῶν
2590 3735 2883 3805 μαθητῶνο
2922 3730 3157 3785 ὑπέλαϐε
3205 3729 3262 3782 δὲ
3296 3726 3595 3798 μετατεθὲν
3630 3723 3741 3789 (ﬁt
3786 3722 3846 3772 τὸ
3877 3719 4037 3785 σῶμα

2447 3832 2598 3899 παρὰ
2634 3829 2730 3882 τοῦ
2795 3828 2995 3897 Ἰωσὴφ
3046 3827 3125 3888 είς
3172 3826 3338 3876 τόπον
3372 3820 3622 3888 ἀσφαλέσ
3658 3833 3804 3886 ερον.
3840 3815 4039 3885 Τρέχει

2445 3922 2557 3987 οὖν,
2599 3921 2691 3974 καὶ
2716 3920 2938 3990 ἔρχεται
2968 3918 3107 3987 πρὸς
3132 3917 3353 3986 Σίμωνα
3384 3912 3613 3983 Πέτρον,
3647 3909 3743 3960 καὶ
3776 3907 3914 3976 πρὸς
3946 3904 4039 3956 τὸν

2451 4017 2612 4072 ἄλλον
2650 4012 2925 4084 μαθητὴν,
2966 4012 3024 4064 ὃν
3056 4010 3233 4078 ἐφίλει
3264 4008 3291 4058 ὁ
3340 4006 3580 4075 Ἰησοῦς,
3623 4002 3717 4055 καὶ
3748 4001 3896 4066 λέγει
3934 3998 4037 4051 αὑ-

2445 4112 2591 4171 τοίςο
2644 4104 2835 4176 Ἦραν
2876 4105 2986 4158 τὸν
3030 4105 3253 4171 Κύριον
3293 4102 3360 4155 ὲκ
3414 4098 3521 4153 τοῦ
3577 4098 3894 4166 μνημείου.
3940 4090 4040 4144 καὶ

2446 4206 2559 4257 οὐκ
2610 4202 2860 4270 οἴδαμεν
2895 4196 3015 4253 ποῦ
3049 4197 3277 4264 ἔθηκαν
3313 4194 3522 4248 αὐτόν.
3562 4192 3668 4243 Καὶ
3694 4191 3760 4241 τὰ
3791 4188 3917 4256 ἑξῆς
3950 4202 4041 4251 γε.

2446 4298 2692 4366 γόνασιν,
2724 4294 2800 4357 ὡς
2826 4296 2855 4346 ό
2891 4291 3145 4360 Ἰωάννης
3168 4289 3397 4358 ἔγραψε.

2519 4389 2796 4441 Δέδεικται
2843 4385 3026 4439 τοίνυν
3082 4381 3323 4453 ἁρμονία
3382 4379 3478 4448 μία
3531 4377 3686 4447 παρὰ
3743 4374 3875 4425 πᾶσι
3926 4372 4042 4433 τοῖς

2449 4481 2887 4550 εὐαγγελισταϊς,
2960 4478 3057 4531 καὶ
3125 4476 3285 4545 σῶμα
3335 4474 3434 4542 τῆς
3494 4468 3737 4538 ἱστορίας
3798 4464 3890 4525 ἓν,
3951 4455 4041 4513 οἷα

742 4575 910 4627 rebus
952 4574 1163 4627 scilicet
1197 4572 1548 4627 convenienti
1610 4572 1802 4627 ordine
1849 4573 2140 4626 enarratis.
2185 4572 2341 4637 Quod
2380 4583 2421 4636 υ
2451 4596 2492 4628 τι

2290 4572 2341 4626 )d
2380 4583 2421 4636 D
2451 4580 2560 4629 τῶν
2603 4573 2789 4645 ρητῶδ
2824 4571 2969 4625 κατὰ
3007 4570 3107 4640 τὴν
3147 4569 3535 4638 προσήκουσαν
3575 4562 3731 4626 τάξιν
3768 4561 4040 4629 ἑρμηνευ-

739 4667 886 4719 enim
928 4668 1016 4721 hic
1045 4667 1378 4738 evangelista
1419 4665 1702 4735 praeteriit,
1742 4665 1845 4719 hoc
1906 4665 1997 4719 ille
2028 4666 2098 4719 ita
2157 4665 2341 4719 divina

740 4760 1073 4828 disponente
1109 4762 1286 4830 gratia
1318 4760 1478 4825 dixit,
1513 4768 1572 4813 ut
1603 4759 1769 4812 etiam
1818 4758 1949 4814 hinc
1988 4759 2342 4813 manifestum

739 4866 860 4906 esse
890 4855 1086 4920 possit,
1123 4854 1268 4921 quod
1294 4869 1403 4906 non
1436 4867 1504 4906 ex
1536 4849 1846 4919 composito
1874 4859 1971 4904 aut
2004 4861 2163 4920 pacto
2199 4851 2341 4904 scri-

740 4947 977 5015 pserint.

814 5043 970 5099 Vers.
1004 5044 1096 5097 16.
1124 5045 1373 5099 Undecim
1410 5060 1531 5097 vero
1574 5073 1638 5083 —
1664 5042 1968 5099 Galilwam.
2008 5038 2126 5093 Non
2153 5040 2338 5094 statim

739 5140 991 5193 abierunt
1064 5139 1115 5191 in
1160 5138 1458 5197 Galilzram.
1522 5136 1791 5206 siquidem
1845 5132 2039 5202 inipso
2092 5130 2179 5186 die
2229 5147 2339 5202 quo

844 5326 885 5354 ⁹¹
926 5323 1056 5376 l.uc.
1096 5339 1243 5383 xxiv,
1272 5324 1325 5375 9.

738 5398 781 5425 ’⁷
816 5394 971 5473 Juau.
1009 5410 1096 5450 xx.
1146 5395 1164 5445 l
1204 5408 1357 5462 seqq.
1477 5394 1522 5424 ’⁸
1565 5390 1701 5445 Ibid.
1737 5390 1771 5443 2
1801 5402 1955 5456 seqq.

1444 5321 1488 5350 "
1528 5320 1665 5373 Ibid.
1701 5319 1787 5373 10.
1866 5316 1912 5348 ’³
1942 5314 2136 5370 Matth.
2175 5331 2368 5378 xxvm,
2396 5316 2445 5368 l.

2446 4670 2669 4721 θέντων.
2700 4668 2766 4719 Ὃ
2798 4669 2897 4734 γὰρ
2918 4659 3075 4726 οὗτος
3106 4662 3359 4732 παρῆκεν
3379 4662 3405 4711 ό
3427 4655 3847 4725 εὐαγγελιστὴς,
3880 4648 4040 4702 τοῦτο

2443 4764 2651 4822 ἐκεῖνος
2682 4754 2838 4813 εἶπεν
2867 4776 2882 4791 ·
2916 4756 3060 4809 οὕτω
3093 4756 3190 4825 τῆς
3225 4754 3378 4814 θείας
3416 4738 3638 4821 χάριτος
3666 4744 4039 4813 οἰκονομησά-

2444 4870 2563 4923 σης,
2601 4851 2689 4904 ἵνα
2724 4848 3021 4903 κάντεῦθεν
3057 4848 3141 4916 εἴη
3174 4845 3356 4914 δῆλον,
3390 4845 3465 4905 ὡς
3503 4841 3605 4915 οὐκ
3645 4841 3710 4891 ὲκ
3751 4836 4033 4903 συνθήμα·

2445 4963 2533 5003 τος
2574 4943 2849 5015 ἔγραψαν.

2517 5043 2581 5094 Οἱ
2618 5037 2688 5091 δὲ
2720 5036 2940 5091 ἕνδεκα
2972 5064 3042 5075 -
3074 5037 3161 5087 ι’(ν
3186 5033 3433 5086 Ζιλαίαν.
3470 5030 3585 5081 Οὐκ
3621 5026 3783 5085 εὐθὺς
3817 5021 4045 5091 ἐπορεύ-

2448 5134 2643 5203 θησαν.
2678 5132 2789 5185 Καὶ
2819 5130 2929 5202 γὰρ
2969 5131 3030 5181 ὲν
3058 5128 3197 5197 αὐτῇ
3243 5128 3308 5195 τῇ
3348 5123 3554 5194 ἡμέρᾳ,
3588 5117 3711 5173 καθ’
3741 5117 3809 5188 ἢν
3842 5116 4043 5184 ἀνέστη

2548 5316 2592 5346 ’⁸
2624 5314 2786 5369 Marc.
2830 5329 2935 5367 va.
2977 5314 2994 5365 ί
3118 5313 3163 5345 ³⁸
3202 5311 3333 5365 Luc.
3363 5307 3622 5373 utv,10.
3698 5305 3746 5337 ’⁸
3776 5301 3915 5357 ibid.
3952 5300 4043 5355 11.

1955 5578 2148 5639 Variae
2194 5578 2501 5657 lectiones
2533 5584 2593 5634 et
2627 5570 2816 5634 notia.

804 5753 880 5809 (7)
926 5752 1014 5810 Ἡ,
1049 5752 1203 5804 abcst
1234 5750 1293 5802 Α.

808 5826 884 5878 (8)
959 5824 1087 5882 Καί,
1130 5823 1281 5876 addit
1333 5823 1396 5875 A.

809 5894 883 5963 ιθ)
913 5895 1154 5965 May-Tag,
1186 5896 1343 5949 abest
1385 5895 1448 5947 Λ.

2521 5741 2635 5805 (Nl)
2662 5740 2776 5807 Μή,
2815 5736 3021 5789 mttittit
3056 5734 3113 5788 Β.

2518 5814 2630 5878 (11)
2662 5811 2792 5879 Περὶ
2824 5808 2983 5860 αὐτόν
3019 5809 3080 5860 Α.

2518 5884 2628 5953 (1'2)
2659 5881 3053 5936 Μετατεθεῖναι
3088 5883 3152 5933 Α.
