4432 6450
720 406 826 468 763

1951 402 2338 466 EUTHYMII
2384 401 2747 461 ZlGABENI

3889 376 3997 460 7st

717 514 863 582 apud
918 514 1158 569 “areum
1217 516 1355 570 dixit
1407 518 1489 573 eis
1548 517 1941 573 manifestius:
1995 516 2194 570 Euntes
2244 515 2299 566 in
2330 520 2372 571 Α
2403 513 2467 578 γὰ

2247 515 2299 566 in
2330 520 2372 571 Α
2403 513 2510 581 γὰρ
2530 512 2912 581 φανερώτερον
2936 526 3093 562 ειπεν
3122 506 3331 568 αὐτοῖς’.
3350 502 3756 575 Πορευθέντες·
3782 507 3871 569 sic
3892 505 3997 557 τὸν

717 608 968 658 mundum
990 608 1080 658 uni
1088 624 1289 659 versum
1316 610 1607 669 prtedicate
1628 608 1977 679 anngeiium
1996 613 2141 661 omni
2160 626 2307 662 crea-

714 704 853 747 tura:
883 697 923 747 ³.
953 697 1109 764 Apud
1154 696 1358 751 Lucam
1408 714 1540 753 vero
1602 699 1786 755 adhuc
1843 701 2161 769 expressius
2206 699 2305 763 ait,

713 786 1011 839 Predicari
1042 791 1253 843 nomine
1285 792 1399 853 eius
1428 794 1795 861 paenitentiam
1846 810 1909 846 ac
1944 794 2305 847 remissionem

710 886 1045 941 peccatorum
1088 879 1143 930 in
1171 895 1351 934 omnes
1392 893 1593 951 gentes,
1633 885 1776 952 facta
1807 882 1873 936 ab
1928 882 2306 952 Hierosolymis

711 973 865 1023 initio
891 973 931 1025 ⁵.
988 972 1105 1026 Non
1156 976 1301 1028 enim
1361 976 1612 1031 meminit
1686 978 1950 1033 Dominus
2011 979 2303 1043 malorum,

712 1078 902 1149 θοι-αξη
936 1064 1026 1131 qui
1057 1066 1408 1134 resipiscunt.
1449 1068 1727 1137 Siquidem
1764 1077 2052 1138 postquam
2087 1086 2117 1124 a
2151 1086 2302 1126 mor-

708 1154 818 1206 tuis
856 1155 1174 1218 resurrexit,
1211 1169 1266 1213 et
1297 1160 1596 1228 discipulos
1622 1162 1891 1215 allocutus
1922 1173 2027 1229 est,
2072 1179 2180 1217 non
2218 1178 2305 1218 so-

707 1246 819 1299 lum
855 1250 1195 1304 mentionem
1222 1267 1330 1304 non
1356 1251 1488 1306 fecit
1547 1252 1615 1305 de
1646 1254 1825 1315 malis,
1860 1270 1982 1321 quae
2031 1270 2061 1307 a
2091 1255 2300 1309 Iudaeis

707 1353 902 1404 passus
922 1350 1023 1402 est,
1051 1342 1146 1394 sed
1187 1356 1256 1394 ne
1290 1340 1456 1394 Petro
1478 1342 1699 1410 quidem
1731 1346 2082 1412 exprobravit
2131 1360 2302 1414 nega—

706 1427 936 1489 tionem,
964 1438 1059 1481 aut
1087 1422 1269 1499 fugam
1302 1432 1521 1484 caeteris
1561 1432 1871 1500 discipulis.

780 1520 935 1573 V'ers.
974 1521 1056 1574 l9.
1109 1520 1465 1589 Baptizautes
1516 1553 1585 1563 —
1643 1522 1876 1591 Spiritus
1928 1528 2121 1578 sancti.
2192 1525 2304 1580 Hoc

705 1619 1039 1677 prmceptum
1072 1611 1140 1665 de
1192 1613 1466 1681 baptismo
1496 1622 1580 1666 est
1613 1628 1678 1667 ac
1717 1614 2088 1684 dogmatibus.

774 1700 813 1768 1-
850 1700 1030 1755 Unum
1105 1718 1306 1757 nomen
1366 1705 1553 1769 trium,
1603 1706 1830 1761 denotat
1877 1722 2043 1759 unam
2101 1717 2304 1762 sanctae

704 1786 988 1845 Trinitatis
1020 1804 1291 1847 naturam.
1323 1793 1535 1849 Nomen
1561 1808 1767 1866 autem,
1801 1809 1953 1867 puta,
1988 1800 2081 1867 qui
2113 1806 2197 1852 est
2216 1798 2300 1851 vel

706 1877 869 1943 Deus,
903 1882 988 1935 vel
1023 1884 1171 1938 aliud
1218 1884 1501 1940 inell'abile
1532 1929 1547 1952 ,
1593 1888 1717 1943 ideo
1759 1889 1923 1943 etiam
1965 1888 2020 1942 in
2070 1888 2300 1943 nomine

704 1980 915 2026 vntum
974 1973 1164 2028 dicunt
1212 1976 1305 2045 qui
1356 1976 1662 2047 baptizant,
1709 1980 1862 2033 nullo
1903 1980 1959 2032 in
1993 1979 2179 2046 specie
2204 1979 2303 2033 ad-

708 2063 849 2118 dito.

793 2154 949 2211 Vcrs.
974 2157 1064 2209 20.
1086 2158 1347 2215 Dat-enm
1379 2192 1450 2202 —
1488 2165 1660 2218 vobis.
1687 2161 1803 2218 Hoc
1831 2178 2052 2218 rursum
2096 2178 2302 2234 praece-

704 2258 861 2316 ptum
902 2248 969 2301 de
997 2252 1553 2307 conversatione’cst.
1585 2254 1775 2323 Neque
1823 2256 1971 2307 enim
2018 2254 2304 2310 sulllciunt

703 2340 771 2394 ad
819 2340 1051 2394 salutem
1097 2342 1406 2413 baptismus
1447 2355 1503 2423 et
1539 2347 1813 2416 dogmata,
1855 2346 1961 2401 nisi
1986 2346 2153 2402 etiam
2191 2348 2302 2403 Deo

702 2432 865 2503 digna
894 2436 1241 2491 conversatio
1274 2438 1525 2493 accedat.

779 2520 933 2577 Vers.
961 2523 1051 2577 20.
1106 2523 1176 2578 Et
1210 2542 1327 2580 ecce
1358 2557 1423 2567 —
1451 2526 1657 2581 diebus.
1706 2527 1968 2597 Majorem
2014 2532 2096 2583 eis
2154 2530 2308 2599 adji~

701 2619 855 2671 ciens
896 2616 1169 2685 ﬁduciam,
1202 2620 1339 2673 dixit
1371 2638 1384 2676 :
1443 2621 1512 2675 Et
1568 2638 1685 2675 ecce
1731 2639 1825 2692 ego
1859 2625 2121 2676 vobiscum
2150 2641 2298 2687 sum,

702 2725 1039 2779 cooperans,
1097 2712 1491 2781 impedimenta
1540 2715 1922 2784 complanatis.
1968 2732 2031 2771 ac
2049 2729 2301 2771 ‘servans

703 2820 824 2859 VOS-

774 2896 932 2949 Vers.
957 2898 1043 2952 20.
1086 2900 1255 2970 Usque
1290 2929 1358 2940 —
1386 2903 1593 2955 saculi.
1620 2902 1657 2970 1-
1689 2904 1801 2957 lloc
1825 2904 1981 2969 dixit,
2013 2923 2121 2959 non
2154 2909 2301 2975 quod

700 2999 824 3060 post
881 2991 981 3044 hoc
1031 3008 1142 3045 non
1182 2993 1271 3046 sit'
1295 3008 1421 3048 cum
1457 2994 1536 3047 eis
1571 2994 1815 3057 iuturus.
1852 2998 1950 3051 sed
1996 2999 2141 3065 quod
2190 3016 2302 3055 non

700 3084 891 3137 eodem
938 3085 1103 3138 modo
1134 3084 1375 3150 futurus,
1420 3087 1519 3141 sed
1576 3088 1853 3142 excelsius
1913 3102 1978 3141 ac
2007 3089 2119 3143 Deo
2170 3106 2302 3145 con-

702 3176 1011 3246 gruentiori
1048 3179 1213 3232 modo
1248 3194 1413 3249 quam
1442 3196 1615 3236 nunc.

774 3270 887 3322 [loc
921 3271 1184 3336 ostendit,
1238 3274 1384 3343 quod
1435 3289 1547 3327 non
1604 3274 1779 3328 solum
1833 3292 1958 3331 cum
2016 3277 2305 3348 discipulis

698 3361 791 3428 qui
836 3371 966 3415 tunc
998 3372 1180 3427 erant,
1216 3364 1311 3416 sed
1354 3380 1479 3417 cum
1516 3365 1601 3418 his
1634 3367 1802 3421 etiam
1846 3370 1938 3437 qui
1997 3369 2118 3423 illos
2148 3380 2305 3424 erant

700 3453 967 3515 secutuii,
1006 3454 1223 3507 iuturus
1253 3466 1424 3508 esset.
1458 3454 1647 3526 Neque
1675 3460 1824 3511 enim
1862 3462 2095 3529 apostoli
2129 3478 2305 3531 usque

698 3544 765 3598 ad
801 3546 988 3598 saaculi
1024 3548 1564 3601 consummationem
1596 3554 1754 3605 erant
1792 3556 2160 3619 permansuri,
2206 3555 2302 3608 sed

700 3636 1075 3690 mediantibus
1122 3639 1189 3691 iis
1238 3641 1331 3707 qui
1385 3650 1517 3694 tunc
1569 3652 1752 3705 erant,
1806 3644 1970 3721 etiam
2033 3645 2143 3699 illis
2208 3646 2303 3715 qui

700 3734 1048 3802 postmodum
1086 3733 1256 3788 futuri
1296 3743 1505 3799 essent,
1550 3736 1694 3789 hanc
1737 3737 1995 3805 promisit
2042 3738 2299 3808 gratiam,

698 3839 957 3897 tanquam
993 3830 1086 3881 uui
1136 3831 1356 3897 corpori
1392 3844 1518 3883 cum
1561 3829 1822 3883 omnibus
1868 3830 2100 3898 loquens
2132 3830 2303 3885 ﬁdeli—

696 3922 822 3975 bus.
868 3921 990 3974 Non
1026 3933 1112 3975 est
1152 3932 1339 3976 autem
1393 3922 1579 3976 statim
1616 3933 1938 3991 assumptus
1975 3925 2029 3976 in
2075 3924 2299 3988 cmlum,

695 4016 789 4068 sed
831 4027 953 4084 post
986 4015 1333 4083 aliquantum
1371 4017 1661 4085 temporis,
1697 4016 1842 4069 sicut
1878 4031 1942 4069 ex
1974 4017 2100 4069 aliis
2130 4032 2301 4069 evan-

693 4109 901 4178 gelistis
953 4110 1078 4162 licet
1130 4125 1488 4180 cognoscere.
1544 4111 1761 4165 Etenim
1811 4125 1839 4163 a
1887 4111 2303 4167 resurrectione

693 4203 835 4269 ejus,
893 4216 1068 4269 usque
1127 4203 1194 4255 ad
1254 4204 1717 4272 assumptionem,
1782 4219 1882 4273 per
1938 4204 2303 4275 quadraginta

691 4292 811 4345 dies
839 4294 1165 4360 permansit,
1191 4307 1465 4362 apparens
1496 4293 1806 4361 discipulis,
1834 4304 1890 4348 et
1916 4310 2042 4349 cum
2066 4296 2146 4349 eis
2169 4311 2305 4349 con-

695 4401 965 4449 versans;
998 4387 1198 4441 deinde
1231 4388 1300 4441 ab
1353 4402 1464 4441 uno
1514 4397 1704 4442 monte
1756 4389 1832 4457 (p)
1873 4388 1968 4458 qui
2006 4390 2061 4443 in
2113 4387 2304 4445 Iudaea

693 4488 833 4545 erat,
885 4488 938 4532 et
964 4479 1249 4534 dicebatur
1290 4494 1450 4535 mons
1482 4480 1785 4545 Olivarum,
1837 4492 2155 4553 assumptus
2195 4492 2300 4547 est,

698 4571 859 4625 veluti
901 4568 1089 4626 narra't
1124 4572 1261 4626 liber
1304 4572 1748 4642 Apostolicarum
1792 4576 2077 4629 actionum
2118 4577 2159 4629 '.

766 4666 956 4732 Detur,
989 4681 1197 4734 quaeso,
1232 4666 1393 4720 nobis
1423 4666 1590 4737 digne
1627 4667 1929 4738 Evangelio
1958 4669 2299 4725 docentibus

690 4767 746 4812 et
776 4758 1259 4823 conversantibus,
1310 4759 1649 4829 tandemque
1701 4760 2165 4828 morientibus,ut
2209 4780 2297 4818 re-

692 4868 859 4924 gnum
886 4851 1018 4906 illud
1045 4852 1193 4921 quod
1224 4866 1318 4919 per
1349 4854 1709 4926 Evangelium
1734 4854 1998 4926 perfectis
2020 4858 2296 4927 promitti.

696 4954 808 5007 tur,
836 4957 1231 5011 assequamur,
1259 4959 1356 5013 per
1399 4946 1632 5015 gratiam
1654 4944 1884 5017 perfecti
1921 4962 1986 5001 ac
2025 4948 2307 5002 universa-

798 5125 819 5155 ⁸
853 5122 1018 5177 Marc.
1056 5140 1165 5187 ττι,
1196 5124 1285 5177 15.
1402 5124 1422 5155 ⁵
1463 5124 1599 5180 Luc.
1636 5141 1783 5191 xx",
1824 5126 1915 5180 67.

2411 606 2651 672 κόσμον
2691 602 2931 656 ἅπαντα
2951 642 2966 664 ,
2996 599 3298 669 κηρύξατε
3326 598 3391 651 τὸ
3424 595 3800 663 manum-
3829 592 3996 660 πάσῃ

2410 693 2487 761 τῇ
2520 696 2739 761 κρίσει.
2776 696 2888 748 Καὶ
2913 694 3065 763 παρά
3096 692 3178 761 τῷ
3207 692 3393 760 Δουκᾷ
3426 690 3485 743 δι
3521 689 3603 741 ἔτι
3644 687 3999 754 ἐκδηλότερον

2409 787 2623 856 εἴρηκε,
2670 785 3017 857 κηρυχθῆναι
3062 784 3159 836 ἐπὶ
3208 782 3287 852 τῷ
3337 782 3563 850 ὀνόματι
3614 778 3781 832 αὐτοῦ
3837 778 4000 847 μετᾶ-

2410 894 2560 929 νοιαν
2607 877 2704 929 καὶ
2763 876 2959 941 ἄφεσιν
3011 873 3303 944 ἁμαρτιῶν
3359 876 3441 935 είς
3490 873 3669 925 πάντα
3719 871 3788 922 τὰ
3838 867 3997 935 ἔθνη,

2407 968 2718 1038 ἀρξάμενον
2778 968 2889 1021 ἀπὸ
2932 965 3315 1036 Ἰερουσαλήμ.
3353 963 3633 1027 Δεσπότης
3692 960 3801 1028 γάρ
3848 960 4000 1010 ἐστιν

2410 1060 2788 1131 ἀμνησίκακος
2812 1060 2926 1119 τοῖς
2961 1056 3346 1125 μετανοοῦσιν.
3411 1053 3571 1105 Ἐπεὶ
3616 1049 3709 1102 καὶ
3758 1046 4000 1105 ἀναστὰς

2408 1156 2473 1205 ἐκ
2504 1151 2743 1222 νεκρῶν,
2776 1151 2871 1204 καὶ
2920 1152 3031 1210 τοῖς
3091 1146 3368 1217 μαθηταῖς
3415 1141 3678 1212 ἐντυχὼν,
3724 1140 3784 1191 οὐ
3839 1136 4001 1207 μόνον

2406 1244 2505 1294 οὐκ
2535 1240 2967 1310 ιμνημόνευσεν,
3000 1231 3076 1291 ὧν
3108 1235 3379 1289 πέπονθεν
3409 1232 3514 1285 ὑπὸ
3550 1228 3843 1286 Ἰουδαίων,
3882 1225 3998 1277 ἀλλ’

2405 1335 2531 1388 οὗτε
2560 1334 2640 1403 τῷ
2670 1335 2862 1402 Πέτρῳ
2916 1332 3017 1400 τὴν
3068 1311 3303 1401 ἀρνησιν
3351 1326 3657 1383 ὠνείδισεν,
3712 1320 3836 1373 οὕτε
3889 1320 4000 1377 τοῖς

2405 1427 2589 1488 ἄλλοις
2618 1425 2890 1494 μαθηταῖς
2920 1425 3017 1493 τὴν
3058 1422 3260 1490 φυγήν.

2476 1516 2869 1579 Rutubi-rec
2919 1544 2988 1553 ——
3036 1512 3147 1566 τοῦ
3198 1512 3372 1580 ἁγίου
3417 1508 3787 1576 Πνεύματος.
3832 1504 4001 1557 Τοῦτο

2407 1606 2753 1675 παραγγελία
2784 1604 2912 1673 περὶ
2938 1603 3318 1673 βαπτίσματος
3347 1601 3441 1651 καὶ
3480 1597 3789 1666 δογμάτων.

2476 1695 2604 1767 [Ἕν
2656 1694 2767 1766 (18)
2820 1695 2876 1747 δὲ
2928 1694 3100 1762 θνομα
3132 1691 3243 1744 τῶν
3299 1689 3489 1759 τριῶν,
3542 1686 3844 1755 ὑποδηλοῦν
3905 1686 3999 1754 τὴι.

2378 1812 2383 1817 ~
2414 1785 2545 1854 μίαν
2578 1784 2745 1853 φύσιν
2787 1785 2884 1851 τῆς
2930 1783 3089 1849 ἁγίας
3122 1779 3374 1849 Τριάδος.
3418 1778 3627 1847 Ὀνομα
3657 1775 3733 1839 δὲ,
3766 1776 3798 1845 ἢ
3846 1775 3908 1826 τὸ
3939 1777 4003 1825 '0

2336 1852 2377 1906 Β
2408 1852 2515 1940 ὧν,
2551 1874 2585 1943 ἢ
2611 1875 2673 1926 τδ
2700 1874 2867 1937 Θεὸς,
2903 1871 3154 1941 ἢέτερον
3194 1870 3458 1939 ἄρρητον.
3512 1867 3604 1919 Διὸ
3662 1866 3757 1918 καὶ
3804 1866 3884 1925 εἰς
3940 1866 4002 1914 τὸ

2409 1966 2579 2036 ὄνομα
2615 1965 2777 2034 μόνον
2801 1963 3056 2030 λέγουσιν
3093 1964 3141 2013 οί
3184 1960 3567 2030 βαπτίζοντες,
3620 1957 3787 2027 μηδὲν
3816 1958 4003 2025 Ξτεριιν

2412 2054 2852 2129 προστιθέντες.)

2481 2148 2886 2215 Διδάσκοντες
2914 2176 2987 2187 -——
3023 2147 3188 2216 ὑμῖν.
3227 2143 3403 2198 Τοῦτο
3444 2141 3604 2196 πάλιν
3657 2138 4004 2212 παραγγελία

2410 2244 2541 2315 περὶ
2569 2240 2876 2303 πολιτείας.
2905 2240 3022 2293 Οὐκ
3053 2239 3219 2308 ἀρκεῖ
3246 2236 3357 2307 γάρ
3395 2236 3457 2288 τὸ
3494 2233 3779 2303 βάπτισμα
3817 2232 3912 2285 καὶ
3937 2232 4005 2283 τά

2406 2334 2654 2405 δόγματα
2704 2331 2842 2402 πρὸς
2886 2330 3188 2401 σωτηρίαν,
3227 2330 3275 2381 εί
3314 2329 3391 2399 μὴ
3421 2328 3520 2380 καὶ
3560 2325 3805 2380 πολιτεία
3836 2340 4005 2395 προσ·

2408 2427 2519 2480 ιίη.
3611 2437 3613 2439 ’

2459 2445 2593 2573 Vllia!
2618 2515 2749 2570 ιδοὺ
2771 2545 2836 2556 -
2861 2514 3113 2584 ἡμέρας.
3146 2512 3337 2565 Πλεῖον
3361 2510 3565 2590 θάρσος
3600 2507 3888 2579 ἐμϐάλλων
3913 2507 4011 2559 αὺ-

2410 2612 2543 2675 τοῖς,
2580 2603 2737 2660 εἷπε’
2769 2606 2876 2660 Kal
2914 2604 3065 2668 ίὸοὺ,
3097 2603 3213 2674 ἐγὼ
3256 2600 3388 2672 μεθ’
3438 2600 3608 2671 ὑμῶν
3653 2602 3769 2668 ειμι
3795 2639 3809 2661 ,
3869 2614 4008 2667 συμ-

2410 2704 2692 2773 πράττων,
2744 2703 2836 2754 καὶ
2880 2703 2990 2753 πᾶν
3044 2698 3157 2769 (‘20)
3219 2696 3433 2751 σκῶλον
3485 2694 3853 2764 ἑξομαλῖζων,
3912 2694 4008 2745 καὶ

2410 2794 2701 2864 φυλάττων
2741 2794 2906 2862 ὑμᾶς.

2482 2891 2639 2954 Ἕως
2663 2918 2731 2928 -—
2757 2886 2999 2951 αἰῶνος.
3037 2882 3233 2956 [Τοῦτο
3264 2882 3379 2953 (τι)
3414 2877 3591 2944 εἶπεν,
3625 2879 3722 2949 οὐχ
3755 2878 3831 2942 ὡς
3869 2877 4009 2946 μετά

2410 2984 2569 3038 τοῦτο
2593 2981 2694 3033 οὐκ
2744 2981 3006 3049 ἐσόμενος
3046 2977 3163 3049 μετ’
3193 2976 3394 3041 absint,
3430 2973 3551 3029 ἀλλ’
3594 2974 3671 3037 ὼς
3706 2976 3806 3042 οὑχ
3832 2972 4007 3034 οὕτως

2411 3080 2695 3150 ἐσόμενος,
2720 3076 3059 3146 ὑψηλότερον
3083 3074 3139 3127 δὲ
3162 3075 3257 3127 καὶ
3288 3072 3761 3143 θεοπρεπέστερον
3801 3067 3833 3138 ἢ
3864 3063 4008 3135 νῦν.)

2482 3278 2656 3332 Τοῦτο
2683 3277 2743 3332 δὲ
2774 3276 3075 3341 δείκνυσιν,
3118 3275 3199 3328 ὅτι
3233 3274 3294 3326 οὐ
3335 3272 3498 3341 μόνον
3533 3270 3673 3340 μετά
3712 3270 3823 3322 τῶν
3854 3287 4006 3335 τηνι·

2409 3374 2584 3425 καῦτα
2640 3371 2927 3441 μαθητῶν,
2973 3369 3113 3423 ἀλλὰ
3166 3367 3259 3420 καὶ
3309 3364 3452 3434 μετά
3484 3363 3593 3416 τῶν
3646 3362 3764 3431 μετ’
3810 3361 4009 3421 αὐτούς

2408 3467 2581 3516 ἐστιν.
2621 3464 2697 3515 Οὐ
2736 3460 2848 3532 γὰρ
2895 3462 3000 3523 ἕως
3042 3459 3143 3526 τῆς
3193 3457 3510 3516 συντελείας
3564 3453 3659 3505 τοῦ
3711 3451 3909 3511 αίῶνος
3962 3452 4007 3502 οἱ

2407 3555 2703 3608 ἀπόστολοι
2735 3555 2917 3623 μένειν
2950 3552 3209 3621 ἔμελλονο
3276 3548 3415 3602 ἀλλά
3472 3548 3560 3600 διὰ
3602 3544 3713 3597 τῶν
3743 3544 3889 3596 τότε.
3916 3542 4009 3594 καὶ

2405 3625 2519 3710 τοῖς
2543 3649 2683 3718 μετά
2708 3648 2884 3700 ταῦτα
2912 3646 3009 3715 τὴν
3035 3644 3299 3714 τοιαύτην
3323 3638 3694 3711 ἐπηγγείλατο
3719 3636 3898 3706 χάριν,
3936 3635 4009 3693 ὡς

2408 3745 2487 3795 ἑνὶ
2521 3742 2737 3811 σώματι
2790 3740 3180 3810 διαλεγόμενος
3240 3738 3374 3789 πᾶσι
3424 3734 3538 3793 τοῖς
3592 3733 3829 3790 πιστοῖς.
3894 3727 4008 3780 Οὐκ

2406 3833 2609 3887 αὐτίκα
2656 3832 2715 3885 δὲ
2765 3833 2845 3895 εἰς
2902 3832 2997 3884 τὸν
3055 3828 3289 3897 οὐρανὸν
3340 3823 3643 3892 ἀνελήφθη,
3687 3820 3823 3874 ἀλλά
3874 3820 4010 3888 μετά

2409 3923 2602 3992 καιρόν
2635 3940 2781 3987 τινα,
2824 3923 2899 3984 ὡς
2930 3921 3039 3973 ἀπὸ
3079 3919 3189 3971 τῶν
3221 3916 3400 3970 ἀλλων
3448 3910 3859 3981 εὐαγγελιστῶν
3892 3907 4010 3973 ἔξε-

2410 4036 2499 4070 στι
2551 4016 2965 4085 διαγινώσκειν.
3024 4014 3133 4065 Καὶ
3174 4011 3285 4081 γάρ
3347 4008 3457 4062 ἀπὸ
3500 4008 3599 4077 τῆς
3656 4003 4009 4061 ἀναστάσεως

2408 4108 2576 4163 αὐτοῦ
2610 4110 2773 4179 μέχρι
2804 4107 2906 4177 τῆς
2936 4106 3262 4176 ἀναλήψεως
3296 4104 3385 4157 διὰ
3416 4099 3833 4169 τεσσαράκοντα
3863 4098 4004 4165 ἠμε-

2410 4200 2521 4271 ρῶν
2550 4198 2618 4272 ἦν
2648 4201 3023 4269 ὀπτανόμενος
3050 4199 3163 4260 τοῖς
3221 4194 3519 4267 μαθηταῖς,
3553 4193 3647 4244 καὶ
3704 4190 3817 4260 (22)
3881 4204 4009 4238 συνο

2408 4293 2762 4363 αυλιζόμενος
2792 4310 2805 4323 ·
2864 4288 3000 4346 Εἶτα
3039 4292 3149 4344 ἀπὸ
3207 4288 3302 4341 τοῦ
3339 4290 3397 4340 ὲν
3440 4283 3671 4353 Ἰουδαίᾳ
3696 4282 3880 4350 ὅρους,
3914 4279 4009 4331 τοῦ

2408 4387 2575 4441 καλου
2586 4384 2750 4454 μένου
2768 4384 3082 4448 Ἐλαιῶνος,
3104 4380 3408 4451 ἀνελήφθη,
3429 4377 3615 4440 καθὼς
3637 4376 3670 4445 ἡ
3695 4374 3874 4446 βίϐλος
3898 4370 4009 4423 τῶν

2409 4479 2787 4533 ἀποστολικῶν
2811 4477 3073 4548 Πράξεων
3100 4476 3212 4548 (‘25)
3239 4474 3515 4537 διέξεισιν.

2485 4667 2586 4735 Εῐη
2618 4664 2675 4718 δὲ
2698 4664 2854 4733 ἡμῖν,
2906 4661 3073 4726 ἀξίως
3100 4659 3195 4712 τοῦ
3227 4656 3564 4725 Εὐαγγελίου
3600 4653 3697 4708 καὶ
3749 4650 4011 4721 δογματί-

2408 4760 2565 4822 ζουσι
2623 4756 2717 4809 καὶ
2749 4752 3199 4823 πολιτευομένοις
3247 4752 3342 4803 καὶ
3382 4746 3790 4815 τελειουμένοις
3824 4742 4012 4811 τυχεῖν

2408 4854 2506 4905 καὶ
2548 4853 2649 4921 τῆς
2699 4850 2788 4903 διὰ
2839 4847 2937 4901 τοῦ
2998 4844 3335 4915 Εὑαγγελίου
3388 4840 3809 4912 ἐπηγγελμένης
3856 4835 4015 4905 βασι-

2416 4947 2570 5010 λείας
2598 4947 2712 5010 τοῖς
2744 4943 2994 5008 τελείοις,
3020 4941 3203 5013 χάριτι
3241 4938 3335 4993 τοῦ
3375 4935 3693 4991 παντελείου
3736 4927 4010 4993 Βασιλέως

2031 5127 2051 5157 ⁵
2075 5126 2198 5179 Act.
2232 5139 2268 5187 l,
2304 5125 2356 5189 3,
2387 5126 2439 5177 7.

1913 5286 2111 5347 Varie
2156 5287 2461 5349 lectiones
2506 5291 2564 5346 et
2603 5290 2794 5345 noue.

767 5455 877 5519 (19)
916 5454 1125 5507 Inclusa
1160 5457 1215 5508 in
1247 5456 1493 5525 margine
1523 5456 1688 5510 habet
1722 5457 1786 5511 A.

766 5530 880 5592 (2U)
940 5526 1278 5591 Ἐμπιίδιον,
1347 5529 1770 5598 πρόσπταισμα.
1839 5528 1959 5582 Noli
2013 5528 2290 5598 conjicere

714 5599 951 5651 σκολιόν.
989 5598 1207 5649 Σκῶλον
1244 5599 1447 5653 habent
1501 5596 1645 5650 LXX
1718 5600 1893 5653 Exod.
1931 5617 1983 5664 χ,
2020 5600 2050 5651 7
2091 5596 2132 5660 ς’
2160 5616 2288 5663 Lm,

694 5671 779 5727 Η,
815 5682 867 5721 et
904 5669 1095 5735 reliqui
1142 5672 1495 5740 interpretes.
1531 5668 1693 5723 l’rov.
1733 5688 1844 5725 xw.
1879 5673 1929 5725 7.

763 5742 875 5807 (21)
925 5742 1139 5795 Inclusa
1181 5742 1233 5793 in
1291 5742 1536 5811 margine
1604 5741 1789 5796 habet.
1831 5744 1895 5795 A.
1960 5745 2160 5799 Eadem
2234 5744 2288 5797 in

766 5904 844 5965 (p)
886 5904 957 5954 Ab
994 5920 1091 5956 une
1128 5916 1299 5957 monre
1353 5905 1460 5957 Uno
1506 5902 1798 5958 redundal.

2402 5456 2511 5540 ﬁne
2540 5457 2706 5539 hujus
2732 5454 2927 5511 scholii
2956 5451 3185 5509 exhibet
3215 5444 3527 5507 llentenius
3554 5461 3581 5501 e
3614 5438 3863 5511 margine
3917 5429 4005 5487 sui

2403 5529 2631 5583 codicis.
2695 5562 2700 5567 ρ

2480 5601 2593 5668 (22)
2623 5599 2700 5653 lta
2744 5608 2977 5667 uterque
3010 5596 3205 5652 codex.

2483 5673 2594 5742 (‘25)
2635 5671 2878 5735 Ἐξεισιν
2915 5673 2979 5724 Α.
