4432 6450
744 392 854 456 767
1997 392 2383 453 EUTHYMII
2428 392 2599 450 ZIGA
2612 393 2791 452 BENI
3918 366 4023 458 ias

745 505 852 574 *Y'
898 506 1037 573 Περὶ
1070 505 1177 558 τοῦ
1207 500 1461 571 τυφλοῦ’
1496 499 1655 571 (νων
1685 500 1802 568 22ι)
2361 503 2410 561 Α
2438 498 2534 563 λζ’.
2580 500 2717 567 Περὶ
2777 500 2895 553 τῶν
2926 502 3435 570 ἐπερωτησάντων
3494 503 3592 557 διὰ
3628 504 3734 557 τὸν
3763 504 4022 573 κῆνσον.

748 598 844 651 κδ’.
884 597 1028 665 Περὶ
1060 595 1170 662 τῆς
1217 594 1287 646 ἐν
1312 592 1633 657 Καισαρείᾳ
1681 589 2135 658 ἐπερωτήσεως.
2171 592 2335 661 (VIII,

1766 589 2135 658 πρωτὴσεως.
2171 592 2335 661 (VIII,
2619 592 2753 661 (XII,
2794 592 2907 661 I3.)
2938 596 3048 646 M0.
3075 595 3186 657 νβ’.
3233 598 3375 648 Αου.
3407 594 3516 649 oa'.

930 691 1047 750 27.)
1094 690 1207 739 M0.
1254 682 1679 753 λγ’.“Λου.κθ’.
2441 681 2543 750 λη’.
2588 687 2680 750 [It-:1

2441 681 2543 750 λη’.
2588 684 2727 750 Περὶ
2760 683 2882 738 τῶν
2915 684 3361 741 Σαδδουκαίων.
3397 686 3564 756 (XIII,
3604 687 3716 756 I8.)
3753 687 3877 741 M0'.
3910 695 4018 757 νγ.

744 780 841 834 κε’.
882 779 1020 845 Περὶ
1056 775 1161 842 τῆς
1195 771 1730 856 μεταμορφώσεως.
1771 774 1886 845 (IX,
1940 774 2019 843 2.)
2064 776 2175 828 M0.
2221 773 2333 827 λυ.

2221 773 2333 827 λδ.
2625 785 2771 831 Λου.
2806 776 2919 838 οβ’.
3962 809 3971 814 <

918 874 1065 924 Λου.
1086 869 1163 923 λ’.
2438 869 2534 921 ).0’.
2576 872 2668 937 Ile)

2438 869 2534 921 10'.
2576 869 2713 937 Περὶ
2770 868 2878 920 τοῦ
2930 866 3347 936 Γραμματέως.
3380 867 3520 937 (XII,
3574 869 3689 939 28.)
3743 871 3866 925 M0'.
3904 869 4013 923 νδ.

740 969 855 1027 κς’.
889 961 1031 1030 Περὶ
1060 960 1167 1014 τοῦ
1207 958 1740 1029 σεληνιαζομένου.
1775 958 1916 1029 (IX;
1940 957 2048 1027 II.)
2085 959 2199 1013 M0.
2225 955 2331 1011 λε’.

1150 961 1167 1013 5
1207 958 1740 1029 σεληνιαζομένου.
1775 958 1916 1029 (IX;
1940 957 2048 1027 II.)
2085 959 2199 1013 M0.
2225 955 2331 1011 λε’.
2613 965 2763 1015 Λου.
2795 958 2900 1013 λε’.

917 1058 1063 1108 Λου.
1093 1052 1211 1106 λα’.
2469 1060 2540 1120 μ’.
2580 1052 2720 1118 Περὶ
2771 1050 2879 1116 τῆς
2937 1050 3045 1104 τοῦ
3100 1051 3322 1117 Κυρίου
3375 1052 3827 1122 ἐπερωτήσεως.
3877 1052 4019 1121 (XII,

740 1146 842 1209 κζ’.
884 1147 1025 1214 Περὶ
1053 1145 1175 1199 τῶν
1219 1144 1740 1215 διαλογιζομένων,
1795 1144 1886 1209 τίς
1928 1143 2167 1212 μείζων.
2217 1143 2331 1214 (IX,
2616 1142 2728 1211 35.)
2769 1144 2881 1194 M0.
2917 1138 3020 1195 νε’.
3053 1144 3197 1193 Λου.
3223 1138 3328 1209 or’.

921 1236 1034 1303 33.)
1068 1239 1181 1291 M0.
1211 1235 1331 1295 λζ’.
1362 1242 1508 1289 Λου.
1537 1233 1655 1297 λβ.
2440 1241 2551 1302 μα’.
2582 1235 2718 1302 Περὶ
2744 1234 2851 1300 τῆς
2889 1233 2959 1287 τὰ
2986 1233 3096 1287 δύο
3123 1233 3318 1288 λεπτὰ
3338 1234 3691 1302 βαλούσης.
3730 1234 3868 1304 (XII,
3904 1234 4016 1300 41.)

737 1326 846 1398 κη’.
885 1328 1022 1397 Περὶ
1051 1326 1172 1380 τῶν
1198 1328 1739 1396 ἐπερωτησάντων,
1758 1327 1809 1379 εί
1835 1326 2080 1390 ἔξεστιν
2106 1324 2330 1380 άπολῦο
2616 1336 2758 1382 Λου.
2787 1326 2893 1381 οϐ’.

917 1435 1020 1471 σαι
1054 1420 1484 1487 τὴν-γυναῖκα.
1520 1420 1610 1487 (X,
1649 1420 1721 1501 I.)
1758 1422 1872 1473 M0.
1906 1418 1987 1487 μ’.
2441 1418 2547 1487 μβ’.
2592 1420 2667 1470 Πε

2441 1418 2547 1487 μβ’.
2592 1419 2731 1485 Περὶ
2776 1418 3157 1484 συντελείας.
3209 1416 3393 1488 (XIII,
3430 1415 3527 1487 3.)
3574 1419 3689 1475 M0.
3731 1417 3837 1477 γε’.
3874 1421 4016 1473 Αου.

734 1511 840 1565 κθ’.
880 1509 1024 1577 Περὶ
1057 1511 1164 1563 τοῦ
1190 1511 1692 1578 ἐπερωτήσαντος
1730 1511 2035 1563 πλουσίου
2069 1509 2177 1561 τὸν
2217 1508 2331 1577 '11;-
2613 1508 2714 1563 oe'.
3538 1574 3570 1587 κ
3851 1513 3858 1521 ’

911 1605 1091 1658 σοῦν.
1121 1604 1211 1671 (Χ,
1252 1604 1362 1671 I7.)
1392 1607 1506 1657 M0.
1541 1605 1663 1670 μα’.
1698 1608 1844 1665 Λου,
1875 1601 1984 1669 ἔτ’.
2439 1608 2549 1671 μγ.
2583 1600 2725 1668 Περὶ
2764 1598 2872 1665 τῆς
2904 1597 3132 1667 ἡμέρας
3170 1599 3268 1652 καὶ
3312 1598 3490 1667 ὥρας.
3528 1598 3685 1667 (XIII,
3734 1599 3850 1663 32.)
3906 1601 4018 1652 M0.

761 1693 830 1748 λ’.
876 1696 1014 1761 Περὶ
1048 1694 1169 1746 τῶν
1195 1692 1341 1748 υίῶν
1375 1693 1697 1746 Ζεϐεδαίου
1732 1693 1825 1762 (X,
1857 1692 1972 1761 35.)
2004 1695 2117 1746 M0.
2141 1690 2257 1761 μγ’.
2608 1692 2722 1760 νη’.

730 1785 835 1888 λα’.
870 1790 1011 1854 Περὶ
1044 1786 1529 1855 Βαρτιμαίου.(Χ.
1562 1787 1672 1848 46.)
1697 1788 1809 1840 M0.
1837 1785 1954 1855 μδ.
1988 1792 2134 1840 Λου.
2167 1786 2274 1849 ξδ’.
2362 1836 2407 1888 η
2441 1787 2542 1856 με’.
2580 1786 2718 1853 Περὶ
2751 1785 2857 1853 τῆς
2885 1786 3237 1854 άλειψάσης
3265 1784 3376 1837 τὸν
3414 1785 3637 1851 Κύριον
3660 1784 3827 1853 μύρῳ
3857 1781 4019 1848 (XIV,

730 1877 833 1947 λβ’.
870 1877 1008 1945 Περὶ
1046 1878 1153 1930 τοῦ
1181 1878 1410 1931 πώλου.
1465 1877 1579 1949 (XI,
1621 1880 1694 1945 I.)
1736 1880 1847 1931 M0.
1893 1876 1998 1939 με’.
2030 1883 2174 1931 Λου.
2215 1874 2305 1943 ξη¹
2367 1872 2407 1888 ’⁵

1893 1876 1998 1939 με’.
2030 1883 2174 1931 Λου.
2215 1874 2305 1943 ξη’
2367 1872 2407 1888 “’
2614 1878 2693 1943 5.)
2740 1880 2853 1930 M0.
2894 1877 3010 1940 ξβν.
3044 1881 3187 1930 Λου.
3223 1875 3333 1929 κα’.
3376 1876 3489 1929 Ἰω.
3518 1872 3617 1940 ιβ’.

921 1968 1025 2023 Ἰω.
1056 1969 1148 2021 ιδ’.
2439 1968 2541 2040 με’.
2584 1970 2721 2037 Περὶ
2755 1970 2863 2022 τοῦ
2899 1968 3138 2035 Πάσχα.
3185 1965 3354 2036 (XIV,
3400 1967 3511 2037 I2.)
3558 1969 3672 2021 M0.
3725 1966 3835 2035 εγ.
3872 1969 4017 2020 Λου.

730 2065 834 2131 λγ’.
872 2062 1015 2131 Περι
1048 2062 1158 2128 τῆς
1206 2061 1619 2130 ξηρανθείσης
1664 2059 1867 2126 συκῆς
1920 2059 2036 2124 (XI,
2075 2060 2182 2129 12.)
2214 2062 2326 2115 M0.

975 2062 1015 2116 al
1048 2062 1158 2128 τῆς
1206 2061 1619 2130 ξηρανθείσης
1664 2059 1867 2126 συκῆς
1920 2059 2036 2124 (XI,
2075 2060 2182 2129 12.)
2214 2062 2326 2115 M0.
2611 2068 2725 2126 og’.

904 2154 1031 2225 μζ’-
2438 2160 2556 2223 μς’.
2589 2157 2654 2208 Πε

2438 2160 2556 2223 μς’.
2589 2153 2725 2222 Περὶ
2760 2154 2869 2221 τῆς
2900 2152 3290 2222 παραδόσεως
3318 2152 3673 2222 προφητεία.
3697 2150 3860 2223 (XIV,
3905 2151 4013 2220 I7.)

728 2248 827 2304 λδ’.
865 2248 1008 2317 Περὶ
1035 2248 1487 2316 άμνησικακιάς
1518 2287 1530 2299 .
1560 2246 1677 2315 (XI,
1710 2245 1833 2312 25.)

1132 2248 1487 2314 matmxt'ac
1518 2287 1530 2299 .
1560 2246 1677 2315 (XI,
1710 2245 1833 2312 25.)
2610 2251 2735 2302 M0'.
2776 2248 2882 2311 ξδ’.

726 2342 825 2397 λε’.
865 2341 1009 2408 Περὶ
1040 2338 1160 2393 τῶν
1185 2337 1699 2406 ἐπερωτησάντων
1734 2338 1843 2391 τὸν
1881 2336 2100 2404 Κύριον
2128 2336 2330 2402 ἀρχὰ·
2430 2339 2538 2409 μζν,
2582 2338 2721 2407 Περὶ
2778 2338 2889 2407 τῆς
2944 2338 3279 2407 ἀρνήσεως.
3320 2336 3496 2409 (XIV,
3551 2338 3664 2407 66.)
3723 2338 3835 2391 M0.
3896 2334 4019 2400 ες·’.

899 2433 1061 2500 ρέων
1099 2430 1198 2484 καὶ
1228 2428 1673 2497 πρεσϐυτέρων.
1709 2428 1821 2498 (XI,
1872 2426 1990 2497 27.)
2040 2430 2156 2482 M0.
2197 2425 2326 2495 μη’.
2608 2434 2753 2483 Λου.
2784 2428 2894 2496 οη’.

908 2530 1054 2579 Λου.
1087 2526 1197 2577 κθ¹.
2432 2521 2543 2594 μη’.
2588 2523 2728 2589 Περὶ
2771 2520 2882 2587 τῆς
2922 2507 3217 2587 αἰτήσεως
3261 2521 3367 2575 τοῦ
3413 2522 3689 2590 σώματος
3740 2523 3845 2577 τοῦ
3895 2526 4016 2576 Ku-

726 2618 841 2684 λς’.
884 2620 1024 2685 Περὶ
1077 2618 1186 2671 τοῦ
1246 2612 1632 2686 ἀμπελῶνος.
1691 2615 1849 2683 (XII,
1915 2615 2011 2683 I.)
2072 2614 2187 2670 M0.
2254 2619 2326 2668 ν.

2265 2619 2326 2668 ν’.
2596 2618 2761 2683 ρίου.
2786 2614 2926 2683 (XV,
2963 2616 3078 2685 42.)
3110 2616 3221 2669 M0.
3254 2615 3364 2681 ξη’.
3402 2620 3547 2669 Λου.
3605 2613 3729 2680 πβ’.
3774 2616 3885 2669 Ἶω.
3921 2613 4015 2682 ιη’.

904 2716 1052 2766 Λου.
1088 2716 1158 2765 o’.

793 2898 887 2953 23.
928 2899 1003 2952 De
1028 2915 1184 2952 circo.
2431 2894 2545 2944 tunc
2576 2889 2714 2959 facis
2735 2891 2761 2943 .’

799 2990 891 3045 24.
933 2990 1009 3043 De
1036 2990 1452 3059 interrogatione
1476 2988 1529 3040 in
1564 2983 1834 3042 Catsarea.
2500 2983 2589 3038 36.
2633 2982 2708 3037 De
2728 2983 2903 3037 vinea.

789 3082 882 3135 25.
937 3080 1010 3134 De
1040 3080 1516 3150 transformatione
1553 3077 1788 3131 Domini.
2349 3104 2391 3159 ρ
2498 3074 2589 3129 57.
2630 3074 2703 3127 De
2738 3076 2815 3128 his
2847 3073 2936 3145 qui
2960 3073 3354 3144 interrogabant
3386 3075 3661 3128 occasione
3702 3091 3906 3129 census.

795 3174 888 3228 26.
933 3175 1010 3228 De
1044 3174 1282 3227 lunatico
1314 3172 1537 3225 habente
1559 3172 1807 3240 spiritum
1840 3178 2070 3222 mutum.
2498 3166 2586 3224 38.
2633 3166 2707 3221 De
2729 3164 3065 3221 Sadduca'is.‘

790 3268 880 3321 27.
922 3268 998 3321 De
1025 3266 1442 3337 disputontibus,
1472 3265 1589 3335 quis
1644 3272 1775 3319 esset
1830 3264 2026 3333 major.
2500 3259 2588 3314 39.
2635 3260 2712 3313 De
2743 3260 2939 3312 scriba.

790 3363 883 3417 28.
927 3361 1000 3415 De
1025 3362 1106 3415 his
1140 3362 1228 3430 qai
1259 3362 1656 3431 interrogabant
1680 3357 2003 3411 Dominum:
2029 3355 2108 3409 An
2143 3356 2322 3410 liceret
2499 3351 2595 3406 ιο.
2629 3350 2704 3403 De
2725 3352 3140 3422 interrogatione
3160 3352 3391 3408 Domini.

720 3473 841 3509 cum
872 3471 1033 3507 uxore
1059 3455 1341 3506 divortium
1370 3456 1567 3523 facere.
2502 3443 2591 3500 41.
2637 3443 2711 3497 De
2742 3445 2899 3498 vidua
2933 3462 3049 3515 qum
3079 3447 3182 3499 duo
3209 3448 3412 3499 minuta
3450 3446 3657 3499 obtulit.

788 3547 879 3600 29.
923 3546 1000 3599 De
1028 3548 1187 3600 divite
1222 3549 1310 3615 qui
1370 3546 1656 3600 Dominum
1692 3544 2074 3613 interrogabat.
2502 3538 2592 3591 42.
2634 3537 2708 3591 De
2739 3538 3214 3593 consummatione.

792 3641 884 3694 30.
926 3640 999 3693 De
1030 3640 1156 3707 ﬁliis
1197 3638 1460 3694 Zebedaai.
2503 3631 2593 3685 45.
2631 3629 2707 3683 De
2731 3632 2816 3683 die
2845 3630 2934 3684 illo
2961 3640 3008 3684 et
3039 3632 3191 3685 hora.

790 3731 883 3784 51.
926 3729 1003 3782 De
1036 3730 1349 3783 Bartimaso.
2502 3725 2540 3778 4η

2502 3724 2590 3778 «Η.
2634 3722 2709 3776 De
2741 3740 2802 3776 ea
2822 3740 2937 3793 (μίαν
2959 3725 3111 3777 unxit
3145 3723 3423 3777 Dominum
3447 3732 3732 3793 unguento.

792 3822 886 3877 32.
928 3821 1005 3876 De
1036 3824 1205 3893 pullo.
2502 3818 2542 3869 II.

2502 3818 2591 3872 45.
2640 3816 2715 3869 De
2730 3816 2958 3870 Pascha.

787 3918 880 3971 33.
929 3915 1003 3969 De
1022 3915 1127 3983 ﬁcu
1158 3932 1273 3985 qui:
1296 3916 1535 3970 exaruit.
2502 3910 2595 3964 I6.
2639 3908 2714 3963 De
2729 3910 3024 3977 proditione
3050 3908 3377 3977 praphetica.

786 4010 880 4063 δι.
923 4008 1003 4063 De
1032 4010 1291 4062 oblivione
1320 4010 1672 4078 injuriarum.
2501 4005 2588 4060 47.
2632 4002 2710 4056 De
2734 4004 3013 4073 negatione
3032 4001 3200 4056 Petri.

787 4103 880 4157 35.
918 4102 996 4156 De
1026 4104 1474 4173 interrogantibus
1497 4103 1801 4166 Dominum,
1830 4102 1891 4157 In
1922 4118 2027 4171 qua
2057 4105 2318 4169 potestate
2501 4095 2591 4150 68.
2626 4092 2706 4147 De
2738 4095 2988 4149 oetitione
3018 4090 3247 4162 corporis
3273 4092 3486 4149 Christi.

822 4441 1419 4502 INTERPRETATIO
1471 4439 1879 4496 EVANGELII
1936 4438 2183 4495 MARCI.
2351 4438 2572 4495 DEPM

2351 4437 2804 4495 DEPMHNEIA
2859 4440 2999 4493 ΊῸΥ
3061 4438 3307 4563 Κίλῗὸὶΐ
3328 4438 3638 4493 ΜΑΡΚΟΝ
3684 4440 4016 4495 ΕΥΑΓΓΕ-

783 4609 998 4663 Marcus
1034 4606 1179 4661 ﬁlius
1212 4606 1313 4660 fuit
1340 4605 1541 4665 Mariae.
1569 4619 1689 4673 quo:
1723 4604 1774 4656 in
1828 4603 1993 4656 domo
2051 4619 2149 4657 sua
2218 4602 2314 4656 be-
2496 4605 2533 4656 Ν

2262 4617 2314 4656 e-
2496 4604 2723 4673 Μάρκος
2758 4605 2787 4657 ὁ
2816 4602 3237 4673 εὐαγγελωτὴς,
3258 4604 3375 4666 υἱὸς
3408 4604 3508 4673 μὲν
3540 4605 3734 4673 γέγονε
3770 4608 4012 4680 Μαρίας,

712 4705 875 4773 nlgne
927 4701 1207 4771 apostolos
1258 4697 1587 4764 excipiebat.
1643 4696 1951 4750 Vocabatur
2017 4708 2200 4748 autem
2261 4704 2317 4747 et.
2428 4714 2458 4748 τ

2268 4704 2317 4747 et.
2428 4696 2527 4766 τῆς
2568 4696 2981 4769 δεξιωσαμένης
3017 4701 3074 4751 ἐν
3108 4702 3174 4770 τῇ
3206 4701 3413 4772 ἑαυτῆς
3443 4705 3595 4773 οἰκίᾳ
3621 4707 3749 4770 τοὺς
3782 4708 4018 4761 ἀποστό-

710 4796 973 4854 Joannes,
1007 4789 1470 4861 quemadmodum
1506 4790 1558 4840 in
1603 4788 1753 4841 Aclis
1804 4788 2179 4857 apostolorum
2234 4786 2316 4839 in-
2425 4790 2460 4842 λ.

2267 4803 2316 4839 1ο
2425 4790 2549 4853 λους
2578 4807 2592 4821 ο
2625 4791 2877 4844 ἐκαλεῖτο
2902 4791 2959 4844 δὲ
3002 4792 3095 4845 καὶ
3147 4793 3423 4867 Ἰωάννης,
3463 4797 3539 4860 ὠς
3592 4800 3652 4865 ὲν
3709 4802 3833 4863 ταῖς
3868 4802 4017 4869 Πρά-

712 4890 968 4943 venimus
1005 4905 1018 4941 :
1050 4885 1263 4946 Petrus,
1297 4883 1498 4953 inquit,
1530 4883 1797 4950 recognita
1831 4883 1968 4933 venit
2001 4882 2071 4933 ad
2100 4884 2313 4934 domum
2421 4884 2462 4947 ξι

2268 4898 2313 4932 nt
2421 4884 2535 4947 ξεσι
2576 4884 2685 4937 τῶν
2718 4885 3036 4939 ἀποστόλων
3070 4888 3421 4958 εὑρίσκομεν.
3453 4891 3722 4945 Συνιδὼν
3750 4893 3881 4964 γὰρ,
3913 4912 4015 4962 φη-

711 4984 900 5035 mntris
949 4979 1198 5040 Joannis,
1259 4977 1349 5045 qui
1401 4974 1881 5044 cognominabatur
1936 4977 2187 5036 Marcus,
2229 4973 2316 5025 ubi
2420 4976 2461 5029 al

2266 4973 2316 5025 bi
2420 4976 2527 5039 σὶν,
2562 4980 2594 5030 ό
2650 4977 2874 5045 Πέτρος
2928 4975 3119 5049 ἦλθεν
3167 4982 3266 5035 ἐπὶ
3324 4983 3441 5050 τὴν
3501 4986 3703 5039 οἰκίαν
3762 4986 3874 5055 τῆς
3903 5005 4015 5056 μη-

708 5088 861 5129 erant
889 5073 1043 5126 multi
1075 5070 1382 5141 congregati
1414 5080 1461 5121 et
1515 5069 1790 5121 orantes‘.
1841 5068 1903 5119 Et
1962 5067 2104 5122 circa
2162 5066 2315 5136 prin-
2421 5087 2458 5138 tJ

2262 5083 2315 5118 n-
2421 5070 2559 5138 τρὸς
2586 5070 2859 5125 Ἰωάννου
2914 5072 3022 5125 τοῦ
3073 5073 3563 5145 ἐπικαλουμένου
3612 5078 3885 5147 Μάρκου,
3940 5076 4012 5135 οὗ

709 5172 852 5239 eipia
888 5169 1111 5239 quidem
1138 5168 1469 5237 conjunctus
1500 5175 1587 5220 est
1625 5164 1887 5217 Barnabte
1912 5179 2081 5217 avum
2097 5162 2184 5215 ulo
2216 5177 2316 5213 suo
2422 5156 2459 5229 ἦ

2263 5178 2316 5213 ιο
2422 5156 2584 5229 ἦσαν
2614 5162 2811 5217 ἱκανοὶ
2836 5168 3341 5235 συνηθροισμένοι
3393 5169 3491 5224 καὶ
3515 5172 4012 5241 προσευχόμενοι.

708 5275 764 5316 et
802 5262 991 5328 Paulo,
1028 5262 1187 5317 sicuti
1235 5260 1372 5315 liber
1405 5258 1668 5313 Actorum
1699 5266 1925 5310 testatur
1959 5256 1998 5319 ’,
2030 5264 2087 5309 et
2118 5252 2319 5307 Paulus
2430 5257 2458 5308 li

2264 5269 2319 5307 us
2430 5254 2540 5308 Καὶ
2592 5256 2877 5327 καταρχὰς
2916 5258 3015 5329 μὲν
3079 5260 3369 5313 συνείπετο
3410 5262 3691 5333 Βαρνάϐᾳ,
3751 5264 3829 5334 τῷ
3882 5263 4014 5334 θείῳ

710 5358 765 5410 in
802 5356 1062 5425 Epistolis
1097 5354 1435 5409 mentionem
1462 5353 1582 5422 ejus
1618 5351 1848 5411 faciens,
1882 5358 1940 5405 ut
1978 5350 2031 5403 in
2071 5346 2313 5417 Epistola
2424 5365 2457 5399 α

2267 5346 2313 5401 Ia
2424 5346 2612 5409 αὑτοῦ,
2639 5349 2734 5400 καὶ
2766 5348 2987 5418 Παύλῳ,
3015 5350 3200 5414 καθὼς
3228 5351 3263 5422 ᾖ
3297 5370 3356 5405 τε
3392 5353 3579 5423 βίϐλος
3609 5356 3723 5408 τῶν
3752 5356 4017 5426 Πράξεων

708 5452 774 5507 ad
811 5438 1174 5506 Colossenses
1216 5450 1256 5514 ⁸,
1299 5458 1355 5502 et
1387 5448 1441 5502 in
1479 5447 1721 5502 secunda
1762 5446 1827 5500 ad
1882 5444 2234 5499 Timotheum
2263 5443 2306 5495 ⁸.
2420 5458 2458 5493 π

2267 5443 2306 5495 ⁵.
2420 5443 2801 5513 παριπτᾷ,καὶ
2835 5444 3070 5511 Παῦλος,
3104 5446 3163 5498 ὲν
3202 5443 3553 5516 Ἐπιστολαῖς
3579 5451 3809 5523 μνήμην
3848 5449 4017 5507 αὑτοῦ

712 5597 723 5624 ο
773 5594 891 5648 tm.
928 5592 1153 5653 xn.12.
1271 5594 1289 5622 ε
1324 5593 1445 5644 Act.
1502 5605 1600 5653 xu,
1633 5588 1741 5654 25;
1783 5602 1870 5649 xv,
1906 5586 1994 5649 57,
2029 5583 2120 5639 δε).
2199 5582 2217 5614 ι
2249 5580 2459 5639 Coloss.
2498 5597 2573 5648 IV,
2609 5554 2711 5635 to.
2775 5583 2795 5613 δ
2833 5582 2875 5637 ll
2910 5582 3055 5642 Tim.
3085 5568 3270 5653 mli.

1939 5725 2141 5788 Variae
2201 5723 2510 5788 lectiones
2552 5732 2612 5787 et
2645 5732 2837 5787 nolaz.

784 5864 859 5927 (ι)
906 5863 962 5915 '0
995 5863 1197 5917 omittit
1238 5861 1293 5916 ll.
1343 5861 1489 5916 Idem
1546 5874 1691 5926 mox,
1757 5871 1875 5931 post
1928 5858 2143 5925 οἰκίαν,
2193 5857 2460 5914 inscrtum
2496 5858 2527 5913 h

1180 5874 1197 5917 ι
1238 5861 1293 5916 Β.
1343 5861 1489 5916 Idem
1546 5874 1691 5926 mox,
1757 5871 1875 5931 post
1928 5858 2143 5925 οἰκίαν,
2193 5857 2460 5914 inscrtum
2496 5858 2658 5914 habet
2686 5857 2926 5929 Μαρίας.
