4432 6450
432 383 540 445 769

1411 376 1803 465 COMMENT.
1848 400 1935 464 tv
1970 404 2317 469 MAllCUM.
2359 435 2425 447 —
2466 411 2624 472 CAP.
2663 414 2715 475 ι.

3598 422 3708 483 ⁸7ῗο

432 502 783 572 ποιούμενος,
841 511 905 579 τῇ
963 526 1019 562 τε
1067 512 1201 582 πρὸς
1251 513 1594 579 Κολασσαετς
1622 519 1716 570 καὶ
1766 521 1833 589 τῇ
1882 520 2017 587 πρὸς
2050 527 2092 580 Α
2126 522 2182 575 Di

1955 520 2017 581 ιδς
2050 527 2092 580 Α
2126 522 2333 578 Deinde
2366 541 2491 579 cum
2544 526 2710 591 Petro
2758 526 2943 585 Romze
2974 547 3328 591 conversatus
3354 547 3458 599 est.
3511 554 3705 607 quem-

430 593 693 662 Τιμόθεον
726 599 982 672 δευτέρᾳ·
1018 600 1134 656 εἶτα
1164 604 1242 674 τῷ
1272 606 1465 676 Πέτρῳ
1501 610 1669 678 συνῆν
1704 612 1761 660 ὲν
1804 611 2016 680 Ῥώμῃ,

428 682 504 745 ὡς
542 686 571 753 ἡ
609 686 801 756 πρώτη
844 692 1012 745 αὐτοῦ
1057 693 1350 765 Ἐπιστολὴ
1388 696 1687 763 δείκνυσιν,
1740 701 1802 751 ἑν
1926 704 2020 754 καὶ

428 774 548 827 υίδν
575 776 741 829 αὑτοῦ
780 784 921 834 κατὰ
944 784 1162 853 πνεῦμα
1188 786 1280 837 τὸν
1301 782 1710 855 Μάρκονόῦτος
1740 790 2016 859 ὠνόμασε,

431 867 564 934 παρ’
591 858 653 918 οὗ
684 871 778 921 καὶ
817 872 941 924 ὅλον
974 874 1065 926 τὸν
1087 877 1183 927 τοῦ
1226 877 1570 945 Εὐάγγελίου
1601 880 1760 947 λόγον
1787 884 1814 934 6
1855 858 2016 952 Ma'p-

429 970 525 1041 κος
556 960 879 1031 μεμάθηκεν
916 964 1011 1032 (‘2).
1062 967 1293 1020 Ἔπειτα
1329 971 1716 1040 συνεγράψατο
1741 972 1803 1024 τὸ
1835 974 2016 1041 Εὐαγ-

428 1040 609 1110 γέλιον
633 1090 648 1113 ,
680 1051 755 1114 ὡς
798 1056 897 1123 μὲν
930 1059 1135 1127 ίστορεῖ
1162 1062 1255 1113 καὶ
1297 1062 1533 1131 Κλήμης
1564 1066 1593 1115 6
1625 1040 2013 1133 Στρωματεὺς,

428 1141 487 1189 ὲν
510 1142 649 1213 αὐτῇ
681 1147 749 1215 τῇ
793 1147 1004 1220 Ῥώμῃ,
1034 1153 1174 1203 κατὰ
1200 1153 1255 1206 δὲ
1288 1155 1379 1206 τὸν
1412 1156 1804 1224 Χρυσόστομον
1831 1158 1928 1228 (5),
1957 1160 2015 1209 ἐν

427 1232 710 1303 Αίγύπτῳ,
750 1242 1132 1309 παρακληθεὶς
1164 1246 1269 1299 ὑπδ
1298 1246 1404 1298 τῶν
1453 1249 1570 1299 ἐκεῖ
1600 1249 1835 1314 πιστῶν,
1874 1253 2014 1318 μετὰ

426 1322 521 1391 ἔτη
556 1325 689 1378 δέκα
712 1328 812 1396 τῆς
841 1332 937 1383 τοῦ
965 1334 1218 1404 Σωτῆρος
1251 1337 1602 1407 ἀναλῄψεως.
1642 1340 2013 1411 Συμφωνετδὲ

425 1416 501 1482 τῷ
529 1418 800 1489 Ματθαίῳ
827 1422 966 1485 λίαν,
1003 1427 1144 1496 πλὴν
1172 1430 1300 1481 ὅσον
1341 1433 1555 1495 ἐκεῖνός
1583 1437 1701 1486 ἐστι
1741 1436 2011 1488 πλατύτε-

429 1523 538 1575 ρος.
582 1510 703 1581 Χρὴ
732 1512 796 1582 δὴ
825 1515 1056 1568 καθόλου
1091 1518 1407 1585 γινώσκειν.
1439 1522 1513 1583 ὡς
1548 1524 1597 1575 οἱ
1623 1525 2014 1592 εὐαγγελισταὶ

425 1600 557 1653 ποτὲ
587 1602 687 1670 μὲν
713 1606 855 1658 κατὰ
888 1610 1043 1673 τάξιν
1074 1612 1484 1680 ἀπαγγέλλουσι
1509 1619 1609 1680 τὰς
1662 1617 2014 1680 διδασκαλίας

426 1690 519 1739 καὶ
551 1692 620 1743 τά
654 1692 915 1762 θαύματα
948 1699 1042 1751 τοῦ
1082 1702 1166 1769 Χρ
1198 1701 1351 1765 στοῦ,
1413 1706 1565 1773 νόμῳ
1604 1705 1870 1772 ίστορίας·
1910 1723 2011 1757 πο-

423 1780 479 1830 τὲ
513 1781 590 1843 δὲ,
636 1785 696 1835 οὐ
753 1788 984 1856 τηροῦσι
1040 1792 1216 1858 τάξιν,
1255 1794 1585 1859 σπεύδοντες
1646 1796 1809 1865 μόνον
1843 1799 1924 1859 εἰς
1954 1798 2015 1849 τὸ

424 1874 789 1940 ἀπαγγέλλειν
822 1879 981 1932 αὑτά.

507 2058 688 2126 Ἀρχὴ
719 2060 823 2113 τοῦ
859 2091 927 2101 -
958 2062 1085 2130 τοῖς
1122 2065 1482 2134 προφήταις.
1546 2068 1887 2137 Εὑαγγέλιον
1922 2069 2016 2123 νῦν

421 2150 448 2199 6
481 2149 730 2219 Μάρκος,
755 2152 852 2222 τὴν
885 2155 1096 2224 Καινὴν
1144 2157 1450 2228 Διαοήκην,
1483 2160 1585 2230 τὴν
1618 2162 1747 2213 νέαν
1784 2161 2016 2231 νομοθε-

425 2242 549 2294 σίαν
575 2244 670 2295 τοῦ
713 2245 956 2314 Χριστοῦ
1008 2250 1271 2321 κέκληκε.
1322 2252 1477 2304 Διατί
1528 2253 1585 2305 δὲ
1638 2253 1814 2317 οὕτως
1842 2256 2015 2325 αὐτὴν

420 2333 727 2403 ὠνόμασεν,
758 2337 975 2407 εἴρηται
1003 2340 1062 2392 ὲν
1111 2342 1189 2410 τῷ
1230 2344 1513 2414 προοιμίῳ
1560 2347 1659 2415 τῆς
1695 2347 2014 2416 ἐξηγήσεως

422 2424 516 2476 τοῦ
552 2428 694 2479 κατὰ
722 2429 1003 2483 Μιτοαίον
1038 2432 1409 2500 Εὐαγγελίου,
1441 2436 1572 2488 ἔνθα
1601 2440 1731 2507 περὶ
1758 2438 1858 2507 τῆς
1888 2439 2013 2489 ἑπι-

422 2519 638 2589 γραφῆς
655 2520 761 2572 τῶν
782 2523 1138 2589 ΕὐαγγεΜων
1163 2526 1604 2597 προδιείληπται.
1622 2530 1761 2598 Φησὶ
1778 2530 1833 2583 δὲ
1860 2533 1885 2583 6
1906 2549 2013 2581 τεα-

421 2627 530 2676 ρων
562 2613 974 2685 εὐαγγελιστὴς,
1007 2618 1087 2669 ὅτι
1118 2619 1261 2688 ἁρχὴ
1297 2619 1396 2687 τῆς
1430 2621 1556 2683 νέας
1578 2621 1655 2690 (4)
1681 2622 2012 2689 νομοθεσίας

421 2702 658 2770 Χριστοῦ
692 2706 835 2758 οῦτω
878 2708 1127 2775 γέγονεν,
1157 2710 1587 2781 ὡςγέγραπται
1629 2714 1686 2764 ὲν
1720 2715 1830 2774 τοῖς
1877 2731 2011 2784 προ-

420 2798 618 2861 φήταις
653 2811 665 2823 ·
698 2796 847 2862 λέγει
875 2799 931 2851 δὲ
973 2801 1265 2870 Μαλαχίαν
1319 2805 1414 2853 καὶ
1466 2802 1719 2857 Ἡσαΐαν.
1761 2798 1893 2855 Εἶτα
1926 2804 2009 2855 τί-

419 2884 544 2952 θησι
578 2888 671 2939 καί
703 2889 771 2939 τά
807 2891 949 2959 ῥητὰ
1000 2892 1112 2941 τῶν
1165 2893 1491 2964 προφητῶν,
1527 2895 1613 2946 ἴνα
1668 2895 1868 2964 μάθῃς,
1927 2895 2011 2947 ὃτι

418 2976 644 3046 τοιαύτη
682 2980 827 3049 ἀρχὴ
857 2982 953 3032 τοῦ
986 2982 1323 3050 Εὐαγγελίου
1364 2974 1620 3052 γέγονεν,
1664 2986 1785 3036 οἵαν
1830 2985 2010 3055 ταῦτά

420 3085 607 3131 φασιν.
652 3070 839 3123 Ταῦτα
872 3072 928 3123 δέ
987 3090 1178 3141 φασιν,
1240 3075 1419 3143 ἀρχὴν
1467 3073 1636 3127 αὑτοῦ
1671 3074 2007 3142 γενήσεσθαι

416 3160 508 3209 τὸν
553 3162 829 3233 Ἰωάννην,
870 3164 945 3228 ὡς
986 3167 1456 3235 ἀναπτυσσόμενα
1514 3167 1802 3233 δείξουσιν.
1854 3167 2009 3220 Ἐπεὶ

418 3258 525 3324 γάρ
554 3259 753 3321 πάντες
788 3260 836 3312 οί
868 3262 1153 3332 προφῆται
1194 3263 1289 3315 καὶ
1323 3263 1350 3314 6
1393 3266 1556 3329 νόμος
1596 3263 1699 3324 ἓως
1755 3263 2004 3316 Ἰωάννου

422 3355 864 3419 προεφήτευσαν,
924 3355 1066 3407 κατά
1117 3355 1206 3408 τὸν
1267 3353 1363 3407 τοῦ
1427 3355 1634 3422 Κυρίου
1685 3354 1865 3421 λόγον,
1899 3356 2007 3408 ἔδει

419 3443 631 3506 τοῦτον,
689 3447 844 3509 τέλος
874 3447 1007 3500 ὄντα
1043 3448 1143 3518 τῆς
1198 3449 1470 3512 Παλαιᾶς,
1525 3449 1700 3517 ἀρχὴν
1750 3449 2004 3514 γενέσθαι

418 3534 518 3603 τῆς
552 3538 719 3601 Νέας.
760 3537 924 3592 Ἀλλά
952 3541 1261 3611 διαιρετέον
1300 3539 1408 3611 ίδία
1446 3540 1556 3592 τῶν
1582 3539 1675 3592 δύο
1709 3541 2005 3612 προφητῶν

416 3631 486 3683 τά
523 3634 687 3701 ῥητά.

500 3722 670 3785 Ἰδοὺ,
704 3722 820 3793 ἐγὼ
841 3753 900 3767 —-
932 3724 1280 3794 ἔμπροσθέν
1310 3741 1451 3780 σου.
1488 3727 1780 3798 Μαλαχίου
1820 3728 1918 3798 μὲν
1947 3729 2006 3781 τὸ

420 3814 603 3886 ῥητόν·
642 3817 863 3886 εἴρηται
891 3818 947 3869 δὲ
988 3820 1117 3887 περὶ
1145 3819 1343 3871 τούτου
1380 3822 1568 3888 σαφῶς
1603 3822 1662 3873 ὲν
1697 3823 1761 3891 τῇ
1802 3821 2006 3891 ἐξηγή-

417 3924 499 3958 σει
536 3908 628 3961 τοῦ
657 3909 907 3963 είκοστοῦ
928 3913 1227 3979 κεφαλαίου
1242 3910 1336 3964 τοῦ
1363 3914 1504 3966 κατά
1529 3913 1806 3967 Ματθαῖον
1831 3915 2008 3981 Εὐαγ-

416 4001 622 4068 γελίου.
666 4002 778 4055 Καὶ
843 4005 1105 4073 περιττὸν
1153 4006 1222 4057 τά
1272 4006 1419 4059 αὑτά
1480 4007 1646 4060 πάλιν
1701 4009 1781 4071 είς
1840 4009 2006 4077 μέσον

416 4097 594 4164 ἄγειν.

488 4188 663 4256 Φωνὴ
703 4215 770 4229 ——
806 4189 1051 4257 τρίϐους
1099 4190 1309 4245 αὐτοῦ.
1370 4190 1724 4263 [Ἑτοιμάζει
1767 4194 1845 4263 (ὅ)
1906 4196 2007 4264 μὲν

417 4282 515 4352 τὴν
541 4283 659 4336 656v
690 4284 918 4353 Κυρίου,
946 4286 974 4337 ό
994 4285 1093 4353 τὴν
1114 4284 1316 4355 ἀρετὴν
1348 4284 1745 4356 ἐργαζόμενος·
1777 4287 1878 4341 οὐκ
1912 4290 2005 4341 εὐ-

420 4376 572 4438 θείας
605 4376 663 4427 δὲ
712 4377 861 4427 ποιεῖ
892 4378 997 4438 τὰς
1030 4375 1255 4446 τρίϐους
1285 4376 1474 4442 αὑτοῦ,
1506 4380 1533 4430 6
1583 4378 1660 4449 μὴ
1707 4379 1844 4448 πρὸς
1880 4380 1999 4433 εὐα-

419 4469 680 4539 ρέστησιν
717 4469 881 4531 Θεοῦ,
916 4470 1054 4522 ἀλλὰ
1092 4470 1162 4523 δι’
1193 4471 1759 4542 άνθρωπαρέσκειαν,
1799 4474 1832 4543 ἦ
1882 4491 2007 4525 τινα

2121 613 2414 669 admodum
2476 618 2624 686 prior
2686 620 2805 690 ejus
2884 623 3118 692 Epistula
3183 628 3546 691 demonstrat.
3600 648 3708 701 qua

2120 706 2285 758 etiam
2314 707 2409 760 hic
2447 708 2614 762 lilium
2640 725 2798 764 suum
2830 711 2985 780 juxta
3017 715 3267 782 spiritum
3304 718 3547 774 Marcum
3603 738 3711 791 ap-

2122 793 2342 871 pellavit
2371 795 2392 825 '
2428 812 2441 847 :
2471 812 2501 850 a
2540 812 2649 866 quo
2688 798 2916 868 insuper
2953 811 3129 855 totum
3178 806 3454 877 Evangelii
3499 826 3709 865 sermo-

2121 893 2244 931 nem
2279 881 2498 934 Marcus
2555 885 2766 948 didicit,
2824 898 2879 941 et
2929 896 3275 958 postmodum
3352 898 3708 969 Evangeliqu

2119 973 2470 1039 conscripsit,
2539 978 2842 1030 secundum
2906 980 3242 1036 Clementem
3296 984 3709 1057 Stromaticum,

2122 1060 2225 1115 hoc
2276 1073 2382 1125 est.
2425 1067 2515 1133 qui
2577 1062 2724 1120 varia
2783 1070 2835 1121 in
2896 1088 3063 1125 unum
3116 1078 3422 1142 contexuit,
3479 1079 3531 1133 in
3592 1082 3709 1150 ipsa

2118 1150 2288 1203 Poma
2328 1170 2340 1205 :
2368 1154 2519 1221 juxta
2547 1156 2990 1227 Clirysoslomum
3021 1176 3201 1218 autem
3235 1167 3287 1219 in
3330 1169 3586 1241 Aigypto,
3621 1190 3711 1228 ro-

2117 1251 2276 1311 gatus
2314 1261 2342 1297 a
2374 1245 2633 1302 fratribus
2665 1252 2755 1318 qui
2790 1252 2989 1307 ibidem
3040 1259 3419 1327 morabantur,
3457 1276 3577 1331 post
3616 1267 3711 1319 de-

2119 1336 2323 1390 cimum
2378 1354 2407 1390 a
2456 1338 2755 1397 Salvatoris
2805 1348 3198 1417 Assumptione
3248 1369 3475 1407 annum.
3528 1356 3710 1411 Pluri-

2120 1441 2266 1480 mum
2301 1439 2483 1481 autein
2518 1448 2640 1485 cum
2676 1432 2930 1489 Matthaeo
2963 1441 3261 1505 consentit,
3308 1444 3407 1497 nisi
3447 1450 3591 1514 quod
3632 1452 3710 1501 la-

2122 1524 2230 1573 tius
2273 1521 2362 1574 illc
2425 1538 2620 1578 cuneta
2676 1525 2963 1582 describit.
3039 1532 3250 1601 L'bique
3301 1548 3484 1591 autem
3571 1556 3715 1596 sc.re

2118 1625 2356 1683 Oportet,
2383 1619 2527 1686 quod
2556 1624 2905 1691 evangelista:
2939 1626 3213 1682 interdum
3245 1633 3467 1699 quidem
3504 1634 3712 1689 Christi

2120 1705 2425 1759 doctrinam
2460 1722 2523 1761 ac
2558 1712 2821 1765 miracula
2883 1715 3078 1770 ordine
3133 1719 3454 1774 describunt
3489 1724 3543 1775 in
3593 1741 3710 1778 mo-

2119 1795 2248 1849 dum
2284 1797 2551 1861 historiae,
2592 1803 2923 1873 quandoque
2982 1823 3113 1861 vero
3145 1813 3391 1864 ordinem
3430 1829 3537 1866 non
3594 1832 3711 1867 ser-

2122 1894 2251 1940 vant
2296 1904 2309 1940 :
2358 1889 2409 1942 id
2454 1891 2631 1943 solum
2674 1894 2980 1961 studentes,
3026 1908 3107 1964 ut,
3169 1904 3313 1969 quod
3357 1906 3559 1957 dictum
3619 1916 3713 1959 aut

2120 1976 2326 2032 factum
2376 1990 2481 2047 est,
2535 1988 2886 2041 annuntient.

2190 2071 2343 2125 CAP.
2391 2075 2430 2125 l.
2483 2072 2621 2128 νει-ε
2673 2080 2722 2130 1.
2771 2077 2994 2133 Initium
3025 2112 3068 2119 —
3130 2082 3285 2136 Vers.
3316 2084 3370 2136 2.
3420 2088 3711 2153 prophetis.

2120 2161 2475 2233 Evangelium
2511 2182 2661 2221 nunc
2687 2166 2903 2224 Marcus
2940 2172 3233 2241 appellavit
3271 2175 3481 2229 Novum
3514 2180 3713 2233 ’l'esta-

2120 2266 2391 2317 mentum,
2434 2273 2635 2312 novam
2685 2258 2888 2315 Christi
2924 2262 3345 2333 li-gislationem.
3381 2268 3492 2321 Cur
3527 2283 3711 2325 autem

2118 2348 2190 2401 ita
2224 2349 2613 2416 nominaverit,
2660 2353 2865 2407 dictum
2903 2366 2988 2409 cst
3055 2358 3107 2410 in
3162 2356 3436 2414 Procemio
3486 2377 3711 2418 enarra-

2118 2440 2283 2495 tionis
2332 2441 2607 2513 Evangelii
2641 2445 2795 2514 juxta
2830 2447 3183 2513 Matthaeurn,
3227 2453 3315 2505 ubi
3357 2455 3422 2506 de
3478 2472 3715 2525 evange-

2116 2528 2314 2581 liorum
2348 2530 2710 2602 inscriptione
2743 2543 3033 2591 tractatum
3062 2550 3168 2594 est.
3199 2542 3289 2593 Ait
3315 2559 3446 2613 ergo
3472 2562 3713 2613 praesens

2114 2622 2474 2691 evangelista,
2503 2626 2648 2692 quod
2690 2629 3019 2700 principium
3057 2648 3211 2686 nova:
3243 2634 3441 2689 Christi
3498 2639 3714 2715 legisla-

2117 2711 2278 2765 tionis
2312 2714 2384 2766 ita
2417 2714 2540 2773 fuit.
2607 2718 2748 2771 sicut
2797 2720 2848 2771 in
2911 2722 3195 2790 prophetis
3250 2729 3514 2794 scriptum
3571 2711 3704 2784 esti

2112 2802 2243 2855 dicit
2272 2816 2453 2855 autem
2490 2803 2679 2859 Isaiam
2713 2818 2767 2861 et
2797 2807 3137 2884 hialachiam.
3171 2813 3374 2867 Deinde
3398 2830 3458 2869 ea
3491 2835 3713 2889 qn0quo

2114 2893 2292 2961 ponit,
2322 2910 2443 2958 qum
2496 2911 2533 2969 av
2583 2899 2865 2969 prophetis
2916 2902 3059 2955 dicta
3087 2890 3253 2963 sunt.
3302 2915 3358 2959 ut
3386 2908 3571 2963 videas
3603 2914 3711 2965 tale

2113 2982 2284 3039 fuisse
2324 2985 2607 3059 Evangelii
2656 2991 3012 3061 principium,
3047 2997 3207 3065 quale
3246 2998 3437 3051 dicunt
3474 3004 3713 3070 prophe-

2114 3087 2198 3131 txe.
2230 3080 2403 3133 Aiunt
2455 3085 2725 3137 autenihi
2792 3084 3059 3141 Joannem
3126 3089 3290 3144 fuisse
3355 3092 3711 3162 principium.

2118 3172 2288 3225 veluti
2341 3173 2485 3227 dicta
2520 3189 2712 3228 eorum
2746 3177 3014 3245 explicata
3046 3180 3525 3236 de‘monstrabum.
3566 3186 3707 3248 Quia

2115 3266 2260 3317 enim
2296 3281 2475 3319 omnes
2506 3269 2771 3335 propheta:
2808 3279 2855 3321 et
2889 3268 2977 3323 lea:
3005 3287 3167 3341 usque
3201 3275 3271 3325 ad
3297 3272 3557 3327 Joannem
3583 3293 3711 3343 pm-

2111 3358 2476 3424 phctaverunt,
2542 3361 2696 3429 juxta
2756 3362 2967 3415 Domini
3036 3367 3262 3418 verbum
3321 3369 3363 3431 ',
3424 3371 3713 3436 oportebat

2112 3449 2277 3514 hunc,
2317 3451 2408 3519 qui
2443 3451 2567 3505 linis
2594 3463 2711 3506 erat
2740 3453 2953 3509 Veteris
2988 3456 3348 3521 Tcstamenti.
3393 3460 3530 3514 Novi
3560 3478 3713 3529 quo-

2109 3553 2215 3608 que
2245 3556 2367 3593 esse
2392 3541 2740 3611 principium.
2777 3543 2974 3599 Verum
3004 3546 3385 3617 distinguenda
3419 3562 3545 3603 sunt
3581 3567 3709 3620 pro-

2110 3634 2229 3701 pria
2252 3632 2489 3688 duorum
2533 3636 2929 3705 prophetarum
2966 3642 3205 3694 oracula.

2188 3724 2338 3779 νει-ε.
2381 3726 2434 3779 2.
2475 3727 2609 3781 Ecce
2663 3745 2756 3798 rgo
2788 3759 2855 3767 ——
2888 3747 3067 3784 coram
3125 3744 3194 3787 te.
3270 3735 3547 3793 Malac‘liia:
3615 3758 3711 3795 va-

2113 3819 2363 3871 licinium
2420 3831 2524 3874 est.
2584 3820 2661 3874 Dc
2737 3821 2840 3876 hoc
2899 3833 3078 3878 autem
3150 3829 3438 3883 manifeste
3498 3833 3711 3887 dictum

2109 3923 2194 3965 Cal.
2245 3912 2503 3965 vici‘simo
2560 3915 2739 3982 capite
2810 3913 3085 3986 Evangelii
3140 3920 3294 3988 juxta
3367 3918 3707 3989 Matthaeuni,

2113 4006 2257 4059 unde
2298 4003 2635 4073 superﬂuum
2679 4018 2825 4060 esset
2852 4009 3044 4063 eadem
3086 4026 3303 4066 rursum
3362 4015 3415 4067 in
3466 4018 3709 4071 medium

2109 4098 2401 4151 adducere.

2185 4190 2341 4245 Vers.
2384 4191 2439 4245 ὅ.
2494 4189 2608 4245 Vox
2642 4221 2711 4231 —
2738 4194 2958 4247 semitas
3009 4195 3146 4263 ejus.
3196 4194 3235 4265 ᾔ-
3276 4196 3551 4267 Praeparat
3583 4204 3709 4270 qui-

2110 4283 2234 4338 dem
2269 4283 2503 4338 Domino
2533 4283 2697 4350 viam,
2730 4286 2823 4353 qui
2861 4287 3120 4340 virtutem
3177 4300 3456 4357 operatur.
3510 4290 3546 4343 \'
3590 4310 3711 4347 rum

2114 4393 2222 4432 non
2257 4388 2435 4433 rectas
2465 4378 2596 4433 facit
2631 4380 2858 4433 semitas
2885 4382 3026 4449 ejus,
3069 4382 3159 4449 qui
3198 4398 3307 4434 non
3343 4386 3407 4438 ad
3468 4386 3561 4439 Dei
3621 4390 3715 4440 lie-

2113 4470 2472 4539 neplaeitum,
2531 4470 2626 4525 sed
2663 4470 2730 4525 ad
2771 4472 3015 4527 studium
3073 4474 3392 4528 hominibus
3433 4470 3708 4544 placendi.

421 4564 648 4627 σκοπὸν,
689 4561 791 4615 οὐκ
840 4563 1072 4632 άγαΟδν,
1120 4563 1332 4634 ταύτην
1388 4564 1783 4635 ἐργαζόμενος.
1837 4561 2004 4631 Οὗτος
2032 4562 2083 4622 Ι)
2113 4582 2171 4618 au

1963 4585 2004 4631 ›ς
2032 4562 2083 4622 D
2113 4574 2208 4618 aut
2236 4565 2473 4633 aliquem
2507 4564 2675 4619 alium
2711 4564 2874 4620 linem
2912 4582 3019 4620 non
3078 4567 3306 4635 bonum,
3343 4568 3484 4624 hanc
3518 4587 3713 4639 Opem-

414 4657 506 4709 τὸν
562 4656 665 4726 μὲν
722 4657 884 4710 πόνον
937 4658 1036 4727 τῆς
1092 4656 1419 4725 ἐτοιμασίας
1460 4658 1779 4725 ὑφίσταται,
1814 4660 1904 4711 τὸν
1950 4659 2006 4713 δὲ

413 4752 548 4804 Θεὸν
570 4754 672 4806 οὐκ
699 4753 810 4822 ἔχει
834 4754 951 4815 ταῖς
978 4751 1265 4814 τοιαύταις
1298 4750 1509 4821 τρίϐοις
1559 4752 2007 4823 ὲμπεριπατοῦν-

411 4842 530 4916 τα.]

485 4939 529 4991 Τ
532 4938 660 4992 οῦτο
688 4936 783 4991 τοῦ
818 4938 1047 4992 Ἡσαΐου
1080 4937 1254 4991 ἐστίν·
1286 4937 1635 5009 ἡρμήνευται
1661 4936 1719 4989 δὲ
1756 4938 1851 4989 καὶ
1880 4936 2008 4991 τοῦ·

412 5051 474 5087 το
506 5034 669 5086 πάλιν
707 5036 765 5085 ὲν
787 5034 860 5102 τῇ
894 5033 1160 5101 ἐξηγήσει
1194 5032 1291 5084 τοῦ
1322 5032 1510 5101 τρίτου
1542 5030 1844 5099 κεφαλαίου
1877 5030 1971 5084 τοῦ

413 5127 557 5179 κατὰ
578 5125 861 5180 Ματθαίον
894 5124 1259 5193 Εὑαγγελίου,
1293 5125 1389 5176 καὶ
1414 5124 1567 5193 ζήτει
1606 5125 1743 5176 ἐκεῖ.
1771 5125 1853 5176 Τά
1900 5124 1999 5193 μὲν

413 5215 508 5274 οῦν
541 5221 859 5291 προφητικὰ
890 5220 1063 5273 ταῦτα
1097 5220 1240 5292 ῥητὰ
1276 5219 1587 5289 συμφώνως
1640 5219 2005 5288 κεκράγασιν,

412 5316 541 5369 ὅτιὸ
584 5314 840 5384 Ἰωάννης
890 5313 1212 5385 προοδεόσει
1246 5313 1342 5367 τοῦ
1373 5312 1639 5383 Χριστοῦ,
1682 5314 1776 5366 καὶ
1808 5312 2001 5380 εὐτρε-

410 5505 477 5561 ⁵1
513 5504 656 5558 Pctr.
688 5520 739 5565 v,
779 5503 863 5556 l5.
980 5504 998 5531 ‘
1034 5500 1226 5554 Matth.
1264 5515 1341 5563 xi,
1396 5498 1480 5553 l3.

2114 4669 2223 4711 tur.
2270 4657 2370 4711 Hic
2412 4658 2559 4712 enim
2596 4660 2834 4712 laborem
2873 4659 3090 4727 quidem
3146 4663 3559 4731 prmparationis
3594 4680 3717 4718 sus-

2114 4754 2271 4814 tinet,
2306 4752 2473 4806 Deum
2506 4762 2688 4805 autem
2742 4768 2852 4806 non
2908 4754 3073 4808 habet
3122 4755 3433 4825 hujusmodi
3486 4759 3715 4813 semitas

2112 4844 2611 4909 perambu|antem.

2188 4933 2343 4987 Isaiae
2381 4933 2755 4988 testimonium
2806 4945 2907 4999 est,
2946 4936 3090 5006 quod
3135 4939 3299 4993 etiam
3356 4942 3710 5010 explanatum

2111 5039 2192 5083 est
2228 5029 2282 5081 in
2333 5028 2687 5082 enarratione
2745 5030 2895 5085 tertii
2959 5032 3156 5100 capitis
3222 5030 3497 5105 Evangelii
3553 5036 3712 5106 juxta

2108 5121 2445 5187 Matthazum,
2479 5122 2551 5175 ibi
2582 5136 2711 5193 ergo
2738 5124 2988 5192 querito.
3026 5123 3151 5180 Harc
3176 5126 3357 5197 itaque
3386 5130 3711 5197 prophetica

2108 5217 2249 5271 dicta
2278 5217 2625 5271 concorditer
2662 5217 2918 5279 clamant.
2953 5220 3097 5289 quod
3124 5219 3364 5277 Joannes
3407 5238 3709 5291 prmcessn-

2114 5325 2211 5362 rus
2278 5317 2399 5362 erat
2477 5307 2784 5377 Christum,
2872 5311 3127 5382 viamque
3189 5314 3240 5368 ei
3299 5325 3710 5385 praeparaturus

1644 5570 1842 5630 Varia:
1878 5570 2185 5631 lectiones
2233 5579 2292 5631 et
2326 5577 2514 5631 notua.

491 5751 567 5819 (Ξ)
605 5750 674 5804 Ut
703 5766 771 5803 ex
798 5746 1096 5817 Sophronii
1136 5747 1187 5800 in
1229 5745 1465 5799 Marcum
1498 5740 1826 5797 Praelationo
1888 5740 2003 5794 col-

413 5828 542 5896 ligo.
580 5822 673 5877 lib.
711 5838 759 5875 vr
798 5820 1061 5896 ﬂypotyp.

485 5898 561 5969 ᾧ)
603 5896 760 5951 Tom.
793 5895 902 5958 \'ll,
948 5907 999 5961 p.
1033 5895 1086 5946 9.

2190 5742 2264 5811 ti)
2334 5742 2503 5803 Νέας.
2530 5744 2705 5797 abest.
2744 5745 2805 5798 Δ.

2193 5815 2266 5882 (ὅ)
2299 5814 2424 5869 lim;
2456 5826 2687 5881 uterque
2714 5816 2767 5869 in
2805 5817 3052 5888 margine
3092 5816 3333 5872 exhibet.
