4432 6450
429 429 534 490 797

1391 425 1777 487 COMMENT.
1825 420 2297 488 IN‘MARCUM.
2324 454 2392 466 -
2432 432 2589 491 CAP.
2636 433 2739 494 IV.

3606 440 3713 501 798

424 541 535 593 τῶν
616 543 1000 610 χρηστοτέρων
1074 537 1496 609 παραμυθῆται,
1566 538 2174 609 παραθηγόντωνΑυι

1957 556 2009 589 ον
2040 543 2081 598 Α
2116 541 2333 594 utiliora
2362 545 2699 610 consolatur,
2735 559 2855 613 quae
2884 560 2983 599 nos
3008 548 3073 600 ad
3104 548 3363 601 virtutem
3390 559 3664 602 exacuunt
3692 566 3707 614 ;

428 634 573 699 ἡμᾶς
595 634 675 693 είς
716 632 922 700 ἀρετήν
944 648 955 659 ·
992 630 1178 699 ἡμέρα
1206 631 1315 697 γὰρ
1340 628 1535 692 ταῦτα,
1566 629 1654 681 διὰ
1687 629 1781 681 τὸν
1843 646 2016 696 φωτι-

430 725 567 791 σμὸν
589 727 689 791 τῆς
715 723 1059 792 εὐφροσύνης
1082 740 1097 755 ο
1128 721 1448 793 βλαστάνειν
1465 720 1523 773 δι
1555 723 1646 773 καὶ
1676 721 2016 789 μηκύνεσθαι

427 818 517 869 τὸν
565 815 769 884 σπόρον
819 817 877 867 ὲν
928 814 1126 885 ἀγνοίᾳ
1180 813 1276 866 τοῦ
1332 814 1662 883 σπείραντος
1714 810 2019 882 εῖπεν,ὲμ-

427 910 632 975 φαίνων
667 908 728 960 τὸ
754 909 1066 976 αὐτόματον
1102 906 1203 974 τῆς
1239 904 1503 974 τοιαύτης
1532 904 1887 975 βλαστήσεως
1925 907 2017 958 καὶ

425 1001 733 1067 αὐξήσεως,
778 1000 871 1051 καὶ
918 999 1002 1049 ὅτι
1047 1000 1187 1050 κατὰ
1248 998 1594 1067 προαίρεσιν,
1630 1000 1721 1050 καὶ
1773 998 1835 1048 οὐ
1873 999 2017 1051 κατὰ

426 1095 673 1161 ἀνάγκην
711 1091 999 1161 βλαστάνει
1044 1090 1141 1143 καὶ
1198 1089 1454 1157 αὒξεται.
1516 1091 1627 1143 Καὶ
1669 1090 1825 1143 τοῦτο
1854 1090 2016 1158 δῆλον

425 1187 534 1239 ἀπὸ
559 1187 668 1239 τῶν
699 1188 847 1255 ἑξῆς.
926 1216 936 1224 -

488 1274 801 1339 Αὐτομάτη
832 1302 903 1313 —
934 1274 1175 1340 στάχυϊ.
1216 1273 1425 1342 Χὸρτον
1469 1272 1567 1341 μὲν
1602 1271 2015 1341 βλαστάνουσιν,

426 1368 474 1417 ol
523 1366 700 1433 ἀρχὴν
740 1368 841 1431 τῆς
882 1366 1085 1434 ἀρετῆς
1139 1365 1610 1433 παραφαίνοντες,
1675 1364 1771 1417 καὶ
1814 1361 2020 1419 άπαλολ⁵

424 1458 561 1526 πρὸς
592 1457 809 1523 άγῶνας
846 1456 998 1519 δντες
1024 1457 1105 1508 ἐτι
1136 1472 1150 1485 ·
1183 1457 1385 1525 στάχυν
1420 1457 1497 1521 δὲ,
1550 1458 1597 1508 ol
1639 1456 2018 1527 προκόψκντες

423 1550 501 1607 είς
542 1548 601 1597 τὸ
628 1548 833 1613 άγαθὺν
863 1548 958 1599 καὶ
1004 1547 1356 1617 στερρότεροι
1409 1547 1548 1616 πρὸς
1601 1547 1702 1610 τὰς
1755 1549 2018 1616 ἐπηρείας

422 1638 709 1703 γεγονότες
779 1638 876 1689 καὶ
938 1638 1048 1707 γὰρ
1081 1640 1108 1689 δ
1140 1638 1350 1705 Στάχυς
1387 1641 1481 1689 καὶ
1516 1638 1629 1705 (42)
1680 1639 1871 1704 γόνασι
1906 1639 2019 1691 δια-

424 1726 714 1789 ζώννυται,
735 1728 829 1780 καὶ
858 1726 1041 1796 spem;
1066 1726 1307 1795 ἵσταται)
1349 1744 1363 1759 ο
1393 1727 1579 1797 πλήρη
1603 1726 1659 1779 δὲ
1682 1728 1851 1793 σῖτον,
1887 1729 1938 1780 οἱ
1962 1728 2021 1780 τὸ

422 1818 630 1871 τέλειον
668 1817 1176 1888 καρποφοροῦντες.

494 1996 675 2049 Ὅταν
696 1996 765 2048 δὲ
796 2026 862 2035 -
888 1999 921 2049 ό
952 1996 1257 2065 θερισμός.
1284 2025 1356 2035 -
1384 1998 1572 2049 Ὅταν
1595 1996 1863 2064 παραδῷ,
1895 1999 2016 2050 ἀντὶ

422 2088 546 2153 τοῦ,
589 2090 759 2141 Ὅταν
782 2088 996 2157 ὥριμος
1024 2086 1274 2156 γένηται,
1304 2089 1607 2152 τουτέστιν,
1640 2090 1771 2141 ὅταν
1800 2090 2006 2150 πάντες

420 2181 471 2231 ol
522 2180 947 2249 καρποφορῆσαι
995 2178 1284 2248 μέλλοντες
1314 2182 1809 2251 καρποφορήσωσι.
1878 2181 2007 2250 Δρέ-

424 2285 594 2321 πανον
617 2270 694 2335 δὲ,
733 2271 761 2320 ὁ
789 2269 968 2337 λόγος,
1001 2270 1031 2321 ό
1068 2269 1169 2341 τὴν
1198 2270 1512 2322 συντέλειαν
1541 2271 1635 2323 τοῦ
1686 2271 1893 2340 κόσμου
1927 2289 2017 2324 κε-

420 2362 631 2415 λεύων·
695 2362 962 2433 θερισμὸς
1014 2362 1095 2427 δὲ,
1162 2364 1196 2434 η
1252 2364 1559 2435 συγκομιδὴ
1606 2362 1716 2415 τῶν
1764 2364 2014 2420 δικαίων.

422 2449 583 2507 Οὗτοι
619 2454 727 2523 γὰρ
762 2455 967 2522 καρποὶ
997 2454 1093 2506 τοῦ
1123 2454 1485 2521 εὐαγγελικοῦ
1523 2456 1863 2526 σπέρματος.

496 2550 602 2601 Kal
625 2547 1073 2617 ἔλεγε-αὑτήν
1094 2565 1114 2614 ;
1138 2578 1209 2589 -
1226 2548 1705 2619 Παραϐαλοῦμεν
1726 2550 1862 2621 (65),
1892 2552 2015 2605 ἀντὶ

420 2642 541 2702 τοῦ,
578 2640 1010 2711 Παραδείξομεν.

505 2734 604 2797 Ὠς
653 2737 879 2788 κόκκον
942 2737 1273 2800 σινάπεως.
1360 2735 1768 2804 Παραδείξομεν
1821 2738 2015 2808 αὐτὴν,

424 2827 693 2897 δηλονότι.
762 2830 1010 2897 Ζήτησον
1041 2828 1099 2880 δε
1128 2828 1231 2897 τὴν
1265 2827 1526 2897 ἐξήγησιν
1554 2828 1652 2894 τῆς
1685 2831 2010 2901 παραϐολῆς

424 2920 631 2988 ταύτης
689 2920 820 2988 ὅλης
853 2922 913 2972 ιν
947 2920 1024 2990 τῷ
1051 2920 1289 2990 είκοστῷ
1319 2922 1568 2992 τετάρτῳ
1606 2922 1892 2993 κεφαλαίῳ
1922 2922 2016 2975 τοῦ

425 3013 568 3064 κατὰ
594 3013 900 3067 Ματθαῖον.

498 3106 602 3170 ’ος
622 3104 772 3161 ὅταν
796 3138 867 3148 -
892 3108 1343 3175 πατασκηνοῦν.
1378 3108 1586 3179 Τρίτην
1625 3109 1894 3179 εὑρήσεις
1917 3108 2019 3179 τὴν

2047 1868 2096 1928 Β

2121 647 2245 685 nam
2280 636 2397 686 haec
2426 634 2566 687 diem
2610 636 2937 701 signiﬁcant,
2984 647 3212 707 propter
3252 637 3711 691 illuminationem

2122 722 2339 778 la‘titim.
2374 724 2695 779 Gcrminare
2734 742 2862 780 vero
2892 738 3155 798 segetem,
3194 736 3248 781 et
3286 728 3340 780 in
3371 729 3539 781 altum
3586 744 3715 781 sur:

2121 830 2247 884 gere
2282 817 2438 878 dixit,
2475 818 2604 870 dum
2642 819 2855 887 ignorat
2890 821 2933 872 is
2973 821 3064 889 qui
3118 820 3436 880 seminavit,
3489 830 3714 888 sponta-

2123 925 2284 963 neum
2334 925 2472 978 opus
2514 912 2874 965 manifestans
2915 913 3327 982 germinationis
3372 923 3533 979 atque
3589 926 3713 963 cre-

2121 1002 2341 1055 menti:
2411 1004 2662 1071 quodque
2693 1004 2845 1070 juxta
2900 1005 3237 1058 voluntatem
3284 1014 3339 1058 et
3390 1018 3499 1055 non
3563 1003 3714 1070 juxta

2122 1096 2506 1148 necessitatem
2537 1098 2805 1166 germinat
2826 1112 2887 1149 ac
2909 1101 3107 1150 crescit
3128 1115 3140 1162 ;
3161 1107 3215 1151 et
3238 1099 3339 1151 hoc
3364 1094 3713 1149 manifestum

2122 1196 2199 1241 esl
2230 1203 2291 1240 ex
2334 1188 2417 1241 liis
2448 1204 2569 1256 qua:
2595 1198 2925 1257 sequuntur.

2194 1279 2347 1332 Vers.
2379 1280 2468 1333 28.
2503 1280 2648 1333 Ultro
2682 1310 2736 1319 --
2783 1283 2835 1331 in
2872 1282 3035 1347 spica.
3066 1277 3296 1331 llerbam
3345 1277 3561 1341 quidem
3594 1291 3716 1343 ger-

2123 1371 2351 1433 minant,
2383 1373 2474 1440 qui
2522 1374 2739 1425 virtutis
2775 1373 3105 1440 principium
3154 1372 3622 1427 demonstrantes,
3649 1366 3719 1418 ad

2123 1464 2424 1515 certamina
2478 1474 2607 1516 sunt
2659 1464 2841 1517 adhuc
2876 1463 3118 1516 delicati.
3169 1461 3389 1529 Spieam
3434 1473 3581 1519 vero,
3627 1454 3715 1521 qui

2124 1549 2177 1602 in
2205 1552 2346 1605 bono
2405 1555 2775 1623 progressi,et
2827 1554 2894 1605 ad
2945 1552 3293 1606 sun'erendas
3351 1548 3717 1602 contumelias

2123 1642 2373 1695 duriores
2423 1643 2605 1696 eﬂecti
2655 1654 2828 1709 sunt;
2874 1645 3022 1713 spica
3058 1640 3332 1709 siquidem
3386 1637 3717 1691 internodiis

2124 1734 2497 1804 distinguitur,
2550 1746 2605 1789 et
2647 1745 2790 1789 recta
2844 1736 2899 1788 in
2956 1735 3125 1787 altum
3180 1732 3429 1800 erigitur.
3488 1728 3715 1780 Plenum

2125 1837 2306 1879 autem
2363 1827 2724 1892 frumentum,
2779 1827 2873 1895 qui
2924 1826 3223 1895 perlectam
3282 1823 3537 1874 virtutem
3606 1818 3719 1870 fru-

2122 1918 2390 1971 ctilieant.

2191 2010 2349 2065 γει-ς.
2379 2009 2471 2062 29.
2504 2007 2635 2063 Cum
2658 2019 2835 2060 autem
2868 2037 2934 2047 —
2964 2006 3160 2058 messis.
3185 2033 3253 2043 —
3273 2002 3405 2056 Cum
3431 2000 3721 2066 productus

2121 2102 2307 2167 fuerit,
2334 2100 2449 2154 sive
2481 2115 2603 2154 cum
2633 2099 2958 2153 maturuerit
2991 2116 3003 2150 :
3033 2099 3137 2150 hoc
3167 2105 3272 2155 est,
3293 2094 3387 2147 ubi
3411 2106 3607 2144 omnes
3625 2090 3720 2157 qui

2120 2194 2355 2245 fructum
2378 2203 2504 2245 sunt
2522 2192 2734 2245 allaturi
2756 2188 3231 2243 fructificaverint.
3254 2183 3469 2236 Falcem
3490 2197 3616 2235 vero
3638 2180 3721 2233 di-

2119 2286 2194 2339 cit
2211 2287 2463 2350 verbum,
2480 2301 2589 2353 quo
2609 2284 2800 2338 mundi
2852 2280 3146 2351 imperabit
3160 2275 3719 2332 consummationem.

2120 2376 2311 2432 Messis
2352 2386 2540 2431 autem
2576 2415 2593 2441 ,
2649 2376 2883 2432 coleCtio
2929 2376 3207 2442 justorum
3272 2378 3399 2433 est;
3459 2366 3518 2420 bi
3574 2367 3721 2418 enim

2121 2468 2332 2524 fructus
2369 2481 2497 2525 sunt
2525 2472 2852 2541 evangelicae
2879 2470 3107 2538 segetis.

2196 2566 2351 2621 Vers.
2384 2566 2473 2619 50.
2515 2566 2582 2619 Et
2615 2566 2818 2618 dicebat
2856 2593 2922 2602 —-
2953 2564 3131 2617 illud?
3163 2559 3540 2627 Conferamus,
3619 2553 3724 2606 hoc

2120 2671 2223 2725 est,
2265 2660 2515 2728 exemplo
2547 2658 3041 2713 manifestabimus.

2198 2755 2351 2808 νει-ε.
2378 2753 2468 2807 3i.
2502 2752 2595 2805 Est
2618 2754 2753 2804 sicut
2785 2766 3009 2819 granum
3038 2748 3264 2815 sinapis.
3303 2744 3497 2809 Quaere
3542 2737 3726 2793 autem

2123 2848 2292 2902 totius
2311 2848 2477 2915 hujus
2496 2847 2768 2915 parabolas
2799 2842 3202 2912 expositionem
3232 2840 3495 2891 vicesimo
3524 2839 3723 2903 quarto

2122 2939 2304 3009 capite
2341 2937 2621 3009 Evangelii
2647 2937 2802 3006 juxta
2847 2934 3187 2988 Malthazum.

2196 3121 2351 3178 Vers.
2381 3120 2469 3174 3|.
2502 3120 2653 3184 Quod
2688 3118 2815 3171 dum
2842 3147 2910 3157 —
2944 3115 3098 3170 Vers.
3130 3113 3221 3167 33.
3261 3110 3559 3177 nidi/itare.
3590 3105 3727 3157 Ter-

423 3199 744 3270 παραῦολξν
786 3204 996 3270 ταύτην
1043 3201 1394 3272 τεταγμένην
1425 3204 1484 3255 εν
1517 3204 1641 3266 ταῖς
1674 3200 2020 3273 παραϐολαῖς
2046 3206 2093 3272 c
2129 3216 2168 3271 ιί

1980 3203 2093 3272 ῖςα
2129 3216 2206 3271 tio
2231 3216 2352 3270 loco
2390 3214 2705 3285 parabolam
2757 3213 2901 3265 hanc
2946 3208 3202 3263 invenies
3250 3207 3391 3259 inter
3442 3198 3730 3271 parabolas

425 3291 521 3344 τοῦ
553 3292 818 3363 ῥηθέντος
854 3292 1110 3347 εἰκοστοῦ
1152 3293 1421 3364 τετάρτου
1445 3294 1772 3365 κεφαλαίου.

495 3381 605 3434 Kal
656 3382 964 3447 τοιαύταις
1003 3411 1075 3423 —-
1127 3381 1399 3438 ἀκούειν.
1466 3384 1669 3448 Καθὼς
1710 3381 1855 3456 ἦσαν
1881 3386 2025 3451 ἄξιοι

424 3472 667 3527 ἀκούειν.
716 3472 949 3544 Εἴρηται
979 3475 1038 3528 δι
1090 3476 1188 3527 καὶ
1231 3478 1363 3545 περ)⁸
1402 3476 1601 3529 τούτου
1637 3479 1697 3530 ὲν
1729 3479 1809 3550 τῷ
1842 3480 2025 3551 δηλω-

423 3564 571 3619 θέντι
604 3566 913 3636 κεφαλαίῳ,
950 3566 1043 3619 επὶ
1082 3567 1273 3631 τέλους
1308 3568 1420 3621 τῶν
1451 3569 1808 3640 παραϐολῶν.

493 3659 687 3726 Χωρις
712 3688 781 3700 -
820 3657 1044 3714 πάντα.
1105 3659 1197 3715 Ἐν
1226 3660 1426 3730 ἐκείνῳ
1454 3662 1627 3716 ταῦτα
1654 3662 1835 3717 πάντα
1866 3682 2027 3719 σεσα-

427 3752 712 3821 φήνισται.

496 3871 659 3925 κω.
704 3872 760 3925 ι’.
795 3870 936 3939 Περὶ
965 3868 1077 3939 τῆς
1100 3870 1505 3941 ἐπιτιμήσεως
1534 3872 1655 3926 τῶν
1692 3873 1953 3931 ὑδάτων.

496 3964 606 4019 Kal
630 3964 795 4034 λέγει
815 3993 887 4006 -
903 3966 1117 4033 πλοίῳ.
1142 3966 1326 4032 -Ὥς
1347 3961 1448 4035 ἦν,
1480 3966 1603 4021 ἀντὶ
1620 3966 1739 4031 τοῦ,
1780 3968 1867 4032 Ὠς
1900 3969 2028 4023 ἑκά-

428 4054 563 4125 θητο
603 4058 662 4108 ἑν
706 4057 783 4127 τῷ
813 4058 1007 4129 πλοίῳ.
1065 4057 1152 4110 Ἐν
1185 4057 1366 4128 τούτῳ
1395 4058 1505 4129 γάρ
1546 4059 1869 4131 καθήμενος
1921 4064 2027 4116 ιδί-

427 4150 646 4215 δασκεν,
696 4150 772 4213 ὡς
825 4150 1181 4221 προείρηται.
1256 4151 1333 4204 Τὸ
1388 4152 1469 4215 δὲ,
1532 4153 1639 4207 Ἐν
1689 4153 1893 4222 ἐκείνη
1950 4155 2026 4224 τῇ

426 4243 641 4311 ἡμέρᾳ,
674 4241 789 4296 ῐσον
815 4243 934 4296 εστὶ
966 4243 1067 4313 τῷ,
1112 4244 1203 4298 Ἐν
1231 4246 1332 4316 μιᾷ
1376 4244 1483 4298 τῶν
1514 4247 1764 4317 ἡμερῶν,
1800 4247 1878 4312 ὡς
1902 4246 2026 4302 εἷπε

426 4336 669 4400 Λουκᾶς.
720 4334 857 4389 Οὒδὶ
895 4336 1011 4407 (Η)
1057 4336 1168 4409 γὰρ
1192 4338 1413 4409 εκείνην
1436 4339 1607 4409 δηλοῖ,
1638 4340 1765 4394 καθ’
1787 4341 1854 4413 ἢν
1902 4338 2027 4396 εἷπε

424 4429 525 4493 τὰς
574 4428 915 4500 παραϐολάς,
967 4430 1088 4486 ἀλλ’
1150 4432 1368 4501 ἑτέραν,
1418 4432 1543 4485 καθ’
1591 4435 1659 4505 ἢν
1720 4435 1791 4487 τά
1857 4434 2028 4506 ῥηθη-

2129 3309 2261 3365 dicti
2294 3308 2538 3363 vicesimi
2572 3307 2752 3376 quarti
2786 3304 3007 3374 capitis.

2206 3402 2481 3457 Vers.53.
2546 3399 2614 3453 Et
2676 3395 3312 3469 hujusmodi—audire.
3374 3388 3546 3443 Prout
3580 3382 3727 3455 digni

2128 3506 2289 3555 erant
2322 3504 2378 3550 et
2404 3495 2514 3564 apti
2547 3493 2615 3547 ad
2640 3492 3001 3548 audiendum.
3049 3489 3265 3542 Dictum
3309 3496 3391 3539 est
3426 3497 3611 3535 autem
3660 3480 3728 3531 de

2130 3594 2233 3647 lioc
2270 3590 2531 3661 praedicto
2556 3590 2735 3658 capite
2769 3587 2917 3640 circa
2955 3584 3119 3637 linem
3151 3580 3560 3651 parabolarum.

2202 3687 2358 3739 Vers.
2396 3683 2487 3737 54.
2523 3680 2649 3736 Sine
2678 3709 2748 3718 —
2778 3681 2979 3732 omnia.
3020 3676 3228 3732 Ibidem
3251 3673 3437 3729 omnia
3471 3678 3588 3725 [nec
3632 3669 3726 3722 de.

2128 3781 2331 3836 clarata
2361 3784 2512 3831 sunt.

2318 3892 2473 3946 CAP.
2508 3889 2577 3943 Χ.
2612 3887 2684 3941 De
2710 3887 3073 3952 increpatione
3098 3883 3237 3937 venti
3267 3890 3315 3935 et
3343 3880 3534 3932 maris.
3671 3936 3676 3942 _

2202 3985 2363 4039 γει-ε.
2391 3982 2482 4037 35.
2522 3981 2588 4035 Et
2613 3981 2690 4033 ait
2756 3974 3072 4033 -Vers.36.
3119 3973 3354 4042 navigio.
3398 3997 3470 4011 -
3501 3966 3569 4021 Ut
3594 3980 3732 4031 erat,

2131 4080 2237 4135 hoc
2265 4088 2370 4138 est,
2402 4074 2557 4132 Sicut
2579 4074 2806 4130 sedebat
2838 4073 2890 4124 in
2917 4070 3175 4140 navigio;
3214 4066 3271 4120 in
3304 4080 3371 4117 eo
3399 4062 3567 4117 enim.
3589 4062 3735 4114 sicut

2131 4174 2337 4229 dictum
2360 4180 2467 4234 est,
2501 4168 2703 4223 sedens
2734 4165 2988 4219 docebat.
3028 4162 3189 4227 Quod
3236 4168 3420 4211 autem
3477 4154 3681 4208 dicitur
3718 4168 3729 4203 :

2132 4270 2201 4324 In
2240 4265 2468 4327 dieillo,
2516 4260 2743 4332 perinde
2777 4266 2861 4312 est
2890 4271 2954 4310 ac
2992 4255 3037 4307 si
3072 4254 3305 4308 dixisset
3334 4269 3347 4304 :
3383 4249 3446 4303 In
3473 4264 3578 4301 uno
3621 4248 3733 4299 die-

2131 4378 2270 4425 rum,
2291 4360 2434 4415 sicut
2460 4356 2625 4410 habet
2643 4353 2818 4407 Lucas
2841 4350 2907 4403 ".
2936 4349 3123 4417 Neque
3159 4347 3309 4400 enim
3336 4344 3490 4396 illum
3523 4343 3729 4401 innuit,

2131 4458 2186 4511 in
2216 4470 2326 4525 quo
2354 4452 2494 4507 dixit
2535 4444 2847 4519 parabolas,
2889 4444 2984 4497 sed
3018 4443 3208 4503 alium,
3254 4453 3366 4507 quo
3411 4437 3565 4491 facta
3603 4444 3734 4487 sunt

427 4525 665 4618 σόμενα
698 4524 917 4618 γέγονε,
971 4526 1160 4591 καθὼς
1210 4529 1308 4581 καὶ
1357 4529 1417 4582 ιν
1476 4528 1624 4601 ἀρχῇ
1678 4529 1777 4583 τοῦ
1833 4531 2025 4601 τρίτου
2059 4560 2102 4614 D
2133 4566 2177 4605 ei

1984 4549 2025 4583 ὐ
2059 4560 2102 4614 D
2133 4566 2194 4605 ea
2226 4524 2347 4618 quat
2386 4547 2661 4605 dicentur,
2711 4544 2858 4595 sicut
2904 4539 3069 4592 etiam
3131 4537 3184 4589 in
3244 4534 3520 4605 principio
3587 4529 3734 4584 tertii

427 4616 732 4685 κεφαλαίου
802 4616 897 4671 τοῦ
965 4620 1113 4673 κατὰ
1185 4619 1476 4675 Ματθαϊον
1539 4625 2027 4693 παρεσημειωσά-

471 4710 588 4763 εθα.

471 4728 588 4763 εσα.

429 4728 466 4779 μ
495 4803 602 4855 Kal
641 4803 892 4858 ἇλλα-
914 4803 1129 4859 αὑτοῦ.
1168 4804 1306 4858 Μετ’
1341 4802 1509 4858 αὐτοῦ
1546 4805 1642 4859 τοῦ
1679 4805 1897 4871 πλοίου,
1930 4807 2030 4879 δη-

424 4892 625 4947 λονότι.
660 4894 987 4965 Προσέθηκε
1010 4894 1068 4949 δὲ
1116 4896 1246 4967 περὶ
1277 4896 1392 4950 τῶν
1432 4897 1635 4963 ἄλλων,
1667 4902 1769 4970 οὐχ
1808 4898 2027 4965 ἁπλῶς,

426 4985 565 5038 ἀλλὰ
602 4986 773 5049 δεῖξαι
832 4988 1028 5053 θέλων,
1065 4989 1148 5042 ὅτι
1196 4989 1361 5044 τοῦτο
1420 4990 1586 5061 μόνον
1648 4991 2026 5064 εκλυδωνίσθη

429 5080 554 5132 κατ’
577 5080 919 5149 οἰκονομίαν.

518 5282 633 5338 Kal
696 5284 929 5355 γίνεται
987 5315 1060 5327 -
1131 5283 1497 5357 γεμίζεσθαι.
1593 5285 1827 5358 Εἴρηται
1896 5290 2030 5359 περὶ

430 5378 641 5432 τούτων
692 5382 751 5432 ιν
781 5378 859 5450 τῷ
892 5378 1166 5452 ἑνδεκάτῳ
1221 5380 1511 5453 κεφαλαίῳ
1552 5380 1647 5435 τοῦ
1692 5382 1837 5436 κατὰ
1864 5382 2026 5436 Ματ-

428 5471 601 5527 θαῐον.

571 5618 612 5650 ⁸⁷
644 5617 777 5674 Luc.
810 5633 925 5687 vm,
961 5618 1052 5673 22.

2131 4643 2329 4713 capitis
2349 4640 2509 4712 juxta
2541 4636 2853 4692 Mattlueum
2878 4629 3336 4703 signiﬁcavimus.

2204 4825 2363 4882 Vera.
2399 4822 2490 4878 '56.
2520 4819 2623 4876 Sed
2652 4828 2700 4875 et
2724 4819 2847 4872 alia
2876 4845 2942 4857 —
2966 4814 3083 4869 illo.
3121 4812 3260 4868 Cum
3287 4810 3383 4866 illo
3419 4819 3550 4881 puta
3589 4806 3734 4860 navi-

2132 4919 2221 4991 gio
2242 4919 2391 4987 (nam
2417 4916 2621 4978 πλοῖον,
2645 4912 2789 4985 quod
2811 4913 2987 4965 navim
3010 4910 3129 4965 sive
3151 4907 3423 4978 navigium
3439 4901 3735 4973 signiﬁcat.

2136 5011 2343 5065 Graecis
2375 5020 2630 5064 neutrum
2665 5008 2793 5080 est).
2844 5006 3071 5062 Addidit
3107 5011 3293 5058 autem
3329 5002 3397 5055 de
3441 5000 3584 5060 aliis,
3622 5010 3734 5048 non

2137 5109 2343 5178 absque
2386 5121 2574 5171 causa,
2618 5104 2714 5160 sed
2758 5110 2817 5158 ut
2863 5103 3136 5161 ostendat,
3185 5096 3334 5168 quod
3364 5110 3462 5151 sua
3495 5089 3737 5162 disposi-

2139 5203 2285 5257 tione
2317 5202 2496 5255 solum
2528 5200 2631 5254 hoc
2664 5198 2944 5269 navigium
2980 5195 3292 5267 periculum
3326 5191 3689 5247 sustinuerit.

2211 5294 2366 5352 Vers.
2400 5295 2490 5350 '57.
2528 5295 2596 5349 Et
2633 5292 3245 5359 oritur—impleretur.
3300 5287 3515 5342 Dictum
3554 5295 3635 5342 est
3670 5286 3740 5341 de

2138 5390 2262 5457 hoc,
2310 5392 2489 5460 capite
2516 5389 2808 5444 undecimo
2832 5388 2986 5459 juxta
3022 5383 3359 5440 Matthzeum.

1655 5690 1854 5755 νει-ἦα)
1888 5691 2206 5757 lectiones
2235 5700 2293 5756 el
2326 5704 2521 5757 noun.

507 5836 614 5907 ΗΞ)
646 5836 823 5894 Gloss.
850 5836 1024 5911 qub.
1057 5834 1245 5893 NOdtIs
1274 5856 1289 5894 :
1316 5838 1447 5906 γόνυ
1484 5839 1760 5911 καλάμου.

504 5912 614 5981 μδ)
645 5911 721 5967 lla
745 5910 891 5967 enim
916 5909 1104 5982 legunt
1135 5911 1356 5968 codices
1391 5913 1455 5977 Λ,
1496 5914 1553 5977 Β,
1578 5909 1644 5969 in
1668 5920 1838 5969 textu.
1878 5911 2021 5988 Ergo

2126 5842 2294 5917 paulo
2321 5851 2449 5917 ante
2481 5843 2941 5917 etiam_exbibcrc
2968 5841 3263 5909 debebant,
3292 5839 3661 5917 δμοιώτομεν.

2208 5914 2323 5987 (ιι)
2358 5916 2434 5971 Οὐ
2461 5917 2597 5988 γάρ.
2639 5915 2699 5971 Β.
