4432 6450
737 403 843 465 859

1984 398 2370 458 EUTHYMlI
2412 393 2774 456 ZIGABENI

3906 388 4011 461 860

811 520 965 572 Vers.
998 521 1052 573 ἓ.
1086 520 1237 572 Sicut
1266 548 1331 557 -—-
1360 518 1521 570 verbi.
1558 519 1594 567 Α
1631 516 1901 585 principio
1929 516 2321 568 miraculorum
2356 518 2401 571 Α
2501 512 2561 565 Κι

2254 530 2321 566 Im
2356 518 2401 571 Α
2501 512 2708 575 Καθὼς
2742 542 2807 550 -
2842 506 3049 572 λόγου.
3094 509 3214 558 Ἀπ’
3246 508 3423 575 ἀρχῆς
3453 505 3562 558 τῶν
3596 506 3888 573 θαυμάτων
3914 516 4004 557 καὶ

731 618 781 659 et
819 610 1156 677 dogmatum.
1200 606 1311 658 lloc
1350 614 1535 657 autem
1573 606 1823 657 scribens
1873 602 2140 661 ostendit,
2174 602 2321 669 quod

733 700 853 765 ipse
907 701 1010 751 illis
1061 699 1336 765 posterior
1371 697 1436 749 ad
1475 699 1650 763 ipsum
1688 697 2010 747 accessisset
2042 710 2054 745 :
2093 695 2323 759 ideoque

735 792 850 844 lucc
880 793 949 843 ab
991 791 1096 842 illis
1123 788 1411 851 didicerat,
1439 790 1529 857 qui
1564 804 1784 853 semper
1812 804 1935 838 cum
1967 786 2183 838 Christo
2213 789 2323 838 fue-

732 892 874 943 rant,
905 898 965 933 ac
1002 882 1212 946 singula
1249 882 1498 933 viderant
1530 892 1579 932 ct
1612 881 1903 931 audierant
1934 896 1945 940 ;
1981 878 2113 928 dicit
2140 887 2321 928 autem

731 987 826 1023 eos
865 972 1185 1037 discipulos.
1226 972 1316 1037 qui
1353 986 1380 1023 e
1412 971 1751 1023 duodenario
1792 971 2015 1021 luerunt
2065 983 2317 1020 numero.

736 1059 969 1113 Verlinm
1008 1076 1135 1114 vero
1170 1061 1423 1128 intelligit
1477 1061 1565 1115 hic
1604 1059 1914 1119 Christum,
1969 1062 2060 1127 qui
2115 1059 2182 1112 ab
2237 1060 2323 1111 bis

730 1165 824 1217 per
856 1150 1290 1204 incarnationem
1323 1167 1383 1202 ac
1415 1151 1807 1204 humanitatem
1858 1151 2006 1203 visus
2032 1161 2132 1203 est.
2167 1150 2325 1203 Mini-

731 1254 875 1293 stros
903 1258 1118 1309 quoque
1156 1244 1253 1295 hos
1288 1243 1617 1306 nominavit,
1640 1253 1827 1311 utpote
1858 1244 2139 1296 auditores
2168 1253 2222 1296 et
2257 1245 2322 1297 ad

731 1334 853 1383 lidei
896 1336 1338 1401 prmdicationem
1373 1336 1627 1392 emissos.

807 1423 953 1476 Vt‘rs.
991 1427 1041 1477 3.
1097 1426 1273 1481 Visum
1315 1441 1388 1482 est
1422 1459 1489 1468 —
1524 1426 1823 1493 Theophile.
1880 1425 2172 1478 Assecutio
2220 1426 2325 1479 hoc.

729 1513 845 1566 loco
879 1533 974 1583 pro
1012 1521 1321 1586 cognitione
1355 1521 1623 1575 sumenda
1657 1528 1761 1572 est.
1798 1520 2009 1571 Cuncta
2070 1520 2327 1572 videlicet

727 1620 891 1670 opera
926 1606 1228 1662 Salvatoris
1259 1627 1319 1663 ac
1367 1624 1679 1663 sermones.
1732 1609 1872 1660 Dicit
1913 1624 2085 1675 ergo:
2147 1607 2324 1660 Visum

728 1704 803 1745 est
846 1707 891 1747 et
943 1700 1090 1755 mihi.
1131 1700 1235 1752 hoc
1268 1711 1375 1762 est,
1430 1699 1673 1767 Equum
1726 1700 1981 1766 apparuit
2037 1700 2194 1759 mihi,
2232 1701 2325 1765 qui

726 1794 923 1838 cuncta
960 1804 989 1839 a
1043 1790 1313 1859 principio
1362 1800 1615 1844 accurate
1665 1791 1920 1858 cognovi,
1972 1790 2166 1841 ordine
2227 1790 2323 1843 tibi

726 1877 987 1932 scribere.
1024 1881 1227 1933 Deinde
1260 1882 1427 1933 etiam
1455 1881 1729 1934 scribendi
1782 1896 2007 1932 causam
2041 1881 2214 1934 addit.

796 2057 835 2125 -ί-
866 2056 960 2111 Hic
992 2062 1248 2113 senatorii
1294 2072 1414 2115 erat
1449 2062 1684 2126 ordinis,
1725 2073 1779 2117 et
1830 2062 2078 2117 fortassis
2131 2065 2329 2133 praefe-

726 2160 872 2203 ctus.
916 2151 1138 2205 Strenui
1168 2156 1314 2207 enim
1348 2170 1547 2209 nomen
1580 2154 1647 2209 ad
1689 2156 1951 2224 pra’sides
1974 2171 2037 2209 ac
2068 2158 2330 2225 primates

724 2244 1007 2297 dicebatur
1035 2248 1211 2299 :sicnt
1237 2259 1290 2301 et
1320 2247 1521 2300 Panlns
1548 2249 1623 2300 ait
1650 2249 1713 2300 ad
1744 2248 2029 2315 praesidem
2060 2249 2324 2304 Festum:

724 2336 945 2388 Strenue
969 2335 1118 2390 Feste
1149 2338 1185 2390 '.
1214 2337 1407 2391 Omnis
1434 2340 1597 2392 ctiam
1622 2341 1806 2395 homo.
1830 2339 1923 2407 qni
1960 2337 2130 2391 Deum
2156 2350 2325 2404 amat,

723 2438 939 2496 sumpta
978 2431 1242 2484 ailversns
1278 2432 1603 2485 affectiones
1638 2430 2103 2494 fortitudine,dici
2140 2441 2327 2497 potest

723 2530 983 2574 strenuus
1029 2520 1371 2590 Theophilus
1452 2540 1514 2577 ac
1568 2523 1790 2594 dignus,
1851 2522 1944 2591 qui
2008 2521 2319 2575 doctrinam

722 2611 910 2665 audiat
938 2615 1336 2679 evangelicam.

795 2703 951 2757 Vera.
991 2708 1042 2760 4.
1075 2708 1134 2762 Ut
1160 2738 1229 2748 --
1258 2710 1652 2764 certitudinem.
1687 2708 1760 2764 Ut
1790 2724 2121 2778 agnoscens,
2160 2708 2328 2764 vehe-

720 2798 960 2851 mentius
1014 2814 1332 2855 sermonum
1371 2802 1495 2856 ﬁdei
1536 2803 1873 2857 certitudinc
1908 2802 2143 2871 rapiaris
2178 2802 2323 2870 (bb);

721 2886 791 2941 de
822 2888 1025 2954 quibus
1061 2890 1305 2947 imbutus
1333 2892 1543 2955 fueras.
1582 2894 1723 2956 sive,
1763 2895 1831 2948 de
1863 2894 2067 2963 quibus
2090 2893 2323 2948 edoctus

720 2996 802 3039 es.
847 2997 913 3033 ne
951 2992 1002 3036 te
1050 2983 1200 3037 fallat
1231 2988 1497 3049 narratio,
1546 3003 1708 3055 quam
1755 2988 1913 3041 multi
1963 2996 2320 3043 tentaverttnt

719 3077 989 3135 retexere,
1038 3072 1197 3128 sicuti
1233 3078 1488 3144 superius
1527 3077 1872 3131 declaratum
1907 3087 2013 3132 est.

792 3161 945 3217 Vers.
974 3165 1023 3217 5.
1060 3164 1182 3218 Fuit
1210 3196 1279 3205 —
1303 3166 1621 3223 Zacharias.
1650 3170 1865 3225 Patrem
1885 3170 2017 3226 dicit
2040 3171 2321 3241 Baptista.

720 3253 963 3310 Primum
999 3268 1181 3313 autem
1210 3259 1536 3316 admiranda
1563 3265 1815 3333 exponit,
1853 3280 1972 3335 quae
2008 3266 2155 3320 circa
2180 3268 2327 3321 Prae-
2355 3243 2400 3303 θ

722 3350 963 3404 cursoris
1042 3361 1375 3422 conceptum
1456 3369 1521 3409 ac
1590 3356 1933 3412 nativitatem
1984 3358 2329 3427 acciderunt,

718 3441 1127 3510 demonstrans,
1163 3448 1309 3515 quod
1338 3449 1523 3502 statim
1551 3449 1621 3504 ab
1660 3450 1891 3505 exordio
1955 3451 2082 3505 vita:
2126 3452 2327 3523 dignus

720 3536 968 3599 crat,qui
992 3534 1273 3592 Christum
1310 3542 1689 3608 annuntiaret,
1734 3543 2054 3613 populoque
2092 3543 2329 3599 demon-

718 3636 939 3683 τίτθη-ει.

790 3718 929 3785 Quia
960 3737 1089 3779 vero
1124 3740 1186 3780 ea
1221 3737 1553 3784 narraturus
1597 3739 1683 3785 est
1730 3745 1855 3801 qua
1901 3730 2045 3802 apud
2100 3731 2323 3790 δυάδος

721 3813 1075 3881 contigerunt
1112 3857 1125 3880 ,
1165 3819 1363 3875 merito
1398 3837 1619 3891 quoque
1654 3824 1809 3893 ponit
1841 3840 1951 3893 prae
1976 3826 2155 3881 oculis
2182 3836 2324 3881 tem-

720 3916 821 3969 pus
851 3902 1081 3962 Herodis
1108 3911 1272 3980 regis,
1307 3919 1365 3965 ut
1401 3921 1457 3966 et
1485 3922 1705 3983 tempus
1752 3914 1967 3968 illarum
2008 3932 2193 3971 rerum
2228 3918 2326 3974 ﬂat

721 3995 1090 4054 manifestum.
1152 4000 1427 4059 Herodem
1474 4015 1659 4060 autem
1724 4007 1982 4079 intelligit
2033 4024 2183 4077 eum,
2224 4013 2320 4081 qui

724 4089 960 4145 infantes
994 4094 1211 4159 occidit,
1268 4108 1482 4167 patrem
1515 4100 1662 4157 illius
1710 4100 1966 4167 Herodis,
2022 4104 2118 4173 qui
2174 4107 2321 4161 Prae-

725 4198 1009 4240 cursorem
1054 4192 1354 4245 interemit.

797 4273 951 4330 Vers.
982 4278 1035 4334 5.
1068 4278 1152 4333 Ex
1174 4283 1281 4336 vice
1304 4283 1460 4338 Abiu.
1504 4284 1692 4340 Vicem
1730 4290 2082 4359 appellabant
2108 4288 2321 4346 hebdo-

719 4368 1027 4424 madarium
1071 4374 1460 4432 ministerium.
1498 4376 1655 4433 Tun‘c
1693 4378 1965 4449 siquidem
2007 4381 2119 4437 duo
2162 4391 2323 4437 erant

716 4462 905 4531 templi
961 4467 1278 4523 sacerdOtes
1326 4470 1436 4525 sibi
1479 4483 1675 4526 mutuo
1723 4474 2118 4529 succedentes.
2178 4475 2315 4529 Abia

2429 602 2537 654 τῶν
2563 601 2871 667 δογμάτων.
2909 599 3081 651 Τοῦτο
3109 598 3165 650 δέ
3200 600 3438 666 γράψας,
3467 597 3671 662 ἔδειξεν
3726 599 3809 649 ὅτι
3842 598 4007 659 αὐτὸς

2434 694 2660 759 ὕστερος
2694 693 2920 744 ἐκείνων
2969 692 3261 758 ἐφοίτησεν
3292 692 3440 758 αὑτῷ
3462 707 3474 719 '
3505 692 3585 743 διὸ
3625 694 3718 743 καὶ
3754 693 3887 759 παρ’
3914 694 4012 743 a5-

2428 785 2538 836 τῶν
2576 786 2746 852 ἔμαθε
2776 783 2975 843 ταῦτα,
3000 782 3087 833 διὰ
3120 784 3323 842 παντὸς
3350 784 3626 835 συνόντων
3657 785 3734 850 τῷ
3764 785 4005 850 Χριστῷ,

2429 878 2525 927 καὶ
2575 879 2825 941 ὁρώντων
2858 876 2951 925 καὶ
2979 874 3287 925 ἀκουόντων
3329 874 3556 926 ἕκαστα·
3597 876 3745 942 λέγει
3781 876 3837 927 δέ
3883 880 4013 932 τοὺς

2430 968 2528 1031 τῆς
2564 965 2867 1025 δωδεκάδος
2917 964 3027 1015 τῶν
3085 964 3366 1033 μαθητῶν.
3404 965 3579 1030 Λόγον
3612 966 3667 1016 δὲ
3716 968 3808 1016 τδν
3875 968 4011 1032 Χρι-

2432 1058 2554 1107 στὸν
2584 1056 2820 1109 ἐνταῦθά
2852 1055 3327 1123 φησιν,ὀραθέντα
3354 1056 3564 1116 τούτοις
3612 1056 3699 1107 διὰ
3729 1056 3827 1123 τῆς
3854 1060 4009 1109 ἐνανο

2436 1148 2777 1216 θρωπήσεως
2814 1166 2829 1181 ·
2874 1148 3157 1217 ὑπηρέτας
3187 1148 3243 1199 δὲ
3294 1148 3519 1209 τούτους
3574 1148 3884 1214 ὠνόμασεν.
3940 1148 4016 1225 tit;

2432 1241 2731 1306 ὑπηκόους,
2778 1243 2874 1292 καὶ
2928 1241 3001 1299 ὡς
3052 1240 3465 1302 άποσταλέντπς
3521 1241 3602 1301 είς
3644 1241 3705 1291 τὸ
3746 1242 4014 1308 κήρυγμα

2430 1335 2526 1401 τῆς
2566 1335 2821 1395 πίστεως.

2505 1426 2719 1487 Ἔδοξε
2757 1457 2827 1464 -
2868 1428 3140 1492 Θεόφιλε.
3200 1424 3689 1495 Παρακολοιῖθησιν
3723 1425 3825 1492 τὴν
3880 1426 4023 1490 γνῶ..

2432 1534 2516 1566 σιν
2577 1517 2920 1584 ὑποληπτέον
2955 1517 3048 1568 ἐπὶ
3076 1515 3167 1567 τοῦ
3210 1519 3475 1585 παρόντος
3532 1516 3720 1583 ῥητοῦ.
3758 1503 3914 1569 Πᾶᾶι
3941 1517 4019 1578 δέ,

2429 1612 2541 1667 τοῖς
2574 1608 2754 1675 ἔργοις
2782 1609 2876 1661 καὶ¹
2904 1610 3082 1674 λόγοις
3123 1607 3366 1674 δηλονότι
3394 1606 3485 1659 τοῦ
3517 1610 3800 1675 Σωτῆρος.
3839 1610 4020 1659 Ἀνω-

2430 1702 2535 1750 θεν
2576 1699 2655 1755 δὲ,
2701 1700 2825 1750 ἀντὶ
2871 1698 2986 1761 τοῦ,
3040 1700 3161 1750 Ἀπ’
3193 1701 3367 1767 ἀρχῆς
3419 1700 3621 1751 αὑτῶν.
3659 1699 3825 1764 Δέγει
3892 1698 4027 1763 γοῦν

2430 1792 2510 1842 ὅτι
2548 1790 2764 1853 ’Ἔδοξε
2795 1794 2993 1859 κάμοί,
3024 1793 3326 1853 τουτέστιν,
3358 1792 3591 1861 ἀρεστὸν
3618 1792 3818 1858 ἐφάνη,
3842 1793 4026 1856 γνόντι

2432 1887 2527 1938 ἀπ’
2564 1886 2737 1954 ἀρχῆς
2767 1888 2941 1937 πάντα
2986 1885 3119 1953 πρὸς
3156 1884 3472 1954 ἀκρίϐειαν,
3504 1883 3747 1951 καθεξῆς
3777 1900 3861 1935 σοι
3892 1884 4025 1949 γρά-

2432 1977 2551 2045 ψαι.
2589 1972 2720 2027 Εἶτα
2758 1978 3087 2045 προστίθησι
3128 1978 3222 2028 καὶ
3250 1978 3350 2043 τὴν
3378 1978 3565 2028 αἰτίαν
3604 1977 3703 2043 τῆς
3728 1975 3975 2045 γραφῆς.

2503 2062 2801 2136 -ί-Ηοῦτος
2846 2067 2922 2134 (6)
2963 2068 3329 2135 συγκλητικὸς
3385 2062 3450 2134 ἦν
3492 2066 3588 2120 καὶ
3639 2067 3827 2135 ἄρχων
3875 2067 4027 2126 ἴσως.

2433 2156 2506 2206 Τὸ
2537 2156 2647 2223 γάρ
2672 2156 2996 2223 κράτιστος
3039 2159 3133 2209 ἐπὶ
3158 2157 3267 2208 τῶν
3309 2157 3590 2225 ἀρχόντων
3619 2159 3713 2209 καὶ
3740 2159 4029 2225 ἡγεμόνων

2432 2252 2673 2317 ἐλέγετο.
2720 2252 2807 2311 Ὠς
2844 2254 2937 2302 καὶ
2991 2253 3017 2303 ὁ
3050 2252 3260 2312 Παῦλος
3312 2270 3443 2319 φησι
3477 2252 3614 2318 πρὸς
3654 2252 3750 2303 τὸν
3780 2250 4027 2318 ἡγεμόνα

2430 2344 2662 2410 Φῆστον,
2708 2342 3002 2410 Κράτιστε
3062 2344 3285 2411 Φῆστε.
3326 2345 3435 2395 Καὶ
3472 2347 3583 2405 πᾶς
3619 2344 3677 2395 δὲ
3736 2343 4029 2411 ἄνθρωπος

2432 2434 2713 2503 θεοφιλὴς,
2752 2438 2847 2487 καὶ
2874 2438 3076 2505 κράτος
3120 2438 3266 2489 κατὰ
3297 2437 3407 2490 τῶν
3450 2437 3645 2488 παθῶν
3681 2436 4029 2503 ἀναδεξάμε-

2429 2543 2541 2589 νος,
2581 2525 2843 2594 Θεόφιλός
2873 2528 2994 2579 ἐστι
3019 2529 3338 2597 κράτιστος,
3374 2528 3431 2589 ὃ,
3477 2536 3570 2580 καὶ
3604 2528 3757 2592 ἄξιος
3786 2529 3865 2600 τῷ
3912 2530 4033 2584 ὄντι

2429 2616 2582 2668 ἐστὶν
2611 2618 2836 2670 ἀκούειν
2868 2617 2963 2670 τοῦ
2992 2618 3383 2690 Εύαγγελίου.]

2504 2709 2640 2764 Ἵνα
2673 2740 2742 2750 -
2776 2711 3149 2779 ἀσφάλειαν.
3210 2711 3330 2763 Ἵνα
3383 2712 3651 2779 ἐπιγνῷς,
3721 2712 3807 2764 ἵνα
3865 2713 4032 2767 πλέον

2430 2801 2714 2874 κατάσχῃς
2754 2802 2857 2863 τὴν
2898 2804 3210 2871 ἀσφάλειαν
3266 2804 3376 2855 τῶν
3406 2803 3582 2869 λόγων
3632 2804 3731 2873 τῆς
3764 2806 4028 2867 πίστεως,

2432 2894 2564 2963 περὶ
2615 2889 2693 2947 ὦν
2751 2894 3072 2966 κατηχήθης
3111 2936 3126 2959 ,
3178 2895 3349 2966 ἤγουν
3406 2898 3539 2964 περὶ
3597 2888 3673 2947 ὧν
3720 2895 4033 2965 ἐδιδάχθης,

2427 2986 2569 3039 ὥστε
2604 2986 2680 3057 μὴ
2714 2988 3056 3057 σφάλλεσθαί
3083 3004 3144 3041 σε
3180 2991 3245 3057 τῇ
3280 2988 3559 3057 διηγήσει.
3586 2989 3655 3057 ἢν
3680 2988 3866 3041 πολλοὶ
3898 2991 4031 3039 ἐπε-

2428 3080 2700 3148 χείρησαν
2735 3078 3143 3145 ἀνατάξασθαι,
3180 3080 3367 3141 καθὼς
3399 3081 3664 3147 ἀνωτέρω
3702 3079 4028 3148 δεδήλωται.

2437 3186 2452 3201 ⁸
2514 3169 2790 3240 Ἐγένετο
2822 3173 3247 3241 -Ζαχαρίας,
3300 3172 3404 3225 Τὸν
3466 3173 3683 3243 πατέρα
3729 3174 3880 3240 λέγει
3931 3173 4031 3227 τοῦ

2437 3267 2772 3322 Βαπτιστοῦ.
2825 3267 3220 3337 Προεκτίθιται
3250 3268 3308 3320 δέ
3338 3268 3407 3319 τά
3454 3269 3596 3321 κατὰ
3627 3269 3729 3337 τὴν
3761 3269 4032 3337 σύλληψιν

2436 3360 2531 3411 καὶ
2559 3360 2820 3427 γέννησιν
2850 3359 2948 3413 τοῦ
2998 3358 3331 3431 Προδρόμου
3393 3360 3696 3429 παράδοξα,
3738 3363 4027 3430 παριστῶν

2434 3448 2708 3513 δτιιὺθὺς
2740 3452 2809 3503 ἐκ
2860 3450 3172 3521 προοιμίων
3212 3450 3315 3519 τῆς
3370 3450 3519 3519 ζωῆς
3570 3451 3887 3516 ἀξιόπιστος
3941 3448 4034 3522 ἢν,

2434 3543 2827 3612 καταγγέλλων
2857 3546 2954 3597 καὶ
2984 3544 3363 3597 ὑποδεικνύων
3398 3544 3490 3597 τὸν
3515 3545 3754 3613 Χριστὸν
3787 3546 3865 3616 τῷ
3890 3546 4028 3617 λαῷ.

2517 3714 2674 3769 Ἐπεὶ
2701 3715 2759 3770 δέ
2794 3714 2873 3787 (7)
2905 3715 3036 3785 περὶ
3066 3715 3177 3769 τῶν
3216 3716 3373 3785 παρὰ
3398 3717 3512 3778 τοῖς
3548 3715 3831 3779 Ἰουδαίοις
3864 3732 4033 3784 γεγε-

2434 3810 2691 3879 νημένων
2744 3809 3123 3880 διηγήσασθαι
3168 3808 3381 3879 μέλλει,
3419 3808 3907 3878 παρασημειοῦται
3940 3809 4037 3861 τὸν

2431 3904 2626 3973 καιρὸν
2656 3903 2759 3973 τῆς
2792 3903 3043 3975 Ἡρώδου
3074 3902 3361 3973 βασιλείας
3386 3903 3639 3966 ιίκότως,
3674 3902 3762 3955 ἶνα
3802 3905 4037 3972 γένηται

2428 3998 2589 4067 δῆλος
2624 3998 2718 4051 καὶ
2754 3998 2782 4051 ὀ
2821 3998 3014 4069 χρόνος
3040 3996 3225 4052 αὑτῶν
3254 3996 3353 4068 (8).
3398 3995 3649 4065 Ἡρώδην
3672 3995 3730 4047 δέ
3764 3996 3874 4047 νόει
3936 3995 4033 4047 τὸν

2430 4090 2825 4160 βριφοκτόνον,
2884 4092 2978 4145 τὸν
3042 4090 3261 4160 πατέρα
3301 4087 3574 4159 Ἡρώδου,
3606 4086 3703 4141 τοῦ
3743 4088 4032 4151 ἀνελόντος

2427 4188 2521 4241 τὸν
2562 4186 2909 4258 Πρόδρομον.

2513 4278 2615 4343 Ἐξ
2640 4279 2968 4348 ἐφημερίας
3014 4278 3188 4333 Ἀϐιά.
3238 4276 3581 4348 Ἐφημιρίαν
3631 4276 3863 4330 ἐκάλουν
3923 4278 4027 4347 τὴν

2426 4370 2821 4442 ἐϐδομαδιαίαν
2864 4369 3240 4442 λειτουργίαν.
3274 4368 3382 4421 Δύο
3421 4368 3533 4437 γὰρ
3561 4363 3708 4438 ἦσαν
3772 4366 3899 4420 τότε
3947 4368 4028 4419 ls-

2428 4466 2547 4537 ριίς
2573 4463 2669 4521 τοῦ
2706 4464 2861 4531 ναοῦ,
2901 4463 3154 4534 ἀλλήλων
3184 4462 3445 4532 διάδοχοι,
3492 4460 3795 4515 ’Δδιάοιαὶ
3848 4462 4030 4530 Ζαχα-

720 4554 969 4610 videlicet
1005 4565 1063 4611 et
1095 4556 1407 4615 Barachias.
1459 4562 1536 4615 Ex
1591 4564 1712 4617 vice
1755 4562 1921 4633 igitur
1962 4564 2122 4627 Abia,
2170 4563 2309 4629 sive,
2351 4606 2396 4662 υ
2428 4563 2470 4627 Pl

2283 4585 2309 4629 :,
2351 4606 2396 4662 υ
2428 4558 2547 4627 ρίας
2590 4558 2690 4630 (9).
2726 4556 2821 4623 Ἐξ
2849 4558 3162 4627 ἐφημερίας
3191 4554 3285 4609 οὖν
3312 4553 3492 4617 Ἀϐιά,
3522 4555 3693 4625 ἧγουν
3749 4554 3889 4623 μετὰ
3925 4553 4033 4622 τὴν

718 4656 841 4715 post
877 4650 1052 4703 vicem
1083 4650 1239 4719 Abia,
1270 4653 1323 4707 id
1368 4664 1477 4720 est,
1500 4655 1814 4709 succedens
1842 4656 1944 4725 ipsi
1976 4657 2139 4710 Abia.

791 4739 944 4795 Vers.
986 4742 1041 4796 5.
1083 4742 1240 4797 Et—
1262 4746 1463 4801 Aaron.
1496 4748 1538 4803 Ε
1561 4748 1802 4819 posteris
1826 4748 2038 4804 Aaron.
2081 4749 2324 4805 Demon-

717 4834 916 4888 stravit
949 4850 1101 4907 ergo,
1128 4840 1275 4908 quod
1300 4839 1615 4897 Przecursor
1636 4856 1667 4897 a
1686 4842 2315 4899 sacerdotalidescendit

716 4926 888 4993 tribu,
931 4945 1041 4982 non
1090 4933 1395 4990 secundum
1445 4944 1660 5004 patrem
1716 4944 1954 5002 tantum,
2010 4936 2107 4991 sed
2146 4936 2312 4989 etiam

710 5023 1013 5077 secundum
1044 5035 1273 5081 matrem
1308 5046 1321 5082 :
1354 5036 1408 5081 et
1432 5028 1692 5099 utrinque
1724 5028 2085 5086 sacerdotalis
2110 5040 2252 5085 erat.

824 5242 839 5273 '
870 5243 993 5297 Act.
1024 5258 1171 5309 XXVI,
1203 5245 1295 5299 τε).

2425 4654 2741 4723 ἐφημερίαν
2776 4651 2955 4716 ’Δ6ιά,
2987 4651 3260 4714 τουτέστι,
3290 4649 3545 4716 διάδοχος
3574 4646 3667 4700 τοῦ
3703 4647 3878 4699 Ἀϐιά.

2498 4744 2611 4797 Kal
2637 4774 2707 4785 -—
2748 4742 3001 4811 Ἀαρών.
3047 4742 3143 4795 ἐκ
3179 4741 3291 4795 τῶν
3321 4739 3613 4807 ἀπογόνων
3646 4737 3739 4790 τοῦ
3786 4736 4023 4808 Ἀαρών.

2426 4839 2672 4905 Ἐδειξεν
2695 4834 2791 4891 οὖν
2851 4838 2933 4891 ὅτι
2964 4839 2991 4889 ὁ
3023 4836 3345 4907 Πρόδρομος
3374 4836 3440 4886 ἐκ
3466 4835 3565 4904 τῆς
3605 4832 3892 4901 ίιρατικῆς
3924 4849 4028 4883 κα-

2422 4934 2627 5005 τήγετο
2669 4934 2845 5004 φυλῆς
2914 4933 2974 4986 οὑ
3029 4930 3176 4985 κατὰ
3229 4930 3325 4983 τὸν
3384 4928 3601 4998 πατέρα
3650 4927 3839 4996 μόνον,
3889 4924 4028 4978 ἀλλὰ

2428 5032 2524 5081 καὶ
2554 5031 2696 5082 κατὰ
2728 5030 2829 5099 τὴν
2864 5026 3107 5099 μητέρα,
3141 5024 3239 5077 καὶ
3294 5020 3698 5094 ἀμφοτέρωθεν
3749 5020 4030 5090 ίερατικὸς

2421 5121 2513 5196 ἦνο

1890 5318 2095 5382 Vsrite
2138 5318 2458 5381 lectiones
2500 5323 2563 5379 et
2609 5321 2803 5377 noue.

786 5441 884 5525 (6).
908 5442 1033 5497 Haec
1061 5455 1261 5525 neuter
1284 5461 1532 5525 meorum
1565 5444 1832 5525 agnosciht.
1882 5443 2067 5525 Edidit
2102 5446 2217 5499 hac
2243 5458 2311 5499 ex

714 5516 1098 5593 ni_ai-gine_stii
1139 5517 1363 5593 codicis
1395 5518 1720 5593 lientetiius.
1774 5516 2024 5587 Repetite
2078 5527 2209 5570 sunt
2244 5532 2309 5570 ex

714 5584 1145 5659 'l'lieOphylacto,
1174 5605 1224 5659 p.
1259 5589 1386 5652 293,
1414 5589 1478 5643 C.

786 5734 891 5801 (bb)
930 5732 993 5789 Ut
1026 5763 1094 5774 -——
1120 5733 1375 5799 rapinris.
1430 5731 1487 5787 In
1517 5731 1708 5787 Greco
1730 5729 1985 5801 expedita
2016 5738 2145 5783 sunt
2184 5746 2302 5785 om-

715 5806 830 5860 nia.
859 5806 929 5862 Ut
959 5820 1279 5877 cognoscas.
1315 5813 1375 5857 ιιι
1406 5802 1859 5877 magis_(lirm_ius)
1918 5802 2303 5877 complectaris

711 5873 1105 5936 certitudint'm
1162 5892 1480 5934 sermonum
1529 5873 1675 5931 ﬁdei.
1739 5874 2012 5946 lnterpres
2085 5874 2301 5929 videtur

2494 5442 2573 5511 (7)
2608 5440 2754 5504 Τῶν,
2787 5439 2952 5493 etiam
2979 5450 3107 5495 ante
3132 5436 3287 5507 περὶ,
3322 5436 3573 5511 habet}.

2494 5508 2572 5584 (8)
2606 5512 2820 5584 Αὑτῶν,
2848 5528 2913 5566 ex
2949 5513 3295 5584 7C70rrecti0ne
3329 5509 3387 5562 Β.
3431 5508 3629 5566 Αὑτοῦ.
3666 5513 3731 5565 Α.

2496 5587 2571 5657 (9)
2612 5583 2891 5655 Βαραχίας
2939 5583 3264 5639 Hentenius.

2406 5729 2611 5801 legisse
2637 5770 2649 5783 .
2680 5732 2767 5783 ἵνα
2799 5729 3059 5797 ἐπιγνοὺς
3094 5728 3406 5800 πλεονάσῃς
3433 5730 3498 5800 τῇ
3529 5728 3862 5798 άσφκαλείᾳ.
3908 5729 4026 5801 Scit

2412 5800 2498 5884 ea,
2533 5817 2695 5873 quam
2731 5816 2833 5856 nos
2866 5801 3143 5857 edidimus
3198 5802 3381 5856 verior
3414 5812 3497 5857 est
3534 5802 3678 5857 haud
3710 5800 3877 5857 dubie
3936 5800 4019 5857 ic-

2411 5883 2543 5929 etto.
