4432 6450
465 412 568 478 8⁸7⁸1

1483 411 1873 472 COMMEN'I‘.
1920 412 1994 470 ΙΝ
2040 413 2319 476 LUCAM.
2360 440 2418 449 -
2458 419 2617 479 CAP.
2667 423 2710 483 Ι.

3642 423 3746 486 878

534 529 642 587 Καὶ
680 530 890 584 ἔθεντο
924 556 990 568 —
1023 526 1247 583 αὐτῶν.
1277 525 1515 582 Ἐὕαλον
1555 529 1751 595 ταῦτα,
1791 528 1867 587 ὡς
1902 529 2129 593 ἁξιό-ηΑ
2232 531 2284 583 ν.

1998 529 2129 587 ό-ηΔ
2232 531 2389 589 Vers.
2436 534 2526 590 06.
2564 535 2631 591 Et
2664 550 2951 605 posuerunt
2979 570 3044 581 —-
3071 558 3165 594 suo
3254 541 3562 598 Posucrunt
3608 548 3743 611 ham,

465 627 619 691 λογα.

535 734 829 800 Λέτοντες
856 763 924 773 -
954 734 1163 798 latrat;
1210 733 1479 803 Λέγοντες
1525 731 1977 805 ιπαπορητικῶς,
2020 732 2054 804 ἢ

463 826 827 897 λογιζόμενοι.

547 938 736 1001 ’Δξιον
759 936 818 989 δὲ
861 936 1121 1007 ζητῆσαι,
1151 938 1295 990 διατι
1324 937 1426 991 οὐκ
1474 936 1723 1008 ἀπελύθη
1762 938 1861 1007 τῆς
1904 938 2057 1004 ἀφω-

466 1034 585 1095 νίας
626 1034 655 1084 ὁ
708 1032 1012 1103 Ζαχαρίας,
1068 1031 1159 1086 ὅτε
1212 1032 1273 1085 τὸ
1304 1031 1521 1086 παιδίον
1578 1031 1869 1102 ἐγεννήθη,
1919 1032 2057 1086 ἀλλά

470 1126 669 1194 μᾶλλον
710 1126 797 1177 ὅτε
828 1125 927 1195 τὴν
954 1126 1147 1197 κλῆσιν
1175 1126 1270 1179 τοῦ
1319 1126 1586 1196 ὀνόματος
1648 1125 1809 1178 ἔλαϐε
1836 1144 1851 1191 ;
1882 1126 2054 1195 Λέγο-

467 1234 568 1285 μεν
604 1216 660 1269 δὲ
683 1218 763 1269 ὅτι
798 1218 885 1271 διὰ
913 1199 1010 1287 τὴν
1045 1218 1140 1271 τοῦ
1176 1219 1416 1287 ἀγγέλου
1437 1220 1747 1291 πρόρρησιν
1765 1236 1778 1249 ο
1799 1214 1921 1271 εἷπε
1946 1220 2056 1289 γὰρ

465 1312 614 1379 αὐτῷ
643 1313 758 1383 (55)
791 1326 806 1341 ⁸
843 1312 999 1366 Ἰδοὺ
1032 1314 1150 1381 ἔσῃ
1180 1312 1447 1379 σιωπῶν,
1479 1315 1681 1384 καὶμὴ
1710 1314 2052 1382 δυνάμενος

462 1401 753 1471 λαλῆσαι,
782 1403 925 1472 ἀχρι
950 1400 1025 1474 ἧς
1054 1404 1280 1473 ἡμέρας
1308 1404 1552 1473 γένηται
1607 1406 1817 1461 ταῦτα.
1872 1404 2057 1461 Εἰπὼν

467 1494 597 1565 γὰρ,
628 1496 709 1547 ὅτι
742 1497 931 1550 ταῦτα
966 1498 1033 1551 τὰ
1078 1497 1175 1551 δύο
1211 1499 1434 1563 πάντως
1494 1499 1794 1568 δεδήλωκε,
1838 1501 1940 1569 τήν
1996 1516 2056 1553 τε

465 1587 719 1655 γέννησιν
768 1589 866 1640 καὶ
917 1588 1017 1659 τὴν
1082 1588 1276 1659 κλῆσιν
1326 1591 1422 1645 τοῦ
1474 1590 1741 1660 ὀνόματος
1773 1631 1789 1656 ,
1819 1591 1935 1645 ἀλλ’
1994 1594 2055 1645 οὐ

463 1678 634 1747 μόνην
658 1681 755 1748 τὴν
782 1681 1063 1750 γέννησιν,
1096 1682 1186 1734 ἵνα
1214 1682 1313 1735 καὶ
1352 1684 1414 1736 τὸ
1448 1682 1638 1752 Θαῦμα
1667 1686 1899 1754 γένηται
1956 1685 2057 1752 τῆς

457 1771 552 1820 ἐπὶ
591 1767 671 1837 τῷ
703 1770 937 1840 ὀνόματι
972 1772 1322 1842 συμφωνίας.

533 1886 642 1940 Καὶ
666 1887 797 1955 χείρ
822 1918 888 1928 -
918 1888 1122 1942 αὐτοῦ.
1157 1888 1421 1959 Δύναμις,
1446 1891 1607 1962 χάρις
1628 1892 1788 1945 Θεοῦ.

532 1978 643 2033 Καὶ
670 1982 971 2048 Ζαχαρίας
997 2011 1062 2020 --
1084 1981 1292 2035 αὑτοῦ.
1312 1983 1445 2051 Περὶ
1467 1984 1566 2053 τῆς
1589 1984 1745 2036 ὲνανθ
1757 1984 2057 2053 ρωπήσιως

462 2071 556 2125 τοῦ
593 2071 838 2141 Χριστοῦ
874 2072 1052 2127 ταῦτα
1100 2075 1505 2145 προεφήτευσε.
1568 2076 1670 2128 Διὰ
1710 2078 1917 2145 ταύτης
1951 2078 2058 2144 γὰρ

460 2164 810 2233 ἐπεσκέψατο
838 2165 935 2218 καὶ
976 2166 1327 2239 ἐλυτρώσατο
1363 2168 1455 2221 τὸν
1502 2169 1630 2223 λαὸν
1659 2172 1824 2224 αὑτοῦ
1866 2174 1929 2223 ιχ
1956 2172 2059 2241 τῆς

463 2258 807 2326 τυραννίδος,
848 2259 907 2310 οὐ
962 2260 1127 2329 μόνον
1166 2261 1277 2313 τῶν
1332 2262 1584 2333 ἀοράτων
1636 2264 1867 2335 ἐχθρῶν,
1920 2267 2058 2319 ἀλλὰ

464 2349 705 2403 καὶτῶν
755 2354 994 2420 ὁρατῶν,
1075 2354 1149 2416 ὡς
1191 2356 1265 2423 μὴ
1298 2355 1617 2425 δυναμένων
1669 2358 2058 2427 περιγενέσθαι

460 2444 561 2515 τῆς
613 2444 850 2509 πίστεως
897 2445 1085 2500 αὑτοῦ.
1139 2448 1283 2500 Λαὸν
1332 2450 1386 2501 δὲ
1424 2452 1590 2503 αὐτου
1620 2452 2058 2522 προηγουμένως

466 2537 589 2607 μιν,
665 2538 758 2591 τὸν
839 2540 1069 2593 παλαιόν
1117 2557 1131 2571 ·
1202 2542 1416 2596 ἐκείνου
1517 2545 1575 2596 δὲ
1654 2546 2058 2618 ἀπειθήσαντος

460 2630 554 2681 τὸν
597 2629 715 2683 νέον
748 2630 955 2684 λοιπόν.
1019 2632 1105 2694 ’ος
1154 2635 1497 2704 γεγενημένα
1542 2637 1597 2689 δὲ
1650 2636 1799 2702 λέγει
1851 2643 1918 2691 τα
1966 2655 2059 2705 γε-

462 2723 760 2791 νησόμενα,
810 2724 962 2793 νόμῳ
1014 2726 1377 2795 προφητείας.

549 2843 713 2896 Ἀλλὰ
744 2844 857 2906 πῶς
882 2844 1103 2913 λέγεται
1130 2845 1266 2908 Θεὸς
1309 2848 1404 2899 τοῦ
1451 2846 1667 2917 Ἰσραὴλ
1716 2847 1828 2918 (56)
1865 2848 2059 2917 μόνον;

465 2939 575 2990 Καὶ
601 2939 709 3008 γὰρ
744 2942 804 2991 οὐ
835 2939 944 2991 τῶν
990 2941 1348 3011 Ἰσραηλιτῶν
1381 2945 1545 3008 μόνον
1593 2942 1710 2994 ἔστὶ
1740 2941 1895 3002 Θεὸς,
1926 2942 2062 2992 ἀλλὰ

464 3033 557 3082 καὶ
588 3031 805 3085 πάντων
843 3032 951 3085 τῶν
985 3032 1312 3103 ἀνθρώπων,
1374 3034 1449 3097 ὡς
1512 3034 1735 3088 πάντων
1794 3035 2057 3103 Ποιητής.

464 3122 609 3175 Διότι
639 3123 749 3177 τῶν
788 3125 887 3193 μὲν
918 3124 1096 3177 ἄλλων
1152 3126 1373 3178 πάντων
1446 3125 1756 3195 ἀνθρώπων
1815 3126 2063 3178 ἀκόντων

2162 636 2420 695 tanquam
2456 630 2797 685 admiranda.

2233 736 2389 793 Vers.
2409 738 2497 793 66.
2531 740 2773 795 Dicente:
2804 771 2871 782 -—
2900 742 3043 799 erit?
3082 743 3335 799 Dicentes
3377 744 3746 801 dubitantium

2160 840 2332 891 more,
2366 838 2462 882 aut
2501 832 2828 901 cogitantes.

2232 938 2426 1008 Opera:
2462 942 2696 1010 pretium
2730 952 2815 996 est
2845 954 3028 996 autem
3062 960 3331 1012 quan'ere,
3365 959 3534 1012 quare
3575 944 3749 997 ablata

2162 1046 2272 1085 non
2293 1042 2377 1086 est
2407 1047 2435 1085 a
2463 1031 2726 1087 Zacharia
2759 1035 2987 1103 loquelae
3031 1037 3296 1095 carentia,
3351 1037 3572 1103 quando
3618 1050 3753 1102 puer

2164 1132 2325 1177 natus
2358 1132 2467 1189 est,
2500 1124 2595 1177 sed
2632 1124 2816 1192 potius
2847 1126 3068 1194 quando
3091 1141 3289 1180 nomen
3324 1128 3571 1197 accepit?
3606 1124 3753 1182 Dici-

2162 1232 2305 1281 mus,
2329 1218 2477 1286 quod
2511 1227 2734 1286 propter
2757 1218 2931 1289 angeli
2951 1219 3307 1273 vaticinium:
3338 1220 3750 1277 dixeratenim:

2162 1311 2230 1363 Et
2266 1328 2378 1364 ecce
2411 1313 2514 1364 eris
2533 1324 2727 1373 mutus,
2759 1329 2850 1364 nec
2882 1312 3025 1376 loqui
3054 1314 3267 1380 poteris,
3298 1316 3549 1382 usquead
3591 1317 3750 1379 diem,

2163 1419 2266 1473 quo
2305 1403 2415 1457 hcc
2433 1404 2559 1471 ﬁent
2582 1404 2646 1458 ¹⁰.
2683 1404 2963 1473 Siquidem
2990 1404 3181 1459 dicens
3222 1405 3369 1468 Hec,
3404 1409 3511 1460 duo
3566 1411 3754 1478 utique

2165 1492 2561 1559 maniiestavit,
2602 1495 2947 1548 nativitatem
2990 1494 3244 1549 videlicet
3270 1511 3332 1549 ac
3363 1497 3603 1551 nominis
3656 1498 3757 1551 im-

2165 1588 2521 1658 positionem,
2560 1605 2670 1643 non
2714 1596 2898 1641 autem
2930 1587 3101 1640 solam
3126 1587 3499 1641 nativitatem:
3536 1599 3594 1642 ut
3624 1604 3755 1645 con-

2164 1682 2437 1735 venientia
2477 1682 2531 1735 in
2562 1679 2785 1734 nomine
2821 1680 2880 1733 iit
2915 1678 3079 1731 etiam
3119 1678 3466 1733 miraculum.

2090 1881 2137 1941 Β
2242 1886 2394 1941 Vers.
2428 1887 2516 1941 66.
2555 1887 2619 1940 Et
2656 1903 2845 1940 manus
2868 1916 2937 1926 —
2961 1887 3074 1939 illo.
3109 1886 3295 1940 Virtus
3325 1902 3386 1940 ac
3410 1887 3580 1954 gratia
3634 1888 3753 1942 Dei.

2238 1982 2394 2036 Vers.
2423 1980 2514 2033 67.
2550 1979 2617 2033 Et
2652 1979 2947 2031 Zacharias
2982 2008 3046 2017 -
3075 1995 3205 2032 sure.
3236 1979 3363 2032 Haec
3429 1979 3499 2033 de
3552 1980 3754 2033 Christi

2166 2076 2545 2129 incarnatione
2583 2072 2875 2141 prophetat
2930 2090 2941 2124 :
2994 2086 3091 2139 per
3138 2072 3277 2125 hanc
3316 2071 3463 2124 enim
3517 2071 3761 2125 visitavit

2164 2186 2229 2225 ac
2256 2169 2487 2222 redemit
2526 2167 2790 2237 populum
2826 2180 3011 2226 suum,
3048 2180 3157 2217 non
3192 2164 3367 2217 solum
3409 2180 3438 2216 a
3468 2164 3759 2234 tyrannide

2167 2264 2405 2319 hostium
2433 2261 2809 2325 invisibilium,
2839 2260 2934 2314 sed
2955 2260 3119 2312 etiam
3151 2258 3473 2320 visibilium,
3494 2259 3761 2312 utvideli—

2165 2368 2252 2414 cet
2282 2358 2442 2411 [idem
2464 2358 2583 2425 ejus
2615 2369 2880 2425 superare
2908 2369 3016 2407 non
3046 2354 3277 2421 possint.
3312 2351 3576 2421 Populum
3598 2368 3758 2406 suum

2166 2464 2382 2519 autem;
2437 2454 2618 2522 primo
2681 2452 2902 2518 quidem
2964 2461 3241 2512 veterem;
3309 2450 3399 2502 illo
3462 2464 3590 2502 vero
3647 2464 3759 2502 non

2166 2548 2451 2608 credente,
2490 2545 2842 2615 postmodum
2885 2560 3115 2597 novum.
3161 2543 3299 2597 Dicit
3336 2554 3517 2596 autum
3548 2558 3611 2597 ea
3641 2559 3762 2611 qua:

2169 2641 2349 2693 futura
2383 2648 2535 2703 sunt,
2572 2647 2830 2707 tanquam
2858 2652 2922 2690 ea
2957 2652 3078 2706 quas
3108 2636 3249 2689 facta
3278 2645 3424 2698 sunt,
3464 2650 3613 2687 more
3641 2649 3763 2701 pro-

2169 2732 2386 2802 pbctiae.

2246 2850 2443 2902 Verum
2474 2848 2749 2916 quomodo
2779 2845 2978 2899 dicitur
3009 2843 3151 2897 Deus
3181 2843 3353 2897 solius
3393 2841 3578 2903 Israel,
3638 2855 3765 2894 cum

2169 2957 2278 2993 non
2318 2950 2527 2993 tantum
2556 2938 2925 2991 lsraelitarum
2968 2938 3106 2989 heus
3138 2937 3227 2999 sit,
3262 2934 3358 2988 sed
3409 2944 3464 2988 et
3517 2932 3766 2987 omnium

2172 3031 2478 3092 hominum,
2518 3039 2705 3097 utpote
2747 3028 2994 3082 omnium
3031 3025 3294 3079 creator?
3353 3024 3494 3091 Quia
3536 3033 3769 3079 caetero-

2174 3138 2294 3176 rum
2335 3122 2558 3191 quidem
2596 3121 2844 3174 omnium
2881 3120 3171 3172 hominum
3241 3118 3385 3171 Deus
3439 3127 3578 3180 erat,
3637 3116 3770 3187 ipsis

462 3216 579 3267 lati.
614 3214 776 3282 Θεὸς,
803 3216 913 3269 τῶν
962 3217 1315 3288 Ἰσραηλιτῶν
1349 3216 1403 3268 δὲ
1434 3218 1615 3287 μόνων
1677 3216 1911 3269 ἑκόντων
1944 3218 2063 3268 κατ’
2093 3255 2134 3309 C
2170 3230 2212 3269 cl

2018 3218 2134 3309 τέ
2170 3218 2333 3270 etiam
2394 3215 2736 3269 nolentibus.
2788 3212 3041 3267 Solorutn
3107 3220 3291 3265 autem
3368 3211 3768 3273 lsraelitorum,

462 3310 786 3375 ἐπίγνωσιν.
846 3311 939 3380 Μὴ
975 3309 1287 3381 θορυϐηθῇς
1319 3312 1375 3363 δὲ
1410 3311 1505 3364 ἐπὶ
1532 3313 1595 3380 τῇ
1629 3311 1920 3382 δυσχερείᾳ
1952 3310 2063 3362 τῶν
2099 3302 2133 3309 ’
2173 3326 2203 3362 ιι

2018 3311 2063 3362 ‘w
2099 3302 2133 3309 '
2173 3311 2573 3371 ultrOncorum,
2605 3318 2661 3361 et
2683 3324 2779 3376 por
2807 3306 3200 3377 cognitionem.
3235 3302 3768 3359 Neturberisautem

462 3401 556 3451 τοῦ
609 3401 883 3471 Ζαχαρίου
931 3401 1112 3472 ῥητῶν
1142 3418 1154 3431 ·
1204 3401 1432 3455 τοιαῦτα
1466 3401 1575 3469 γὰρ
1610 3400 1680 3453 τὰ
1712 3402 2059 3470 προφητικά·

471 3494 862 3564 Πειρασόμεθα
897 3495 955 3548 δὲ
999 3496 1311 3565 σαφηνίσαι
1343 3495 1542 3559 ταῦτα,
1570 3496 1711 3548 κατὰ
1742 3494 1839 3563 τὴν
1872 3498 2060 3565 ἐπιχο-

466 3608 635 3661 ρηγου
644 3593 817 3663 μένην
852 3593 985 3663 ἡμῖν
1016 3592 1243 3661 γνῶσιν.

530 3785 853 3854 Καὶῆγειρε
876 3817 942 3826 ——
970 3784 1181 3839 αὑτοῦ.
1227 3785 1299 3839 Τὸ
1326 3784 1494 3853 κέρας
1530 3782 1765 3837 ἐνταῦθα
1820 3783 1850 3852 ἢ
1908 3784 2062 3853 βασι-

461 3878 609 3933 λείαν
642 3878 813 3949 δηλοῖ,
847 3880 979 3932 δίοτι
1014 3882 1071 3931 ἐν
1104 3882 1299 3950 κέρατι
1325 3880 1375 3931 οἱ
1411 3878 1661 3949 βασιλεῖς
1702 3880 1946 3949 ὶχρίοντο
1970 3881 2063 3932 καὶ

462 3975 936 4045 προεχειρίζοντο.

536 4071 607 4122 Ἥ
629 4068 861 4137 δύναμιν
899 4066 1157 4138 σημαίνει
1178 4081 1191 4093 '
1219 4066 1352 4119 διότι
1382 4068 1439 4117 ἐν
1479 4068 1671 4137 κέρατι
1706 4066 1805 4135 τὴν
1832 4066 2062 4138 δύναμιν

458 4164 643 4235 έχουσι
674 4164 857 4215 πάντα
888 4162 956 4213 τὰ
975 4161 1300 4231 κερασφόρα
1341 4160 1482 4225 ζῶα.

526 4381 714 4452 Κέρας
746 4379 804 4432 δὶ
832 4378 930 4446 οὐχ
969 4375 1189 4441 ἁπλῶς,
1224 4372 1362 4427 ἀλλὰ
1396 4374 1697 4443 σωτηρίας,
1736 4374 1912 4444 ἧγουν
1958 4390 2060 4425 σω-

456 4478 672 4549 τήριον.
707 4473 1003 4527 Βασιλείαν
1032 4472 1089 4523 δὲ
1134 4471 1228 4523 καὶ
1272 4468 1511 4539 δύναμιν
1554 4470 1857 4540 σωτήριον,
1912 4468 2060 4535 λέγει

453 4572 543 4627 τὸν
569 4568 833 4643 Χριστὸν,
863 4569 938 4632 ὡς
960 4566 1189 4638 βασιλέα
1210 4565 1323 4617 τῶν
1345 4563 1753 4635 βασιλευόντων
1778 4566 1875 4617 καὶ
1899 4564 2061 4616 δύνα-

2169 3413 2393 3474 propter
2467 3400 2849 3455 difﬁcultatem
2944 3414 3163 3460 eorum,
3229 3413 3350 3466 quae
3413 3412 3443 3449 a
3503 3394 3767 3449 Zacharia

2166 3496 2428 3550 dicuntur
2457 3510 2471 3558 ;
2500 3508 2628 3548 nam
2662 3493 2979 3563 huiusmodi
3011 3502 3139 3546 sunt
3173 3490 3497 3561 prophetica
3524 3507 3536 3555 ;
3588 3497 3768 3542 tenta-

2170 3590 2353 3644 bimus
2391 3597 2577 3644 tamen
2607 3604 2670 3643 ca
2706 3590 2859 3657 juxta
2892 3589 3074 3643 datam
3140 3586 3297 3639 nobis
3350 3584 3769 3653 intelligentiam

2169 3686 2487 3754 explanare.

2241 3778 2399 3834 Vers.
2436 3778 2526 3833 69.
2566 3779 2633 3833 Et
2700 3780 2959 3831 erexit—
3011 3777 3165 3831 Vcrs.
3217 3774 3308 3829 70.
3362 3790 3603 3828 suorum.
3668 3771 3773 3826 Per

2168 3894 2367 3938 cornu,
2400 3892 2629 3945 regnum
2660 3876 2752 3931 hic
2781 3874 3037 3943 intelligit
3070 3890 3082 3925 :
3117 3872 3244 3940 quia
3278 3887 3376 3940 per
3400 3885 3575 3925 cornu
3615 3885 3772 3939 reges

2170 3973 2590 4042 inungebantur
2627 3984 2689 4022 ac
2714 3967 3177 4039 designabantur.

2242 4064 2654 4135 Autsigniﬁcat
2706 4061 3033 4132 potentiam.
3099 4060 3157 4113 In
3215 4075 3391 4113 cornu
3452 4057 3599 4112 enim
3659 4056 3773 4110 for-

2170 4159 2462 4214 titudinem
2491 4156 2911 4211 habentomnes
2938 4152 3251 4206 animantes
3306 4166 3515 4206 cornua
3578 4166 3775 4221 geren-

2173 4267 2274 4311 tes.

2237 4364 2427 4419 Cornu
2457 4378 2589 4419 vero
2615 4361 2963 4432 simpliciter,
3002 4359 3097 4414 sed
3122 4356 3339 4422 salutis,
3374 4358 3492 4412 sive
3506 4357 3770 4414 salutare.

2167 4458 2423 4528 Regnum
2465 4466 2650 4512 autem
2686 4465 2742 4510 et
2772 4453 3076 4526 potentiam
3109 4450 3409 4507 salutarem
3446 4452 3582 4506 dicit
3608 4452 3776 4506 Chri-

2167 4563 2338 4619 stum,
2366 4562 2559 4623 utpote
2594 4566 2779 4622 regem
2816 4548 3194 4618 regnantium,
3225 4557 3281 4601 et
3324 4547 3632 4617 potentiam
3679 4563 3776 4618 pa-

456 4684 548 4738 μιν
586 4627 682 4720 τοῦ
716 4627 971 4735 Πατρὶς.
1005 4663 1100 4716 καὶ
1135 4627 1369 4732 Σωτῆρα
1411 4658 1523 4713 τῶν
1562 4659 1934 4712 πιστευόντων
1979 4660 2061 4721 εἰς
2098 4627 2141 4683 D
2174 4661 2206 4705 tl

2022 4661 2061 4721 ῖς
2098 4627 2141 4683 D
2174 4649 2294 4716 tris,
2352 4663 2415 4703 ac
2465 4647 2809 4702 Salvatorem
2862 4644 2917 4698 in
2977 4658 3037 4697 se
3102 4642 3473 4695 credentium.
3539 4640 3772 4696 Domum

451 4759 635 4812 αὐτόν.
666 4750 832 4812 Οἷκον
870 4756 926 4810 δὲ
957 4757 1066 4809 νόει
1113 4753 1173 4807 τὸ
1203 4753 1361 4821 γένος
1384 4750 1478 4805 τοῦ
1509 4750 1696 4804 Δαυῐδ.
1730 4750 1901 4818 Φησὶν
1963 4744 2059 4803 οὖν

450 4853 535 4906 ὅτι
587 4853 887 4923 ἀνέστησεν
921 4852 1055 4922 ἡμῖν
1126 4848 1205 4921 τῷ
1254 4846 1370 4917 λαῷ
1419 4845 1587 4900 αὐτοῦ
1660 4844 1949 4916 βασιλείαν
2024 4845 2056 4917 ἢ

448 4947 683 5019 δύναμιν
726 4948 997 5018 σωτήριον
1059 4947 1125 4999 ἐκ
1156 4944 1347 5013 γένους
1377 4942 1579 5004 Δαυῖδ,
1611 4941 1707 4995 τοῦ
1744 4940 1937 4995 δούλου
1962 4940 2059 4991 αὑο

449 5040 567 5098 τοῦ.
629 5042 725 5096 Ἐκ
756 5041 1073 5112 σπέρματος
1109 5040 1222 5110 γὰρ
1250 5038 1420 5091 Δαυῑδ
1440 5032 1510 5109 ἦν
1543 5037 1578 5106 ἠ
1621 5034 1929 5107 Παρθένος»
1954 5031 2061 5100 ἀφ’

449 5132 567 5209 ἦςδ
604 5137 841 5203 Χριστὸς
898 5134 1256 5205 γεγέννηται.
1298 5130 1474 5186 Τοῦτο
1521 5130 1578 5183 δὲ
1618 5129 1951 5199 πεποίηκεν,
1984 5128 2059 5191 ὡς

449 5228 822 5300 ιπηγγείλατο
857 5229 947 5282 διὰ
999 5226 1273 5297 στόματος
1317 5224 1428 5279 τῶν
1458 5223 1657 5293 ἁγίων,
1686 5222 1894 5293 δηλαδὴ
1944 5221 2057 5274 τῶν

446 5324 687 5379 ἔκπαλαι
720 5323 1042 5397 προφητῶν.
1067 5322 1333 5376 Διάὺτῶν
1378 5320 1489 5392 γὰρ
1513 5317 1889 5389 ἐπηγγείλατο
1918 5318 2050 5371 ανα-

448 5423 673 5491 στήσειν
698 5420 925 5492 βασιλέα
956 5418 1186 5473 δυνατὸν
1211 5419 1269 5470 ὲν
1296 5418 1434 5487 οῐκῳ
1460 5414 1648 5478 Δαυῖδ,
1688 5415 1923 5484 Σωτῆρα
1958 5411 2055 5465 τοῦ

459 5516 702 5587 Ἰσραήλ.
733 5516 842 5568 Καὶ
885 5513 1045 5568 τοῦτο
1094 5513 1411 5567 διδάσκουσι
1458 5510 1667 5581 ψαλμοὶ
1720 5507 1909 5560 πολλοὶ
1961 5505 2058 5558 τοῦ

449 5611 634 5665 Δαυῖὀ.

522 5755 564 5785 ¹⁶
590 5753 721 5809 Luc.
758 5769 798 5821 ι,
823 5754 917 5809 20.

2169 4746 2336 4803 etiam
2371 4741 2648 4814 intelligit,
2690 4740 2916 4797 domum
2968 4738 3160 4793 David.
3213 4737 3355 4793 Dicit
3408 4753 3558 4809 ergo,
3626 4740 3773 4808 quod

2170 4836 2613 4894 instituitnobis
2640 4833 2845 4905 populo
2899 4848 3001 4887 suo
3060 4848 3293 4902 regnum
3355 4841 3412 4885 et
3469 4834 3777 4903 potentiam

2172 4930 2473 4987 salutarem
2500 4944 2532 4984 e
2563 4940 2768 5000 genere
2796 4925 2968 4980 David
2995 4925 3139 4980 servi
3173 4923 3282 4979 sui.
3320 4924 3363 4980 Α
3389 4940 3592 4995 genere
3625 4924 3777 4979 enim

2175 5024 2345 5080 David
2376 5022 2753 5078 descendebat
2816 5018 3006 5091 Virgo,
3059 5032 3125 5073 ex
3154 5032 3262 5088 qua
3316 5014 3572 5071 Christus
3614 5024 3779 5070 natus

2172 5130 2279 5175 est.
2317 5118 2469 5173 Fecit
2492 5126 2676 5171 autem
2696 5116 2823 5177 hoc,
2858 5113 2998 5169 sicut
3019 5112 3355 5184 promiserat
3392 5125 3492 5180 per
3523 5125 3586 5165 os
3648 5125 3779 5165 san-

2170 5226 2409 5280 ctorum,
2438 5212 2698 5267 videlicet
2748 5209 3167 5281 prophetarum,
3212 5206 3309 5278 qui
3364 5206 3494 5262 olim
3527 5203 3774 5261 fuerunt.

2169 5309 2275 5366 Per
2317 5309 2465 5381 ipsos
2496 5308 2641 5363 enim
2680 5304 3016 5377 promiserat
3046 5318 3231 5379 regem
3288 5302 3633 5360 exoriturnm
3677 5317 3779 5372 po-

2170 5415 2375 5460 tentem
2408 5405 2463 5458 in
2494 5403 2659 5458 domo
2700 5398 2895 5469 David,
2934 5397 3276 5458 Salvatorem
3330 5397 3521 5457 lsrael.
3564 5396 3630 5454 Et
3673 5396 3780 5453 hoc

2167 5501 2371 5557 docent
2396 5499 2557 5555 multi
2593 5498 2792 5555 Psalmi
2822 5496 3011 5553 David.

1666 5817 1865 5880 Vat-ian
1900 5814 2214 5879 lectiones
2257 5822 2319 5875 et
2366 5821 2561 5878 note).

516 5907 628 5976 (55)
666 5909 779 5964 Kal.
804 5908 942 5963 ἰδού.
976 5908 1038 5963 n.

518 5981 631 6041 (36}
668 5984 872 6038 Μόνον.
904 5980 965 6035 Β.
1000 5981 1152 6038 Idem
1186 5993 1311 6033 mox
1360 5976 1525 6033 habet
1568 5977 1767 6047 μύνων,
1814 5987 1913 6045 pro
1948 5986 2133 6043 μονον.
