4432 6450
744 420 854 485 895

2006 412 2390 473 EUTHYMH
2432 412 2605 470 ZiG.-\
2620 412 2794 471 BENI

3926 412 4042 474 896

743 526 1040 588 cabantur,
1075 522 1219 577 hanc
1246 535 1355 575 non
1388 534 1509 576 esse
1548 520 1692 574 illius
1744 518 1991 573 Matrem.
2020 520 2175 574 Sicut
2203 520 2349 573 enim
2380 521 2428 579 Α
2455 538 2493 570 οτ

2287 523 2349 573 im
2380 521 2428 579 Α
2455 519 2555 570 οὐκ
2585 520 2734 572 ἐστιν
2759 519 2899 589 αὕτη
2954 521 3140 590 μήτηρ
3179 515 3367 575 αὐτοῦ.
3412 522 3625 593 Ὠσπερ
3654 522 3766 591 γὰρ
3830 524 4037 577 πολλοῇ

744 616 903 670 multi
935 616 1000 669 ad
1024 630 1087 669 ea
1114 613 1496 681 respicientes,
1534 626 1656 679 qua:
1702 611 1943 663 hominis
1974 619 2128 671 sunt.
2181 610 2329 665 dice-

743 709 879 760 baut
929 707 1206 761 hominem
1246 714 1459 757 tantum
1511 717 1656 764 esse,
1736 701 1929 754 Filium
1979 700 2206 755 Mariae:
2264 702 2337 753 ita

745 811 962 851 rursum
992 796 1084 848 alii
1107 794 1456 847 attendentes
1484 792 1550 845 ad
1576 807 1666 853 ea,
1706 806 1827 860 qua
1859 792 2164 844 divinitatis
2220 792 2341 859 ejus

744 899 926 949 erant,
962 887 1413 953 suspicabantur,
1440 884 1585 952 quod
1610 893 1758 937 esset
1791 891 2003 936 tantum
2041 882 2205 942 lleus,
2240 896 2341 934 nec

742 988 889 1031 esset
922 979 1038 1031 base
1071 987 1250 1030 mater
1276 977 1399 1044 ejus
1430 993 1442 1026 :
1489 986 1622 1030 tunc
1666 984 1850 1028 autem
1910 976 2190 1028 intuentes
2219 988 2339 1027 eam

746 1086 929 1123 amare
957 1070 1260 1129 dolentem,
1295 1083 1358 1121 ac
1396 1068 1693 1137 plurimum
1733 1067 2032 1134 lugentem.
2100 1074 2343 1117 natura:-

745 1177 852 1229 que
892 1162 1109 1220 cedcre.
1140 1160 1493 1218 crediderunt
1528 1200 1541 1222 ,
1589 1158 1734 1227 quod
1761 1168 1938 1211 mater
1977 1166 2127 1211 esset
2157 1157 2280 1223 eius
2316 1172 2332 1207 :

741 1263 798 1305 et
830 1252 1177 1321 retegebant,
1208 1250 1324 1304 sive
1365 1250 1669 1318 prodebant
1699 1248 2062 1319 cogitationes
2093 1246 2343 1300 cordium

742 1358 990 1407 suorum,
1068 1359 1192 1413 qua:
1247 1359 1276 1395 a
1335 1344 1654 1411 suspicione
1720 1350 2131 1411 processerant.

1074 1550 1225 1605 CAP.
1266 1550 1356 1603 IV.
1392 1549 1470 1603 De
1502 1550 1653 1602 Anna
1690 1547 2035 1618 prophetiae.

814 1643 973 1696 Vers.
1007 1643 1103 1697 36.
1135 1646 1203 1694 Et
1226 1651 1343 1695 erat
1365 1673 1434 1683 —
1466 1643 1665 1697 multis.
1724 1643 2007 1697 Provecta:
2051 1640 2347 1695 admodum

741 1734 943 1793 aetatis.
976 1734 1091 1787 sive
1111 1749 1270 1787 anus.

820 1825 980 1878 γει-ε.
1018 1823 1107 1877 56.
1153 1824 1220 1877 Et
1252 1826 1459 1878 vixerat
1498 1854 1565 1864 -—
1598 1824 1754 1880 Vers.
1818 1825 1907 1879 37.
1956 1826 2060 1877 die.
2109 1822 2192 1877 Ob
2242 1822 2349 1876 hoc.

2447 610 2851 671 ἀποϐλέποντες
2886 614 2965 668 εἰς
3011 612 3080 664 τὰ
3141 613 3591 683 ἀνθρωποπρεπῆ
3633 613 3821 671 αὐτοῦ.
3858 613 4046 679 ελεγον

2447 704 2527 753 ὅτι
2563 701 2886 769 Ἄνθρωπος
2918 703 3079 770 μόνον
3112 705 3258 755 ἐστὶν
3310 706 3433 767 Υίδς
3458 706 3557 772 τῆς
3591 705 3830 774 Μαρίας⁸
3871 704 4047 763 οὕτως

2448 800 2595 850 ω.)οι
2634 800 2817 857 πάλιν,
2864 798 3277 861 ἀποϐλέποντες
3304 802 3387 861 εἰς
3418 802 3483 853 τὰ
3517 802 3800 869 θεοπρεπῆ
3852 794 4045 855 αὑτοῦ.

2450 887 2775 939 ὑπώπτευον
2820 890 2902 939 ὅτι
2968 888 3100 949 Θεὸς
3159 890 3323 957 μόνον
3387 891 3544 953 ἐστὶ,
3603 892 3695 941 καὶ
3742 890 3841 940 οὐκ
3899 886 4048 938 ἐστιν

2450 979 2592 1047 αῦτη
2624 980 2807 1048 μήτηρ
2830 979 2997 1031 αὑτοῦ
3026 996 3040 1009 ⁸
3071 980 3192 1032 τότε
3226 980 3280 1033 δέ
3310 981 3647 1048 θεασάμενοι
3702 980 3908 1046 ταύτην
3962 994 4049 1027 πι-

2452 1072 2598 1141 κρῶς
2614 1070 2981 1138 ὀδυνωμένην,
3002 1072 3095 1123 καὶ
3122 1071 3370 1139 σφοδρῶς
3384 1069 3745 1138 ὀδυρομένην,
3764 1070 3856 1120 καὶ
3876 1069 4051 1137 ἠττωο

2456 1166 2626 1233 μένην
2682 1167 2780 1230 τῆς
2847 1164 3083 1231 φύσεως.
3140 1165 3473 1215 ἐπίστευσαν
3544 1164 3629 1216 ὃτι
3670 1165 3852 1231 μήτηρ
3885 1152 4049 1212 αὑτοῦ

2453 1258 2606 1321 ἐστι,
2648 1260 2741 1308 καὶ
2799 1256 3203 1323 ἀπεκάλυψαν,
3253 1257 3433 1308 είτουν
3489 1255 3866 1324 ἐξηγόρευσαν
3922 1253 4049 1313 τοὺς

2454 1350 2847 1419 διαλογισμοὺς
2876 1350 2985 1400 τῶν
3036 1349 3276 1418 καρδιῶν
3334 1348 3537 1413 αὐτῶν,
3589 1349 3717 1409 τοὺς
3763 1349 3859 1415 τῆς
3912 1346 4053 1397 ὑπο-

2458 1440 2611 1508 φίας.

2599 1553 2757 1605 ΚΕΦ.
2791 1553 2863 1605 Δ’.
2919 1551 3057 1618 Περὶ
3104 1552 3325 1616 Ἀννης
3355 1548 3469 1616 τῆς
3515 1548 3908 1616 προφήτιδος.

2527 1644 2640 1697 Καὶ
2709 1640 2787 1713 ἦν
2843 1673 2912 1683 --
2976 1644 3263 1707 πολλαῖς.
3358 1641 3790 1711 Προϐεόηκυῖα,
3878 1640 4057 1691 show

2456 1736 2655 1807 γραῦς.

2527 1828 2789 1894 Ζήσασα
2818 1858 2887 1867 —
2914 1827 3167 1895 ἡμέραν.
3204 1827 3303 1879 Διά
3354 1826 3512 1877 τοῦτο
3544 1825 3652 1894 γὰρ
3710 1824 3803 1874 καὶ
3844 1839 4059 1892 προφηο

742 1914 892 1968 enim
939 1915 1263 1983 prophetica
1296 1917 1460 1969 etiam
1493 1916 1664 1983 gratia
1706 1915 1892 1969 dotata
1926 1912 2051 1977 fuit,
2076 1912 2204 1981 quia
2236 1926 2348 1965 non
2385 1912 2426 1930 "
2454 1939 2492 1973 τη

2308 1927 2348 1964 πη
2385 1912 2426 1930 ”
2454 1919 2612 1974 τικοῦ
2672 1923 3019 1989 χαρίσματος
3059 1918 3295 1986 ἠξιώθη,
3333 1918 3470 1969 διότι
3504 1917 3604 1969 οὐκ
3651 1916 3920 1985 ἀφίστατο
3946 1917 4058 1967 ἀπὸ

743 2001 1063 2057 discedebat
1099 2003 1167 2057 de
1199 2004 1423 2073 templo,
1473 2004 1702 2073 jejuuiis
1758 2015 1813 2059 et
1880 2003 2353 2059 obsecrationibus

744 2094 859 2150 Deo
885 2095 1140 2149 serviens
1173 2104 1336 2149 nocte
1377 2110 1441 2149 ac
1472 2096 1578 2149 die.

826 2284 985 2338 Vers.
1018 2284 1108 2338 38.
1143 2281 1212 2336 Et
1240 2284 1351 2337 hac
1384 2312 1455 2322 —
1483 2281 1726 2335 Domino.
1758 2280 1978 2335 Gratias
2011 2281 2208 2350 agebat
2242 2280 2353 2338 Deo

747 2376 1061 2432 incarnato.

824 2470 979 2524 Vers.
1024 2469 1115 2523 58.
1145 2468 1218 2521 Ac
1250 2467 1996 2538 loquebatur—Jerusalem.
2058 2469 2351 2539 anueba-

745 2574 839 2618 tur
876 2564 945 2618 de
972 2578 1061 2627 eo,
1100 2562 1247 2632 quod
1280 2563 1369 2618 hic
1421 2574 1570 2617 esset
1619 2563 1944 2631 redemptio.
2015 2562 2216 2617 Verum
2268 2562 2354 2617 Si-

749 2671 918 2711 meon
943 2656 1187 2724 quidem,
1222 2654 1391 2725 ﬁgura
1422 2664 1541 2709 erat
1570 2656 1771 2709 veteris
1804 2654 2164 2719 Testameuti,
2194 2656 2349 2708 Anna

746 2758 930 2802 autem
968 2748 1105 2801 Novi
1140 2764 1151 2797 :
1190 2748 1335 2801 inter
1375 2762 1513 2817 quos
1559 2747 1771 2800 medius
1835 2747 2046 2815 positus
2087 2748 2349 2801 Christus

748 2841 885 2895 illud
911 2840 1233 2894 absolvebat
1272 2842 1404 2910 (gg),
1444 2839 1547 2894 hoc
1591 2856 1719 2894 vero
1775 2841 2089 2894 retinebat:
2159 2850 2351 2894 osten-

746 2933 913 2992 dens,
953 2932 1100 3001 quod
1156 2942 1326 2986 vetus
1363 2933 1585 3002 quidem
1649 2942 1854 2996 cessat,
1908 2948 2109 2986 novum
2168 2943 2350 2987 autem

753 3025 916 3078 vivit.

820 3123 977 3178 Vers.
1017 3125 1106 3178 39.
1146 3123 1215 3177 Et
1254 3137 1315 3177 ut
1354 3154 1419 3165 -—
1454 3124 1752 3180 Nazareni.
1786 3123 2004 3184 Omnia.
2040 3138 2161 3193 quae
2194 3131 2352 3177 erant

2454 2014 2555 2067 τοῦ
2604 2012 2777 2083 ίεροῦ,
2802 2015 2860 2065 ἐν
2896 2011 3180 2080 νηστείαις
3213 2011 3305 2062 νεὶ
3336 2011 3556 2079 δεήσεσι
3592 2008 3934 2074 λατρεύουσα
3966 2006 4061 2059 νύ-

2455 2124 2608 2175 κτωρ
2664 2106 2759 2158 καὶ
2803 2104 2923 2173 μεθ’
2971 2102 3187 2171 ἡμέραν
3222 2102 3301 2171 τῷ
3337 2102 3477 2171 Θεῷ.
3524 2102 3803 2170 Δατρείαν
3864 2099 3921 2151 δέ
3958 2100 4061 2167 τὴν

2454 2199 2703 2252 δουλείαν
2736 2202 2829 2252 καὶ
2870 2197 3171 2267 θεραπείαν
3203 2196 3331 2247 νόει.

2528 2292 2646 2346 Καὶ
2700 2292 2858 2357 αὔξη
2894 2320 2965 2330 -
2999 2289 3215 2357 Κυρίῳ.
3280 2286 3622 2357 Ηὺχαρίστει
3673 2285 3751 2355 τῷ
3791 2284 3933 2353 Θεῷ,
3983 2284 4062 2352 τῷ

2458 2382 2615 2435 ἐνανο
2625 2384 2973 2452 ρωπήσαντι.

2530 2477 2638 2528 Καὶ
2673 2476 2883 2529 ἐλάλει
2908 2506 2975 2516 —-
3013 2477 3438 2545 Ἰερουσαλήμ.
3510 2478 3721 2530 Ἐλάλει
3774 2476 3904 2542 περὶ
3944 2474 4061 2526 αὑ-

2455 2569 2573 2629 τοῦ.
2604 2571 2686 2623 ὅτι
2714 2564 2871 2633 οῦτός
2905 2573 3054 2623 ἐστιν
3080 2573 3107 2621 ὁ
3145 2571 3452 2640 λυτρωτής.
3508 2573 3647 2624 Ἀλλ’
3682 2574 3708 2623 ὁ
3747 2570 3844 2637 μέν
3873 2569 3942 2620 Συ
3957 2585 4050 2634 μς-

2455 2664 2531 2717 ὼν
2592 2664 2763 2725 τύπος
2802 2659 2870 2733 ἦν
2902 2664 3001 2732 τῆς
3059 2663 3311 2724 "alata;
3374 2664 3651 2731 Διαοήκης
3681 2705 3693 2727 ,
3744 2665 3774 2729 ἡ
3812 2660 3853 2712 δ’
3886 2661 4060 2712 Ἀπινα.

2456 2760 2557 2828 τῆς
2610 2759 2758 2820 Νέας
2787 2774 2801 2790 ο
2832 2752 2906 2811 ὧν
2942 2760 3105 2826 μέσος
3148 2760 3175 2810 ὁ
3222 2758 3457 2825 Χριστὸς
3520 2757 3771 2824 κείμενος
3819 2754 3917 2823 τὴν
3960 2755 4063 2819 μὲν

2457 2852 2723 2909 ἀπέλυσε,
2780 2849 2879 2919 τὴν
2944 2848 2999 2901 δὲ
3052 2852 3499 2919 παρακατέσχεν,
3554 2848 3835 2917 ἐμςαίνων
3888 2846 3970 2898 ὅτι
4027 2846 4059 2913 ἡ

2459 2944 2559 3012 μιν
2592 2945 2800 2995 παλαιὰ
2833 2943 3133 3007 πέπαυται,
3178 2946 3209 3012 ἡ
3242 2943 3297 2995 δὲ
3340 2945 3435 2994 νέα
3486 2942 3575 3011 ζῇ.

2529 3128 2638 3183 Καὶ
2670 3128 2750 3193 ὠς
2788 3159 2853 3168 -
2880 3125 3162 3195 Ναζαρέτ.
3222 3126 3477 3178 Ἀπαντα
3526 3122 3596 3175 τὰ
3662 3123 3791 3191 περὶ
3826 3122 3924 3187 τῆς
3957 3139 4061 3171 πι-

745 3213 896 3266 .-iri-a
936 3215 1093 3281 pueri
1137 3216 1647 3284 pnesentationem,
1703 3233 1766 3272 ac
1807 3218 1954 3271 circa
2015 3215 2244 3280 hostias,
2284 3213 2352 3267 de
2379 3212 2423 3274 C
2463 3240 2491 3292 ρ

2306 3213 2352 3266 le
2379 3212 2423 3274 C
2463 3224 2783 3292 ραστάσεως
2818 3222 2915 3275 τοῦ
2970 3222 3214 3285 παιδίου,
3252 3221 3347 3273 καὶ
3399 3218 3465 3270 τὰ
3503 3219 3630 3289 περὶ
3682 3219 3782 3286 τῆς
3840 3217 4056 3277 Θυσίας,

744 3305 948 3373 quibus
977 3306 1326 3375 jubebatlex.

817 3396 1016 3461 Quare
1050 3407 1236 3451 autem
1297 3398 1477 3468 primo
1506 3400 1683 3468 capite
1707 3400 1781 3454 Ev
1804 3400 1983 3471 inge-lii
2049 3400 2350 3455 secundum

745 3487 1067 3544 Matthcum
1100 3490 1231 3545 dicti
1270 3491 1417 3545 illius
1467 3495 1873 3563 expositionem
1906 3513 1918 3548 :
1956 3493 2092 3547 Ecce
2132 3493 2351 3564 angelus

745 3582 963 3637 Domini
992 3595 1219 3651 apparet
1268 3588 1322 3637 in
1360 3588 1557 3640 somnis
1596 3587 1787 3658 Ioseph
1813 3590 1989 3641 dicens
2020 3604 2036 3640 .·
2064 3587 2238 3657 Surge
2302 3594 2353 3639 et

746 3679 928 3747 accipe
974 3696 1195 3737 puerum
1242 3690 1293 3733 et
1349 3693 1578 3735 matrem
1641 3683 1755 3751 ejus
1810 3694 1857 3735 et
1918 3683 2038 3752 fuge
2065 3681 2121 3734 in
2144 3678 2349 3750 rEgyp-

749 3774 952 3827 tum".

821 3865 974 3921 Vera.
999 3866 1090 3923 40.
1124 3866 1267 3922 Puer
1292 3878 1472 3923 autem
1506 3899 1577 3915 η-
1603 3886 1761 3937 super
1794 3868 1967 3921 illum.
1999 3868 2190 3933 Quoad
2237 3867 2349 3922 htt-

742 3959 1066 4013 manitatem
1124 3960 1241 4017 h.ec
1292 3955 1479 4016 Omnia
1534 3962 1805 4033 intellige.
1866 3962 2152 4032 Tanquam
2213 3979 2352 4032 puer

742 4052 892 4106 enim
927 4054 1209 4107 crescebat
1257 4065 1419 4108 atate
1475 4076 1487 4111 :
1526 4054 1995 4109 corroborabatur
2028 4065 2212 4108 autem
2249 4055 2350 4108 ad-

744 4160 937 4199 versus
970 4145 1258 4212 malitiam,
1294 4146 1517 4215 spiritu,
1550 4147 1669 4200 sive
1710 4147 1860 4200 unis:
1891 4146 1995 4199 sibi
2034 4146 2346 4200 divinitate.

742 4238 876 4293 Nam
901 4238 1140 4307 Spiritus
1165 4250 1394 4294 vocatur
1424 4250 1477 4294 et
1512 4239 1779 4294 Divinitas
1808 4256 1823 4304 ;
1857 4239 2191 4309 itnplebatur
2219 4255 2352 4293 vero

743 4334 1039 4400 sapientia.
1076 4344 1339 4403 tanquam
1364 4334 1637 4388 divinitati
1668 4334 1858 4388 unitus
1884 4351 1900 4398 ;
1936 4333 2111 4404 gratia
2130 4348 2351 4403 quoque

744 4425 885 4478 uuiti
912 4426 1014 4479 sibi
1052 4424 1145 4479 Dei
1181 4436 1300 4480 erat
1330 4442 1498 4496 super
1526 4427 1702 4492 illum,
1728 4442 1852 4497 qua:
1886 4427 2069 4497 ipsum
2103 4426 2352 4481 modera-

740 4516 927 4579 batur,
954 4518 1185 4588 regebat
1218 4528 1274 4572 et
1304 4519 1699 4588 componebat.

814 4628 911 4684 Vel
967 4631 1134 4685 etiam
1196 4630 1304 4685 alio
1363 4630 1549 4685 modo.
1591 4630 2069 4685 Corroborabatur
2117 4629 2346 4700 Spiritu.

739 4724 1000 4778 videlicet
1052 4734 1296 4787 sancto;
1348 4724 1522 4792 gratia
1572 4733 1759 4776 autem
1814 4722 1933 4783 Dei,
1990 4722 2107 4775 sive
2156 4721 2350 4791 patris,

739 4831 860 4872 erat
878 4833 1047 4886 super
1066 4818 1243 4871 illum.
1261 4816 1425 4871 Sicut
1443 4818 1590 4872 enim
1615 4817 1939 4871 incarnatus
1956 4824 2126 4870 estex
2168 4814 2347 4869 Patris

739 4911 1114 4981 bencplucito.
1148 4925 1212 4965 ac
1258 4909 1691 4979 superveniente
1726 4908 1935 4978 Spiritu
1990 4917 2185 4962 sancto
2234 4907 2350 4962 :ita

736 5004 904 5057 etiam
937 5001 1375 5056 conversabatur
1406 5015 1472 5055 ac
1512 5000 1851 5070 operabatur
1884 5015 1984 5069 per
2029 4997 2350 5067 beueplaci-

736 5108 853 5153 tum
893 5097 1070 5152 Patris
1100 5106 1157 5151 et
1193 5096 1641 5166 cooperatiunem
1680 5094 1919 5165 Spiritus
1950 5091 2149 5147 sancti.

814 5192 965 5247 Vers.
1002 5191 1092 5245 4i.
1128 5189 1193 5243 Et
1221 5192 1369 5244 ibant
1396 5219 1462 5230 —
1486 5189 1641 5244 Vcrs.
1670 5189 1760 5244 45.
1789 5186 2117 5241 Jerusalem.
2148 5183 2349 5239 Finitis

735 5286 951 5351 diebus,
976 5285 1227 5341 videlicet
1244 5284 1333 5339 die
1356 5282 1500 5339 festo
1524 5282 1771 5347 Pascha,
1788 5282 2093 5350 diebusque
2115 5280 2347 5351 Azymo-

808 5430 851 5462 ¹¹
884 5428 1077 5483 Matth.
1116 5443 1179 5494 tl,
1208 5426 1299 5482 13.

2463 3320 2593 3384 περὶ
2627 3308 2703 3369 ὧν
2737 3319 2763 3369 ὁ
2788 3319 2956 3384 νόμος
3015 3314 3262 3368 ἐκέλευε.

2531 3411 2777 3477 Ζήτησον
2801 3410 2855 3459 δέ
2883 3408 2975 3460 καὶ
3001 3410 3058 3458 ἐν
3089 3406 3167 3476 τῷ
3202 3404 3405 3475 πρώτῳ
3460 3403 3747 3471 κεφαλαίῳ
3796 3401 3890 3453 τοῦ
3920 3401 4063 3453 κατὰ

2461 3499 2748 3555 Μιτθαῐον
2796 3498 2898 3567 τὴν
2938 3499 3204 3569 ἐξήγησιν
3252 3497 3366 3549 τοῦ·
3413 3494 3569 3551 Ἰδοὺ
3637 3495 3897 3563 ἄγγελος
3951 3494 4059 3545 Ku-

2463 3593 2580 3660 ρίου
2640 3590 2919 3658 φαίνεται
2986 3590 3115 3642 κατ’
3178 3588 3325 3657 ὄναρ
3396 3586 3475 3651 τῷ
3543 3585 3771 3653 Ἰωσὴφ
3837 3576 4054 3652 λέγ’-ων·

2472 3682 2767 3751 Ἐγερθεὶς
2801 3680 3113 3748 παράλαϐε
3146 3680 3210 3733 τὸ
3244 3679 3495 3732 παιδίον
3530 3678 3628 3731 καί
3670 3678 3789 3745 τὴν
3832 3678 4064 3746 μητέρα

2458 3771 2667 3836 αὑτοῦ,
2704 3773 2802 3825 καί
2827 3772 3012 3841 φεῦγε
3037 3776 3123 3837 είς
3153 3772 3347 3841 Atrea
3360 3789 3485 3827 τον.

2534 3865 2611 3919 Τὸ
2644 3864 2711 3918 δὲ
2751 3865 2999 3920 παιδίον
3025 3897 3091 3906 -
3118 3865 3214 3918 ἐπ’
3248 3862 3435 3930 αὐτῷ.
3488 3862 3644 3917 Κατὰ
3685 3864 3744 3916 τδ
3778 3859 4062 3931 ἀνθρώπιο

2461 3977 2553 4013 νον
2576 3958 2753 4013 ταῦτα
2794 3960 2973 4013 πάντα
3028 3958 3245 4026 νόησον.
3294 3959 3383 4019 Ὠς
3419 3956 3636 4010 παιδίον
3668 3955 3780 4025 (⁸11)
3818 3956 3925 4024 γὰρ
3957 3953 4063 4021 ηῦ-

2461 4054 2583 4119 ξανι
2650 4054 2749 4123 μὲν
2810 4056 2891 4116 είς
2944 4052 3185 4122 ἡλικίαν,
3219 4051 3586 4123 ἐκραταιοῦτο
3654 4052 3710 4103 δέ
3756 4048 3903 4101 κατὰ
3960 4047 4063 4115 τῆς

2460 4150 2660 4210 κακίας
2718 4148 3035 4218 πνεύματι,
3077 4148 3246 4217 ἧγουν
3304 4149 3369 4216 τῇ
3440 4145 3697 4215 ἡνωμένῃ
3732 4142 3881 4213 αὐτῷ
3943 4143 4065 4193 θεό-

2456 4261 2604 4312 τητι.
2639 4242 2867 4311 Πνεῦμα
2896 4243 3004 4311 γὰρ
3032 4240 3281 4293 καλεῖται
3314 4240 3407 4292 καὶ
3442 4241 3472 4310 ἡ
3504 4238 3715 4307 Θεότης.
3749 4238 3859 4289 Καὶ
3894 4236 4066 4304 ἐπλη-

2462 4336 2619 4407 ροῦτο
2651 4336 2750 4406 μέν
2805 4334 3128 4401 σοφίας,ὠς
3182 4334 3465 4403 ἡνωμένον
3518 4334 3583 4402 τῇ
3644 4325 3844 4401 σοφίᾳ’
3901 4329 4062 4399 χάρις

2457 4430 2515 4483 δὲ
2547 4428 2641 4481 τοῦ
2682 4429 2966 4498 ἡνωμένον
3013 4426 3166 4496 αὐτῷ
3218 4425 3355 4477 Θεοῦ
3389 4421 3456 4496 ἦν
3507 4427 3600 4479 ἐπ’
3637 4423 3809 4493 αὐτῷ,
3866 4422 4065 4474 παιδα-

2458 4522 2721 4591 γωγοῦσα
2748 4520 2907 4573 τοῦτο
2959 4522 3053 4571 καὶ
3102 4519 3446 4590 ρυθμίζουσα
3476 4518 3574 4570 καὶ
3605 4513 4059 4583 κατακοσμοῦσα.

2529 4618 2600 4669 Ἥ
2631 4618 2722 4668 καὶ
2760 4614 3391 4684 ἐτέρως.Ἐκραταιοῦτυ
3434 4614 3533 4681 μὲν
3570 4610 3873 4677 Πνεύματι,
3913 4608 4056 4677 ῆτνι·

2452 4712 2529 4783 τῷ
2564 4710 2724 4779 ἁγίῳ
2768 4710 2929 4779 χάρις
2968 4710 3022 4761 δὲ
3070 4709 3182 4777 (72)
3220 4708 3357 4761 Θεοῦ
3391 4747 3403 4765 .
3446 4708 3616 4776 ἤγουν
3656 4703 3749 4757 τοῦ
3821 4701 4058 4770 Πατρὸς,

2450 4803 2640 4876 ἦνιέπ⁹
2694 4804 2866 4872 αὐτῷ.
2908 4804 3121 4873 Ὠσπερ
3178 4802 3289 4870 γὰρ
3338 4798 3629 4869 ἐσαρκώθη
3692 4796 3907 4864 Πατρὸς
3964 4796 4058 4847 εὑ-

2450 4898 2630 4968 δοκίᾳ,
2692 4902 2787 4949 καὶ
2823 4894 3148 4964 Πνεύματος
3209 4893 3370 4960 ἁγίου
3414 4890 3723 4943 ἐπελεύσει’
3760 4888 3907 4941 οὕτω
3966 4889 4061 4940 καὶ

2454 4990 2834 5055 ἐπολιτεύετο,
2861 4991 2957 5043 καὶ
2982 4990 3233 5058 ἐνήργει,
3269 4986 3497 5058 εὐδοκία
3552 4986 3654 5056 μὲν
3680 4984 3775 5038 τοῦ
3814 4984 4057 5054 Πατρὸς,

2458 5086 2725 5157 συνεργίᾳ
2753 5084 2809 5137 δὲ
2836 5082 2932 5135 τοῦ
2974 5083 3135 5149 ἁγίου
3166 5079 3514 5150 Πνεῦματος.

2528 5178 2638 5233 Καὶ
2673 5177 3043 5244 ἐπορεύοντο
3064 5204 3133 5215 --
3168 5173 3584 5245 Ἰερουσαλήμ.
3631 5170 4058 5226 Τελειωσάντων

2452 5279 2553 5339 τὰς
2612 5273 2826 5343 ἡμέρας
2868 5270 2968 5333 τὰς
3013 5269 3116 5341 τῆς
3174 5270 3376 5343 ἑορτῆς
3420 5269 3518 5324 τοῦ
3554 5268 3749 5339 Πάσχα
3798 5267 3895 5323 καὶ
3956 5263 4059 5333 τῆς

1960 5494 2161 5558 Varias
2198 5495 2512 5558 lectiones
2558 5500 2619 5554 et
2658 5500 2849 5557 uotae.

813 5671 931 5745 (7|)
961 5672 1079 5743 Γάρ
1107 5670 1288 5727 abest.
1318 5670 1387 5725 Α.

810 5834 922 5907 (gg)
994 5831 1519 5907 IlludAabsolvebat.
1557 5831 1727 5887 Istum
1788 5831 2013 5902 quidem
2074 5828 2343 5907 demisit:

739 5901 1045 5967 hau'c'vero
1077 5905 1325 5964 retinuit.
1358 5905 1434 5961 De
1464 5905 1727 5961 Simeone
1756 5901 1941 5961 seruio
1973 5914 2055 5959 est
2090 5913 2145 5959 et
2171 5901 2326 5959 Anua

2539 5668 2652 5739 (τε)
2684 5664 2793 5720 Τοῦ
2818 5664 2970 5721 addit
2999 5671 3065 5718 Α.

2454 5828 2688 5955 noggde
2751 5826 3126 5885 testamentis.
3188 5823 3479 5884 ’Δπολύειν
3534 5818 3760 5895 respicit
3806 5819 3871 5874 ad
3935 5835 4048 5891 :ap.

2464 5920 2501 5955 Ι.
2539 5940 2566 5954 ι.
2611 5944 2625 5955 .

2440 5920 2501 5969 ti,
2534 5920 2625 5955 τιν.
