4432 6450
414 413 522 479 897

1394 411 1785 475 COMMENT.
1834 411 1913 471 IN
1959 410 2238 475 LUCAM.
2282 438 2350 454 -
2389 415 2551 478 CAP.
2588 418 2703 478 ΙΙῙ.

3598 429 3705 491 898

412 532 608 603 ἑορτῆς
646 528 751 581 τῶν
796 522 1073 597 ’Δζυμωω
1120 524 1417 595 Ὑπίμεινι
1462 525 1519 578 δι
1556 526 1757 588 είτουν,
1791 524 2007 577 ὑπελεί-
2032 530 2081 585 Α
2110 542 2162 578 ru

1953 527 2007 575 ;!—
2032 530 2081 585 Α
2110 541 2253 579 rum.
2275 526 2559 583 Remansit
2584 540 2792 595 autem,
2817 530 2931 585 sive
2958 533 3183 591 re’lictus
3199 546 3283 591 est
3301 538 3353 591 in
3376 536 3703 608 Jerusalem,

413 622 523 691 φθη
553 624 611 673 ὲν
659 618 1046 691 Ἰερουσαλὴμ,
1098 616 1429 689 βουλόμενος
1471 616 1745 687 συμμίξαι
1779 618 1893 679 τοῖς
1923 618 1975 669 ει

411 712 732 773 δασκάλοις.

483 802 589 857 Καὶ
620 806 735 856 οὐκ
769 833 835 843 -
859 803 1070 856 αὐτοῦ.
1129 800 1289 854 Κατὰ
1333 798 1487 851 θείαν
1537 798 1876 868 οίκονομίαν,
1910 800 2002 854 ἵνα

416 896 493 965 μὴ
520 893 844 949 κωλύσωσιν
878 895 1065 957 αὑτὸν,
1091 892 1165 953 ώς
1201 892 1371 947 παῖδα
1405 892 1498 945 καὶ
1529 892 1924 962 ἀγράμματον.

479 1084 855 1152 Νομίσαντες
884 1110 953 1121 -
976 1080 1387 1135 διδασκάλων.
1445 1081 1593 1135 Μίαν
1626 1082 1729 1152 μὲν
1776 1082 1998 1154 ἡμέραν

409 1178 723 1242 ἀνάλωσαν,
754 1178 843 1229 ὅτε
890 1172 1055 1245 ἦλθον
1106 1176 1320 1257 ἡμέρας
1369 1174 1509 1239 ὁδὸν,
1564 1176 1658 1229 καὶ
1699 1176 1997 1246 ἀνεζήτουν

409 1269 574 1322 αὑτὸν
609 1270 667 1320 ὲν
692 1271 805 1326 τοῖς
836 1266 1130 1335 συγγενέσι
1175 1270 1269 1320 καὶ
1303 1270 1359 1319 ὲν
1394 1270 1509 1330 τοῖς
1544 1271 1835 1333 γνωστοτςι
1879 1271 1998 1323 ἑτέ-

415 1377 515 1431 ραν
537 1360 618 1424 δὲ,
649 1361 760 1425 ὅτι,
792 1362 866 1431 μὴ
899 1359 1152 1428 εὑρόντες
1183 1360 1370 1424 αὑτὸν,
1392 1360 1744 1429 ὑπέστρεψαν
1776 1365 1858 1425 εἰς
1892 1363 1993 1415 ’ῐε-
2023 1424 2026 1426 ν

409 1454 720 1523 ρουσαλὴμ,
755 1454 1049 1525 ζητοῦντες
1096 1454 1283 1507 αὐτόν’
1330 1455 1477 1507 κατὰ
1530 1455 1629 1526 τὴν
1686 1457 1881 1525 τρίτην
1937 1455 1994 1508 δὲ

404 1544 595 1598 λοιπὸν
626 1539 786 1614 εὗρον
815 1546 999 1598 αὑτόν.
1054 1543 1143 1597 Ἑν
1186 1544 1263 1615 τῷ
1318 1546 1451 1616 ιερῷ
1494 1546 1550 1598 δὲ
1596 1547 1920 1617 εὑρίσκεται
1968 1550 1995 1601 ὁ

407 1638 666 1707 Χριστὸς,
703 1639 874 1707 ἠγουν
907 1638 964 1689 ιν
1020 1637 1099 1707 τῷ
1132 1638 1266 1708 ίερῷ
1305 1640 1478 1707 τόπῳ,
1517 1640 1613 1691 καὶ
1635 1641 1693 1693 ιν
1735 1639 1815 1711 τῷ
1862 1638 1993 1711 ἱερῷ

406 1728 719 1797 πράγματι,
758 1732 853 1782 καὶ
897 1729 955 1779 ἐν
994 1727 1072 1797 τῷ
1104 1728 1235 1798 ίερῷ
1266 1728 1562 1799 ἀνθρώπῳ.

486 1820 804 1873 Ἀκούοντα
832 1851 898 1861 ——
914 1822 1158 1885 αὐτούς.
1196 1821 1489 1875 Ἀκούοντα
1513 1824 1607 1875 καὶ
1625 1824 1990 1892 ἐπερωτῶντα

2107 619 2300 673 volens
2340 622 2685 676 commisceri
2717 623 3057 679 doctoribus.

2179 797 2341 854 Vera.
2382 801 2473 856 ιδ.
2499 802 2571 856 Et
2604 820 2707 857 non
2730 834 2804 846 —-
2832 806 2968 874 ejus.
3008 806 3173 862 Juxta
3222 811 3465 867 divinam
3512 815 3705 870 Provi-

2102 890 2343 946 dentiam
2382 894 2485 949 hoc
2503 895 2707 951 factum
2731 907 2836 961 est,
2866 915 2934 953 ne
2963 902 3321 969 prohiberent
3348 920 3496 968 eum,
3529 911 3691 977 quasi

2103 999 2338 1055 puerum
2374 997 2426 1041 et
2464 988 2584 1043 sine
2622 989 2846 1045 litteris.

2175 1074 2331 1131 νοτε.
2373 1078 2462 1131 Η.
2510 1078 2893 1135 Existimant“
2927 1112 3001 1123 -—-
3038 1084 3197 1139 Vers.
3266 1085 3354 1139 46.
3400 1087 3698 1144 doctorum.

2103 1166 2284 1222 Unum
2318 1170 2539 1239 quidem
2567 1171 2713 1225 diem
2745 1187 3233 1245 consumpserunt,
3272 1179 3495 1246 quando
3539 1196 3703 1235 vene-

2100 1258 2226 1311 runt
2260 1258 2456 1314 itinere
2475 1261 2607 1325 diei,
2627 1274 2683 1317 et
2704 1265 3062 1333 requirebant
3086 1268 3234 1321 illum
3260 1270 3407 1324 inter
3438 1285 3703 1342 cognatos

2097 1356 2150 1401 et
2178 1358 2338 1404 notos
2372 1369 2387 1415 ;
2418 1352 2649 1407 alterum
2681 1356 2905 1425 quando
2954 1375 3062 1413 non
3112 1361 3340 1416 invento
3380 1379 3446 1419 eo
3489 1370 3701 1421 reversi

2098 1450 2228 1492 sunt
2252 1440 2303 1493 in
2321 1440 2624 1498 Jerusalem
2644 1458 2959 1515 quairentes
2990 1450 3143 1505 illum
3173 1468 3190 1518 ;
3215 1453 3442 1509 circiter
3466 1458 3696 1514 tertium

2098 1546 2231 1585 vero
2258 1534 2477 1588 tandem
2514 1537 2845 1592 invenerant
2883 1543 3057 1596 illum.

2189 1624 2247 1678 In
2301 1630 2507 1696 templo
2568 1632 2848 1687 invenitur
2904 1635 3181 1702 Christus,
3250 1640 3367 1693 sive
3429 1641 3484 1694 in
3545 1658 3701 1698 sacro

2096 1719 2219 1773 loco
2246 1730 2303 1775 et
2353 1720 2405 1774 in
2466 1737 2629 1777 sacro
2691 1726 2935 1796 negotio,
3005 1744 3069 1782 ac
3125 1730 3182 1783 in
3234 1746 3392 1785 sacro
3454 1734 3699 1788 homine.

2168 1811 2324 1869 νει-ε.
2355 1815 2441 1869 46.
2473 1814 2786 1869 Audientem
2822 1847 2889 1858 —
2918 1835 3025 1872 eos.
3057 1822 3392 1877 Audientem
3422 1836 3477 1879 et
3518 1827 3699 1880 inter-

402 1916 531 1978 περὶ
568 1910 674 1962 τῶν
711 1911 980 1979 νομίμων,
1019 1910 1106 1963 ἵνα
1136 1896 1200 1963 εκ
1230 1913 1480 1981 νεότητος
1517 1915 1550 1983 ὴ
1581 1889 1798 1977 σύνεσις
1824 1915 1991 1967 αὑτοῦ
2026 1889 2071 1945 Β
2101 1920 2152 1959 Nl

1947 1915 1991 1967 ,ὖ
2026 1889 2386 1974 Brogantem
2450 1906 2517 1960 de
2566 1906 2854 1977 legalibus,
2905 1918 2963 1964 ut
3018 1927 3046 1963 a
3099 1928 3271 1981 puero
3329 1915 3697 1987 intelligentia

400 2001 705 2071 γνωρισθῇ.
732 2001 1073 2072 Φοϐηθῶμεν
1096 1997 1191 2055 οὖν
1244 2005 1292 2056 ol
1328 2004 1665 2069 διδάσκαλοι,
1692 2006 1993 2073 γινώσκον-

400 2113 491 2157 τες
534 2097 615 2148 ὅτι
648 2098 705 2147 ὲν
742 2097 890 2166 μέσῳ
940 2097 1099 2166 ἡμῶν
1133 2099 1283 2151 ἐστιν
1315 2099 1344 2150 ὁ
1380 2099 1641 2167 Χριστὸς,
1677 2102 1989 2171 προσέχων,

403 2189 522 2251 πῶς
545 2188 898 2259 διδάσκομεν.

484 2281 1139 2346 Ἔξίσταντο-αὑτοῦ.
1175 2284 1323 2337 Ἔδει
1371 2286 1481 2357 γὰρ
1518 2285 1679 2339 τοῦτο
1709 2286 1988 2356 γενέσθαι,

401 2374 488 2427 ἴνα
516 2374 744 2446 ὕστερον
773 2376 1044 2429 διδάσκων
1079 2378 1493 2448 εὑπαράδεκτος
1515 2381 1701 2444 αὑτοῖς
1734 2381 1843 2453 είη.

472 2469 577 2521 Kal
634 2467 868 2535 ἰδόντες
906 2468 1097 2523 αὑτὸν
1165 2470 1625 2537 ἐξεπλάγησαν.
1688 2472 1749 2526 '0
1790 2477 1991 2547 Ἰωσὴφ

404 2560 653 2627 δηλονότι
694 2562 849 2631 καὶὴ
899 2562 1102 2632 Μήτηρ
1128 2562 1318 2616 αὑτοῦ.
1362 2563 1777 2633 Ἐξεπλάγησαν
1821 2567 1876 2619 δὲ
1928 2570 1990 2623 οὑ

402 2635 563 2726 μόνον
593 2658 681 2711 διὰ
719 2660 820 2729 τὴν
878 2662 1099 2711 σύνεσιν
1150 2660 1245 2712 καὶ
1290 2660 1387 2724 τὰς
1441 2662 1766 2731 ἀποκρίσεις
1798 2663 1988 2730 αὑτοῦ,

398 2748 536 2801 ἀλλὰ
566 2750 657 2801 καὶ
689 2748 778 2801 διὰ
814 2750 911 2819 τὴν
943 2748 1171 2817 τόλμαν.

469 2840 577 2894 Kal
596 2842 744 2907 πρὸς
770 2870 833 2881 —-
857 2857 951 2893 σε.
987 2842 1210 2910 Πατέρα
1244 2840 1411 2895 αὑτοῦ
1468 2842 1560 2896 τὸν
1605 2842 1807 2913 Ἰωσὴφ
1855 2844 1994 2897 ώνό-

401 2952 597 3004 μασεν,
625 2935 699 2997 ώς
728 2935 1019 3004 μνηστῆρα
1048 2935 1272 3004 ἑαυτῆς,
1313 2938 1405 2988 καὶ
1447 2936 1522 2999 ώς
1553 2936 1753 3007 τροφὸν
1800 2937 1991 2997 αὑτοῦ.

402 3026 767 3096 Ὀδυνώμενοι
799 3026 856 3079 δὲ
891 3028 1118 3096 ἐζήτουν
1153 3027 1337 3092 αὑτὸν,
1375 3028 1461 3079 διὰ
1493 3029 1592 3099 τὴν
1647 3029 1852 3098 σχέσιν.
1881 3029 1991 3083 Καὶ

398 3122 449 3172 sl.’
469 3136 552 3182 τις
575 3120 629 3171 δὲ
656 3121 717 3171 ἐκ
750 3118 921 3172 πόθου
950 3119 1293 3189 ὀδυνώμενος
1326 3121 1558 3192 ζητήσει
1606 3122 1793 3187 αὑτὸν,
1826 3124 1991 3194 εὑρή-

402 3231 498 3290 σω⁴
516 3214 701 3266 αὑτὸν.

471 3304 579 3359 Kal
611 3300 741 3357 εἷπε
769 3320 975 3375 -με;
1033 3304 1122 3366 Ὠς
1162 3303 1521 3375 πλανώμενον
1569 3305 1795 3377 δηλαδή.
1856 3306 1990 3372 Θεὸς

397 3399 458 3452 οὑ
502 3398 793 3454 πλανᾶται.

472 3494 594 3546 Οὐκ
627 3490 823 3559 ῇδειτε
848 3520 918 3529 -
945 3505 1062 3559 με;
1099 3489 1187 3543 Ἑν
1219 3486 1297 3560 τῷ
1324 3487 1460 3558 οἴκῳ
1492 3488 1584 3542 τοῦ
1618 3489 1834 3560 Πατρός
1865 3506 1991 3559 μου.

402 3588 597 3653 Ἔλεγε
654 3588 709 3641 δὲ
767 3586 898 3654 περὶ
939 3587 1033 3639 τοῦ
1090 3585 1259 3655 ίεροῦ,
1303 3586 1330 3639 ὃ
1374 3584 1453 3655 τῷ
1508 3584 1628 3655 Θεῷ
1673 3586 1766 3637 καὶ
1817 3586 1995 3657 Πατρὶ

399 3678 566 3732 αὑτοῦ
603 3680 630 3730 ὁ
679 3678 933 3748 Σολομῶν
960 3677 1341 3747 ᾠκοδόμησεν.
1407 3676 1551 3729 Ἀλλ’
1585 3680 1616 3747 ἡ
1657 3678 1755 3745 μὲν
1794 3680 1996 3751 Μήτηρ

400 3772 592 3838 αὑτοῦ,
630 3774 759 3841 περὶ
806 3769 900 3823 τοῦ
946 3771 1094 3823 θέσει
1134 3771 1347 3839 Πατρὸς
1400 3768 1565 3823 αὑτοῦ
1623 3766 1796 3823 sim-2w
1834 3773 1996 3837 αὑτὸς

399 3866 457 3919 δὲ
494 3866 667 3937 ταύτῃ
699 3866 791 3917 τὸν
826 3862 989 3933 φύσει
1026 3863 1255 3933 Πατέρα
1284 3860 1450 3915 αὐτοῦ
1489 3861 1780 3933 ἐγνώρισε.

475 4058 580 4112 Kal
605 4054 776 4110 αὐτοὶ
805 4085 873 4094 —-
902 4053 1127 4118 αὐτοῖς.
1162 4052 1236 4105 Τὸ
1266 4053 1395 4121 περὶ
1418 4052 1511 4105 τοῦ
1538 4050 1711 4122 ἱεροῦ.

476 4151 580 4205 Καὶ
632 4150 849 4214 κατέϐη
882 4177 953 4189 -—-
999 4147 1226 4211 αὐτοῖς.
1263 4145 1546 4199 Παιδεὺων
1597 4145 2000 4201 ὑποτάττεσθαι

401 4246 478 4319 μὴ
518 4247 678 4315 μόνον
704 4247 818 4306 τοῖς
857 4243 1019 4312 φύσει
1044 4242 1320 4311 γονεῦσιν.
1349 4240 1488 4295 ἀλλὰ
1540 4241 1636 4295 καὶ
1680 4244 1793 4302 τοῖς
1826 4241 1997 4297 θέσει.

474 4416 581 4472 Καὶ
612 4416 649 4483 ἡ
679 4414 880 4485 μήτηρ
910 4443 980 4455 —
1011 4412 1223 4481 αὐτῆς.
1271 4414 1351 4468 Τὰ
1383 4414 1514 4484 περὶ
1544 4412 1640 4468 τοῦ
1698 4413 1872 4483 ιεροῦ,
1906 4415 2003 4468 καὶ

398 4510 465 4562 τὶ,
495 4508 743 4573 τοιαῦτα,
795 4507 872 4571 ὠς
915 4508 1145 4578 ῥήματα
1204 4507 1305 4577 οὑχ
1356 4506 1543 4570 ἁπλῶς
1594 4506 1807 4571 παιδὸς,
1866 4508 2003 4563 ἀλλὰ

2095 1997 2216 2065 ejus
2238 1997 2452 2067 cognita
2478 1996 2642 2051 foret.
2669 1997 2990 2055 Timeamus
3017 2017 3172 2071 ergo,
3199 2006 3290 2072 qui
3324 2022 3699 2077 praeceptores

2095 2102 2306 2153 sumus,
2341 2091 2599 2157 quoniam
2648 2090 2703 2143 in
2736 2092 2920 2146 medio
2971 2105 3226 2149 nostrum
3276 2110 3364 2152 est
3416 2099 3703 2168 Christus.

2093 2183 2405 2248 attendens,
2437 2198 2548 2251 quo
2584 2193 2745 2251 pacto
2775 2184 3072 2268 doceamus

2170 2288 2326 2345 Vera.
2368 2291 2458 2344 47.
2493 2288 2786 2361 Stupebant
2820 2323 2888 2334 —
2918 2296 3055 2363 ejus.
3088 2294 3387 2365 Oportebat
3420 2301 3567 2354 enim
3598 2302 3705 2357 hoe

2088 2380 2235 2446 ﬁeri,
2256 2392 2453 2439 utcum
2475 2393 2666 2454 postea
2684 2386 2931 2452 doceret,
2957 2386 3115 2443 facile
3130 2391 3195 2442 ab
3213 2390 3320 2445 illis
3338 2394 3697 2463 reciperetur.

2164 2479 2319 2533 Vera.
2342 2478 2429 2532 48.
2451 2478 2519 2532 Et
2545 2480 2656 2533 viso
2680 2496 2738 2532 eo
2756 2490 3160 2550 obstupuerunt.
3193 2484 3407 2555 Jnseplt
3440 2487 3701 2543 videlicet

2093 2579 2147 2625 et
2180 2570 2348 2625 Mater
2374 2572 2516 2641 ejus.
2578 2570 3005 2643 Obstupuerunt
3042 2586 3250 2642 autem,
3304 2594 3412 2632 non
3468 2590 3699 2651 propter

2096 2662 2511 2731 intelligentiam
2565 2672 2775 2717 tantum
2831 2676 2887 2719 et
2960 2683 3228 2736 responsa
3282 2670 3447 2732 illius,
3512 2688 3699 2734 terum

2094 2755 2256 2807 etiam
2295 2766 2520 2823 propter
2556 2755 2859 2809 audaciam.
3686 2748 3689 2751 λ

2166 2845 2321 2900 Vers.
2352 2846 2439 2900 48.
2478 2844 2542 2899 Et
2578 2847 2646 2899 ad
2672 2848 2827 2899 illum
2858 2878 2919 2886 —
2947 2858 3010 2901 te.
3057 2848 3297 2913 Patrem,
3348 2850 3559 2920 Josepb
3593 2868 3698 2907 no-

2094 2936 2344 3001 minavit,
2384 2946 2573 3005 utpote
2620 2953 2884 3006 Sponsum
2921 2956 3102 3003 suum,
3128 2950 3181 2994 et
3214 2941 3357 2995 illius
3390 2944 3699 2998 nutritium.

2096 3025 2355 3081 Dolentes
2397 3036 2579 3080 autem
2618 3029 2938 3096 quaerebant
2986 3031 3162 3093 illuni,
3209 3043 3432 3101 pr0pter
3484 3036 3701 3105 longam

2095 3133 2306 3172 moram
2338 3128 2393 3173 et
2437 3120 2794 3175 desiderium.
2843 3122 2901 3174 Si
2938 3124 3062 3191 quis
3110 3140 3240 3193 ergo
3275 3140 3387 3195 pra:
3432 3128 3705 3183 desiderio

2095 3214 2286 3269 dolens
2316 3225 2525 3283 quaerat
2554 3230 2679 3267 eum
2716 3214 2958 3267 inveniet
2989 3216 3164 3270 illum.

2168 3305 2323 3361 Vers.
2358 3306 2449 3360 49.
2490 3303 2554 3359 Et
2583 3307 2715 3359 dixit
2746 3335 2815 3347 -—-
2845 3323 2926 3359 me
2958 3310 2981 3361 ?
3014 3308 3178 3373 Quasi
3221 3322 3500 3367 errantem
3550 3312 3708 3369 vide-

2097 3399 2228 3452 licet
2255 3416 2266 3452 :
2303 3398 2449 3453 Deus
2476 3398 2624 3451 enim
2659 3413 2769 3451 non
2799 3410 2966 3453 errat.

2173 3494 2329 3549 Vers.
2362 3493 2451 3549 49.
2484 3493 2815 3546 Nesciebatt's
2842 3524 2910 3535 -—
2932 3497 3062 3551 me?
3096 3496 3152 3550 Id
3186 3506 3290 3559 est,
3328 3499 3380 3551 in
3412 3498 3577 3552 domo
3602 3498 3708 3552 Pa-

2101 3589 2201 3643 tris
2256 3588 2385 3642 mei.
2446 3586 2672 3641 Dicebat
2729 3598 2915 3641 autem
2976 3589 3044 3643 de
3099 3592 3327 3660 templo,
3389 3594 3535 3662 quod
3593 3594 3707 3650 Deo

2102 3681 2357 3751 Patrique
2399 3696 2500 3734 suo
2530 3694 2559 3733 a
2595 3678 2890 3735 Salomone
2936 3682 3262 3736 mdiﬁeatum
3318 3695 3457 3739 erat.
3501 3686 3707 3740 Verum

2103 3774 2275 3830 Mater
2308 3775 2429 3843 ejus
2460 3774 2527 3828 de
2554 3774 2817 3843 adoptivo
2852 3785 3008 3844 patre
3061 3775 3245 3830 locuta
3298 3776 3478 3834 fuerat
3519 3796 3534 3845 ;
3587 3779 3708 3850 ipse

2102 3878 2285 3923 autem
2314 3882 2463 3931 eum,
2510 3868 2603 3937 qui
2640 3877 2838 3920 natura
2882 3867 2986 3922 sibi
3029 3866 3195 3923 Pater
3248 3881 3392 3937 erat,
3442 3873 3712 3927 manifes-

2107 3967 2271 4019 tabat.

2185 4059 2336 4116 Vers.
2378 4059 2467 4114 50.
2496 4056 2561 4111 Et
2594 4058 2697 4126 ipsi
2726 4086 2793 4099 --
2818 4057 2946 4112 illis.
2986 4056 3145 4123 Quod
3167 4067 3287 4113 erat
3318 4058 3387 4114 de
3418 4060 3652 4129 templo.

2178 4153 2337 4209 Vers.
2381 4152 2471 4208 5L
2514 4151 2582 4205 Et
2615 4151 2885 4206 descendit
2924 4181 2982 4193 -
3009 4152 3142 4205 illis.
3196 4152 3432 4217 Docens,
3484 4165 3543 4208 ut
3586 4155 3715 4208 sub-

2107 4250 2205 4306 diti
2224 4250 2545 4313 simus.non
2563 4246 2744 4302 solum
2769 4247 3120 4302 naturalibus
3143 4248 3493 4318 parentibus.
3518 4264 3712 4304 verum

2107 4343 2272 4399 etiam
2306 4340 2605 4411 adoptivis.

2181 4435 2339 4491 Vers.
2366 4437 2456 4491 5|.
2488 4434 2557 4489 Et
2579 4444 2751 4489 mater
2777 4465 2847 4474 —
2878 4450 2994 4489 suo.
3022 4433 3154 4501 Qua:
3178 4434 3246 4489 de
3277 4434 3481 4503 templo
3505 4433 3718 4488 dixerat

2109 4547 2174 4585 ac
2203 4530 2420 4592 similia,
2460 4538 2725 4599 tanquam
2772 4527 2941 4583 verba
2990 4543 3101 4583 non
3154 4526 3487 4596 simpliciter
3530 4529 3716 4601 pueri,

402 4603 499 4655 καὶ
534 4601 666 4654 Υἰοῦ
708 4600 802 4653 τοῦ
836 4600 997 4654 Θεοῦ.
1053 4600 1307 4671 Διετήρει
1349 4600 1405 4653 δὲ
1438 4600 1617 4652 ταῦτα
1669 4600 2005 4665 ὲξετάξουσα
2037 4603 2082 4662 l')
2112 4641 2152 4679 ει

1970 4620 2005 4654 α
2037 4603 2082 4662 θ
2112 4624 2208 4680 sed
2246 4623 2409 4678 etiam
2463 4623 2557 4677 lilii
2593 4620 2712 4676 Dei.
2748 4620 3127 4675 Conservabat
3162 4629 3346 4672 autem
3389 4621 3717 4672 examinans

402 4695 525 4750 καθ’
554 4696 779 4765 ἑαυτὴν,
810 4692 885 4757 ώς
920 4693 995 4766 μὴ
1034 4694 1225 4757 ἁπλῶς
1276 4695 1574 4764 εἰρημένα.

478 4790 586 4843 Kal
639 4786 1371 4856 Ἰησοῦς-ἀνθρώποις.
1438 4786 1528 4849 Ὠς
1576 4786 1795 4839 παιδίον
1856 4786 2007 4857 νόμῳ

402 4886 619 4952 φύσεως
651 4882 998 4953 ἀνθρωπίνης
1058 4882 1401 4949 προέκοπτεν
1432 4884 1510 4945 εἰς
1538 4881 1713 4935 ταῦτα
1749 4882 1889 4935 κατὰ
1918 4899 2008 4951 μι-

401 4979 553 5051 κρόν·
587 4978 661 5040 ib;
690 4978 799 5051 γὰρ
829 4977 962 5040 θεὸς
1010 4976 1330 5039 παντέλειος
1376 4973 1466 5049 ἦν.

473 5071 538 5147 [Γ
546 5073 807 5143 ρηγορίου
842 5070 955 5143 (Ἱὸ)
992 5069 1087 5123 τοῦ
1147 5070 1437 5139 Θεολόγου.
1494 5071 1813 5140 Προέκοπτε
1838 5110 1853 5132 ,
1896 5085 2005 5139 φη-

405 5169 512 5234 σὶν,
557 5168 671 5241 (74)
699 5167 892 5238 ὥσπερ
926 5167 1138 5239 ἡλικίᾳ,
1172 5164 1318 5219 οὕτω
1348 5165 1445 5219 καὶ
1480 5166 1643 5235 σοφίᾳ.
1666 5166 1761 5219 καὶ
1793 5164 2002 5237 χάριτι.

403 5265 477 5317 Οὑ
529 5259 609 5332 τῷ
648 5259 827 5314 ταῦτα
878 5259 1191 5331 λαμϐάνειν
1253 5258 1504 5331 αὕξησιψ
1539 5261 1593 5311 τί
1638 5260 1747 5329 γὰρ
1782 5259 1877 5313 τοῦ
1910 5260 2007 5312 ἀπ’

2108 4716 2251 4787 apud
2276 4731 2421 4774 sese.
2465 4723 2655 4782 utpote
2687 4729 2808 4782 qua:
2831 4728 2941 4767 non
2980 4711 3284 4782 vulgariter
3317 4710 3463 4763 dicta
3495 4720 3677 4764 erant.

2180 4806 2338 4861 Vers.
2392 4806 2480 4860 52.
2530 4803 2599 4858 Et
2642 4803 3181 4859 Iesus—homines.
3239 4803 3528 4872 Tanquam
3578 4820 3717 4871 puer

2108 4903 2227 4972 lege
2260 4903 2514 4955 humanae
2549 4910 2758 4953 natura:
2796 4898 3060 4968 paulatim
3097 4896 3165 4950 ad
3197 4896 3315 4950 haec
3367 4898 3719 4965 proﬁcieLat.

2112 4995 2246 5050 Nam
2281 5003 2339 5048 ut
2362 4994 2503 5048 Deus
2530 4994 2758 5047 omnino
2787 4990 3070 5061 perfectus
3103 4998 3247 5043 erat.

2186 5085 2227 5156 ἰ’
2257 5086 2487 5157 Gregor.
2513 5084 2784 5154 Theolog.
2823 5082 3173 5147 Proﬁciebat,
3201 5082 3403 5156 inquit.
3438 5091 3499 5135 ut
3536 5092 3721 5142 :Blztte,

2119 5183 2192 5238 ita
2214 5192 2268 5234 et
2300 5179 2567 5249 sapientia
2602 5190 2657 5232 et
2689 5179 2885 5247 gratia.
2924 5176 3042 5230 Non
3083 5176 3202 5230 haec
3224 5178 3480 5246 accipere
3507 5186 3726 5246 oportet

2122 5290 2219 5345 per
2250 5282 2632 5345 augmentum.
2672 5273 2816 5338 Quid
2856 5272 3004 5333 enim
3032 5273 3057 5325 ἲ
3102 5269 3244 5324 Num
3296 5270 3392 5340 qui
3447 5271 3516 5325 ab
3570 5272 3725 5325 initio

402 5360 578 5429 ἀρχῆς
602 5358 812 5412 τελείου
836 5356 1033 5424 γένοιτ’
1060 5354 1126 5409 ἂν
1153 5354 1485 5425 τελεώτερον
1512 5371 1527 5419 ;
1554 5355 1687 5409 ἀλλὰ
1736 5354 1816 5429 τῷ
1866 5351 2011 5407 κατὰ
2124 5386 2152 5438 p

1975 5351 2011 5406 ἀ
2124 5369 2399 5438 perlectus
2425 5376 2567 5443 erat,
2615 5368 2910 5437 perfectior
2958 5366 3073 5420 ﬁeri
3109 5366 3377 5435 poterat?
3422 5365 3529 5420 Sed
3577 5367 3725 5435 quod

408 5458 607 5528 μικρῦν
625 5454 800 5507 ταῦτα
824 5451 1331 5525 παραγυμνοῦσθαι
1356 5452 1455 5506 καὶ
1482 5449 2011 5523 παρεκφαίνεσθαι.]
2118 5461 2158 5515 ὴ

1680 5449 2011 5523 ξαίνεσθαιι]
2118 5461 2235 5516 haec
2262 5461 2526 5532 paulatim
2559 5460 2874 5515 denudaret
2898 5475 2962 5513 ac
2993 5459 3430 5515 demonstraret.

405 5572 561 5625 ΚΕΦ.
594 5571 671 5624 E'.
702 5567 844 5637 Περὶ
874 5566 983 5622 τοῦ
1017 5567 1348 5637 γενομένου
1388 5565 1664 5636 ῥήματος
1696 5564 1847 5633 πρὸς
1888 5564 2009 5619 Ἰω-

1086 5639 1305 5708 άνγην.

489 5736 592 5791 Ἑν
628 5735 749 5792 ἔτει
789 5765 859 5776 ——
896 5734 1225 5803 Καίσαρος.
1285 5732 1446 5787 Μετὰ
1486 5732 1579 5789 τὸν
1611 5732 2004 5805 προρρηθέντα

2110 5572 2265 5630 CAP.
2312 5572 2378 5629 ν.
2402 5603 2475 5613 -
2502 5572 2582 5627 De
2612 5574 2789 5639 verbo,
2817 5573 2957 5643 quod
2991 5574 3197 5644 factum
3220 5583 3295 5627 est
3340 5574 3411 5625 ad
3440 5572 3729 5627 Joannem.

2183 5730 2336 5787 CAP.
2361 5729 2448 5785 lli.
2474 5731 2636 5786 νεεδ.
2663 5732 2713 5785 l.
2734 5733 2884 5787 Auno
2900 5730 3220 5787 -Ca:saris.
3247 5732 3379 5790 Post
3401 5732 3730 5807 prtetﬁctum

1621 5851 1825 5916 Varia)
1864 5851 2174 5915 lectiones
2216 5854 2279 5910 et
2321 5855 2516 5912 ηοίω.

478 5958 590 6026 (Ἳό)
626 5959 667 6015 Δ
696 5958 751 6013 in
780 5956 1026 6031 margine
1061 5955 1101 6011 Β
1131 5956 1187 6011 in
1219 5965 1391 6014 textu.

2197 5953 2311 6026 (74)
2347 5953 2581 6026 Gregor.
2619 5954 2879 6009 Nazianz.
2904 5970 3029 6028 pag.
3066 5954 3136 6012 86
3167 5954 3263 6011 lin.
