4432 6450
456 352 561 416 925

1412 356 1800 417 COMMENT.
1844 358 1919 415 IN
1966 356 2241 419 LUCAM.
2279 383 2341 394 -
2386 360 2541 421 CAP.
2587 361 2685 423 VI.

3605 373 3715 435 926

526 466 815 532 Μακάριοι
850 496 917 508 -
944 469 1253 536 γελάσετε.
1279 470 1342 521 Ol
1376 470 1680 531 κλαίοντες,
1704 470 1803 537 οὐχ
1824 468 2031 529 ἁπλῶς,
2061 474 2110 528 Α
2210 469 2276 521 Vc

1968 486 2031 529 ›ς,
2061 474 2110 528 Α
2210 469 2360 522 Vcrs.
2397 471 2486 523 21.
2520 471 2671 524 Beati
2713 502 2780 510 —
2832 474 3091 532 ridebitis.
3138 476 3241 542 Qui
3285 475 3415 531 ﬂent
3466 496 3575 533 non
3630 494 3718 536 ut-

456 556 571 605 ἀλλ’
610 555 641 621 ἢ
679 558 769 607 hri.
816 558 926 618 τοῖς
971 558 1178 609 ἑαυτῶν
1231 558 1649 626 ἁμαρτήμασιν,
1708 557 1739 625 ἢ
1777 560 1870 609 ἐπὶ
1911 558 2032 616 ταῖς

458 646 660 714 ἑτέρων
680 648 1098 709 κακοπαθείαις.
1125 648 1214 699 καὶ
1238 649 1801 712 συνελόνταείπεῖν,οί
1831 648 2034 699 κλαίον-

455 748 549 799 τες
605 739 744 788 κατὰ
781 737 947 801 Θεὸν,
988 738 1036 790 οἳ
1092 739 1380 804 γελάσουσι
1435 739 1575 791 κατὰ
1625 742 1714 792 τὴν
1768 741 2034 807 μέλλοντα

455 829 649 891 αἰῶνα,
714 831 1031 895 τουτέστινξ.
1086 831 1558 898 εὐφρανθήσονται
1622 832 2030 900 πνευματικῶς.

458 917 737 988 Σύμϐολον
771 921 879 991 γάρ
907 922 1270 991 εὐφροσύνης,
1295 923 1321 973 ὁ
1354 922 1543 987 γέλως.

524 1013 816 1080 Μακάριοι
840 1043 908 1052 -
935 1011 1270 1078 ἀνθρώπου.
1297 1012 1461 1063 Ὅταν
1482 1012 1551 1063 τὰ
1580 1011 1847 1080 εἰρημένα
1877 1011 2035 1078 ποιήο

458 1121 625 1156 σωσιν
656 1105 807 1172 ύμῖν,
852 1104 927 1172 μὴ
953 1106 1040 1156 διά
1073 1120 1196 1156 τινα
1239 1104 1438 1155 κακίαν
1479 1103 1655 1173 ὑμῶν,
1702 1104 1815 1156 ἀλλ’
1845 1106 2033 1157 ἕνεκεν

452 1195 608 1266 ἐμοῦ,
642 1196 730 1249 διὰ
763 1198 824 1249 τὸ
854 1191 995 1249 εἶναι
1033 1196 1177 1264 ὑμᾶς
1208 1198 1396 1265 ἐμούς.

526 1362 840 1430 Χάρητε-
868 1360 1127 1429 οὐρανῷ.
1174 1360 1601 1432 ’Δγαλλιάσοητε
1625 1360 1740 1432 (26)
1781 1378 2031 1433 πνενμα-

446 1454 637 1515 τικιῖις.

521 1543 681 1597 Κατὰ
725 1573 791 1583 —
842 1542 1065 1597 αὐτῶν.
1117 1542 1275 1596 Κατά
1325 1543 1393 1595 τὰ
1446 1543 1702 1613 ῥηθέντα,
1765 1544 2030 1611 τουτέστι,

452 1635 738 1703 μισοῦντες
783 1637 877 1685 καὶ
929 1634 1307 1703 ἀφορέζοντες,
1358 1635 1501 1704 ἦτοι,
1536 1633 1863 1703 χωρίζοντες
1904 1639 2033 1687 ἐαυ-

444 1726 578 1790 τῶν,
612 1727 707 1777 καὶ
737 1726 808 1776 τὰ
836 1724 985 1793 ἑξῆς.
1044 1726 1107 1777 Oi
1174 1725 1413 1793 πατέρες
1468 1726 1524 1776 δὲ
1582 1726 1784 1792 αὐτῶν,
1830 1726 2031 1798 δηλαδὴ

446 1816 556 1868 τῶν
587 1816 895 1886 μελλόντων
924 1817 1053 1883 ὑμῖν
1082 1814 1253 1866 ταῦτα
1295 1815 1521 1885 ποιῆσαι
1567 1816 1855 1869 Ἰουδαίων.

522 1994 695 2061 Πλὴν
723 2024 794 2037 --
832 1995 1017 2064 ὑμῶν.
1061 1994 1391 2061 Μακαρίσας
1435 1995 1562 2057 τοὺς
1612 1996 1884 2062 πτωχοὺς,
1935 1995 2028 2048 καὶ

445 2090 571 2144 τοὺς
596 2088 920 2151 πεινῶντας,
950 2089 1043 2140 καὶ
1066 2088 1187 2150 τοὺς
1208 2087 1521 2149 κλαίοντας,
1559 2088 1653 2141 καὶ
1687 2090 1812 2152 τοὺς
1840 2105 2030 2157 μισου-

449 2184 667 2250 μένους,
701 2186 793 2235 κα)⁸
828 2181 1287 2252 ἀφοριζομένους,
1330 2181 1425 2232 καὶ
1470 2181 1899 2249 ὀνειδιζομένους
1932 2182 2027 2234 καὶ

444 2272 891 2343 λοιδορουμένους
940 2274 1006 2324 δι’
1071 2273 1258 2337 αὑτὸν,
1316 2272 1503 2325 λοιπὸν
1556 2272 1837 2338 ταλανξζει
1894 2273 2023 2335 τοὺς

447 2367 703 2427 ἐναντίως
754 2364 1000 2433 ἔχοντας,
1067 2366 1152 2417 ἵνα
1208 2364 1297 2417 διὰ
1359 2368 1459 2434 μὲν
1518 2365 1612 2417 τοῦ
1670 2366 2024 2435 μακαρισμοῦ

446 2457 727 2527 προτρέψῃ
764 2459 897 2527 πρὸς
928 2458 1133 2518 ἐκεῖνα,
1167 2457 1253 2509 διὰ
1300 2457 1354 2508 δὲ
1390 2457 1483 2511 τοῦ
1518 2458 1848 2527 ταλανισμοῦ
1889 2462 2025 2512 ἀπο-

443 2550 617 2619 τρέψῃ
648 2552 711 2601 ὲκ
743 2550 856 2620 (27)
914 2549 1159 2603 τούτων.·
1231 2550 1523 2613 πλουσίους
1562 2550 1618 2602 δὲ
1669 2550 1781 2619 (28)
1812 2551 1907 2604 νῦν
1937 2553 2024 2604 λέ-

445 2654 571 2707 γει,
615 2642 740 2705 τοὺς
782 2643 1155 2711 ἀμεταδότους
1186 2678 1201 2703 ,
1254 2641 1382 2702 τοὺς
1454 2644 1894 2711 προστετηκότας
1948 2644 2025 2715 τῷ

444 2733 684 2801 πλούτῳ,
741 2734 869 2797 τοὺς
934 2735 1121 2797 κακῶς
1186 2732 1572 2795 πλουτοῦντας.
1620 2733 1898 2803 Ἀπέχετε
1945 2735 2023 2801 δὲ,

446 2828 568 2881 ἀντὶ
601 2826 718 2892 τοῦ,
764 2826 1129 2880 ’Δπεντεῦθεν
1159 2825 1334 2895 ἔχετε.

516 2914 663 2972 Οὐαὶ
716 2947 787 2958 -
850 2917 1193 2973 πεινάσετε.
1252 2918 1314 2971 Ol
1379 2918 1810 2987 κεκορεσμένοι.
1880 2920 2025 2974 κατά

444 3013 535 3065 τὸν
572 3013 819 3082 παρόντα
857 3011 994 3079 βίον,
1040 3012 1121 3063 ὅτι
1178 3011 1492 3076 πεινάσετε,
1552 3015 1693 3067 κατά
1748 3014 1839 3067 τὸν
1892 3014 2022 3084 μέλ-

443 3106 625 3169 λοντα,
672 3104 945 3175 μηδεμιᾶς
993 3104 1116 3157 ἐκεῖ
1144 3105 1489 3174 παρηγορίας
1521 3105 1912 3169 ἀπολαύοντες.

520 3195 662 3250 Οὐαὶ
699 3225 769 3235 ——
798 3195 1123 3248 κλαύσετε.
1158 3192 1224 3247 Ol
1252 3195 1524 3262 γελῶντες
1549 3196 1645 3247 νῦν
1674 3198 2017 3262 ἀκολάστως,

444 3286 527 3344 ὅτι
558 3290 824 3344 κλαύσετε
855 3289 1003 3349 τότε.
1057 3288 1433 3355 κολαζόμενοι.
1515 3291 1795 3353 Ἐπίτασις
1828 3292 1885 3343 δὲ
1926 3292 2021 3345 τοῦ

445 3381 676 3444 πένθους
702 3381 731 3432 ὁ
762 3379 1062 3449 κλαυθμός.
1091 3381 1161 3433 Ἣ
1204 3381 1398 3444 πένθος
1426 3382 1545 3449 μὲν,
1565 3382 1593 3433 δ
1621 3380 1742 3434 καθ’
1767 3383 2014 3451 ἡσυχίαν

444 3476 641 3547 θρῆνος
666 3492 679 3506 ·
715 3473 996 3541 κλαυθμὸς
1018 3473 1098 3539 δὲ,
1145 3475 1173 3526 ὁ
1196 3473 1547 3539 ἐξάκουστος.

516 3566 663 3620 οὐαὶ
691 3562 1109 3632 -ἁνθρωποι.
1162 3566 1383 3630 Κακοὺς
1431 3566 1631 3631 δντας⁸
1692 3570 1831 3623 Οὐαὶ
1873 3570 2024 3639 ὑμῖν,

445 3660 635 3728 φησιν,
710 3660 840 3712 ὅταν
880 3657 1283 3728 εὐφημήσωσιν
1326 3660 1510 3727 ὑμᾶς,
1561 3660 1636 3723 ὡς
1690 3663 2027 3733 ἀρέσκοντας

444 3754 627 3816 αὐτοῖς
682 3751 777 3805 καὶ
841 3750 901 3805 ού
950 3751 1029 3821 τῷ
1100 3751 1240 3821 Θεῷ.
1306 3752 1519 3823 Ὠσπερ
1578 3756 1686 3824 γὰρ
1751 3758 2027 3827 μακάριος

441 3848 470 3898 ὸ
499 3846 699 3907 ἀδίκως
746 3841 1136 3912 ὑθριζόμενος·
1172 3844 1315 3898 οὕτω
1360 3847 1523 3900 πάλιν
1558 3847 1741 3912 ἅθλιος
1774 3852 1800 3902 ὁ
1825 3851 2029 3914 ἀδίκως

439 3936 506 3994 εὖ
518 3938 691 4005 φημού
702 3952 885 4005 μενος.

516 4032 676 4085 Κατὰ
705 4024 1017 4085 -αὺτῶν.
1054 4028 1216 4082 Κατὰ
1265 4029 1465 4095 ταῦτα,
1493 4030 1696 4095 εἴτουν,
1738 4033 2029 4101 ὡσαύτως,

446 4123 835 4196 εὐφημοῦντας
901 4122 1138 4187 αὐτοὺς,
1182 4121 1257 4186 ὡς
1311 4124 1448 4195 πρὸς
1512 4126 1807 4195 ἀρέσκειαν
1850 4129 2032 4183 αὐτῶν

447 4217 909 4290 προφητεύοντες.

528 4312 690 4367 Ἀλλ’
717 4342 787 4351 -
816 4311 1170 4368 ἀκούουσιν.
1204 4314 1327 4374 Τοῖς
1352 4311 1698 4383 πειθομένοις
1733 4332 1847 4386 μοι.

2059 1794 2106 1852 Β

2139 574 2376 627 cunque.
2418 560 2523 613 Sed
2559 563 2641 614 vel
2677 578 2773 631 pro
2806 566 2919 618 suis
2955 568 3191 633 peccatis
3241 569 3324 620 vel
3357 584 3455 637 pro
3486 571 3716 626 aliorum

2138 647 2527 703 aluit-tionibus
2577 665 2593 704 :
2642 661 2719 713 et.
2776 663 2835 706 ut
2866 670 2976 707 uno
3025 655 3303 708 absolvam
3375 658 3563 719 verbo,
3626 662 3717 727 qui

2140 741 2448 793 secundum
2480 740 2645 793 Deum
2674 742 2825 797 ﬂent.
2856 743 2915 796 Hi
2950 756 3131 798 autem
3161 749 3214 797 in
3252 746 3435 800 luluro
3460 750 3719 803 ridebunt

2137 831 2356 894 saeculo.
2394 833 2498 887 hoc
2548 843 2651 896 est,
2698 836 3053 902 spiritualiter
3125 838 3474 907 gaudebunt;
3534 842 3716 909 gaudii

2136 926 2280 975 enim
2318 926 2530 993 signum
2565 935 2646 978 cst
2678 926 2841 980 risus.

2208 1013 2361 1068 νας.
2393 1016 2482 1068 22.
2528 1016 2680 1070 Beati
2711 1043 2779 1056 —-
2802 1019 3048 1071 hominis.
3086 1018 3224 1072 Cum
3277 1019 3536 1087 pradicta
3570 1023 3720 1076 vobis

2142 1104 2393 1169 lcccrint,
2438 1120 2545 1157 non
2614 1116 2837 1174 propter
2897 1107 3117 1174 aliquod
3185 1108 3409 1168 malum,
3457 1110 3600 1175 quod
3666 1110 3719 1162 in

2138 1196 2291 1249 vobis
2341 1197 2430 1259 sit,
2484 1197 2577 1249 sed
2632 1208 2854 1266 propter
2894 1213 3019 1259 me,
3068 1208 3124 1252 et
3162 1199 3289 1264 quia
3335 1213 3430 1252 vos
3484 1201 3588 1252 tnei
3630 1214 3719 1252 cs—

2136 1286 2227 1339 tis.

2205 1378 2359 1431 Vers.
2411 1377 2501 1430 25.
2547 1377 2783 1433 Gaudete
2831 1407 2895 1420 -
2940 1378 3103 1432 caelo.
3155 1377 3400 1433 Gaudete
3456 1380 3720 1449 spiritua-

2137 1469 2284 1523 litcr.

2207 1560 2364 1615 Vers.
2430 1560 2522 1615 25.
2576 1559 2878 1615 Secundum
2915 1590 2982 1599 —
3019 1577 3219 1614 eorum.
3272 1561 3589 1616 Secundum
3647 1579 3711 1617 ea

2134 1666 2254 1719 qua:
2286 1651 2429 1703 dicta
2464 1660 2614 1714 sunt,
2657 1661 2785 1718 puta
2816 1651 2943 1702 odio
2980 1652 3265 1713 habentes,
3297 1664 3347 1704 et
3384 1663 3714 1719 separantcs

2136 1742 2251 1795 sive
2307 1752 2655 1813 segregantes
2691 1757 2813 1796 sese
2852 1742 2919 1795 ab
2954 1742 3083 1801 illis.
3119 1752 3173 1796 et
3201 1753 3415 1804 caetera,
3472 1758 3591 1811 quae
3642 1760 3722 1796 se-

2136 1842 2399 1901 quuntur.
2454 1831 2645 1885 Patres
2689 1842 2871 1884 autem
2928 1847 3141 1895 eorum,
3189 1840 3315 1901 puta
3376 1831 3715 1898 Iudaeorum,

2137 1920 2229 1989 qui
2268 1922 2421 1974 vobis
2455 1922 2571 1975 haec
2604 1921 2795 1974 facturi
2824 1931 2971 1975 sunt.

2211 2015 2361 2068 Vers.
2382 2014 2472 2067 24.
2506 2014 2871 2067 Verumtamen
2891 2041 2955 2051 —
2974 2022 3225 2068 vestram.
3266 2012 3560 2083 Postquam
3590 2015 3720 2068 bea-

2136 2104 2361 2157 tiﬁcavit
2390 2118 2658 2174 pauperes
2703 2113 2759 2156 et
2787 2102 3093 2155 esurientes
3141 2119 3203 2157 ac
3253 2102 3465 2164 ﬂenles,
3496 2113 3549 2156 et
3594 2104 3719 2157 odio

2136 2195 2348 2249 habitos
2381 2209 2446 2248 ac
2497 2202 2833 2261 segregatos,
2881 2191 3299 2259 opprobriisque
3341 2205 3403 2245 ac
3456 2193 3721 2245 conviciis

2135 2296 2356 2357 propter
2413 2302 2473 2342 se
2534 2286 2802 2349 allectos,
2868 2285 3116 2354 deplorat
3171 2284 3432 2351 deinceps
3478 2300 3571 2339 eos
3626 2284 3717 2354 qui

2133 2382 2412 2434 contrario
2445 2379 2607 2433 modo
2640 2394 2696 2432 se
2739 2378 2963 2440 habent,
3006 2387 3063 2430 ut
3096 2392 3193 2445 per
3254 2376 3719 2431 beatiﬁcatinnem

2133 2472 2198 2525 ad
2231 2472 2319 2525 illa
2362 2471 2701 2530 adhortetur,
2737 2484 2831 2537 per
2859 2468 3291 2535 dt-plorationcm
3356 2483 3481 2519 vero
3535 2467 3601 2521 ab
3632 2469 3715 2522 liis

2132 2574 2359 2618 avertat.
2398 2562 2599 2615 Divites
2646 2570 2828 2613 autem
2876 2562 3006 2613 dicit
3038 2575 3183 2613 nunc
3231 2576 3445 2622 avaros,
3507 2560 3716 2613 divitiis

2134 2658 2554 2719 intabescentes,
2608 2653 2857 2720 maleque
2907 2651 3266 2705 tabescentes.
3333 2651 3591 2719 Ἀπέχετε
3624 2662 3735 2704 aue

2135 2763 2267 2813 tem,
2308 2746 2689 2821 Habetis,_sive
2715 2745 2949 2813 Aufer-tie
2983 2753 3144 2798 sonat
3172 2758 3187 2795 :
3223 2743 3310 2797 vel
3352 2743 3420 2797 ab
3450 2744 3551 2797 boc
3581 2753 3721 2798 tein-

2132 2855 2284 2912 pore,
2318 2838 2431 2892 sive
2460 2837 2528 2890 ab
2568 2824 2706 2904 ipsis
2747 2835 2957 2887 divitiis
2982 2834 3259 2902 accipitis.

2203 2935 2362 2987 Yers.
2401 2931 2492 2985 25.
2534 2927 2623 2983 Vae
2649 2957 2717 2969 —
2752 2928 3014 2981 esurietis.
3055 2927 3159 2991 Qui
3202 2930 3431 2981 saturati
3472 2911 3607 2982 estis
3668 2930 3718 2981 in

2132 3025 2385 3098 prmsenti
2444 3022 2575 3084 vita,
2612 3020 2738 3089 quia
2778 3020 3039 3073 esurietis
3104 3018 3160 3072 in
3223 3017 3429 3085 futura,
3483 3034 3554 3073 ne
3615 3037 3721 3073 una

2048 3145 2096 3209 ρ
2130 3121 2349 3192 quidem
2382 3114 2766 3172 consolatione.
2790 3111 3057 3165 fruentes.

2201 3214 2358 3267 Vers.
2390 3210 2481 3264 25.
2526 3206 2616 3260 νω
2650 3233 2719 3247 -—
2743 3204 2955 3271 ﬂebitis.
3005 3202 3106 3269 Qui
3130 3203 3317 3257 ridetis
3349 3219 3498 3259 nunc
3526 3204 3722 3257 inmm-

2125 3309 2331 3368 derate,
2359 3302 2484 3372 quia
2516 3298 2734 3353 ﬂebitis.
2756 3296 2997 3349 Intentio
3023 3305 3206 3349 autem
3234 3296 3405 3365 ipsius
3431 3298 3610 3350 luctus
3639 3307 3723 3350 est

2124 3396 2302 3458 ﬂetus,
2331 3402 2426 3445 aut
2455 3391 2634 3443 luctus
2682 3395 2763 3441 est
2797 3386 2959 3439 tacita
3014 3386 3353 3450 lamentatio,
3389 3385 3549 3441 ﬂetus
3594 3403 3723 3441 vero

2126 3507 2189 3545 ea
2226 3504 2347 3557 quae
2377 3484 2617 3540 auditur.

2197 3583 2351 3637 Vers.
2397 3580 2488 3637 26.
2523 3579 2978 3635 Vae—homines.
3036 3572 3172 3627 Cum
3229 3571 3355 3625 mali
3404 3571 3566 3625 sitis:
3632 3569 3723 3625 Va:

2127 3676 2303 3738 vobis.
2340 3674 2539 3744 inquit,
2576 3689 2699 3729 cum
2750 3667 3095 3726 laudaverint
3140 3679 3256 3726 vos,
3309 3674 3568 3733 tanquam
3616 3663 3723 3718 illis

2129 3771 2410 3840 placentes
2438 3776 2493 3823 et
2518 3782 2628 3822 non
2679 3764 2811 3820 Deo.
2873 3760 3030 3815 Sicut
3075 3758 3223 3813 enim
3263 3758 3456 3810 beatus
3495 3764 3597 3819 est,
3630 3754 3723 3825 qui

2133 3864 2335 3929 iniuste
2370 3860 2716 3917 contumeliis
2760 3856 3011 3918 alIicitur,
3046 3850 3118 3904 ita
3152 3865 3368 3905 rursum
3402 3852 3587 3903 'miscr
3618 3856 3724 3912 est,

2133 3957 2225 4028 qui
2270 3957 2470 4027 injuste
2503 3954 2778 4009 laudatur.

2209 4050 2364 4105 Vcrs.
2397 4047 2488 4103 26.
2521 4047 2822 4101 Secundum
2859 4072 2931 4087 -ο
2961 4060 3167 4098 eorum.
3222 4036 3536 4095 Secundum
3585 4033 3725 4097 hcce,

2134 4140 2391 4196 videlicet
2421 4139 2614 4195 eodem
2654 4138 2817 4192 modo
2850 4136 3158 4197 laudantes,
3209 4143 3470 4200 tanquam
3520 4126 3586 4180 ad
3622 4126 3723 4180 bc-

2134 4234 2467 4304 neplacitum
2498 4246 2655 4286 suum
2689 4230 3106 4300 prophetantes.

2208 4325 2362 4379 Vers.
2401 4323 2491 4376 27.
2525 4319 2627 4376 Sed
2655 4319 2958 4372 -—auditis.
2995 4316 3100 4382 Qui
3148 4315 3281 4370 mibi
3333 4313 3621 4369 assentitis
3671 4323 3726 4368 et

2138 4415 2460 4469 obedientcs
2493 4413 2648 4467 cstis.

529 4508 826 4577 Ἀγαπᾶτε
863 4538 929 4552 -
969 4510 1155 4580 ὑμῶν.
1189 4505 1327 4566 Eine
1356 4512 1519 4563 τοῦτο
1567 4511 1664 4564 καὶ
1696 4513 1753 4563 ὲν
1784 4510 1862 4582 τῷ
1889 4515 2031 4584 πέμ·
2064 4495 2107 4550 ῧ
2220 4505 2279 4559 Vt

1979 4532 2031 4566 ι-
2064 4495 2107 4550 ῧ
2220 4505 2375 4560 Vers.
2429 4506 2520 4559 27.
2577 4502 2795 4573 Diligite
2821 4530 2891 4541 —
2917 4511 3135 4553 vestros.
3191 4498 3338 4553 Dixit
3366 4498 3470 4553 hoc
3512 4512 3729 4567 quoque

448 4619 568 4673 πτῳ
599 4602 883 4671 κεφαλαίῳ
907 4601 1003 4654 τοῦ
1031 4604 1173 4656 κατὰ
1196 4602 1505 4667 Ματθαῖον,
1549 4603 1681 4657 ἔνθα
1735 4607 1913 4658 κεῖται
1942 4608 2031 4658 τό³

459 4694 784 4750 Ἠκούσατε
819 4693 910 4747 ὅτι
935 4694 1147 4763 ἐρῤέθη
1180 4709 1195 4723 ’
1244 4694 1607 4764 Ἀγαπήσεις
1638 4695 1746 4749 τὸν
1769 4700 2039 4766 πλησίον

447 4806 585 4851 σου,
610 4788 706 4840 καὶ
726 4786 1012 4856 μισήσεις
1041 4787 1148 4841 τὸν
1180 4788 1396 4856 ἐχθρόν
1416 4804 1554 4842 σου.
1876 4842 1879 4845 ,

520 4876 731 4944 Καλῶς
776 4878 998 4933 ποιεῖτε
1052 4909 1121 4922 -
1181 4879 1359 4949 ὑμᾶς.
1419 4881 1528 4933 Καὶ
1573 4882 1694 4935 ἐκεῖ
1746 4882 1919 4939 ταῦτα
1954 4886 2028 4937 ετ-

452 4993 610 5049 ρηκε.

527 5065 613 5132 Τῷ
640 5067 926 5121 τύπτοντι
948 5093 1016 5104 -
1048 5063 1356 5130 κωλύσῃς.
1404 5064 1494 5117 Ἐν
1521 5064 1717 5134 ἐκείνῳ
1742 5064 1822 5136 τῷ
1861 5084 2036 5136 κεφα-

455 5162 593 5233 λαίῳ
644 5162 886 5231 ζήτησον
930 5159 1025 5211 καὶ
1082 5157 1183 5228 τὴν
1215 5156 1423 5211 τούτων
1454 5157 1738 5228 ἐξήγησιν,
1790 5162 1893 5229 πρδ
1924 5160 2034 5215 τῶν

449 5256 778 5325 εἰρημένων,
808 5253 936 5306 ἔνθα
970 5254 1147 5305 κεῖται
1176 5250 1258 5304 τό·
1278 5250 1612 5305 Ἠκούσατε
1640 5251 1731 5305 ὅτι
1763 5254 1973 5322 ἐρῤέθη
2018 5270 2033 5284 ·

462 5342 808 5413 Ὀφθαλμὸν
884 5342 1019 5396 ἀντὶ
1072 5339 1407 5411 ὀφθαλμοῦ,
1439 5339 1564 5394 .και
1619 5340 1840 5397 ὀδόντα
1899 5345 2036 5399 ἀντὶ

448 5437 679 5497 ὀδοντος.

522 5578 566 5610 ⁸⁸
595 5575 785 5633 Matth.
819 5593 873 5643 v,
898 5576 986 5631 43.
1100 5577 1142 5609 ³¹
1184 5576 1318 5633 ibid.
1350 5578 1444 5636 ‘58.

2139 4602 2323 4671 capite
2352 4600 2542 4669 quinto
2582 4595 2863 4667 Evangelii
2912 4593 3215 4647 secundum
3272 4592 3609 4655 Matthaaum,
3638 4592 3730 4643 ubi

2140 4692 2373 4746 habetur
2406 4704 2421 4743 :
2468 4672 2729 4752 Audistis,
2754 4687 2892 4757 quod
2939 4686 3135 4737 dictum
3163 4686 3257 4745 sit.
3314 4682 3513 4752 Diliges
3550 4684 3734 4751 proxi-

2141 4807 2286 4845 mum
2326 4798 2497 4853 tuum,
2550 4796 2599 4841 et
2640 4790 2760 4841 odio
2790 4780 3008 4839 habebis
3044 4784 3320 4836 inimicum
3372 4791 3523 4833 tuum
3550 4779 3621 4833 '°.

2210 4882 2366 4937 νει-ε.
2399 4881 2490 4935 27.
2517 4880 2816 4951 Benefacite
2839 4907 2913 4922 —
2936 4878 3096 4936 Vers.
3121 4874 3214 4929 28.
3260 4889 3373 4939 vos,
3407 4870 3535 4927 Haec
3564 4872 3738 4925 etiam

2141 4976 2214 5029 ibi
2247 4974 2408 5029 dixit.

2213 5068 2463 5124 Vers.29.
2513 5068 2841 5124 Percutienti
2870 5096 2935 5107 —
2961 5062 3316 5135 prohibueris.
3348 5058 3407 5113 In
3433 5057 3526 5112 illo
3556 5055 3742 5124 capita

2139 5159 2306 5214 etiam
2337 5160 2532 5215 horum
2577 5174 2763 5231 quaere
2797 5156 3232 5218 enarrationem,
3270 5151 3361 5205 ubi
3411 5157 3539 5203 ante
3589 5162 3743 5217 prac-

2137 5254 2282 5310 dicta
2322 5255 2557 5310 habetur
2592 5271 2607 5309 :
2654 5255 2914 5318 Audistis,
2944 5257 3083 5321 quod
3110 5250 3313 5304 dictum
3345 5244 3415 5300 sit
3455 5258 3475 5299 :
3507 5239 3742 5298 Oculum

2136 5364 2230 5416 pro
2262 5349 2437 5413 oculo,
2470 5350 2677 5404 dentem
2702 5365 2797 5418 pro
2828 5348 2980 5403 dente
3009 5345 3079 5399 ".

1660 5644 1858 5707 Varia:
1892 5645 2191 5709 lectiones
2224 5652 2286 5708 et
2327 5654 2519 5708 notae.

524 5774 638 5847 (26)
687 5775 1137 5847 Ἀγαλλιάσθητε.
1173 5773 1209 5828 Α
1224 5817 1237 5829 .

527 5845 640 5917 ι27)
674 5845 837 5909 Forte
863 5849 989 5904 ἀπό.
1033 5845 1263 5907 Prorsus
1295 5847 1486 5905 abesse
1527 5853 1738 5918 poterat
1768 5845 1854 5901 ἐκ.

2227 5774 2337 5845 ('28)
2368 5776 2435 5827 As
2471 5772 2619 5853 λέγει
2649 5770 2764 5825 νῦν.
2793 5769 2853 5826 Β,
