4432 6450
441 416 543 484 93'!

1372 413 1765 474 COMMENT.
1810 411 1891 471 ΙΝ
1935 408 2213 469 LUCAM.
2256 432 2325 446 ·-·-
2363 408 2522 467 CAP.
2566 407 2726 469 VIII.

3602 409 3706 468 938

512 521 730 574 Flvotro
761 521 818 575 Gs
848 522 943 575 καὶ
974 521 1072 593 τὴν
1107 521 1247 591 ιμήν
1276 521 1505 591 πόρνην,
1561 520 1701 590 ἢτοι,
1730 521 1831 589 τὴν
1873 518 2029 588 φιλή-
2058 535 2105 585 Α
2208 516 2262 573 υι

1959 520 2029 588 ,η-
2058 535 2105 585 Α
2208 516 2426 573 Utinam
2464 526 2647 571 autem
2675 516 3036 586 contingeret,
3068 525 3126 569 ut
3158 526 3215 570 et
3244 517 3429 570 anima
3457 534 3576 573 mea
3597 519 3709 573 l'or-

440 609 595 662 δονόν
632 627 737 678 μου
765 611 947 681 ψυχὴν
982 612 1338 681 μετανοῆσαι,
1374 613 1468 663 καὶ
1497 610 1768 674 δάκρυσιν
1786 608 2023 663 ἀπολού-

441 700 755 769 σασθαιτὴν
779 701 1044 753 δυσωδίαν
1080 702 1173 754 τοῦ
1200 701 1462 771 βορϐόρου
1494 702 1591 769 τῆς
1622 700 2028 769 ἀμαρτίας,καὶ

442 793 815 859 προσαγαγεῖν
848 791 928 861 τῷ
956 791 1077 863 Θεῷ
1110 792 1338 845 εὐωδίαν
1364 792 1538 862 μύρου
1565 790 1791 861 ἀρετῆς.

513 964 623 1017 Καὶ
681 964 923 1034 ἐγένετο
967 996 1037 1006 -
1089 966 1197 1019 τοῦ
1254 967 1423 1021 Θεοῦ.
1477 965 1877 1033 Καταγγέλλων
1930 966 2030 1036 τὴν

444 1058 743 1109 ἀπόλαυσιν
783 1060 882 1127 τὴν
929 1058 1100 1119 θείαν,
1141 1058 1239 1129 τὴν
1280 1060 1587 1112 ἀνάπαυσιν
1615 1057 1712 1128 τὴν
1736 1058 1924 1124 ἀΐδιον,
1948 1058 2029 1111 ὅτι

440 1146 738 1216 δειῗῶρηται
771 1151 881 1207 τοῖς
908 1149 1257 1221 πιστεύουσιν
1281 1153 1359 1209 είς
1382 1150 1565 1203 αὐτόν.

509 1241 621 1292 Καὶ
657 1268 725 1280 -—
752 1240 930 1305 αὐτῷ.
954 1224 1199 1311 Συνῆσαν
1222 1243 1393 1312 αύτῷ.

512 1335 619 1385 Καὶ
672 1333 956 1401 γυναῖκες
1000 1365 1068 1375 -
1108 1335 1339 1398 αὑταῖς.
1390 1334 1855 1405 Εὑεργετηθεῐσαι
1898 1336 2029 1406 γὰρ,

439 1424 539 1475 οὐκ
583 1424 903 1493 ἀπέστησαν
932 1426 1028 1478 ἀπ’
1057 1427 1245 1479 αὐτοῦ’
1287 1427 1561 1495 δαιμόνια
1597 1428 1653 1479 δὲ
1683 1428 1847 1492 ἑπτὰ,
1886 1429 2031 1490 τινὲς

439 1519 817 1588 ήρμὴνευσαν,
873 1521 999 1571 ἀντὶ
1030 1520 1148 1584 τοῦ,
1176 1520 1366 1573 πολλά.
1395 1521 1635 1591 Σύνηθες
1655 1522 1764 1592 γὰρ
1809 1520 2033 1589 Ἐὕραί-

437 1624 539 1672 atq,
572 1610 713 1662 ἑπτὰ
753 1611 956 1678 λέγειν,
1008 1613 1077 1663 τὰ
1122 1612 1312 1666 πολλὰ.
1361 1612 1687 1682 Ἐπίτροπον
1742 1612 1800 1665 δὲ
1859 1612 2035 1682 Ἠρώ-

438 1700 527 1753 δου
556 1701 667 1770 (ιε)
696 1702 811 1755 νόει
841 1703 931 1755 τὸν
966 1704 1308 1774 ἐπιμελητὴν
1335 1706 1429 1757 καὶ
1451 1705 1735 1774 οἰκονόμον
1761 1704 1871 1758 τῶν
1898 1721 2036 1774 πρα-

437 1793 667 1861 γμάτων
719 1794 909 1850 αὐτοῦ.

500 1994 651 2048 ΚΕΦ.
693 1994 823 2050 KB’.
853 1994 990 2063 Περὶ
1032 1994 1141 2062 τῆς
1176 1994 1529 2063 παραϐολῆς
1552 1994 1657 2047 τοῦ
1693 1996 1949 2062 σπόρου.

511 2088 815 2152 Συνόντος
837 2085 987 2139 δέ-
1011 2087 1638 2140 ἑκατονταπλασίονα.
1669 2086 1803 2156 Περὶ
1829 2087 2032 2156 ταύτης

438 2178 540 2246 τῆς
585 2179 907 2249 παραϐολῆς
940 2179 1035 2232 τοῦ
1082 2181 1285 2250 σπόρου
1328 2179 1669 2248 πλατύτερον
1700 2181 1727 2230 ό
1754 2177 2034 2241 Ματθαῖος

443 2275 731 2343 ἱστόρησεν
763 2276 821 2326 ἑν
852 2274 928 2345 τῷ
954 2272 1190 2343 είκοστῷ
1227 2273 1474 2343 τετάρτῳ
1511 2272 1793 2341 κεφαλαίῳ
1844 2270 2031 2325 αὑτοῦ.

440 2367 550 2418 Καὶ
584 2367 820 2437 ζήτησον
854 2368 913 2418 ὲν
939 2366 1134 2437 ἐκείνῳ
1177 2367 1305 2437 περὶ
1326 2365 1535 2419 τούτων
1574 2365 1816 2418 πάντων.

520 2458 709 2511 Ταῦτα
749 2490 813 2499 -
838 2460 1129 2514 ἀκουέτω.
1174 2460 1261 2512 Ἐν
1297 2460 1491 2529 ἐκείνῳ
1539 2461 1633 2510 καὶ
1668 2461 1797 2526 περὶ
1839 2455 2032 2509 τούτου

443 2551 685 2621 εἴρηται.

528 2642 885 2709 Ἐπηρώτων
914 2668 984 2683 -
1009 2638 1184 2696 Θεοῦ.
1229 2643 1462 2713 Ὀμοίως
1500 2642 1592 2694 καὶ
1642 2642 1771 2711 περὶ
1808 2639 2033 2693 τούτων.

518 2824 645 2888 Τοῖς
693 2826 762 2878 δὲ
791 2824 1031 2891 λοιποῖς
1061 2853 1125 2863 -
1155 2825 1550 2893 παραϐολαῖς.
1603 2826 1658 2877 '0
1707 2824 1765 2877 δὲ
1807 2824 2036 2895 Μάρκος

445 2917 651 2987 ἔγραψε
684 2918 1041 2985 σαφέστερον,
1072 2916 1266 2983 λέγων·
1286 2916 1575 2982 Ἐκείνοις
1600 2914 1668 2967 δὲ
1692 2915 1816 2982 τοῖς
1839 2916 1952 2980 ἔξω
1969 2916 2038 2967 ἐν

444 3008 815 3076 ,παραϐολαῖς
829 3010 898 3062 τὰ
923 3008 1119 3061 πάντα
1136 3010 1383 3077 γίνεται.
1410 3009 1520 3061 Καὶ
1539 3008 1774 3076 ζήτησον
1791 3009 1888 3079 τὴν
1909 3008 2034 3060 τού-

444 3117 554 3152 των
588 3100 847 3169 ὲξὴγησιν
875 3102 931 3151 ἐν
962 3100 1037 3169 τῷ
1060 3101 1234 3169 ὶνάτῳ
1271 3099 1555 3168 κεφαλαίῳ
1582 3096 1769 3149 αὑτοῦ.

2129 607 2356 671 uicaria,
2384 608 2501 662 sive
2530 609 2874 677 voluptatum
2910 608 3164 673 amatrix,
3203 609 3525 677 poenitentia
3576 626 3715 679 pun-

2129 709 2368 768 geretur,
2407 710 2462 753 et
2484 700 2737 770 lacrymis
2764 700 3011 753 ablueret
3042 699 3292 754 fauorem
3357 700 3532 769 ipsius
3585 717 3715 770 pec-

2128 791 2258 853 cati,
2287 806 2351 844 ac
2385 806 2605 845 suavem
2637 792 2705 845 ad
2739 788 2908 844 Deum
2939 788 3178 844 deferret
3200 790 3421 845 odorem
3451 792 3714 863 unguenti

2131 880 2307 949 ipsius
2335 882 2577 935 virtutis.

2204 971 2355 1027 CAP.
2386 972 2527 1027 Vlll.
2556 972 2712 1026 Vers.
2741 982 2785 1028 t.
2808 972 3317 1043 (actumque—Dei.
3353 973 3714 1042 Denuntians,

2129 1065 2275 1134 quod
2311 1064 2498 1117 fruitio
2529 1064 2735 1127 divina,
2782 1067 3113 1133 rc1uiesque
3168 1064 3503 1133 sempiterna
3543 1066 3716 1120 dona-

2132 1166 2323 1211 rentur
2354 1158 2405 1210 in
2438 1156 2612 1225 ipsum
2648 1156 3016 1209 credentibus.

2201 1251 2355 1304 Vers.
2384 1248 2436 1303 1.
2472 1248 2539 1302 Et
2567 1278 2631 1291 -
2657 1265 2738 1301 ευ.
2770 1248 2949 1302 Simul.
2973 1256 3134 1301 erant
3168 1264 3295 1302 cum
3342 1264 3431 1302 eo.

2205 1340 2361 1397 Vers.
2407 1340 2463 1391 2.
2512 1339 2588 1390 Ac
2644 1338 2887 1391 mulieres
2935 1367 3005 1377 —
3052 1338 3208 1393 Vers.
3267 1340 3320 1393 5.
3379 1342 3508 1394 suis.
3583 1341 3718 1395 Cum

2133 1429 2281 1483 enim
2330 1428 2609 1482 beneﬁciis
2639 1429 2707 1482 ab
2744 1445 2809 1483 eo
2856 1428 3064 1484 affectae
3092 1438 3302 1491 essent,
3342 1446 3453 1485 non
3506 1431 3719 1487 disces-

2134 1520 2411 1573 seruntab
2478 1534 2566 1573 eo.
2612 1518 2833 1587 Septem
2861 1519 3127 1573 damonia
3159 1520 3379 1588 quidam
3414 1536 3511 1589 pro
3536 1522 3722 1575 multis

2137 1610 2583 1678 interpretantur.
2602 1610 2939 1663 Consuetum
2956 1621 3038 1663 est
3052 1626 3284 1678 namque
3298 1611 3443 1680 apud
3462 1613 3722 1668 Hebraeos

2135 1714 2345 1771 septem
2404 1717 2623 1765 vocare,
2673 1718 2796 1771 qua:
2855 1703 3026 1755 multa
3079 1713 3229 1756 sunt.
3296 1702 3719 1758 Procuratorem

2140 1808 2269 1847 VU'O
2303 1790 2535 1847 Herodis
2558 1793 2797 1865 intellige
2826 1808 3176 1848 mconomum
3200 1803 3255 1847 et
3280 1794 3720 1864 dispensatorem

2138 1898 2323 1937 rerum
2351 1883 2542 1953 ipsius.

2374 1996 2530 2049 CAP.
2575 1994 2742 2049 XXII.
2773 1995 2845 2048 De
2881 1998 3175 2049 seminam:
3202 1999 3485 2064 parabola.

2209 2088 2365 2143 Vers.
2395 2091 2447 2143 4.
2485 2088 2620 2143 Cum
2654 2094 2831 2142 autem
2863 2089 3416 2143 conveniret—Vera.
3463 2089 3517 2143 8.
3544 2100 3727 2143 centu-

2135 2180 2299 2248 plum.
2342 2180 2418 2234 De
2475 2181 2576 2235 bac
2636 2180 2903 2235 sementis
2956 2180 3217 2249 parabola
3260 2180 3425 2235 latius
3477 2182 3727 2252 scrispsit

2138 2269 2429 2325 Mattheus
2464 2271 2730 2325 vicesimo
2765 2279 2966 2338 quarto
3020 2269 3247 2339 capite;
3300 2279 3356 2324 et
3408 2270 3484 2324 ibi
3536 2271 3604 2325 de
3640 2272 3726 2325 bis

2137 2364 2390 2419 omnibus
2431 2378 2637 2434 quaere.

2209 2455 2364 2510 νοτε.
2408 2456 2462 2511 8.
2496 2456 2623 2511 Hac
2650 2483 2721 2495 —-
2743 2458 2956 2512 audiat.
2988 2454 3066 2511 De
3094 2457 3181 2511 bis
3210 2455 3380 2511 etiam
3412 2456 3483 2510 ibi
3520 2456 3730 2511 dictum

2137 2557 2244 2603 est.

2210 2640 2367 2694 Vera.
2396 2641 2449 2697 9.
2482 2639 2896 2710 Interrogabant
2920 2670 2990 2680 —
3010 2639 3166 2695 νοτε.
3200 2641 3285 2696 10.
3314 2640 3432 2694 Dei.
3465 2639 3733 2695 Similiter

2138 2744 2195 2787 et
2228 2734 2297 2789 de
2326 2735 2429 2788 liis.
3719 2724 3728 2757 ”

2210 2826 2366 2881 Vers.
2412 2826 2499 2881 10.
2544 2824 2759 2880 Ceteris
2800 2836 2979 2879 autem
3030 2854 3097 2865 -—
3152 2826 3450 2893 parabolis.
3517 2826 3733 2883 Marcus

2139 2934 2271 2973 vero
2303 2918 2518 2987 planius
2550 2918 2797 2987 scripsit,
2841 2918 3033 2973 dicens
3063 2934 3077 2969 :
3116 2916 3213 2970 His
3248 2930 3450 2982 autem,
3486 2922 3574 2988 qui
3608 2922 3734 2988 foris

2138 3020 2280 3075 sunt,
2313 3013 2367 3062 in
2398 3010 2667 3076 parabolis
2704 3012 2881 3062 omnia
2916 3010 3064 3077 fiunt
3093 3009 3159 3060 ⁵⁸.
3197 3008 3265 3064 Et
3307 3012 3505 3065 horum
3540 3028 3731 3081 quare

2140 3102 2541 3171 expositionem
2570 3113 2715 3153 nono
2753 3101 2873 3169 ejus
2902 3100 3103 3167 capite.

522 3194 643 3245 'Ira
678 3214 736 3232 -ο
763 3192 1081 3247 συνιὼσιν.
1122 3193 1208 3246 Ἐν
1238 3190 1316 3255 τῷ
1336 3193 1563 3259 τοιούτῳ
1605 3189 1887 3259 κεφαλαίῳ
1930 3189 2027 3243 τοῦ
2061 3190 2107 3252 C
2210 3194 2272 3249 Vt

1983 3189 2027 3242 »ὖ
2061 3190 2107 3252 C
2210 3194 2364 3249 Vers.
2394 3193 2480 3246 10.
2514 3193 2576 3247 Ut
2605 3220 2671 3233 -ι
2703 3191 3034 3262 intelligant.
3075 3188 3153 3243 lbi
3199 3198 3257 3243 et
3297 3189 3413 3243 haec
3453 3188 3733 3267 declarata

446 3284 681 3354 Μάρκου
712 3286 806 3337 καὶ
840 3284 1015 3337 ταῦτα
1048 3284 1557 3354 διηρμηνεύθησαν.

524 3378 697 3428 Ἐστι
731 3376 1158 3443 -παρασολή.
1203 3375 1383 3442 Αὕτη,
1427 3376 1549 3430 ἀντὶ
1603 3372 1720 3440 τοῦ,
1771 3372 1995 3441 τοιαύτη
2021 3411 2036 3434 ,

449 3470 590 3521 κατὰ
610 3472 711 3538 τὴν
737 3470 1059 3537 ἑρμηνείαν.

541 3566 582 3609 0
614 3562 841 3626 σπόρος
866 3589 938 3602 ——
968 3559 1139 3614 Θεοῦ.
1202 3558 1263 3611 Ὀ
1296 3559 1395 3629 τῆς
1448 3559 1708 3623 πίστεως,
1753 3563 1780 3610 ό
1812 3561 2041 3627 εὐαγγε-

450 3653 622 3712 λικό;.

523 3748 589 3798 Ol
616 3744 683 3797 δὲ
714 3744 1111 3800 -σωθὼσιτα
1162 3747 1248 3799 Ἐν
1296 3746 1371 3814 τῷ
1412 3748 1630 3817 ῥηθέντι
1676 3751 1907 3821 εἰκοστῷ
1953 3769 2043 3805 τε·

2143 3294 2289 3337 sunt.

2217 3375 2370 3429 Vers.
2404 3375 2492 3429 11.
2520 3374 2613 3428 Est
2636 3404 2699 3416 -—
2724 3376 3009 3442 parabola.
3038 3373 3185 3439 Haec,
3214 3375 3269 3429 id
3294 3386 3403 3439 est,
3430 3374 3555 3430 talis
3575 3375 3733 3444 juxta

2144 3464 2679 3533 interpretationem.

2214 3559 2372 3613 Vers.
2409 3559 2493 3612 tl.
2527 3556 2717 3611 Semen
2758 3587 2817 3598 -
2851 3556 2967 3611 Dei.
2991 3555 3185 3612 Sermo
3218 3557 3737 3629 ﬁdeievangelicus.

2224 3749 2377 3803 Veis.
2414 3751 2501 3804 12.
2556 3748 2657 3814 Qui
2699 3767 2815 3803 uero
2843 3778 2907 3790 ——
2938 3751 3071 3804 salvi
3111 3751 3264 3819 ﬁant.
3297 3750 3567 3807 Pmdicto
3594 3754 3742 3808 vice-

451 3842 634 3909 τὰρτῳ
674 3842 955 3911 κεφαλαίῳ
1017 3842 1183 3910 φησὶν
1244 3844 1271 3894 ὁ
1320 3843 1620 3905 λιιτθαῖος·
1670 3845 1751 3896 ὅτι
1809 3847 2045 3911 Παντὸς
2150 3845 2193 3897 si

1993 3847 2045 3911 bc
2150 3845 2287 3897 simo
2318 3852 2514 3913 quarto
2546 3844 2726 3912 capite
2760 3842 2836 3895 ait
2863 3840 3193 3896 Mattlimus:
3226 3840 3361 3895 Cum
3386 3843 3558 3912 quivis
3584 3846 3743 3897 audi-

450 3935 781 4001 ἀχούογτος
810 3936 1117 4004 τὸνλόγον
1143 3935 1249 4003 τῆς
1282 3938 1630 4001 βασιλείας,
1662 3940 1759 3990 καί
1782 3938 1866 4007 μὴ
1890 3956 2043 3994 συν-

452 4027 664 4094 ιέντος,
702 4030 939 4097 ἔρχεται
987 4032 1019 4081 ό
1061 4029 1346 4097 πονηρὸς,
1399 4030 1495 4082 καί
1540 4031 1782 4096 ἁρπάζει
1823 4035 1887 4085 τὸ
1943 4034 2046 4087 ἐσ-

2151 3940 2219 3991 ιίίι
2244 3940 2453 3991 verbum
2480 3938 2648 4004 regni,
2691 3954 2783 3990 nec
2814 3936 3107 4007 intelligit:
3137 3937 3276 3989 venit
3320 3938 3411 3989 ille
3453 3938 3651 4001 malus,
3693 3950 3743 3992 et

2152 4033 2293 4099 rapit
2322 4037 2457 4100 quod
2478 4034 2797 4085 seminatum
2821 4040 2893 4083 est
2918 4030 2973 4081 in
2996 4030 3148 4082 corde
3176 4030 3339 4098 ipsius
3367 4046 3386 4093 ;
3410 4030 3492 4082 hic
3527 4041 3623 4095 est,
3656 4032 3745 4099 qui

452 4120 761 4187 παρμένον
806 4121 877 4172 ὲν
928 4118 1002 4187 τῇ
1057 4121 1271 4188 καρδία
1308 4122 1517 4175 αὐτοῦ.
1568 4118 1757 4189 Οὗτός
1801 4125 1976 4178 ἐστιν
2014 4128 2048 4178 ό
2149 4124 2202 4191 ju

2014 4128 2048 4178 ό
2149 4124 2306 4191 juxta
2351 4124 2490 4176 viam
2533 4122 2825 4177 seminatus
2870 4122 2969 4191 fuit
3013 4122 3081 4176 δ’.
3133 4121 3201 4175 Ει
3258 4120 3373 4191 lege
3434 4122 3745 4175 universam

453 4212 612 4279 παρὰ
657 4214 773 4279 τὴν
806 4212 947 4267 ὁδὸν
983 4216 1259 4282 σπαρείς.
1299 4214 1408 4268 Καὶ
1458 4216 1731 4284 ἀνάγνωθι
1776 4217 1874 4290 τὴν
1920 4219 2049 4289 ὃλην
2153 4214 2203 4268 ill

1996 4237 2049 4289 ην
2153 4214 2372 4269 illorum
2423 4212 2828 4282 expositionem
2860 4252 2874 4276 ,
2921 4210 3069 4266 unde
3123 4219 3179 4264 et
3230 4210 3523 4281 praesentia
3586 4209 3746 4265 facile

452 4303 659 4355 τούτων
680 4304 970 4374 ἐξήγησιν,
1007 4306 1097 4372 ἀφ’
1139 4301 1203 4376 ἦς
1231 4305 1415 4376 ῥᾴδιον
1446 4307 1541 4359 καὶ
1567 4308 1634 4360 τὰ
1663 4310 1914 4379 παρόντα
1937 4312 2051 4363 δια-

452 4394 681 4460 γνῶναι.

528 4490 593 4541 01
630 4487 698 4539 δὲ
726 4487 828 4541 ἐπὶ
879 4488 989 4557 τῆς
1025 4490 1267 4558 πέτρας.
1295 4490 1357 4543 Ol
1393 4489 1448 4543 δὲ
1485 4490 1629 4543 κατὰ
1680 4490 1776 4563 τὴν
1818 4492 2049 4561 πέτραν,

452 4581 592 4633 είσίν
628 4575 795 4647 οὗτοι,
823 4582 1085 4652 δηλονότι,
1118 4584 1245 4654 περὶ
1284 4578 1359 4639 ὧν
1392 4585 1528 4654 ἐρεῖ.

527 4675 593 4726 ΟΖ
627 4674 775 4730 ὅταν
825 4705 893 4717 —
942 4677 1327 4744 ἀφίστανται.
1378 4678 1564 4749 Ἐντῷ
1597 4679 1825 4749 τοιούτῳ
1877 4697 2051 4749 κεφα-

452 4766 591 4836 λαίῳ
622 4770 716 4821 καὶ
748 4769 878 4839 περὶ
903 4770 1009 4823 τῶν
1050 4770 1308 4826 τοιούτων
1339 4772 1617 4843 εὑρήσεις.

530 4862 599 4916 Τὸ
629 4861 697 4915 δὲ
733 4890 762 4900 -
785 4890 800 4899 -
830 4865 1009 4916 εἰσιν.
1049 4863 1196 4918 Ἀντὶ
1237 4866 1353 4933 τοῦ,
1374 4867 1431 4919 ιν
1456 4865 1664 4930 τούτοις
1702 4865 1839 4921 ἐστί.
1867 4867 2052 4930 Ποίοις

452 4955 663 5019 τούτοις
681 4974 697 5021 ;
736 4956 906 5008 Ἀκου
915 4972 1025 5010 σον.

521 5052 587 5103 Ol
653 5079 723 5090 —
788 5053 1290 5122 τελεσφοροῦσιν.

1366 5053 1379 5070 ⁸
1393 5053 1516 5107 Υπὸ
1579 5053 1877 5124 μεριμνῶν
1946 5054 2044 5107 καί

2154 4311 2261 4363 erit
2287 4321 2647 4378 cognoscere.

2230 4495 2385 4549 νοτε.
2429 4492 2513 4545 15.
2548 4490 2652 4555 Qui
2687 4506 2809 4543 vero
2839 4505 2995 4557 super
3020 4486 3364 4557 petram.Qui
3406 4487 3473 4541 ad
3508 4496 3749 4557 petram,

2159 4592 2215 4646 hi
2246 4598 2375 4643 sunt
2405 4585 2679 4651 videlicet,
2709 4584 2777 4638 de
2808 4583 3010 4653 quibus
3037 4581 3289 4636 dicturus
3318 4588 3423 4635 est.

2230 4681 2385 4736 V'ers.
2418 4680 2505 4736 13.
2545 4676 2646 4743 Qui
2678 4694 2797 4732 cum
2829 4677 3101 4730 recedunt.
3137 4674 3346 4729 Eodem
3379 4672 3560 4745 capite
3587 4674 3756 4729 etiam

2157 4778 2273 4832 haec
2308 4774 2573 4830 invenies.

2231 4870 2385 4923 Vers.
2423 4867 2510 4921 14.
2534 4865 2684 4931 Quod
2724 4875 2903 4918 autem
2924 4872 3152 4917 ——sunt.
3179 4860 3293 4916 Hoc
3324 4872 3429 4926 est,
3454 4860 3509 4915 in
3530 4861 3618 4915 his
3652 4870 3757 4915 est.

2159 4964 2427 5031 Qualibus
2461 4962 2550 5016 his
2573 4962 2593 5014 ’ἶ
2626 4960 2791 5017 Audi.

2235 5055 2487 5112 Vers.H.
2508 5053 2610 5120 Qui
2630 5084 2697 5094 —
2723 5054 2954 5123 referunt
2975 5054 3229 5123 fructum.
3252 5051 3367 5105 Sub
3385 5048 3764 5105 sollicitudini-

453 5145 724 5199 πλούτου
772 5145 870 5199 καί
920 5145 1178 5213 ἡδονῶν.
1214 5148 1335 5200 ἀντὶ
1383 5149 1477 5200 τοῦ
1505 5189 1520 5214 ,
1571 5150 1710 5219 μετὰ
1768 5148 2049 5218 μεριμνῶν
2161 5152 2194 5207 b

2012 5165 2049 5198 ’ν
2161 5152 2265 5207 bus
2280 5162 2333 5206 et
2350 5150 2559 5205 divitiis
2575 5165 2639 5203 ac
2653 5150 3024 5219 voluptatibus
3046 5166 3061 5205 :
3080 5149 3281 5203 bocest
3294 5163 3417 5202 cum
3436 5146 3762 5201 sollicitudi-

456 5240 550 5292 καὶ
620 5239 853 5293 πλούτου
929 5245 1023 5294 καὶ
1093 5241 1297 5312 ἡδονῶν

456 5426 688 5498 illinen-

532 5606 574 5639 “
610 5607 779 5663 Marc.
810 5624 884 5673 tv,
916 5608 1006 5665 11.
1082 5609 1126 5641 ⁸⁸
1158 5607 1350 5665 Matth.
1371 5615 1490 5676 xui,
1517 5608 1603 5666 19.

1370 5243 1759 5313 πορευόμενοι,
1838 5244 2018 5295 εἵτουν
2037 5280 2051 5306 ,

457 5330 893 5401 πολιτευόμενοι.
962 5333 1049 5385 Ἐν
1110 5335 1306 5404 ἐκείνῳ
1365 5336 1443 5401 δὲ,
1499 5339 1592 5386 καὶ
1652 5335 1785 5405 περὶ
1844 5335 2051 5387 τούτων

2164 5248 2330 5302 nibus
2360 5256 2415 5300 et
2440 5244 2647 5300 divitiis
2670 5259 2734 5299 ac
2758 5244 3133 5314 voluptatibus
3172 5250 3371 5297 euntes
3398 5241 3512 5297 sive
3531 5256 3764 5296 conver-

2166 5350 2374 5393 santes.
2406 5335 2462 5392 lu
2494 5353 2560 5393 eo
2590 5338 2753 5393 etiam
2786 5336 2855 5392 de
2891 5337 2979 5391 his
3016 5335 3227 5392 dictum
3260 5344 3369 5391 est.

1697 5701 1900 5767 Varia)
1943 5701 2255 5767 lectiones
2291 5709 2354 5766 et
2383 5713 2571 5767 notae.

544 5874 658 5947 (59.)
702 5872 945 5945 Ἡρώδου
977 5879 1153 5932 abest.
1182 5881 1246 5931 A.

784 5976 1059 6035 Pnaon.
1108 5978 1224 6037 Gn.
1272 5972 1530 6035 CXXIX.

3373 5962 3447 6023 30
