4436 6450
1987 385 2371 446 ΕυΤΗγΜιι
2414 387 2772 448 ZIGABENI

2270 386 2371 445 till
2414 387 2772 448 ZlGABENl
3920 395 4022 461 θιι

2524 505 2625 556 Ἑν
2646 504 2715 555 δὲ
2741 502 2821 567 τῷ
2856 504 3101 573 ὑπάγειν
3130 534 3198 544 -
3221 508 3429 560 αὐτόν.
3464 506 3861 576 Συνέσφιγγον,
3902 512 4030 566 ὠθι·

2441 593 2659 660 ζόμενοι
2694 594 2824 663 περὶ
2858 595 3045 647 αὐτόν.

2654 707 2809 759 ΚΕΦ.
2847 704 2990 772 KQ”.
3035 708 3172 774 Περὶ
3204 706 3313 773 τῆς
3338 710 3808 777 αἰμορῤοούσης.

759 385 865 449 ριθ

823 498 975 553 Vcrs.
1009 499 1095 552 42.
1135 498 1281 553 Inter
1303 497 1527 551 eundum
1563 505 1737 548 autem
1776 524 1843 534 —
1866 512 2009 550 eum.
2042 496 2331 553 Constrin-
2364 510 2409 563 Α

751 590 971 658 gebant,
1006 588 1462 658 comprimebant,
1492 586 1839 653 impellentes
1864 587 2008 641 circa
2039 602 2192 641 eum.

749 698 902 754 CAP.
960 698 1147 751 XXVI.
1194 699 1267 751 De
1301 698 1522 749 muliere
1557 696 1817 765 proﬂuvio
1868 698 2147 765 sanguinis
2184 697 2333 749 labo-

1457 778 1629 818 rattte.

822 858 972 913 Vcrs.
1004 858 1091 911 ιδ.
1123 857 1186 912 Et
1227 858 1415 911 mulier
1452 888 1522 897 ——
1558 855 1711 910 Vers.
1765 857 1851 910 44.
1884 858 2019 925 ejus.
2063 858 2137 909 Ab
2174 859 2332 911 anuis
2510 861 2574 911 Kr

2290 859 2332 910 is
2510 857 2617 911 Kal
2670 858 2827 926 γυνὴ
2864 886 2931 898 —-
2970 857 3184 925 αὐτῆς.
3248 861 3382 913 Ἀπὸ
3420 862 3571 914 ἐτῶν
3615 864 3866 930 δώδεκα,
3908 869 4032 920 ἀντὶ

745 953 1037 1015 duodecim,
1069 952 1119 1005 id
1155 963 1257 1014 est,
1289 965 1462 1003 annos
1486 950 1779 1003 duodecim
1810 968 1823 1014 ;
1858 951 1962 1003 hoc
1989 950 2135 1003 enim
2165 950 2335 1019 signi—
2436 966 2497 1001 το

2276 951 2335 1000 ti—
2436 950 2530 1001 τοῦ
2574 952 2631 1001 ἐν
2686 950 2831 1003 ἔτεσι
2887 949 3118 1002 δώδεκα.
3164 952 3335 1003 Τοῦτο
3361 953 3473 1022 γὰρ
3504 955 3783 1023 ἐδήλωσαν
3812 961 3859 1011 ot
3891 977 4028 1027 προ-

748 1046 1051 1095 licaverunt
1094 1044 1304 1109 priores
1358 1040 1731 1108 evangelista.
1774 1041 1987 1093 Marcus
2021 1056 2147 1093 vero
2166 1040 2207 1069 δ’
2238 1040 2335 1092 ad-
2437 1040 2500 1091 λα

2276 1040 2335 1092 d-
2437 1040 2690 1101 λαϐόντες
2720 1041 3124 1107 εὐαγγελισταί.
3162 1043 3391 1110 Μάρκος
3422 1045 3477 1095 δὲ
3521 1048 3868 1116 προσέθηκεν
3898 1090 3911 1112 ,
3946 1052 4028 1103 ὅτι

746 1133 903 1195 didit,
944 1134 1086 1200 qqu
1134 1148 1241 1183 non
1280 1132 1453 1183 solum
1516 1147 1544 1183 a
1604 1132 1833 1184 medicis
1869 1132 1921 1182 in
1970 1132 2118 1183 nullo
2146 1132 2332 1199 adjuta
2436 1132 2498 1181 οὺ

2281 1140 2332 1183 ta
2436 1132 2498 1181 οὺ
2550 1132 2713 1198 μόνον
2745 1132 2917 1195 ξοὺδὲν
2969 1132 3226 1202 ὠφελήθη
3266 1134 3416 1201 παρά
3458 1136 3572 1189 τῶν)
3616 1140 3838 1207 ἰατρῶν,
3896 1142 4030 1193 ἀλλὰ

744 1224 943 1285 fuerat,
988 1238 1175 1276 verum
1227 1226 1390 1276 etiam
1439 1222 1609 1291 magis
1670 1222 1721 1273 in
1776 1221 2021 1275 deterius
2076 1232 2327 1275 venerat.

743 1312 881 1377 Quid
920 1313 989 1366 sit
1040 1323 1218 1366 autem
1270 1312 1505 1375 ﬁmbria,
1562 1312 1768 1365 dictum
1810 1322 1891 1366 est
1928 1315 2140 1366 decimo
2181 1324 2334 1366 sexto

744 1404 925 1471 capite
988 1402 1267 1472 Evangelii
1332 1403 1635 1457 secundum
1710 1402 2335 1457 Matthaeuth’rmterea

744 1493 871 1546 dicit
907 1492 1119 1546 Marcus
1142 1492 1211 1555 “,
1242 1494 1453 1546 venisse
1482 1493 1652 1560 ipsam
1679 1494 1733 1545 in
1778 1495 1932 1545 turba
1964 1508 1991 1543 a
2020 1504 2191 1562 tergo,
2229 1495 2332 1545 hoc

741 1593 841 1646 est,
881 1585 1246 1637 immiscuisse
1289 1598 1347 1636 se
1397 1584 1592 1645 turbae,
1633 1582 1779 1650 quod
1821 1582 1994 1636 latere
2031 1584 2327 1637 niteretur.

815 1676 921 1731 Sed
956 1692 1057 1731 cur
1086 1678 1375 1731 titanifeste
1409 1691 1514 1729 non
1553 1676 1729 1743 tetigit
1758 1674 1781 1727 ?
1808 1676 1946 1741 Quia
1969 1678 2203 1744 seipsam
2234 1677 2335 1728 im-

741 1768 999 1821 mundam
1032 1781 1155 1820 esse
1214 1768 1441 1828 sciebat,
1475 1775 1527 1819 et
1577 1782 1723 1831 cum,
1783 1766 1877 1834 qui
1934 1766 2173 1819 mundus
2219 1775 2336 1819 erat

2439 1222 2530 1270 καὶ
2564 1219 2765 1286 μᾶλλον
2807 1221 2885 1281 είς
2925 1221 2985 1271 τὸ
3020 1224 3203 1290 χεῖρον
3239 1218 3393 1289 ἦλθε.
3439 1224 3503 1274 Τί
3534 1225 3593 1276 δέ
3629 1230 3743 1278 ἐστι
3785 1234 4027 1296 κρασπε-

2438 1310 2546 1372 δον,
2589 1311 2804 1378 εἴρηται
2848 1314 2902 1361 ἐν
2934 1312 3010 1379 τῷ
3044 1313 3414 1381 ὲξκαιδεκὰτῳ
3447 1316 3728 1383 κεφαλαίῳ
3759 1320 3851 1369 τοῦ
3888 1321 4029 1373 κατά

2438 1399 2738 1453 Βιατθαῖον.
2778 1402 2900 1452 Ἔτι
2932 1402 2986 1453 δέ
3024 1420 3187 1470 φησιν
3221 1406 3248 1453 ὁ
3275 1406 3523 1473 Μάρκος,
3558 1406 3732 1459 ἔλθεῖν
3765 1411 3936 1480 αὐτὴν
3971 1415 4030 1463 εν

2438 1490 2515 1559 τῷ
2546 1491 2688 1561 ὄχλῳ
2720 1492 2945 1543 ὄπισθεν
2972 1532 2986 1553 ,
3022 1496 3306 1546 τουτέστιν
3332 1534 3346 1557 ,
3384 1497 3722 1563 ἀναμιγῆναι
3750 1500 3824 1568 τῷ
3855 1502 4027 1570 ὖχὶῳ,

2441 1583 2851 1651 μηχανωμένην
2894 1582 3097 1635 λαθεῖν.

2508 1674 2658 1724 Διατί
2700 1674 2756 1725 δὲ
2801 1675 2899 1742 οὐχ
2951 1674 3131 1743 ἥψατο
3177 1676 3469 1745 φανερῶς;
3518 1678 3663 1729 Διότι
3714 1680 4029 1749 ἀκάθαρτον

2440 1766 2640 1835 ἑαυτὴν
2670 1765 2960 1831 ἐγίνωσκε,
2991 1769 3084 1818 καὶ
3107 1768 3357 1834 ἐφοϐεῖτο
3392 1770 3642 1839 φανερῶς
3666 1771 3908 1839 ἅψασθαι
3932 1771 4027 1824 τοῦ

738 1860 913 1927 palam
939 1868 1161 1927 tangere
1184 1857 1534 1920 formidabat,
1569 1872 1695 1909 cum
1724 1871 1753 1909 a
1778 1856 1893 1926 lege
1920 1856 2330 1925 prohiberetur.
2365 1851 2405 1905 Β
2438 1873 2490 1908 xc

2282 1871 2330 1907 r.
2365 1851 2405 1905 Β
2438 1854 2709 1925 καθαροῦ,
2744 1856 3066 1927 κωλυομένη
3100 1858 3251 1926 παρὰ
3281 1859 3373 1911 τοῦ
3414 1861 3603 1927 νόμου.
3644 1865 3751 1914 Kal.
3778 1864 3920 1915 δ.ατί
3951 1865 4026 1932 μὴ

733 1950 919 2016 Quare
952 1960 1132 2004 autem
1163 1964 1194 2003 a
1242 1949 1540 2019 longinquo
1576 1958 1732 2003 stans
1762 1964 1876 2002 non
1911 1950 2140 2017 petebat
2169 1948 2319 2001 sani-

739 2052 903 2095 tatem
931 2041 953 2095 ?
986 2040 1125 2107 Quia
1160 2040 1453 2094 verebatur
1486 2039 1805 2108 huiusmodi
1849 2038 2101 2091 morbum
2145 2036 2327 2105 publi-

738 2149 883 2189 care.
916 2134 1090 2188 Simul
1117 2136 1283 2188 etiam
1331 2134 1581 2194 timebat.
1620 2147 1690 2185 ne
1722 2146 1832 2200 quo
1880 2134 2043 2183 modo
2084 2129 2266 2198 agnita
2297 2143 2327 2183 a

738 2225 897 2279 turba
929 2223 1287 2295 repelleretur
1317 2231 1544 2293 propter
1566 2236 1720 2275 suam
1744 2221 2145 2291 impuritatem.

810 2314 965 2371 Vers.
1002 2315 1091 2369 ιδ.
1137 2313 1204 2366 Et
1240 2317 1317 2367 ait
1353 2343 1424 2353 —
1464 2314 1589 2367 me?
1622 2312 2005 2382 Interrogavit,
2044 2326 2151 2364 non
2184 2310 2328 2380 quod

735 2411 1033 2481 ignoraret,
1078 2406 1174 2461 sed
1218 2414 1279 2459 ut
1324 2405 1437 2467 illa,
1478 2403 1719 2475 cognito,
1767 2402 1913 2471 quod
1960 2416 2071 2454 non
2110 2401 2324 2466 lateret,

733 2513 896 2573 prout
921 2509 1256 2571 speraverat,
1285 2498 1580 2552 sanitatem
1616 2496 1805 2549 furtim
1838 2509 1945 2547 non
1984 2494 2324 2562 subriperet,

732 2596 824 2649 sed
853 2595 993 2647 hanc
1018 2596 1084 2646 ab
1111 2592 1228 2661 ipso
1256 2590 1511 2645 ultroneo
1538 2590 1802 2653 auferret,
1839 2588 2171 2651 conﬁtendo,
2209 2600 2328 2655 qua:

731 2688 878 2740 circa
912 2702 971 2740 se
1018 2686 1160 2739 facta
1192 2692 1382 2738 essent
1420 2699 1435 2736 ;
1483 2691 1538 2736 et
1586 2682 1659 2735 ita
1694 2691 1825 2735 nota
1857 2680 2052 2733 ﬁerent
2092 2678 2197 2741 his,
2234 2678 2327 2745 qui

731 2777 1018 2831 Christum
1062 2776 1457 2844 sequebantur,
1492 2782 1546 2827 et
1578 2772 1827 2825 mulieris
1877 2770 2011 2825 lides
2043 2768 2326 2824 etCltristi

731 2868 925 2930 uirtus,
960 2882 1122 2935 quem
1158 2866 1295 2918 nihil
1325 2868 1494 2919 latere
1530 2872 1753 2932 potest;
1792 2877 1856 2917 ac
1878 2863 2037 2916 multi
2078 2872 2133 2915 et
2160 2861 2321 2915 tidem

728 2961 876 3012 illius
929 2959 1301 3018 imitarentur.
1360 2968 1413 3011 et
1461 2958 1716 3009 timerent
1750 2953 1914 3023 hujus
1978 2954 2327 3023 omnipoten-

730 3056 885 3114 tiam,
917 3049 1272 3116 Omniumque
1300 3047 1622 3110 scientiam;
1663 3057 1946 3115 praeterea,
1987 3054 2045 3097 ut
2081 3044 2324 3125 archisy:

726 3157 966 3212 nagogus
1008 3155 1038 3193 a
1080 3138 1335 3209 prxsenti
1386 3137 1653 3191 miraculo
1691 3138 1954 3205 majorem
2004 3138 2321 3204 conciperet

726 3235 1003 3286 ﬁduciam.

798 3324 953 3377 νει-ε.
986 3323 1074 3378 45.
1111 3320 1446 3393 Negantt'bus
1472 3350 1537 3360 ——
1572 3320 1700 3372 me?
1732 3320 1930 3373 Petrus
1976 3320 2043 3373 de
2084 3319 2315 3388 simplici

720 3425 980 3472 contactu
1031 3415 1309 3468 Christum
1354 3414 1505 3481 loqui
1551 3412 1925 3475 existimabat,
1959 3427 2069 3481 quo
2102 3425 2314 3473 omnes,

719 3512 815 3581 qui
867 3510 1260 3581 sequebantur,
1308 3505 1605 3578 tangebam
1632 3520 1782 3569 cum,
1811 3504 2035 3573 impulsi
2066 3519 2131 3558 ac
2159 3518 2318 3558 coar-

720 3606 855 3660 ctati
887 3606 1035 3657 circa
1071 3603 1274 3672 ipsum,
1312 3610 1366 3654 et
1397 3601 1470 3653 ita
1501 3596 1954 3667 constringebant
1986 3612 2110 3650 eum
2150 3614 2161 3649 :
2196 3598 2314 3665 ipse

717 3714 849 3753 vero
878 3698 945 3752 de
991 3696 1082 3750 tali
1136 3710 1249 3749 non
1308 3694 1651 3762 loquebatur,
1694 3694 1787 3746 sed
1834 3690 1900 3745 de
1950 3705 2037 3754 eo,
2087 3692 2179 3759 qui
2214 3688 2318 3743 (ide

718 3796 895 3847 tactus
941 3804 1078 3845 erat.
1112 3790 1251 3843 Cum
1294 3788 1439 3843 enim
1486 3796 1616 3840 tunc
1648 3784 1805 3839 multi
1840 3799 1973 3839 casu
2010 3798 2136 3837 eum
2169 3799 2319 3837 com-

715 3883 1007 3955 primendo
1031 3890 1344 3952 tangerent,
1369 3878 1543 3933 solum
1571 3877 1738 3946 hujus
1770 3877 1944 3931 sensit
1971 3884 2315 3942 contactum,

716 3976 808 4047 qui
832 3990 862 4029 a
886 3974 991 4031 ﬁde
1019 3972 1381 4043 procedebat.

790 4162 947 4219 Vera.
999 4160 1091 4216 46.
1126 4159 1276 4215 Jews
1316 4173 1436 4212 vero
1474 4185 1542 4195 —
1569 4156 1855 4225 quispiam.
1897 4152 2035 4219 Quia
2069 4153 2315 4208 nondum

713 4257 970 4311 confessa
1002 4263 1121 4308 erat
1162 4252 1361 4306 mulier
1409 4249 1604 4303 timore
1643 4247 1960 4318 perterrita,
2026 4255 2313 4315 exspecta-

710 4351 804 4405 bat
825 4348 942 4417 ipse
960 4346 1085 4418 (rr),
1118 4345 1306 4399 dicens
1346 4362 1359 4397 :
1396 4341 1587 4412 Tetigit
1612 4356 1694 4395 me
1713 4340 1998 4410 quispiam,
2034 4348 2092 4393 ut
2132 4338 2315 4392 videns

711 4443 830 4512 ipsa
879 4441 1043 4511 hujus
1090 4438 1246 4508 quasi
1275 4447 1557 4506 stuporem
1602 4434 1721 4505 (ιε),
1757 4449 1854 4488 sua
1904 4442 2120 4503 sponte,
2168 4431 2315 4501 quod

2438 1947 2628 2017 πόρρω
2673 1948 2848 1999 στᾶσα
2892 1949 2991 2019 τὴν
3042 1950 3231 2015 ὑγείαν
3262 1951 3545 2019 nsquam;
3590 1954 3737 2005 Διότι
3764 1954 4027 2023 ᾐσχύνετο

2432 2036 2794 2105 δημοσιεῦσαι
2823 2039 3066 2092 τοιοῦτον
3098 2042 3296 2103 πάθος.
3336 2042 3486 2111 ’Δμα
3504 2043 3561 2095 δὲ
3589 2046 3679 2095 καὶ
3707 2046 4025 2107 ὑπώπτευε.

2437 2131 2647 2197 μήποτε
2684 2130 3083 2197 διαγνωσθεῖσα
3115 2133 3364 2203 ἀπελαθῇ
3402 2139 3552 2205 παρᾶ
3593 2136 3685 2188 τοῦ
3714 2137 3898 2206 ὄχλου,
3935 2139 4025 2191 διὰ

2433 2223 2532 2287 τῖγν
2557 2222 2905 2291 ἀκαθαρσίαν
2927 2224 3123 2294 αὐτῆς.

2502 2316 2608 2367 Kal
2646 2311 2817 2367 εἶπεν
2846 2346 2913 2356 -—
2940 2333 3060 2385 μου
3077 2333 3097 2381 ;
3151 2317 3489 2389 Ἠρώτησεν,
3518 2323 3617 2373 οὐκ
3644 2323 3878 2390 ἀγνοῶν,
3908 2323 4026 2376 ἀλλ’

2434 2406 2521 2460 ἵνα
2551 2408 2775 2475 γνοῦσα,
2811 2410 2892 2469 ὅτι
2925 2412 3026 2463 οὐκ
3058 2411 3271 2477 ἔλαθεν,
3298 2413 3373 2475 ὡς
3400 2414 3653 2483 ἤλπιζεν,
3684 2416 3794 2468 ούδ’
3827 2418 4024 2485 ἔκλεψε

2430 2500 2529 2566 τὴν
2558 2499 2773 2567 ὑγείαν,
2813 2502 2949 2552 ἀλλὰ
2980 2503 3112 2571 παρ’
3141 2504 3365 2566 ἑκόντος
3398 2505 3567 2557 αὑτοῦ
3599 2506 3803 2574 ταύτην
3835 2510 4025 2578 ἐκομί-

2434 2609 2587 2655 σατο,
2619 2595 2999 2666 ἀνομολογήσῃ
3024 2600 3092 2649 τὰ
3114 2600 3234 2651 κατ’
3264 2600 3458 2668 αὐτὴν,
3491 2602 3585 2653 καὶ
3614 2603 3887 2671 γνωρισθῇ
3910 2607 4024 2666 τοῖς

2432 2685 2812 2750 ἀκολουθοῦσι,
2847 2689 3052 2759 ταύτης
3084 2691 3186 2758 μὲν
3214 2693 3245 2761 ή
3278 2693 3485 2754 πίστις,
3518 2694 3686 2746 αὑτοῦ
3714 2695 3770 2745 δὲ
3803 2697 3832 2762 ἡ
3861 2695 4025 2747 δύνα-

2436 2793 2525 2844 μις
2560 2778 2745 2828 καὶτὸ
2792 2778 3084 2848 ἀλάθητον,
3124 2783 3218 2831 καὶ
3281 2784 3634 2852 μιμησωνται
3688 2786 3787 2853 μὲν
3841 2787 4027 2839 πολλοὶ

2432 2867 2529 2935 τὴν
2554 2868 2739 2921 πίστιν
2767 2870 2959 2940 αὐτῆς,
2996 2872 3280 2942 φοϐηθῶ.ι
3308 2873 3364 2925 δὲ
3394 2877 3452 2927 τὸ
3477 2877 3888 2948 παντοδύναμον
3920 2881 4023 2932 αύ-

2431 2960 2527 3013 τοῦ
2586 2964 2682 3014 καὶ
2720 2965 3151 3030 πανεπίσκοπον,
3218 2966 3310 3016 καὶ
3374 2966 3459 3018 ἵνα
3520 2969 3615 3018 καὶ
3676 2972 3703 3020 ὁ
3762 2972 4023 3039 ἀρχισυν-

2432 3054 2650 3121 άγωγος
2704 3056 2929 3109 πλείονα
2992 3058 3131 3128 λάϐῃ
3196 3060 3382 3112 πίστιν
3447 3061 3555 3113 ἀπὸ
3602 3061 3697 3113 τοῦ
3749 3066 4020 3133 παρόντος

2432 3146 2733 3216 θαύματος.

2503 3314 2907 3387 Ἀρνουμένων
2936 3352 3009 3364 -
3038 3339 3195 3389 μου;
3244 3322 3304 3377 Ὀ
3349 3322 3551 3392 Πέτρος
3590 3326 3690 3392 μὲν
3722 3325 3860 3395 ῷετο
3890 3328 4019 3396 περὶ

2424 3410 2599 3477 ἁπλῆς
2626 3412 2845 3481 ἐπαφῆς
2885 3414 3066 3481 λέγειν
3095 3416 3186 3467 τὸν
3208 3416 3465 3485 Χριστὸν,
3503 3419 3622 3469 καθ’
3652 3417 3718 3487 ἢν
3744 3423 3940 3481 πάντες
3966 3423 4015 3471 οἱ

2422 3500 2843 3565 ἀκολουθοῦντες
2886 3504 3126 3573 ἥπτοντο
3160 3504 3348 3569 αὑτοῦ,
3376 3508 3505 3575 περὶ
3550 3506 3713 3559 αὑτὸν
3743 3506 4019 3575 ὠθιζόμε-

2422 3607 2501 3640 νοι
2532 3592 2624 3641 καὶ
2652 3593 3058 3660 ἀποθλίϐοντες,
3080 3596 3279 3659 εῐτουν,
3324 3598 3764 3665 ἀποσφίγγοντες
3804 3576 3969 3652 αὐτόν
3994 3614 4014 3632 ο

2421 3680 2583 3743 αὐτὸς
2618 3682 2674 3735 δὲ
2705 3683 2765 3734 ού
2797 3685 2927 3755 περὶ
2987 3688 3245 3757 τοιαύτης
3306 3689 3513 3756 ἔλεγεν,
3548 3690 3683 3743 ἀλλά
3742 3695 3872 3761 περὶ
3912 3692 4017 3755 τῆς

2421 3775 2721 3845 γενομένης
2768 3778 2833 3829 ὲκ
2888 3778 3147 3843 πίστεως.
3174 3780 3393 3833 Πολλῶν
3457 3784 3513 3835 δὲ
3550 3784 3851 3852 τηνικαῦτα
3898 3786 4015 3856 (49)

2422 3868 2563 3918 κατὰ
2613 3868 2786 3937 τύχην
2819 3871 3145 3941 ἁπτομένων
3180 3873 3368 3939 αὑτοῦ,
3395 3876 3483 3927 διὰ
3514 3877 3605 3928 τὸν
3640 3878 4013 3947 συνωθισμον,

2423 3962 2590 4031 μόνης
2612 3961 2810 4032 ᾔσθετο
2832 3965 2926 4034 τῆς
2958 3966 3172 4037 ἐπαφῆς
3208 3968 3434 4037 ταύτης,
3482 3971 3784 4041 γενομένης
3812 3976 3877 4024 ὲκ
3920 3980 4015 4023 πί-

2422 4070 2613 4117 στεως.

2504 4149 2557 4199 Ὀ
2597 4149 2665 4201 δὲ
2711 4152 2950 4218 Ἰησοῦς
2973 4183 3039 4191 -
3073 4156 3182 4219 τίς.
3220 4157 3371 4209 Ἐπεὶ
3414 4157 3571 4211 οὔπω
3602 4160 4011 4230 διωμολόγησεν

2418 4239 2451 4308 ἡ
2480 4240 2653 4310 γυνὴ,
2691 4243 3003 4311 φοϐουμένη
3037 4246 3287 4310 πάντως,
3321 4249 3484 4311 αὐτὸς
3505 4251 3757 4319 ἐπιμένει
3792 4250 3969 4316 λέγων
3992 4290 4009 4316 ,

2420 4332 2658 4401 ’Ἥψατό
2676 4336 2792 4403 μού
2818 4353 2925 4401 τις,
2979 4337 3064 4389 ἵνα
3088 4338 3361 4407 βλέπουσα
3401 4345 3500 4413 τὴν
3525 4343 3777 4395 ἔνστασιν
3818 4344 4009 4407 αὑτοῦ,

2419 4426 2727 4497 αὐτόματος
2748 4429 3064 4501 ὁμολογήσῃ
3087 4432 3149 4484 τὸ
3171 4435 3416 4501 γεγονὸς,
3453 4438 3542 4487 καὶ
3572 4435 3713 4506 αὑτὴ
3738 4438 3797 4487 τὸ
3820 4435 4009 4505 θαῦμα

710 4539 915 4590 factum
958 4542 1100 4598 erat,
1142 4532 1523 4594 conﬁteretur,
1562 4538 1619 4583 et
1656 4530 1774 4597 ipsa
1809 4526 2134 4581 miraculum
2170 4540 2311 4595 praz-
2339 4550 2393 4609 Β
2420 4520 2462 4573 ἀπ

1010 4542 1100 4598 'ut,
1142 4532 1523 4594 conﬁteretur,
1562 4538 1619 4583 et
1656 4530 1774 4597 ipsa
1809 4526 2134 4581 miraculum
2170 4540 2311 4595 praz-
2339 4550 2393 4609 Β
2420 4519 2762 4593 ἁνακηρύξῃ.

710 4632 941 4683 dicaret.

781 4720 939 4775 Vers.
998 4717 1089 4774 46.
1146 4718 1259 4787 Ego
1306 4742 1370 4757 --
1428 4732 1529 4769 me.
1572 4713 1869 4778 Virtutem,
1924 4713 2179 4769 videlicet
2215 4728 2307 4767 sa-

707 4815 897 4877 nandi,
936 4826 1101 4879 quam
1146 4812 1373 4864 attraxit
1418 4809 1555 4863 ﬁdes
1596 4807 1867 4861 mulieris.
1915 4804 2065 4859 Dixit
2120 4814 2305 4857 autem

711 4910 836 4970 huc,
866 4915 924 4959 ut
951 4903 1122 4973 magis
1153 4899 1759 4969 conﬁrmaretur,quod
1784 4914 1907 4953 eum
1942 4912 2054 4951 non
2085 4896 2304 4959 lateret,

705 5016 827 5068 qua:
859 5004 1007 5051 esset
1044 5012 1107 5049 ea
1134 5009 1256 5064 qua:
1308 4995 1487 5064 ipsum
1519 4994 1793 5062 tetigerat.
1827 4990 2043 5045 Marcus
2081 4989 2126 5019 δ’
2175 5003 2305 5042 veru

704 5094 859 5156 dixit,
891 5091 1033 5161 quod
1078 5091 1243 5144 etiam
1278 5086 1782 5155 circumspiciebat,
1821 5094 1879 5139 ut
1919 5085 2127 5139 videret
2157 5098 2302 5149 eam,

704 5203 735 5251 (ι
748 5202 825 5236 tta:
863 5186 964 5237 hoc
996 5190 1229 5237 iecerat.

1371 5304 1415 5335 η
1456 5303 1619 5370 lbid.,
1649 5300 1738 5357 27.

822 5305 857 5334 °'
893 5304 1054 5360 Marc.
1083 5322 1130 5373 ν,
1164 5308 1254 5360 26.
1371 5304 1415 5335 ⁸⁸
1456 5303 1619 5370 lbid.,
1649 5301 1738 5357 ‘27.
1856 5301 1902 5333 "
1958 5302 1993 5352 Ι.
2019 5302 2119 5368 ἓιί.,
2152 5303 2244 5356 59..

2498 4711 2649 4780 Ἐγὼ
2682 4742 2751 4752 -
2788 4712 2956 4782 ἐμοῦ.
2995 4716 3237 4787 Δύναμιν
3270 4715 3700 4787 θεραπευτικὴν,
3734 4717 4006 4787 δηλονότι,

2414 4804 2481 4873 ἠν
2528 4806 2779 4861 εἵλκυσεν
2812 4811 2842 4877 η
2879 4810 3060 4873 πίστις
3090 4812 3187 4880 τῆς
3234 4811 3516 4879 γυναικός.
3557 4809 3691 4864 Eine
3746 4811 3800 4862 δὲ
3846 4811 4004 4864 τοῦτο

2417 4896 2552 4966 πρὸς
2576 4898 2795 4952 πλείονα
2823 4900 3113 4969 βεϐαίωσιν
3141 4904 3235 4956 τοῦ
3275 4906 3349 4975 μὴ
3384 4906 3599 4972 ἀγνοεῖν
3631 4905 3729 4973 τὴν
3781 4903 4001 4972 ἁψαμέ-

2417 5007 2515 5053 νην
2556 5006 2569 5019 ’
2607 4990 2634 5041 ὁ
2669 4991 2724 5043 δὲ
2790 4994 3016 5063 Μάρκος
3077 4991 3270 5062 εἶπεν,
3322 4999 3404 5050 ὅτι
3460 4998 3554 5049 καὶ
3611 4997 4007 5066 περιεϐλέπετο

2422 5080 2553 5131 ἰδεῖν
2586 5081 2685 5151 τὴν
2722 5082 2882 5135 τοῦτο
2916 5084 3249 5154 ποιήσασαν.

1910 5465 2106 5526 Variw
2169 5462 2472 5527 lectiones
2504 5473 2564 5528 et
2597 5474 2782 5528 nolte.

773 5551 887 5620 (ιθ)
949 5546 1166 5600 Πολλῶν
1196 5548 1303 5617 γὰρ
1335 5550 1641 5619 τηνικαῦτα
1672 5548 1727 5603 B.

775 5694 871 5763 (ιγ)
932 5688 1289 5756 Exspectata:
1348 5690 1478 5753 ipse.
1509 5686 1626 5757 Ipse
1668 5685 1720 5737 in
1755 5700 1819 5739 eo
1843 5684 2087 5754 persistit
2119 5700 2181 5739 ac
2208 5684 2297 5737 di-

700 5782 726 5822 c
757 5778 860 5908 [(55)
896 5836 1198 5902 Stuporem.

1302 5833 1333 5845 TV

1271 5833 1594 5885 Ἔλστςισιν.
1643 5830 1761 5884 luco
1796 5828 2052 5881 Ev:1sotv
2085 5829 2297 5883 \‘itltlur

2402 5689 2535 5759 legis
2569 5686 2865 5765 e._ReddAe,
2891 5689 3048 5758 hujus
3071 5692 3535 5759 perseverantiam.
3572 5694 3707 5752 Nam
3742 5697 3995 5765 ἔνστασις

2407 5778 2512 5815 nun
2549 5762 2733 5816 diﬂ'ert
2773 5762 2841 5814 ab
2875 5768 3131 5831 ’.πιμονψ
