4436 6450
758 386 865 450 9ι3

751 591 971 660 gebant,
1006 589 1461 659 comprimebant,
1492 587 1838 654 impellentes
1864 587 2007 641 circa
2038 603 2191 641 eum.

749 700 901 755 CAP.
960 699 1147 753 XXVI.
1194 700 1266 752 De
1300 699 1521 750 muliere
1556 697 1816 765 proﬂuvio
1867 699 2146 766 sanguinis
2183 698 2333 751 tabo-

1456 779 1628 819 route.

821 860 972 914 Vcrs.
1003 859 1091 912 45.
1122 858 1185 913 Et
1226 859 1414 912 mulier
1452 888 1521 898 ——
1557 856 1710 912 Vers.
1764 858 1851 911 Η.
1884 858 2018 926 ejus.
2062 859 2136 910 Ab
2173 859 2331 911 armis

745 954 1037 1016 duodecim,
1068 954 1118 1006 id
1154 964 1257 1015 est,
1288 966 1461 1004 annos
1486 950 1778 1004 duodecim
1810 969 1823 1015 ;
1857 952 1961 1004 hoc
1988 951 2134 1004 enim
2165 950 2334 1019 signi-

747 1047 1051 1096 ticaverunt
1094 1045 1304 1111 priores
1358 1040 1731 1109 evangelistze.
1773 1042 1986 1094 Marcus
2020 1056 2146 1094 vero
2165 1042 2207 1070 "
2237 1041 2333 1093 ad-

746 1134 902 1196 ilidit,
944 1136 1085 1201 quod
1133 1149 1240 1185 non
1279 1133 1453 1185 solum
1515 1149 1544 1185 a
1604 1134 1832 1185 medicis
1868 1134 1920 1184 in
1970 1133 2117 1185 nullo
2145 1133 2331 1199 ailjuta

744 1224 943 1286 fuerat,
987 1240 1174 1277 verum
1226 1227 1389 1277 etiam
1438 1224 1608 1293 magis
1668 1223 1720 1274 in
1776 1223 2020 1275 deterius
2076 1232 2326 1276 venerat.

742 1314 881 1378 Quid
920 1314 988 1367 sit
1039 1325 1217 1367 autem
1269 1313 1504 1376 ﬁmbria,
1560 1312 1767 1366 dictum
1808 1322 1890 1367 est
1926 1316 2139 1367 decimo
2180 1324 2333 1367 sexto

744 1405 924 1473 capite
988 1404 1266 1474 Evangelii
1331 1404 1634 1457 secundum
1710 1403 2333 1458 Matthmumﬁrwterea

743 1494 871 1547 dicit
906 1493 1119 1548 Marcus
1142 1494 1209 1555 “,
1241 1495 1452 1547 venisse
1481 1494 1651 1561 ipsam
1678 1494 1732 1545 in
1777 1496 1931 1546 turba
1963 1508 1991 1545 a
2019 1504 2190 1562 tergo,
2228 1495 2331 1546 hoc

740 1595 841 1647 est,
880 1586 1245 1639 immiscuisse
1288 1599 1345 1637 se
1396 1584 1591 1645 turbat,
1632 1583 1779 1651 quod
1820 1584 1992 1637 latere
2030 1585 2326 1638 niteretur.

814 1677 921 1732 Sed
955 1694 1057 1732 cur
1086 1679 1374 1733 manifeste
1408 1692 1513 1729 non
1552 1678 1728 1745 tetigit
1758 1675 1780 1728 ?
1807 1677 1944 1743 Quia
1968 1678 2201 1744 seipsam
2233 1678 2334 1729 im-

740 1769 998 1823 mundam
1031 1782 1153 1822 esse
1212 1768 1439 1829 sciebat,
1474 1776 1526 1820 et
1576 1782 1723 1831 eum,
1782 1767 1876 1835 qui
1933 1768 2172 1819 mundus
2218 1775 2335 1819 erat

1986 385 2369 446 EUTHYMll
2412 386 2771 449 ZIGABENI

822 499 975 555 Vcrs.
1009 500 1094 553 42.
1135 499 1281 554 Inter
1302 498 1526 552 eundum
1562 505 1737 549 autem
1775 524 1843 534 —
1865 512 2008 551 eum.
2041 497 2330 553 Constrin—
2363 511 2409 564 Α

3919 396 4021 462 9“

2523 506 2624 557 Ἕν
2645 505 2715 557 δὲ
2740 504 2820 569 τῷ
2855 504 3100 573 ὑπάγειν
3129 534 3197 545 -
3220 508 3429 561 αὐτόν.
3464 506 3860 577 Συνίσφιγγον,
3900 512 4028 567 ὠθι-

2440 594 2659 661 ζόμενοι
2693 612 2758 647 πε
2768 596 2823 664 ρὶ
2857 596 3043 649 αὐτόν.

2653 708 2808 759 ΚΕΦ.
2846 705 2989 772 KQ".
3034 708 3172 775 Περὶ
3203 706 3312 773 τῆς
3336 710 3807 777 αιμορῤοούσης.

2508 858 2616 911 Καὶ
2669 858 2827 926 γυνὴ
2863 887 2929 898 -
2969 858 3184 925 αὐτῆς.
3246 862 3382 913 Ἀπὸ
3419 862 3571 914 ἐτῶν
3615 865 3865 931 δώδεκα,
3907 869 4033 921 ἀντὶ

2436 950 2529 1001 τοῦ
2573 952 2631 1001 ἐν
2685 950 2830 1003 ἔτεσι
2886 950 3117 1003 δώδεκα.
3163 952 3335 1003 Τοῦτο
3361 953 3472 1023 γάρ
3504 956 3782 1024 ἐδήλωσαν
3810 962 3858 1011 οί
3890 978 4029 1029 προ-

2436 1040 2689 1101 λαϐόντες
2720 1042 3123 1108 εὐαγγελισταί.
3162 1044 3391 1111 Μάρκος
3421 1045 3477 1096 δὲ
3521 1048 3867 1117 προσέθηκεν
3898 1090 3911 1113 ,
3945 1052 4028 1103 ὅτι

2436 1132 2497 1182 οὑ
2550 1132 2713 1199 μόνον
2744 1133 2917 1195 ξοὺδὲν
2968 1133 3224 1202 ὠφελήθη
3264 1135 3417 1202 παρά
3458 1137 3572 1189 τῶν)
3615 1141 3837 1207 ἰατρῶν,
3894 1142 4031 1194 ἀλλά

2438 1222 2529 1271 καὶ
2564 1220 2764 1287 μᾶλλον
2807 1222 2884 1282 είς
2925 1221 2984 1272 τὸ
3020 1224 3203 1290 χεῖρον
3237 1219 3392 1290 ἦλθε.
3440 1225 3503 1274 Τί
3534 1226 3593 1277 δέ
3629 1230 3742 1279 ἐστι
3784 1234 4027 1297 κράσπε-

2438 1311 2545 1373 δον,
2588 1312 2803 1379 εἴρηται
2847 1314 2902 1362 ἐν
2934 1313 3009 1380 τῷ
3043 1314 3414 1383 ἑξκαιδεκὰτῳ
3447 1317 3727 1384 κεφαλαίῳ
3758 1320 3850 1370 τοῦ
3886 1321 4029 1373 κατά

2437 1400 2737 1453 λιατθαῖον.
2778 1402 2899 1453 Ἔτι
2932 1402 2985 1454 δέ
3023 1420 3186 1471 φησιν
3220 1406 3247 1454 ὁ
3274 1407 3523 1474 Μάρκος,
3558 1406 3731 1459 ἐλθεῖν
3765 1411 3936 1480 αὐτὴν
3970 1416 4029 1464 ιν

2437 1491 2513 1559 τῷ
2544 1492 2687 1562 ὄχλῳ
2719 1492 2945 1543 ὄπισθεν
2972 1532 2985 1553 ,
3021 1496 3306 1547 τουτέστιν
3331 1534 3345 1557 ,
3385 1498 3721 1564 ἀναμιγῆναι
3748 1501 3822 1568 τῷ
3854 1502 4026 1571 ϐχλῳ,

2440 1583 2850 1651 μηχανωμένην
2893 1582 3097 1635 λαθεῖν.

2506 1674 2657 1725 Διατί
2699 1674 2755 1725 δὲ
2800 1676 2897 1742 οὐχ
2952 1674 3130 1743 ἥψατο
3177 1676 3468 1746 φανερῶς;
3518 1678 3662 1729 Διότι
3713 1680 4028 1749 ἀκάθαρτον

2438 1766 2639 1835 ἑαυτὴν
2668 1766 2960 1832 ἐγίνωσκε,
2990 1769 3084 1819 καὶ
3106 1768 3356 1835 ἐφοϐεῖτο
3391 1770 3641 1840 φανερῶς
3666 1771 3907 1839 ἅψασθαι
3932 1771 4027 1823 τοῦ

738 1861 912 1928 palam
939 1869 1161 1928 tangere
1182 1859 1533 1921 formidabat,
1568 1873 1694 1910 cum
1723 1872 1753 1910 a
1777 1857 1893 1926 lege
1920 1856 2329 1925 prohiberetur.
2364 1851 2403 1905 Β
2436 1873 2490 1908 κε

2281 1871 2329 1908 r.
2364 1851 2403 1905 Β
2436 1855 2708 1926 καθαροῦ,
2743 1857 3066 1927 κωλυομένη
3100 1859 3251 1927 πσρά
3281 1859 3373 1911 τοῦ
3413 1861 3602 1928 νόμου.
3642 1865 3751 1914 Καὶ
3778 1864 3919 1915 δατί
3950 1865 4026 1932 pi!

733 1952 918 2017 Quare
951 1961 1132 2005 autem
1162 1966 1193 2004 a
1240 1951 1539 2020 longinquo
1575 1958 1731 2004 stans
1762 1964 1876 2002 non
1910 1950 2139 2017 petebat
2168 1948 2319 2001 sani-

739 2053 902 2097 tatem
930 2042 953 2095 ?
984 2041 1125 2107 Quia
1159 2041 1451 2095 verebatur
1483 2039 1804 2109 huiusmodi
1848 2039 2101 2092 morbum
2144 2037 2326 2106 publi-

738 2150 883 2190 care.
915 2135 1089 2189 Simul
1116 2137 1282 2189 etiam
1330 2134 1579 2195 timebat,
1618 2148 1689 2186 ne
1720 2146 1831 2201 quo
1880 2134 2043 2184 modo
2084 2130 2266 2199 agnita
2296 2144 2325 2184 a

738 2227 896 2280 turba
927 2225 1286 2295 repelleretur
1316 2232 1542 2294 propter
1564 2237 1719 2277 suam
1743 2222 2145 2291 impuritatem.

809 2315 965 2372 Vers.
1001 2316 1091 2370 ιδ.
1137 2314 1204 2367 Et
1239 2318 1315 2368 ait
1352 2344 1421 2354 —
1462 2316 1587 2368 me?
1621 2313 2005 2384 Interrogavit,
2042 2328 2150 2365 non
2184 2311 2327 2381 quod

735 2412 1032 2482 ignoraret,
1077 2407 1173 2463 sed
1218 2416 1278 2460 ut
1323 2406 1435 2468 illa,
1476 2404 1719 2476 cognito,
1766 2403 1913 2473 quod
1960 2417 2070 2455 non
2109 2402 2323 2467 lateret,

733 2514 895 2573 prout
921 2510 1256 2571 speraverat,
1284 2500 1579 2553 sanitatem
1614 2497 1804 2551 furtim
1837 2510 1945 2550 non
1984 2496 2323 2564 subriperet,

732 2596 823 2649 sed
854 2596 992 2647 hanc
1018 2596 1083 2647 ab
1110 2594 1228 2662 ipso
1256 2591 1509 2646 ultroneo
1536 2591 1801 2654 auferret,
1838 2589 2170 2653 conﬁtendo,
2208 2602 2327 2656 quae

731 2688 877 2740 circa
912 2702 971 2741 se
1018 2686 1160 2739 facta
1192 2693 1381 2739 essent
1419 2700 1434 2736 :
1482 2692 1537 2737 et
1585 2684 1659 2736 ita
1694 2692 1824 2736 nota
1856 2682 2051 2734 fierent
2092 2679 2197 2742 his,
2233 2679 2326 2747 qui

731 2778 1018 2831 ClitiStum
1062 2776 1457 2844 sequebantur,
1491 2783 1545 2828 et
1576 2773 1827 2827 mulieris
1876 2771 2011 2825 lides
2042 2780 2097 2825 et
2120 2769 2325 2824 Christi

730 2868 925 2930 uirtus,
960 2882 1121 2936 quem
1158 2866 1295 2919 nihil
1325 2868 1494 2920 latere
1530 2874 1752 2933 potest;
1791 2878 1855 2918 ac
1876 2863 2036 2917 multi
2078 2873 2132 2916 et
2159 2862 2321 2916 tidem

728 2962 876 3012 illius
929 2959 1301 3019 imitarentur.
1359 2968 1413 3011 et
1460 2958 1716 3011 timerent
1750 2955 1914 3025 hujus
1976 2954 2327 3024 omnipoten-

730 3056 885 3114 tiatn,
917 3050 1271 3117 Omniumque
1300 3048 1622 3110 scientiam;
1662 3057 1946 3116 praeterea,
1986 3054 2043 3098 ιιι
2080 3045 2323 3125 arcbisy:

726 3157 966 3212 nagogus
1008 3156 1038 3193 a
1080 3140 1335 3208 prazsenti
1386 3138 1653 3192 miraculo
1690 3139 1953 3206 majorem
2003 3138 2321 3205 conciperet

726 3235 1003 3287 tiduciam.
1500 3213 1506 3219 ’

797 3325 952 3379 Vers.
985 3323 1074 3378 45.
1112 3320 1446 3393 Negantibus
1471 3352 1537 3361 -
1571 3320 1699 3373 me?
1733 3321 1929 3375 Petrus
1975 3321 2042 3374 de
2082 3320 2315 3389 simplici

720 3426 979 3472 contactu
1030 3415 1310 3469 Christum
1354 3415 1505 3481 loqui
1550 3412 1924 3475 existimabat,
1958 3428 2068 3481 quo
2100 3427 2313 3475 omnes,

720 3513 815 3581 qui
866 3510 1261 3581 sequebantur,
1308 3506 1605 3578 tangebam
1631 3520 1782 3570 eum,
1811 3505 2035 3573 impulsi
2066 3521 2131 3560 ac
2159 3520 2318 3559 coar-

720 3606 854 3661 ctati
886 3606 1034 3658 circa
1071 3604 1274 3673 ipsum,
1312 3610 1366 3654 et
1397 3601 1469 3653 ita
1501 3598 1954 3667 constringebant
1985 3613 2109 3652 eum
2149 3616 2160 3650 :
2196 3599 2313 3666 ipse

718 3714 849 3754 vero
877 3698 944 3752 de
990 3698 1081 3751 tali
1136 3711 1249 3749 non
1308 3695 1652 3763 loquebatur,
1695 3694 1786 3745 sed
1834 3692 1901 3746 de
1949 3706 2037 3755 eo,
2086 3692 2178 3759 qui
2213 3689 2318 3744 ﬁde

718 3797 895 3848 factus
941 3804 1078 3846 erat.
1111 3791 1251 3844 Cum
1294 3789 1439 3844 enim
1484 3797 1616 3841 tunc
1649 3784 1805 3838 multi
1841 3799 1973 3839 casu
2010 3800 2135 3838 eum
2168 3800 2318 3838 com-

715 3884 1007 3955 primendo
1031 3890 1343 3952 tangerent,
1368 3878 1543 3933 solum
1570 3877 1739 3947 hujus
1771 3877 1945 3931 sensit
1971 3885 2315 3942 contactum,

715 3977 808 4048 qui
832 3991 861 4030 a
886 3975 991 4031 ﬁde
1018 3973 1380 4044 procedebat.

789 4164 947 4220 Vers.
998 4160 1091 4217 66.
1126 4160 1277 4215 Jews
1316 4174 1436 4214 vero
1474 4186 1541 4196 —
1568 4157 1855 4227 quispiam.
1897 4154 2035 4220 Quia
2070 4154 2315 4209 nondum

712 4258 970 4311 confessa
1002 4264 1122 4309 erat
1163 4253 1361 4307 mulier
1409 4250 1604 4304 timore
1642 4247 1960 4319 perterrita,
2025 4255 2313 4316 exspecta-

710 4351 803 4405 bat
825 4349 941 4419 ipse
959 4346 1085 4419 (rr),
1118 4345 1306 4400 dicens
1347 4363 1359 4399 :
1396 4342 1587 4413 Tetigit
1612 4358 1693 4397 me
1713 4341 1998 4412 quispiam,
2034 4349 2091 4393 ut
2131 4338 2316 4393 videns

711 4443 830 4512 ipsa
878 4442 1042 4512 hujus
1089 4439 1247 4510 quasi
1276 4448 1557 4507 stuporem
1601 4436 1721 4506 (ss),
1756 4450 1852 4489 sua
1903 4443 2119 4505 sponte,
2168 4433 2315 4502 quod

2437 1947 2627 2017 πόρρω
2673 1949 2847 2000 στᾶσα
2892 1950 2991 2019 τὴν
3042 1950 3231 2016 ὑγείαν
3262 1951 3545 2020 ῂτήσατο;
3589 1954 3736 2005 Διότι
3764 1954 4027 2023 ᾐσχύνετο

2431 2036 2793 2106 δημοσιεῦσαι
2822 2039 3066 2093 τοιοῦτον
3098 2042 3296 2103 πάθος.
3335 2042 3486 2111 Ἀμα.
3503 2043 3560 2096 δὲ
3588 2046 3679 2096 καὶ
3706 2046 4025 2107 ὑπώπτευε.

2436 2132 2647 2199 μήποτε
2684 2131 3084 2198 διαγνωσθεῐσα
3115 2133 3364 2204 ἀπελαθῇ
3402 2140 3552 2205 παρά
3592 2136 3684 2189 τοῦ
3713 2138 3897 2207 ὄχλου,
3934 2140 4025 2191 ’3ιά

2432 2224 2531 2289 ’τί-,ν
2556 2222 2905 2292 ἀκαθαρσίαν
2927 2225 3123 2295 αὐτῆς.

2501 2316 2608 2369 Καὶ
2646 2312 2816 2368 εἶπεν
2846 2346 2913 2356 -
2940 2333 3097 2385 μου;
3151 2318 3488 2390 Ἠρὼτησεν,
3517 2323 3617 2374 οὐκ
3644 2324 3877 2391 ἀγνοῶν,
3908 2324 4026 2377 ἀλλ’

2433 2408 2519 2461 ἵνα
2550 2410 2775 2476 γνοῦσα,
2811 2410 2892 2469 ὅτι
2925 2412 3026 2463 οὑκ
3058 2412 3271 2477 ἔλαθεν,
3297 2414 3373 2476 ὡς
3399 2416 3652 2483 ἡλπιζεν,
3684 2417 3794 2469 οὐδ’
3828 2418 4023 2486 ἔκλεψα

2429 2502 2529 2567 τὴν
2558 2500 2773 2567 ὑγείαν,
2812 2502 2949 2553 ἀλλά
2981 2504 3112 2571 παρ’
3141 2505 3363 2567 ἑκόντος
3398 2506 3567 2559 αὐτοῦ
3599 2507 3803 2575 ταύτην
3835 2510 4024 2579 ἐκομί-

2434 2609 2586 2657 σατο,
2618 2596 2999 2667 ἀνομολογήσῃ
3024 2601 3092 2650 τὰ
3114 2600 3234 2651 κατ’
3264 2600 3458 2669 αὐτὴν,
3490 2604 3584 2654 καὶ
3614 2604 3887 2672 γνωρισθῇ
3911 2607 4023 2666 τοῖς

2430 2686 2811 2751 ἀκολουθοῦσι,
2847 2690 3052 2760 ταύτης
3084 2691 3245 2762 μδνὴ
3279 2694 3485 2755 πίστις,
3518 2694 3685 2747 αὑτοῦ
3713 2696 3769 2746 δὲ
3802 2698 3832 2763 ἡ
3861 2696 4024 2747 δύνα-

2435 2794 2523 2845 μις
2558 2779 2745 2830 καὶτὸ
2791 2779 3084 2850 ἀλάθητον,
3124 2784 3218 2833 καὶ
3281 2785 3633 2853 μιμήσωνται
3687 2786 3786 2854 μὲν
3840 2788 4024 2840 πολλοὶ

2431 2868 2528 2937 τὴν
2554 2869 2738 2922 πίστιν
2766 2871 2960 2940 αὐτῆς,
2996 2874 3280 2945 φοϐηθώρι
3308 2875 3363 2926 δὲ
3393 2878 3451 2927 τὸ
3477 2878 3887 2948 πιντοὸύναμον
3920 2882 4021 2932 αὐ-

2430 2961 2526 3013 τοῦ
2585 2964 2681 3015 καὶ
2720 2966 3151 3032 πανεπίσκοπον,
3218 2968 3309 3017 καὶ
3374 2967 3458 3019 ἵνα
3520 2969 3614 3018 καὶ
3674 2972 3702 3020 ὁ
3760 2973 4020 3039 ἀρχισυν-

2431 3055 2649 3122 άγωγος
2704 3058 2929 3111 πλείονα
2992 3059 3131 3129 λάϐῃ
3196 3061 3381 3113 πίστιν
3446 3062 3555 3113 ἀπὸ
3602 3062 3696 3113 τοῦ
3748 3066 4017 3134 παρόντος

2432 3146 2733 3217 θαύματος.

2503 3315 2907 3389 Ἀρνουμένων
2936 3353 3008 3365 -
3038 3339 3195 3390 μου;
3242 3322 3303 3377 Ὀ
3348 3323 3551 3393 Πέτρος
3589 3326 3689 3393 μὲν
3722 3326 3859 3396 ῷετο
3889 3329 4016 3397 περὶ

2424 3411 2599 3479 ἁπλῇς
2626 3414 2844 3481 ἐπαφῆς
2884 3414 3065 3482 λέγειν
3094 3416 3185 3467 τὸν
3207 3417 3465 3485 Χριστὸν,
3503 3420 3621 3471 καθ’
3651 3418 3717 3488 ὴν
3743 3424 3938 3483 πάντες
3964 3424 4012 3473 οἱ

2421 3502 2843 3566 ἀκολουθοῦντες
2885 3504 3125 3574 ἥπτοντο
3160 3505 3348 3569 αὑτοῦ,
3375 3509 3505 3576 περὶ
3550 3508 3713 3560 αὑτὸν
3742 3508 4016 3576 ὠθιζόμε-

2421 3608 2501 3641 νοι
2531 3593 2623 3643 καὶ
2652 3594 3057 3660 ἀποθλίϐοντες,
3078 3596 3279 3659 εῐτουν,
3324 3598 3763 3667 ἀποσφίγγοντες
3804 3577 3967 3653 αὐτόν
3992 3615 4011 3633 υ

2420 3680 2583 3743 αὐτὸς
2618 3683 2673 3735 δὲ
2704 3684 2764 3735 οὑ
2796 3685 2926 3755 περὶ
2986 3688 3245 3758 τοιαύτης
3305 3689 3514 3757 ἔλεγεν,
3548 3691 3684 3745 ἀλλά
3742 3696 3871 3763 περὶ
3911 3693 4014 3756 τῆς

2420 3776 2721 3845 γενομένης
2767 3779 2831 3828 ὲκ
2886 3778 3145 3843 πίστεως.
3174 3780 3393 3834 Πολλῶν
3457 3784 3513 3836 δὲ
3550 3784 3850 3853 τηνικαῦτα
3898 3787 4011 3857 (49)

2422 3869 2563 3920 κατά
2612 3868 2784 3938 τύχην
2818 3871 3145 3941 ἁπτομένων
3180 3874 3369 3940 αὑτοῦ,
3396 3876 3483 3929 διά
3515 3878 3605 3929 τὸν
3640 3879 4011 3947 συνωθισμὸν,

2423 3962 2590 4031 μόνης
2612 3962 2809 4033 ᾔσθετο
2830 3965 2925 4035 τῆς
2956 3967 3172 4038 ἐπαφῆς
3208 3969 3434 4039 ταύτης,
3482 3972 3784 4041 γενομένης
3812 3976 3877 4025 ὲκ
3918 3980 4011 4023 πί-

2422 4070 2613 4118 στεως.

2504 4151 2557 4200 ’0
2596 4149 2664 4202 δὲ
2710 4152 2948 4219 Ἰησοῦς
2972 4183 3038 4192 -
3073 4156 3182 4220 τίς.
3220 4158 3372 4210 Ἐπεὶ
3415 4158 3570 4213 οὔπω
3602 4160 4008 4231 διωμολόγησεν

2417 4240 2450 4309 ὴ
2479 4240 2653 4310 γυνὴ,
2690 4244 3001 4313 φοϐουμένη
3036 4246 3287 4311 πάντως,
3322 4250 3757 4319 αὑτὸςὲττιμένει
3791 4250 4005 4317 λέγων,

2420 4333 2657 4401 ’Ἥψατό
2676 4337 2791 4403 μού
2816 4353 2924 4401 τις,
2978 4337 3063 4390 ἵνα
3086 4339 3361 4408 βλέπουσα
3401 4344 3500 4413 τὴν
3525 4344 3776 4395 ἔνστασιν
3817 4344 4006 4407 αὑτοῦ,

2418 4426 2725 4497 αὐτόματος
2747 4429 3063 4502 ὁμολογήσῃ
3085 4433 3148 4485 τὸ
3170 4435 3417 4502 γεγονὸς,
3452 4437 3542 4487 καὶ
3572 4435 3713 4506 αὐτη
3737 4438 3797 4487 τὸ
3820 4436 4007 4505 θαῦμα

710 4540 916 4591 factum
958 4544 1099 4599 erat,
1142 4533 1524 4595 conﬁteretur,
1562 4539 1619 4585 et
1655 4531 1773 4599 ipsa
1808 4526 2133 4583 miraculum
2170 4540 2311 4596 ρεαδ-
2338 4550 2392 4609 D
2418 4520 2462 4574 ἀι

1009 4544 1099 4599 rat,
1142 4533 1524 4595 conﬁteretur,
1562 4539 1619 4585 et
1655 4531 1773 4599 ipsa
1808 4526 2133 4583 miraculum
2170 4540 2311 4596 ρεαδ-
2338 4550 2392 4609 D
2418 4518 2761 4593 ἀνακηρύξῃ.

710 4632 941 4683 dicaret.

781 4720 939 4775 Vers.
999 4718 1089 4775 46.
1146 4719 1259 4788 Ego
1306 4743 1369 4758 --
1428 4734 1529 4770 me.
1572 4715 1869 4779 Virtutem,
1922 4714 2179 4771 videlicet
2215 4729 2306 4769 sa-

707 4815 898 4878 tiandi,
937 4826 1101 4880 quam
1146 4812 1372 4865 attraxit
1418 4810 1555 4864 fides
1595 4808 1867 4863 mulieris.
1915 4806 2064 4861 Dixit
2120 4817 2304 4859 autem

710 4911 836 4971 hoc,
866 4916 925 4959 ut
951 4903 1122 4973 magis
1152 4901 1759 4970 conﬁrmaretur,quod
1783 4916 1907 4954 eum
1941 4915 2053 4953 non
2084 4898 2302 4961 lateret,

705 5017 827 5068 qua:
859 5005 1009 5052 esset
1045 5012 1107 5050 ca
1134 5010 1256 5065 qua:
1308 4996 1488 5065 ipsum
1519 4996 1793 5063 tetigerat.
1826 4992 2042 5046 Marcus
2080 4990 2125 5020 "
2175 5004 2304 5043 veru

704 5095 859 5156 dixit,
890 5091 1035 5161 quod
1079 5092 1243 5145 etiam
1278 5088 1782 5157 circutuSpiciebat,
1820 5096 1878 5141 ut
1918 5086 2126 5140 videret
2156 5099 2300 5148 eam,

704 5202 824 5252 qua:
862 5186 964 5237 ltoc
996 5190 1230 5238 fecerat.

1372 5303 1415 5335 ιι
1456 5304 1619 5371 lbid.,
1648 5301 1738 5357 27.

818 5305 857 5333 "'
893 5306 1055 5360 Marc.
1084 5322 1131 5371 γ,
1164 5308 1255 5360 26.
1372 5303 1415 5335 ⁵⁸
1456 5304 1619 5371 lbid.,
1648 5302 1738 5357 27.
1855 5302 1901 5333 "
1958 5302 1991 5353 Ι.
2018 5302 2118 5368 id.,
2152 5303 2243 5356 3‘3.

2497 4712 2647 4781 Ἐγὼ
2680 4743 2749 4752 -
2787 4712 2955 4782 ἐμοῦ.
2995 4715 3237 4787 Δύναμιν
3270 4715 3700 4787 θεραπευτικὴν,
3733 4716 4003 4787 δηλονότι,

2413 4805 2480 4875 ἠν
2527 4806 2777 4862 εῐλκυσεν
2811 4811 2841 4877 ἡ
2877 4810 3059 4873 πίστις
3089 4812 3187 4879 τῆς
3233 4811 3516 4879 γυναικός.
3556 4809 3691 4864 Eine
3745 4811 3800 4862 δὲ
3846 4811 4003 4864 τοῦτο

2416 4897 2549 4967 πρὸς
2573 4898 2793 4952 πλείονα
2822 4901 3112 4969 βεϐαίωσιν
3141 4904 3235 4957 τοῦ
3275 4905 3350 4975 μὴ
3384 4906 3599 4971 ἀγνοεῖν
3631 4906 3729 4973 τὴν
3780 4903 3999 4972 ἁψαμέ-

2416 5007 2513 5054 νην
2554 5006 2566 5019 ·
2605 4991 2632 5041 ὁ
2667 4992 2722 5044 δὲ
2788 4994 3015 5063 Μάρκος
3077 4991 3269 5062 εἶπεν,
3321 4999 3405 5050 ὅτι
3460 4998 3554 5049 καὶ
3612 4997 4005 5067 περιεϐλέπετο

2420 5081 2551 5132 ἰδεῖν
2584 5083 2683 5151 τὴν
2720 5083 2880 5135 τοῦτο
2914 5086 3249 5155 ποιήσασαν.

1908 5466 2105 5526 Vario:
2168 5462 2471 5528 lectiones
2502 5474 2563 5528 et
2596 5474 2781 5529 noue.

773 5552 887 5622 (ιο)
950 5548 1165 5601 Πολλῶν
1195 5548 1302 5617 γὰρ
1335 5550 1642 5618 τηνικαῦτα
1672 5548 1727 5602 B.

774 5694 872 5764 (τ’ν)
932 5688 1287 5757 Exspcclatat
1347 5691 1477 5752 ipse.
1509 5686 1626 5757 ipse
1668 5686 1720 5738 in
1755 5700 1819 5740 eo
1843 5683 2086 5755 persistit
2118 5699 2180 5740 ac
2208 5684 2296 5737 di-
2402 5690 2534 5759 legis
2570 5687 2864 5765 e._Reddc,
2889 5690 3048 5759 Imjus
3070 5692 3535 5759 perseverantium.
3572 5694 3707 5753 Nam
3743 5697 3996 5765 ἔνστασις

700 5778 794 5822 C’l.

770 5846 860 5909 (δέ)
895 5836 1197 5903 διειρονεηι.
1270 5833 1594 5885 ’ἱζλσταοικκ
1644 5830 1761 5884 loco
1796 5829 2051 5881 ἕν;τ;σιν
2083 5829 2297 5883 γίιζςζιιι*

2407 5778 2511 5816 non
2548 5762 2732 5817 diﬂ'ert
2773 5763 2839 5815 ab
2872 5770 3130 5833 ιτειμονη.
