4436 6450
754 381 857 442 947

2019 386 2400 448 EUTHYMII
2442 386 2805 448 ZIGABENI

3916 387 4026 453 948

822 487 977 545 Vers.
1009 494 1060 549 5.
1082 495 1152 547 Et
1170 498 1463 564 quicunque
1488 525 1557 537 —
1581 497 1832 551 adversus
1856 498 1993 551 illos.
2022 498 2143 552 Pari
2174 498 2336 551 tundo
2364 497 2414 556 Δ
2510 504 2574 554 Kc

2268 498 2336 550 do
2364 497 2414 556 Δ
2510 499 2618 554 Καί
2642 500 2776 552 ὅσοι
2804 530 2869 542 -
2899 500 2992 553 ἐπ’
3038 501 3281 565 αὐτούς.
3316 500 3724 573 Παραπλησίως
3759 500 3854 555 καὶ
3898 497 4019 571 περὶ

750 590 801 631 et
835 580 903 633 de
933 583 1040 637 his.

822 670 975 727 Vers.
1036 674 1089 730 6.
1142 676 1360 746 Egressi
1413 706 1482 720 -—-
1534 682 1736 746 ubique.
1784 678 1947 733 Juxta
1992 692 2328 748 praeceptum

749 762 887 829 ejus,
914 766 1003 833 qui
1032 766 1258 821 miserat
1287 770 1432 825 illos.

825 854 979 909 Vers.
1020 857 1069 911 'l.
1102 860 1318 912 Audivi:
1352 891 1418 903 —-
1448 860 1604 914 γεγε.
1644 861 1696 914 9.
1747 876 1885 914 eum.
1922 861 1993 915 De
2020 862 2105 915 his
2136 868 2328 915 exacte

748 941 1082 1012 disputatum
1146 958 1229 1000 est
1277 948 1540 1002 vicesimo
1593 948 1789 1017 quinto
1837 950 2016 1018 capite
2048 947 2325 1017 Evangelii

746 1035 1046 1088 secundum
1078 1037 1410 1092 Mattlueum.

822 1126 974 1179 γει-ε.
1012 1129 1097 1181 10.
1136 1129 1200 1182 Et
1260 1135 1450 1184 reversi
1503 1162 1572 1171 —
1605 1130 1761 1186 Vers.
1792 1134 1879 1185 ll.
1929 1148 2071 1187 eum.
2104 1131 2328 1185 Decimo

745 1219 938 1286 quinto
963 1222 1140 1289 capite
1173 1222 1456 1291 Evangelii
1493 1225 1792 1279 secundum
1833 1224 2070 1278 Marcum
2118 1224 2325 1278 dictum

746 1321 829 1362 est
861 1310 927 1363 de
960 1311 1046 1365 his
1082 1312 1265 1376 latius,
1292 1313 1383 1367 ubi
1406 1315 1626 1381 ponitur
1649 1331 1663 1367 :
1688 1315 1754 1365 Et
1786 1324 2173 1384 congregantur
2195 1329 2325 1381 apo-

740 1401 861 1453 stoli
891 1403 963 1453 ad
990 1404 1171 1457 Jesum
1194 1405 1259 1459 “.

816 1491 970 1545 Vcrs.
1008 1496 1093 1546 Η.
1129 1495 1192 1547 Et
1230 1498 1515 1565 suscipiens
1554 1526 1625 1536 —
1670 1498 1916 1550 sanabat.
1950 1496 2021 1550 De
2057 1498 2141 1549 his
2178 1498 2324 1549 vice-

742 1584 882 1636 simo
906 1586 1101 1652 quinto
1150 1589 1303 1655 juxta
1354 1588 1667 1642 Matthzum
1698 1589 1877 1656 capite
1905 1589 2196 1658 diligenter
2218 1588 2327 1641 dis-

742 1679 1075 1743 putavimus,
1110 1679 1197 1731 ubi
1234 1679 1437 1734 dicitur
1464 1698 1475 1732 :
1507 1680 1579 1733 Et
1604 1696 1843 1747 egressus
1867 1678 2022 1733 Jesus
2052 1680 2179 1733 vidit
2212 1689 2327 1732 tur-

739 1770 859 1819 bant
886 1769 1100 1821 multum
1132 1789 1143 1822 :
1172 1780 1219 1822 et
1254 1772 1499 1824 misertus
1532 1783 1605 1825 est
1625 1772 1839 1823 illorum
1861 1772 1929 1824 ".

1000 1974 1151 2029 CAP.
1188 1978 1428 2033 XXVIII.
1463 1977 1538 2030 De
1561 1978 1789 2047 quinque
1817 1979 2065 2046 panibus.

809 2132 962 2186 Vers.
1014 2131 1101 2185 t2.
1144 2133 1269 2189 Dies
1312 2152 1432 2189 vero
1479 2164 1551 2175 -—
1596 2151 1799 2189 sumus.
1851 2135 2121 2190 Pra‘dicto
2143 2137 2322 2201 capite

736 2223 928 2278 horum
958 2226 1080 2279 data
1118 2235 1203 2281 est
1235 2227 1572 2296 explanatio.
1608 2227 1980 2281 Diversorium
2028 2242 2160 2281 vero
2189 2228 2323 2283 dicit

736 2332 903 2377 nunc,
955 2318 1383 2387 receptaculum.

808 2506 962 2559 Vers.
994 2508 1074 2560 t3.
1111 2509 1199 2559 Ait
1242 2537 1312 2545 —-
1342 2506 1501 2563 Vers.
1534 2508 1619 2561 14.
1660 2508 1939 2577 quinquies
1965 2507 2126 2561 mille.
2156 2507 2321 2563 Simi-

733 2598 857 2651 liter
882 2607 935 2653 et
964 2600 1031 2653 tle
1066 2598 1167 2657 his.

805 2685 961 2741 Vers.
992 2687 1079 2741 N.
1110 2688 1254 2743 Dixit
1313 2717 1381 2728 —
1420 2688 1578 2743 Vers.
1615 2688 1703 2743 15.
1737 2704 1937 2741 omnes.
1983 2689 2101 2741 Pari

732 2789 790 2834 et
818 2780 885 2834 de
914 2782 1019 2835 his.

806 2872 959 2926 Vers.
990 2872 1075 2925 {6.
1113 2873 1346 2940 Acceptis
1394 2903 1462 2914 -——
1491 2872 1649 2931 Vers.
1686 2874 1770 2927 t7.
1817 2874 2117 2927 duodecim.
2169 2873 2317 2925 Prm-

734 2974 882 3019 terca
910 2974 963 3018 et
989 2966 1055 3019 de
1082 2966 1186 3020 his.
1272 2956 1287 2990 ν’

729 3079 883 3134 CAP.
935 3077 1127 3133 XXIX.
1185 3078 1261 3134 De
1316 3082 1727 3136 interroaatione

1427 3169 1601 3222 putas.

806 3246 956 3299 V'ers.
997 3244 1082 3299 18.
1119 3244 1185 3298 EI
1226 3247 1423 3312 factum
1454 3255 1530 3300 est
1558 3274 1625 3285 —-
1649 3246 1803 3300 Vers.
1836 3242 1924 3298 ει).
1963 3243 2079 3297 Dei.
2113 3243 2316 3297 Horum

727 3340 971 3392 omnium
1006 3338 1518 3408 interpretationem
1557 3338 1808 3392 invenies
1838 3337 2116 3391 tricesimo
2158 3335 2317 3389 tertio

726 3430 906 3498 capite
943 3430 1217 3501 Evangelii
1245 3431 1547 3487 secundum
1586 3430 1919 3486 Matthzeum.

798 3521 959 3577 Vers.
1000 3521 1091 3577 21.
1129 3522 1179 3577 Is
1206 3539 1412 3577 aero—
1442 3524 1557 3577 hoc.
1593 3522 1735 3593 Lege
1771 3532 1941 3576 totam
2011 3522 2316 3575 enarratio-

726 3632 854 3671 nem
903 3631 1093 3670 eorum
1132 3632 1253 3686 quae
1306 3616 1360 3670 in
1413 3616 1504 3671 illo
1538 3616 1715 3687 capite
1760 3618 1900 3671 dicta
1938 3628 2084 3680 sunt,
2143 3630 2315 3685 usque

724 3708 794 3763 ad
826 3724 952 3764 eum
988 3709 1165 3763 locum
1216 3710 1308 3763 ubi
1360 3710 1563 3764 dicitur
1601 3728 1611 3761 :
1651 3709 1734 3763 Ea:
1780 3726 1840 3763 eo
1889 3717 2120 3779 tempore
2163 3711 2313 3777 ccepi:

722 3804 879 3860 Jesus
912 3805 1149 3858 iudicare
1185 3804 1459 3872 discipulis
1491 3804 1570 3869 ";
1613 3815 1667 3857 et
1696 3804 1821 3859 inde
1848 3805 2008 3859 simul
2061 3806 2308 3859 onmium

724 3898 1200 3969 diligentissimam
1234 3899 1440 3953 sumito
1464 3897 1937 3967 explanationem.

796 3989 951 4046 νει-ε.
986 3989 1076 4044 22.
1106 3990 1295 4044 Dicens
1318 4019 1384 4029 —
1418 3993 1677 4061 refugere.
1735 3988 1806 4045 Ibi
1848 3992 1913 4045 de
1967 3992 2052 4047 his
2093 4008 2311 4062 quoque

721 4102 825 4141 suo
866 4086 1058 4140 ordine
1081 4085 1418 4152 disputatum
1451 4094 1555 4140 est.

795 4179 952 4234 Vers.
994 4177 1085 4232 εδ.
1133 4177 1350 4232 Dicebat
1383 4196 1567 4232 -me.
1602 4178 1707 4233 Sed
1741 4188 1796 4233 et
1826 4179 1893 4233 de
1955 4178 2041 4233 his
2090 4194 2308 4248 quoque

720 4273 925 4328 ibidem
957 4280 1077 4342 post
1111 4287 1283 4341 pauca
1307 4271 1532 4326 omnino
1563 4273 1828 4327 invenies.

792 4363 948 4418 Vers.
1003 4362 1096 4417 ει.
1120 4360 1369 4433 Quisquis
1400 4381 1630 4418 --eam.
1690 4362 2020 4434 Quicunque
2072 4363 2308 4418 voluerit

716 4456 957 4512 animam
1011 4471 1167 4510 suam
1200 4472 1230 4509 α
1269 4465 1447 4511 morte
1471 4472 1693 4511 servare
1742 4463 1994 4526 tempore
2038 4456 2304 4527 martyrii,

2160 2687 2321 2741 modo

1797 3081 2008 3135 Domini
2063 3081 2132 3133 ad
2163 3081 2317 3133 disci—

2434 609 2663 644 τουτων.

2520 682 2936 749 Ἐξερχόμενοι
2968 713 3037 725 -
3080 680 3413 750 πανταχοῦ.
3466 680 3625 735 Κατὰ
3664 680 3764 749 τὴν
3797 681 4021 748 ιντολὴν

2431 774 2527 827 τοῦ
2562 775 2987 836 ἀποστείλαντος
3019 774 3235 836 αὐτούς.

2508 865 2813 917 ’Ἤκουσεν
2860 892 2930 905 -—
2966 863 3176 915 αὐτόν.
3242 860 3378 930 Περὶ
3428 858 3637 913 τούτων
3677 858 4013 929 ὴκριδολότη

2429 975 2521 1009 ται
2545 956 2656 1023 (54)
2678 956 2861 1019 καλῶς
2879 955 2938 1007 tv
2966 952 3047 1025 τῷ
3080 952 3313 1023 εἰκοστῷ
3349 954 3587 1023 πέμπτῳ
3607 951 3890 1020 κεφαλαίῳ
3919 950 4013 1003 τοῦ

2431 1050 2574 1102 κατὰ
2624 1047 2924 1102 Ματθατον.

2502 1139 2611 1195 Kal
2636 1138 3223 1206 ὑποστρέψαντες-
3251 1134 3431 1200 αὐτῷ.
3473 1134 3565 1189 Ἐν
3611 1134 3690 1203 τῷ
3726 1147 4019 1185 πεντεκαι-

2431 1234 2645 1299 δεκάτῳ
2697 1230 2982 1299 κεφαλαίῳ
3016 1229 3112 1280 τοῦ
3169 1230 3310 1280 κατὰ
3362 1228 3592 1295 Μάρκον
3621 1225 3839 1293 εἴρηται
3891 1222 4018 1288 περὶ

2429 1324 2637 1377 τούτων
2660 1322 3017 1389 πλατύτερον,
3045 1318 3171 1370 ἔνθα
3195 1320 3374 1370 κεῖται
3390 1316 3469 1368 τό·
3506 1314 3616 1368 Kal
3647 1311 4015 1380 συνάγονται

2430 1420 2485 1470 οι
2505 1416 2835 1470 ἀπόστολοι
2866 1412 3017 1481 πρὸς
3044 1411 3153 1463 τὸν
3191 1408 3448 1476 Ἰησοῦν.

2502 1505 2611 1559 Kal
2635 1503 2965 1570 δεξάμενος
2991 1529 3061 1540 -
3085 1498 3234 1555 ιᾶτο.
3289 1498 3424 1568 Περὶ
3471 1512 3678 1549 τουτων
3708 1495 3766 1546 tv
3822 1490 3901 1563 τῷ
3936 1491 4015 1541 εί-

2430 1598 2613 1668 κοστῷ
2641 1598 2880 1665 πέμπτῳ
2934 1592 3220 1662 κεφαλαίῳ
3250 1590 3344 1643 τοῦ
3398 1588 3540 1643 κατά
3572 1586 3853 1640 Ματοαϊον
3886 1586 4013 1635 tm-

2434 1692 2611 1762 μελῶς
2670 1687 3015 1757 διελάσομεν,
3056 1686 3190 1737 ὅπου
3234 1683 3411 1733 κεῖται
3464 1679 3544 1730 τόο
3578 1676 3689 1730 Kal
3748 1670 4016 1737 ἐξελθὼν

2432 1791 2463 1839 ό
2502 1781 2742 1848 Ἰησοῦς
2765 1776 2887 1833 εἶδε
2927 1776 3126 1829 πολὺν
3156 1774 3366 1842 ὄχλον,
3398 1768 3496 1823 καί
3548 1764 4013 1834 ἐσπλαγχνίσθη

2428 1878 2521 1930 ἐπ’
2552 1872 2781 1938 αὐτοῖς.

2428 1989 2584 2042 ΚΕΦ.
2619 1984 2755 2039 KH'.
2794 1981 2930 2050 Περὶ
2977 1978 3114 2103 τῶνε
3146 1979 3327 2102 rges-ts
3368 1972 3565 2042 ἄρτων
3609 1971 3709 2023 καί
3758 1966 3877 2021 τῶν
3900 1964 4015 2019 δύο

3124 2069 3153 2103 γ
3200 2064 3339 2101 υων.

3120 2064 3339 2115 χουων.

2509 2151 2570 2203 Ἠ
2593 2148 2660 2201 δὲ
2686 2146 2877 2215 ἡμέρα
2908 2174 2973 2183 -
3017 2140 3229 2210 ἐσμέν.
3284 2140 3373 2191 Ἑν
3402 2136 3480 2204 τῷ
3506 2132 3805 2202 δηλωθέντι
3836 2143 4012 2193 γεφα-

2424 2242 2560 2312 λαίῳ
2587 2239 2677 2293 τοῦ
2710 2238 2852 2291 κατὰ
2888 2234 3169 2289 Ματθαίον
3223 2230 3318 2282 καὶ
3362 2230 3492 2296 περὶ
3535 2224 3743 2277 τούτων
3799 2222 4010 2312 ὶσαφη-

2424 2311 2622 2405 νίσθη.
2698 2330 3017 2386 Κατάλυσιν
3092 2326 3151 2378 δὲ
3207 2324 3355 2391 λέγει
3415 2319 3509 2375 νῦν
3566 2318 3665 2385 τὴν
3727 2311 4015 2381 κατασκήο

2563 2446 2617 2480 ν.

2563 2448 2617 2480 ν.

2423 2448 2642 2578 νωὲίπε
2702 2550 2770 2561 -—
2820 2512 3339 2582 πεντακισχίλιοι.
3401 2504 3638 2576 Ὁμοίως
3704 2500 3802 2553 καὶ
3877 2494 4010 2566 περὶ

2421 2634 2656 2670 τουτων.

2494 2705 2642 2762 Eine
2676 2738 2743 2748 —
2772 2705 3065 2768 ἅπαντας.
3110 2699 3387 2758 Ὡσαύτως
3415 2693 3512 2749 καὶ
3541 2692 3672 2762 περὶ
3706 2686 3934 2740 τούτων.

2495 2899 2702 2953 Λαϐὼν
2734 2927 2797 2937 —-—
2831 2895 3082 2949 δώδεκα.
3117 2891 3244 2946 Ἔτι
3283 2890 3379 2943 καὶ
3409 2885 3539 2957 περὶ
3564 2881 3797 2936 τούτων

2422 3091 2578 3144 ΚΜ).
2609 3091 2738 3141 ΚΕΥ.
2784 3086 2921 3154 Περὶ
2969 3083 3076 3151 τῆς
3106 3080 3225 3139 τῶν
3248 3075 3531 3150 μαθητῶν
3556 3072 4005 3140 ἐπερωτήσεως.

2494 3248 2602 3301 Καὶ
2639 3245 2877 3313 ἐγένετο
2926 3271 2994 3282 -
3041 3240 3146 3293 τοῦ
3178 3236 3349 3291 Θεοῦ.
3383 3233 3603 3288 Τούτων
3639 3231 3855 3283 πάντων
3905 3224 4007 3295 τὴν

2420 3339 2718 3409 ἑρμηνείαν
2743 3337 2997 3405 εὑρήσεις
3028 3334 3084 3385 ἐν
3102 3324 3504 3399 τῷτριακοστῷ
3526 3323 3693 3393 τρίτῳ
3720 3318 4007 3388 κεφαλαίῳ

2422 3434 2517 3487 τοῦ
2549 3432 2689 3485 κατὰ
2725 3428 3023 3483 Ματοαῖον.

2501 3528 2565 3578 '0
2598 3524 2667 3577 δὲ
2696 3554 2762 3564 —
2795 3522 2991 3575 τοῦτο.
3056 3515 3357 3585 ’Δνάγνωθι
3402 3510 3501 3582 τὴν
3545 3510 3677 3579 ὃλην
3733 3504 3999 3574 ἐξήγησιν

2416 3622 2527 3673 τῶν
2560 3621 2617 3672 tv
2654 3617 2848 3685 ἐκείνῳ
2875 3614 2985 3685 (55)
3025 3606 3203 3682 ριττῶν
3225 3610 3355 3678 ἄχρι
3394 3604 3513 3660 τοῖν
3555 3601 3699 3658 Ἀπὸ
3730 3601 3862 3653 τότε
3894 3595 4003 3663 ἤρ-

2418 3716 2563 3781 ξατο
2596 3716 2627 3767 ό
2676 3710 2909 3777 Ἰησοῦς
2955 3707 3259 3759 δεικνύειν
3309 3701 3434 3766 τοῖς
3468 3694 3762 3768 μαθηταῖς
3792 3689 4002 3745 αὑτοῦ·

2418 3810 2511 3863 καὶ
2543 3806 2687 3876 λήψῃ
2720 3804 2943 3858 πάντων
2977 3799 3112 3870 ὁμοῦ
3146 3798 3436 3864 διάγνωσιν
3465 3788 3891 3861 ἀκριϐεστάτην.

2488 4004 2709 4060 Είπὼνο
2769 4030 2837 4039 —-
2882 3994 3221 4069 ἐγερθῆναι.
3273 3991 3525 4062 Καθεξῆς
3560 3989 3677 4042 ἐκεῖ
3717 3985 3812 4039 καὶ
3871 3982 4004 4049 περὶ

2414 4101 2620 4153 τούτων
2654 4094 2989 4164 διείληπται.

2490 4190 2707 4255 Ἔλεγε
2738 4217 2807 4227 -
2848 4204 2967 4255 μοι.
3020 4180 3187 4237 Ἀλλά
3217 4180 3331 4253 (56)
3388 4176 3485 4232 καὶ
3516 4175 3647 4245 περὶ
3691 4171 3900 4225 τούτων
3945 4169 4004 4223 tv

2413 4282 2609 4350 ἐκείνῳ
2648 4277 2764 4349 μετ’
2800 4277 2958 4343 ὀλίγα
3009 4273 3187 4327 πάντα
3221 4268 3501 4341 εὑρήσεις.

2489 4349 2594 4436 “Oc
2626 4400 2695 4409 —-
2730 4367 2945 4436 αὑτήν.
2992 4365 3093 4427 ’ος
3145 4363 3212 4416 ἂν
3266 4360 3398 4430 Θίλῃ
3452 4360 3552 4427 τὴν
3599 4353 3780 4424 ψυχὴν
3830 4349 4001 4405 αὐτοῦ

2412 4463 2677 4517 διασῶσαι
2729 4461 2837 4514 ἀπὸ
2869 4458 3126 4521 Θανάτου,
3173 4456 3230 4508 ὲν
3281 4450 3459 4523 καιρῷ
3498 4448 3800 4521 μαρτυρίου
3850 4444 4001 4512 γινό-

713 4551 894 4608 factus
922 4550 1119 4605 animae
1148 4558 1380 4616 amator,
1412 4560 1468 4604 at
1508 4566 1617 4605 non
1669 4550 1873 4605 Christi
1902 4560 2133 4613 amator,
2179 4565 2306 4618 per—
2341 4528 2383 4581 θ
2416 4576 2465 4629 με

2253 4566 2306 4603 ι’-
2341 4528 2383 4581 D
2416 4574 2576 4629 μενος
2610 4555 2925 4623 φιλόψυχος,
2963 4551 3081 4605 ἀλλ’
3107 4551 3166 4602 οὐ
3196 4548 3567 4619 φιλόχριστος.
3614 4540 3876 4596 ἀπολέσει
3900 4539 3998 4592 αὑ-

714 4645 811 4701 dct
838 4660 958 4700 eam
993 4644 1047 4699 in
1093 4643 1281 4700 futuro
1321 4645 1545 4709 seculo,
1596 4644 1700 4699 hoc
1740 4654 1849 4709 est,
1878 4645 1933 4698 in
1978 4644 2305 4715 supplicium
2408 4652 2509 4721 τὴν
2556 4651 2612 4701 ὲν
2654 4648 2733 4717 τῷ
2791 4646 3043 4717 μέλλοντι
3078 4644 3259 4706 αἰῶνι,
3296 4640 3601 4700 τουτέστιν,
3633 4636 3712 4697 είς
3770 4633 3997 4686 κόλασιν

711 4737 1057 4810 projicietur.
1096 4735 1222 4793 Haec
1247 4748 1429 4793 autem
1462 4737 1661 4793 ibidem
1690 4738 1878 4798 etiam.
1912 4753 2122 4806 suoque
2159 4739 2304 4793 dicta
2409 4746 2463 4815 ὲι

2243 4750 2304 4793 :ta
2409 4744 2663 4815 ἐμϐαλεῖ.
2724 4741 2934 4811 Είρηκε
2986 4737 3044 4791 δὲ
3106 4732 3283 4788 ταῦτά
3348 4748 3408 4784 τε
3447 4732 3543 4784 καὶ
3589 4728 3659 4781 τὰ
3712 4726 3839 4794 ἑξῆς
3897 4725 3995 4777 καὶ

709 4841 843 4887 sunt
872 4832 1089 4897 ordine,
1118 4831 1377 4886 videlicet
1392 4832 1605 4885 decimo
1634 4847 1778 4886 nono
1808 4832 1990 4902 capite
2024 4830 2303 4901 Evangelii
2403 4838 2461 4889 tv

2245 4830 2303 4885 lii
2403 4838 2463 4889 tv
2516 4834 2595 4902 τῷ
2643 4830 3124 4898 ἐννεακαιδεκάτῳ
3165 4825 3455 4897 κεφαλαίῳ
3507 4819 3603 4876 τοῦ
3652 4819 3797 4873 κατὰ
3838 4818 3994 4871 Ματ-

640 4919 655 4931 ’
710 4925 1019 4980 secundum
1052 4923 1365 4979 Mattlueum

784 5021 944 5076 Vers.
976 5020 1068 5074 24.
1109 5019 1356 5085 Quisquis
1378 5049 1448 5059 —
1473 5036 1615 5073 eam.
1651 5020 1980 5088 Quicunque
2007 5019 2098 5073 illa
2127 5020 2307 5089 priva-

708 5126 800 5169 tus
850 5112 1017 5170 fuerit
1048 5129 1146 5184 per
1187 5113 1532 5184 martyrium,
1572 5114 1665 5169 hic
1696 5113 1939 5169 servabit
1968 5130 2089 5169 eam
2120 5115 2172 5169 in
2228 5114 2308 5169 fu-

709 5218 837 5264 turo
867 5208 1088 5265 sarculo.

815 5331 859 5363 "
909 5326 1072 5381 Marc.
1140 5342 1214 5391 vt,
1272 5329 1359 5382 30.
1479 5326 1722 5382 "Matth.
1760 5344 1869 5391 xw,
1903 5328 1988 5382 14.

2404 4932 2578 4984 θαῐον.

2480 4948 2493 4981 ι
2529 4948 2578 4984 ν.

2439 4948 2586 5090 a‘OOc
2617 5056 2682 5063 -—
2703 5020 2919 5088 αὐτήν.
2961 5022 3059 5083 ’ος
3097 5018 3165 5073 ἄν
3190 5013 3469 5086 ἀφαιρεθῇ
3501 5008 3697 5080 αὐτὴν,
3726 5006 3812 5061 διὰ
3851 5021 3996 5075 μαρ-

2404 5120 2615 5188 τυρίου,
2649 5112 2804 5181 οὗτος
2839 5116 3006 5169 σώσει
3034 5113 3203 5184 αὐτὴν
3231 5113 3289 5165 tv
3323 5108 3402 5182 τῷ
3432 5107 3687 5180 μέλλοντι
3724 5100 3903 5158 αἰῶνι.

2105 5329 2149 5360 ⁸³
2183 5327 2372 5384 Matth.
2409 5348 2517 5392 xvi,
2550 5330 2641 5385 21.

1899 5454 2103 5515 νεικείω
2134 5454 2442 5519 lectiones
2472 5464 2533 5519 et
2572 5466 2766 5517 noue.

781 5563 895 5627 (54)
964 5558 1426 5629 Ἠκρι6η).ογήθη,
1463 5556 1524 5610 Β.

778 5633 891 5700 (55)
930 5631 1053 5686 Τῶν
1087 5632 1335 5689 ἐκείνων,
1382 5632 1445 5681 Α.

780 5705 897 5777 (56)
928 5705 1135 5777 ΙΠΔΙΪΠἮ
1164 5700 1297 5756 Novi
1333 5701 1682 5777 Testamenti
1707 5704 1884 5777 (ἔτιοοί
1933 5703 2195 5777 editione,
2250 5723 2305 5777 p.

707 5776 839 5840 909,
866 5775 1179 5845 suspicatus
1210 5777 1423 5828 fueram
1456 5774 1719 5828 vocabula
1754 5776 1877 5832 ista.
1911 5775 2033 5826 καθ’
2063 5774 2303 5845 ἡμέραν,

705 5864 827 5920 qur.
857 5845 1185 5917 Euthymius
1218 5862 1325 5902 non
1353 5846 1623 5919 agnoscit,
1659 5845 1919 5901 translata
1941 5862 2060 5904 esse
2087 5849 2139 5903 in
2176 5865 2311 5905 cou-

2408 5568 2615 5613 textum
2648 5575 2711 5612 ex
2750 5560 3009 5615 hnmileta
3037 5559 3237 5627 aliquo.
3277 5557 3650 5611 Laudaveram
3675 5556 3836 5609 etiam
3872 5554 3989 5608 loca

2410 5632 2607 5687 similia
2644 5630 3045 5701 Chrysostomi.
3080 5630 3367 5701 Sedgnunc
3404 5631 3456 5682 in
3475 5636 3859 5701 promptuest
3905 5628 3985 5701 lgo-

2409 5718 2508 5758 cus
2566 5718 2728 5771 quem
2763 5698 3119 5772 'qua-rcluam.
3188 5698 3322 5754 Nam
3374 5712 3411 5754 t.
3475 5698 3585 5764 VII,
3622 5699 3833 5772 p.557,
3914 5698 3987 5750 ita

2414 5770 2624 5829 habet:
2655 5770 2930 5839 Διηνέκιῖις
2961 5776 3087 5841 γὰρ,
3126 5774 3283 5841 φησὶ,
3331 5772 3601 5841 περίφερε
3631 5772 3723 5823 τὸν
3752 5770 3986 5821 θάνατον

2414 5847 2505 5905 καιὶ
2537 5847 2693 5903 ΚΛΘ⁹
2734 5846 3042 5901 ἸΙΜΕΡΑΝ
3096 5845 3313 5915 ἕτοιμος
3336 5842 3427 5897 ἔσο
3460 5844 3596 5913 πρὸς
3638 5842 3873 5912 σφαγήν.
