4436 6450
754 409 848 470 951

1966 403 2351 463 EUTHYMII
2432 402 2797 463 ZIGABENI

3916 390 4023 454 952

752 522 946 574 Filium
1003 496 1169 573 hune
1217 518 1515 572 lunaticum
1554 516 1723 571 fuisse
1772 515 1993 585 scripsit
2046 516 2504 579 MatthmusAce'

2270 530 2333 569 us
2360 523 2408 579 Α
2436 515 2857 586 σεληνιὰζεσοαι
2893 513 3170 574 Ματοαῖος
3206 510 3451 581 ἔγραψεν
3476 510 3539 563 ἐν
3590 508 3672 578 τῷ
3706 508 4022 579 τριακοστῷ

753 613 1032 664 tricesimo
1058 611 1252 680 quinto
1278 610 1496 676 capite;
1530 619 1586 662 et
1617 608 1843 661 omnino
1875 607 1942 660 de
1978 605 2063 659 his
2104 606 2177 661 ibi
2216 606 2333 660 dic-

752 715 863 755 tum
900 711 1005 756 εει.

818 794 975 849 Vers.
1003 794 1091 847 Η.
1125 792 1462 860 Respondeas
1486 821 1555 831 —
1576 793 1700 845 huc.
1740 790 1799 845 In
1837 790 1931 844 illo
1962 790 2158 844 borum
2210 802 2331 843 om-

749 885 903 938 nium
932 883 1339 938 declarationes
1368 882 1638 936 invenies.

819 977 973 1029 Vers.
1011 975 1101 1030 42.
1142 974 1275 1028 Cum
1300 1003 1371 1013 —
1397 974 1702 1041 dissipavit.
1739 971 1866 1027 Haec
1898 972 2061 1026 latius
2110 970 2334 1039 scripsit

748 1066 964 1121 Marcus
997 1066 1264 1119 vicesimo
1296 1074 1452 1119 sexto
1487 1065 1691 1135 capite,
1720 1078 1774 1120 et
1815 1065 1886 1119 ibi
1927 1064 2331 1119 enarrationem

751 1161 948 1212 horum
984 1173 1190 1227 quaere.

821 1253 978 1305 Vers.
1016 1251 1105 1304 42.
1144 1249 1703 1317 Increpauil—patrs'
1748 1266 1862 1303 suo.
1914 1246 2185 1303 Praedicta
2243 1244 2334 1299 tri-

744 1344 955 1397 cesimo
986 1343 1179 1411 quinto
1241 1341 1422 1409 capite
1473 1340 1751 1414 Evangelii
1808 1343 1963 1412 juxta
2014 1338 2327 1395 Matthaaum

745 1436 812 1488 de
845 1435 931 1488 his
960 1435 1170 1490 dictum
1201 1442 1306 1491 est.

817 1525 976 1579 Vers.
1035 1528 1125 1580 45.
1198 1527 1597 1598 Stupebant—
1644 1523 1762 1577 Dei.
1826 1521 2100 1575 Putabant
2156 1520 2328 1579 enim,

743 1630 851 1669 non
886 1616 1131 1684 propria,
1162 1617 1257 1672 sed
1293 1618 1388 1672 Dei
1424 1617 1626 1671 virtute
1656 1613 1772 1666 ιιπο
1804 1624 1932 1665 eum
1963 1608 2183 1677 operari
2224 1606 2331 1659 mi-

743 1706 947 1758 racula.

813 1797 970 1851 Vers.
1002 1797 1091 1851 45.
1123 1796 1380 1852 Omnibus
1402 1828 1470 1838 —
1502 1795 1658 1851 Vers.
1692 1796 1782 1849 Η.
1816 1794 1964 1848 istos.
2016 1790 2164 1856 Quos
2193 1787 2326 1843 dixit

2444 609 2683 677 πέμπτῳ
2724 605 3030 674 κεφαλαίῳ,
3067 603 3163 656 καὶ
3210 603 3427 672 εἴρηται
3478 601 3610 654 περὶ
3650 599 3862 653 τούτων
3890 600 4028 653 πάν-

2441 718 2551 753 των
2588 701 2725 753 ἐκεῖ.

2524 788 2896 858 Ἀποκριθεὶς
2920 816 2990 827 -
3020 780 3160 839 ὦδε.
3204 786 3295 837 Ἐν
3326 783 3521 853 ἐκείνῳ
3560 783 3660 845 τὰς
3691 781 3877 843 λύσεις
3899 779 4025 833 τού·

2439 900 2548 936 των
2579 883 2717 935 ὅλων
2741 882 2801 933 εὐ
2807 881 2875 951 ρή
2884 897 2940 931 σε
2948 897 3019 942 ις.

2516 975 2646 1028 Ἔτι
2674 1002 2741 1012 -
2762 969 3215 1036 συνεσπάραεε.
3239 965 3427 1020 Ταῦτα
3451 965 3791 1035 πλατύτερον
3818 967 3846 1017 ό
3868 965 4027 1032 Μάρ-

2443 1084 2544 1130 κος
2579 1066 2873 1134 ἱστόρησεν
2907 1066 2965 1116 ἐν
3008 1062 3087 1132 τῷ
3123 1060 3357 1128 εἰκοστῷ
3393 1060 3542 1129 ἓκτῳ
3596 1058 3901 1127 κεφαλαίῳ,
3928 1058 4024 1109 καὶ

2442 1158 2678 1230 ζήτησον
2710 1156 2770 1207 ἐν
2796 1154 2994 1221 ἐκείνῳ
3021 1151 3121 1222 τὴν
3148 1151 3361 1205 τούτων
3386 1150 3678 1220 ἐξήγησιν.

2535 1248 2900 1316 Ἐπετίμησε
2924 1272 2998 1285 -—
3031 1243 3211 1313 πατρὶ
3260 1242 3473 1296 αὑτοῦ.
3536 1240 3628 1293 Ἐν
3666 1240 3746 1308 τῷ
3777 1238 4025 1309 προρῤη-

2440 1341 2587 1394 θέντι
2640 1336 2950 1409 τριακοστῷ
2976 1337 3216 1404 πέμπτῳ
3245 1332 3530 1401 κεφαλαίῳ
3580 1328 3679 1383 τοῦ
3701 1329 3843 1381 κατὰ
3871 1328 4027 1381 Ma:-

2439 1431 2592 1484 οαῖον
2622 1428 2828 1501 ἐρρήθη
2862 1428 2992 1497 περὶ
3019 1426 3249 1480 τούτων.

2519 1521 3014 1586 ’ἐξεπλήσσοντο
3056 1545 3122 1557 -
3151 1515 3260 1570 τοῦ
3296 1513 3468 1569 Θεοῦ.
3509 1512 3698 1583 ’ῼοντο
3746 1507 3878 1579 γὰρ,
3925 1509 4027 1561 οὐκ

2440 1616 2501 1681 ἐξ
2532 1614 2670 1677 ιδίας
2720 1612 3027 1681 δυνάμεως,
3070 1608 3187 1662 ἀλλ’
3241 1608 3306 1660 ἐκ
3336 1605 3473 1660 Θεοῦ
3502 1604 3675 1658 ταῦτα
3728 1618 4029 1672 τερατουρ-

2439 1708 2557 1773 γεῖν
2588 1704 2772 1759 αὐτόν.

2514 1796 2765 1850 Πάντων
2808 1820 2877 1832 —-
2923 1792 3195 1854 τούτους.
3229 1786 3337 1849 Οὓς
3382 1781 3539 1838 εἶπεν
3581 1784 3654 1848 tv:
3687 1781 3765 1851 τῷ
3797 1780 4029 1848 εἰκοστῷ

742 1889 1007 1942 vicesimo
1036 1905 1187 1944 nono
1218 1889 1396 1959 capite
1442 1888 1739 1958 presentis
1788 1883 2073 1953 Evangelii
2112 1882 2184 1936 de
2235 1895 2335 1934 sua
2366 1875 2413 1934 Β
2443 1891 2494 1940 ἐν

2276 1896 2335 1934 Μ
2366 1875 2413 1934 Β
2443 1890 2619 1957 ἐνάτῳ
2650 1886 2936 1956 κεφαλαίῳ
2964 1882 3060 1936 τοῦ
3095 1881 3365 1951 παρόντος
3396 1876 3757 1945 Εὐαγγελίου,
3794 1873 3924 1944 περί
3968 1888 4028 1924 τε

741 1981 1002 2050 passione
1080 1991 1135 2035 et
1187 1981 1469 2035 occisione
1538 1995 1602 2035 ac
1682 1976 2089 2031 resurrectione
2138 1990 2152 2026 :
2208 1971 2333 2026 ideo

743 2074 933 2137 etiam,
972 2089 1095 2127 cum
1146 2074 1249 2127 hos
1278 2073 1432 2142 quasi
1500 2071 1805 2141 significare
1860 2068 2176 2136 incepisset,
2235 2079 2337 2118 cae-

743 2177 858 2219 tera
892 2164 1138 2235 reliquit,
1176 2176 1436 2234 tanquam
1481 2163 1593 2234 jam
1632 2161 1927 2218 intellecta.

811 2352 967 2407 Vers.
1014 2350 1104 2406 ιι.
1161 2350 1330 2406 Filius
1383 2346 1807 2404 enim—Vers.
1865 2344 1956 2399 45.
2011 2347 2125 2398 hoc.
2195 2341 2331 2397 Ver-

739 2444 895 2511 lium,
928 2457 1039 2498 non
1072 2442 1216 2513 quod
1252 2451 1370 2497 erat
1408 2441 1476 2496 de
1509 2440 1771 2510 passione
1804 2446 1861 2491 et
1892 2435 2193 2498 occisione,
2238 2433 2334 2488 sed

740 2537 809 2593 de
862 2536 1309 2592 resurrectione.
1354 2534 1571 2591 Dictum
1633 2542 1718 2587 est
1768 2542 1950 2587 autem
2002 2528 2069 2582 de
2114 2528 2220 2581 hoc
2278 2526 2333 2579 in

740 2631 852 2687 ﬁne
882 2629 1251 2686 enarrationis
1286 2628 1552 2685 tricesimi
1605 2626 1782 2697 quinti
1816 2620 2015 2685 capitis
2046 2613 2331 2673 Evangelii

743 2722 1051 2779 secundum
1099 2720 1414 2775 Matthaeum
1458 2737 1472 2767 :
1529 2717 1647 2783 lege
1710 2726 1862 2780 ergo,
1920 2722 2041 2776 quin
2084 2705 2159 2761 ibi
2191 2706 2333 2759 dicta

741 2822 892 2869 sunt.

767 2920 928 2975 CAP.
969 2918 1190 2973 XXXII.
1231 2918 1307 2997 De
1339 2916 1727 2986 disputantibus
1782 2918 1896 2986 quis
1937 2923 2068 2968 esset
2100 2911 2298 2979 major.

811 3014 968 3069 Vera.
1004 3012 1090 3066 46.
1129 3010 1364 3064 Intravit
1394 3038 1467 3049 -—
1496 3009 1652 3063 Vers.
1686 3009 1774 3063 47.
1825 3008 1988 3076 juxta
2042 3022 2118 3058 se.
2200 3003 2335 3056 Mat-

738 3108 922 3159 thaaus
949 3119 1081 3159 vero
1115 3102 1396 3157 tricesimo
1452 3101 1685 3166 septimo
1738 3099 1916 3169 capite
1967 3099 2044 3152 ait
2082 3097 2151 3161 ",
2185 3095 2333 3166 quod

2436 1975 2530 2029 τοῦ
2562 1975 2802 2039 Παθους,
2839 1972 3061 2041 καὶτῆς
3098 1969 3459 2039 ἀναιρέσεως,
3496 1968 3594 2019 καὶ⁵
3636 1965 3736 2034 τῆς
3783 1962 4031 2016 ἀναστά-

2438 2083 2578 2129 σεως
2604 2063 2793 2117 αὑτοῦ.
2834 2065 2925 2115 Διὸ
2952 2063 3047 2114 καὶ
3097 2059 3470 2128 ἐναρξάμενος
3506 2054 3707 2118 αὐτῶν,
3749 2054 3891 2105 ὥστε
3938 2051 4003 2118 δη

2442 2157 2639 2220 λῶσαι,
2682 2156 2814 2225 περὶ
2856 2145 2932 2206 ὧν
2961 2152 3133 2219 λέγει,
3167 2152 3236 2202 τὰ
3291 2148 3457 2199 λοιπὰ
3506 2142 3923 2203 καταλέλοιπεν,
3956 2137 4033 2200 ὡς

2435 2249 2538 2320 ἢδη
2570 2248 2863 2314 νοούμενα.

2523 2342 2581 2393 '0
2613 2341 2724 2410 γὰρ
2783 2339 2915 2404 Υιὸς
2953 2367 3021 2377 -
3056 2335 3294 2386 τούτου.
3344 2330 3418 2381 Τὸ
3465 2326 3642 2399 ῥῆμα,
3694 2324 3755 2377 οὐ
3796 2323 3858 2376 τὸ
3904 2322 4035 2392 περ)⁸

2435 2434 2529 2489 τοῦ
2562 2434 2778 2492 Πάθους
2814 2430 2909 2480 καὶ
2938 2428 3036 2489 τῆς
3068 2426 3430 2493 ἀναιρέσεως,
3466 2420 3604 2475 ἀλλὰ
3652 2419 3714 2472 τδ
3762 2418 3895 2488 περὶ
3930 2415 4035 2485 τῆς

2436 2522 2808 2585 ἀναστάσεως.
2868 2520 3102 2591 Εἴρηται
3144 2519 3201 2572 δέ
3254 2517 3385 2587 περὶ
3423 2516 3615 2568 τούτου
3670 2514 3727 2566 ἐν
3760 2511 3838 2582 τῷ
3888 2510 4035 2563 τέλει

2437 2619 2538 2686 τῆς
2597 2618 2925 2686 ἐξηγήσεως
2979 2614 3076 2668 τοῦ
3147 2609 3481 2684 τριακοστοῦ
3543 2609 3803 2677 πέμπτου
3861 2622 4036 2670 κεφα-

2436 2710 2589 2763 λαίου
2634 2708 2729 2761 τοῦ
2780 2708 2924 2762 κατὰ
2957 2705 3261 2770 Ματθαῖον,
3310 2703 3405 2756 καὶ
3458 2698 3741 2769 ἀνάγνωθι
3800 2698 3868 2752 τὰ
3915 2697 4039 2749 ἐκεῖ

2438 2800 2703 2872 ρηθέντα.

2436 2918 2594 2970 ΚΕΦ.
2632 2914 2754 2969 ΛΒ’,
2795 2916 2932 2982 Περὶ
2979 2911 3098 2966 τῶν
3134 2907 3634 2978 διαλογιζομένων
3684 2906 3777 2969 τίς
3798 2901 4039 2973 μείζων.

2508 3009 2779 3078 Elei/108
2806 3038 2876 3047 --
2909 3007 3048 3074 παρ’
3080 3004 3299 3069 ἐαυτῷ.
3354 3003 3415 3055 '0
3441 3001 3497 3054 δέ
3552 3000 3837 3059 Ματθαῖος
3874 3001 3929 3050 ἐν
3961 2997 4043 3066 τῷ

2435 3105 2749 3178 τριακοστῷ
2791 3102 3005 3172 ἑϐδόμῳ
3038 3098 3327 3169 κεφαλαίῳ
3376 3096 3570 3165 φησίν
3600 3094 3683 3146 ὅτι
3710 3089 4040 3160 προσελθόν-

738 3194 1073 3248 accedentes
1128 3191 1387 3262 discipuli
1424 3191 1492 3246 de
1524 3191 1630 3245 hoc
1671 3191 2148 3259 interrogaverunt
2178 3202 2326 3241 eum.
2369 3232 2412 3289 C
2444 3218 2490 3254 τε

2290 3203 2326 3289 ι.
2369 3232 2412 3289 C
2444 3218 2535 3263 τες
2566 3198 2614 3251 οι
2644 3198 2885 3267 μαθηταὶ
2917 3193 3214 3266 ἠρώτησαν
3243 3190 3409 3244 αὑτὸν
3443 3187 3575 3257 περὶ
3614 3185 3833 3240 τούτου.
3880 3181 4042 3243 Εἰκὸς

734 3285 1050 3341 Verisimile
1080 3300 1211 3355 ergo
1247 3293 1354 3346 est,
1388 3283 1534 3353 quod
1563 3283 1654 3337 ubi
1686 3280 2076 3353 cogitationem
2112 3280 2331 3335 illorum
2373 3276 2412 3289 "
2444 3293 2486 3347 51

2290 3283 2331 3331 πὶ
2373 3276 2412 3289 ν
2444 3293 2523 3359 δι,
2558 3293 2776 3360 γνόντος
2800 3287 2966 3342 αὑτοῦ
2997 3286 3092 3339 τὸν
3145 3280 3508 3353 διαλογισμὸν
3539 3280 3744 3342 αὐτῶν,
3806 3280 3900 3330 καὶ
3941 3276 4042 3327 ἐπ-

736 3377 1105 3450 cognovisset,
1136 3386 1190 3431 et
1211 3376 1607 3447 interrogasset
1637 3395 1652 3427 .-
1693 3375 1836 3440 Quid
1862 3376 1915 3427 in
1943 3374 2027 3427 via
2060 3372 2339 3426 tractaba-

739 3474 806 3525 tis
827 3473 852 3525 ?
886 3472 1028 3528 sicut
1058 3471 1195 3525 dixit
1223 3468 1439 3525 Marcus
1469 3469 1534 3532 ",
1572 3466 1926 3538 postmodum
1988 3465 2152 3519 etiam
2207 3464 2333 3535 ipsi,

736 3579 865 3620 cum
901 3563 1015 3633 jam
1052 3561 1272 3632 cognita
1306 3570 1458 3616 esset
1498 3558 1757 3630 cogitatio
1791 3573 1912 3621 sua,
1964 3557 2339 3627 interrogave-

736 3667 871 3712 runt
897 3658 966 3713 de
1004 3658 1107 3713 hoc
1146 3674 1159 3712 :
1193 3656 1392 3711 deinde
1436 3654 1599 3709 Jesus
1652 3649 2017 3721 apprehendit
2081 3665 2336 3719 puerum,

737 3753 831 3822 qui
878 3752 949 3806 ibi
985 3766 1225 3821 praesens
1256 3759 1397 3812 erat.
1436 3759 1491 3805 et
1519 3746 1714 3803 statuit
1745 3744 1899 3799 illum
1934 3743 2093 3814 juxta
2122 3757 2201 3806 se,
2253 3741 2341 3797 di-

738 3848 932 3915 xitque
986 3854 1209 3909 ca'tera,
1273 3858 1395 3913 quae
1424 3847 1751 3911 sequuntur.
1812 3836 1996 3905 Itaque
2051 3834 2341 3888 Mattheus

738 3938 981 4009 scripsit,
1035 3936 1179 4006 quod
1241 3936 1722 4002 interrogaverunt
1757 3928 2067 3999 discipuli;
2124 3926 2341 3982 Marcus

738 4049 875 4089 vero
909 4042 965 4087 et
1003 4031 1183 4086 Lucas
1212 4031 1318 4084 hoc
1371 4028 1562 4083 relicto
1621 4026 1988 4094 scripserunt,
2046 4022 2190 4092 quod
2251 4035 2342 4075 co-

742 4127 936 4197 gnovit
968 4124 1363 4195 cogitationem
1406 4136 1598 4176 eorum
1639 4138 1653 4174 :
1684 4128 1740 4174 et
1771 4118 1863 4171 ille
1895 4115 2117 4186 quidem
2160 4122 2343 4185 poste-

742 4223 887 4275 riora
919 4220 1083 4282 dixit,
1110 4219 1201 4272 hic
1243 4226 1427 4271 autem
1457 4214 1662 4285 priora.
1696 4211 1837 4282 Lege
1870 4225 2003 4279 ergo
2046 4209 2197 4263 dicto
2249 4221 2341 4260 ea-

742 4315 859 4384 pite
935 4310 1217 4382 Evangelii
1291 4308 1447 4378 juxta
1504 4306 1820 4360 Malthmum
1894 4300 2343 4373 explanationem

740 4419 941 4469 totam,
983 4420 1105 4476 qua:
1141 4401 1438 4458 admodum
1484 4398 1634 4453 utilis
1671 4404 1777 4452 est.

814 4522 970 4577 Vers.
1012 4520 1103 4575 48.
1155 4518 1223 4572 Et
1265 4517 1559 4570 ait—me.
1612 4511 1729 4566 Alia
1782 4524 2003 4581 quoque
2046 4517 2174 4562 ante
2224 4506 2343 4561 hac

2442 3387 2821 3455 ερωτήσαντος
2842 3381 3063 3446 αὐτοὺς,
3098 3377 3152 3431 τί
3175 3378 3236 3430 ἐν
3261 3378 3326 3447 τῇ
3371 3374 3477 3445 όδῷ
3510 3372 3646 3442 πρὸς
3681 3370 3909 3431 ἑαυτοὺς
3959 3367 4041 3421 δι-

2442 3474 2774 3542 ελογίζοντο,
2810 3472 2886 3532 ὡς
2919 3466 3078 3522 εἶπεν
3108 3470 3137 3521 ό
3168 3467 3418 3537 Μάρκος,
3468 3462 3659 3516 λοιπὸν
3688 3462 3785 3514 καὶ
3814 3458 4054 3527 αὐτοὺς..

2441 3568 2519 3630 ὡς
2549 3568 2653 3637 ἠδη
2685 3564 3027 3632 γνωσθέντος
3057 3559 3151 3614 τοῦ
3186 3556 3571 3626 διαλογισμοῦ,
3606 3552 3884 3624 ἐρωτῆσαι
3911 3550 4047 3620 περὶ

2444 3658 2635 3725 αὑτοῦ,
2678 3652 2799 3711 εἶτα
2821 3656 2915 3711 τὸν
2972 3653 3184 3725 Ἰησοῦν
3223 3648 3588 3706 ἐπιλαϐέσθαι
3637 3646 3855 3700 παιδίου
3904 3659 4048 3712 παρ-

2449 3756 2643 3818 ιόντος,
2702 3754 2799 3826 καὶ
2866 3750 3071 3819 στῆσαι
3113 3746 3249 3802 αὐτὸ
3292 3743 3426 3815 παρ’
3467 3740 3674 3813 ἐαυτῷ,
3728 3739 3823 3792 καὶ
3866 3738 4047 3789 sinsi»:

2445 3850 2515 3902 τὰ
2536 3848 2684 3918 ἐξῆς.
2729 3845 2936 3899 Λοιπὸν
2961 3842 3056 3897 οὖν
3089 3844 3117 3895 ό
3155 3841 3255 3910 μιν
3288 3837 3573 3899 Ματθαῖος
3629 3830 3908 3901 ἔγραψενο
3956 3829 4042 3881 ὅτι

2446 3942 2742 4013 ἠρώτησαν
2772 3941 2821 3993 οἰ
2858 3936 3123 4010 μαθηταί·
3150 3934 3379 4005 Μάρκος
3409 3931 3466 3986 δὲ
3492 3932 3584 3982 καὶ
3623 3928 3863 3991 Λουκᾶς,
3885 3922 4049 3977 τοῦτο

2449 4035 2880 4107 παραλιπόντες,
2944 4029 3286 4101 ἱστόρησαν,
3349 4027 3433 4079 ὅτι
3493 4023 3639 4091 Ιγνω
3718 4021 3809 4074 τὸν
3866 4017 4049 4071 διαλο-

2449 4125 2649 4195 γισμὸν
2688 4124 2885 4177 αὐτῶν.
2928 4120 3040 4175 Καὶ
3074 4120 3104 4172 ὁ
3149 4119 3251 4188 μὲν
3283 4117 3350 4171 τὰ
3404 4115 3639 4186 ὕστερον
3685 4107 3865 4175 εἶπεν,
3908 4110 3958 4161 οι
3986 4108 4044 4161 δέ

2450 4218 2518 4272 τὰ
2546 4216 2834 4289 πρότερον.
2879 4211 3186 4282 Ἀνάγνωθι
3212 4211 3268 4265 δὲ
3298 4212 3357 4263 ἐν
3388 4208 3468 4278 τῷ
3505 4206 3731 4277 ῥηθέντι
3759 4202 4049 4272 κεφαλαίῳ

2450 4310 2548 4365 τοῦ
2584 4309 2729 4364 κατὰ
2776 4307 3055 4362 Ματθαῖον
3090 4306 3190 4377 τὴν
3232 4305 3363 4375 ὅλην
3410 4302 3701 4373 ἐξήγησιν,
3753 4300 4048 4365 ἀναγκαιο-

2452 4406 2620 4474 τάτην
2649 4399 2837 4458 οὖσαν.

2523 4500 2633 4555 Καὶ
2664 4494 2839 4552 εἶπεν
2873 4527 2931 4536 -—
2955 4512 3053 4564 με.
3095 4495 3203 4549 Καὶ
3238 4491 3377 4545 ἄλλα
3402 4489 3511 4562 πρὸ
3550 4486 3762 4541 τούτων
3800 4486 4045 4555 εἴρηκεν,

740 4617 903 4681 dixit,
932 4630 1056 4684 qua:
1108 4612 1403 4666 Matthxus
1457 4577 1815 4675 conscripsit,
1858 4577 1957 4673 per
2002 4618 2125 4673 quae
2173 4600 2339 4656 etiam
2370 4582 2423 4643 D
2453 4596 2489 4651 ἃ

2296 4614 2339 4653 ω
2370 4582 2423 4643 D
2453 4596 2599 4665 ἅπερ
2629 4591 2945 4662 ἀνέγραψεν
2979 4591 3008 4642 ὁ
3061 4588 3366 4651 Machina
3417 4583 3513 4651 ἀφ’
3554 4577 3631 4636 ὧν
3678 4579 3925 4651 εὐχερῶς
3956 4578 4048 4629 καὶ

741 4710 862 4764 hmc
911 4706 1069 4761 facile
1122 4713 1575 4775 cognoscuntur;
1635 4714 1822 4769 qumre
1879 4712 2009 4769 ergo
2078 4696 2185 4750 illa.
2238 4692 2344 4748 Per

740 4816 979 4872 puerum
1032 4814 1164 4852 vero
1216 4797 1584 4851 humilitatem
1632 4804 1689 4847 et
1730 4793 2099 4862 abjectionem
2157 4789 2332 4862 signi-

744 4890 927 4946 iicavi‘

815 4982 971 5037 Vers.
1016 4980 1102 5033 48.
1156 4977 1301 5033 Nam
1334 5006 1401 5017 —
1430 4994 1676 5048 magnus.
1712 4977 1811 5031 llic
1843 4976 1966 5031 linis
2020 4983 2103 5028 est
2162 4974 2342 5027 inten-

743 5076 909 5132 tionis
991 5083 1215 5143 propter
1271 5085 1435 5141 quam
1491 5085 1728 5140 puerum
1795 5071 1949 5143 juxta
2014 5084 2075 5121 se
2135 5065 2347 5121 statuit.

2448 4689 2626 4743 ταῦτα
2690 4682 3191 4754 διαγινώσκονται,
3245 4682 3341 4732 καὶ
3402 4677 3643 4746 ζήτησον
3704 4673 3878 4725 αὐτὰ.
3942 4670 4046 4724 Διά

2452 4784 2549 4837 τοῦ
2609 4781 2827 4835 παιδίου
2865 4780 2920 4832 δὲ
2957 4778 3057 4845 τὴν
3101 4775 3439 4829 ταπείνωσιν
3485 4773 3580 4823 καὶ
3628 4768 3907 4821 εὐτέλειαν
3944 4766 4051 4819 ὁπ-

2455 4877 2752 4947 εδήλωσεν.

2538 4970 2591 5022 Ὀ
2624 4968 2735 5037 γὰρ
2766 4997 2833 5007 -
2868 4966 3078 5036 μέγας.
3105 4963 3276 5017 Τοῦτο
3309 4962 3483 5032 πέρας
3514 4975 3608 5012 του
3654 4953 3967 5017 σκνιποῦ,δι’
3991 4952 4053 5004 ὃν

2456 5064 2653 5133 ἔστησε
2681 5064 2740 5114 τὸ
2773 5061 2988 5113 παιδίον
3018 5058 3150 5129 παρ’
3184 5056 3399 5124 ἐαυτῷ’
3442 5052 3771 5124 μικρότερον
3794 5048 3848 5101 δε
3875 5047 4048 5113 λέγει,

740 5140 1030 5225 Minimum
1066 5140 1475 5233 autempldixit
1516 5140 1905 5217 humillimum.
1957 5160 2166 5215 Similia
2209 5174 2349 5229 quo-
2455 5176 2492 5212 τι

2300 5174 2349 5213 )-
2455 5161 2546 5212 τὸν
2580 5156 2987 5226 ταπεινότερον.
3016 5148 3147 5205 liii-.2
3177 5151 3231 5203 δέ
3258 5148 3485 5202 τοιαῦτα
3519 5146 3615 5198 καὶ
3642 5149 3702 5196 ἐν
3730 5140 3809 5213 τῷ
3852 5157 4052 5193 τεσσαο

742 5280 852 5336 que
879 5262 1020 5317 dixit
1088 5257 1517 5329 quadragesimo
1580 5258 1746 5313 tertio
1808 5253 2089 5326 Evangelii
2147 5269 2347 5308 secun-

745 5359 878 5413 dum
928 5353 1244 5408 Matthaeum
1303 5350 1483 5421 capite
1538 5370 1552 5406 :
1608 5359 1663 5405 et
1711 5348 1868 5419 juxta
1919 5346 2161 5402 medium
2222 5346 2343 5415 ejus

744 5450 963 5521 capitis.

819 5542 976 5600 Vers.
1030 5544 1121 5600 £9.
1183 5540 1525 5613 Respondens
1585 5568 1653 5578 -—
1701 5537 1856 5591 Vers.
1915 5536 2003 5591 50.
2059 5545 2157 5589 est.
2215 5535 2342 5589 Haec

744 5639 910 5693 etiam
953 5638 1177 5709 scripsit
1204 5635 1423 5691 Marcus
1473 5630 1735 5692 vicesimo
1784 5629 2020 5700 septimo
2055 5629 2253 5699 capite,
2287 5637 2345 5683 et

747 5732 821 5787 ibi
860 5731 1058 5787 horum
1111 5730 1228 5801 lege
1257 5728 1729 5801 explanationem.

858 5879 901 5911 "
933 5878 1124 5935 Matth.
1163 5894 1320 5945 xvm,
1360 5877 1411 5931 l.
1524 5874 1569 5907 "
1604 5872 1770 5928 Marc.
1811 5888 1884 5938 ix,
1914 5871 1999 5925 33.

2457 5251 2710 5323 ρακοστῴ
2741 5251 2911 5319 τρίτῳ
2945 5246 3230 5315 κεφαλαίῳ
3283 5244 3377 5297 τοῦ
3432 5244 3573 5293 κατὰ
3623 5236 3930 5299 Ματθαίον,
3959 5234 4056 5287 καὶ

2452 5348 2690 5418 ζήτησον
2724 5345 2851 5416 περὶ
2877 5344 2939 5398 τὸ
2976 5344 3143 5413 μέσον
3175 5339 3271 5414 ὐοῇ
3300 5338 3545 5392 τοιούτου
3578 5331 3909 5403 κεφαλαίου.

2541 5519 2912 5587 Ἀποκριθεὶς
2935 5546 3005 5557 --
3038 5516 3188 5568 ἐστί.
3217 5511 3403 5566 Ταῦτα
3433 5509 3527 5562 καὶ
3551 5510 3577 5560 ὁ
3621 5506 3849 5577 Μάρκος
3880 5502 4055 5573 ἔγρα-

2456 5620 2555 5686 ψεν
2584 5621 2644 5669 ἐν
2673 5617 2751 5687 τῷ
2782 5613 3015 5684 εἰκοστῷ
3049 5612 3264 5682 ἐὸὂόμῳ
3310 5606 3620 5679 κεφαλαίῳ,
3647 5604 3743 5658 καὶ
3776 5598 4053 5669 ἀνάγνωθι

2458 5712 2576 5768 ὲκςῖ
2608 5714 2707 5782 τὴν
2740 5709 2946 5764 τούτων
2980 5706 3303 5777 σαφήνειαν.
