4436 6450
473 385 579 450 99

1498 381 1885 446 COMMENT.
1930 384 2019 446 IN
2058 386 2339 450 LUCAM.
2370 414 2439 425 -
2473 388 2634 452 CAP.
2675 390 2785 450 IX.

3636 399 3741 462 95-5

554 499 827 569 Ἐγένετο
853 526 924 539 -
963 497 1372 568 Ἰερουσαλήμ.
1429 498 1674 570 Ἡμέρας
1706 502 1803 570 τῆς
1852 503 2050 573 ἀναλή-
2079 506 2130 564 Α
2227 504 2302 558 Ve

1991 504 2050 573 ἡ-
2079 506 2130 564 Α
2227 504 2383 568 Vers,
2434 507 2523 562 5i.
2582 507 2807 561 Factum
2845 514 2920 560 est
2948 536 3015 545 —
3047 506 3437 580 Hierosolyma.
3477 509 3604 567 Dies
3651 526 3740 566 as'

469 593 615 662 ψεως
652 590 817 645 αὑτοῦ
852 589 998 657 Mysi
1030 591 1124 643 τὸν
1181 590 1376 661 καιρὸν
1406 591 1498 643 τὸν
1539 593 1909 661 ἀφορισθέντα
1948 594 2049 661 με·

472 703 566 756 χρι
600 683 701 751 τῆς
732 682 1055 751 ἀναλήψεως
1092 681 1283 743 αὐτοῦ.
1310 683 1409 750 τῆς
1439 682 1549 735 ἀπὸ
1569 684 1668 751 γῆς
1693 685 1772 745 είς
1793 684 2049 753 οὐρανόν.

474 772 710 841 ⁸Ἠγγιζε
754 772 862 840 γάρ
889 771 992 840 ήδη
1024 772 1121 824 καὶ
1147 772 1180 840 ὴ
1215 771 1496 842 ἀναίρεσις
1534 773 1723 837 αὐτοῦ,
1744 772 1836 826 καὶ
1856 774 1890 843 ἡ
1920 772 2054 826 ἀνά-

473 879 682 923 στασις,
711 862 804 913 καὶ
841 862 874 929 ἠ
916 860 1205 926 ἀνάληψις.
1249 860 1565 929 Ἔστήριξε
1592 861 1648 914 δι
1671 862 1730 914 τὸ
1762 863 2053 933 πρόσωπον

470 953 656 1012 αὑτοῦ,
685 954 806 1005 ἀντὶ
866 949 999 1013 τοῦ,
1044 951 1377 1021 ἀπηύθυνεν,
1426 953 1566 1005 ὥστε
1608 953 1938 1020 πορεύεσθαι
1971 956 2053 1025 εις

481 1043 840 1113 Ἰερουσαλὴμ
899 1043 1335 1113 ἀμεταστρεπτὶ,
1389 1045 1747 1116 ιπειγόμενος
1803 1048 1938 1116 πρὸς
1993 1048 2054 1099 τὺ

472 1135 668 1195 Πάθος.
717 1136 1031 1205 Γέγραπται
1070 1137 1180 1204 γάρ
1214 1138 1271 1188 ιν
1302 1139 1368 1207 τῇ
1411 1137 1579 1208 βίϐλῳ
1626 1138 1736 1190 τῶν
1768 1139 2050 1207 Ψαλμῶν·

481 1228 838 1296 Ἐπιστηριῶ
886 1228 985 1282 ἐπὶ
1010 1228 1086 1281 σὲ
1116 1229 1261 1293 τοὺς
1305 1230 1654 1297 ὀφθαλμούς
1676 1248 1797 1298 μου
1845 1230 2049 1295 είτουν,

467 1322 767 1388 ἀπερείσω,
795 1320 1109 1386 ἀπευθυνῶ,
1127 1321 1362 1383 ἀκλινῶς
1398 1320 1601 1390 βλέψω.

539 1414 646 1465 Καὶ
677 1443 743 1455 --
772 1412 980 1467 αὐτοῦ.
1009 1411 1291 1482 Μηνυτάς.

541 1592 643 1645 Kal
669 1591 1071 1656 πορευθέντες
1098 1620 1172 1631 -
1196 1590 1596 1659 Σαμαρειτῶν.
1623 1592 1782 1646 Κατὰ
1817 1592 2055 1664 πάροδον

470 1681 636 1732 αὑτοῦ
671 1683 953 1751 κειμένην.

540 1774 725 1826 Ὥστε
782 1772 1095 1839 ἑτοιμάσαι
1162 1771 1345 1836 αὐτῷ.
1415 1770 1738 1841 Ύποδοχὴν,
1786 1771 2057 1848 δηλονότι.

466 1865 601 1933 πρὸς
626 1865 961 1932 καταγωγὴν
994 1862 1159 1916 αὑτοῦ
1188 1880 1246 1915 τε
1277 1864 1373 1917 καὶ
1398 1864 1509 1916 τῶν
1540 1863 1638 1916 σὺν
1670 1862 1841 1934 αὐτῷ.

533 2030 641 2082 Kal
677 2032 790 2082 οὐκ
826 2060 893 2072 —
935 2029 1353 2097 Ἰερουσαλήμ.
1381 2029 1451 2083 Τὸ
1483 2030 1811 2096 πρόσωπον
1838 2031 2050 2096 αὐτοῦ,

461 2122 585 2173 ἀντὶ
613 2120 731 2181 τοῦ,
768 2120 950 2181 αὐτὸς.
985 2120 1094 2172 ἀπὸ
1132 2121 1355 2188 μέρους,
1380 2120 1441 2174 τὸ
1471 2121 1611 2178 ὅλον.
1638 2121 1754 2174 Ούκ
1780 2121 2050 2186 ἐδέξαντο,

463 2214 650 2283 φησιν,
684 2212 870 2271 αὑτὸν,
902 2213 1035 2265 διότι
1073 2206 1142 2281 ἦν
1162 2212 1532 2281 πορευόμενος
1557 2214 1638 2276 είς
1674 2211 2051 2283 Ἰερουσαλὴμ,

458 2306 553 2357 tul
583 2306 709 2367 τοὺς
742 2304 975 2374 ἐχθροὺς
1031 2303 1237 2357 αὐτῶν.
1280 2304 1571 2368 Ἐναντίως
1619 2304 1729 2375 γὰρ
1770 2306 1820 2358 οί
1850 2304 2043 2377 Σαμα-

463 2399 635 2466 ρεῖται
678 2396 813 2465 πρὸς
845 2397 973 2459 τοὺς
1013 2395 1457 2465 Ἱεροσολυμίτας
1478 2397 1770 2452 διέκειντο.

526 2488 787 2554 ’ἰδόντες
812 2488 880 2541 δὲ
905 2518 968 2529 -
984 2488 1209 2553 αὐτοῖς.
1232 2489 1345 2559 (59)
1382 2488 1808 2558 Ὑπολαμϐάνω,
1824 2490 2050 2555 τούτους

459 2575 600 2632 εῖναι
651 2581 778 2641 τοὺς
830 2580 1269 2644 ἀποσταλέντας.
1303 2580 1675 2651 Ὠργίσθησαν
1711 2580 1809 2650 μὲν
1837 2577 1953 2647 οὖν,
1976 2583 2051 2645 ὼς

456 2672 857 2739 ἀτιμασθέντος
884 2672 980 2724 τοῦ
1026 2673 1356 2726 διδασκάλου
1380 2690 1394 2703 ·
1426 2672 1728 2743 ἠρώτησαν
1758 2674 1836 2740 δι,
1860 2677 1909 2727 εί
1942 2674 2049 2746 χρὴ

458 2764 585 2824 τους
603 2763 982 2831 ἀτιμάσαντας
1013 2762 1349 2832 ἀμύνασθαι.
1376 2764 1453 2825 ὡς
1489 2764 1820 2836 μιμούμενοι
1855 2764 2050 2819 Ἠλίαν

455 2854 550 2905 τὸν
608 2853 879 2922 ζηλωτήν.
938 2853 1275 2923 Ἐπετίμησε
1301 2854 1367 2907 ’δὲ
1397 2856 1582 2917 αὐτοῖς
1616 2857 1644 2908 6
1682 2857 1944 2925 Χριστὸς,
1970 2856 2047 2920 ὡς

456 2945 801 3009 ἀνεξίκακος,
832 2946 1106 2999 παιδεύων
1162 2946 1383 3010 αὐτοὺς,
1434 2947 1808 3018 μακροθύμως
1860 2953 2048 3021 φέρειν

455 3040 555 3098 τὰς
591 3035 816 3104 ἀτιμίας
855 3035 963 3086 τῶν
993 3034 1395 3090 ἀπειθούντων.
1441 3038 1741 3104 Ἐγίνωσκε
1781 3040 1880 3107 μὶν
1910 3040 2044 3109 γὰρ,

456 3127 539 3180 ὅτι
569 3129 631 3180 ού
665 3127 1062 3198 παραδέξονται
1098 3129 1262 3181 αὐτὸν
1298 3128 1411 3199 (60)
1434 3131 1483 3181 οί
1510 3130 1878 3199 Σαμαρεῖται·
1909 3130 2047 3183 ἀπέ-

457 3219 632 3271 στειλε
663 3220 720 3272 δὶ
760 3218 1031 3288 μαθητὰς,
1052 3218 1141 3273 ἶνα
1175 3220 1593 3289 ἀπειθησάντων
1636 3219 1737 3289 μὶν
1792 3220 2047 3285 ἐκείνων,

454 3312 824 3381 ὀργισθέντων
848 3310 905 3363 δὲ
928 3310 1157 3375 τούτων,
1175 3310 1457 3381 ιπιπ).ήξῃ
1485 3312 1581 3365 καὶ
1605 3311 1792 3384 διδάξῃ
1825 3313 2048 3377 αὐτοὺς,

457 3403 534 3473 μὴ
565 3402 961 3472 ὲπεξέρχεσθαι
1003 3404 1115 3465 τοῖς
1144 3403 1609 3473 καταφρονοῦσιν.
1638 3404 1909 3473 Ἐμελλον
1936 3405 2046 3475 γάρ

452 3496 514 3549 τὸ
550 3496 815 3564 κήρυγμα
867 3494 1334 3562 καταγγέλλοντες
1393 3495 1499 3548 ὑπὸ
1547 3494 1762 3547 πολλῶν
1792 3496 2050 3567 ἀποπέμ-

456 3588 676 3639 πεσῦαι.
714 3589 827 3657 Οὐχ
858 3588 1071 3647 ἑαυτοῖς
1105 3586 1335 3645 GLI/.15
1360 3590 1426 3657 τῇ
1456 3586 1622 3639 αὑτοῦ
1657 3586 1883 3654 δυνάμει
1912 3586 2049 3655 θαρο

454 3678 675 3749 ῥοῦντες
707 3674 878 3738 εἷπον,
905 3679 987 3730 ὅτι
1008 3680 1287 3748 Ειπωμεν
1303 3679 1424 3747 πῦρ
1450 3677 1919 3745 καταϐῆναιάπὸ
1941 3677 2052 3732 τοῦ

450 3772 735 3839 οἱφανοῦ.

524 3867 587 3918 El
623 3866 716 3918 καὶ
762 3865 875 3935 (Gl)
901 3865 1154 3935 παρῆκεν
1176 3867 1203 3919 ὀ
1228 3866 1623 3937 Χρυσόστομος
1649 3866 1762 3938 (62)
1786 3867 2047 3935 ἐνταῦθα,

450 3959 531 4013 τὼ
567 3962 686 4013 Οὺιι
721 3959 920 4012 οιόατε
973 3960 1105 4013 οἵου
1138 3961 1482 4027 πνεύματός
1512 3962 1654 4013 ἐστε
1677 3975 1690 3989 '
1722 3961 1839 4013 ἀλλ’
1872 3956 1966 4015 οὖν
1994 3963 2053 4014 ἐν

451 4053 661 4124 ἑτέροις
695 4051 875 4119 λόγοις
912 4054 1245 4111 Δεσποτικδν
1274 4048 1416 4106 εἶναι
1450 4052 1602 4121 λέγει
1648 4054 1747 4107 καὶ
1796 4056 1950 4108 τουτὶ
1986 4055 2050 4108 τὸ

456 4144 640 4213 ῥητόν.
697 4143 900 4198 Λοιπὸν
959 4148 1142 4199 τοίνυν
1202 4145 1424 4217 πνεῦμα
1454 4147 1565 4199 νόει
1626 4165 1719 4217 μοι
1779 4149 1840 4199 τὸ
1896 4149 2055 4215 ἅγιον

454 4238 698 4309 Πνεῦμα.
738 4238 912 4292 Τοῦτο
969 4240 1079 4311 γὰρ
1135 4240 1343 4308 ἀγαθόν
1395 4242 1515 4294 εστι
1563 4240 1663 4293 καὶ
1698 4240 2050 4307 ἀνεξίκακον.

453 4328 641 4402 ὥσπερ
673 4332 767 4383 καὶ
811 4332 879 4384 τά
928 4333 1092 4385 λοιπά
1134 4332 1403 4400 πρόσωπα
1434 4335 1533 4403 τῆς
1569 4335 1702 4404 μιᾶς
1732 4334 2051 4407 Θεότητος.]

451 4448 608 4501 ΚΕΦ.
628 4448 751 4501 AI".
772 4447 913 4515 Περὶ
935 4446 1040 4502 τοῦ
1066 4448 1156 4519 μὴ
1177 4449 1650 4519 ἐπιτρεπομένου
1664 4451 2049 4508 ἀκολουθεῖν.

524 4607 632 4660 Καὶ
654 4607 1159 4674 ἐπορεύθησαν-
1178 4609 1381 4674 κλίνῃ.
1406 4608 1657 4678 Ἔγραψε
1691 4609 1823 4678 περὶ
1854 4611 2046 4664 τούτου

450 4702 545 4752 καὶ
575 4704 603 4754 ὁ
637 4702 918 4763 Illa-chio;
943 4704 1000 4751 ἐν
1020 4701 1096 4770 τῷ
1116 4702 1331 4772 δεκάτῳ
1376 4702 1681 4773 κεφαλαίῳ,
1708 4704 1800 4756 καὶ
1864 4706 2049 4776 ἡρμη-

454 4792 723 4862 νεύῆησαν
768 4795 885 4847 ἐκΞί
928 4795 1064 4863 (65).
1876 4854 1879 4857 λ

523 4882 675 4939 Εἷπε
705 4915 771 4925 -
804 4886 1144 4940 Θεοῦ.⁹Εκεῐ
1178 4888 1273 4940 καὶ
1304 4889 1433 4957 περὶ
1471 4888 1665 4941 τούτου
1699 4889 1887 4956 σαφῶς
1915 4890 2052 4943 διεί-

453 4976 659 5045 ληπται
682 4993 695 5006 ·
728 4978 957 5032 ἐκάλεσε
997 4978 1055 5031 δὲ
1102 4978 1291 5031 τοῦτον
1322 4981 1349 5032 ὁ
1383 4979 1642 5051 Χριστὸς,
1684 4979 1841 5042 εἰδὼς
1884 4981 2049 5033 αὑτὸν

453 5073 625 5139 ἄξιον.

558 5221 603 5252 ⁸⁹
636 5218 784 5273 Psal.
838 5233 989 5283 xxxi,
1021 5217 1076 5273 8.

2080 1833 2128 1893 B

2157 598 2487 665 sumptionis
2525 598 2722 665 ipsius,
2756 598 2890 652 dicit
2922 598 3247 667 praefinitum
3307 610 3547 671 tempus,
3610 604 3739 657 dum

2154 703 2183 740 a
2217 696 2359 742 terra
2390 698 2766 743 assumeretur
2807 689 2861 742 in
2896 693 3139 755 cretum;
3172 692 3282 761 jam
3311 693 3457 746 enim
3500 695 3741 749 instabat

2154 774 2237 828 sui
2270 772 2623 843 interemptio
2652 789 2717 828 ac
2746 777 3080 830 resurrectio
3105 787 3158 830 et
3197 780 3523 847 assumptio,
3570 780 3743 850 Obﬁr-

2154 859 2323 914 mavit
2354 860 2548 915 faciem
2583 875 2759 921 suam.
2803 861 2908 915 hoc
2937 872 3041 923 est,
3075 864 3295 926 direxit,
3350 875 3408 917 ut
3458 860 3563 919 iret
3612 866 3737 920 Ilie-

2155 947 2451 1015 rosolyma,
2486 946 2843 1016 progrediens
2898 947 2963 1001 ad
3002 949 3335 1016 passionem,
3388 963 3459 1003 ne
3510 950 3742 1020 respici-

2154 1036 2299 1090 endo
2332 1036 2553 1104 quidem
2598 1037 2655 1090 in
2712 1046 2945 1107 tergum.
3003 1037 3275 1107 Scriptum
3333 1048 3418 1094 est
3481 1041 3627 1094 enim
3681 1042 3739 1095 in

2155 1127 2296 1183 libro
2324 1143 2542 1197 quoque
2571 1126 2909 1182 Psalmorum
2948 1146 2960 1180 :
3003 1128 3306 1196 Obﬁrmabo
3342 1148 3498 1197 super
3528 1141 3577 1184 te
3612 1148 3741 1184 oru—

2153 1218 2233 1272 los
2264 1234 2406 1273 meos
2434 1219 2479 1250 ”
2506 1235 2525 1283 ;
2561 1219 2678 1274 sive
2708 1219 2948 1289 infigam,
2984 1220 3236 1290 dirigam,
3288 1222 3742 1277 indeclinabiliter

2153 1311 2441 1382 aspiciam.

2224 1402 2380 1457 Vers.
2418 1401 2508 1455 52.
2542 1401 2609 1455 Et
2633 1430 2705 1441 —
2728 1417 2905 1465 suum,
2939 1400 3040 1455 Hic
3069 1401 3234 1455 etiam
3270 1401 3438 1456 dictio
3465 1403 3737 1471 ἀγγέλους

2154 1490 2476 1560 simpliciter
2524 1491 2750 1545 nuntios
2798 1490 3094 1562 signiﬁcat.

2224 1582 2384 1637 Vera.
2421 1580 2510 1636 52.
2545 1580 2613 1635 Et
2654 1591 2834 1635 euntes
2861 1612 2931 1621 —
2959 1580 3453 1637 Samaritanorum.
3495 1584 3651 1651 Quod
3687 1587 3744 1641 in

2159 1673 2393 1727 transitu
2426 1672 2547 1740 ejus
2579 1672 2744 1726 situm
2775 1680 2915 1727 erat.

2227 1760 2383 1816 Vers.
2416 1760 2505 1815 52.
2567 1761 2631 1816 Ut
2657 1770 2909 1829 pararent
2940 1762 3041 1816 illi.
3100 1761 3410 1832 Hospitium
3460 1764 3744 1829 videlicet,

2155 1847 2221 1903 ad
2277 1848 2690 1918 susceptionem
2738 1848 2933 1917 ipsius,
2968 1857 3024 1902 et
3083 1849 3324 1916 illorum,
3374 1851 3469 1920 qui
3518 1867 3643 1906 cum
3678 1868 3746 1906 eo

2156 1949 2337 1993 erant.
3676 1930 3691 1939 ’

2226 2026 2385 2083 Vers.
2418 2029 2508 2083 53.
2532 2030 2600 2083 Et
2626 2029 3212 2099 nun—Hierosolyma.
3250 2031 3442 2086 Facies
3477 2033 3619 2102 ejus,
3643 2036 3748 2091 hoc

2154 2128 2260 2183 est,
2297 2120 2439 2189 ipse,
2467 2136 2495 2174 a
2523 2130 2678 2189 parte
2733 2130 2931 2176 totum.
2966 2122 3083 2175 Non
3114 2132 3479 2192 receperunt.
3542 2126 3747 2195 inquit,

2155 2226 2305 2277 eum,
2341 2214 2467 2282 quia
2500 2215 2762 2285 pergebat
2812 2213 3185 2283 Hierosolyma
3212 2216 3279 2267 ad
3314 2214 3571 2271 inimicos
3593 2218 3741 2288 ipso-

2156 2316 2301 2357 rum.
2331 2302 2466 2356 Nam
2496 2302 2831 2358 Samaritani
2862 2303 3088 2357 inimico
3117 2304 3304 2358 animo
3346 2304 3529 2360 allecti
3589 2314 3751 2361 erant

2154 2395 2220 2448 ad
2253 2393 2735 2464 Hierosolymitas.

2225 2487 2381 2542 Vere.
2412 2488 2504 2542 δι.
2536 2486 2686 2552 Quod
2744 2503 2862 2541 cum
2913 2489 3437 2545 vidissent—Ven.
3493 2489 3583 2543 55.
3639 2507 3752 2544 ser-

2152 2580 2407 2634 vandum.
2461 2576 2748 2649 SuSpicor.
2788 2580 2892 2633 hos
2949 2579 3119 2634 fuisse
3172 2583 3505 2651 praemissos.
3561 2583 3751 2652 Itaque

2153 2668 2275 2723 irati
2314 2680 2479 2733 sunt,
2515 2670 2664 2739 quod
2701 2682 3095 2740 prmceptorem
3151 2674 3489 2741 sprevissent
3528 2692 3542 2726 :
3582 2675 3751 2739 inter?

2153 2770 2650 2831 rogaveruntergo,
2674 2777 2740 2814 an
2767 2763 3192 2830 contemptores
3224 2766 3413 2819 ulcisci
3444 2778 3749 2834 oporteret,

2157 2858 2349 2920 utpote
2378 2850 2591 2903 zeloten
2628 2850 2794 2903 Eliam
2855 2852 3155 2907 imitantes.
3216 2852 3526 2921 Increpavit
3567 2864 3749 2909 autem

2155 2943 2279 2997 illos
2337 2943 2614 3003 Christus,
2654 2952 2914 3012 tanquam
2966 2943 3209 2998 clemens
3247 2962 3260 2997 :
3300 2945 3580 3000 instruens
3630 2961 3751 3012 eos,

2153 3043 2213 3087 ut
2238 3034 2649 3087 incredulorum
2680 3034 2915 3102 injurias
2938 3036 3208 3103 patienter
3226 3036 3453 3091 ferrent.
3471 3036 3752 3107 Siquidem

2156 3126 2386 3191 sciebat,
2422 3126 2563 3195 quod
2590 3141 2648 3180 se
2680 3128 2992 3196 suscepturi
3023 3144 3129 3182 non
3162 3140 3348 3183 essent
3378 3130 3705 3185 Samaritani
3735 3149 3751 3186 :

2158 3218 2307 3272 misit
2343 3228 2525 3272 tamen
2556 3219 2878 3289 discipulos,
2914 3230 2973 3274 ut
3034 3221 3143 3275 illis
3170 3238 3279 3276 non
3327 3227 3669 3294 parentibus,
3699 3236 3755 3281 et

2157 3310 2247 3365 bis
2272 3311 2669 3373 irascentibus,
2718 3312 3034 3382 objurgaret
3057 3329 3122 3367 ac
3144 3315 3371 3370 doceret
3403 3332 3500 3371 eos
3533 3334 3642 3372 non
3674 3320 3759 3374 in-

2153 3416 2381 3473 surgere
2417 3403 2471 3455 in
2503 3404 2624 3457 illos
2646 3404 2739 3473 qui
2780 3416 3227 3459 contemnerent.
3280 3406 3550 3463 Futurum
3604 3412 3755 3466 enim

2156 3502 2303 3557 erat,
2364 3503 2424 3548 ut
2457 3508 2582 3548 cum
2633 3493 2990 3566 Evangelium
3046 3498 3464 3565 annuntiarent,
3498 3516 3528 3554 a
3561 3503 3754 3559 multis

2157 3587 2604 3656 repudiarentur.
2637 3586 2756 3642 Non
2791 3588 2892 3642 sibi
2935 3588 3067 3659 ipsis
3106 3599 3321 3656 autem,
3360 3593 3455 3647 sed
3488 3594 3556 3647 de
3606 3594 3755 3651 illius

2155 3679 2400 3748 potentia
2454 3678 2797 3733 conﬁdentes
2866 3680 3176 3735 dixerunt:
3221 3680 3312 3734 Vis
3372 3684 3634 3749 dicamus,
3697 3696 3757 3740 ut

2154 3771 2293 3841 ignis
2331 3772 2395 3824 de
2429 3771 2557 3824 calo
2592 3771 2874 3825 descendat
2908 3774 2933 3828 2

2225 3865 2306 3936 -Η-
2345 3865 2566 3919 Etiamsi
2601 3866 3015 3935 praetermiserit
3048 3867 3293 3922 hoeloco
3331 3868 3761 3942 Chrysostomus

2156 3960 2258 4014 ista
2293 3976 2306 4013 :
2336 3958 2561 4014 Nescitis
2606 3960 2758 4028 cujus
2779 3960 2995 4028 spiritus
3020 3962 3144 4015 estis
3169 4001 3184 4027 ,
3223 3962 3319 4017 sed
3356 3966 3408 4016 in
3438 3965 3561 4018 aliis
3582 3968 3764 4021 liomlo

2155 4053 2245 4107 liis
2275 4053 2380 4107 boc
2406 4050 2617 4106 Domini
2657 4069 2981 4123 responsum
3000 4070 3125 4108 esse
3149 4058 3245 4107 ait.
3282 4055 3454 4127 Igitur
3487 4057 3755 4127 Spiritum

2160 4146 2388 4216 quidem
2430 4144 2677 4215 intellige
2712 4144 2981 4215 Spiritum
3015 4157 3290 4202 sanctum.
3330 4150 3377 4203 Is
3408 4151 3554 4203 enim
3587 4153 3763 4207 bonus

2158 4248 2243 4293 est
2282 4248 2339 4292 et
2380 4236 2695 4309 indulgens,
2728 4248 2789 4292 ut
2818 4238 3041 4308 reliqua:
3074 4255 3326 4310 personae
3352 4242 3516 4296 unius
3548 4252 3760 4299 natura

2158 4331 2384 4387 divine.

2228 4446 2383 4504 CAP.
2420 4444 2666 4502 XXXIII.
2708 4445 2782 4500 De
2811 4464 2870 4500 eo
2920 4447 3005 4499 cui
3048 4462 3150 4499 non
3186 4448 3425 4517 permisit
3475 4461 3531 4503 ut
3580 4468 3764 4524 seque-

2863 4527 3033 4571 retur.

2231 4611 2391 4666 Vers.
2438 4612 2527 4666 56.
2563 4610 2629 4663 Et
2663 4611 2911 4664 abierunt
2946 4640 3015 4651 -—
3064 4609 3224 4667 Vers.
3258 4612 3347 4667 58.
3401 4615 3637 4669 reclinet.
3689 4617 3765 4671 De

2160 4706 2264 4760 hoc
2295 4714 2349 4758 et
2389 4704 2678 4758 Mattheus
2725 4703 2946 4772 scripsit
2986 4702 3321 4759 duodecimo
3359 4709 3561 4775 capite,
3609 4719 3662 4763 ct
3689 4710 3763 4763 ibi

2163 4799 2339 4869 posita
2365 4808 2447 4852 est
2475 4797 2877 4867 interpretatio.

2236 4892 2395 4950 Vers.
2436 4893 2522 4948 59.
2582 4894 2664 4946 Ait
2696 4923 2759 4932 —
2794 4891 2946 4947 Vers.
2992 4892 3081 4948 60.
3117 4896 3233 4950 Dei.
3272 4897 3347 4952 lbi
3373 4900 3539 4953 etiam
3602 4902 3765 4970 plane

2159 4988 2228 5043 de
2257 4988 2363 5043 hoc
2392 4986 2731 5057 disputatum
2765 4998 2871 5042 est.
2892 4988 3052 5043 Hunc
3070 5005 3199 5045 vero
3222 4990 3479 5048 Christus
3504 4996 3759 5059 vocabat,

2161 5082 2344 5138 sciens
2396 5096 2524 5136 eum
2544 5081 2793 5151 dignum.

1660 5288 1864 5352 Variae
1909 5289 2221 5354 lectiones
2250 5298 2312 5355 et
2343 5300 2538 5357 notae.

530 5462 641 5529 (59)
665 5460 761 5515 Hic
789 5459 1092 5516 llentenius
1125 5461 1377 5531 quaedam
1419 5459 1567 5515 addit
1595 5476 1660 5516 ex
1687 5459 2050 5527 editionibus,

455 5534 719 5603 utisupra
754 5534 869 5601 ipse
915 5534 1128 5587 monuit
1167 5534 1220 5586 in
1274 5532 1619 5587 Praiatione.

527 5609 639 5672 (ϋυ)
668 5604 893 5669 Τοῦτον,
922 5619 1020 5673 pro
1059 5603 1242 5660 αὐτόν.
1278 5612 1342 5657 Α.

526 5675 638 5756 itii)
670 5675 799 5730 Haec
836 5684 1066 5745 uterque
1123 5675 1183 5728 in
1214 5675 1486 5747 margine.
1531 5674 1695 5731 Caret
1757 5690 1824 5730 eo
1898 5673 2050 5731 Ilen-

456 5756 659 5882 w‘tltiuis).
705 5815 867 5873 Prius
912 5834 1041 5891 ergo
1103 5818 1479 5890 Cbrysostomi
1505 5818 1837 5875 auctoritate
1862 5830 2050 5879 motus

2155 5464 2485 5534 I‘Iutliymius
2512 5465 2801 5529 omiserat,
2869 5470 2965 5524 καὶ
3027 5466 3218 5524 εἷπεψ
3258 5472 3361 5525 οὐκ
3418 5474 3486 5527 ad
3543 5474 3761 5532 σῶσαι·

2153 5535 2513 5615 de_inde_vero
2552 5536 2802 5607 ejusdem
2836 5543 3162 5615 auctoritate
3201 5544 3594 5615 interpretatus
3649 5562 3756 5604 est.

2150 5606 2414 5687 Addenda
2444 5606 2757 5687 ergo-erant
2808 5612 3093 5687 codicibus
3122 5606 3399 5686 I‘Zutltytn'ii
3436 5618 3489 5669 in
3526 5623 3758 5687 repetita

2154 5679 2415 5804 ξειὲριιο.
2445 5679 2552 5735 Sed
2580 5684 2681 5735 hoc
2708 5682 3044 5750 neglectum.
3065 5679 3301 5757 ϐορίοδέ
3325 5687 3393 5743 de
3426 5689 3531 5745 hoc
3556 5679 3670 5745 dixi
3700 5694 3757 5745 in

2222 5821 2335 5894 ’65)
2398 5822 2489 5879 Ἰιν
2529 5825 2745 5899 ἐκείνῳ,
2784 5842 2883 5901 pro
2907 5827 3044 5884 ἐκεῖ.
3074 5828 3135 5885 Β.
