4436 6450
762 401 867 463 955
1973 398 2357 460 EU'I‘lIYMIl
2405 392 2777 460 ZIGABENI
3911 398 4019 464 956

835 512 988 563 Vcrs.
1054 508 1141 562 Gl.
1201 508 1349 563 Dixit
1380 538 1452 549 --—
1492 506 1645 563 Vers.
1690 507 1785 561 69..
1845 522 2003 576 regno
2063 506 2178 559 Dei.
2231 507 2333 572 Qui
2364 508 2435 571 Δ,

2331 508 2435 571 ιΔ.
2511 501 2661 558 Eius
2692 534 2763 546 —
2808 504 3141 569 βασιλείαν
3180 506 3290 561 τοῦ
3339 505 3510 560 Θεοῦ.
3563 505 3625 558 '0
3661 505 4017 575 ιπιχειρήσας

763 617 922 655 arare
946 611 1199 663 conatur,
1231 611 1286 655 et
1315 618 1345 655 a
1380 612 1531 669 tergo
1563 598 1805 669 respicit,
1832 598 2136 667 corrumpit
2164 614 2333 653 cona-
2439 596 2488 666 ἀι

2331 629 2333 634 ι
2439 596 2727 666 ἀροτριᾷν,
2756 597 2848 649 καὶ
2883 595 3099 665 βλέπων
3129 596 3211 659 είς
3239 596 3310 649 τά
3340 597 3539 659 ὀπίσω.
3558 596 3773 666 φθείρει
3798 598 3858 650 τὸ
3878 599 4017 668 πρόο

760 701 849 743 tus
876 690 1364 758 promptitudinem
1392 688 1641 758 segnitie,
1678 702 1784 756 qua
1828 702 1855 739 a
1882 696 2035 756 tergo
2089 688 2332 756 respicit.
2437 686 2488 740 θι

2331 730 2332 737 η
2437 686 2609 756 θυμον
2638 686 2737 754 τῆς
2775 687 3168 755 ιπιχειρήσεως
3188 688 3256 755 τῇ
3290 684 3538 755 ῥᾳθυμίᾳ
3568 685 3663 739 τοῦ
3689 685 3911 755 βλέπειν
3933 688 4015 748 είς

759 779 1075 833 Parabolice
1100 795 1233 849 ergo
1256 779 1507 833 Salvator
1542 780 1701 845 dixit,
1731 788 1973 833 aratrum
2011 787 2065 832 et
2116 779 2231 845 (π)
2255 794 2333 831 εε-
2433 776 2488 830 τό

2331 810 2333 815 ›
2433 776 2499 830 τὰ
2536 775 2735 829 ὀπίσω.
2782 775 3178 846 ιῐαρασολικῶς
3220 776 3402 829 τοίνυν
3454 778 3483 829 ὀ
3512 777 3705 847 Σωτὴρ
3760 774 4017 844 ἄροτρον

756 869 922 937 quise
947 883 966 920 :
998 877 1051 921 et
1071 866 1406 921 tantumdem
1430 875 1533 929 est,
1556 882 1621 921 ac
1655 867 1699 920 si
1730 867 1873 922 dicat
1897 865 2226 935 :Nemo,fqui
2246 879 2333 919 me
2432 866 2488 920 dy

2331 889 2333 914 :
2432 866 2706 936 ὠνόμασε,
2729 865 2791 919 τὸ
2811 864 3125 919 ἀκόλουθείν
3149 866 3217 918 αύ
3227 865 3319 935 τῷ,
3344 866 3537 933 λέγων,
3568 868 3652 920 ὅτι
3680 867 3871 929 οὐδεὶς
3894 869 4015 917 tm-

753 960 909 1027 sequi
944 967 1195 1017 conatur.
1220 958 1265 1011 si
1302 972 1333 1011 a
1358 966 1507 1027 tergo
1559 959 1839 1026 respiciat,
1881 960 1984 1012 hoc
2013 968 2119 1021 est,
2172 974 2328 1013 men-
2432 976 2488 1029 χι

2432 959 2697 1029 χειρήσας
2723 956 3043 1012 ἀκολουθεῖν
3077 974 3193 1025 μοι,
3220 955 3315 1010 καὶ
3347 956 3563 1026 βλέπων
3597 960 3679 1020 είς
3706 958 3774 1010 τά
3808 957 4009 1019 ὀπίσω,

754 1058 860 1100 tem
885 1049 1062 1101 adhuc
1111 1048 1177 1102 ad
1212 1048 1535 1118 temporalia
1586 1050 1805 1112 habeat,
1826 1057 2090 1117 aptusest
2127 1050 2194 1103 ad
2240 1063 2328 1103 re-
2431 1069 2488 1105 το

2431 1051 2699 1115 τουτέστι,
2736 1050 2828 1104 τὸν
2863 1048 2989 1102 νοῦν
3016 1049 3096 1101 Ιτι
3130 1048 3269 1119 ἔχων
3304 1049 3383 1112 είς
3408 1048 3480 1101 τά
3532 1048 3787 1118 βιωτικὰ.
3822 1051 4013 1117 ἐπιτή-

750 1154 915 1209 gnum
941 1138 1055 1191 Dei.
1089 1136 1313 1208 Oportet
1333 1139 1478 1193 enim
1511 1153 1656 1200 eum,
1690 1141 1781 1207 qui
1805 1139 1960 1209 eligit
1988 1141 2145 1209 sequi
2170 1140 2331 1194 Cbri-
2432 1144 2485 1197 δε

2432 1144 2570 1205 δειός
2601 1144 2752 1195 ἐστιν
2807 1144 2887 1205 είς
2908 1141 3010 1211 τὴν
3064 1140 3346 1210 βασιλείαν
3400 1140 3497 1193 τοῦ
3528 1138 3687 1193 Θεοῦ.
3717 1142 3837 1211 Χρὴ
3871 1142 4009 1211 γὰρ,

749 1242 891 1284 stum
919 1232 1211 1285 confestim
1239 1231 1421 1285 omnia
1445 1231 1733 1299 despicere
1748 1240 1805 1285 et
1840 1232 2015 1301 sequi,
2050 1247 2118 1285 ne
2135 1232 2329 1287 oculos
2431 1235 2488 1285 τὸ

2431 1235 2521 1285 τὸν
2552 1233 2808 1301 ἑλόμενον
2836 1232 2897 1285 τὺ
2922 1231 3241 1287 ἀκολουθεῖν
3270 1230 3349 1300 τῷ
3391 1230 3640 1299 Χριστῷ,
3670 1233 3889 1286 πάντων
3913 1233 4007 1285 εὕ-

746 1324 968 1391 quidem
1009 1324 1078 1377 ab
1104 1338 1169 1376 eo
1194 1321 1536 1388 divertendo,
1570 1337 1641 1376 ne
1666 1324 1805 1377 forte
1832 1322 2020 1379 habitu
2053 1338 2116 1377 ac
2141 1325 2329 1392 specie
2431 1323 2488 1377 θέ

2431 1323 2569 1385 θέως
2605 1324 2902 1391 ὑπεριδεῖν,
2935 1322 3027 1375 καὶ
3074 1322 3490 1391 ἀμεταστρεπτὶ
3532 1311 3705 1388 τούτῳ
3752 1320 4009 1384 Ξπεσθαι,

747 1429 939 1467 eorum
994 1429 1115 1481 qua:
1152 1428 1182 1466 a
1240 1422 1389 1483 tergo
1448 1422 1595 1478 sunt,
1627 1416 1945 1469 retineatur.
2001 1416 2145 1482 Quid
2180 1416 2327 1472 enim

747 1508 857 1561 Deo
909 1506 1204 1576 uptabilius
1262 1520 1327 1559 ac
1362 1507 1757 1575 praestantius?

807 1619 960 1673 CAP.
998 1618 1238 1673 XXXIV.
1273 1617 1351 1672 De
1368 1618 1656 1688 designatis
1676 1620 2011 1690 septuaginta
2043 1622 2321 1689 apostolis.

739 1709 873 1779 Cap.
904 1708 974 1761 Χ.
1008 1709 1165 1762 Vers.
1237 1722 1273 1760 ι.
1329 1706 1452 1759 Post
1510 1708 1619 1760 luet:
1649 1736 1719 1745 —
1752 1710 2115 1777 septuaginta.
2172 1710 2323 1778 Apo-

738 1801 908 1855 stolos
937 1798 1213 1853 videlicet.
1251 1796 1405 1852 Multi
1438 1797 1585 1851 enim
1616 1798 1880 1853 credituri
1906 1811 2085 1862 erant.
2123 1812 2178 1854 et
2202 1802 2322 1871 plu-

742 1893 895 1947 ribus
947 1891 1397 1961 praedicatoribus
1449 1905 1591 1959 opus
1654 1900 1793 1944 erat.
1857 1890 2155 1947 Duodecim
2241 1896 2318 1948 si—

734 1987 957 2055 quidem
1016 1984 1247 2053 apostoli
1301 1984 1513 2052 primus
1562 1992 1675 2037 erat
1716 1984 2317 2058 chorus;septuaginta

732 2094 889 2143 vero,
942 2078 1240 2133 secundus.
1285 2075 1397 2131 llos
1424 2086 1611 2131 autem
1673 2076 1970 2133 duodecim
1997 2088 2054 2133 et
2084 2090 2315 2149 septua-

732 2171 881 2241 ginta
940 2169 1366 2240 prmllgurabant
1410 2168 1699 2224 duodecim
1724 2169 1902 2225 fontes
1927 2186 2218 2242 aquarum,
2262 2182 2318 2227 et

731 2261 1079 2331 septuaginta
1140 2260 1317 2312 trunci
1359 2258 1667 2326 palmarum
1701 2259 1755 2312 in
1804 2259 1996 2327 Αειῑω,
2031 2262 2099 2315 ad
2148 2278 2313 2331 quam

726 2360 997 2407 venerunt
1026 2350 1281 2406 Israelita;
1320 2351 1385 2414 “,
1430 2349 1521 2405 ubi
1575 2363 1724 2404 mare
1754 2348 1999 2406 Rubrum
2032 2364 2313 2423 pertrans-

726 2444 921 2498 issent.

798 2532 955 2585 Vers.
991 2548 1028 2585 I.
1060 2531 1127 2584 Et
1155 2531 1327 2584 emisit
1350 2560 1420 2571 --
1449 2541 1567 2585 erat
1612 2534 1721 2600 ipse
1747 2543 2018 2588 venturus.
2040 2532 2313 2589 Similiter

725 2635 781 2679 et
827 2623 1114 2679 duodecim
1172 2623 1512 2692 coniunctim
1563 2621 1675 2695 (νυ)
1727 2624 1931 2689 emisit,
1980 2624 2141 2680 sicuti
2179 2626 2317 2681 dixit

726 2716 942 2772 Marcus
993 2716 1208 2771 decimo
1267 2726 1465 2786 quarto
1501 2719 1718 2786 capite;
1774 2717 1870 2771 sed
1927 2718 2224 2773 duodecim
2258 2719 2313 2774 in

724 2824 920 2864 omnes
975 2809 1229 2863 civitates
1280 2824 1345 2862 ac
1395 2824 1565 2879 pagos
1617 2809 1785 2865 Israel
1812 2811 2020 2875 emisit,
2048 2819 2311 2881 tanquam

724 2901 1084 2972 perfectiores
1120 2918 1135 2956 :
1171 2902 1519 2973 septuaginta
1554 2916 1706 2967 vero,
1761 2902 1816 2955 in
1857 2903 2003 2957 solas
2037 2918 2132 2957 eas
2187 2920 2313 2973 qum

718 2995 777 3049 in
812 2993 1049 3046 transitu
1088 2984 1291 3056 erant,'
1326 3007 1426 3061 per
1458 3008 1595 3061 quas
1644 2995 1747 3047 iter
1806 2994 2051 3048 facturus
2080 3005 2220 3063 erat,
2251 3005 2311 3049 ut

717 3086 1081 3155 prmdicarent
1164 3085 1553 3139 remissionem
1643 3095 2013 3156 peccatorum,
2080 3090 2309 3159 ejusque

716 3177 1038 3241 adventum,
1066 3176 1159 3247 qui
1192 3176 1574 3231 remissionem
1595 3176 1815 3232 illorum
1842 3179 2130 3235 tribueret.

788 3356 1021 3411 \‘ers.2.
1069 3356 1288 3411 Dicebat
1320 3385 1390 3398 -
1426 3358 1607 3425 pauci.
1663 3358 1902 3413 Messem
1964 3359 2098 3415 dicit
2159 3360 2303 3426 illos,

725 3451 821 3521 qui
855 3450 924 3504 ab
950 3449 1277 3504 inﬁdelitate
1329 3450 1667 3515 demetendi,
1719 3461 1775 3506 et
1823 3452 1893 3506 ad
1933 3451 2096 3507 ﬁdem
2145 3468 2302 3508 suam

712 3552 870 3595 erant
927 3542 1304 3609 comportandi
1340 3559 1353 3594 :
1394 3543 1675 3611 operarios
1709 3559 1861 3608 vero,
1919 3546 2220 3615 apostolos,
2247 3557 2304 3602 et

710 3634 1029 3704 quicunque
1069 3634 1135 3687 ad
1170 3633 1273 3689 hoc
1303 3634 1807 3691 subministrarem.
1836 3634 1937 3693 Hic
1961 3648 2144 3693 autem
2182 3654 2300 3694 ma-

708 3727 964 3781 nifestata
990 3736 1253 3783 estcausa
1276 3728 1642 3797 promotionis
1663 3730 1908 3800 ipsorum
1928 3733 2298 3805 septuaginta,

705 3829 762 3874 et
794 3830 974 3874 tamen
1012 3835 1218 3890 paucos
1248 3821 1431 3875 adhuc
1457 3836 1580 3876 esse
1613 3822 1749 3878 dicit
1774 3839 1971 3880 omnes
2018 3828 2299 3896 apostolos

700 3914 769 3968 ad
800 3913 1205 3967 multitudinem
1244 3913 1485 3979 ill’orum,
1518 3914 1611 3985 qui
1645 3916 1903 3971 credituri
1936 3927 2114 3973 erant.

778 4004 935 4058 Vers.
989 4004 1044 4058 2.
1088 4004 1288 4075 Rogata
1320 4035 1392 4045 —
1433 4022 1611 4061 suam.
1662 4008 1849 4062 Hocet
1874 4008 1948 4075 id,
1976 4010 2122 4079 quod
2170 4019 2298 4066 ante

705 4098 851 4153 istud
881 4098 1181 4165 przecessit,
1210 4100 1377 4153 etiam
1398 4099 1537 4154 dixit
1602 4099 1658 4154 in
1694 4100 1802 4157 line
1828 4102 2036 4156 decimi
2116 4104 2295 4158 octavi

698 4193 855 4262 juxta
896 4191 1223 4246 Slatthzeum
1263 4192 1483 4262 capitis,
1510 4193 1608 4247 sed
1656 4194 1730 4249 ibi
1777 4210 2013 4250 messem
2065 4190 2294 4253 multam

2431 1415 2644 1483 μήποτε
2662 1416 2727 1480 τῇ
2751 1414 2932 1481 σχέσει
2962 1413 3068 1465 τῶν
3094 1414 3271 1465 ὀπίσω
3294 1411 3633 1481 κατασχεθῇ.
3662 1411 3725 1465 Τί
3750 1411 3858 1481 γὰρ
3874 1413 4010 1464 ﬁco-3

2430 1507 2809 1577 ποθεινότερόν
2833 1526 2895 1560 τε
2923 1510 3017 1561 καὶ
3049 1506 3490 1578 προτιμότερον;

2427 1623 2584 1675 ΚΕΦ.
2610 1619 2731 1675 ΛΔ’.
2748 1619 2888 1687 Περί
2927 1617 3048 1674 τῶν
3078 1616 3557 1687 ἀναδειχθέύ-των
3584 1616 4008 1685 ἐσδομήκοντα.

2497 1710 2657 1764 Μετὰ
2700 1708 2886 1763 ταῦτα
2914 1738 2986 1751 -
3038 1706 3469 1778 ἐϐδομήκοντα.
3518 1706 4013 1775 ’Δποστόλους,δη-

2357 1834 2395 1888 Β
2424 1802 2623 1853 λονότι.
2649 1800 2842 1853 Πολλοὶ
2870 1800 3238 1888 γὰρ-ἐμελλον
3272 1800 3555 1888 πιστεύειν
3585 1799 3677 1852 καὶ
3723 1796 3883 1869 χρεία
3912 1814 4011 1888 κηέ

2428 1890 2609 1957 ρύκων
2662 1890 2923 1942 πλειόνων
2970 1885 3061 1959 ἦν.
3081 1888 3299 1943 Δώδεκα
3341 1889 3441 1958 μὲν
3482 1884 3584 1971 ρῦν
3644 1887 4013 1956 ἁπόστολοι,ὀ

2421 1979 2639 2049 πρῶτος
2667 1980 2828 2049 χορός
2848 1996 2861 2009 ·
2889 1978 3263 2049 ἑϐδομήκοντα
3298 1979 3379 2045 δὲ,
3404 1982 3432 2032 ό
3461 1979 3741 2048 δεύτερος.
3767 1980 4009 2043 Τούτους

2420 2068 2477 2122 δὲ
2502 2070 2627 2131 τοὺς
2680 2068 2908 2133 δώδεκα,
2938 2070 3032 2121 καὶ
3089 2070 3212 2133 τοὺς
3273 2068 3670 2138 ἑϐδομήκοντα,
3698 2067 3866 2120 πάλαι
3896 2067 4011 2139 (66)

2422 2160 2862 2233 προετύπουν,ὲν
2889 2164 2955 2231 τῇ
2981 2162 3199 2229 Λίλεὶμ,
3226 2164 3304 2224 εἷς
3323 2161 3387 2231 ἢν
3418 2158 3581 2231 ἦλθον
3603 2162 3652 2212 οἱ
3673 2161 4009 2231 Ἰσραηλῖται

2422 2254 2713 2315 διαϐάντες
2742 2257 2842 2324 τὴν
2866 2252 3143 2323 Ἐρυθρὰν
3169 2252 3474 2314 θάλασσαν,
3504 2256 3557 2307 ai
3585 2254 3794 2308 δώδεκα
3824 2256 4003 2325 πηγαὶ

2415 2344 2526 2397 τῶν
2559 2344 2788 2410 ὑδάτων,
2838 2345 2934 2398 καὶ
2966 2346 3035 2399 τὰ
3069 2344 3446 2415 ἑϐδομήκοντα
3501 2346 3728 2416 στελέχη
3755 2346 3863 2399 τῶν
3888 2363 4011 2417 φοι-

2416 2437 2610 2492 νίκων.

2486 2530 2597 2583 Καὶ
2652 2527 3018 2584 ἀπέστειλεν
3063 2558 3132 2571 -
3172 2528 3433 2596 ἔμελλεν
3464 2529 3652 2595 αὐτὸς
3702 2530 4007 2598 ἔρχεσθαι.

2415 2621 2529 2674 Καὶ
2552 2622 2681 2683 τοὺς
2717 2620 2927 2672 δώδεκα
2961 2620 3166 2689 ὁμοίως
3194 2619 3335 2673 κατὰ
3361 2618 3627 2686 συζυγίαν
3657 2621 4007 2682 ἀπέστειλεν,

2415 2713 2493 2774 ὡς
2517 2711 2712 2782 εἴρηκε
2738 2712 2967 2781 Μάρκος
3008 2713 3067 2764 ὲν
3094 2710 3170 2781 τῷ
3214 2712 3802 2782 τεσσαρεσκαιδεκάτῳ
3836 2730 4010 2779 κεφα-

2417 2802 2557 2873 λαίῳ
2580 2818 2593 2829 ·
2628 2802 2767 2856 ἀλλά
2796 2803 2922 2865 τοὺς
2945 2801 3157 2855 δώδεκα
3198 2802 3299 2871 μὲν
3353 2805 3433 2865 είς
3483 2802 3663 2864 πάσας
3707 2804 3807 2865 τὰς
3828 2803 4011 2866 πόλεις

2414 2896 2510 2948 καὶ
2535 2894 2729 2964 κώμας
2758 2895 2853 2948 τοῦ
2882 2895 3105 2965 Ἰσραὴλ
3134 2894 3480 2956 ἀπέστειλεν,
3502 2895 3576 2959 ὡς
3601 2895 3971 2964 τελειοτέρους
3993 2912 4005 2925 ’

2412 2990 2541 3052 τοὺς
2573 2988 2952 3060 ἐϐδομήκοντα
2992 2988 3070 3054 δὲ,
3098 2990 3179 3051 εἷς
3236 2990 3407 3058 μόνας
3439 2989 3539 3045 τὰς
3571 2988 3712 3042 κατά
3769 2990 4010 3058 πάροδον

2415 3079 2580 3133 αὑτοῦ
2607 3083 2894 3151 κειμένας,
2920 3081 2988 3134 δι’
3031 3074 3106 3133 ὧν
3156 3079 3355 3150 ἔμελλε
3415 3079 3772 3152 πορεύεσθαι,
3797 3080 4006 3151 κηρύτ-

2337 3189 2380 3246 C
2413 3189 2608 3236 τοντας
2665 3172 2962 3241 μετάνοιαν
3011 3172 3455 3243 ἁμαρτημάτων,
3519 3174 3616 3225 καὶ
3669 3174 3856 3241 ἄφιξιν
3912 3173 4008 3225 τοῦ

2416 3264 2657 3335 χορηγοῦ
2691 3264 2791 3333 τῆς
2818 3265 3027 3317 τούτων
3061 3265 3332 3334 ἀφέσεως.

2489 3359 2697 3428 Ἔλεγε
2726 3387 2796 3399 --
2832 3358 3044 3426 ὀλίγοι.
3064 3357 3339 3428 Θερισμὸν
3369 3358 3469 3428 μὲν
3494 3357 3644 3426 um
3692 3360 3820 3421 τοὺς
3855 3360 4007 3429 θερι-

2415 3451 2786 3520 σθησομένους
2810 3450 2922 3521 (65)
2947 3450 3055 3503 ἀπὸ
3082 3451 3469 3519 τῆςάπιστίας
3500 3452 3594 3503 καί
3622 3451 4005 3520 συγκομισοη-

2414 3543 2675 3613 σομινους
2728 3543 2807 3607 είς
2863 3542 2961 3614 τὴν
3014 3542 3197 3597 πίστιν
3248 3541 3445 3595 αὐτοῦ’
3476 3544 3719 3613 ἐργάτας
3775 3542 4007 3607 δὲ,τοὺς

2412 3638 2772 3702 ἀποστόλους,
2804 3638 2934 3700 τοὺς
2959 3636 3374 3707 ὑπηρετοῦντας
3397 3638 3475 3699 είς
3497 3636 3677 3689 τοῦτο.
3698 3638 4006 3706 Δεδήλωται

2408 3728 2465 3783 δὲ
2494 3729 2734 3783 ἐνταῦθα
2765 3731 2797 3799 ὴ
2825 3730 2977 3783 αίτία
3006 3729 3109 3798 τῆς
3138 3729 3416 3799 προϐολῆς
3446 3728 3554 3781 τῶν
3594 3728 3996 3799 ἑϐδομήκοντα.

2408 3822 2520 3875 Καὶ
2551 3822 2632 3874 ἔτι
2680 3822 2737 3875 δὲ
2796 3821 3012 3889 ὀλίγους
3068 3820 3273 3891 ἔφησεν
3306 3815 3447 3873 εἶναι
3503 3821 3629 3882 τοὺς
3679 3822 4004 3889 σύμπαντας

2407 3920 2767 3984 ἀποστόλους,
2785 3918 2922 3987 πρὸς
2938 3920 3000 3970 τὸ
3015 3917 3218 3987 πλῆθος
3240 3915 3353 3969 τῶν
3374 3916 3680 3987 μελλόντων
3700 3917 4002 3969 πστεύειν.

2476 4012 2736 4078 Δεήθητε
2771 4042 2839 4055 —-
2874 4008 3085 4065 αὐτοῦ.
3131 4008 3304 4062 Τοῦτο
3372 4008 3471 4062 καὶ
3518 4010 3579 4061 τὸ
3642 4009 3750 4078 πρὸ
3806 4010 4001 4061 τούτου

2407 4104 2572 4174 ῥητὸν
2602 4099 2722 4156 εἷπε
2757 4105 2852 4157 καὶ
2877 4106 2935 4156 ὲν
2968 4101 3047 4172 τῷ
3077 4102 3220 4155 τέλει
3254 4100 3350 4155 τοῦ
3388 4100 3867 4154 ὀκτωκαιδεκάτου
3904 4119 3999 4153 κε-

2403 4198 2639 4270 φαλαίου
2665 4198 2760 4253 τοῦ
2793 4199 2936 4252 κατά
2967 4196 3409 4253 Ματθαῖον’ἀλλ’
3439 4198 3560 4250 ὲκεῐ
3591 4197 3692 4265 μὲν
3727 4196 3993 4267 θερισμὸν

700 4285 943 4355 appellat
992 4301 1090 4340 eos
1151 4286 1245 4356 qui
1300 4286 1369 4341 de
1394 4284 1603 4342 Judzis
1650 4298 1809 4343 erant
1855 4290 2120 4345 credituri
2156 4310 2170 4346 :
2202 4292 2292 4348 hic
2403 4293 2488 4344 πο]

2403 4293 2575 4345 πολὺν
2606 4292 2784 4360 ἔλεγε,
2804 4293 2933 4354 τοὺς
2958 4290 3021 4354 ἐξ
3054 4288 3327 4345 Ἰουδαίων
3350 4288 3644 4342 πιστεῦσαι
3671 4288 3963 4359 μέλλοντας
3981 4306 3995 4320 ·

696 4388 880 4433 autem
926 4394 1024 4434 eos
1076 4380 1170 4447 qui
1210 4394 1275 4433 ex
1324 4380 1585 4451 gentibus
1616 4396 1632 4436 :
1660 4390 1716 4436 et
1743 4380 1817 4436 ibi
1856 4382 2118 4439 admonet
2158 4386 2294 4442 duo-
2400 4387 2488 4439 ἑντ

2400 4384 2638 4439 ἐνταῦθα
2661 4386 2743 4449 δι,
2767 4387 2893 4448 τοὺς
2923 4385 2983 4450 ἐξ
3016 4383 3208 4438 ιθνῶν.
3230 4384 3338 4436 Καὶ
3375 4383 3487 4453 (66)
3530 4384 3653 4435 ἐκεῖ
3680 4382 3781 4451 μὲν
3829 4398 4001 4451 προεο

690 4469 892 4532 decim,
930 4478 989 4524 ut
1016 4481 1178 4525 orent
1212 4486 1310 4538 pro
1339 4472 1642 4528 emissione
1683 4471 1879 4527 horum
1916 4478 2287 4547 septuaginta.

690 4562 779 4617 hic
804 4578 933 4617 vero
960 4564 1108 4633 ipsos
1143 4566 1495 4637 septuaginta
1538 4566 1823 4641 admonet,
1870 4576 1931 4623 ut
1972 4579 2134 4624 orent
2188 4587 2289 4641 pro

691 4655 1041 4725 promotione
1074 4657 1462 4729 episcoporum
1494 4672 1557 4713 ac
1603 4670 2007 4729 praceptorum
2053 4677 2153 4731 per
2169 4662 2290 4719 sin-

687 4747 841 4817 gulas
902 4749 1153 4805 civitates
1204 4765 1269 4805 ac
1319 4750 1595 4822 regiones.
1640 4751 1784 4823 Lege
1820 4761 2005 4809 autem
2067 4770 2295 4811 enarra-

688 4840 894 4893 tionem
948 4842 1239 4912 praeseutjs
1291 4844 1424 4899 dicti
1461 4847 1513 4900 in
1543 4856 1852 4904 memorato
1897 4850 2082 4919 capite
2102 4851 2286 4905 Evan-

682 4930 809 4999 gelii
850 4934 1161 4988 secundum
1186 4934 1513 4993 Mattheum.

758 5019 919 5078 Vers.
952 5026 1006 5079 3.
1060 5027 1141 5083 ltc
1175 5060 1243 5069 —
1272 5032 1443 5100 lupos.
1476 5030 1591 5087 lloc
1648 5033 1813 5089 etiam
1862 5036 1927 5091 ad
1988 5035 2283 5093 duodecim

752 5204 795 5235 ⁶⁹
830 5202 998 5261 Exod.
1034 5222 1124 5271 xv,
1153 5206 1245 5261 27.

2399 4479 2637 4549 τρέπετο
2666 4478 2794 4541 τοὺς
2827 4477 3063 4542 δώδεκα,
3090 4475 3355 4547 δεηθῆναι
3393 4472 3523 4541 περὶ
3549 4474 3857 4541 ἀποστολῆς
3880 4475 3997 4526 τῶν

2325 4550 2365 4602 θ
2393 4571 2769 4642 ἑϐδομήκοντα
2798 4570 3010 4623 τούτων
3029 4581 3045 4599 ⁸
3080 4566 3323 4620 ἐνταῦθα
3350 4567 3409 4620 δὲ
3442 4568 3573 4629 τοὺς
3612 4565 3991 4636 ἑϐδομήκοντα

2392 4665 2640 4731 τούτους,
2676 4664 2805 4734 περὶ
2833 4662 3109 4734 προϐολῆς
3142 4660 3251 4714 τῶν
3285 4662 3428 4715 κατά
3463 4659 3648 4723 πόλεις
3678 4662 3770 4712 καὶ
3800 4660 3988 4729 χώρας

2391 4759 2712 4811 επισκόπων
2758 4758 2851 4810 καὶ
2914 4755 3277 4809 διδασκάλων.
3312 4752 3623 4821 Ἀνάγνωθι
3654 4753 3712 4805 δὲ
3759 4753 3855 4805 καὶ
3891 4751 3992 4819 τὴν

2391 4851 2658 4920 ἐξήγησιν
2684 4850 2781 4903 τοῦ
2835 4850 3108 4920 παρόντος
3138 4846 3310 4920 ῥητοῦ
3342 4848 3400 4901 ὲν
3422 4844 3500 4918 τῷ
3558 4844 3782 4917 ῥηθέντι
3814 4861 3991 4912 κεφα-

2392 4944 2530 5012 λαίῳ
2564 4942 2657 4995 τοῦ
2684 4942 2826 4996 κατά
2865 4943 3173 4997 ἣῑατθαῖον.

2477 5035 2767 5105 Ὑπάγετε
2814 5066 2883 5077 --
2916 5037 3145 5094 λύκων.
3192 5034 3367 5090 Τοῦτο
3395 5030 3519 5088 εἷπε
3570 5033 3664 5086 καὶ
3697 5030 3833 5103 πρὸς
3864 5028 3990 5089 τοὺς

1902 5286 2107 5348 Varim
2152 5284 2466 5349 lectiones
2505 5300 2563 5351 et
2608 5299 2799 5353 notm.

750 5442 863 5522 (6t)
905 5443 1112 5522 Auctor
1143 5444 1309 5513 hujus
1333 5450 1623 5503 sententia:
1663 5460 1749 5505 cst
1800 5450 2091 5522 Origenes,
2124 5453 2277 5509 hom.

673 5514 706 5569 8
734 5514 786 5567 in
820 5514 1019 5576 Exod.,
1052 5531 1214 5583 quam
1244 5529 1456 5594 postea,
1496 5530 1555 5575 ut
1584 5522 1697 5575 fere
1729 5514 1950 5588 accidit,
1972 5524 2156 5594 plures
2192 5526 2281 5581 itt-

676 5598 946 5656 tcrpretes
974 5597 1104 5641 sunt
1132 5589 1392 5658 amplexi.

2459 5457 2573 5527 (65)
2634 5458 3052 5527 Θερισομένους.
3088 5460 3155 5516 Α.

2463 5530 2575 5601 (66)
2626 5529 2734 5584 Καί
2764 5531 2939 5587 abest.
2974 5530 3040 5585 Α.

744 5758 861 5824 (xx)
928 5758 995 5811 Et
1023 5763 1171 5831 sequi
1199 5779 1272 5816 se.
1313 5762 1398 5825 Et.
1429 5782 1536 5820 non
1570 5777 1654 5821 est
1682 5767 1735 5819 in
1769 5765 1959 5822 Graeco
1999 5777 2051 5819 et
2084 5766 2275 5823 obesse
2309 5773 2488 5830 debet.

742 5832 855 5903 (yy)
888 5830 1252 5903 Coujum'tim.
1288 5837 1445 5892 Κατά
1484 5838 1751 5909 συζυγίαν
1784 5849 1869 5895 cst
1894 5840 2063 5894 binos.
