4436 6450
431 406 538 472 961

1428 408 1817 471 ΟΟΜΜΕΝΤ.
1868 411 1946 472 [Ν
1990 413 2271 475 LUCAM.
2304 443 2369 456 -
2414 420 2575 483 CAP.
2622 424 2697 483 X.

3590 442 3698 507 962

510 518 708 570 Καί-
729 516 968 585 ἐχθροῦ.
1006 514 1114 568 Τοῦ
1149 513 1343 583 νοητοῦ
1376 515 1690 605 δρέκοντος.
1737 515 1882 568 Ἰδὼν
1915 515 2024 585 γὰρ
2055 522 2099 576 Λ
2204 520 2262 575 νε

1945 515 2024 614 ’ξι-ρ
2055 522 2099 576 Λ
2141 612 2148 614 _
2204 520 2358 576 Vera.
2407 524 2495 577 19.
2533 524 2935 583 Et—iuiniici.
3003 532 3285 600 Videlicet,
3343 538 3697 614 intelligibilil

437 607 636 668 αὐτοὺς
666 610 958 675 χαίροντας
980 606 1073 657 ἐπὶ
1097 607 1163 674 τῇ
1190 605 1297 657 τῶν
1318 606 1612 672 δαιμονίων
1638 607 1913 674 ὑποταγῇ,
1945 607 2015 658 δίε

2118 612 2391 669 draconis.
2419 616 2556 669 Cum
2594 632 2725 687 ergo
2759 621 2982 675 \'ldiSSL‘l
3004 640 3099 679 eos
3129 630 3431 694 gaudentes
3459 612 3542 687 de
3566 640 3696 691 sub-

436 694 566 745 δωσι
603 697 703 761 μὲν
735 697 916 753 αὐτοῖς
940 694 1163 763 διηνεκῆ
1189 695 1285 761 τὴν
1317 694 1438 745 κατ’
1464 696 1642 747 αὐτῶν
1660 696 1927 760 ἐξουσίαν,
1952 697 2017 765 ἣν
2114 701 2188 768 je(

1952 697 2017 765 ῆν
2114 701 2352 768 jectione
2431 706 2848 774 dminoniorum,
2923 714 3016 765 dat
3072 717 3302 784 :qiiidem
3378 726 3693 781 continuam

439 786 776 855 πρόσκαιρον
812 785 1025 846 ἔλαϐον,
1046 786 1134 837 ὅτε
1160 787 1376 853 πρῶτον
1403 786 1758 853 ἀπεζά).ησαν
1780 803 1791 813 ·
1820 805 2018 855 παραι-

438 879 518 929 νεῐ
551 878 627 940 δὲ,
660 878 736 945 μὴ
779 877 995 943 χαίρειν
1030 877 1124 927 ἐπὶ
1166 876 1358 947 ταύτῃ.
1398 877 1534 929 διότι
1570 880 1670 929 οὐκ
1710 878 1767 941 ἐξ
1806 879 2017 945 ἀγῶνος

438 970 804 1036 προσεγένετο
838 969 1069 1030 τούτοις,
1104 967 1299 1019 ἁλλ’ὲκ
1332 970 1562 1037 δωρεᾶς,
1603 970 1690 1019 διὰ
1720 970 1844 1031 τοὺς
1873 969 2016 1035 ὠφε-

438 1060 676 1125 ληθῆναι
715 1060 1028 1125 μέλλοντας.
1068 1061 1162 1129 Εῐη
1192 1060 1318 1111 δ’ἆν
1349 1060 1577 1127 δύναμις
1608 1061 1699 1112 τοῦ
1732 1061 1924 1128 ἐχθροῦ
1952 1062 2013 1112 οὐ

441 1153 600 1217 μόνον
626 1152 674 1199 οὶ
712 1151 986 1216 δαίμονες,
1018 1150 1153 1201 ἀλλὰ
1190 1152 1281 1201 καὶ
1314 1154 1515 1213 πάντες
1549 1152 1596 1202 ol
1626 1151 1681 1215 ἐξ
1710 1152 1888 1203 αὐτῶν
1923 1170 2015 1203 πο·

437 1236 666 1297 λυειδείς
694 1238 1017 1305 πειρασμοί.

506 1326 664 1387 Τινὲς
694 1327 748 1377 δὲ
784 1332 871 1377 καί
902 1330 968 1376 τὰ
1002 1326 1295 1393 φθείροντα
1344 1329 1466 1388 τοὺς
1495 1328 1816 1394 ἀνθρώπους
1853 1329 2017 1396 θηρία

433 1417 666 1483 δύναμιν
711 1416 876 1467 αὑτοῦ
918 1414 1173 1482 λέγουσιν
1197 1454 1211 1479 ,
1247 1416 1319 1477 ὡς
1353 1418 1637 1485 χρωμένου
1670 1420 1762 1471 καὶ
1803 1420 2015 1481 τούτοις

437 1508 558 1559 καθ’
584 1509 763 1576 ἡμῶν.

505 1600 613 1651 Καὶ
660 1599 930 1651 οὺδὲν-
969 1598 1252 1666 ἀδικήσῃ.
1290 1598 1366 1651 Οὐ
1437 1598 1676 1667 δαίμων,
1714 1600 1774 1651 οὐ
1822 1616 2016 1669 πειρα-

438 1691 590 1757 σμὸς,
625 1689 873 1740 ἀλλὀὺδὶ
908 1689 1113 1757 θηρίον.

506 1779 760 1844 Πλὴν-
777 1780 1205 1832 ὑποτάσσεται.
1228 1782 1301 1831 Οὐ
1328 1779 1434 1849 γὰρ
1454 1781 1718 1849 ὑμέτερον
1742 1781 1802 1831 τὸ
1821 1782 2019 1848 κατόρ-

425 1869 613 1937 θωμα,
641 1868 756 1919 ἀλλ’
776 1870 882 1938 ἐμὴ
912 1871 943 1936 ὴ
973 1870 1153 1938 χάρις.
1200 1870 1287 1921 Ἐν
1320 1846 1492 1938 τούτῳ
1522 1846 1639 1922 οὖν-
1659 1871 1735 1939 μὴ
1771 1846 2014 1939 χαίρετε,
2055 1846 2091 1896 Β

435 1962 522 2012 ἵνα
562 1960 658 2028 μὴ.
690 1961 765 2022 ὡς
798 1963 889 2012 ἐπὶ
926 1961 1321 2030 κατορθώματι
1364 1963 1669 2030 χαίροντες,
1711 1963 1791 2025 είς
1839 1962 2017 2031 οῐησιν

433 2052 784 2118 ὲπαρθείητε.

506 2142 753 2209 Χαίρετε
789 2173 859 2182 -
904 2144 1207 2211 οὐρανοῖς.
1246 2145 1372 2198 ὐτι
1406 2146 1493 2197 διὰ
1526 2148 1623 2215 τὴν
1653 2147 1834 2199 πίστιν
1865 2147 2017 2216 ὑμῶν

436 2235 985 2303 ιπολιτογραφήθητε
1020 2237 1080 2287 ὲν
1118 2240 1184 2306 τῇ
1215 2238 1325 2290 ἀνω
1350 2238 1527 2300 πόλει,
1555 2243 1614 2290 οὑ
1640 2241 1854 2307 μέλανι,
1880 2242 2015 2292 ἀλλὰ

430 2328 647 2397 μνήμῃ,
672 2327 812 2391 οὐδὲ,
842 2329 916 2389 ὠς
950 2329 1084 2398 (72),
1109 2331 1389 2401 ἄνθρωποι
1415 2334 1737 2401 γράφουσιν,
1768 2336 2014 2396 ἁλλ’ὠςό

436 2419 567 2480 Θεὸς
623 2417 729 2472 οἶδε
766 2421 1027 2489 γράφειν.
1072 2423 1209 2493 Φησὶ
1255 2427 1363 2492 γὰρ
1405 2426 1532 2492 περὶ
1567 2427 1671 2477 τῶν
1717 2427 1941 2480 δικαίων
1985 2429 2013 2479 ὁ

432 2511 617 2574 Δαυϊδ,
650 2512 751 2573 ὅτι,
783 2513 889 2565 Kal
924 2514 1023 2565 ἐπὶ
1083 2514 1148 2565 τὸ
1187 2516 1434 2577 βιϐλίον
1463 2531 1581 2569 σου
1610 2517 1832 2583 πάντες
1866 2537 2008 2586 τρα-

434 2604 755 2672 φήσονται.
788 2605 859 2656 Τὸ
895 2606 993 2673 μὲν
1033 2609 1141 2674 γὰρ
1186 2608 1518 2661 ὑποτάσσειν
1553 2610 1615 2661 τὰ
1648 2611 1922 2678 δαιμόνια,
1946 2612 2011 2664 δι’

433 2695 702 2763 ὠφέλειαν
752 2697 954 2766 ἑτέρων
991 2699 1119 2765 ὑμῖν
1167 2698 1403 2750 δέδοται·
1440 2701 1499 2751 τὸ
1545 2702 1601 2753 δὲ
1653 2705 1721 2755 τὰ
1770 2706 2011 2773 ὀνόματα

439 2786 591 2855 ὑμῶν
614 2789 892 2856 γραφῆναι
926 2790 982 2840 ὲν
1007 2791 1118 2851 τοῖ,
1152 2794 1423 2859 οὐρανοῖς,
1449 2792 1536 2844 διὰ
1572 2796 1846 2861 σωτηρίαν
1878 2798 2010 2865 ὑμε-

434 2881 623 2949 τέραν.
656 2882 747 2932 Διὸ
799 2883 980 2950 ἐκείνη
1045 2882 1144 2949 μὲν
1170 2886 1201 2951 ἡ
1232 2886 1375 2952 χαρὰ
1407 2884 1717 2940 κλέπτουσα
1750 2889 2013 2953 φυσίωσιν

430 2965 574 3023 οἶδεν
623 2972 893 3039 ἐμποιεῖν·
947 2971 1085 3038 αὕτη
1133 2973 1189 3023 δὲ
1240 2973 1441 3040 μᾶλλον
1492 2974 1866 3043 εὐχαριστίαν·
1918 2978 2014 3030 καὶ

438 3066 804 3132 παραιτητέον
830 3065 926 3131 μὲν
945 3064 1181 3131 ἐκείνην,
1203 3064 1276 3125 ὠς
1294 3066 1542 3133 περιττόν
1569 3067 1705 3134 ί75)’
1730 3069 2011 3137 ἀντιποιη-

435 3156 556 3206 τέον
589 3154 644 3207 δὲ
673 3155 899 3224 τῖύτης,
937 3157 1010 3216 ὠς
1042 3158 1370 3222 ἀναγκαίας.

519 3249 620 3301 »εν
675 3248 828 3315 αὐτῇ
863 3278 933 3287 ....
971 3249 1233 3314 Ἰησοῦς,
1293 3250 1695 3317 Ἠγαλλιάσατο
1735 3254 1799 3319 τῇ
1838 3251 2015 3321 ψυχῇ.

434 3339 509 3400 ὡς
552 3340 861 3409 ἄνθρωπος,
902 3340 991 3393 διὰ
1014 3342 1113 3410 τὴν
1152 3342 1425 3413 σωτηρίαν
1476 3342 1586 3393 τῶν
1630 3342 2019 3410 ὠφεληθέντων

439 3431 542 3482 ὑπὸ
564 3433 671 3481 τῶν
700 3431 979 3500 μαθητῶν.

509 3528 616 3577 Kal
655 3521 847 3577 εἶπεν*
880 3555 948 3564 -
980 3540 1119 3578 σου.
1161 3527 1365 3596 Είρηκε
1404 3526 1577 3580 ταῦτα
1622 3530 1719 3579 καὶ
1757 3529 2021 3597 περὶτῶν

432 3614 643 3668 δώδεκα
667 3617 923 3686 μαθητῶν
956 3620 1013 3669 ἐν
1041 3618 1117 3687 τῷ
1151 3619 1381 3687 εἰκοστῷ
1414 3620 1700 3689 κεφαλαίῳ
1742 3620 1835 3672 τοῦ
1886 3621 2022 3673 κατὰ

436 3710 735 3774 Ματθαῖον,
771 3712 863 3761 καὶ
896 3710 1131 3780 ζήτησον
1168 3714 1281 3763 ἐκεῖ
1311 3713 1408 3782 τὴν
1435 3714 1718 3782 ἐξήγησιν.

506 3802 619 3855 Καὶ
662 3803 949 3870 στραφεὶς
990 3832 1053 3844 -
1089 3805 1505 3873 ἀποκαλύψαι.
1543 3805 1653 3876 [Ἐν
1689 3808 1881 3876 ἐκείνῳ
1930 3810 2025 3860 καὶ

438 3894 606 3947 ταῦτα
639 3896 1033 3964 διασεσαφηται
1068 3897 1202 3965 πρὸς
1234 3897 1524 3965 ἀκριὸειαν
1563 3897 1723 3968 (74).]

510 3989 619 4042 Kal
648 3990 937 4056 στραφεὶς
967 4019 1036 4027 -
1064 3988 1361 4055 ἥκουσαν.
1398 3991 1582 4042 Ταῦτα
1605 3987 1726 4042 εἷπε
1751 3991 1845 4041 καὶ
1872 3994 1927 4043 ὲν
1949 3991 2026 4061 τῷ

439 4083 672 4152 εἰκοστῷ
709 4086 956 4153 τετάρτῳ
986 4082 1271 4151 κεφαλαίῳ
1303 4082 1396 4134 τοῦ
1426 4084 1569 4135 κατά
1600 4083 1903 4145 Ματθαίον,
1936 4085 2027 4136 καὶ

438 4175 711 4243 ἀνάγνωθι
771 4178 826 4225 ὲν
882 4173 1032 4241 αὺτῷ
1086 4173 1199 4241 (75)
1252 4173 1348 4241 τὴν
1428 4174 1731 4245 ἑρμηνείαν
1798 4174 2026 4238 αὐτῶν,

439 4266 567 4317 ἔνθα
584 4269 761 4317 κεῖται
796 4265 891 4316 τό·
938 4262 1138 4331 ’Υμῶν
1185 4262 1254 4315 δὲ
1286 4266 1567 4333 μακάριοι
1606 4267 1661 4318 οί
1702 4265 2024 4333 ὀφθαλμοί.

449 4360 799 4430 Ἐπιθύμησε
834 4358 892 4411 δὲ
937 4362 1144 4431 ταύτην
1182 4362 1283 4432 τὴν
1328 4359 1625 4427 ἐπιθυμίαν
1672 4361 1767 4412 καὶ
1804 4359 1969 4412 Δαυῒδ
2002 4363 2031 4414 ὁ

437 4453 723 4522 προφήτης
796 4454 892 4505 καὶ
952 4452 1226 4523 βασιλεύς.
1270 4452 1360 4503 Διὸ
1416 4454 1510 4505 καὶ
1570 4450 1759 4519 ἐλεγε-
1822 4451 2031 4517 Δεῖξον

440 4545 601 4615 ῆμῖν,
644 4545 840 4613 Κύριε,
871 4546 937 4599 τὸ
970 4546 1144 4612 ἔλεός
1179 4562 1297 4599 σου
1320 4560 1331 4572 ·
1368 4545 1467 4615 τὴν
1491 4544 1906 4615 ἑνανθρώπησιν
1930 4547 2025 4599 τοῦ

440 4638 712 4708 Σωτῆρος,
742 4640 889 4703 ἕλεος
906 4639 1196 4709 ὠνόμασας
1221 4638 1356 4709 (76),
1385 4638 1457 4699 ὼς
1476 4640 1779 4708 γενομένην
1794 4638 1863 4692 δι’
1882 4639 2032 4702 ἔλεος

440 4726 548 4778 τῶν
577 4728 903 4798 ἀνθρώπων.

513 4820 916 4891 Παρατήρησον
948 4820 1027 4886 δὲ,
1060 4821 1143 4874 ὃτι
1207 4820 1503 4891 στρέφεται
1562 4820 1701 4892 πρὸς
1740 4821 1867 4890 τοὺς
1922 4838 2029 4889 μα-

442 4912 612 4983 θητὰς
659 4915 687 4965 ὁ
730 4914 942 4984 Σωτὴρ,
990 4914 1087 4967 xui.
1130 4915 1382 4967 κατιδίαν
1428 4916 1613 4977 αὐτοῖς
1663 4915 1864 4982 ὁμιλεῖ,
1901 4915 2029 4975 τοὺς

446 5008 521 5076 μὴ
559 5006 809 5077 μαθητὰς
858 5006 1361 5077 ἀποστρεφόμενος.
1414 5007 1507 5057 Διὸ
1547 5004 1643 5057 καὶ
1700 5006 1891 5075 ἡμεῖς,
1936 5006 2031 5058 ἐὰν

2118 792 2382 845 adversus
2429 795 2516 847 illa
2563 806 2912 864 potestatem,
2950 818 3111 870 quam
3165 808 3316 875 prius
3366 812 3432 864 ad
3477 823 3696 882 tempus

2121 895 2472 950 acceperant,
2504 901 2627 939 cum
2676 890 3061 946 mitterentur:
3100 898 3196 949 sed
3239 900 3579 968 adhortatur,
3629 922 3700 963 ne

2118 970 2186 1023 de
2210 972 2310 1024 hac
2343 975 2639 1042 gaudeant,
2675 979 2805 1046 quia
2844 995 2949 1033 non
2985 998 3050 1035 ex
3076 990 3371 1041 certamine
3394 992 3474 1043 eis
3506 1009 3699 1059 prove-

2124 1064 2221 1125 nit,
2266 1066 2357 1117 sed
2393 1081 2457 1117 ex
2502 1067 2649 1121 dono
2679 1080 2902 1139 propter
2938 1090 3033 1128 eos
3057 1078 3147 1142 qui
3183 1080 3475 1146 adjuvamli
3516 1096 3693 1138 erant.

2122 1154 2302 1207 Potest
2330 1169 2514 1210 autem
2556 1160 2728 1213 virtus
2764 1164 2972 1217 inimici
3023 1168 3154 1229 dici,
3206 1186 3315 1222 non
3360 1173 3535 1225 solum
3594 1176 3695 1245 ipsi

2120 1248 2413 1311 dicmones,
2453 1251 2545 1303 Sed
2575 1261 2628 1303 et
2660 1254 3027 1309 multiformes
3063 1275 3249 1311 eorum
3303 1270 3662 1320 tentationes.

2192 1336 2416 1401 Quidam
2443 1354 2571 1392 vero
2596 1350 2649 1393 et
2672 1341 2836 1401 feras.
2857 1360 2976 1411 qua:
2993 1347 3239 1401 homines
3262 1352 3515 1418 perdunt,
3539 1359 3702 1411 virtu-

2122 1439 2225 1481 tcm
2252 1430 2393 1483 illius
2409 1432 2765 1500 dicunt,quod
2791 1437 2955 1489 etiam
2983 1440 3064 1493 liis
3089 1443 3349 1498 adversus
3370 1462 3471 1500 nos
3494 1459 3700 1502 utatur.

2194 1611 2347 1665 Vers.
2384 1614 2470 1667 19.
2500 1616 2566 1668 Et
2594 1646 2665 1657 —
2686 1619 2908 1676 nocebit.
2934 1620 3044 1675 Nec
3062 1622 3296 1686 dminon,
3325 1641 3425 1682 nec
3448 1630 3703 1694 tentatio,

2120 1715 2223 1752 nec
2259 1701 2371 1755 fera
2403 1714 2695 1759 venenata.

2193 1790 2346 1844 Vers.
2385 1792 2474 1847 20.
2507 1794 2873 1850 Verumtamen
2900 1830 2969 1838 —
2996 1802 3371 1869 subjiciuntur.
3416 1806 3530 1861 Non
3556 1810 3703 1864 enim

2122 1892 2362 1936 vestrum
2400 1895 2485 1939 est
2529 1901 2691 1955 opus,
2719 1890 2815 1942 sed
2856 1905 2975 1943 mea
3024 1895 3295 1961 gratiaJn
3323 1897 3425 1950 hoc
3469 1913 3596 1969 ergo
3637 1917 3706 1953 ne

2120 1974 2419 2041 gaudeatis.
2454 1991 2547 2041 ne,
2582 1988 2839 2047 tanquam
2872 1982 2937 2035 de
2963 1986 3183 2054 egregio
3208 1987 3447 2041 facinore
3466 1992 3707 2056 gauden-

2122 2064 2289 2125 tes,in
2321 2066 2615 2118 elationem
2649 2069 2939 2122 elevemini

2192 2152 2344 2206 Vers.
2377 2156 2465 2207 20.
2501 2154 2736 2209 Gaudete
2760 2186 2828 2197 ——-
2860 2160 3021 2214 cretis.
3078 2161 3214 2227 Quia
3267 2178 3494 2236 propter
3544 2172 3706 2227 ﬁdem

2119 2252 2354 2295 vestram
2381 2246 2433 2296 in
2462 2246 2610 2299 cives
2632 2250 2931 2318 conscripti
2955 2254 3091 2306 estis
3126 2256 3178 2305 in
3204 2264 3408 2310 aeterna
3437 2259 3659 2316 civitate
3690 2281 3706 2317 :

2118 2346 2226 2384 non
2267 2342 2599 2399 atramento,
2641 2338 2737 2390 sed
2773 2341 3036 2394 memoria
3072 2358 3085 2394 :
3134 2358 3334 2413 neque,
3367 2358 3423 2399 ut
3454 2349 3710 2407 homines

2117 2427 2383 2490 scribunt,
2418 2430 2514 2483 sed
2548 2430 2691 2483 sicut
2722 2430 2867 2485 Deus
2893 2434 3139 2488 scribere
3174 2437 3346 2490 novit.
3382 2438 3520 2495 Dicit
3546 2446 3694 2497 enim

2116 2514 2181 2567 de
2211 2515 2377 2583 justis
2413 2515 2580 2571 David
2613 2535 2626 2570 :
2669 2517 2733 2569 Et
2766 2520 2819 2570 in
2851 2519 2987 2573 libro
3013 2532 3101 2574 tuo
3126 2539 3303 2578 omnes
3335 2529 3707 2583 scribentur“-

2118 2603 2397 2673 Siquidem
2430 2608 2701 2675 subjicere
2736 2612 3027 2672 daemonia,
3066 2624 3289 2682 propter
3340 2618 3573 2672 aliorum
3608 2622 3713 2675 uti-

2117 2697 2320 2750 litatem
2357 2700 2511 2751 vobis
2541 2690 2727 2751 datu-in
2761 2708 2846 2753 est
2878 2719 2890 2753 :
2927 2704 3073 2769 quod
3111 2715 3293 2757 autem
3330 2711 3552 2763 nomina
3619 2726 3712 2765 vc.»

2118 2796 2228 2839 stra
2261 2788 2461 2856 scripta
2491 2797 2621 2842 sunt
2641 2789 2694 2842 in
2714 2790 2887 2853 cmlis,
2910 2801 3131 2859 prepter
3155 2796 3386 2849 salutem
3424 2809 3660 2853 vestram
3693 2819 3707 2855 :

2117 2882 2234 2933 ideo
2268 2881 2529 2934 furtivum
2566 2874 2788 2951 quidem
2818 2885 2947 2937 illud
2979 2888 3236 2951 gaudium
3275 2899 3547 2945 tumorem
3573 2910 3702 2948 cau-

2116 2988 2234 3026 sare
2267 2974 2435 3033 novit,
2476 2972 2580 3026 hoc
2608 2990 2735 3027 vero
2776 2976 3068 3044 gratiarum
3100 2982 3369 3033 actionem
3404 2986 3580 3050 potius
3608 3004 3619 3038 :
3658 2998 3715 3042 et

2118 3060 2245 3113 illud
2280 3062 2500 3129 quidem
2538 3064 2868 3128 cavendum,
2923 3074 3179 3133 tanquam
3217 3059 3578 3138 superﬂuum,
3613 3076 3716 3130 hoc

2046 3171 2090 3228 ο
2122 3165 2303 3208 autem
2335 3158 2747 3223 proponendum
2774 3168 2877 3217 est,
2915 3168 3172 3227 tanquam
3204 3170 3610 3221 necessarium.

2195 3248 2346 3301 \’ers.
2393 3248 2483 3301 2|.
2526 3248 2589 3300 In
2649 3249 2744 3301 illa
2787 3278 2857 3289 —
2902 3249 3078 3304 Iesus.
3135 3254 3335 3308 Animo
3398 3261 3713 3327 exsultavit,

2127 3351 2386 3408 tanquam
2418 3341 2603 3402 homo,
2644 3351 2866 3409 propter
2894 3357 3084 3396 eorum
3110 3344 3361 3411 salutem,
3395 3351 3485 3417 qui
3511 3366 3538 3403 a
3560 3354 3719 3407 disci-

2126 3434 2267 3501 pulis
2296 3432 2525 3500 juvandi
2559 3441 2739 3484 erant.

2201 3523 2351 3577 \’ers.
2377 3524 2467 3576 ‘21.
2508 3522 2576 3576 Et
2610 3522 2743 3574 dixit
2777 3550 2846 3560 -μ
2878 3532 2947 3575 te.
2990 3521 3113 3577 llaec
3169 3540 3389 3595 quoque
3452 3530 3594 3583 dixit
3646 3532 3712 3586 de

2126 3619 2411 3672 duodecim
2462 3616 2746 3684 discipulis
2789 3616 3053 3670 vicesimo
3098 3622 3273 3687 capite
3306 3620 3581 3688 Evangelii
3622 3639 3710 3677 se-

2127 3712 2362 3765 cundum
2401 3708 2707 3762 Mattbmum
2741 3724 2753 3758 :
2790 3718 2846 3761 et
2886 3709 2957 3761 ibi
3016 3724 3197 3776 quzere
3235 3713 3650 3779 expositionem.

2202 3802 2350 3857 \'ers.
2377 3802 2464 3855 21.
2504 3800 2572 3852 Et
2612 3817 2886 3853 conversus
2924 3830 2978 3839 -—
3008 3801 3164 3855 \’ers.
3219 3803 3313 3854 22.
3353 3808 3605 3860 revelare.
3659 3814 3714 3861 ln

2129 3913 2193 3951 eo
2217 3898 2334 3951 loco
2355 3896 2517 3948 etiam
2560 3895 2672 3947 hac
2708 3894 3000 3963 diligenter
3034 3895 3319 3961 explanata
3352 3910 3500 3948 sunt.

2204 3988 2355 4047 Vers.
2412 3986 2501 4038 25.
2565 3983 2629 4035 Et
2678 3999 3037 4035 conversua—
3076 3981 3237 4036 Vers.
3278 3983 3366 4036 ‘24.
3414 3986 3717 4043 audierunt.

2132 4082 2257 4135 llaec
2281 4092 2509 4148 quoque
2541 4076 2677 4131 dixit
2708 4076 2969 4129 vicesimo
2996 4089 3193 4143 quarto
3221 4076 3375 4143 juxta
3405 4077 3718 4132 Matthaeum

2131 4173 2327 4241 capite,
2348 4180 2403 4225 et
2440 4170 2493 4223 in
2522 4184 2587 4223 eo
2616 4168 2736 4237 lege
2776 4168 3019 4237 ipsorum
3059 4170 3594 4235 interpretationem,
3627 4172 3719 4223 ubi

2130 4266 2379 4320 dicitur:
2438 4260 2608 4315 Vestri
2656 4270 2834 4314 autem
2877 4260 3015 4312 beati
3066 4258 3203 4311 oculi
3242 4260 3308 4313 ".
3369 4257 3482 4312 llac
3534 4270 3717 4313 autem

2132 4357 2389 4412 aviditate
2425 4361 2618 4421 captus
2662 4361 2745 4406 est
2775 4349 2945 4403 David
2992 4350 3258 4419 propheta
3298 4348 3460 4402 simul
3494 4358 3547 4403 et
3580 4365 3671 4403 rex
3703 4366 3721 4413 ;

2136 4451 2256 4507 ideo
2289 4450 2452 4504 etiam
2476 4446 2614 4501 dixit
2640 4462 2654 4499 :
2693 4443 2918 4499 Ostende
2946 4443 3113 4507 nobis,
3143 4440 3387 4505 Domine,
3422 4441 3719 4495 misericor-

2132 4547 2280 4597 diam
2326 4552 2474 4595 tuam
2518 4540 2587 4603 ⁷⁸,
2644 4536 2944 4591 Salvatoris
2975 4534 3231 4588 videlicet
3284 4534 3722 4587 incarnationem

2130 4634 2414 4705 appellans
2444 4628 2898 4690 misericordiam,
2942 4634 3135 4696 utpote
3168 4632 3391 4693 propter
3436 4624 3723 4678 hominum

2130 4723 2567 4780 misericordiam
2603 4720 2825 4774 factam.

2200 4816 2401 4870 Verum
2434 4814 2688 4876 observa,
2720 4809 2863 4879 quod
2902 4808 2968 4861 ad
3002 4806 3294 4876 discipulos
3322 4806 3568 4860 Salvator
3597 4821 3725 4860 con-

2134 4908 2392 4972 vertitur,
2441 4916 2495 4962 et
2552 4906 2683 4974 ipsis
2740 4902 2970 4957 seorsim
3032 4900 3300 4968 loquitur,
3358 4898 3429 4952 ab
3484 4898 3571 4963 iis,
3631 4899 3724 4967 qui

2141 5002 2396 5072 discipuli
2428 5016 2537 5054 non
2566 5009 2697 5053 sunt
2729 5012 2976 5051 aversus.
3011 4995 3139 5048 Ideo
3168 5002 3223 5046 et
3252 5009 3350 5047 nos
3386 5007 3626 5063 quoque,
3679 4994 3725 5046 si

441 5093 589 5171 ὦμεν
614 5100 855 5169 μαθηταὶ
882 5100 1067 5165 αὐτοῦ,
1088 5097 1507 5161 ἀκολουθυῦντες
1529 5097 1678 5167 αὐτῷ
1695 5096 1762 5149 δι’
1784 5096 2034 5167 ὑπακοῆς
2141 5098 2193 5152 di

1978 5096 2034 5167 ἧς
2141 5094 2397 5166 discipuli
2428 5096 2547 5164 ejus
2581 5092 2867 5155 fuerimus,
2902 5105 2999 5159 per
3032 5086 3399 5143 obedientiam
3446 5087 3730 5141 mandato-

552 5282 595 5313 ⁸⁸
628 5281 772 5335 l’sal.
805 5295 1064 5344 cxxxvm,
1110 5278 1197 5333 16.
1311 5279 1356 5309 ⁶⁹
1420 5277 1611 5333 Matth.
1639 5296 1792 5345 xvni,
1828 5278 1911 5332 16.

2029 5277 2069 5308 ε’
2106 5273 2250 5329 Psal.
2286 5288 2551 5338 Lxxxmi,
2583 5273 2672 5328 16.

1630 5465 1837 5528 Varini
1870 5462 2181 5526 lectiones
2226 5468 2285 5523 et
2329 5468 2521 5523 noun.

518 5638 627 5708 (γε)
664 5639 753 5699 Ὠς
778 5636 900 5689 οὐδὲ
929 5637 1000 5692 οε.
1034 5636 1093 5692 n.

518 5704 630 5780 (:73)
665 5712 823 5763 forte
853 5712 1136 5780 περιττήν.
1193 5707 1261 5761 ob
1316 5704 1623 5775 proximum
1710 5704 2037 5771 ἀναγκαίας.

449 5779 596 5835 Alias
628 5782 758 5836 illud
788 5795 1005 5847 quoque
1034 5779 1161 5833 ferri
1190 5781 1381 5845 possit,
1420 5787 1480 5831 ut
1517 5786 1707 5831 nulum
1733 5785 1838 5830 est.

523 5853 633 5923 (74)
686 5846 897 5907 lnclusa
920 5846 1134 5906 emittit
1171 5852 1227 5902 .\.
1269 5849 1403 5921 Ergo
1428 5849 1495 5903 ab
1522 5864 1628 5903 uno
1661 5849 1755 5900 καὶ
1780 5846 2043 5916 στραφείς

2154 5635 2218 5687 ad
2251 5631 2481 5685 alterum
2511 5628 2707 5682 saltum
2739 5625 2885 5681 fecit.

2224 5702 2336 5771 (75)
2396 5702 2482 5754 Ἐν
2504 5699 2653 5767 αὐτῷ
2686 5697 2860 5753 abest.
2886 5696 2951 5751 Α.

2224 5774 2335 5843 (76)
2412 5773 2731 5841 Ὧνόμασεν.
2756 5774 2819 5823 Α.
