4436 6450
737 410 874 483 1007

732 529 992 586 meridies
1014 543 1025 590 ;

735 624 1082 679 fruitionem.

810 716 963 768 Vers.
995 713 1085 766 50.
1128 708 1192 762 Et
1222 723 1340 760 ecce
1388 736 1455 750 -ρ
1488 704 1668 774 primi.
1706 700 1919 756 Fideles
1944 707 2009 755 ex
2038 698 2316 770 gentibus,

730 809 823 877 qui
866 820 1012 860 nunc
1051 801 1269 872 quidem
1324 798 1587 870 postremi
1647 794 1925 859 videmur,
1986 799 2176 860 utpote
2224 790 2318 858 qui

724 902 928 957 Filium
956 902 1332 968 agnoverunt;
1363 899 1526 947 erunt
1557 901 1739 943 autem
1778 898 1908 942 tunc
1936 884 2121 955 primi,
2149 898 2318 953 proli-

728 1008 815 1051 ter
852 994 1123 1046 sinceram
1162 1000 1353 1041 eorum
1393 983 1574 1036 ﬁdem.

816 1086 967 1138 Vers.
1009 1082 1097 1135 50.
1132 1079 1194 1133 Et
1249 1108 1315 1117 —
1359 1074 1633 1145 postremi.
1668 1069 1924 1125 [nfideles
1956 1068 2129 1123 δυόιεί
2168 1081 2318 1120 nunc

729 1179 954 1248 quidem
990 1176 1154 1244 primi
1209 1170 1485 1230 videntur,
1538 1174 1728 1234 utpote
1791 1161 1883 1230 qui
1916 1160 2078 1229 primi
2144 1157 2315 1211 Deum

727 1276 1108 1339 agnoverunt;
1148 1277 1271 1315 nam
1313 1258 1485 1311 Filius
1514 1273 1659 1311 meus
1692 1251 1910 1324 (inquit)
1940 1251 2319 1322 primogenitae

728 1360 903 1414 isi-uel
930 1358 949 1388 ⁸
989 1376 998 1408 :
1028 1366 1155 1409 tunc
1187 1363 1371 1407 autem
1396 1348 1656 1420 postremi
1689 1353 1852 1400 erunt
1888 1352 2109 1414 propter
2126 1356 2317 1396 eorum

728 1451 1106 1506 inﬁdelitatem
1119 1486 1134 1501 .

797 1544 1122 1613 lntelligitur
1168 1548 1351 1593 autem
1384 1549 1565 1590 sermo
1601 1540 1655 1587 et
1689 1534 1754 1586 de
1800 1531 2078 1591 ﬁdelibus,
2131 1529 2225 1597 qui
2262 1529 2316 1580 in

725 1637 983 1708 praesenti
1020 1635 1129 1687 \ita
1162 1646 1282 1684 esse
1316 1628 1573 1681 videntur
1611 1623 1897 1693 postremi,
1938 1629 2100 1672 erunt
2134 1628 2317 1670 autem

726 1729 883 1799 primi
917 1727 969 1778 in
1001 1723 1184 1777 futuro
1209 1720 1431 1781 s:eculo,
1467 1727 1522 1773 et
1559 1730 1775 1769 rursum
1810 1729 1841 1767 e
1871 1711 2175 1766 contrario.

727 1845 880 1899 CAP.
954 1842 1041 1895 LI.
1133 1838 1211 1891 De
1270 1839 1350 1889 his
1409 1836 1498 1903 qui
1567 1832 1883 1893 suadebant,
1947 1838 2003 1879 ut
2059 1826 2317 1879 secederet

1226 1916 1440 1976 propter
1472 1903 1758 1955 Herodem.

797 2006 959 2059 \‘ers.
1001 2004 1091 2057 51.
1157 1998 1357 2051 Eodem
1383 1998 1468 2049 die
1499 2024 1565 2033 —
1602 1994 1857 2046 occidere.
1915 1991 2141 2053 Audito,
2175 1989 2317 2056 quod

728 2102 990 2173 ejiciendi
1057 2106 1248 2153 essent
1280 2085 1449 2156 foras,
1480 2091 1736 2162 quodque
1768 2087 1936 2143 futuri
1974 2094 2161 2140 essent
2217 2097 2315 2153 po—

728 2197 947 2261 stremi,
986 2190 1202 2249 accensi
1229 2196 1359 2243 sunt
1386 2188 1498 2249 ira;
1542 2194 1597 2238 et
1620 2181 1875 2237 simulata
1924 2176 2315 2233 benevolentia

729 2291 963 2347 suadent
1002 2286 1079 2341 illi
1112 2294 1172 2339 ut
1208 2292 1367 2337 exeat
1390 2295 1454 2332 ac
1490 2277 1756 2332 secedat:
1794 2274 1899 2327 hoc
1929 2274 2150 2340 quidem
2186 2284 2322 2338 pra:-

725 2394 904 2449 textu,
938 2395 1006 2435 ne
1038 2378 1104 2433 ad
1156 2374 1372 2429 Herode
1406 2370 1712 2428 occidatur.
1749 2366 1803 2419 in
1852 2366 2085 2418 veritate
2111 2369 2318 2421 autem,

726 2494 795 2532 ne
832 2486 1070 2545 praesens
1102 2485 1162 2524 ac
1193 2464 1457 2522 miracula
1485 2462 1675 2523 edens,
1703 2455 2042 2529 gloriﬁcetur
2063 2461 2119 2507 et
2145 2460 2319 2507 attra-

728 2573 824 2625 hat
890 2567 1129 2621 turbam.

797 2661 956 2716 Vers.
1002 2657 1091 2711 52.
1136 2654 1204 2707 Et
1233 2654 1308 2705 ait
1361 2680 1431 2688 —
1482 2660 1842 2700 eonsummor.
1874 2640 2104 2711 Cognita
2130 2652 2320 2691 eorum

730 2756 996 2817 versutia,
1050 2751 1351 2805 clementer
1405 2758 1468 2798 ac
1523 2743 1660 2795 scite
1714 2736 2033 2807 respondet,
2079 2734 2318 2787 dicens:

726 2850 833 2913 Ite,
887 2859 933 2901 et
967 2847 1125 2899 dicite
1164 2840 1309 2907 vulpi
1340 2838 1441 2903 illi,
1508 2835 1615 2888 hoc
1656 2842 1759 2893 est,
1804 2830 1930 2883 dolo
1988 2838 2322 2894 morumque

726 2942 1053 3005 dillicultati,
1088 2953 1210 3007 qua:
1247 2937 1301 3007 iu
1336 2932 1490 2987 vobis
1522 2938 1630 2983 est.
1679 2925 2006 2993 Quanquam
2046 2922 2193 2975 enim
2234 2920 2324 2971 hic

725 3050 909 3089 sermo
945 3005 1148 3083 Herodi
1180 3005 1397 3079 videtur
1424 3020 1687 3082 attribui,
1736 3017 1803 3070 ad
1832 3016 1977 3084 ipsos
2016 3023 2199 3067 tamen
2236 3026 2324 3065 re-

725 3129 907 3197 .spicit.
977 3122 1150 3176 Hodie
1211 3132 1341 3170 vero
1401 3124 1455 3167 et
1516 3130 1669 3177 cras,
1729 3113 1829 3164 etsi
1876 3115 2324 3162 enumeratorum

725 3223 938 3275 dierum
1002 3214 1362 3285 signiﬁcattva
1418 3217 1711 3277 apparent,
1767 3214 2010 3258 attamen
2060 3199 2398 3281 temporisc

724 3313 1037 3384 signiﬁcant
1100 3307 1449 3363 brevitatem.
1518 3301 1772 3355 Solemus
1857 3300 2028 3361 enim,
2099 3294 2319 3365 quando

724 3407 1001 3462 modicum
1035 3413 1252 3470 tempus
1280 3398 1522 3452 iudicare
1548 3394 1822 3455 volumus,
1844 3392 1997 3443 hodie
2015 3398 2062 3443 et
2094 3406 2211 3441 cras
2236 3387 2321 3441 di-

720 3516 864 3555 cere.
896 3495 1159 3551 Similiter
1176 3494 1362 3556 etiam,
1390 3489 1534 3561 quod
1562 3488 1693 3543 dicit
1729 3505 1741 3540 :
1770 3485 1947 3540 Tertio
1974 3484 2055 3536 die
2074 3498 2320 3535 consum-

722 3607 857 3651 mor,
896 3588 1101 3641 indicat
1135 3600 1193 3639 se
1233 3600 1341 3638 non
1389 3582 1563 3637 multo
1597 3588 1721 3653 post
1774 3577 2129 3633 moriturum.
2190 3574 2315 3626 llaec

718 3688 901 3731 autem
935 3675 1093 3738 dixit,
1130 3682 1188 3727 ut
1226 3673 1359 3725 iram
1391 3686 1453 3726 ac
1486 3670 1749 3724 invidiam
1788 3682 1978 3722 eorum
2008 3666 2312 3732 mitigaret.

794 3955 952 4011 Vers.
987 3955 1077 4009 55.
1122 3951 1325 4006 Tamen
1375 3980 1442 3990 —
1492 3949 1797 4002 ambulare.
1858 3945 2095 4012 Quidam
2157 3946 2315 4000 aiunt

716 4051 869 4105 nodie
897 4056 944 4101 et
985 4061 1105 4099 cras
1140 4058 1265 4099 eum
1322 4042 1506 4096 dicere
1552 4041 1619 4095 de
1647 4038 1841 4094 diebus
1896 4038 2096 4108 quibus
2150 4040 2316 4091 mira-

718 4141 835 4196 cula
867 4139 938 4194 ibi
966 4144 1085 4193 erat
1117 4136 1389 4197 editurus,
1430 4132 1651 4186 tertium
1692 4145 1823 4184 vero
1854 4145 2001 4193 eum,
2042 4130 2131 4198 qui
2194 4138 2317 4197 post

713 4237 818 4290 bos
857 4242 974 4288 erat
1031 4233 1274 4294 futurus,
1308 4228 1363 4282 in
1406 4241 1516 4297 quo
1567 4225 2036 4279 consummandus
2068 4234 2202 4286 erat,
2253 4238 2315 4277 ac

714 4331 815 4382 iter
854 4326 1229 4396 Hierosolyma
1261 4336 1456 4377 versus
1489 4320 1875 4385 inchoaturus,
1909 4326 1966 4372 ut
1992 4319 2046 4373 in
2098 4333 2158 4371 ea
2196 4332 2316 4371 mo-

714 4430 951 4476 rerelur.

786 4516 1017 4583 Oportet
1056 4528 1143 4567 me
1176 4511 1341 4565 hodie
1374 4519 1429 4565 et
1466 4524 1609 4573 cras,
1646 4510 1763 4563 sive
1796 4507 2012 4561 modico
2065 4516 2310 4576 tempore

710 4611 930 4679 operari
974 4621 1094 4676 qua:
1145 4606 1277 4670 dixi,
1343 4614 1397 4658 et
1448 4602 1707 4673 perendie
1758 4601 2063 4662 ambulare,
2096 4599 2149 4652 id
2204 4607 2311 4659 est,

709 4702 1027 4772 insequenti
1052 4701 1139 4754 die
1168 4699 1403 4751 transire
1432 4714 1461 4750 a
1492 4696 1601 4749 vita
1623 4695 1905 4766 presenti,
1927 4696 2043 4747 sive
2068 4702 2315 4763 postmo-

1970 400 2355 463 EUTllYMlI
2400 400 2762 461 ZlGABENI

1109 524 1418 580 accubitum
1498 526 1683 573 autem
1742 515 1879 572 dicit
1944 517 2191 586 requiem
2255 529 2318 567 ac
2349 515 2621 579 Ανότου,
2661 516 2723 567 τὸ
2788 532 2857 584 με

2267 529 2318 567 ac
2349 524 2392 579 Α
2425 515 2580 567 νότου
2608 555 2621 579 ,
2661 516 2723 567 τὸ
2788 513 3193 586 μεσημϐρινόν.
3253 512 3569 567 Ἀνάκλισιν
3624 512 3682 566 δέ
3714 513 3867 582 λέγει
3919 515 4019 585 τὴν

2342 4558 2394 4617 D

3883 403 4019 468 1008

2425 608 2766 671 ἀνάπαυσιν,
2803 608 2904 677 τὴν
2934 606 3267 660 ἀπόλαυσιν.

2497 700 2604 752 Καὶ
2632 697 2761 751 ίδοὺ
2784 728 2853 737 —-—
2875 697 3118 766 πρῶτοι.
3138 700 3200 752 Ol
3218 698 3279 763 ἐξ
3302 698 3473 751 ἐθνῶν
3498 700 3705 763 πιστοὶ,
3725 698 3777 752 οἶ
3799 699 4021 752 δοκοῦσι

2427 792 2526 859 μέν
2566 791 2787 861 ἔσχατοι
2820 790 3031 856 νῦν,ὡς
3067 790 3292 861 ἔσχατοι
3332 792 3428 844 τὸν
3476 793 3610 845 Υίὸν
3641 793 4017 861 -ἐπιγνόντις’

2426 882 2641 935 ἔσονται
2698 883 2753 934 δέ
2815 881 3025 951 πρῶτοι
3073 885 3222 951 τότε,
3253 884 3341 937 διὰ
3374 884 3473 955 τὴν
3512 884 3786 955 εἰλικρινῆ
3839 885 4023 937 πίστιν

2427 994 2628 1030 αυτων.

2496 1071 2611 1124 Καί
2638 1072 2759 1123 είσι
2782 1100 2851 1109 -
2887 1070 3159 1139 ἔσχατοι.
3195 1072 3260 1124 υί
3308 1070 3531 1125 ἄπιστοι
3570 1069 3838 1139 Ἰουδαῖοι,
3863 1074 3913 1125 οἳ
3940 1072 4025 1124 δο-

2426 1162 2581 1214 κοῦσι
2626 1162 2726 1230 μὲν
2779 1162 2990 1232 πρῶτοι
3031 1162 3147 1228 νῦν,
3181 1161 3258 1226 ὡς
3301 1163 3516 1233 πρῶτοι
3568 1163 3661 1216 τὸν
3713 1164 3847 1217 Θεὸν
3905 1168 4025 1215 ἐπι-

2426 1257 2665 1321 γνόντες.
2699 1254 2830 1319 Υίὸς
2848 1254 2978 1321 γὰρ,
3006 1256 3165 1323 φησι,
3194 1257 3573 1323 πρωτότοκος
3587 1273 3707 1323 μου
3735 1256 3985 1324 Ἰσραήλ
4007 1271 4021 1283 '

2426 1347 2644 1399 ἔσονται
2678 1347 2733 1399 δὲ
2770 1348 2991 1416 ἔσχατοι
3025 1348 3173 1413 τότε,
3201 1349 3291 1401 διά
3346 1349 3447 1420 τὴν
3502 1350 3770 1403 ἀπιστίαν
3818 1350 4020 1404 αὐτῶν.

2498 1519 2721 1571 Νοεῖται
2752 1522 2779 1571 ό
2806 1520 2964 1587 λογος
2994 1520 3097 1575 καὶ
3138 1506 3269 1590 περὶ
3296 1520 3403 1572 τῶν
3431 1521 3788 1584 πιστῶν,τῶν
3807 1522 4028 1573 δοκούν-

2426 1629 2533 1664 των
2568 1614 2667 1681 μέν
2696 1606 2837 1664 εἶναι
2862 1614 3110 1682 ἐσχάτων
3140 1616 3198 1666 ἐν
3223 1612 3299 1682 τῷ
3326 1614 3557 1683 παρόντι
3587 1612 3714 1681 βίῳ·
3742 1614 4023 1681 ἐσομένων

2426 1704 2479 1755 δέ
2515 1703 2751 1774 πρώτων
2783 1706 2841 1757 ἐν
2866 1704 2945 1775 τῷ
2984 1705 3239 1775 μέλλοντι
3268 1706 3454 1768 αἰῶνι,
3482 1709 3575 1758 καὶ
3594 1701 3752 1768 αὖθις
3770 1704 4021 1769 ἐναλλᾶξ.

2428 1817 2743 1874 ΚΕΦ.ΝΑ’.
2810 1820 2948 1887 Περὶ
3022 1820 3142 1873 τῶν
3200 1823 3501 1873 εἰπόντων
3530 1820 3609 1885 τῷ
3678 1821 3877 1887 Ἰησοῦ
3929 1823 4028 1876 διὰ

3071 1889 3361 1959 Ἡρώδην.

2494 1982 2601 2037 Ἐν
2631 1983 2788 2051 αὐτῇ
2817 1981 2890 2050 τῇ
2917 1984 3105 2051 ἡμέρᾳ
3132 2012 3196 2025 -ο
3223 1985 3598 2037 ἀποκτεῖναι.
3641 1986 4026 2049 Ἀκούσαντες,

2424 2075 2506 2127 ὅτι
2539 2074 2975 2145 ἐκΰληθήσονται
3008 2075 3134 2139 ἔξω,
3159 2079 3251 2129 καὶ
3272 2079 3353 2130 ὅτι
3382 2078 3601 2131 ἔσονται
3626 2078 3866 2147 ἔσχατοι,
3894 2080 4029 2149 ἀνή-

2428 2168 2643 2234 φθησαν
2673 2170 2755 2230 είς
2794 2166 2990 2237 ὀργὴν,
3012 2170 3104 2220 καὶ
3139 2170 3581 2241 ὑποκρινάμενοι
3615 2170 3855 2237 εὔνοιαν,
3889 2188 4028 2239 συμ-

2425 2258 2777 2311 δουλεύουσιν
2810 2259 2961 2329 αὑτῷ
3016 2260 3255 2324 ἐξελθεῖν
3311 2264 3405 2315 καὶ
3462 2266 3857 2335 ἀναχωρῆσαι·
3894 2281 4027 2333 προ-

2426 2351 2592 2421 φάσει
2630 2352 2753 2420 μὲν,
2798 2352 2883 2405 ἵνα
2946 2353 3022 2425 μὴ
3062 2354 3168 2408 ὑπὸ
3233 2355 3477 2427 Ἡρώδου
3538 2359 3841 2431 ἀναιρεθῇ·
3874 2363 3943 2431 τῇ
3982 2359 4026 2413 δ’

2425 2441 2683 2514 ἀληθείᾳ,
2738 2442 2824 2496 ἵνα
2882 2446 2958 2515 μὴ
3002 2446 3197 2517 παρὼν
3235 2449 3331 2502 καὶ
3366 2450 3625 2520 θαύματα
3665 2453 3854 2516 ποιῶν,
3880 2452 4029 2516 δοξάο

2429 2536 2717 2607 ζηταιικαὶ
2764 2540 3010 2611 ἐφελκύῃ
3056 2541 3148 2593 τὸν
3181 2542 3364 2611 ἔκλον.

2502 2633 2611 2685 Καὶ
2634 2632 2806 2687 εἶπεν
2840 2664 2908 2673 ——
2937 2634 3295 2701 τελειοῦμαι.
3337 2637 3505 2702 Γνοὺς
3540 2641 3640 2709 τὴν
3682 2644 4027 2713 πανουργίαν

2428 2727 2633 2791 αὐτῶν,
2672 2728 3017 2793 ἀνεξικάκως
3046 2728 3143 2781 καὶ
3171 2732 3391 2797 εὐφυῶς
3424 2735 3788 2803 ἀποκρίνεται
3822 2738 4023 2805 λέγων·

2429 2821 2834 2891 Πορευθέντες
2858 2823 3065 2875 εἴπατε
3102 2822 3177 2890 τῇ
3209 2823 3477 2878 ἀλώπεκι
3509 2829 3717 2899 ταύτῃ,
3752 2832 4027 2895 τουτέστι,

2429 2920 2494 2987 τῇ
2528 2917 2820 2987 δολιότητι,
2865 2921 2930 2985 τῇ
2986 2919 3299 2991 δυστροπίᾳ
3354 2925 3419 2992 τῇ
3454 2925 3511 2975 ἐν
3572 2924 3705 2992 ὑμῖν
3731 2942 3746 2955 ·
3783 2928 4030 2979 τοιοῦτον

2432 3008 2543 3077 γὰρ
2579 3010 2610 3078 ἡ
2640 3008 2891 3077 ἀλώπηξ.
2926 3009 2986 3062 Εί
3020 3011 3130 3081 γὰρ
3185 3014 3282 3065 καὶ
3342 3014 3456 3083 (49)
3511 3018 3644 3088 πρὸς
3672 3017 3941 3090 ’Ἡρώδην
4002 3024 4028 3074 ό

2431 3105 2590 3173 λόγος
2628 3104 3000 3158 ἀποτετᾶσθαι
3029 3106 3199 3171 δοκεῖ,
3233 3109 3373 3162 ἀλλά
3408 3127 3471 3177 γε
3504 3112 3641 3182 πρὸς
3675 3112 3875 3177 αὐτοὺς
3905 3118 4026 3186 δρᾷ·

2431 3197 2503 3249 Τὸ
2531 3197 2585 3250 δὲ
2621 3197 2892 3265 σήμερον
2944 3198 3041 3251 καὶ
3090 3199 3325 3266 αὔριον,
3371 3206 3419 3255 εί
3478 3206 3571 3256 καὶ
3632 3206 4030 3277 ἠριθμημένων

2430 3290 2653 3361 ἡμερῶν
2686 3292 3008 3360 σημαντικὰ
3043 3293 3363 3361 φαίνονται,
3420 3297 3537 3347 ἀλλ’
3585 3294 3679 3351 οὖν
3730 3305 4031 3371 συντομίαν

2430 3385 2624 3454 καιροῦ
2658 3384 3099 3455 παραδηλοῦσιν.
3140 3388 3435 3459 Είώθαμεν
3476 3392 3607 3463 γὰρ,
3662 3394 3792 3447 ὅταν
3849 3397 4031 3465 ὀλίγον

2427 3478 2621 3548 καιρὸν
2650 3477 2895 3546 ἐμφῆναι
2924 3477 3197 3548 Θέλωμεν,
3234 3482 3507 3551 σήμερον
3545 3487 3641 3538 ναὶ
3694 3489 3908 3556 αῠριον
3940 3492 4029 3544 λέ-

2427 3588 2565 3638 γειν.
2626 3571 2866 3640 Ὁμοίως
2901 3572 2957 3623 δὲ
3018 3574 3115 3625 καὶ
3148 3572 3209 3626 τδ
3242 3573 3312 3641 τῇ
3357 3581 3523 3646 τρίτῃ
3560 3582 3922 3652 τελειοῦμαι,
3972 3589 4033 3638 τὸ

2426 3665 2527 3714 οὐκ
2556 3665 2634 3725 δίς
2660 3665 2885 3733 μακρὰν
2910 3663 3210 3720 ἀποθανεῖν
3232 3670 3396 3723 αὑτὸν
3424 3673 3817 3743 ὑποσημαίνει.
3843 3680 4031 3733 Ταῦτα

2426 3758 2482 3809 δὲ
2512 3752 2657 3822 εἷπε,
2690 3760 3200 3832 παραμυθούμενος
3230 3765 3329 3836 τὴν
3368 3768 3541 3838 ὀργὴν
3576 3771 3670 3824 καὶ
3702 3773 3791 3824 τὸν
3834 3774 4029 3841 φθόνον

2424 3868 2629 3907 αατων.

2496 3947 2674 4015 Πλὴν
2696 3980 2766 3992 -
2787 3950 3175 4017 πορεύεσθαι.
3213 3951 3397 4023 [Τινὲς
3430 3956 3545 4027 (50)
3565 3957 3621 4011 δέ
3647 3976 3802 4028 φασι,
3832 3960 3891 4014 τὸ
3915 3962 4031 4030 σή-

2419 4060 2607 4111 μερον
2641 4042 2739 4096 καὶ
2774 4044 2987 4111 αὔριον
3016 4045 3147 4114 περὶ
3178 4046 3272 4098 δύο
3316 4048 3547 4118 ἡμερῶν
3607 4051 3810 4119 λέγειν,
3846 4057 3905 4107 ἐν
3938 4050 4028 4117 αἷς

2424 4138 2542 4189 ἐκεῖ
2571 4136 3023 4208 θαυματουργείν
3064 4140 3267 4208 ἔμελλε
3294 4158 3307 4172 ·
3348 4142 3549 4213 τρίτην
3610 4144 3690 4209 δὲ,
3752 4148 3854 4219 τὴν
3906 4150 4029 4220 μετ’

2422 4232 2619 4299 αὐτὰς,
2660 4234 2717 4285 ἐν
2850 4234 3219 4305 τελειωθῆναι
3259 4254 3448 4307 φησιν,
3508 4242 3714 4305 είτουν,
3754 4242 4027 4314 ἄρξασθαι

2420 4328 2519 4395 τῆς
2549 4328 2642 4380 ἐπὶ
2672 4327 2907 4382 θάνατον
2938 4332 3196 4401 πορείας,
3231 4335 3329 4387 καὶ
3392 4334 3639 4405 βαδίζειν
3668 4338 3764 4391 ἐπὶ
3816 4342 3885 4395 τὰ
3928 4342 4027 4396 Ἱε-

2424 4421 2749 4495 ροσόλυμα.]

2492 4516 2613 4587 Χρή
2650 4534 2717 4585 με
2758 4518 3003 4589 σήμερον
3039 4521 3133 4573 καὶ
3168 4520 3361 4590 αὔριον
3395 4525 3723 4596 ἐνεργῆσαι,
3756 4528 3793 4583 ἃ
3846 4524 4023 4600 εἷπον,

2420 4610 2608 4678 ἤγουν,
2652 4612 2741 4663 ἐπ’
2774 4612 2965 4682 ὀλίγον
2994 4617 3213 4687 καιρὸν,
3268 4622 3363 4671 καὶ
3405 4622 3471 4691 τῇ
3503 4621 3750 4693 ἐχομένῃ
3788 4628 4024 4693 πορεύε-

2421 4705 2570 4772 σῦαι,
2600 4706 2803 4771 εἴτουν,
2838 4711 2903 4780 τῇ
2933 4711 3135 4781 ἐφεξῆς
3176 4712 3290 4783 (Si)
3334 4714 3522 4785 ἡμέρᾳ
3562 4718 3878 4789 μεταόἧναι
3911 4725 4024 4777 ἀπὸ

708 4796 836 4850 dum
874 4794 1047 4850 occidi
1081 4810 1110 4846 a
1148 4793 1321 4856 vobis,
1355 4790 1447 4860 qui
1516 4787 1908 4859 Hierosolymis
1946 4787 2315 4857 principatum
2416 4800 2460 4851 τί

2268 4801 2315 4839 m
2416 4800 2513 4870 τῆς
2548 4800 2832 4871 παρούση“ς
2866 4801 3036 4873 ζωῆς,
3068 4806 3343 4868 τουτέστι,
3402 4812 3544 4878 μετὰ
3586 4812 3750 4866 τοῦτο
3807 4816 4020 4869 ἀποθα-

703 4890 935 4945 tenetis.

779 5077 936 5134 Vers.
970 5078 1056 5132 55.
1080 5077 1217 5142 Quia
1241 5106 1305 5116 —
1331 5075 1735 5145 Hierosolymis.
1762 5075 1977 5130 lronice
2012 5075 2115 5130 hoc
2147 5075 2307 5139 dixit,

703 5172 1007 5245 obiurgans
1054 5170 1383 5236 Jerusalem,
1445 5180 1701 5240 tanquam
1759 5169 2156 5241 prephetarmu
2215 5170 2313 5223 ho-

701 5270 983 5326 micidam.
1016 5271 1106 5325 Est
1134 5284 1321 5325 autem
1352 5269 1665 5339 hujusmodi
1692 5268 1969 5325 sententia
1989 5272 2265 5324 sermonis
2293 5286 2306 5322 :

697 5362 839 5420 Cum
873 5378 961 5418 me
992 5364 1137 5418 dit-at
1169 5363 1517 5433 prephetam,
1549 5361 1735 5431 utique
1766 5362 2018 5427 occidet;
2050 5362 2307 5432 impossi-

807 5544 829 5577 ⁸
854 5541 1022 5598 Exod.
1055 5556 1128 5603 tv,
1150 5538 1239 5593 92.

2416 4894 2552 4956 νεῖν,
2582 4892 2675 4961 ὑφ’
2711 4893 2866 4962 ὑμῶν
2900 4893 3150 4966 δηλονότι
3181 4900 3291 4952 τιῖιν
3316 4902 3373 4953 ἐν
3425 4901 3791 4978 Ἰερουσαλὴμ
3819 4909 4022 4979 ἀρλόν-

2412 5002 2542 5040 των.

2491 5084 2621 5136 Ὀτι
2670 5114 2735 5125 -—
2808 5085 3225 5161 Ἰερουσαλήμ.
3281 5092 3602 5165 Είρωνικῶς
3654 5099 3815 5153 τοῦτο
3872 5099 4015 5169 εἷπε,

2410 5175 2687 5246 διασύρων
2742 5177 2844 5249 τὴν
2908 5180 3297 5255 Ἰερουσαλὴμ,
3377 5186 3453 5251 ὡς
3543 5194 4011 5261 προφητοκτόνον.

2415 5270 2573 5321 Ἐστι
2602 5270 2659 5323 δέ
2690 5271 2717 5323 ό
2750 5271 2876 5337 νοῦς
2906 5273 3001 5326 τοῦ
3040 5275 3202 5346 λόγου
3236 5280 3489 5346 τοιοῦτος
3518 5300 3531 5312 ·
3567 5283 3652 5337 ὃτι
3697 5284 3853 5339 Ἐπεὶ
3879 5305 4015 5360 προσ

2410 5365 2591 5433 φήτην
2625 5382 2693 5436 με
2723 5365 2896 5436 λέγει,
2941 5369 3164 5435 πάντως
3188 5372 3494 5430 ἀποκτενεῖ
3524 5394 3617 5449 με.
3662 5377 4017 5439 ’Δνόνδεκτον

1915 5662 2123 5725 Variis
2162 5662 2475 5728 lectiones
2509 5674 2569 5727 ct
2608 5675 2798 5729 notte.

764 5863 877 5933 (69)
911 5859 1014 5914 Καί
1052 5861 1230 5919 abest.
1269 5864 1344 5917 Α.

766 5932 880 6003 (50)
912 5932 1041 5988 Haec
1076 5934 1132 5988 in
1159 5945 1421 5991 contextu
1454 5937 1615 5993 habet
1666 5937 1729 6007 Β,
1763 5949 1888 6010 post
1934 5937 2131 6012 φθόνον
2194 5942 2297 5995 αὑ-

2405 5867 2757 5948 ztbv_.__Sed_A
2800 5874 2853 5927 in
2892 5876 3140 5948 margine
3172 5881 3416 5937 exhibet.

2486 5943 2598 6014 (5|)
2659 5943 3113 6015 ίΙορεύεσθαιῙιίε
3152 5955 3350 6025 repetit
3376 5956 3442 6010 Δ.
