4436 6450
716 396 848 461 1011

1966 402 2352 464 EUTHYMII
2394 401 2756 463 ZlGABENl

3868 406 4016 473 1012

781 502 956 562 Vcrs.
995 506 1023 556 7
1049 545 1063 561 .
1119 506 1309 561 Dieeua
1358 508 1429 561 ad
1493 524 1604 565 eos.
1634 510 1715 565 Ad
1758 525 2211 582 unumquemque
2247 512 2308 565 il—
2340 519 2382 572 Α
2485 517 2530 566 Λ

2084 526 2211 582 ique
2247 512 2308 565 il—
2340 519 2382 572 Α
2485 514 2695 582 Λόγων
2722 515 2875 581 πρὸς
2903 515 3149 581 αὐτούς.
3191 516 3331 585 Πρδς
3361 514 3597 570 ῐκαστον
3628 516 3836 573 αὐτῶν.

715 599 919 653 lorum.

778 693 936 750 Vera.
970 694 1023 751 8.
1068 693 1203 750 Cant
1235 726 1301 737 -
1334 697 1491 753 νει-ε.
1541 698 1597 754 9.
1651 706 1846 753 tenere.
1882 698 2191 764 Admonet,
2244 715 2316 754 ne

707 798 767 838 se
813 783 1265 843 bonoratiorlbus
1325 797 1690 859 praeponam,
1740 804 1921 859 neque
1980 798 2110 844 ante
2174 789 2316 844 alios

709 889 836 930 sese
873 875 1173 933 collucent.
1225 876 1334 934 Per
1378 875 1695 948 paiabolam
1726 887 1912 933 autem
1964 878 2302 935 admonitio-

705 984 836 1025 nem
894 978 1235 1036 contexens,
1293 970 1500 1041 absque
1560 970 1765 1026 invidia
1829 986 1926 1025 eos
1986 970 2314 1041 redarguit;

706 1076 834 1115 nam
899 1053 1216 1131 huiusmodi
1276 1071 1408 1118 sunt
1473 1063 1806 1134 parabolice
1882 1064 2311 1120 admonitiones.

706 1151 813 1209 Per
852 1156 1071 1225 nuptias
1103 1169 1236 1210 vero
1270 1171 1435 1211 omne
1466 1157 1758 1226 prandium
1803 1172 2139 1228 omnemque
2201 1173 2317 1213 cm-

707 1261 836 1301 nam
892 1246 1266 1317 signiﬁcavit;
1323 1248 1546 1304 invitari
1602 1250 1753 1304 enim
1794 1251 1864 1305 ad
1913 1252 2137 1321 nuptias
2201 1251 2305 1305 ho-

705 1334 1093 1393 noriﬁcentius
1139 1337 1454 1400 videbatur,
1504 1353 1669 1408 quam
1730 1339 1799 1395 ad
1848 1340 2169 1411 prandium,
2222 1349 2317 1395 aut

718 1443 940 1483 canam
974 1430 1181 1485 vocari.

776 1520 945 1577 Vers.
1014 1523 1111 1578 Ιθ.
1177 1522 1283 1579 Sed
1326 1554 1394 1563 —
1436 1534 1643 1579 tecum;
1700 1525 1898 1580 Dilatat
1952 1540 2308 1591 sermonem,

704 1615 1006 1669 ostendens
1032 1623 1088 1669 et
1122 1615 1509 1672 confusionem
1544 1616 1613 1672 ab
1673 1618 2011 1687 impudentia
2055 1618 2206 1673 nasci
2262 1628 2319 1671 et

705 1704 934 1776 gloriam
986 1721 1017 1760 a
1065 1707 1438 1773 verecundia;
1486 1718 1541 1763 et
1575 1709 1833 1779 utrinque
1871 1710 1939 1762 ad
1991 1710 2315 1764 modestiam

704 1797 1055 1852 adhortatur.
1094 1796 1303 1853 Deinde
1337 1798 1505 1853 infert
1561 1800 1726 1854 ctiam
1770 1802 2136 1855 univcr:alem
2186 1816 2315 1857 scn-

707 1888 1002 1944 tentiarum
1039 1890 1423 1946 collectionem
1465 1892 1532 1947 ad
1586 1893 2069 1948 conﬁrmationem
2117 1894 2319 1949 adhor-
2350 1872 2391 1927 θ

707 1981 953 2047 tutionis,
990 1981 1184 2038 dicens
1228 2001 1241 2037 :

782 2073 934 2129 νου-ε.
974 2074 1061 2129 Η.
1095 2072 1280 2130 Omnia
1325 2077 1463 2130 enim
1492 2105 1564 2116 —
1592 2076 1895 2131 extolletur.
1947 2076 2042 2132 Ille
2091 2078 2315 2147 quidem

701 2165 1011 2235 d-‘jicii'lur,
1051 2165 1139 2221 hic
1186 2177 1373 2222 autem
1413 2168 1703 2232 exolletur,
1758 2184 1869 2223 non
1920 2178 2129 2225 tantum
2173 2172 2316 2241 apud

706 2260 961 2315 homines
998 2271 1146 2317 recte
1174 2261 1512 2331 iudicantes,
1554 2277 1743 2317 verum
1777 2265 1940 2317 etiam
1990 2264 2163 2319 multo
2210 2280 2317 2319 ma-

704 2354 786 2426 gis
814 2353 958 2426 apud
990 2354 1185 2409 Deum.

776 2447 934 2504 Vera.
969 2447 1056 2502 12.
1109 2446 1425 2502 Dicebat-‘—
1456 2443 1611 2503 Vers.
1666 2446 1750 2501 Η.
1802 2448 2098 2516 justormn.
2157 2448 2313 2514 Vide,

704 2540 874 2595 totius
946 2540 1202 2597 utilitatis
1270 2549 1683 2611 argumentum.
1754 2539 2082 2595 Convivium
2143 2542 2313 2608 fecit;

704 2641 998 2702 postquam
1040 2632 1190 2687 enim
1244 2632 1557 2697 admonuit,
1601 2646 1725 2702 qua:
1774 2632 1843 2687 ad
1880 2634 2142 2689 invitatos
2195 2649 2316 2689 ma-

703 2728 851 2783 xime
910 2730 1275 2796 pertinerent,
1336 2730 1597 2784 admoliet
1657 2730 1825 2783 etiam
1878 2730 2024 2800 quod
2093 2732 2317 2798 expedit

703 2822 1063 2877 convivatori.
1101 2822 1219 2877 Non
1259 2823 1395 2879 dixit
1433 2832 1612 2877 autem
1652 2840 1667 2875 :
1711 2821 1848 2876 Cum
1910 2824 2133 2894 nuptias
2168 2825 2317 2880 fece-

704 2916 807 2978 ris,
850 2914 946 2970 sed
996 2930 1010 2969 :
1066 2912 1202 2969 Cum
1254 2916 1547 2984 prandium
1608 2916 1789 2985 feceris
1822 2925 1916 2969 aut
1972 2932 2206 2971 ca'nam.
2256 2917 2314 2971 In

704 3006 915 3077 nuptiis
950 3006 1094 3061 enim
1151 2991 1529 3063 necessarium
1567 3020 1651 3063 est
1694 3008 1926 3074 amicos,
1988 3021 2043 3065 et
2094 3010 2311 3075 fratres,

703 3112 759 3155 et
792 3112 1075 3173 cognatos,
1108 3114 1164 3157 et
1211 3103 1423 3159 vicinos
1449 3103 1649 3160 duites
1682 3104 1918 3161 invitare
1951 3106 2015 3161 ad
2045 3106 2313 3162 honorem

703 3201 1046 3269 nuptiarum.

772 3292 1008 3360 Quidam
1049 3306 1235 3352 tamen
1266 3312 1363 3367 per
1395 3296 1687 3368 prandium
1720 3309 1775 3351 et
1811 3311 2025 3351 cmnam
2088 3298 2311 3368 nuptias

705 3387 933 3459 intclllgi
966 3388 1180 3445 dicunt.
1222 3390 1317 3446 Est
1347 3402 1531 3447 autem
1580 3391 1815 3446 docendi
1868 3407 1987 3445 mos
2034 3407 2142 3445 non
2195 3399 2314 3445 tan-

706 3490 817 3533 tum
856 3481 997 3536 inala
1044 3482 1363 3553 prohibere,
1409 3486 1505 3541 sed
1540 3484 1693 3540 utilia
1722 3500 1943 3557 quoque
1971 3484 2260 3541 consulere
2296 3502 2309 3539 :

705 3574 815 3641 illa,
854 3589 924 3629 ne
964 3576 1117 3642 fiant,
1150 3578 1267 3633 hsce
1301 3594 1452 3641 vero,
1502 3588 1561 3634 ut
1590 3578 1743 3633 ﬁant.

774 3860 895 3915 Non
930 3872 1115 3917 autem
1153 3863 1209 3917 in
1240 3864 1632 3918 contumeliam
1660 3863 1939 3927 am'citia‘,
1992 3864 2311 3922 fraternita-

702 3957 795 4017 tis,
824 3956 1191 4028 cognationis,
1240 3956 1590 4027 aliorumque
1644 3956 1906 4011 similium
1952 3956 2065 4011 haec
2117 3958 2312 4013 admo-

704 4050 847 4113 nuit,
912 4050 1009 4106 sed
1076 4062 1134 4106 ut
1190 4050 1335 4122 quod
1398 4051 1597 4107 melius
1639 4060 1722 4106 est
1775 4064 2197 4123 cognoscentes,
2262 4055 2312 4110 id

699 4158 1095 4215 praeponamus
1130 4164 1144 4209 ;
1180 4154 1237 4200 et
1272 4160 1343 4200 ne
1372 4144 1771 4218 benignitatem
1804 4147 1888 4202 his
1909 4147 2000 4219 qui
2030 4164 2139 4203 non
2169 4148 2313 4205 indi-

698 4248 848 4310 gent,
887 4240 1269 4311 responsionis
1312 4240 1516 4296 intuitu
1558 4242 1882 4297 vendamus.

771 4332 943 4390 Deum
1000 4336 1148 4390 enim
1186 4337 1409 4407 potius,
1462 4352 1626 4405 quam
1680 4336 1960 4392 hominem
2006 4354 2205 4394 curare
2250 4358 2312 4397 o-

697 4438 905 4498 portet,
956 4440 1011 4484 et
1066 4446 1095 4485 a
1149 4430 1261 4487 Deo
1327 4432 1515 4502 potius
1559 4431 1985 4487 retributionem
2038 4449 2309 4503 quarere,

696 4540 863 4596 quam
899 4526 968 4581 ah
1013 4526 1357 4581 hominibus.
1400 4526 1720 4599 Cougruum
1763 4526 1931 4580 etiam
1963 4536 2048 4581 est
2090 4538 2147 4582 ut
2197 4530 2311 4599 spi-

2493 684 2675 737 Ὅταν
2722 714 2792 725 -
2815 681 3120 753 κατιχειν.
3158 684 3446 755 Παραινεϊ,
3481 683 3559 756 μὴ
3589 684 3867 756 ῑπιπηδᾷν
3892 686 4016 751 ταις

2420 775 2817 845 «pontiﬁcem,
2852 774 2992 846 μηδὲ
3031 775 3362 847 προτάττειν
3390 774 3626 838 ἑαυτοὺς
3666 775 3778 831 τῶν
3806 776 4013 833 ἀλλων.

2420 868 2521 920 Διὰ
2568 866 2895 936 παραϐολῆς
2943 867 3002 921 δὲ
3046 868 3148 939 τὴν
3185 867 3521 939 παραίνεσιν
3559 868 3892 938 ὲξυφαίνων,
3924 870 4019 924 άν-

2421 961 2832 1031 επαχθίστερον
2866 960 3053 1016 αὐτῶν
3078 960 3449 1016 καθάπτεται.
3512 961 3779 1016 Τοιαῦται
3816 961 3929 1032 γὰρ
3962 962 4021 1016 αι

2422 1052 2799 1123 παραδολικαὶ
2843 1054 3225 1125 παραινὲαεις.
3272 1055 3376 1109 sta
3433 1054 3546 1109 τῶν
3574 1057 3777 1126 γάμων
3818 1054 3877 1109 δὲ
3910 1055 4021 1108 πᾶν

2420 1148 2649 1219 ἄριστον
2692 1150 2787 1203 καὶ
2813 1152 2922 1204 πᾶν
2958 1150 3179 1203 δεῖπνον
3211 1150 3469 1221 ενεφηνε.
3499 1149 3574 1204 Τδ
3598 1147 3892 1204 καλεῖσθαι
3913 1148 4023 1217 γὰρ

2420 1240 2504 1303 εις
2528 1242 2767 1312 γάμους,
2827 1242 3163 1313 τιμιώτερον
3192 1244 3370 1297 ὲδόκει
3422 1242 3524 1313 τῆς
3579 1244 3664 1306 είς
3714 1241 3945 1312 ἀριστον
3986 1240 4021 1312 ἢ

2420 1332 2639 1389 δεῖπνον
2674 1335 2946 1406 κλήσεως.

2503 1522 2657 1577 Ἀλλ’
2695 1552 2767 1562 -
2797 1536 2922 1578 σοι.
2954 1521 3228 1576 ῐΙλατύνει
3265 1522 3355 1576 τὸν
3403 1521 3589 1591 λόγον.
3628 1520 3897 1575 δεικνύων
3926 1522 4025 1573 καὶ

2417 1615 2519 1685 τὴν
2544 1614 2654 1667 ἀπὸ
2681 1615 2781 1685 τῆς
2810 1614 3118 1677 αὐθαδείας
3162 1614 3463 1685 αἰσχύνην,
3520 1614 3615 1665 καὶ
3640 1613 3742 1684 τὴν
3785 1614 3895 1665 ἀπὸ
3924 1613 4024 1678 τῆς

2418 1708 2711 1771 εὐλαϐείας
2733 1707 2919 1775 δόξαν,
2945 1710 3036 1761 καὶ
3057 1708 3406 1779 ἑκατέρωθεν
3431 1710 3512 1771 εΞς
3543 1707 4025 1779 μετριοφροσύνην

2420 1799 2897 1871 προτρεπόμενος.
2963 1794 3102 1853 Εἶτα
3154 1802 3427 1871 επιφέρει
3476 1802 3570 1853 καὶ
3638 1800 4026 1875 γνωμολογίαν

2423 1892 2747 1963 καθολικὴν,
2784 1894 2864 1957 εἰς
2901 1893 3200 1964 βεϐαίωσιν
3228 1892 3329 1963 τῆς
3354 1893 3767 1963 παραινέσεως.
3800 1892 3977 1961 λέγων
4006 1905 4022 1920 °

2496 2084 2625 2135 Ὀτι
2657 2079 2777 2147 πᾶς
2807 2111 2877 2123 -—-
2906 2080 3321 2149 ὑψωθήσεται.
3366 2081 3425 2133 Ὀ
3469 2079 3571 2149 μὲν
3613 2079 4027 2150 ταπεινωθήσεο

2421 2194 2534 2240 ται,
2592 2179 2619 2231 ὁ
2676 2176 2730 2229 δὲ
2780 2174 3161 2246 ὑψωθήσεται,
3207 2176 3268 2227 οὐ
3319 2153 3485 2245 pth/3v
3538 2175 3690 2245 παρά
3743 2176 3857 2238 τοῖς
3889 2174 4030 2244 ὀρθά

2423 2268 2720 2339 φρονοῦσιν
2753 2268 3092 2341 ἀνθρώποις,
3150 2268 3287 2323 ἀλλά
3326 2269 3422 2321 καὶ
3476 2268 3583 2338 προ
3628 2268 3840 2323 τούτων
3878 2269 4030 2340 παρᾶ

2420 2364 2500 2433 τῷ
2529 2362 2669 2433 Θεῷ.

2498 2459 2714 2525 Ἔλεγε
2744 2487 2815 2496 -
2854 2455 3124 2509 δικαίων.
3162 2456 3308 2526 Ὀρα
3378 2453 3556 2525 πόσης
3589 2454 3703 2525 (55)
3756 2453 4031 2522 ὠφελείας

2424 2550 2689 2604 ὑπόθεσιν
2717 2550 2831 2623 (54)
2868 2552 2967 2620 τὴν
2997 2550 3247 2603 ἑατεασιν
3287 2550 3625 2620 ἐποιήσατο·
3683 2550 4030 2620 παραινέσας

2424 2646 2533 2715 γὰρ
2565 2647 2635 2699 τὰ
2670 2646 2861 2697 εἰκότα
2894 2647 3009 2707 τοῖς
3065 2645 3460 2715 κεκλημένοις,
3501 2646 3765 2716 παραινεῖ
3817 2646 3915 2698 καὶ
3949 2645 4029 2714 τῷ

2424 2741 2747 2809 κεκληκότι.
2785 2740 2901 2793 Οὐκ
2933 2730 3061 2793 sine
3091 2739 3148 2793 δὲ
3185 2740 3294 2806 ὅτι,
3342 2740 3519 2794 ’Ὅταν
3576 2742 3740 2809 ποιῇς
3787 2741 4027 2810 γάμους,

2423 2836 2564 2901 ἀλλ’,
2603 2836 2793 2889 Ὅταν
2825 2833 3006 2903 ποιῇς
3036 2834 3293 2903 ἄριστον
3312 2834 3350 2902 ἢ
3372 2832 3645 2888 δεῖπνον.
3683 2834 3774 2887 Ἐν
3792 2837 3906 2895 soi,-
3938 2834 4035 2902 γά-

2425 2949 2547 3001 μοις
2584 2934 2717 3000 γαρ,
2769 2928 3091 2998 ἀναγκαίως
3125 2928 3317 2997 φίλους
3352 2929 3451 2982 καὶ
3484 2928 3755 2995 ἀδελφοὺς
3778 2929 3874 2982 καὶ
3900 2945 4034 2993 συγ-

2423 3031 2601 3095 γενεῐς
2636 3028 2729 3079 καὶ
2755 3026 3009 3095 γείτονας
3041 3023 3338 3089 πλουαίους
3374 3022 3739 3087 συνεκάλουν,
3768 3022 3862 3076 ἐπὶ
3890 3024 4027 3093 τιμῇ

2422 3121 2533 3175 τῶν
2558 3120 2775 3189 γάμων.

2494 3294 2656 3356 Τινὲς
2694 3292 2773 3356 δὲ,
2813 3292 2905 3346 διὰ
2940 3290 3038 3344 τοῦ
3067 3292 3297 3362 ἀρίστου
3338 3291 3433 3343 καὶ
3473 3289 3571 3343 τοῦ
3629 3288 3877 3353 δείπνου,
3931 3286 4028 3339 καὶ

2421 3387 2549 3449 τοὺς
2598 3387 2819 3457 γάμους
2856 3383 3103 3438 νοεῖσθαι
3138 3384 3388 3453 λέγουσι.
3440 3382 3615 3451 Δοχὴν
3642 3379 3699 3433 δὲ
3732 3378 3895 3435 καλεῖ
3924 3379 4027 3447 τὴν

2421 3480 2716 3552 ὑποδοχὴν,
2750 3480 2853 3550 τὴν
2890 3478 3155 3549 εὐωχίαν,
3221 3478 3322 3549 τὴν
3364 3476 3637 3530 ἑστίασιν.
3693 3472 3911 3547 Τρόπος
3967 3473 4025 3528 δὲ

2420 3574 2832 3637 διδασκαλικὸς,
2864 3572 2943 3644 μὴ
2978 3574 3144 3643 μόνον
3168 3570 3407 3625 κωλύειν
3431 3570 3500 3623 τὰ
3532 3568 3742 3637 φαῦλα,
3766 3565 4027 3621 ἀλλά“καὶ

2423 3669 2786 3725 ὑποτίθεσθαι
2814 3670 2884 3723 τὰ
2916 3670 3135 3741 χρηστά
3157 3682 3171 3697 ’
3206 3662 3346 3733 οἷον,
3384 3668 3475 3737 Μὴ
3527 3665 3673 3719 ποίει
3703 3665 3847 3729 τόδε,
3890 3664 4027 3719 ἀλλά

2420 3767 2562 3821 τόδε.

2493 3862 2608 3915 Οὐκ
2641 3861 2727 3913 ἐπ’
2752 3860 2951 3929 ἀτιμίᾳ
2983 3858 3039 3911 δὲ
3068 3857 3256 3927 φιλίας
3290 3856 3404 3927 (55)
3437 3857 3532 3911 καὶ
3568 3854 3897 3925 συγγενείας
3932 3852 4026 3907 καὶ

2420 3940 2821 4032 ἀδελφότητος,
2856 3961 2951 4013 καὶ
2986 3959 3093 4013 τῶν
3120 3958 3411 4022 τοιούτων,
3453 3956 3631 4011 ταῦτα
3685 3954 4023 4025 παρῄνεσεν,

2418 4058 2537 4111 ἀλλ’
2570 4057 2658 4110 ἵνα
2680 4056 2741 4109 τὸ
2771 4058 3027 4127 κρεῖττον
3056 4054 3286 4117 εἰδότες,
3311 4053 3473 4106 τοῦτο
3502 4051 3894 4121 προτιμῶμεν.
3929 4050 4026 4102 καὶ

2422 4151 2498 4221 μὴ
2531 4153 2644 4215 τοῖς
2676 4150 2957 4205 ἀνενδεέσι
3020 4150 3117 4213 τὰς
3147 4148 3559 4221 φιλοφροσύνας
3608 4145 4025 4218 ἀπεμπολῶμεν

2418 4248 2507 4301 ἐπ’
2536 4246 2961 4302 ἀνταποδόσεσι.

2490 4341 2612 4413 Χρὴ
2647 4341 2755 4411 γὰρ
2787 4340 2922 4395 Θεὸν
2962 4338 3297 4411 θεραπεύειν
3347 4336 3554 4410 μᾶλλον
3598 4338 3632 4409 ἢ
3667 4335 4022 4409 ἀνθρώπους,

2419 4440 2515 4491 καὶ
2574 4440 2732 4507 παρὰ
2769 4436 2908 4489 Θεοῦ
2944 4437 3134 4507 ζητεῖν
3191 4433 3564 4489 ἀνταπόδοσιν
3614 4430 3728 4504 (56)
3786 4432 3819 4503 ἢ
3873 4432 4025 4501 παρά

2418 4530 2749 4603 ἀνθρώπων.
2784 4530 3067 4601 Προσηκει
3093 4529 3149 4583 δὲ
3192 4529 3290 4583 καὶ
3315 4530 3409 4582 τὸν
3446 4526 3827 4598 πνευματικὸν
3876 4526 4025 4579 ἑστι-

697 4620 913 4675 ritualis
940 4621 1265 4676 convivator
1298 4637 1573 4692 pauperes
1598 4630 1893 4685 convocet,
1927 4622 2022 4690 qui
2056 4621 2313 4677 videlicet
2348 4619 2389 4673 D
2420 4628 2449 4682 ἀ

2267 4633 2313 4677 El
2348 4619 2389 4673 D
2420 4628 2596 4699 ἀτορα
2622 4626 2923 4696 συγκαλεῖν
2953 4630 3085 4689 τοὺς
3123 4626 3181 4680 ὲν
3214 4624 3422 4697 ἀπορίᾳ
3450 4622 3714 4691 γνώσεως
3743 4622 4019 4690 πτωχοὺς,

697 4714 928 4770 scicntia
985 4714 1253 4785 indigent,
1304 4714 1515 4770 debiles
1589 4714 2020 4785 praecordiorum
2077 4716 2313 4771 dissolu-

697 4810 868 4873 tione,
922 4819 978 4863 et
1020 4808 1113 4879 qui
1168 4810 1221 4863 in
1258 4812 1437 4864 activa
1470 4808 1579 4863 vita
1623 4808 1803 4863 claudi
1834 4818 1983 4873 sunt,
2024 4819 2078 4863 et
2115 4810 2207 4879 qui
2257 4809 2312 4863 in

694 4902 1129 4973 contemplativa
1183 4904 1314 4958 eieci
1356 4919 1373 4958 :
1410 4918 1537 4957 nam
1573 4902 1665 4973 qui
1700 4902 1836 4957 tales
1869 4918 1978 4956 non
2015 4913 2169 4969 sunt,
2209 4903 2313 4958 hoc

694 4996 954 5050 convivio
1002 5010 1113 5050 non
1150 4995 1419 5067 indigent.

767 5090 806 5159 -ί-
862 5087 1149 5159 Siquidem
1182 5088 1274 5160 qui
1308 5089 1695 5160 pusillanimes
1740 5099 1890 5152 sunt,
1925 5098 2126 5143 vocant
2172 5089 2312 5143 ami-

697 5198 793 5239 cos
841 5192 897 5239 et
941 5185 1165 5251 fratres,
1206 5193 1475 5257 cognatos
1507 5199 1573 5240 ac
1602 5184 1815 5241 vicinos
1844 5183 2061 5250 divites,
2113 5193 2174 5239 ut
2199 5184 2310 5239 cito

690 5280 761 5333 ah
802 5278 885 5334 eis
933 5279 1037 5335 sibi
1115 5280 1455 5351 rependatur
1503 5298 1517 5334 :
1563 5279 1658 5351 qui
1718 5295 1851 5336 vero
1917 5295 2118 5352 magno
2176 5288 2308 5335 sunt

691 5374 903 5438 animo,
960 5375 1124 5448 longe
1193 5376 1489 5433 honestius
1532 5391 1595 5432 ac
1656 5374 2117 5431 honorificentius
2166 5388 2309 5446 ope-

2415 4723 2512 4775 καὶ
2547 4724 2675 4785 τοὺς
2698 4724 2757 4775 ἐν
2784 4720 3105 4792 παραλύσει
3142 4720 3359 4793 φρενῶν
3389 4721 3739 4789 ἀναπήρους,
3772 4718 3867 4771 καὶ
3897 4719 4023 4780 τοὺς

2414 4820 2475 4870 ὲν
2503 4818 2570 4887 τῇ
2608 4819 2894 4888 πρακτικῇ
2928 4814 3167 4884 χωλοὺς,
3206 4815 3299 4867 καὶ
3335 4814 3464 4877 τοὺς
3499 4814 3561 4866 ἐν
3593 4816 3660 4883 τῇ
3702 4813 4020 4883 θεωρητικῇ

2413 4911 2655 4981 τυφλούς
2678 4927 2689 4939 ·
2721 4910 2771 4964 οἱ
2800 4911 2879 4982 μὴ
2907 4909 3147 4980 τοιοῦτοι
3197 4909 3307 4980 γὰρ
3340 4909 3443 4963 οὐκ
3466 4907 3781 4962 ὲπιδέονται
3801 4906 4020 4961 τούτου.

2484 5087 2525 5157 -ξο
2559 5085 2599 5157 -ι-
2643 5086 2798 5139 Ἐπεὶ
2830 5086 2880 5137 οἱ
2913 5082 3027 5155 (57)
3064 5083 3166 5155 μιν
3197 5081 3532 5154 μικρόψυχοι
3564 5079 3797 5135 καλοῦσι
3830 5078 4019 5151 φίλους

2412 5183 2508 5236 καὶ
2533 5181 2826 5249 ἀδελφοὺς,
2851 5181 3143 5249 συγγενεῑς
3174 5177 3267 5233 καὶ
3298 5176 3551 5245 γείτονας
3585 5174 3905 5254 πλουσίους,
3930 5172 4018 5227 διὰ

2409 5277 2512 5348 τὴν
2544 5279 2602 5329 ἐν
2635 5275 2713 5344 τῷ
2742 5274 2993 5346 παρευΟὺ
3040 5274 3237 5344 χάριν
3274 5274 3325 5326 οι
3360 5273 3420 5327 δὲ
3472 5270 3849 5343 μεγαλόψυχοι
3882 5268 4018 5323 πολὺ

2410 5372 2634 5427 κάλλιον
2665 5373 2762 5425 κα)⁵
2792 5368 3141 5443 ἐνδοξότερον
3171 5368 3531 5440 ἐργάζονται,
3560 5366 3590 5422 δ
3611 5365 3815 5432 ἔδειξεν
3841 5367 3871 5420 ὁ
3909 5364 4020 5419 Κύ-

1935 5561 2134 5625 νοτὶω
2166 5558 2477 5623 lectiones
2514 5564 2575 5620 et
2608 5567 2798 5621 notua.

760 5743 878 5815 (53)
932 5743 1126 5812 Πάσης
1162 5740 1380 5815 videtur
1409 5739 1608 5811 legisse
1634 5738 1965 5795 lientenius.
2011 5734 2152 5811 Ergo
2190 5737 2313 5809 ejus

687 5814 1075 5883 interpretatio
1104 5814 1402 5869 claudicat.

757 5882 873 5959 (54)
928 5887 1241 5951 ’Υπόθεσιζ.
1280 5884 1335 5938 Β.
1381 5882 1539 5959 Male.

757 5954 872 6035 (55)
940 5960 1219 6027 Παιδείας,
1250 5973 1351 6030 pro
1384 5956 1591 6027 φιλίας.
1630 5954 1696 6010 Α,

2492 5734 2607 5804 (56)
2636 5734 2860 5790 Μᾶλλον

2487 5809 2602 5879 (57)
2642 5808 2757 5863 lioc
2781 5806 3282 5879 scholiumlieuter
3317 5820 3565 5879 meorum
3602 5802 3875 5879 agnoscit.
3907 5798 4017 5857 Lc-

2413 5874 2618 5955 guntu'r
2651 5880 2852 5936 similia
2887 5880 3033 5951 apud
3058 5876 3541 5951 Theophylactum
3575 5874 3793 5950 p.155.
3834 5877 3900 5930 Α.
