4436 6450
735 385 874 451 1015

1974 384 2291 446 EUTHYM
2304 384 2362 443 II
2434 382 2608 443 ZlGA
2621 383 2800 443 BENI

3889 382 4028 451 10i6

734 515 817 557 ter
882 504 1283 557 recusationem
1350 504 1569 559 illorum
1626 503 1924 573 ignoraret,
1967 504 2061 558 sed
2104 513 2327 573 prapter
2358 506 2402 561 Α
2432 518 2486 553 το

2277 518 2327 556 er
2358 506 2402 561 Α
2432 501 2524 554 τοῦ
2562 502 2775 571 Πατρδς
2812 502 2909 569 τὴν
2971 501 3305 570 παραίτησιν
3355 500 3560 566 αὐτῶν,
3605 500 3744 555 ἀλλά
3801 502 3892 557 διά
3928 506 4029 573 τὴν

731 596 1005 665 parabolae
1028 597 1483 665 consequentiam
1520 612 1534 647 :
1572 595 1741 649 moris
1774 595 1920 648 enim
1958 595 2023 648 iis
2076 605 2181 659 est,
2232 595 2323 663 qui

728 687 796 739 ad
831 689 1132 741 vocandum
1170 688 1383 758 aliquos
1431 687 1618 743 emissi
1665 698 1815 751 sunt,
1865 688 2069 742 reverti
2129 703 2193 742 ac
2240 703 2323 742 re-

729 780 985 833 nuntiare
1020 781 1088 834 de
1134 780 1261 834 illis.

800 871 955 926 Vers.
998 872 1089 927 ‘21.
1133 872 1277 926 Tunc
1311 901 1379 913 —
1403 881 1523 924 huc.
1557 870 1660 937 Qui
1698 881 2116 933 recusaverunt,
2158 881 2322 926 erant

726 961 1021 1028 pontifices
1061 974 1116 1017 et
1157 963 1363 1018 Scriba:
1392 978 1456 1016 ac
1498 963 1782 1028 Pharisaei,
1814 974 1868 1018 et
1904 964 2107 1032 quique
2156 964 2325 1018 hono-

725 1054 960 1108 ratiores
993 1056 1175 1125 papuli
1203 1072 1232 1108 ~:
1288 1055 1341 1108 hi
1370 1072 1522 1119 vero,
1569 1057 1662 1125 qui
1722 1057 1843 1110 loco
1880 1056 2097 1111 illorum
2132 1056 2323 1112 intro-

721 1144 867 1199 ducti
899 1156 1046 1206 sunt.
1080 1161 1403 1203 communes
1430 1157 1484 1202 et
1513 1146 1709 1217 abjecti
1747 1162 1810 1202 ac
1838 1147 2036 1217 plebeii
2066 1164 2080 1212 ;
2113 1148 2204 1217 qui
2236 1149 2323 1218 ju-

721 1239 976 1291 dicantur
1012 1254 1041 1293 a
1085 1239 1365 1309 prioribus
1422 1256 1696 1310 pauperes
1753 1255 1815 1295 ac
1853 1240 2083 1313 debiles,
2142 1240 2319 1296 claudi

718 1342 773 1384 et
810 1331 963 1396 caeci,
1008 1336 1199 1402 utpote
1233 1332 1579 1403 incompositi
1612 1339 1672 1387 et
1711 1331 1942 1395 indocti,
2003 1332 2096 1402 qui
2136 1333 2322 1402 potius

716 1421 938 1477 Christo
973 1424 1192 1478 docenti
1248 1426 1598 1480 obedierunt.
1641 1425 1737 1479 Vel
1787 1426 1949 1479 etiam
2000 1426 2068 1479 de
2110 1424 2175 1478 iis
2226 1425 2319 1495 qui

716 1514 1073 1571 sensibilihus
1106 1518 1421 1586 hujusmodi
1456 1518 1840 1573 atl'ectionibus
1867 1528 2029 1573 erant
2066 1518 2318 1585 obnoxii,

715 1604 957 1675 intellige
992 1627 1003 1660 ;
1047 1607 1141 1676 qui
1175 1608 1244 1661 ab
1271 1608 1352 1663 eis
1385 1609 1624 1675 liberati,
1659 1626 1755 1679 per
1813 1611 1974 1665 fidem
2018 1609 2315 1664 introducti

716 1709 845 1752 sunt
873 1700 942 1753 ad
975 1699 1177 1754 dictam
1211 1699 1555 1756 fruitionem.

786 1883 864 1952 Ἠ-
916 1884 1079 1939 Pater
1112 1884 1279 1954 igitur
1321 1884 1473 1938 misit
1506 1882 1702 1938 Filium
1732 1927 1746 1949 ,
1788 1884 1960 1939 Filius
2008 1902 2136 1940 vero
2180 1900 2312 1955 apo-

714 1976 907 2030 stolos.
966 1976 1114 2029 Dixit
1162 1976 1367 2030 enim:
1419 1975 1588 2031 Sicuti
1653 1994 1733 2029 me
1797 1978 1987 2032 misisti
2046 1980 2100 2031 in
2160 1995 2313 2033 mun-

712 2071 862 2137 dum,
900 2086 993 2140 ego
1024 2069 1184 2122 etiam
1204 2085 1291 2122 eos
1323 2069 1445 2122 miri
1465 2070 1517 2121 in
1546 2064 1802 2122 mundum
1832 2071 1874 2125 '.

785 2264 943 2318 Vers.
1010 2264 1099 2318 92.
1132 2264 1196 2318 Et
1240 2266 1535 2320 ait—est.
1572 2264 1862 2319 llumanus
1916 2278 1981 2317 ac
2040 2265 2312 2335 benignus

713 2371 897 2411 sermo
927 2366 1033 2419 est,
1074 2371 1379 2427 suggerens
1417 2356 1583 2411 etiam
1615 2356 1683 2409 de
1717 2355 1999 2425 gentibus.

783 2449 939 2505 Vers.
984 2449 1076 2503 25.
1116 2448 1370 2519 Dixitque
1424 2480 1493 2489 —
1529 2452 1752 2503 intrare.
1813 2448 1922 2504 Vise
1964 2460 2095 2505 sunt
2154 2452 2312 2505 habi-

711 2542 949 2596 tationes
1000 2542 1271 2612 gentium,
1340 2552 1533 2612 utpote
1598 2557 1710 2596 non
1786 2542 2014 2596 munitae
2081 2543 2198 2614 lege
2249 2560 2314 2600 ac

708 2636 894 2691 divina
953 2637 1232 2699 custodia,
1282 2653 1381 2691 seu
1449 2637 1789 2698 visitationc,
1840 2637 1982 2691 sicut
2048 2638 2313 2693 habitatio

707 2728 1060 2795 Judazornm;
1116 2730 1198 2785 vel
1242 2742 1500 2799 tanquam
1532 2747 1560 2783 a
1620 2730 1964 2786 damonibns
2018 2738 2315 2791 conculca-

708 2836 797 2879 tae.
869 2825 1134 2881 Similiter
1196 2835 1253 2879 et
1338 2840 1529 2894 sepes,
1614 2834 1874 2893 tanquam
1964 2839 2310 2896 peccatorum

705 2919 881 2988 Spillis
923 2922 1183 2986 stipatae;
1238 2919 1323 2973 vel
1363 2930 1625 2989 tanquam
1664 2918 1955 2973 circuitum
2008 2921 2131 2992 igne
2194 2924 2307 2995 dig-

702 3028 833 3065 num
868 3013 1158 3068 habentes.

775 3106 909 3176 Cngi
944 3122 1074 3162 vero
1098 3107 1263 3177 jussit
1306 3124 1422 3171 eos.
1462 3114 1554 3181 qui
1602 3129 1669 3168 ex
1702 3116 1961 3185 gentibus
1988 3124 2167 3179 erant,
2197 3129 2307 3168 non

2432 590 2758 643 ἀκολουθίαν
2787 590 2888 659 τῆς
2929 590 3266 660 παραϐολῆς.
3305 589 3417 643 Καὶ
3448 590 3558 660 γὰρ
3591 589 3713 654 ἔθος
3738 594 3854 654 τοῖς
3884 595 4027 646 ἀπο-

2436 684 2812 750 στελλομένοις
2843 685 2924 746 είς
2962 683 3022 736 τὸ
3057 682 3287 736 καλέσαι
3320 684 3499 747 τινὰς,
3530 684 3905 755 ὑποστρέφειν
3929 686 4027 739 καὶ

2428 775 2803 843 ἀπαγγέλλειν
2838 776 2969 845 περὶ
3004 775 3210 828 αὐτῶν.

2506 869 2645 919 Τότε
2688 895 2758 905 -
2790 860 2926 920 ὧδε.
2993 867 3223 919 Ἐκεῖνοι
3288 865 3387 936 μὶν
3443 869 3495 920 οἱ
3550 866 4026 937 παραιτησάμενοι

2427 956 2569 1032 ἦσαν
2601 960 2651 1013 οἱ
2687 960 2970 1031 ἀρχιερεῖς
2998 960 3096 1012 καὶ
3152 958 3515 1030 Γραμματεῖς
3566 961 3663 1015 καὶ
3711 962 4023 1030 Φαρισαῖοι,

2431 1054 2525 1106 καὶ
2551 1055 2667 1106 ὅσοι
2692 1053 3017 1121 τιμιώτεροι
3061 1050 3157 1105 τοῦ
3187 1052 3475 1121 πλήθους·
3507 1048 3659 1108 οὗτοι
3704 1054 3785 1118 δὶ,
3821 1055 3872 1105 οῖ
3908 1054 4023 1106 ἀντ’

2426 1141 2654 1194 ἐκείνων
2684 1139 3055 1209 εἰσαγόμενοι,
3090 1139 3230 1192 είσῖν
3263 1141 3313 1193 oi
3342 1141 3511 1195 κοινοὶ
3538 1141 3633 1196 καὶ
3654 1141 3903 1211 ἀγελαῖοι
3929 1140 4024 1193 καὶ

2425 1232 2715 1304 δημώδεις,
2751 1233 2963 1301 πτωχοὶ
3011 1232 3105 1285 καὶ
3141 1233 3419 1304 ἀνάπηροι
3452 1235 3546 1287 καὶ
3591 1234 3756 1304 χωλοὶ
3801 1236 3895 1288 καὶ
3924 1250 4025 1286 τυ-

2428 1328 2550 1397 φλοὶ
2582 1324 2869 1387 δοκοῦντες
2894 1324 3264 1388 ἒκείνοις,,ὡς
3323 1325 3563 1394 ἀμαθεῖς
3607 1327 3700 1380 καὶ
3742 1325 4020 1388 ἀσύνετοι,

2424 1421 2621 1480 οἵτινες
2664 1416 2869 1486 μᾶλλον
2902 1416 3184 1470 ἐπείθοντο
3211 1417 3522 1471 διδάσκοντι
3542 1416 3620 1487 τῷ
3670 1414 3916 1487 Χριστῷ.
3952 1417 4023 1468 ’Ίί

2425 1514 2519 1566 καὶ
2545 1511 2675 1582 περὶ
2708 1510 2820 1563 τῶν
2847 1510 3238 1579 κατεχομένων
3270 1512 3537 1572 τοιούτοις
3565 1509 3801 1563 πάθεσιν
3833 1507 4023 1577 αἰσθη-

2421 1609 2534 1670 τοῖς
2568 1604 2729 1658 τοῧτο
2764 1608 2958 1675 νόησον
2986 1619 2999 1634 ⁸
3030 1603 3085 1674 ἢ,
3118 1604 3193 1665 οἳ,
3222 1602 3431 1657 τούτων
3461 1602 3898 1669 ἀπαλλαγέντες,
3934 1598 4023 1652 διὰ

2423 1700 2660 1763 πίστεως
2703 1699 3046 1769 εἰσήχθησαν
3106 1698 3185 1759 είς
3242 1696 3343 1764 τὴν
3406 1694 3816 1764 προρρηθεῖσαν
3888 1690 4024 1745 ἀπό-

2420 1794 2631 1848 λαυσιν.

2489 1886 2585 1959 [⁸0
2618 1888 2720 1958 μὲν
2756 1886 2868 1958 (6.1)
2903 1884 2995 1939 οὖν
3025 1881 3217 1952 Πατὴρ
3254 1878 3547 1936 ἀπέστειλε
3586 1878 3679 1931 τὸν
3714 1877 3844 1930 Υίόν
3870 1892 3887 1910 ο
3913 1878 3941 1931 ὁ
3966 1875 4023 1929 δὲ

2420 1982 2547 2043 Υἱὸς
2576 1982 2703 2044 τοὺς
2741 1978 3099 2041 ἀποστόλους.
3138 1975 3350 2044 Εἴρηκε
3377 1974 3489 2042 γάρ
3512 1988 3524 2003 ο
3553 1972 3638 2025 ὅτι
3666 1970 3873 2036 Καθὼς
3915 1968 4023 2039 ἐμὲ

2416 2072 2789 2137 ἀπέστειλας
2821 2073 2909 2136 εὶς
2938 2069 3046 2121 τὸν
3076 2069 3333 2136 κόσμον,
3359 2063 3523 2134 κάγὼ
3546 2062 3883 2118 ἀπέστειλα
3910 2061 4020 2116 αὐ·

2418 2165 2560 2232 τοὺς
2592 2167 2681 2229 εἱς
2722 2165 2831 2216 τὸν
2860 2158 3153 2232 κόσμον.]

2488 2259 2595 2315 Καὶ
2628 2254 2800 2313 εἶπεν
2827 2286 2899 2297 ——
2949 2256 3105 2310 ἐστί.
3150 2252 3548 2323 Φιλάνθρωπος
3584 2254 3611 2304 ὁ
3665 2250 3847 2319 λόγος,
3882 2249 4020 2302 ὐποο

2420 2355 2751 2425 μιμνήσκων
2782 2353 2878 2406 καὶ
2907 2351 3040 2420 περὶ
3071 2349 3183 2403 τῶν
3210 2348 3405 2405 ἐθνῶν.

2489 2445 2599 2499 Καὶ
2624 2439 2795 2498 εἶπεν
2830 2473 2894 2485 -
2922 2440 3247 2497 εἱσελθεῖν.
3289 2439 3430 2493 Ὀδοί
3464 2442 3602 2493 εἰσιν
3644 2438 3698 2491 αἱ
3743 2435 4018 2491 κατοικίαι

2417 2540 2525 2593 τῶν
2554 2537 2749 2599 ἐθνῶν,
2789 2536 2862 2600 ὡς
2924 2536 3000 2607 μὴ
3043 2535 3457 2605 τετειχισμέναι
3516 2534 3595 2605 τῷ
3642 2534 3796 2605 νόμῳ
3822 2532 3918 2585 καὶ
3951 2534 4019 2601 τῇ,

2419 2633 2697 2701 ἐπισκοπῇ
2730 2629 2825 2683 τοῦ
2850 2630 3012 2694 Θεοῦ,
3040 2628 3300 2699 καθάπερ
3334 2630 3366 2698 ἡ
3409 2628 3520 2681 τῶν
3581 2626 3882 2693 Ἰουδαίων,
3927 2624 4021 2677 καὶ

2417 2726 2493 2787 ὡς
2534 2722 3075 2792 καταπεπατημέναι
3104 2724 3221 2784 τοῖς
3269 2719 3526 2789 δαίμοσιν
3554 2735 3566 2748 ’
3595 2720 3801 2791 ὁμοίως
3831 2719 3887 2773 δὲ
3922 2717 4020 2770 καὶ

2419 2816 2691 2888 φραγμοὶ,
2732 2818 2807 2880 ὼς
2836 2816 3228 2886 πεφραγμέναι
3262 2817 3381 2879 ταῖς
3406 2814 3678 2876 ἀκάνθαις
3704 2816 3806 2885 τῆς
3833 2813 4019 2884 ἀμαρ-

2416 2915 2557 2978 τίας,
2588 2914 2679 2965 καὶ
2706 2912 2780 2976 ὼς
2820 2910 2993 2981 πυρὸς
3019 2911 3171 2978 ἀξιον
3200 2924 3265 2962 πε
3278 2909 3493 2980 ρί6ολον
3524 2910 3780 2980 ἔχουσαι.

2502 3104 2842 3175 Ἀναγκάσαι
2874 3103 2931 3157 δὲ
2981 3102 3109 3165 τοὺς
3165 3101 3223 3168 ἐξ
3275 3099 3449 3155 ἐθνῶν
3513 3099 3823 3167 ἐκέλευσεν,
3864 3099 3926 3152 οὐ
3956 3097 4018 3153 τὺ

703 3202 849 3270 quod
886 3201 1210 3255 violentiam
1253 3202 1447 3257 inferri
1520 3208 1868 3277 praeceperit,
1915 3208 2011 3263 sed
2045 3207 2303 3263 subindi-
2334 3198 2376 3257 C
2416 3202 2446 3272 β

2261 3207 2303 3261 i-
2334 3198 2376 3257 C
2416 3200 2703 3272 βιάζεσθαι
2766 3196 3196 3269 παραγγέλλων,
3247 3193 3371 3248 ἀλλ’
3426 3192 3737 3263 ὑποδηλῶν,
3774 3194 3857 3245 ὅτι
3903 3192 4013 3265 χρὴ

702 3309 860 3356 cans,
899 3295 1045 3364 quod
1082 3296 1554 3352 vehementiorem
1582 3316 1647 3355 ac
1675 3303 2117 3356 constantiorem
2144 3301 2306 3356 adhi-

703 3388 819 3442 beri
852 3388 1304 3457 praedicationem
1342 3391 1425 3446 eis
1457 3404 1735 3463 Oporteat,
1793 3403 1985 3465 utpote
2028 3393 2247 3451 fortiter
2277 3411 2306 3449 a

700 3485 1046 3541 daemonibus
1063 3488 1327 3553 detentis,
1351 3499 1403 3545 et
1432 3491 1484 3545 in
1504 3492 1793 3561 profundis
1822 3493 2029 3549 erroris
2056 3493 2309 3549 tenebris

699 3578 1126 3633 dormientibus.

773 3669 929 3724 Vers.
968 3670 1061 3726 9.3.
1099 3672 1159 3726 Ut
1189 3701 1259 3712 —-
1292 3690 1431 3727 mea.
1468 3674 1763 3732 Vultcnim
1786 3694 1980 3735 omnes
2007 3679 2302 3744 introduci,

696 3770 924 3831 propter
964 3763 1265 3817 immensas
1294 3779 1407 3819 suae
1434 3766 1699 3823 bonitatis
1722 3769 1964 3825 divitias.

774 3857 927 3910 V'ers.
967 3856 1056 3911 24.
1106 3856 1233 3912 Dico
1274 3878 1597 3917 --ειιιηιιηι⁸
1654 3864 1724 3920 Ut
1772 3866 1865 3935 qui
1922 3867 2307 3923 inobedientes

697 3950 945 4013 fuerunt,
974 3965 1039 4004 ac
1071 3951 1416 4006 vocationem
1467 3954 1582 4008 sive
1606 3957 2053 4025 pradicationem
2081 3976 2307 4031 spreve-

697 4052 845 4097 runt.
894 4042 977 4098 Ob
1020 4044 1169 4100 hunc
1216 4062 1349 4118 ergo
1375 4063 1694 4104 sermonem
1722 4059 1834 4105 tota
1869 4054 2126 4122 parabola
2154 4070 2303 4110 com-

692 4138 872 4208 posita
932 4149 1035 4205 est,
1089 4144 1562 4211 quemadmodum
1621 4147 1674 4199 in
1720 4148 1997 4218 principio
2049 4150 2169 4220 ejus
2220 4151 2305 4207 di-

692 4246 897 4285 xmtus.

765 4323 920 4381 Vcrs.
974 4328 1063 4381 23.
1108 4329 1267 4383 Ibant
1319 4360 1385 4371 ——
1443 4332 1619 4386 multi.
1682 4333 1803 4389 Alio
1847 4334 2103 4391 videlicet
2156 4347 2298 4393 tem-

688 4431 846 4486 pore.

763 4509 919 4565 Vers.
948 4512 1040 4564 ‘25.
1069 4514 1134 4566 Et
1162 4531 1442 4568 conuersus
1483 4545 1551 4556 —
1588 4518 1735 4571 Vers.
1780 4520 1871 4573 26.
1904 4538 2015 4573 esse
2069 4524 2298 4593 discipu-

2325 4565 2376 4625 D

2414 3291 2820 3363 συντονώτερον
2875 3292 2935 3342 ὲν
2988 3288 3203 3352 τούτοις
3250 3287 3315 3341 τὸ
3371 3288 3641 3358 κήρυγμα
3688 3289 3865 3340 ποιεῖν
3920 3287 4017 3339 καὶ

2413 3384 2846 3455 ἐπιμονώτερον,
2878 3383 2953 3447 ὡς
2984 3380 3230 3454 ἰσχυρῶς
3255 3378 3363 3434 ὑπὸ
3394 3380 3501 3434 τῶν
3534 3380 3816 3451 δαιμόνων
3847 3397 4018 3433 κατεο

2414 3478 2686 3550 χομένοις,
2718 3478 2814 3531 καὶ
2839 3476 2947 3531 ὑπὸ
2974 3474 3133 3543 βαθεῖ
3167 3475 3350 3540 σκότῳ
3381 3476 3485 3546 τῆς
3544 3475 3768 3547 ἀπάτης
3819 3474 4016 3528 καθεύ-

2409 3572 2614 3626 δουσιν.
3887 3553 3897 3564 ’

2485 3670 2623 3723 Ἵνα
2658 3698 2728 3707 -
2759 3684 2903 3737 μου.
2945 3664 3207 3727 Βούλεται
3257 3674 3368 3736 γαρ
3430 3664 3644 3728 πάντας
3689 3662 4015 3733 εἰσαχθῆναι

2410 3764 2499 3820 διὰ
2532 3765 2626 3818 τὸν
2655 3763 2889 3834 ἄπειρον
2918 3761 3156 3815 πλοῦτον
3178 3760 3281 3831 τῆς
3314 3760 3485 3814 αὐτοῦ
3516 3758 3881 3829 ἀγαθότητος.

2484 3855 2649 3927 Λέγω
2676 3885 2744 3896 --—
2776 3855 3055 3909 δείπνου.
3099 3851 3187 3917 Ὠς
3222 3852 3650 3922 ἀπειθησάντων
3683 3852 3777 3904 καὶ
3802 3848 4016 3916 ἐξουδε-

2410 3953 2704 4008 νωσάντων
2729 3951 2829 4025 τὴν
2860 3950 3080 4021 κλῆσιν,
3105 3950 3251 4022 ἦτοι,
3270 3948 3331 4001 τὸ
3356 3948 3648 4019 κήρυγμα.
3681 3946 3780 4000 Διά
3812 3945 4005 3998 τοῦτον

2410 4048 2504 4103 οὖν
2542 4046 2819 4115 τὸνλόγον
2872 4047 2906 4117 ἡ
2943 4044 3040 4116 ὅλη
3083 4042 3379 4116 παραδολὴ
3404 4040 3691 4110 συνετέθη,
3726 4038 3914 4103 καθὼς
3951 4042 4015 4093 έν

2408 4145 2554 4217 ἀρχῇ
2585 4141 2793 4211 ταύτης
2828 4139 3160 4211 εἰρήκαμεν.

2477 4333 2970 4401 Συνεπορεύοντο
3000 4357 3069 4369 ——
3120 4328 3362 4383 πολλοι.
3409 4326 3497 4381 Ἐν
3555 4325 3731 4398 ἑτέρῳ
3764 4326 4013 4397 δηλονότι

2406 4449 2607 4484 καιοω.

2475 4449 2500 4483 ι
2592 4469 2607 4483 .

2475 4447 2587 4578 121
2617 4520 2912 4591 στραφεὶς
2939 4519 3057 4592 (65)
3088 4549 3159 4560 -
3180 4521 3460 4590 μαθητὴς
3502 4516 3679 4577 εἶναι.
3719 4518 3887 4581 Εἰδὼς
3916 4517 4011 4571 αύο

688 4603 794 4655 his.
833 4602 1056 4666 Sciens,
1103 4604 1255 4674 ipsos
1300 4609 1522 4676 quidem
1558 4612 1715 4681 sequi
1779 4612 1937 4677 velle,
1963 4629 2089 4670 cum
2116 4627 2297 4673 tamen
2326 4602 2375 4625 ν
2404 4634 2436 4671 τ

2256 4636 2297 4673 :n
2326 4602 2375 4625 ν
2404 4616 2536 4680 τοὺς
2562 4615 2828 4678 θέλοντας
2867 4614 2969 4686 μὲν
3004 4614 3331 4668 ἀκολουθεῖν
3384 4615 3559 4687 αύτῷ,
3603 4613 4008 4684 κατεχομένους

687 4696 927 4750 vinculis
959 4697 1222 4753 amicitiae
1254 4699 1319 4754 ad
1347 4701 1667 4772 huiusmodi
1698 4721 1963 4775 personas
1991 4710 2301 4767 retineren-

687 4796 798 4849 tur,
834 4787 1131 4843 manifeste
1164 4800 1526 4860 protestatur,
1557 4796 1703 4864 quod
1739 4797 1990 4868 quisquis
2013 4800 2081 4855 ad
2114 4816 2173 4856 se
2202 4817 2301 4871 per

2402 4709 2461 4763 δὲ
2482 4711 2596 4774 τοῖς
2628 4708 2856 4779 δεσμοῖς
2910 4708 3011 4779 τῆς
3067 4708 3210 4781 πρὸς
3260 4707 3331 4762 τά
3373 4708 3693 4780 δηλωθέντα
3733 4708 4009 4779 πρόσωπα

2406 4802 2667 4873 σχέσεως,
2736 4800 3183 4874 διαμαρτύρεται
3244 4803 3526 4873 φανερῶς,
3583 4803 3667 4855 ὅτι
3698 4804 3853 4864 ὅστις
3897 4802 4009 4854 τῶν

686 4881 850 4935 ﬁdem
879 4882 1053 4947 venit,
1088 4899 1193 4937 nec
1244 4887 1538 4955 praedictas
1588 4888 1705 4943 odit
1752 4906 2037 4961 personas,
2074 4909 2199 4949 cum
2229 4896 2296 4951 ad
2400 4899 2438 4954 δι

2252 4896 2296 4951 ιι1
2400 4898 2490 4954 διὰ
2520 4900 2758 4962 πίστεως
2788 4899 3105 4970 ἐρχομένων
3142 4895 3281 4970 πρὸς
3337 4899 3505 4952 αὑτὸν
3535 4898 3595 4953 οὐ
3638 4900 3793 4969 μισεῖ
3821 4898 3887 4950 τὰ
3921 4900 4004 4950 ei-

683 4972 1046 5027 dilectionem
1084 4990 1212 5045 erga
1246 4975 1415 5032 Deum
1460 4980 1565 5036 sibi
1607 4981 1811 5036 fuerint
1876 4985 2294 5057 impedimento,

2405 4995 2621 5066 ρημένα
2651 4992 2947 5064 πρόσωπα,
3003 4993 3137 5047 ὅταν
3178 4991 3523 5062 ὲμποδίζωσι
3577 4991 3720 5063 πρὸς
3778 4991 3880 5060 τὴν
3925 4994 4006 5055 είς

682 5073 737 5117 et
774 5066 842 5119 ad
893 5066 999 5120 iter
1029 5068 1097 5123 ad
1130 5068 1411 5125 Christum
1440 5092 1453 5129 ;
1480 5074 1565 5128 vel
1598 5078 1742 5146 quod
1767 5075 2017 5135 inﬁdeles
2049 5080 2178 5147 sint,
2210 5084 2296 5137 vel
2397 5088 2434 5141 Θ

2250 5084 2296 5137 el
2397 5088 2534 5142 Θεὸν
2559 5088 2786 5158 ἀγάπην
2816 5086 3079 5160 καὶπρὸς
3128 5086 3225 5158 τὴν
3274 5086 3419 5141 κατὰ
3451 5087 3695 5159 Χριστὸν
3747 5086 4002 5157 πορείαν,

678 5162 828 5227 quod
866 5163 1145 5217 mundana
1198 5166 1444 5233 sapiant,
1483 5184 1593 5223 non
1637 5182 1823 5239 potest
1850 5172 2025 5243 ipsius
2056 5190 2180 5231 esse
2216 5177 2296 5231 di-

680 5256 949 5326 scipulus.
991 5257 1283 5329 Siquidem
1320 5262 1411 5332 qui
1439 5263 1547 5317 illis
1596 5266 1809 5333 obedit,
1842 5267 2065 5323 Christo
2099 5269 2293 5325 inobe-

680 5352 841 5406 diens
869 5363 990 5416 est;
1016 5355 1362 5428 illi'namque
1394 5360 1691 5416 carnaliter
1720 5378 1845 5417 cum
1872 5365 2055 5420 vivere
2081 5365 2288 5432 volunt,

677 5447 797 5517 ipse
824 5464 954 5504 vero
984 5451 1351 5521 spiritualiter
1379 5472 1507 5510 eum
1540 5460 1856 5514 «universari
1890 5460 2070 5516 docet.
2097 5460 2284 5516 Hono-

781 5591 803 5620 ‘
848 5586 1005 5644 Joan.
1068 5607 1201 5655 xvn,
1250 5592 1332 5647 l8.

2397 5183 2430 5254 ἢ
2458 5184 2682 5238 ἄπιστοι
2718 5183 2895 5250 ὄντες,
2927 5180 2961 5253 ἢ
2998 5181 3243 5252 κοσμικά
3277 5178 3630 5251 φρονοῦντες,
3682 5180 3744 5234 οὐ
3774 5178 4000 5233 δύναται

2396 5275 2564 5329 αὐτοῦ
2626 5272 2882 5345 μαθητὴς
2933 5269 3097 5329 εἶναι.
3182 5272 3525 5344 Πειθόμενος
3574 5274 3685 5343 γὰρ
3741 5272 4001 5335 ἐκείνοις,

2395 5369 2689 5440 ἀπειθήσει
2747 5366 2919 5439 αύτῷ,
2960 5367 3097 5421 διότι
3142 5366 3301 5422 αὐτοὶ
3360 5366 3460 5438 μὲν
3524 5366 3810 5436 σαρκικῶς
3848 5364 4002 5435 βιοῦν

2399 5463 2562 5516 αὑτὸν
2593 5462 2864 5527 θέλουσιν,
2901 5460 3068 5523 αὐτὸς
3096 5459 3153 5513 δὲ
3210 5456 3606 5530 πνευματικῶς
3640 5456 3809 5511 αὐτὸν
3848 5454 3999 5509 πολι-

1870 5668 2067 5730 Variae
2112 5668 2435 5735 lectiones
2480 5677 2541 5733 et
2588 5678 2777 5733 notre.

706 5833 859 5979 εξὶιὲι)
886 5833 1020 5962 illaec
1051 5845 1283 5907 uterque
1346 5836 1398 5892 in
1462 5840 1727 5912 margine.
1791 5838 2097 5898 cht'n’us
2154 5857 2264 5898 non

820 5922 896 5963 sc:
931 5949 944 5963 .

669 5921 944 5963 HRDOSCIL

2451 5843 2564 5915 (65)
2592 5842 2858 5917 Στραφεὶς
2904 5860 3012 5901 non
3048 5847 3321 5918 expressit
3347 5842 3668 5905 Hentenius.
