4436 6450
447 394 582 462 1017

1404 400 1801 462 COMMENT.
1850 402 1932 460 ΙΝ
1976 401 2262 461 LUCAM.
2307 425 2375 436 —
2414 397 2575 460 CAP.
2613 396 2775 457 XIV.

3608 390 3745 455 1018

438 508 691 561 τεύεσθαι
726 508 992 565 διδάσκει.
1036 511 1309 582 Τιμητέον
1362 523 1462 583 μεν
1517 514 1613 565 καὶ
1667 512 1885 583 πατέρα
1943 513 2035 564 καί
2069 517 2112 570 Α
2143 528 2190 565 rat

1996 513 2035 563 ιὶ
2069 517 2112 570 Α
2143 511 2298 565 randi
2355 508 2631 579 siquidem
2684 514 2815 560 sunt
2862 512 3018 573 pater
3056 510 3105 558 et
3134 511 3331 567 mater,
3356 518 3550 558 verum
3600 504 3748 560 Deus

444 600 657 671 μητέρα
702 603 816 670 (66)
845 620 860 635 ο
898 606 1272 675 προτιμητέον
1294 606 1350 659 δὲ
1392 608 1573 660 αὐτῶν
1595 608 1687 658 τὸν
1712 607 1868 660 Θεόν.

510 692 606 744 Διά
637 692 749 744 τῶν
797 696 1189 764 γνησιωτέρων
1237 697 1294 748 δὲ
1329 698 1439 749 πᾶν
1478 698 1781 765 πρόσωπον
1813 698 2039 763 ἀγαπη-

438 783 528 834 τδν
556 784 830 853 ἐμφήνας,
878 787 1133 854 ἐπήγαγε
1173 788 1270 839 καὶ
1314 788 1375 838 τὸ
1427 788 1638 856 μεῖζον,
1688 788 1772 838 ὃτι
1810 788 1906 839 καί
1936 785 2038 855 τὴν

442 874 638 927 ἑαυτοῦ
703 876 905 947 ψυχὴν,
964 879 1243 942 τουτέστι,
1297 880 1391 931 καὶ
1442 880 1502 931 τὸ
1554 878 1750 931 ἑαυτοῦ
1796 877 2038 944 θέλημα,

439 965 569 1017 ὅταν
601 967 843 1019 ἐναντίον
897 970 983 1039 εἰη
1022 968 1101 1035 τῷ
1159 968 1427 1039 θελήματι
1477 969 1572 1021 τοῦ
1615 967 1777 1022 Θεοῦ.
1807 969 1901 1020 Δεῖ
1930 968 2039 1038 γὰρ

439 1057 530 1110 τὸν
574 1057 752 1128 ἀληθῆ
787 1058 1038 1131 μαθητὴν
1083 1060 1178 1114 τοῦ
1234 1061 1499 1132 Χριστοῦ,
1534 1060 1913 1129 άφιλόσαρκον
1945 1060 2040 1112 καὶ

441 1150 779 1222 ἀφιλόψυχον
810 1156 867 1206 έν
902 1157 1015 1218 τοίς
1044 1157 1450 1225 πνευματικοῖς
1481 1154 1695 1222 άγῶσιν
1734 1155 2033 1226 ὑπάρχειν.

513 1432 619 1484 Kal
647 1431 819 1497 ὅστις
839 1461 912 1473 -
936 1450 1058 1502 μου
1106 1433 1407 1501 μαθητής.
1435 1433 1627 1496 Ὅστις
1684 1434 1746 1486 οὐ
1773 1432 2044 1503 βαστάζει

440 1522 537 1577 ἐπὶ
592 1525 817 1594 μνήμης
848 1525 940 1577 τὸν
983 1526 1216 1579 θάνατον
1265 1526 1460 1579 αὑτοῦ.
1494 1527 1597 1579 Διὰ
1647 1525 1745 1581 τοῦ
1802 1526 2044 1595 σταυροῦ

439 1616 548 1683 γὰρ
578 1616 670 1665 τὸν
694 1615 929 1667 θάνατον
962 1616 1227 1687 ἐδήλωσε,
1254 1616 1392 1669 διότι
1434 1617 1558 1669 τότε
1590 1617 1835 1671 θανάτου
1867 1617 2045 1687 ὀργα-

441 1722 530 1758 νον
562 1701 630 1775 ἦν
657 1708 685 1759 ὁ
735 1708 990 1776 σταυρὸς,
1041 1709 1116 1773 ὡς
1156 1710 1249 1761 καὶ
1304 1712 1363 1761 ὲν
1414 1710 1491 1778 τῷ
1533 1710 1846 1779 τριακοστῷ
1876 1710 2046 1778 τρίτῳ

442 1798 723 1867 κεφαλαίῳ
764 1800 859 1853 τοῦ
894 1801 1040 1853 κατὰ
1064 1802 1351 1854 Ματθαίον
1381 1801 1494 1871 (67)
1520 1779 1799 1856 λέλεκται.
1849 1802 2046 1865 Ὅστις

441 1890 503 1941 οὺ
541 1890 803 1960 βαστάζει
835 1893 935 1963 τὴν
984 1895 1258 1964 νέκρωσιν
1286 1893 1479 1960 αὐτοῦ,
1517 1894 1665 1962 λέγω
1700 1894 1789 1965 δὴ,
1824 1895 1923 1965 τὴν
1947 1894 2047 1962 τῆς

442 1988 645 2055 σαρκὸς
678 1986 870 2049 αὐτοῦ,
902 1989 1001 2057 τὴν
1041 1989 1161 2041 καθ’
1184 1990 1407 2059 ἡδονήν.
1443 1990 1599 2042 Ἐπεὶ
1622 1990 1728 2058 δὲή
1756 1986 2048 2059 ἀποτροπὴ

440 2074 534 2126 τοῦ
572 2076 696 2128 καθ’
755 2078 951 2149 ἡδονὴν
990 2078 1131 2148 βίου,
1186 2080 1394 2148 τρόπον
1455 2080 1579 2131 τινὰ
1641 2080 1929 2149 προτροπή
1963 2080 2049 2141 τίς

444 2170 599 2221 ἐστιν
633 2171 713 2233 εἰς
740 2173 1008 2245 ¹ἐπίπονον
1040 2173 1354 2238 πολιτείαν,
1390 2174 1811 2243 παραμυθεῖται
1846 2172 1941 2225 καὶ
1971 2172 2050 2224 δι-

438 2262 632 2315 δάσκει
667 2264 756 2317 διὰ
792 2267 1275 2338 παραδείγματος,
1300 2270 1383 2321 ὃτι
1415 2271 1520 2339 χρὴ
1564 2270 1657 2321 τὸν
1716 2268 2050 2339 βουλόμενον

441 2349 582 2408 εἶναι
622 2356 874 2428 μαθητὴν
909 2358 1098 2423 αὑτοῦ,
1150 2362 1716 2430 προπαρασκευάζειν
1745 2362 1939 2414 ἑαυτὸν
1971 2363 2050 2421 εἰς

443 2447 724 2519 ὑπομονὴν
778 2454 980 2514 παντὸς
1022 2454 1360 2524 πειρασμοῦ.
1426 2455 1750 2525 Γέγραπται
1783 2456 1931 2522 γάρ·
1979 2456 2050 2507 Εἰ

441 2542 754 2610 προσέρχῃ
772 2544 1095 2599 δουλεύειν
1116 2547 1338 2614 Κυρίῳ,
1361 2548 1689 2616 ἑτοίμασον
1705 2547 1818 2615 τὴν
1836 2548 2053 2616 ψυχήν

441 2652 560 2690 σου
590 2639 677 2702 εις
717 2654 810 2690 πει
811 2638 1077 2707 ρασμόν.

514 2752 674 2805 ΚΕΦ.
710 2751 840 2807 NE'.
874 2752 1199 2821 Παραόολὴ
1248 2753 1383 2822 περὶ
1421 2753 1749 2822 οἰκοδομῆς
1790 2756 2050 2823 πύργου.

521 2845 615 2910 Τίς
662 2846 772 2914 γὰρ
806 2874 871 2885 —
907 2846 1251 2899 ἐκτελέσαι.
1297 2847 1511 2916 Ὥσπερ
1541 2851 1568 2899 ὀ
1608 2847 1781 2901 θέλων
1837 2849 2053 2919 πύργον

445 2936 705 3006 αἰσθητὸν
768 2937 1159 3007 οἰκοδομῆσαι,
1214 2938 1428 3005 ὀφείλει
1485 2939 1708 3009 πρῶτον
1777 2943 2053 3012 μετρῆσαι

439 3029 542 3099 τὴν
580 3032 637 3081 ὲν
664 3032 913 3099 χρήμασι
943 3032 1201 3102 δαπάνην
1230 3045 1243 3058 ⁸
1279 3032 1427 3087 οὕτω
1462 3038 1554 3086 καὶ
1576 3039 1603 3087 ὀ
1630 3035 1802 3087 θέλων
1840 3035 2054 3105 πύργον

446 3122 639 3191 νοητὸν
673 3122 1057 3194 οἰκοδομῆσαι,
1104 3122 1253 3192 λέγω
1314 3124 1401 3196 δὴ,
1460 3125 1745 3196 σύμπηξιν
1812 3127 2052 3196 ἀρετῶν,

2144 603 2294 673 prior
2330 601 2436 654 illis
2473 600 2526 653 in
2566 600 2775 653 honore
2798 595 3083 650 habendus
3117 604 3222 651 est.

2214 694 2320 748 Per
2347 691 2777 763 propinquiores
2810 698 2993 742 autcm
3026 702 3293 757 personas
3347 700 3566 741 omnem
3608 683 3749 738 dile-

2142 798 2285 843 ctam
2324 802 2614 858 personam
2646 783 2994 856 signiﬁcavit.
3023 782 3252 836 Addidit
3278 792 3332 835 et
3364 780 3511 850 quod
3570 780 3749 855 majus

2144 890 2275 936 est:
2341 880 2521 935 adhuc
2581 890 2767 933 autem
2837 886 2891 931 et
2936 876 3175 929 animam
3239 890 3417 936 suam,
3478 873 3581 927 hoc
3628 882 3749 935 est.

2145 987 2301 1026 suam
2375 987 2596 1042 quoque
2663 971 2839 1039 ipsius
2902 968 3267 1031 voluntatem,
3360 968 3453 1020 ubi
3549 966 3753 1019 divina:

2146 1063 2615 1119 fueritcuntraria
2647 1061 2945 1116 voluntati.
2985 1060 3219 1127 Oportet
3254 1058 3402 1112 enim
3425 1072 3555 1110 vere
3589 1056 3751 1109 Chri-

2146 1158 2217 1213 sti
2294 1155 2632 1226 discipulum
2699 1156 2756 1209 in
2812 1154 3198 1224 Spiritualibus
3244 1149 3669 1212 certaminibus,
3725 1165 3755 1202 a

2149 1253 2338 1307 carnis
2395 1258 2453 1304 et
2492 1250 2689 1304 anima:
2748 1248 2864 1302 sive
2923 1245 3225 1300 voluntatis
3278 1258 3466 1297 amore
3534 1242 3756 1311 penitus

2148 1345 2334 1399 avelli.

2221 1436 2379 1491 Vers.
2416 1436 2507 1490 2'].
2538 1434 2605 1488 Et
2629 1434 2867 1503 quisquis
2900 1448 3130 1484 -—meus
3159 1430 3475 1497 discipulus.
3496 1429 3761 1497 Quisquis

2150 1545 2258 1584 non
2297 1528 2503 1596 baiulat
2538 1527 2592 1581 in
2625 1528 2893 1580 memoria
2925 1532 3159 1578 mortem
3193 1538 3383 1585 suam;
3418 1537 3517 1591 per
3539 1536 3759 1575 crucem

2150 1624 2300 1677 enim
2342 1630 2579 1674 mortem
2616 1619 2978 1689 significavit,
3013 1618 3142 1687 quia
3170 1626 3301 1670 tunc
3322 1617 3521 1669 mortis
3548 1616 3763 1668 instru-

2152 1725 2400 1768 mentum
2458 1722 2577 1767 crat
2613 1713 2949 1774 crux,sicut
3026 1713 3191 1766 etiam
3246 1711 3530 1765 tricesimo
3595 1708 3764 1761 tertio

2148 1808 2303 1876 juxta
2339 1806 2641 1869 Matthcum
2677 1806 2856 1873 capite
2886 1806 3093 1858 dictum
3118 1814 3222 1858 est.
3246 1803 3509 1871 Quisquis
3537 1816 3645 1853 non
3670 1799 3765 1853 ba-

2150 1899 2288 1969 julat
2343 1901 2424 1952 sui
2465 1898 2969 1959 mortiﬁcationem,
3030 1912 3150 1949 eam
3206 1895 3482 1952 videlicet.
3534 1908 3654 1961 quae
3682 1900 3767 1945 est

2154 1991 2341 2046 carnis
2390 2006 2503 2044 sua:
2556 1991 2827 2044 adversus
2854 1988 3186 2057 \oluptates.
3214 1987 3351 2051 Quia
3382 2000 3514 2039 vero
3553 1985 3767 2038 aversio

2154 2085 2281 2138 vitae
2320 2102 2348 2137 a
2395 2084 2774 2150 voluptatibus
2817 2082 3230 2150 quodammodo
3274 2079 3569 2133 comcrsio
3616 2092 3768 2145 qum—

2154 2179 2280 2233 dam
2313 2187 2399 2231 est
2433 2177 2499 2230 ad
2528 2176 2857 2230 laboriosam
2898 2172 3401 2233 conversationem,
3446 2170 3770 2223 Consolatur

2155 2282 2210 2326 et
2238 2272 2403 2326 docet
2468 2286 2563 2337 per
2620 2267 2957 2336 exemplum,
3017 2267 3162 2336 quod
3221 2272 3623 2333 Oporleateum
3674 2263 3767 2331 qui

2156 2366 2272 2419 vult
2321 2366 2444 2433 ejus
2506 2380 2630 2417 esse
2693 2362 3030 2432 discipulus,
3080 2372 3393 2429 praeparare
3425 2356 3670 2424 seipsum
3700 2352 3767 2407 ad

2157 2457 2510 2510 tolerantiam
2545 2458 2728 2508 omnis
2763 2453 3108 2508 tentationis.
3158 2450 3439 2519 Scriptum
3488 2457 3573 2500 cst
3618 2445 3766 2499 enim

2157 2552 2217 2605 Si
2237 2551 2545 2611 accesseris,
2576 2559 2630 2600 ut
2670 2550 2869 2603 servias
2913 2547 3163 2608 Domino,
3217 2560 3465 2613 prmpara
3529 2542 3771 2593 animam

2157 2655 2307 2697 tuam
2368 2644 2439 2697 ad
2471 2644 2819 2696 tentationem
2850 2642 2915 2694 ¹⁰.

2299 2760 2459 2813 CAP.
2491 2757 2600 2811 LV.
2630 2757 2901 2811 Parabola
2943 2756 3006 2808 de
3036 2753 3391 2821 mdiﬁcatione
3432 2751 3626 2806 turris.

2232 2852 2387 2906 νει-ε.
2421 2852 2509 2904 28.
2548 2850 2677 2916 Quis
2730 2850 2869 2903 enim
2922 2877 2993 2886 -—
3028 2845 3184 2900 Vers.
3249 2845 3339 2899 50.
3376 2858 3771 2896 consummare.

2158 2946 2314 3001 Sicut
2375 2947 2419 2998 is
2449 2948 2542 3015 qut
2578 2922 2773 2997 turrim
2809 2940 3129 2996 sensibilem
3158 2938 3309 3005 cupit
3340 2936 3636 2997 aedificare,
3675 2934 3771 2987 de-

2158 3041 2250 3094 bet
2288 3039 2530 3109 primum
2587 3046 2845 3107 sumptus
2910 3034 3276 3104 pecuniarum
3317 3046 3612 3084 numerare
3647 3043 3661 3080 :
3693 3028 3769 3082 ita

2158 3148 2379 3202 quoque
2405 3131 2598 3185 volens
2624 3130 2820 3183 turrim
2855 3124 3286 3180 intellectualem
3320 3123 3617 3185 mdiftcare,
3638 3132 3772 3191 puta

446 3219 651 3285 ὀφείλει
686 3218 904 3289 πρῶτον
964 3222 1240 3291 μετρῆσαι
1262 3221 1363 3293 τὴν
1414 3224 1472 3274 ὲν
1514 3224 1850 3290 πειρασμοῖς
1894 3222 2053 3292 διάρ-
2082 3230 2129 3293 c
2163 3240 2190 3275 ν

2028 3252 2053 3263 -
2082 3230 2129 3293 c
2163 3225 2429 3278 virtutum
2466 3222 2931 3292 compactionem,
2978 3220 3140 3272 debet
3171 3217 3352 3270 metiri
3385 3219 3625 3285 primum
3663 3213 3780 3268 sul-

446 3328 623 3374 κειαν,
660 3311 749 3363 ἴνα
786 3314 1443 3383 προωρασκευασμὲνος
1469 3312 1583 3384 (68)
1609 3312 1707 3376 ῶν,
1745 3313 1877 3384 ῥᾷον
1908 3314 2052 3386 φέρῃ

444 3404 668 3467 τούτους
695 3404 1171 3476 προσπίπτοντας.
1202 3402 1338 3460 Είτα
1388 3408 1481 3459 καί
1513 3407 1581 3460 δι’
1624 3408 1820 3479 ἑτέρου
1867 3426 2053 3480 παρα-

442 3498 737 3568 δείγματος
775 3500 1040 3572 διεγείρει
1072 3500 1213 3573 πρδς
1240 3502 1565 3574 καρτερίαν.

517 3596 590 3649 ἰι
622 3596 712 3659 τίς
748 3626 817 3635 -
848 3595 944 3649 ἐπ’
970 3596 1200 3662 αὑτόν;
1265 3597 1507 3668 Ὁμοίως
1557 3597 1743 3663 πάλιν,
1806 3597 1997 3670 ὥσπερ
2026 3603 2055 3653 ὀ

447 3688 725 3757 βασιλεὺς,
752 3690 781 3742 ὀ
808 3690 1182 3759 πορευόμενος
1204 3692 1285 3755 εἰς
1319 3691 1562 3759 πόλεμον
1590 3734 1605 3759 ,
1650 3692 1862 3761 ὀφείλει
1914 3711 2055 3763 προ-

445 3781 884 3837 ἦουλεύσασθαιο
922 3783 1194 3839 οὕτωκαὶ
1226 3776 1387 3851 οὗτος
1448 3786 1660 3856 ὀφείλει
1714 3786 2057 3857 προϐουλεύ-

2161 3319 2482 3379 ﬁcicntiam,
2505 3332 2669 3387 quam
2697 3316 2866 3369 habet
2900 3314 2967 3367 ad
2990 3314 3352 3374 tentationcs,
3390 3319 3448 3364 ut
3480 3324 3766 3378 prrepara-

2162 3424 2251 3468 tus
2279 3413 2417 3467 ferat
2444 3410 2661 3465 facilius
2686 3450 2700 3473 ,
2731 3425 2857 3463 cum
2901 3406 3225 3461 inciderint.
3253 3404 3459 3459 Deinde
3482 3405 3535 3456 in
3560 3404 3666 3457 alio
3681 3418 3777 3455 ex-

2174 3507 2364 3575 emplo
2409 3506 2474 3559 ad
2514 3505 2868 3559 tolerantiam
2899 3502 3125 3556 excitat.

2234 3600 2394 3656 Vers.
2432 3602 2521 3654 51.
2546 3600 2648 3653 Aut
2671 3600 3049 3670 quis—contra
3071 3613 3143 3649 se.
3176 3594 3299 3648 Pari
3334 3609 3555 3664 quoque
3589 3592 3777 3657 modo,

2163 3695 2629 3766 quemadmodum
2662 3710 2757 3747 rex
2788 3691 2857 3745 ad
2895 3691 3151 3759 proelium
3190 3688 3574 3759 proficiscens,
3606 3686 3777 3740 debet

2166 3791 2404 3862 primum
2440 3790 2782 3852 consultare,
2832 3787 2906 3841 ita
2944 3794 3000 3840 et
3027 3786 3115 3840 hic
3157 3786 3399 3854 primum
3461 3781 3782 3836 consultare

447 3875 664 3937 σασθαι,
717 3878 763 3928 εἰ
793 3875 1022 3931 δύναται
1069 3880 1212 3946 μετὰ
1244 3877 1357 3930 τῶν
1412 3877 1616 3947 ὀλίγων
1660 3878 1898 3933 ἐντολῶν
1956 3879 2054 3932 τοῦ
2164 3884 2195 3937 d

2032 3879 2054 3931 ὖ
2164 3884 2351 3943 debet,
2402 3899 2472 3936 an
2512 3881 2688 3952 possit
2724 3896 2849 3935 cum
2903 3878 3095 3947 paucis
3146 3877 3426 3946 Evangelii
3487 3872 3784 3945 praceptis

447 3967 785 4037 Εὑαγγελίου
812 3970 1372 4039 ἀντιπαρατάξασθαι
1394 3968 1475 4042 τῷ
1510 3972 1751 4042 Σατανᾷ,
1802 3970 1880 4041 τῷ
1914 3973 2057 4041 μετὰ
2166 3996 2199 4032 τι

2035 3973 2057 4023 il
2166 3980 2424 4033 resistere
2448 3977 2693 4041 Salame,
2727 3974 2815 4031 cui
2852 3990 2978 4029 cum
3018 3972 3209 4028 multis
3241 3971 3531 4026 dannoniis
3564 3979 3620 4025 et
3673 3984 3787 4023 ma-

446 4058 663 4111 πολλῶν
696 4060 976 4130 δαιμόνων
1038 4062 1133 4115 καὶ
1184 4062 1453 4134 μηχανῶν
1513 4064 1607 4117 καὶ
1666 4062 1864 4116 παθῶν
1896 4066 2057 4133 ἐρχο-
2165 4089 2193 4126 ς

1666 4062 1864 4116 παθῶν
1896 4066 2057 4133 ἐρχοο
2165 4072 2346 4126 chinis
2380 4088 2442 4127 ac
2466 4070 2862 4126 affectionibus
2894 4068 3051 4123 venit
3072 4076 3267 4125 contra
3310 4080 3393 4120 se.

448 4153 596 4227 μένῳ
622 4156 708 4207 ἐπ’
748 4156 937 4209 αὐτόν.

511 4249 583 4301 El
598 4247 667 4301 δὲ
681 4248 843 4318 μήγε
861 4279 927 4294 ο-
948 4248 1021 4305 τὰ
1038 4251 1191 4320 πρὸς
1204 4252 1559 4321 εἰρήνην.-
1576 4252 1821 4323 Ἔρωτᾷ,
1852 4254 2022 4326 ἢγουν
2042 4295 2057 4320 ,
2236 4265 2263 4320 \

2042 4295 2057 4320 ε
2236 4264 2394 4320 Vcrs.
2416 4262 2507 4318 3‘2.
2548 4261 2732 4331 Aliqui
2752 4290 2823 4301 —
2850 4276 2969 4327 qua:
2996 4259 3145 4329 pacis
3171 4266 3313 4312 sunt.
3335 4255 3574 4311 Rursum
3602 4257 3787 4326 ἐρωτᾷ

442 4342 783 4412 παρακαλεῖ,
820 4346 1061 4398 αἰτεῖται
1096 4346 1212 4418 (69)
1256 4347 1325 4401 τά
1369 4350 1511 4420 πρὸς
1568 4350 1823 4420 εἰρήνην.
1868 4349 2057 4404 Ταῦτα
2166 4371 2192 4410 s

2031 4367 2057 4404 α
2166 4353 2442 4427 signiﬁcat
2513 4361 2765 4422 precatur
2796 4359 2892 4405 aut
2941 4352 3095 4420 petit.
3134 4349 3263 4405 Haec
3313 4358 3501 4404 autem
3545 4350 3783 4416 addidit,

442 4436 498 4489 δὲ
536 4436 908 4509 προσέθηκεν,
974 4442 1035 4494 οὐ
1082 4442 1374 4513 παραινῶν
1419 4446 1534 4508 τοῖς
1599 4445 1677 4516 μὴ
1728 4444 2059 4516 δυναμένοις
2166 4461 2194 4499 n

2033 4462 2059 4509 ς
2166 4461 2278 4502 non
2336 4445 2643 4500 adhortans
2676 4452 2735 4498 ut
2768 4442 2864 4512 qui
2913 4458 3024 4495 non
3054 4441 3275 4511 possint
3328 4454 3651 4502 occurrere,
3687 4456 3784 4509 pa-

445 4530 733 4601 άπαντᾷν,
778 4532 1092 4605 εἰρηνεύειν
1144 4537 1286 4605 μετὰ
1340 4535 1438 4590 τοῦ
1490 4539 1745 4592 Σατανᾶο
1794 4538 1911 4602 πῶς
1945 4539 2057 4610 γὰρ
2095 4606 2126 4610 _
2167 4556 2196 4596 c

2034 4557 2057 4610 ρ
2095 4606 2126 4610 _
2167 4555 2288 4596 cem
2320 4538 2511 4593 ineant
2539 4552 2662 4591 cum
2689 4536 2923 4591 Satana:
2950 4550 3191 4605 quonam
3218 4535 3366 4588 enim
3390 4534 3555 4588 modo
3587 4534 3637 4587 id
3670 4534 3786 4587 ticri

442 4623 538 4677 τοῦ
573 4624 1030 4698 ἀνθρωποκτόνου
1079 4631 1175 4683 καὶ
1206 4631 1596 4702 ψυχολέθρους
1629 4632 1771 4686 ἀλλὰ
1815 4637 1884 4706 τῇ
1923 4606 2058 4689 diuo-
2095 4606 2138 4660 Β
2167 4649 2194 4704 p

2037 4666 2058 4678 -
2095 4606 2138 4660 θ
2167 4642 2373 4704 potest,
2410 4647 2537 4686 cum
2571 4631 2663 4686 ille
2693 4630 2950 4685 homines
2979 4637 3196 4693 enecet,
3226 4643 3292 4681 ac
3313 4627 3510 4697 perdat
3536 4628 3789 4680 animas?

443 4718 636 4789 λουθίᾳ
692 4719 790 4774 τοῦ
847 4722 1309 4795 παραδείγματος
1366 4727 1671 4797 ἐχρήσατο,
1738 4728 1925 4791 καθὼς
1959 4730 2057 4782 καὶ
2168 4725 2195 4781 Ε

2035 4730 2057 4781 l.
2168 4725 2276 4782 Sed
2325 4726 2562 4797 exempli
2617 4728 3019 4796 consequentia
3072 4738 3202 4777 usus
3237 4732 3345 4782 est.
3398 4723 3550 4775 sicut
3615 4722 3785 4775 etiam

442 4810 703 4881 ἀνωτέρω
733 4814 1065 4885 πεποίηκεν.
1098 4817 1253 4888 ’Λμα
1282 4818 1339 4871 δὲ
1371 4820 1467 4873 καὶ
1500 4819 1582 4883 είς
1617 4821 1898 4891 ἐντροπὴν
1944 4820 2055 4874 τῶν
2169 4818 2194 4874 ε

2035 4838 2055 4873 ν
2169 4818 2304 4876 fecit
2351 4820 2615 4891 superius
2651 4837 2662 4871 :
2702 4818 2869 4873 simul
2898 4816 3066 4872 etiam
3100 4816 3167 4870 ad
3186 4814 3572 4870 confusionem
3592 4829 3787 4867 eorum

446 4906 586 4976 μετὰ
612 4906 674 4960 τὸ
706 4909 1121 4980 μαθητευθῆναι
1152 4913 1569 4983 χαυνουμένων.
1612 4914 1723 4968 Καὶ
1757 4913 2055 4985 τοῦτοξγὰρ
2166 4931 2198 4987 q

2033 4931 2055 4985 ρ
2166 4915 2259 4987 qui
2287 4926 2579 4988 postquam
2613 4914 2742 4971 faeti
2784 4913 3215 4984 suutdiscipuli,
3240 4912 3620 4967 emolliuntur.
3650 4912 3785 4965 Nam

444 5002 631 5070 σχῆμα
666 5002 851 5071 λόγου,
878 5004 1150 5077 διεγεῖρον
1189 5010 1270 5071 εἰς
1301 5008 1617 5080 εὐανδρίαν,
1647 5008 1787 5062 καθδ
1816 5010 1909 5063 καὶ
1940 5010 2055 5080 (70)

442 5093 626 5163 λέγειν
660 5095 961 5169 εἰώθαμεν,
1022 5101 1106 5154 ὅτι
1161 5105 1416 5174 κρεῖττον
1463 5102 1539 5173 μὴ
1578 5103 1854 5175 ἄρξασθαι
1898 5104 2057 5159 τοῦδε

442 5187 539 5241 τοῦ
577 5190 933 5261 πράγματος,
965 5192 999 5267 ἢ
1034 5195 1353 5267 ἀρξάμενον
1381 5197 1459 5268 μὴ
1488 5195 1808 5255 τελειῶσαι.

556 5462 770 5523 “Eccli.
806 5482 867 5534 ιι,
914 5468 970 5526 1.

2169 5019 2225 5066 et
2253 5010 2343 5065 hic
2375 5019 2460 5064 est
2486 5010 2687 5066 modus
2716 5009 2977 5079 loquendi
3045 5006 3113 5062 ad
3137 5008 3577 5079 generositatem
3632 5008 3789 5060 exci-

2171 5116 2318 5167 tans,
2342 5121 2453 5174 quo
2484 5104 2669 5160 dicere
2703 5103 2950 5158 solemus
2984 5120 2997 5157 :
3052 5100 3249 5157 Melius
3273 5110 3357 5157 est
3379 5102 3487 5157 hoc
3537 5101 3620 5155 vel
3657 5100 3789 5155 illud

2174 5200 2391 5257 facinus
2410 5215 2521 5254 non
2565 5199 2852 5265 inchoare,
2874 5212 3042 5270 quam
3076 5212 3188 5253 non
3233 5195 3531 5269 perﬁcere,
3568 5204 3791 5265 postea-

2173 5307 2339 5363 quam
2373 5291 2752 5347 inchoaveris.

1667 5543 1873 5607 Varia
1909 5542 2223 5608 lectiones
2269 5554 2331 5609 et
2378 5555 2573 5611 notae.

522 5713 636 5797 (99.)
683 5715 804 5797 ἔδει
828 5716 1168 5797 mea???
1200 5719 1297 5797 δαὶ
1315 5719 1415 5793 τὴν
1451 5722 1688 5797 μητέρα.
1722 5725 1789 5778 Α-

517 5786 632 5860 (67)
683 5787 787 5843 Τοῦ
825 5786 1288 5862 κατάΜατθαῖον
1335 5786 1463 5850 cum
1516 5786 1820 5862 Hentenio,
1860 5812 1919 5850 re
1975 5796 2051 5851 ita

443 5862 777 5988 ggsmlante,
811 5861 1017 5919 addidi.
1056 5860 1131 5917 Ita
1162 5878 1310 5921 enim
1331 5868 1589 5939 exposuit
1620 5869 1684 5926 ad
1707 5860 1899 5925 Matth.
1937 5884 2051 5937 xw,

2242 5724 2358 5792 (68)
2384 5725 2462 5781 ita
2505 5736 2763 5797 uterque,
2801 5739 2903 5796 pro
2955 5725 3631 5797 προπαρεσκευασμένος.

2240 5799 2351 5865 (69)
2372 5802 2540 5853 Δίτεῖ.
2572 5798 2637 5853 Α.

2240 5871 2350 5939 (70)
2403 5872 2509 5926 Καί
2543 5873 2749 5929 omittit
2781 5870 2846 5927 A.
