4436 6450
758 393 901 460 1023

2016 393 2404 455 EUTHYMII
2447 394 2809 456 ZIGABENI

3912 387 4049 454 1024

744 503 1027 558 humanus
1072 512 1175 564 est,
1220 500 1359 555 duos
1392 508 1579 555 autem
1628 498 1774 555 filios
1822 498 1969 567 eius,
1995 514 2219 554 omnem
2248 502 2340 569 ju-
2373 510 2413 561 Α
2446 502 2496 553 8-:

2297 516 2340 552 ιο
2373 510 2413 561 Α
2446 501 2539 555 δύο
2568 500 2625 553 δι
2655 502 2817 562 υἱοὺς
2842 498 3033 563 αὐτοῦ,
3061 498 3241 553 πάντα
3264 500 3479 555 δίκαιον
3511 501 3605 555 καὶ
3638 503 3817 557 idvra
3864 503 4049 572 ἀμαρ-

742 600 918 655 stum,
945 602 1278 656 omnemque
1305 596 1677 656 peccatorem;
1706 596 1790 641 est
1811 586 1958 640 euim
1988 594 2044 641 et
2067 586 2345 655 iustorum

740 684 903 738 Pater
936 694 991 737 et
1021 691 1399 751 peccatorum,
1433 691 1626 751 utpote
1657 696 1757 751 per
1791 680 1992 736 lavacri
2045 696 2311 752 regenera
2333 710 2345 722 -

742 776 946 828 tionem
972 775 1042 827 ab
1060 774 1179 841 ipso
1201 773 1608 843 adoptatorum,
1629 772 1697 826 de
1721 772 1974 828 fidelibus
1992 774 2137 827 enim
2163 787 2347 827 sermo

735 871 845 914 est.
882 860 1167 915 Juniorem
1210 876 1341 915 vero
1384 859 1693 914 nominavit
1722 869 2099 928 peccatorem,
2146 869 2208 913 ut
2246 861 2343 930 qui

737 947 1026 1014 pueriliter
1058 948 1201 1017 sapit
1254 946 1523 1015 facileque
1558 946 1812 1001 fallitur:
1866 950 1959 1017 qui
1996 948 2163 1002 etiam
2200 949 2339 1003 sub-

736 1041 961 1090 stantia!
1003 1048 1215 1107 partem
1240 1053 1363 1108 qua
1400 1037 1507 1092 sibi
1542 1038 1901 1112 obveniebat.
1952 1040 2150 1109 petivit
2188 1058 2200 1093 :
2236 1040 2343 1095 hoc

737 1139 822 1184 εει
851 1130 1083 1184 libi-rum
1104 1130 1418 1194 arbitrium,
1451 1131 1598 1199 quod
1626 1130 1678 1183 ei
1699 1145 1767 1184 ex
1788 1140 1988 1183 natura
2012 1131 2342 1185 debebatur.

733 1219 998 1290 Quisquis
1031 1222 1179 1275 enim
1215 1221 1508 1291 pueriliter
1540 1219 1703 1289 sapit,
1758 1221 1992 1275 liberum
2043 1221 2223 1291 poscit
2258 1234 2347 1273 ar-

738 1313 987 1367 bitrium.

811 1404 1313 1473 Autobtingenteiu
1348 1403 1678 1459 substantiae
1698 1412 1912 1473 partem
1936 1403 2069 1458 dicit
2098 1402 2341 1457 debitam

737 1508 803 1547 ex
834 1493 1109 1563 baptismo
1138 1494 1393 1564 gratiam.
1427 1493 1617 1548 Cuivis
1646 1494 1799 1547 enim
1842 1492 2122 1563 baptizato
2151 1492 2341 1557 divina

738 1583 902 1638 datur
950 1586 1146 1653 gratia.
1209 1583 1534 1639 Substantia
1574 1592 1759 1638 autem
1812 1583 1932 1637 sive
1969 1583 2175 1639 divitia
2222 1583 2341 1651 Dei,

736 1686 865 1728 sunt
905 1676 1259 1743 charismata,
1313 1677 1368 1731 id
1424 1683 1535 1741 est,
1598 1675 1742 1729 dona
1783 1688 1906 1743 qua
1967 1674 2166 1729 dividit
2211 1673 2346 1728 fide-

737 1764 903 1824 libus.

2454 591 2648 646 τωλόν.
2684 593 2841 645 Ἐστι
2882 591 2990 661 γὰρ
3022 591 3216 661 Πατὴρ
3257 591 3491 645 καὶτῶν
3531 594 3763 648 δικαίων
3798 595 3895 649 καὶ
3941 594 4052 646 τῶν

2454 680 2823 752 ἁμαρτωλῶν,
2853 681 2928 742 ὡς
2957 678 3384 751 υίοθετηθίντων
3420 681 3572 751 αὐτῷ
3594 682 3683 736 διὰ
3705 682 3797 736 τοῦ
3821 681 4050 752 λουτροῦ

2454 771 2553 841 τῆς
2588 772 3036 840 ἀναγεννήσεωςο
3063 770 3324 839 περὶτῶν
3373 773 3583 825 πιστῶν
3624 775 3733 844 γάρ
3782 774 3813 826 ὁ
3864 773 4046 839 λόγος.

2455 863 2742 933 Νεάηερον
2778 862 2836 915 δι
2886 862 3149 930 ὀνομάζει
3180 863 3273 916 τὸν
3322 864 3684 934 άμαρτωλδν,
3732 865 3809 931 ὡς
3860 864 4051 934 νηπιό-

2454 972 2627 1026 φρονα
2661 958 2756 1009 καὶ
2787 954 3218 1026 εὐεξαπάτητον,
3276 954 3335 1019 ὃς
3392 957 3489 1009 καὶ
3539 957 3776 1029 ιζήτησε
3817 959 3881 1010 τὸ
3932 958 4048 1009 htt—

2456 1046 2655 1100 ϐάλλον
2688 1050 2856 1115 μέρος
2886 1046 2989 1115 τῆς
3021 1046 3235 1111 οὐσίας,
3261 1046 3406 1117 ἦτοι,
3453 1048 3516 1101 τὸ
3544 1049 3607 1101 ἐκ
3636 1050 3856 1117 φύσεως
3906 1051 4056 1118 ὀφει-

2451 1139 2677 1207 λόμενον
2712 1138 3081 1203 αὐτεξούσιον.
3118 1139 3234 1202 Πᾶς
3276 1139 3387 1210 γὰρ
3421 1140 3737 1210 νηπιόφρων
3791 1140 3945 1211 ζητεῖ
3994 1141 4056 1195 τι

2455 1229 2833 1297 αὐτεξούσιον.

2530 1401 2602 1455 Ἥ
2624 1398 2924 1454 λπιϐάλλον
2958 1401 3129 1471 μέρος
3169 1400 3365 1463 οὐσίας
3406 1399 3582 1468 λέγει,
3615 1400 3676 1452 τὸ
3722 1402 3788 1453 ἐκ
3827 1398 3923 1454 τοῦ
3958 1398 4056 1470 βα-

2454 1488 2761 1558 πτίσματος
2792 1489 3244 1561 χρεωστούμενον
3283 1491 3559 1562 χάρισμα.
3598 1490 3770 1542 Παντὶ
3808 1490 3923 1559 γὰρ
3960 1488 4059 1559 βα·

2444 1580 2746 1641 πισθιντι
2786 1582 3035 1652 χάρισμα
3068 1580 3226 1634 Θεῖον
3273 1581 3501 1636 δίδοται.
3549 1581 3725 1635 Οὐσία
3756 1580 3836 1644 δι,
3894 1581 4013 1652 ἢτοι
4040 1618 4057 1642 ,

2457 1674 2693 1735 πλοῦτος
2759 1671 2939 1737 Θεοῦ,
2974 1672 3045 1725 τὰ
3115 1672 3485 1743 χαρίσματα,
3537 1671 3575 1726 ἃ
3635 1672 3886 1742 διανέμει
3949 1672 4059 1732 τοῖς

2453 1766 2669 1826 πιστοῖς
2690 1763 2829 1832 ('75).

803 1857 843 1927 1-
878 1858 1000 1912 Non
1034 1859 1161 1927 quia
1194 1868 1442 1928 tempore
1465 1858 1675 1926 junior,
1707 1858 1805 1914 sed
1826 1859 1957 1929 quia
1983 1873 2155 1914 sensu
2186 1858 2463 1929 indigens,
2497 1867 2795 1927 menteque
2830 1858 3179 1913 inconstans.

803 1948 845 2013 -Ι-
877 1951 953 2003 Ac
983 1951 1013 2002 li
1048 1952 1301 2005 dieeret:
1351 1951 1508 2014 Nolo,
1554 1960 1747 2021 urgeat
1773 1966 1863 2006 me
1904 1949 2187 2006 serviendi
2232 1951 2584 2014 necessitas;
2653 1951 2888 2004 liberum
2956 1959 3043 2005 est
3098 1948 3247 2004 enim
3274 1948 3408 2003 mihi
3433 1948 3749 2003 arbitrium.
3809 1946 3868 2002 Si
3899 1945 4044 2026 volo.

733 2043 1021 2098 modestus
1057 2059 1178 2097 sum
1214 2059 1229 2110 ;
1275 2044 1320 2099 si
1359 2046 1511 2111 nolo,
1557 2046 1674 2115 cogi
1712 2059 1950 2115 nequeo.
1993 2043 2159 2100 Pater
2203 2060 2335 2117 ergo
2374 2044 2609 2101 candide
2648 2043 2919 2114 impertiit
2954 2061 2969 2108 ;

3048 2041 3165 2103 vult
3195 2042 3345 2097 enim
3403 2041 3670 2096 Dominus
3712 2050 3775 2095 ut
3804 2038 3910 2095 sibi
3953 2054 4055 2093 vo-

732 2137 973 2191 luntarie
1009 2142 1308 2193 serviatur.
1370 2138 1578 2193 Deinde
1626 2153 1855 2210 peregre
1892 2139 2177 2211 profectus
2226 2150 2330 2193 est.
2373 2139 2495 2204 Quo
2527 2139 2551 2192 ?
2590 2136 2710 2192 Non
2774 2153 2804 2192 a
2876 2137 2999 2192 loco
3030 2136 3097 2191 ad
3131 2136 3335 2199 locum,
3370 2136 3467 2190 sed
3508 2143 3693 2191 mente
3742 2134 3997 2189 discessit
4027 2149 4056 2187 a

734 2230 848 2283 Deo
888 2237 945 2284 et
997 2228 1142 2284 Deus
1176 2231 1245 2283 ab
1285 2230 1419 2285 illo:
1475 2244 1702 2301 propter
1742 2231 1890 2300 quod
1943 2232 2109 2286 etiam
2161 2232 2299 2286 facta
2346 2243 2430 2287 cst
2456 2231 2531 2285 illi
2564 2228 2737 2285 fames
2786 2227 2984 2292 valida,
3035 2242 3148 2281 non
3189 2227 3363 2282 fames
3414 2226 3573 2296 panis
3630 2232 3687 2279 et
3724 2241 3901 2295 aquae,
3964 2223 4058 2279 sed

732 2324 910 2379 t‘ames
951 2323 1212 2377 audiendi
1266 2324 1418 2379 verbi
1467 2325 1605 2391 Dei;
1654 2326 1779 2395 quia
1822 2324 1996 2379 fames
2047 2324 2317 2379 bonorum
2352 2326 2653 2379 vehemens
2679 2332 2786 2378 est.

805 2414 964 2471 Vers.
1004 2416 1094 2471 li.
1128 2414 1198 2469 Et
1233 2445 1304 2457 —
1333 2419 1717 2471 substantiam.
1771 2416 2036 2473 Liberum
2082 2418 2341 2473 videlicet
2375 2427 2415 2481 Β

729 2507 1023 2562 arbitrium
1081 2507 1187 2562 illis
1252 2508 1890 2572 divisit;substantiam
1950 2524 2190 2579 namque
2250 2518 2346 2564 aut

731 2598 1024 2656 facultates
1059 2600 1182 2653 filiis
1209 2600 1457 2654 dividere
1486 2601 1623 2655 nihil
1645 2602 1795 2656 aliud
1820 2613 1928 2666 est,
1978 2618 2144 2671 quam
2166 2603 2342 2656 libero

729 2694 957 2749 arbitrio
1013 2693 1135 2747 illos
1191 2692 1512 2760 relinquere
1561 2710 1574 2743 :
1643 2693 1927 2747 neminem
1990 2694 2141 2748 enim
2198 2695 2347 2765 cogit

729 2786 895 2848 Deus,
923 2784 1017 2853 qui
1060 2783 1162 2853 ipsi
1194 2784 1333 2837 nolit
1360 2784 1610 2839 obedire.

799 2874 907 2929 Aut
949 2876 1115 2928 etiam
1181 2873 1373 2928 divisit
1410 2874 1491 2928 eis
1538 2875 1906 2945 congruentia
1960 2875 2129 2942 dona,
2177 2885 2345 2947 prout

727 2967 936 3023 dictum
966 2975 1072 3021 est.
1320 2958 1335 2965 ’

803 3064 956 3118 Vers.
985 3065 1071 3118 15.
1112 3065 1184 3117 Et
1206 3091 1269 3102 —
1296 3062 1664 3135 longinquam.
1704 3063 1903 3119 Senior
1936 3065 2159 3134 quidem
2197 3065 2344 3136 apud

725 3166 940 3225 patrem
968 3154 1254 3218 remansit,
1293 3166 1556 3226 tanquam
1608 3158 1851 3227 prudens
1889 3174 1903 3210 :
1950 3158 2143 3227 junior
2186 3175 2342 3224 vero,

727 3249 1082 3319 congregatis
1108 3250 1393 3315 omnibus,
1448 3260 1604 3321 puta,
1649 3251 1826 3306 libero
1867 3252 2123 3311 arbitrio.
2160 3268 2224 3307 ac
2247 3253 2341 3308 Dci

726 3336 900 3402 dono,
940 3338 1029 3393 vel
1067 3339 1332 3394 omnibus
1361 3340 1479 3394 suis
1517 3340 1921 3404 voluntatibus,
1955 3341 2008 3395 id
2028 3352 2135 3407 est,
2167 3342 2347 3396 domi-

727 3446 828 3485 nus
873 3430 1091 3485 illorum
1140 3433 1503 3493 constitutus.
1544 3447 1776 3503 peregre
1820 3433 2105 3502 profectus
2144 3443 2226 3489 est
2271 3436 2343 3489 ad

727 3520 1040 3591 p'eccatum,
1071 3526 1220 3593 quod
1254 3540 1283 3578 a
1317 3524 1429 3579 Deo
1460 3524 1622 3595 longe
1651 3536 1979 3595 separatur:
2008 3526 2171 3597 longe
2192 3529 2343 3583 enim

727 3614 865 3667 fiunt
903 3628 932 3665 a
970 3613 1102 3677 Deo,
1143 3615 1242 3682 qui
1274 3622 1549 3683 peccant:
1604 3629 1715 3669 non
1771 3615 1876 3670 loci
1931 3614 2339 3685 segregatione,

724 3707 829 3761 sed
854 3707 1095 3763 virtutis.

2517 2417 2722 2473 Καὶ-
2752 2415 2921 2480 βίον.
2971 2416 3185 2482 Ἤγουν
3238 2411 3633 2479 αὐτεξουσίους
3673 2412 3874 2474 αὐτοὺς
3922 2410 4057 2466 άπέ·

2454 2511 2605 2563 λυσε.
2639 2509 2713 2561 Τὸ
2740 2509 2849 2578 γάρ
2882 2507 3081 2560 διελεῖν
3137 2506 3229 2559 τὸν
3282 2505 3419 2575 βίον,
3462 2505 3661 2565 είτουν,
3692 2505 3793 2574 τὴν
3847 2504 4056 2568 οὐσίαν,

2456 2606 2567 2667 τοῖς
2602 2603 2763 2666 υίοῖς,
2792 2602 2949 2654 οὐδὲν
2980 2601 3169 2670 ἕτερόν
3192 2599 3421 2669 mth
3454 2598 3515 2651 τὸ
3541 2597 3932 2660 αὑτεξουσίους
3960 2598 4061 2650 αὺ-

2454 2696 2581 2757 τοὺς
2622 2692 2917 2748 ἀπολύσαι.
2950 2692 3168 2745 Οὐδένα
3218 2692 3328 2761 γὰρ
3370 2693 3397 2744 ὀ
3441 2689 3577 2753 Θεδς
3630 2690 3931 2759 ἀναγκάζει
3987 2690 4061 2761 μὴ

2456 2788 2787 2858 βουλόμενον
2820 2787 3146 2857 πειθαρχεῖν
3170 2784 3342 2855 αὐτῷ.

2531 2880 2603 2933 Ἦ
2641 2884 2732 2933 καὶ
2761 2879 2959 2932 διεῖλεν
2998 2877 3185 2940 αὐτοῖς
3218 2877 3286 2930 τὰ
3309 2877 3678 2947 ,προσήκοντα
3715 2878 4033 2947 χαρίσματα

2456 2972 2640 3037 καθὼς
2668 2975 2918 3046 εἴρηται.
3726 3032 3729 3033 ν

2524 3067 2635 3119 Kal
2668 3096 2741 3106 —
2769 3067 3032 3134 μακράν.
3083 3066 3141 3119 Ὀ
3183 3065 3284 3134 μὶν
3331 3064 3706 3137 πρεσϐύτερος
3754 3065 4055 3136 παρέμεινε

2456 3156 2567 3228 (τε)
2612 3159 2687 3227 τῷ
2737 3160 2929 3225 πατρὶ,
2974 3157 3049 3221 ὡς
3086 3158 3354 3228 φρόνιμος
3378 3174 3389 3188 ·
3425 3158 3453 3209 ὀ
3484 3157 3541 3211 ὁὶ
3584 3157 3850 3229 νεώτερος
3886 3176 4054 3211 συνα-

2455 3249 2643 3318 γαγὼν
2676 3248 2921 3315 ἅπαντα,
2954 3250 3017 3302 τό
3054 3266 3113 3302 τε
3144 3248 3499 3314 αὐτεξούσιον
3551 3251 3644 3302 καὶ
3684 3250 3743 3302 τὸ
3782 3251 3923 3304 θεῖον
3961 3251 4057 3319 χά-

2458 3358 2653 3411 ρισμα,
2702 3340 2736 3413 ἢ
2792 3341 3013 3396 ἅπαντα
3066 3342 3136 3395 τά
3190 3342 3387 3395 ἑαυτοῦ
3440 3342 3743 3413 θελήματα,
3787 3346 4055 3403 τουτέστι.

2454 3435 2647 3507 κύριος
2681 3436 2865 3488 αὐτῶν
2904 3437 3211 3502 καταστάς,
3244 3436 3603 3506 ἀπεδήμησεν
3633 3439 3712 3499 είς
3739 3437 3837 3507 τὴν
3870 3440 4057 3508 ἁμαρ-

2453 3529 2597 3595 τίαν,
2640 3531 2740 3601 τὴν
2775 3532 2999 3601 μακράν
3054 3528 3151 3583 τοῦ
3206 3529 3343 3583 Θεοῦ
3368 3530 3654 3601 κειμένην.
3691 3531 3890 3603 Πόρρω
3940 3534 4056 3603 γὰρ

2452 3622 2547 3677 τοῦ
2572 3622 2709 3676 Θεοῦ
2743 3622 2990 3693 γίνονται
3017 3623 3067 3676 oi
3099 3623 3537 3694 ἁμαρτάνοντες,
3570 3624 3672 3677 οὐκ
3701 3625 4053 3697 ἀναχωρήσει

2449 3717 2640 3781 τόπου,
2675 3718 2791 3771 ἀλλ’
2816 3718 3169 3789 ἀναχωρήσει
3224 3718 3323 3787 τῆς
3347 3718 3573 3787 άρετῆς.

796 3824 951 3879 Vera.
986 3826 1071 3879 15.
1099 3826 1172 3879 Ac
1198 3825 1571 3880 ibi—suam.
1622 3824 1886 3896 Corrupit
1920 3825 2154 3891 donum,
2188 3826 2334 3895 quod
2372 3804 2417 3867 ο
2521 3816 2548 3865 ε

2303 3826 2334 3879 d
2372 3804 2417 3867 C
2521 3812 2632 3866 Kal
2658 3813 2791 3867 ἐκεῖ
2819 3843 2886 3854 --
2917 3811 3129 3866 αὑτοῦ.
3162 3810 3451 3882 Διέφθειρε
3496 3815 3556 3865 τὸ
3587 3814 3651 3866 ὲκ
3698 3813 3791 3867 τοῦ
3850 3813 4051 3884 βαπτί-

722 3932 752 3971 a
792 3916 1068 3989 baptismo
1099 3934 1443 3989 susceperat,
1467 3928 1597 3988 puta
1630 3919 1828 3975 animae
1862 3918 2232 3986 nobilitatem,
2270 3918 2338 3972 ad

2445 3920 2654 3973 σματος
2682 3905 2953 3975 χάρισμα,
2982 3906 3084 3974 τὴν
3117 3905 3217 3975 τῆς
3249 3905 3432 3975 ψυχῆς
3462 3905 3771 3973 εὐγένειαν,
3792 3906 3890 3977 τὴν
3917 3908 4053 3977 πρὸς

720 4013 959 4067 virtutes
1027 4012 1419 4084 aptitudincm.
1474 4010 1603 4067 Haec
1632 4012 1781 4067 enim
1815 4022 1872 4066 et
1925 4012 2126 4067 similia
2186 4022 2344 4067 erant
2445 3999 2472 4052 ἀ

2303 4022 2344 4067 η
2445 3999 2649 4070 ἀρετάς
2698 3998 3145 4069 επιτηδειότητα.
3183 3998 3373 4052 Ταῦτα
3416 3998 3527 4070 γὰρ
3571 4000 3666 4053 καὶ
3712 4000 3783 4054 τά
3827 4002 4052 4056 τοιαῦτα

718 4104 841 4171 ejus
874 4105 1190 4161 substantia
1232 4120 1296 4159 ac
1337 4103 1565 4158 divitiae.

793 4196 951 4253 Vers.
1010 4198 1099 4254 15.
1175 4197 1404 4251 νὶυοηάο
1452 4227 1522 4240 --
1593 4197 1887 4252 luxuriose.
1944 4195 2339 4269 Prodigaliter,

634 4302 640 4310 '
718 4292 1182 4361 intemperanter,
1218 4290 1538 4353 libidinose,
1573 4290 1807 4345 lascive.

793 4381 949 4436 Vers.
1006 4380 1100 4437 14.
1162 4378 1399 4451 Cumque
1461 4381 1644 4434 onmia
1702 4382 2139 4447 consumpsisset.
2195 4381 2335 4435 Cum

715 4476 1035 4544 alijecisset,
1073 4484 1170 4530 aut
1215 4476 1544 4546 respuisset,
1608 4489 1956 4546 quaecunque
2016 4476 2255 4530 habebat
2307 4490 2337 4528 a

716 4569 830 4623 Deo
872 4568 1039 4623 bona.

790 4659 947 4714 Vers.
983 4659 1093 4714 .H.
1149 4656 1329 4713 Facta
1387 4668 1463 4713 est
1514 4689 1586 4701 —
1636 4660 1757 4716 illa.
1803 4657 1906 4714 Ubi
1950 4658 2097 4714 enim
2159 4659 2333 4715 divini

715 4753 931 4806 timoris
963 4752 1307 4807 frumentum
1349 4768 1457 4807 non
1503 4752 1731 4817 seritur,
1770 4752 1843 4805 ibi
1902 4751 2081 4809 fames
2126 4751 2330 4817 valida,

711 4862 820 4900 non
851 4846 1028 4916 panis,
1062 4845 1158 4900 sed
1190 4846 1414 4901 virtutis
1442 4864 1459 4914 ;
1523 4846 1612 4901 ubi
1646 4844 1915 4901 fertilitas
1953 4845 2138 4900 omnis
2175 4845 2328 4911 mali,

710 4942 783 4997 ibi
819 4940 1085 4995 sterilitas
1114 4942 1300 4995 omnis
1330 4940 1483 4996 boni.

781 5035 941 5090 Vers.
983 5033 1072 5087 Η.
1106 5032 1176 5087 Et
1208 5063 1271 5075 -
1306 5050 1480 5103 egere.
1513 5034 1681 5089 Fame
1732 5033 1935 5104 premi,
1987 5032 2205 5103 dilapso
2254 5032 2326 5088 ab

704 5144 772 5185 eo
797 5127 948 5184 omni
987 5127 1158 5193 bono,
1196 5128 1426 5199 solaque
1465 5128 1872 5184 incontinentia
1897 5127 2182 5184 derelicta.

788 5308 949 5367 Vere.
982 5310 1070 5367 15.
1104 5310 1175 5365 Et
1202 5344 1267 5355 —
1290 5312 1461 5367 illius.
1493 5310 1654 5368 Cives
1699 5313 1948 5385 regionis
1980 5312 2151 5378 illius,
2190 5326 2319 5385 puts

702 5404 939 5473 peccati,
984 5415 1115 5460 sunt
1146 5405 1451 5461 daemones.
1482 5404 1791 5462 Distractus
1828 5422 1961 5480 ergo
1989 5423 2019 5463 a
2056 5407 2237 5478 patre.
2283 5424 2317 5464 ο

699 5512 956 5571 magnam
988 5500 1327 5556 dementiam
1358 5504 1371 5557 l
1403 5501 1635 5558 adhaesit
1662 5502 1887 5557 inimico
1920 5521 1932 5556 :
1964 5513 2021 5558 et
2071 5504 2163 5574 qui
2208 5519 2321 5559 non

2444 4087 2588 4163 ἦσαν
2621 4091 2784 4147 οὐσία
2816 4094 2909 4145 καὶ
2943 4093 3177 4152 πλοῦτος
3209 4092 3403 4151 αὑτοῦ.

2514 4184 2649 4239 Ζῶν
2676 4213 2745 4225 -
2766 4185 3040 4256 ἀσώτως.
3078 4186 3369 4259 ’Δφειδῶς,
3386 4188 3649 4261 ἀκρατῶς
3666 4230 3681 4255 ,
3702 4191 4023 4255 ἀκολάστως

2513 4374 2999 4444 Δαπανήσαντος
3033 4376 3104 4431 δὲ
3134 4378 3326 4433 αὐτοῦ
3378 4378 3599 4433 πάντα.
3650 4379 4050 4445 Ἀποΰαλόντος

2441 4468 2641 4533 πάντα,
2670 4471 2771 4523 ὅσα
2798 4465 2947 4541 εἶχεν
2972 4473 3035 4525 ὲκ
3055 4472 3218 4540 Θεοῦ,
3250 4473 3453 4539 ἀγαθά.

2523 4655 2803 4725 Ἐγένετο
2824 4689 2893 4698 -
2924 4656 3195 4725 ἐκείνην.
3226 4657 3403 4711 Ὅπου
3444 4657 3552 4729 γάρ
3585 4663 3613 4713 ὁ
3638 4659 3735 4714 τοῦ
3762 4658 3910 4713 θείου
3948 4662 4048 4727 pd-

2437 4748 2536 4802 σου
2570 4752 2720 4812 σῖτος
2757 4751 2819 4803 οὐ
2871 4754 3230 4820 γεωργεῖται,
3278 4753 3399 4805 ἐκεῖ
3480 4753 3641 4824 λιμὸς
3673 4754 3917 4825 ίσχυρδς,
3944 4756 4047 4810 οὐκ

2434 4842 2625 4914 άρτου,
2684 4843 2799 4896 ἀλλ’
2832 4844 3037 4915 ἀρετῆς
3066 4860 3077 4873 ⁸
3122 4846 3258 4898 ὅπου
3306 4845 3537 4916 εὐφορία
3590 4848 3790 4912 παντὸς
3848 4849 4044 4912 κακοῦ,

2435 4936 2556 4989 εκεῖ
2589 4935 2797 5008 ἀφορία
2826 4937 3031 5000 παντὸς
3058 4937 3253 4994 καλοῦ.

2510 5029 2617 5085 Kal
2652 5060 2721 5072 —
2747 5033 3161 5099 ὑστερεῖσθαι.
3188 5033 3457 5088 Πένεσθαι
3478 5074 3495 5100 ,
3518 5032 3870 5107 διαρῤυίντος
3896 5036 4046 5108 αὐτῷ

2434 5126 2637 5188 παντὸς
2669 5125 2903 5193 ἀγαθοῦ,
2930 5129 3024 5179 καὶ
3057 5127 3231 5200 μόνης
3262 5126 3691 5201 ὑπολειφθείσης
3740 5130 3843 5200 τῆς
3870 5131 4046 5201 ἀκρα-

2437 5220 2561 5283 σίας
2596 5220 2734 5293 (77).
3892 5240 3895 5243 ί

2510 5317 2618 5371 Kal
2654 5346 2718 5356 ——
2744 5316 3010 5387 ἐκείνης.
3052 5318 3278 5373 Πολῖται
3318 5319 3419 5391 τῆς
3444 5319 3628 5390 χώρας
3656 5318 3899 5390 ικείνης,
3922 5320 4041 5389 ἦτοι

2435 5412 2535 5481 τῆς
2583 5412 2900 5483 ἁμαρτίας,
2961 5413 3014 5465 οι
3063 5412 3356 5479 δαίμονεςο
3417 5414 3757 5486 ἀποῤῥαγεὶς
3806 5410 3900 5467 οὖν
3943 5409 4039 5466 τοῦ

2435 5506 2674 5577 πατρὸς,
2722 5503 2769 5559 ὣ
2793 5504 2995 5577 πολλῆς
3024 5506 3247 5572 ἀνοίαςί
3284 5506 3551 5580 ἐκολλήθη
3589 5506 3667 5579 τῷ
3700 5508 3904 5580 ἐχθρῷ,
3940 5505 4037 5561 καὶ

1926 5690 2139 5753 Varire
2175 5690 2487 5754 lectiones
2526 5697 2590 5755 et
2623 5698 2815 5754 notua.

775 5862 889 5929 ('75)
923 5860 1055 5933 Post
1088 5860 1205 5915 haec
1235 5861 1348 5915 duo
1372 5859 1589 5916 scholia
1616 5877 1646 5916 e
1683 5861 1932 5933 margine
1960 5860 2045 5917 sui
2102 5862 2312 5921 codicis

698 5935 911 5993 addidit
946 5932 1274 6002 Ilcntcnius,
1308 5950 1547 6005 quorum
1583 5935 1735 5991 nulla
1767 5938 1986 6009 rcpcrio
2012 5936 2262 6009 vestigia.

2497 5864 2611 5932 (76)
2644 5864 2955 5934 Παρέμενε.
2996 5864 3064 5917 Δ.

2496 5938 2609 6011 (Π)
2640 5936 2753 6007 Τῆς
2777 5936 3146 6012 ἀκαθαρσίας.
3175 5939 3241 5994 Δ.
