  <div class='ocr_page' id='page_1' title='image "/cluster/home/n/w/nwhite01/storage/ocr_20150623/129/nnc1.0046979913/544.png"; bbox 0 0 4436 6450; ppageno 0'>
   <div class='ocr_carea' id='block_1_1' title="bbox 434 406 3730 475">
    <p class='ocr_par' dir='ltr' id='par_1_1' title="bbox 434 406 3730 475">
     <span class='ocr_line' id='line_1_1' title="bbox 434 406 3730 475; baseline 0.001 -4"><span class='ocrx_word' id='word_1_1' title='bbox 434 407 572 472; x_wconf 76' lang='lat'><strong>1025</strong></span> <span class='ocrx_word' id='word_1_2' title='bbox 1414 406 1810 469; x_wconf 76' lang='lat' dir='ltr'><strong>COMMENT.</strong></span> <span class='ocrx_word' id='word_1_3' title='bbox 1854 406 1939 470; x_wconf 83' lang='lat' dir='ltr'><strong>IN</strong></span> <span class='ocrx_word' id='word_1_4' title='bbox 1979 410 2257 472; x_wconf 68' lang='lat' dir='ltr'><strong>LUCAM.</strong></span> <span class='ocrx_word' id='word_1_5' title='bbox 2293 435 2361 449; x_wconf 88' lang='lat'><strong>-</strong></span> <span class='ocrx_word' id='word_1_6' title='bbox 2400 410 2567 474; x_wconf 76' lang='lat' dir='ltr'><strong>CAP.</strong></span> <span class='ocrx_word' id='word_1_7' title='bbox 2611 413 2737 475; x_wconf 81' lang='lat' dir='ltr'><strong>XV.</strong></span> <span class='ocrx_word' id='word_1_8' title='bbox 3597 411 3730 475; x_wconf 75' lang='lat'><strong>1020</strong></span> 
     </span>
    </p>
   </div>
   <div class='ocr_carea' id='block_1_2' title="bbox 431 518 2183 595">
    <p class='ocr_par' dir='ltr' id='par_1_2' title="bbox 431 518 2183 592">
     <span class='ocr_line' id='line_1_2' title="bbox 431 518 2183 592; baseline 0.004 -22"><span class='ocrx_word' id='word_1_9' title='bbox 431 524 505 592; x_wconf 69' lang='grc' dir='ltr'>μὴ</span> <span class='ocrx_word' id='word_1_10' title='bbox 532 519 903 590; x_wconf 73' lang='grc' dir='ltr'><strong>ἀνασχόμενος</strong></span> <span class='ocrx_word' id='word_1_11' title='bbox 947 519 1265 590; x_wconf 77' lang='grc' dir='ltr'><strong>πειθαρχεῖν</strong></span> <span class='ocrx_word' id='word_1_12' title='bbox 1310 518 1390 590; x_wconf 82' lang='grc' dir='ltr'>τῷ</span> <span class='ocrx_word' id='word_1_13' title='bbox 1449 520 1821 592; x_wconf 79' lang='grc' dir='ltr'><strong>φιλανθρώπῳ</strong></span> <span class='ocrx_word' id='word_1_14' title='bbox 1870 522 2023 592; x_wconf 77' lang='grc' dir='ltr'><strong>Θεῷ,</strong></span> <span class='ocrx_word' id='word_1_15' title='bbox 2055 530 2102 586; x_wconf 76' lang='grc' dir='ltr'>Α</span> <span class='ocrx_word' id='word_1_16' title='bbox 2131 538 2183 577; x_wconf 84' lang='lat' dir='ltr'><strong>su</strong></span> 
     </span>
    </p>
   </div>
   <div class='ocr_carea' id='block_1_3' title="bbox 1962 518 3714 595">
    <p class='ocr_par' dir='ltr' id='par_1_3' title="bbox 1962 522 3714 595">
     <span class='ocr_line' id='line_1_3' title="bbox 1962 522 3714 595; baseline 0.007 -20"><span class='ocrx_word' id='word_1_17' title='bbox 1962 522 2023 592; x_wconf 68' lang='grc' dir='ltr'><strong>ξ),</strong></span> <span class='ocrx_word' id='word_1_18' title='bbox 2055 530 2102 586; x_wconf 75' lang='grc' dir='ltr'>Α</span> <span class='ocrx_word' id='word_1_19' title='bbox 2131 522 2472 585; x_wconf 71' lang='lat' dir='ltr'><strong>sustinuerat</strong></span> <span class='ocrx_word' id='word_1_20' title='bbox 2502 540 2697 595; x_wconf 89' lang='lat' dir='ltr'><strong>parere</strong></span> <span class='ocrx_word' id='word_1_21' title='bbox 2722 525 2833 581; x_wconf 89' lang='lat' dir='ltr'><strong>Deo</strong></span> <span class='ocrx_word' id='word_1_22' title='bbox 2856 525 3279 594; x_wconf 82' lang='lat' dir='ltr'><strong>humanissimo.</strong></span> <span class='ocrx_word' id='word_1_23' title='bbox 3301 531 3531 587; x_wconf 74' lang='lat' dir='ltr'><strong>servivit</strong></span> <span class='ocrx_word' id='word_1_24' title='bbox 3558 532 3714 588; x_wconf 80' lang='lat' dir='ltr'><strong>inhu-</strong></span> 
     </span>
    </p>
   </div>
   <div class='ocr_carea' id='block_1_4' title="bbox 426 613 2178 684">
    <p class='ocr_par' dir='ltr' id='par_1_4' title="bbox 426 613 2178 684">
     <span class='ocr_line' id='line_1_4' title="bbox 426 613 2178 684; baseline -0.002 -15"><span class='ocrx_word' id='word_1_25' title='bbox 426 617 673 669; x_wconf 71' lang='grc' dir='ltr'>ὲδούλευε</span> <span class='ocrx_word' id='word_1_26' title='bbox 698 615 774 684; x_wconf 87' lang='grc' dir='ltr'>τῷ</span> <span class='ocrx_word' id='word_1_27' title='bbox 807 613 1186 684; x_wconf 72' lang='grc' dir='ltr'>μισανθρώπερ</span> <span class='ocrx_word' id='word_1_28' title='bbox 1218 614 1458 683; x_wconf 75' lang='grc' dir='ltr'><strong>δαίμονι.</strong></span> <span class='ocrx_word' id='word_1_29' title='bbox 2127 629 2178 666; x_wconf 88' lang='lat' dir='ltr'><strong>m</strong></span> 
     </span>
    </p>
   </div>
   <div class='ocr_carea' id='block_1_5' title="bbox 979 613 2731 684">
    <p class='ocr_par' dir='ltr' id='par_1_5' title="bbox 980 613 2731 684">
     <span class='ocr_line' id='line_1_5' title="bbox 980 613 2731 684; baseline 0.001 -18"><span class='ocrx_word' id='word_1_30' title='bbox 980 613 1186 684; x_wconf 68' lang='grc' dir='ltr'>θρώπτρ</span> <span class='ocrx_word' id='word_1_31' title='bbox 1218 614 1458 683; x_wconf 75' lang='grc' dir='ltr'><strong>δαίμονι.</strong></span> <span class='ocrx_word' id='word_1_32' title='bbox 2127 614 2453 667; x_wconf 81' lang='lat' dir='ltr'><strong>mattissimo</strong></span> <span class='ocrx_word' id='word_1_33' title='bbox 2473 616 2731 668; x_wconf 64' lang='lat' dir='ltr'><strong>dmmoni.</strong></span> 
     </span>
    </p>
   </div>
   <div class='ocr_carea' id='block_1_6' title="bbox 503 705 2255 776">
    <p class='ocr_par' dir='ltr' id='par_1_6' title="bbox 503 705 2255 776">
     <span class='ocr_line' id='line_1_6' title="bbox 503 705 2255 776; baseline -0.003 -16"><span class='ocrx_word' id='word_1_34' title='bbox 503 710 611 761; x_wconf 74' lang='grc' dir='ltr'><strong>Καὶ</strong></span> <span class='ocrx_word' id='word_1_35' title='bbox 644 734 718 747; x_wconf 91' lang='grc'><strong>-</strong></span> <span class='ocrx_word' id='word_1_36' title='bbox 745 708 1015 775; x_wconf 59' lang='grc' dir='ltr'>χοίρους.</span> <span class='ocrx_word' id='word_1_37' title='bbox 1060 706 1247 769; x_wconf 79' lang='grc' dir='ltr'>Οὕτως</span> <span class='ocrx_word' id='word_1_38' title='bbox 1296 708 1345 758; x_wconf 84' lang='lat' dir='ltr'><strong>oi</strong></span> <span class='ocrx_word' id='word_1_39' title='bbox 1399 706 1654 776; x_wconf 86' lang='grc' dir='ltr'>δαίμονες</span> <span class='ocrx_word' id='word_1_40' title='bbox 1696 707 2020 776; x_wconf 68' lang='grc' dir='ltr'>ἀμείϐονται</span> <span class='ocrx_word' id='word_1_41' title='bbox 2192 705 2255 756; x_wconf 61' lang='lat' dir='ltr'><strong>\‘t</strong></span> 
     </span>
    </p>
   </div>
   <div class='ocr_carea' id='block_1_7' title="bbox 1964 705 3716 776">
    <p class='ocr_par' dir='ltr' id='par_1_7' title="bbox 1969 705 3716 776">
     <span class='ocr_line' id='line_1_7' title="bbox 1969 705 3716 776; baseline 0.006 -17"><span class='ocrx_word' id='word_1_42' title='bbox 1969 727 2020 759; x_wconf 67' lang='grc' dir='ltr'><strong>αι</strong></span> <span class='ocrx_word' id='word_1_43' title='bbox 2192 705 2358 759; x_wconf 66' lang='grc' dir='ltr'>ινθη.</span> <span class='ocrx_word' id='word_1_44' title='bbox 2405 707 2492 760; x_wconf 86' lang='grc'>15.</span> <span class='ocrx_word' id='word_1_45' title='bbox 2534 707 2701 776; x_wconf 78' lang='lat' dir='ltr'><strong>Atque</strong></span> <span class='ocrx_word' id='word_1_46' title='bbox 2739 736 2807 748; x_wconf 89' lang='lat'><strong><em>—</em></strong></span> <span class='ocrx_word' id='word_1_47' title='bbox 2835 724 3045 776; x_wconf 84' lang='lat' dir='ltr'><strong>porcos.</strong></span> <span class='ocrx_word' id='word_1_48' title='bbox 3090 709 3170 763; x_wconf 86' lang='lat' dir='ltr'><strong>Ita</strong></span> <span class='ocrx_word' id='word_1_49' title='bbox 3220 712 3504 768; x_wconf 69' lang='lat' dir='ltr'><strong>daemones</strong></span> <span class='ocrx_word' id='word_1_50' title='bbox 3534 730 3716 770; x_wconf 87' lang='lat' dir='ltr'><strong>remu-</strong></span> 
     </span>
    </p>
   </div>
   <div class='ocr_carea' id='block_1_8' title="bbox 425 797 2177 874">
    <p class='ocr_par' dir='ltr' id='par_1_8' title="bbox 425 797 2177 869">
     <span class='ocr_line' id='line_1_8' title="bbox 425 797 2177 869; baseline -0.002 -17"><span class='ocrx_word' id='word_1_51' title='bbox 425 802 550 861; x_wconf 72' lang='grc' dir='ltr'>τοὺς</span> <span class='ocrx_word' id='word_1_52' title='bbox 582 800 959 867; x_wconf 77' lang='grc' dir='ltr'>κολλωμένους</span> <span class='ocrx_word' id='word_1_53' title='bbox 996 798 1203 858; x_wconf 78' lang='grc' dir='ltr'>αὐτοῖς.</span> <span class='ocrx_word' id='word_1_54' title='bbox 1239 797 1405 866; x_wconf 82' lang='grc' dir='ltr'><strong>Δηλοῖ</strong></span> <span class='ocrx_word' id='word_1_55' title='bbox 1444 798 1499 849; x_wconf 70' lang='grc' dir='ltr'><strong>ει</strong></span> <span class='ocrx_word' id='word_1_56' title='bbox 1541 799 1570 848; x_wconf 99' lang='lat'><strong>6</strong></span> <span class='ocrx_word' id='word_1_57' title='bbox 1602 798 1788 865; x_wconf 78' lang='grc' dir='ltr'>λόγος,</span> <span class='ocrx_word' id='word_1_58' title='bbox 1831 799 1929 869; x_wconf 80' lang='grc' dir='ltr'>τὴν</span> <span class='ocrx_word' id='word_1_59' title='bbox 1971 804 2021 851; x_wconf 76' lang='grc' dir='ltr'><strong>ὲ-</strong></span> <span class='ocrx_word' id='word_1_60' title='bbox 2125 813 2177 850; x_wconf 85' lang='lat' dir='ltr'><strong>nt</strong></span> 
     </span>
    </p>
   </div>
   <div class='ocr_carea' id='block_1_9' title="bbox 1976 797 3728 874">
    <p class='ocr_par' dir='ltr' id='par_1_9' title="bbox 1976 800 3728 874">
     <span class='ocr_line' id='line_1_9' title="bbox 1976 800 3728 874; baseline 0.007 -23"><span class='ocrx_word' id='word_1_61' title='bbox 1976 804 2021 851; x_wconf 73' lang='grc' dir='ltr'>ιο</span> <span class='ocrx_word' id='word_1_62' title='bbox 2125 807 2325 851; x_wconf 88' lang='lat' dir='ltr'><strong>nerant</strong></span> <span class='ocrx_word' id='word_1_63' title='bbox 2367 813 2484 861; x_wconf 92' lang='lat' dir='ltr'><strong>eos,</strong></span> <span class='ocrx_word' id='word_1_64' title='bbox 2531 801 2623 868; x_wconf 88' lang='lat' dir='ltr'><strong>qui</strong></span> <span class='ocrx_word' id='word_1_65' title='bbox 2659 800 2765 854; x_wconf 85' lang='lat' dir='ltr'><strong>sibi</strong></span> <span class='ocrx_word' id='word_1_66' title='bbox 2817 802 3125 858; x_wconf 67' lang='lat' dir='ltr'><strong>adhaerent.</strong></span> <span class='ocrx_word' id='word_1_67' title='bbox 3191 803 3483 874; x_wconf 85' lang='lat' dir='ltr'><strong>Signiﬁcat</strong></span> <span class='ocrx_word' id='word_1_68' title='bbox 3542 819 3728 864; x_wconf 90' lang='lat' dir='ltr'><strong>autem</strong></span> 
     </span>
    </p>
   </div>
   <div class='ocr_carea' id='block_1_10' title="bbox 429 889 2181 967">
    <p class='ocr_par' dir='ltr' id='par_1_10' title="bbox 429 890 2181 965">
     <span class='ocr_line' id='line_1_10' title="bbox 429 890 2181 965; baseline -0.005 -17"><span class='ocrx_word' id='word_1_69' title='bbox 429 896 632 965; x_wconf 76' lang='grc' dir='ltr'>σχάτην</span> <span class='ocrx_word' id='word_1_70' title='bbox 661 891 753 945; x_wconf 85' lang='grc' dir='ltr'>τοῦ</span> <span class='ocrx_word' id='word_1_71' title='bbox 772 890 957 944; x_wconf 77' lang='grc' dir='ltr'><strong>ἀθλίου</strong></span> <span class='ocrx_word' id='word_1_72' title='bbox 982 890 1249 952; x_wconf 80' lang='grc' dir='ltr'>δουλείαν,</span> <span class='ocrx_word' id='word_1_73' title='bbox 1282 893 1715 961; x_wconf 83' lang='grc' dir='ltr'>ὲπιταττομένου</span> <span class='ocrx_word' id='word_1_74' title='bbox 1740 894 1806 944; x_wconf 69' lang='grc' dir='ltr'>τὰ</span> <span class='ocrx_word' id='word_1_75' title='bbox 1829 893 2023 961; x_wconf 80' lang='grc' dir='ltr'>ἁτιμό-</span> <span class='ocrx_word' id='word_1_76' title='bbox 2126 900 2181 939; x_wconf 86' lang='lat' dir='ltr'><strong>se</strong></span> 
     </span>
    </p>
   </div>
   <div class='ocr_carea' id='block_1_11' title="bbox 1978 889 3730 967">
    <p class='ocr_par' dir='ltr' id='par_1_11' title="bbox 1978 889 3730 967">
     <span class='ocr_line' id='line_1_11' title="bbox 1978 889 3730 967; baseline 0.01 -30"><span class='ocrx_word' id='word_1_77' title='bbox 1978 893 2023 945; x_wconf 72' lang='grc' dir='ltr'><strong>ς-</strong></span> <span class='ocrx_word' id='word_1_78' title='bbox 2126 900 2311 939; x_wconf 86' lang='lat' dir='ltr'><strong>sermo</strong></span> <span class='ocrx_word' id='word_1_79' title='bbox 2344 895 2651 940; x_wconf 80' lang='lat' dir='ltr'><strong>extremam</strong></span> <span class='ocrx_word' id='word_1_80' title='bbox 2684 889 2868 942; x_wconf 79' lang='lat' dir='ltr'><strong>miseri</strong></span> <span class='ocrx_word' id='word_1_81' title='bbox 2924 892 3277 957; x_wconf 84' lang='lat' dir='ltr'><strong>servitutem,</strong></span> <span class='ocrx_word' id='word_1_82' title='bbox 3322 897 3410 949; x_wconf 91' lang='lat' dir='ltr'><strong>cui</strong></span> <span class='ocrx_word' id='word_1_83' title='bbox 3457 899 3730 967; x_wconf 87' lang='lat' dir='ltr'><strong>indignis-</strong></span> 
     </span>
    </p>
   </div>
   <div class='ocr_carea' id='block_1_12' title="bbox 427 979 2179 1053">
    <p class='ocr_par' dir='ltr' id='par_1_12' title="bbox 427 979 2170 1053">
     <span class='ocr_line' id='line_1_12' title="bbox 427 979 2170 1053; baseline -0.002 -18"><span class='ocrx_word' id='word_1_84' title='bbox 427 1002 587 1037; x_wconf 82' lang='grc' dir='ltr'>τατα.</span> <span class='ocrx_word' id='word_1_85' title='bbox 617 984 716 1034; x_wconf 76' lang='grc' dir='ltr'><strong>Διὰ</strong></span> <span class='ocrx_word' id='word_1_86' title='bbox 742 982 903 1033; x_wconf 82' lang='grc' dir='ltr'>τοῦτο</span> <span class='ocrx_word' id='word_1_87' title='bbox 934 982 1043 1050; x_wconf 74' lang='grc' dir='ltr'><strong>γὰρ</strong></span> <span class='ocrx_word' id='word_1_88' title='bbox 1076 981 1168 1032; x_wconf 76' lang='grc' dir='ltr'>καὶ</span> <span class='ocrx_word' id='word_1_89' title='bbox 1215 979 1476 1032; x_wconf 80' lang='grc' dir='ltr'><strong>πλατύνει</strong></span> <span class='ocrx_word' id='word_1_90' title='bbox 1507 982 1606 1053; x_wconf 74' lang='grc' dir='ltr'>τὴν</span> <span class='ocrx_word' id='word_1_91' title='bbox 1640 981 1959 1051; x_wconf 77' lang='grc' dir='ltr'>παραϐολὴν</span> <span class='ocrx_word' id='word_1_92' title='bbox 1995 984 2023 1035; x_wconf 84' lang='grc' dir='ltr'><strong>δ</strong></span> <span class='ocrx_word' id='word_1_93' title='bbox 2127 980 2170 1033; x_wconf 88' lang='lat' dir='ltr'><strong>si</strong></span> 
     </span>
    </p>
   </div>
   <div class='ocr_carea' id='block_1_13' title="bbox 1974 979 3726 1053">
    <p class='ocr_par' dir='ltr' id='par_1_13' title="bbox 1995 980 3726 1050">
     <span class='ocr_line' id='line_1_13' title="bbox 1995 980 3726 1050; baseline 0.008 -18"><span class='ocrx_word' id='word_1_94' title='bbox 1995 984 2023 1035; x_wconf 84' lang='grc' dir='ltr'><strong>δ</strong></span> <span class='ocrx_word' id='word_1_95' title='bbox 2127 980 2263 1033; x_wconf 87' lang='lat' dir='ltr'><strong>sima</strong></span> <span class='ocrx_word' id='word_1_96' title='bbox 2292 980 2702 1048; x_wconf 55' lang='lat' dir='ltr'><strong>pracipiuutur.</strong></span> <span class='ocrx_word' id='word_1_97' title='bbox 2746 982 3042 1050; x_wconf 81' lang='lat' dir='ltr'><strong>PrOpterea</strong></span> <span class='ocrx_word' id='word_1_98' title='bbox 3069 987 3217 1039; x_wconf 90' lang='lat' dir='ltr'><strong>enim</strong></span> <span class='ocrx_word' id='word_1_99' title='bbox 3245 989 3439 1041; x_wconf 84' lang='lat' dir='ltr'><strong>dilatat</strong></span> <span class='ocrx_word' id='word_1_100' title='bbox 3468 984 3726 1046; x_wconf 75' lang='lat' dir='ltr'><strong>Christus</strong></span> 
     </span>
    </p>
   </div>
   <div class='ocr_carea' id='block_1_14' title="bbox 429 1072 2181 1147">
    <p class='ocr_par' dir='ltr' id='par_1_14' title="bbox 429 1072 2181 1147">
     <span class='ocr_line' id='line_1_14' title="bbox 429 1072 2181 1147; baseline -0.003 -18"><span class='ocrx_word' id='word_1_101' title='bbox 429 1076 681 1147; x_wconf 80' lang='grc' dir='ltr'>Χριστὸς,</span> <span class='ocrx_word' id='word_1_102' title='bbox 718 1078 812 1127; x_wconf 73' lang='grc' dir='ltr'>καὶ</span> <span class='ocrx_word' id='word_1_103' title='bbox 836 1072 1195 1142; x_wconf 80' lang='grc' dir='ltr'>λεπτομερῶς</span> <span class='ocrx_word' id='word_1_104' title='bbox 1229 1074 1572 1143; x_wconf 76' lang='grc' dir='ltr'>ὲκτραγῳδεῖ</span> <span class='ocrx_word' id='word_1_105' title='bbox 1604 1074 1673 1126; x_wconf 82' lang='grc' dir='ltr'>τὰ</span> <span class='ocrx_word' id='word_1_106' title='bbox 1723 1074 1826 1142; x_wconf 81' lang='grc' dir='ltr'>τῆς</span> <span class='ocrx_word' id='word_1_107' title='bbox 1876 1090 2021 1143; x_wconf 85' lang='grc' dir='ltr'>συμ-</span> <span class='ocrx_word' id='word_1_108' title='bbox 2126 1086 2181 1139; x_wconf 75' lang='lat' dir='ltr'><strong>pa</strong></span> 
     </span>
    </p>
   </div>
   <div class='ocr_carea' id='block_1_15' title="bbox 1986 1072 3738 1147">
    <p class='ocr_par' dir='ltr' id='par_1_15' title="bbox 1986 1072 3738 1147">
     <span class='ocr_line' id='line_1_15' title="bbox 1986 1072 3738 1147; baseline 0.008 -24"><span class='ocrx_word' id='word_1_109' title='bbox 1986 1103 2021 1123; x_wconf 31' lang='grc' dir='ltr'><strong>χ-</strong></span> <span class='ocrx_word' id='word_1_110' title='bbox 2126 1072 3211 1145; x_wconf 78' lang='lat' dir='ltr'><strong>parabolam.etminutatimampliﬁcat,</strong></span> <span class='ocrx_word' id='word_1_111' title='bbox 3261 1096 3383 1147; x_wconf 61' lang='lat' dir='ltr'><strong>qua</strong></span> <span class='ocrx_word' id='word_1_112' title='bbox 3410 1082 3738 1138; x_wconf 81' lang='lat' dir='ltr'><strong>calamitatis</strong></span> 
     </span>
    </p>
   </div>
   <div class='ocr_carea' id='block_1_16' title="bbox 430 1160 2182 1240">
    <p class='ocr_par' dir='ltr' id='par_1_16' title="bbox 430 1160 2182 1239">
     <span class='ocr_line' id='line_1_16' title="bbox 430 1160 2182 1239; baseline -0.004 -18"><span class='ocrx_word' id='word_1_113' title='bbox 430 1172 623 1239; x_wconf 80' lang='grc' dir='ltr'>φορᾶς,</span> <span class='ocrx_word' id='word_1_114' title='bbox 660 1169 747 1221; x_wconf 82' lang='grc' dir='ltr'>ἵνα</span> <span class='ocrx_word' id='word_1_115' title='bbox 788 1168 1055 1238; x_wconf 84' lang='grc' dir='ltr'><strong>μάθωμεν</strong></span> <span class='ocrx_word' id='word_1_116' title='bbox 1104 1160 1193 1218; x_wconf 76' lang='grc' dir='ltr'>οἷα</span> <span class='ocrx_word' id='word_1_117' title='bbox 1224 1166 1532 1235; x_wconf 81' lang='grc' dir='ltr'>πάσχουσιν</span> <span class='ocrx_word' id='word_1_118' title='bbox 1569 1167 1619 1218; x_wconf 84' lang='lat' dir='ltr'><strong>oi</strong></span> <span class='ocrx_word' id='word_1_119' title='bbox 1685 1166 2023 1234; x_wconf 81' lang='grc' dir='ltr'>ἀποφοιτῶν-</span> <span class='ocrx_word' id='word_1_120' title='bbox 2124 1175 2182 1214; x_wconf 82' lang='lat' dir='ltr'><strong>cr</strong></span> 
     </span>
    </p>
   </div>
   <div class='ocr_carea' id='block_1_17' title="bbox 1984 1160 3736 1240">
    <p class='ocr_par' dir='ltr' id='par_1_17' title="bbox 1984 1162 3736 1240">
     <span class='ocr_line' id='line_1_17' title="bbox 1984 1162 3736 1240; baseline 0.009 -28"><span class='ocrx_word' id='word_1_121' title='bbox 1984 1185 2023 1219; x_wconf 65' lang='grc' dir='ltr'><strong>θ-</strong></span> <span class='ocrx_word' id='word_1_122' title='bbox 2124 1171 2328 1214; x_wconf 80' lang='lat' dir='ltr'><strong>erant:</strong></span> <span class='ocrx_word' id='word_1_123' title='bbox 2366 1170 2425 1214; x_wconf 88' lang='lat' dir='ltr'><strong>ut</strong></span> <span class='ocrx_word' id='word_1_124' title='bbox 2462 1162 2743 1217; x_wconf 87' lang='lat' dir='ltr'><strong>discamus</strong></span> <span class='ocrx_word' id='word_1_125' title='bbox 2794 1166 2979 1233; x_wconf 88' lang='lat' dir='ltr'><strong>qualia</strong></span> <span class='ocrx_word' id='word_1_126' title='bbox 3030 1169 3313 1235; x_wconf 86' lang='lat' dir='ltr'><strong>patiantur</strong></span> <span class='ocrx_word' id='word_1_127' title='bbox 3346 1170 3382 1222; x_wconf 94' lang='lat' dir='ltr'><strong>ii</strong></span> <span class='ocrx_word' id='word_1_128' title='bbox 3417 1173 3507 1240; x_wconf 91' lang='lat' dir='ltr'><strong>qui</strong></span> <span class='ocrx_word' id='word_1_129' title='bbox 3566 1189 3596 1225; x_wconf 94' lang='lat' dir='ltr'><strong>a</strong></span> <span class='ocrx_word' id='word_1_130' title='bbox 3639 1174 3736 1228; x_wconf 88' lang='lat' dir='ltr'><strong>Dei</strong></span> 
     </span>
    </p>
   </div>
   <div class='ocr_carea' id='block_1_18' title="bbox 429 1256 2181 1333">
    <p class='ocr_par' dir='ltr' id='par_1_18' title="bbox 429 1257 2181 1327">
     <span class='ocr_line' id='line_1_18' title="bbox 429 1257 2181 1327; baseline -0.005 -13"><span class='ocrx_word' id='word_1_131' title='bbox 429 1280 519 1324; x_wconf 80' lang='grc' dir='ltr'><strong>τες</strong></span> <span class='ocrx_word' id='word_1_132' title='bbox 543 1261 651 1313; x_wconf 84' lang='grc' dir='ltr'>τῶν</span> <span class='ocrx_word' id='word_1_133' title='bbox 683 1259 914 1312; x_wconf 74' lang='grc' dir='ltr'>ἐντολῶν</span> <span class='ocrx_word' id='word_1_134' title='bbox 946 1258 1039 1310; x_wconf 80' lang='grc' dir='ltr'>τοῦ</span> <span class='ocrx_word' id='word_1_135' title='bbox 1072 1257 1233 1319; x_wconf 84' lang='grc' dir='ltr'>Θεοῦ,</span> <span class='ocrx_word' id='word_1_136' title='bbox 1263 1258 1358 1309; x_wconf 74' lang='grc' dir='ltr'>καὶ</span> <span class='ocrx_word' id='word_1_137' title='bbox 1395 1258 1760 1327; x_wconf 75' lang='grc' dir='ltr'>πορευόμενοι</span> <span class='ocrx_word' id='word_1_138' title='bbox 1790 1260 1932 1312; x_wconf 81' lang='grc' dir='ltr'>κατὰ</span> <span class='ocrx_word' id='word_1_139' title='bbox 1963 1258 2023 1310; x_wconf 83' lang='grc' dir='ltr'><strong>τὸ</strong></span> <span class='ocrx_word' id='word_1_140' title='bbox 2129 1269 2181 1322; x_wconf 84' lang='lat' dir='ltr'><strong>pl</strong></span> 
     </span>
    </p>
   </div>
   <div class='ocr_carea' id='block_1_19' title="bbox 1987 1256 3739 1333">
    <p class='ocr_par' dir='ltr' id='par_1_19' title="bbox 1987 1256 3739 1333">
     <span class='ocr_line' id='line_1_19' title="bbox 1987 1256 3739 1333; baseline 0.006 -26"><span class='ocrx_word' id='word_1_141' title='bbox 1987 1258 2023 1309; x_wconf 71' lang='grc' dir='ltr'><strong>τὸ</strong></span> <span class='ocrx_word' id='word_1_142' title='bbox 2129 1256 2417 1323; x_wconf 69' lang='lat' dir='ltr'><strong>prmceptis</strong></span> <span class='ocrx_word' id='word_1_143' title='bbox 2477 1256 2765 1320; x_wconf 84' lang='lat' dir='ltr'><strong>recedunt,</strong></span> <span class='ocrx_word' id='word_1_144' title='bbox 2809 1259 3013 1312; x_wconf 88' lang='lat' dir='ltr'><strong>etsuis</strong></span> <span class='ocrx_word' id='word_1_145' title='bbox 3062 1260 3439 1317; x_wconf 79' lang='lat' dir='ltr'><strong>voluntatibus</strong></span> <span class='ocrx_word' id='word_1_146' title='bbox 3478 1264 3739 1333; x_wconf 76' lang='lat' dir='ltr'><strong>gradiun~</strong></span> 
     </span>
    </p>
   </div>
   <div class='ocr_carea' id='block_1_20' title="bbox 433 1349 2240 1417">
    <p class='ocr_par' dir='ltr' id='par_1_20' title="bbox 433 1349 2240 1417">
     <span class='ocr_line' id='line_1_20' title="bbox 433 1349 2240 1417; baseline -0.001 -17"><span class='ocrx_word' id='word_1_147' title='bbox 433 1352 564 1403; x_wconf 87' lang='grc' dir='ltr'>ῐδιον</span> <span class='ocrx_word' id='word_1_148' title='bbox 590 1349 829 1417; x_wconf 85' lang='grc' dir='ltr'>θέλημα.</span> <span class='ocrx_word' id='word_1_149' title='bbox 2130 1354 2240 1399; x_wconf 83' lang='lat' dir='ltr'><strong>tur.</strong></span> 
     </span>
    </p>
   </div>
   <div class='ocr_carea' id='block_1_21' title="bbox 503 1434 2255 1517">
    <p class='ocr_par' dir='ltr' id='par_1_21' title="bbox 503 1434 2255 1508">
     <span class='ocr_line' id='line_1_21' title="bbox 503 1434 2255 1508; baseline 0.002 -19"><span class='ocrx_word' id='word_1_150' title='bbox 503 1434 628 1489; x_wconf 81' lang='grc' dir='ltr'>Εἶεν</span> <span class='ocrx_word' id='word_1_151' title='bbox 660 1437 703 1489; x_wconf 78' lang='grc' dir='ltr'>δ’</span> <span class='ocrx_word' id='word_1_152' title='bbox 726 1438 791 1490; x_wconf 85' lang='grc' dir='ltr'>ἂν</span> <span class='ocrx_word' id='word_1_153' title='bbox 816 1438 977 1508; x_wconf 74' lang='grc' dir='ltr'>ἀγροὶ</span> <span class='ocrx_word' id='word_1_154' title='bbox 1021 1438 1120 1507; x_wconf 79' lang='grc' dir='ltr'>μὲν</span> <span class='ocrx_word' id='word_1_155' title='bbox 1151 1437 1246 1490; x_wconf 79' lang='grc' dir='ltr'>τοῦ</span> <span class='ocrx_word' id='word_1_156' title='bbox 1279 1438 1539 1507; x_wconf 85' lang='grc' dir='ltr'>δαίμονος</span> <span class='ocrx_word' id='word_1_157' title='bbox 1570 1438 1627 1492; x_wconf 72' lang='grc' dir='ltr'>αἱ</span> <span class='ocrx_word' id='word_1_158' title='bbox 1658 1438 1888 1507; x_wconf 76' lang='grc' dir='ltr'>ἄσιμνοι</span> <span class='ocrx_word' id='word_1_159' title='bbox 1911 1439 2025 1490; x_wconf 80' lang='grc' dir='ltr'>διαο</span> <span class='ocrx_word' id='word_1_160' title='bbox 2193 1437 2255 1492; x_wconf 84' lang='grc' dir='ltr'><strong>Ρ(</strong></span> 
     </span>
    </p>
   </div>
   <div class='ocr_carea' id='block_1_22' title="bbox 1987 1434 3739 1517">
    <p class='ocr_par' dir='ltr' id='par_1_22' title="bbox 1987 1437 3739 1517">
     <span class='ocr_line' id='line_1_22' title="bbox 1987 1437 3739 1517; baseline 0.006 -26"><span class='ocrx_word' id='word_1_161' title='bbox 1987 1457 2025 1490; x_wconf 86' lang='grc' dir='ltr'>ι-</span> <span class='ocrx_word' id='word_1_162' title='bbox 2193 1437 2383 1493; x_wconf 89' lang='lat' dir='ltr'><strong>Potest</strong></span> <span class='ocrx_word' id='word_1_163' title='bbox 2412 1453 2633 1509; x_wconf 92' lang='lat' dir='ltr'><strong>quoque</strong></span> <span class='ocrx_word' id='word_1_164' title='bbox 2666 1440 2793 1493; x_wconf 86' lang='lat' dir='ltr'><strong>villa</strong></span> <span class='ocrx_word' id='word_1_165' title='bbox 2840 1441 3113 1496; x_wconf 69' lang='lat' dir='ltr'><strong>daemonis</strong></span> <span class='ocrx_word' id='word_1_166' title='bbox 3157 1443 3264 1497; x_wconf 86' lang='lat' dir='ltr'><strong>dici</strong></span> <span class='ocrx_word' id='word_1_167' title='bbox 3323 1445 3550 1517; x_wconf 86' lang='lat' dir='ltr'><strong>indigna</strong></span> <span class='ocrx_word' id='word_1_168' title='bbox 3597 1463 3739 1501; x_wconf 88' lang='lat' dir='ltr'><strong>con-</strong></span> 
     </span>
    </p>
   </div>
   <div class='ocr_carea' id='block_1_23' title="bbox 429 1530 2181 1605">
    <p class='ocr_par' dir='ltr' id='par_1_23' title="bbox 429 1530 2181 1602">
     <span class='ocr_line' id='line_1_23' title="bbox 429 1530 2181 1602; baseline 0 -21"><span class='ocrx_word' id='word_1_169' title='bbox 429 1532 635 1599; x_wconf 74' lang='grc' dir='ltr'>τριὸαίο</span> <span class='ocrx_word' id='word_1_170' title='bbox 686 1533 860 1601; x_wconf 80' lang='grc' dir='ltr'>χοῖροι</span> <span class='ocrx_word' id='word_1_171' title='bbox 909 1530 987 1595; x_wconf 76' lang='grc' dir='ltr'><strong>δὲ,</strong></span> <span class='ocrx_word' id='word_1_172' title='bbox 1018 1533 1067 1582; x_wconf 79' lang='lat' dir='ltr'><strong>oi</strong></span> <span class='ocrx_word' id='word_1_173' title='bbox 1100 1532 1373 1601; x_wconf 78' lang='grc' dir='ltr'>φιλήδονοι</span> <span class='ocrx_word' id='word_1_174' title='bbox 1406 1533 1503 1583; x_wconf 73' lang='grc' dir='ltr'><strong>καὶ</strong></span> <span class='ocrx_word' id='word_1_175' title='bbox 1545 1531 1907 1602; x_wconf 77' lang='grc' dir='ltr'>βορὸορώδεις</span> <span class='ocrx_word' id='word_1_176' title='bbox 1937 1531 2027 1583; x_wconf 82' lang='grc' dir='ltr'><strong>λο-</strong></span> <span class='ocrx_word' id='word_1_177' title='bbox 2130 1548 2181 1582; x_wconf 76' lang='lat' dir='ltr'><strong>vr</strong></span> 
     </span>
    </p>
   </div>
   <div class='ocr_carea' id='block_1_24' title="bbox 1990 1530 3742 1605">
    <p class='ocr_par' dir='ltr' id='par_1_24' title="bbox 1990 1532 3742 1605">
     <span class='ocr_line' id='line_1_24' title="bbox 1990 1532 3742 1605; baseline 0.009 -24"><span class='ocrx_word' id='word_1_178' title='bbox 1990 1552 2027 1581; x_wconf 73' lang='grc' dir='ltr'><strong>ιο</strong></span> <span class='ocrx_word' id='word_1_179' title='bbox 2130 1532 2424 1598; x_wconf 79' lang='lat' dir='ltr'><strong>versatio;</strong></span> <span class='ocrx_word' id='word_1_180' title='bbox 2485 1534 2636 1602; x_wconf 91' lang='lat' dir='ltr'><strong>porci</strong></span> <span class='ocrx_word' id='word_1_181' title='bbox 2693 1549 2863 1599; x_wconf 89' lang='lat' dir='ltr'><strong>vero,</strong></span> <span class='ocrx_word' id='word_1_182' title='bbox 2938 1536 3251 1605; x_wconf 86' lang='lat' dir='ltr'><strong>voluptates</strong></span> <span class='ocrx_word' id='word_1_183' title='bbox 3316 1554 3381 1593; x_wconf 93' lang='lat' dir='ltr'><strong>ac</strong></span> <span class='ocrx_word' id='word_1_184' title='bbox 3450 1541 3742 1596; x_wconf 67' lang='lat' dir='ltr'><strong>lutulentae</strong></span> 
     </span>
    </p>
   </div>
   <div class='ocr_carea' id='block_1_25' title="bbox 431 1622 2183 1701">
    <p class='ocr_par' dir='ltr' id='par_1_25' title="bbox 431 1622 2183 1692">
     <span class='ocr_line' id='line_1_25' title="bbox 431 1622 2183 1692; baseline 0.002 -19"><span class='ocrx_word' id='word_1_185' title='bbox 431 1624 644 1690; x_wconf 73' lang='grc' dir='ltr'>γισμοὶ,</span> <span class='ocrx_word' id='word_1_186' title='bbox 683 1622 774 1684; x_wconf 84' lang='grc' dir='ltr'><strong>οὒς</strong></span> <span class='ocrx_word' id='word_1_187' title='bbox 822 1624 851 1673; x_wconf 89' lang='lat'><strong>6</strong></span> <span class='ocrx_word' id='word_1_188' title='bbox 900 1622 1256 1691; x_wconf 82' lang='grc' dir='ltr'>ταλαίπωρος</span> <span class='ocrx_word' id='word_1_189' title='bbox 1314 1625 1540 1692; x_wconf 73' lang='grc' dir='ltr'>τρέφειν</span> <span class='ocrx_word' id='word_1_190' title='bbox 1589 1626 1683 1675; x_wconf 79' lang='grc' dir='ltr'><strong>καὶ</strong></span> <span class='ocrx_word' id='word_1_191' title='bbox 1742 1624 2027 1692; x_wconf 79' lang='grc' dir='ltr'>περιέπειν</span> <span class='ocrx_word' id='word_1_192' title='bbox 2130 1638 2183 1677; x_wconf 85' lang='lat' dir='ltr'><strong>cc</strong></span> 
     </span>
    </p>
   </div>
   <div class='ocr_carea' id='block_1_26' title="bbox 1993 1622 3745 1701">
    <p class='ocr_par' dir='ltr' id='par_1_26' title="bbox 1997 1625 3745 1701">
     <span class='ocr_line' id='line_1_26' title="bbox 1997 1625 3745 1701; baseline 0.007 -25"><span class='ocrx_word' id='word_1_193' title='bbox 1997 1641 2027 1676; x_wconf 94' lang='grc' dir='ltr'><strong>ν</strong></span> <span class='ocrx_word' id='word_1_194' title='bbox 2130 1625 2513 1694; x_wconf 84' lang='lat' dir='ltr'><strong>cogitationes,</strong></span> <span class='ocrx_word' id='word_1_195' title='bbox 2560 1639 2699 1693; x_wconf 90' lang='lat' dir='ltr'><strong>quas</strong></span> <span class='ocrx_word' id='word_1_196' title='bbox 2744 1625 2913 1679; x_wconf 84' lang='lat' dir='ltr'><strong>miser</strong></span> <span class='ocrx_word' id='word_1_197' title='bbox 2948 1641 3178 1695; x_wconf 84' lang='lat' dir='ltr'><strong>pascere</strong></span> <span class='ocrx_word' id='word_1_198' title='bbox 3214 1644 3278 1684; x_wconf 91' lang='lat' dir='ltr'><strong>ac</strong></span> <span class='ocrx_word' id='word_1_199' title='bbox 3326 1629 3521 1684; x_wconf 83' lang='lat' dir='ltr'><strong>fovere</strong></span> <span class='ocrx_word' id='word_1_200' title='bbox 3554 1632 3745 1701; x_wconf 86' lang='lat' dir='ltr'><strong>jussus</strong></span> 
     </span>
    </p>
   </div>
   <div class='ocr_carea' id='block_1_27' title="bbox 432 1714 2233 1783">
    <p class='ocr_par' dir='ltr' id='par_1_27' title="bbox 432 1714 2233 1783">
     <span class='ocr_line' id='line_1_27' title="bbox 432 1714 2233 1783; baseline 0.001 -17"><span class='ocrx_word' id='word_1_201' title='bbox 432 1714 860 1783; x_wconf 87' lang='grc' dir='ltr'>προσετέτακτο.</span> <span class='ocrx_word' id='word_1_202' title='bbox 2130 1723 2233 1768; x_wconf 79' lang='lat' dir='ltr'><strong>est.</strong></span> 
     </span>
    </p>
   </div>
   <div class='ocr_carea' id='block_1_28' title="bbox 504 1806 2256 1884">
    <p class='ocr_par' dir='ltr' id='par_1_28' title="bbox 504 1806 2256 1876">
     <span class='ocr_line' id='line_1_28' title="bbox 504 1806 2256 1876; baseline 0.001 -17"><span class='ocrx_word' id='word_1_203' title='bbox 504 1809 612 1859; x_wconf 70' lang='grc' dir='ltr'><strong>Καὶ</strong></span> <span class='ocrx_word' id='word_1_204' title='bbox 641 1835 708 1845; x_wconf 89' lang='lat'><strong>—-</strong></span> <span class='ocrx_word' id='word_1_205' title='bbox 741 1807 951 1874; x_wconf 79' lang='grc' dir='ltr'>χοῖροι.</span> <span class='ocrx_word' id='word_1_206' title='bbox 1002 1808 1248 1876; x_wconf 81' lang='grc' dir='ltr'>Κεράτια</span> <span class='ocrx_word' id='word_1_207' title='bbox 1283 1808 1425 1860; x_wconf 80' lang='grc' dir='ltr'>κατὰ</span> <span class='ocrx_word' id='word_1_208' title='bbox 1461 1807 1772 1875; x_wconf 78' lang='grc' dir='ltr'>ἀναγωγὴν,</span> <span class='ocrx_word' id='word_1_209' title='bbox 1812 1807 1867 1859; x_wconf 80' lang='lat' dir='ltr'><strong>ai</strong></span> <span class='ocrx_word' id='word_1_210' title='bbox 1907 1806 2028 1874; x_wconf 74' lang='grc' dir='ltr'>ἡδο-</span> <span class='ocrx_word' id='word_1_211' title='bbox 2215 1806 2256 1860; x_wconf 74' lang='grc' dir='ltr'>γ</span> 
     </span>
    </p>
   </div>
   <div class='ocr_carea' id='block_1_29' title="bbox 1991 1806 3743 1884">
    <p class='ocr_par' dir='ltr' id='par_1_29' title="bbox 1991 1806 3743 1884">
     <span class='ocr_line' id='line_1_29' title="bbox 1991 1806 3743 1884; baseline 0.006 -28"><span class='ocrx_word' id='word_1_212' title='bbox 1991 1825 2028 1856; x_wconf 78' lang='grc' dir='ltr'>ι-</span> <span class='ocrx_word' id='word_1_213' title='bbox 2215 1806 2373 1861; x_wconf 80' lang='lat' dir='ltr'><strong>Vers.</strong></span> <span class='ocrx_word' id='word_1_214' title='bbox 2406 1806 2494 1862; x_wconf 86' lang='grc'><strong>16.</strong></span> <span class='ocrx_word' id='word_1_215' title='bbox 2537 1808 2607 1861; x_wconf 82' lang='lat' dir='ltr'><strong>Et</strong></span> <span class='ocrx_word' id='word_1_216' title='bbox 2644 1836 2712 1849; x_wconf 88' lang='lat'><strong>-—</strong></span> <span class='ocrx_word' id='word_1_217' title='bbox 2742 1810 2910 1877; x_wconf 85' lang='lat' dir='ltr'><strong>porci.</strong></span> <span class='ocrx_word' id='word_1_218' title='bbox 2936 1810 3183 1879; x_wconf 66' lang='lat' dir='ltr'><strong>Siliquae.</strong></span> <span class='ocrx_word' id='word_1_219' title='bbox 3234 1812 3390 1880; x_wconf 79' lang='lat' dir='ltr'><strong>juxta</strong></span> <span class='ocrx_word' id='word_1_220' title='bbox 3431 1827 3743 1884; x_wconf 84' lang='lat' dir='ltr'><strong>anagogen,</strong></span> 
     </span>
    </p>
   </div>
   <div class='ocr_carea' id='block_1_30' title="bbox 433 1889 2185 1975">
    <p class='ocr_par' dir='ltr' id='par_1_30' title="bbox 433 1889 2185 1969">
     <span class='ocr_line' id='line_1_30' title="bbox 433 1889 2185 1969; baseline -0.002 -18"><span class='ocrx_word' id='word_1_221' title='bbox 433 1902 543 1961; x_wconf 75' lang='lat' dir='ltr'><strong>val,</strong></span> <span class='ocrx_word' id='word_1_222' title='bbox 572 1893 657 1960; x_wconf 79' lang='grc' dir='ltr'>αἷς</span> <span class='ocrx_word' id='word_1_223' title='bbox 687 1902 734 1951; x_wconf 77' lang='grc' dir='ltr'><strong>οἱ</strong></span> <span class='ocrx_word' id='word_1_224' title='bbox 761 1900 1092 1967; x_wconf 77' lang='grc' dir='ltr'>δηλωθέντες</span> <span class='ocrx_word' id='word_1_225' title='bbox 1130 1902 1385 1969; x_wconf 75' lang='grc' dir='ltr'>λογισμοὶ</span> <span class='ocrx_word' id='word_1_226' title='bbox 1434 1903 1751 1969; x_wconf 80' lang='grc' dir='ltr'>τρέφονται.</span> <span class='ocrx_word' id='word_1_227' title='bbox 1812 1900 2028 1966; x_wconf 80' lang='grc' dir='ltr'>Ὠσπερ</span> <span class='ocrx_word' id='word_1_228' title='bbox 2062 1889 2103 1943; x_wconf 77' lang='grc' dir='ltr'><strong>Β</strong></span> <span class='ocrx_word' id='word_1_229' title='bbox 2147 1915 2185 1949; x_wconf 81' lang='grc' dir='ltr'>ν‹</span> 
     </span>
    </p>
   </div>
   <div class='ocr_carea' id='block_1_31' title="bbox 1996 1889 3748 1975">
    <p class='ocr_par' dir='ltr' id='par_1_31' title="bbox 1997 1889 3748 1975">
     <span class='ocr_line' id='line_1_31' title="bbox 1997 1889 3748 1975; baseline 0.006 -27"><span class='ocrx_word' id='word_1_230' title='bbox 1997 1914 2028 1966; x_wconf 87' lang='grc' dir='ltr'><strong>ρ</strong></span> <span class='ocrx_word' id='word_1_231' title='bbox 2062 1889 2103 1943; x_wconf 79' lang='grc' dir='ltr'><strong>Β</strong></span> <span class='ocrx_word' id='word_1_232' title='bbox 2147 1899 2460 1967; x_wconf 81' lang='lat' dir='ltr'><strong>voluptates</strong></span> <span class='ocrx_word' id='word_1_233' title='bbox 2538 1910 2690 1963; x_wconf 86' lang='lat' dir='ltr'><strong>sunt,</strong></span> <span class='ocrx_word' id='word_1_234' title='bbox 2731 1903 2970 1971; x_wconf 88' lang='lat' dir='ltr'><strong>-quibus</strong></span> <span class='ocrx_word' id='word_1_235' title='bbox 3045 1903 3319 1970; x_wconf 71' lang='lat' dir='ltr'><strong>prtedicue</strong></span> <span class='ocrx_word' id='word_1_236' title='bbox 3386 1906 3748 1975; x_wconf 73' lang='lat' dir='ltr'><strong>cogitationes</strong></span> 
     </span>
    </p>
   </div>
   <div class='ocr_carea' id='block_1_32' title="bbox 434 1984 2186 2064">
    <p class='ocr_par' dir='ltr' id='par_1_32' title="bbox 434 1984 2186 2062">
     <span class='ocr_line' id='line_1_32' title="bbox 434 1984 2186 2062; baseline -0.001 -20"><span class='ocrx_word' id='word_1_237' title='bbox 434 1994 542 2060; x_wconf 77' lang='grc' dir='ltr'><strong>γὰρ</strong></span> <span class='ocrx_word' id='word_1_238' title='bbox 570 1994 753 2043; x_wconf 79' lang='grc' dir='ltr'>ἐκεῖνα</span> <span class='ocrx_word' id='word_1_239' title='bbox 779 1992 1163 2059; x_wconf 81' lang='grc' dir='ltr'>γλυκαίνουσιν</span> <span class='ocrx_word' id='word_1_240' title='bbox 1193 1994 1285 2043; x_wconf 76' lang='grc' dir='ltr'><strong>ἐπὶ</strong></span> <span class='ocrx_word' id='word_1_241' title='bbox 1312 1990 1488 2060; x_wconf 85' lang='grc' dir='ltr'>βραχὺ</span> <span class='ocrx_word' id='word_1_242' title='bbox 1519 1994 1615 2062; x_wconf 78' lang='grc' dir='ltr'>τὴν</span> <span class='ocrx_word' id='word_1_243' title='bbox 1647 1990 1859 2059; x_wconf 82' lang='grc' dir='ltr'>γεῦσιν,</span> <span class='ocrx_word' id='word_1_244' title='bbox 1909 1984 2029 2041; x_wconf 77' lang='grc' dir='ltr'>εἶτα</span> <span class='ocrx_word' id='word_1_245' title='bbox 2136 2007 2186 2043; x_wconf 85' lang='lat' dir='ltr'><strong>tu</strong></span> 
     </span>
    </p>
   </div>
   <div class='ocr_carea' id='block_1_33' title="bbox 1997 1984 3749 2064">
    <p class='ocr_par' dir='ltr' id='par_1_33' title="bbox 1997 1991 3749 2064">
     <span class='ocr_line' id='line_1_33' title="bbox 1997 1991 3749 2064; baseline 0.006 -24"><span class='ocrx_word' id='word_1_246' title='bbox 1997 2006 2029 2040; x_wconf 90' lang='grc' dir='ltr'><strong>α</strong></span> <span class='ocrx_word' id='word_1_247' title='bbox 2136 1993 2481 2047; x_wconf 88' lang='lat' dir='ltr'><strong>nutriuntur.</strong></span> <span class='ocrx_word' id='word_1_248' title='bbox 2518 1991 2997 2057; x_wconf 84' lang='lat' dir='ltr'><strong>Quemadmodum</strong></span> <span class='ocrx_word' id='word_1_249' title='bbox 3031 1994 3179 2047; x_wconf 89' lang='lat' dir='ltr'><strong>enim</strong></span> <span class='ocrx_word' id='word_1_250' title='bbox 3220 1996 3440 2064; x_wconf 77' lang='lat' dir='ltr'><strong>siliquae</strong></span> <span class='ocrx_word' id='word_1_251' title='bbox 3472 1998 3539 2050; x_wconf 89' lang='lat' dir='ltr'><strong>ad</strong></span> <span class='ocrx_word' id='word_1_252' title='bbox 3583 1998 3749 2051; x_wconf 86' lang='lat' dir='ltr'><strong>breve</strong></span> 
     </span>
    </p>
   </div>
   <div class='ocr_carea' id='block_1_34' title="bbox 433 2078 2185 2158">
    <p class='ocr_par' dir='ltr' id='par_1_34' title="bbox 433 2078 2185 2153">
     <span class='ocr_line' id='line_1_34' title="bbox 433 2078 2185 2153; baseline -0.003 -15"><span class='ocrx_word' id='word_1_253' title='bbox 433 2086 727 2153; x_wconf 69' lang='grc' dir='ltr'>στύφουσιν</span> <span class='ocrx_word' id='word_1_254' title='bbox 760 2085 852 2137; x_wconf 70' lang='grc' dir='ltr'><strong>ἐπὶ</strong></span> <span class='ocrx_word' id='word_1_255' title='bbox 890 2084 1095 2136; x_wconf 84' lang='grc' dir='ltr'>πλεῖον·</span> <span class='ocrx_word' id='word_1_256' title='bbox 1131 2084 1273 2136; x_wconf 81' lang='grc' dir='ltr'>οὕτω</span> <span class='ocrx_word' id='word_1_257' title='bbox 1299 2086 1393 2137; x_wconf 79' lang='grc' dir='ltr'>καὶ</span> <span class='ocrx_word' id='word_1_258' title='bbox 1424 2078 1585 2137; x_wconf 76' lang='grc' dir='ltr'>αὗται</span> <span class='ocrx_word' id='word_1_259' title='bbox 1616 2085 1677 2135; x_wconf 82' lang='grc' dir='ltr'>τὸ</span> <span class='ocrx_word' id='word_1_260' title='bbox 1713 2083 1815 2153; x_wconf 86' lang='grc' dir='ltr'><strong>μὲν</strong></span> <span class='ocrx_word' id='word_1_261' title='bbox 1838 2082 2033 2152; x_wconf 81' lang='grc' dir='ltr'>ήδύνον</span> <span class='ocrx_word' id='word_1_262' title='bbox 2136 2099 2185 2153; x_wconf 68' lang='grc' dir='ltr'><strong>ες</strong></span> 
     </span>
    </p>
   </div>
   <div class='ocr_carea' id='block_1_35' title="bbox 1994 2078 3746 2158">
    <p class='ocr_par' dir='ltr' id='par_1_35' title="bbox 1994 2085 3746 2158">
     <span class='ocr_line' id='line_1_35' title="bbox 1994 2085 3746 2158; baseline 0.006 -25"><span class='ocrx_word' id='word_1_263' title='bbox 1994 2098 2033 2133; x_wconf 71' lang='grc' dir='ltr'><strong>ιν</strong></span> <span class='ocrx_word' id='word_1_264' title='bbox 2136 2085 2375 2153; x_wconf 87' lang='lat' dir='ltr'><strong>spatium</strong></span> <span class='ocrx_word' id='word_1_265' title='bbox 2434 2086 2618 2155; x_wconf 88' lang='lat' dir='ltr'><strong>gustui</strong></span> <span class='ocrx_word' id='word_1_266' title='bbox 2677 2086 3023 2144; x_wconf 88' lang='lat' dir='ltr'><strong>dulcescunt.</strong></span> <span class='ocrx_word' id='word_1_267' title='bbox 3084 2087 3285 2141; x_wconf 87' lang='lat' dir='ltr'><strong>deinde</strong></span> <span class='ocrx_word' id='word_1_268' title='bbox 3342 2097 3399 2141; x_wconf 91' lang='lat' dir='ltr'><strong>ut</strong></span> <span class='ocrx_word' id='word_1_269' title='bbox 3450 2091 3746 2158; x_wconf 88' lang='lat' dir='ltr'><strong>plurimum</strong></span> 
     </span>
    </p>
   </div>
   <div class='ocr_carea' id='block_1_36' title="bbox 431 2177 2183 2249">
    <p class='ocr_par' dir='ltr' id='par_1_36' title="bbox 431 2177 2183 2249">
     <span class='ocr_line' id='line_1_36' title="bbox 431 2177 2183 2249; baseline 0 -19"><span class='ocrx_word' id='word_1_270' title='bbox 431 2180 649 2248; x_wconf 75' lang='grc' dir='ltr'>πρῶτον</span> <span class='ocrx_word' id='word_1_271' title='bbox 701 2179 793 2231; x_wconf 76' lang='grc' dir='ltr'><strong>καὶ</strong></span> <span class='ocrx_word' id='word_1_272' title='bbox 854 2179 1190 2249; x_wconf 66' lang='grc' dir='ltr'>πρόσκιιρῡν</span> <span class='ocrx_word' id='word_1_273' title='bbox 1244 2177 1451 2247; x_wconf 74' lang='grc' dir='ltr'>ἔχουσι·</span> <span class='ocrx_word' id='word_1_274' title='bbox 1514 2177 1654 2230; x_wconf 75' lang='grc' dir='ltr'>τὸδὲ</span> <span class='ocrx_word' id='word_1_275' title='bbox 1717 2180 2032 2245; x_wconf 79' lang='grc' dir='ltr'>πικραῖνον,</span> <span class='ocrx_word' id='word_1_276' title='bbox 2136 2192 2183 2232; x_wconf 81' lang='lat' dir='ltr'><strong>et</strong></span> 
     </span>
    </p>
   </div>
   <div class='ocr_carea' id='block_1_37' title="bbox 1996 2177 3748 2249">
    <p class='ocr_par' dir='ltr' id='par_1_37' title="bbox 1996 2178 3748 2249">
     <span class='ocr_line' id='line_1_37' title="bbox 1996 2178 3748 2249; baseline 0.002 -18"><span class='ocrx_word' id='word_1_277' title='bbox 1996 2194 2032 2244; x_wconf 68' lang='grc' dir='ltr'>ι,</span> <span class='ocrx_word' id='word_1_278' title='bbox 2136 2178 2524 2247; x_wconf 86' lang='lat' dir='ltr'><strong>constringunt</strong></span> <span class='ocrx_word' id='word_1_279' title='bbox 2552 2195 2563 2230; x_wconf 89' lang='lat'>:</span> <span class='ocrx_word' id='word_1_280' title='bbox 2588 2178 2660 2230; x_wconf 88' lang='lat' dir='ltr'><strong>ita</strong></span> <span class='ocrx_word' id='word_1_281' title='bbox 2694 2187 2750 2230; x_wconf 85' lang='lat' dir='ltr'><strong>et</strong></span> <span class='ocrx_word' id='word_1_282' title='bbox 2792 2179 2846 2231; x_wconf 88' lang='lat' dir='ltr'><strong>in</strong></span> <span class='ocrx_word' id='word_1_283' title='bbox 2875 2180 2979 2240; x_wconf 81' lang='lat' dir='ltr'><strong>his,</strong></span> <span class='ocrx_word' id='word_1_284' title='bbox 3009 2180 3155 2247; x_wconf 81' lang='lat' dir='ltr'><strong>qttod</strong></span> <span class='ocrx_word' id='word_1_285' title='bbox 3180 2195 3349 2233; x_wconf 88' lang='lat' dir='ltr'><strong>suave</strong></span> <span class='ocrx_word' id='word_1_286' title='bbox 3371 2190 3476 2242; x_wconf 88' lang='lat' dir='ltr'><strong>est,</strong></span> <span class='ocrx_word' id='word_1_287' title='bbox 3508 2179 3748 2249; x_wconf 78' lang='lat' dir='ltr'><strong>primum</strong></span> 
     </span>
    </p>
   </div>
   <div class='ocr_carea' id='block_1_38' title="bbox 436 2270 2188 2341">
    <p class='ocr_par' dir='ltr' id='par_1_38' title="bbox 436 2271 2188 2341">
     <span class='ocr_line' id='line_1_38' title="bbox 436 2271 2188 2341; baseline 0 -17"><span class='ocrx_word' id='word_1_288' title='bbox 436 2271 560 2324; x_wconf 81' lang='grc' dir='ltr'>ὖστε</span> <span class='ocrx_word' id='word_1_289' title='bbox 575 2289 661 2341; x_wconf 75' lang='grc' dir='ltr'><strong>ρον</strong></span> <span class='ocrx_word' id='word_1_290' title='bbox 691 2274 781 2323; x_wconf 68' lang='grc' dir='ltr'>κιὶ</span> <span class='ocrx_word' id='word_1_291' title='bbox 822 2272 1065 2326; x_wconf 84' lang='grc' dir='ltr'>αἰώνιον.</span> <span class='ocrx_word' id='word_1_292' title='bbox 2139 2280 2188 2327; x_wconf 82' lang='lat' dir='ltr'><strong>et</strong></span> 
     </span>
    </p>
   </div>
   <div class='ocr_carea' id='block_1_39' title="bbox 1999 2270 3751 2341">
    <p class='ocr_par' dir='ltr' id='par_1_39' title="bbox 2139 2270 3751 2341">
     <span class='ocr_line' id='line_1_39' title="bbox 2139 2270 3751 2341; baseline 0 -14"><span class='ocrx_word' id='word_1_293' title='bbox 2139 2280 2193 2327; x_wconf 89' lang='lat' dir='ltr'><strong>et</strong></span> <span class='ocrx_word' id='word_1_294' title='bbox 2224 2272 2292 2326; x_wconf 90' lang='lat' dir='ltr'><strong>ad</strong></span> <span class='ocrx_word' id='word_1_295' title='bbox 2326 2282 2543 2341; x_wconf 87' lang='lat' dir='ltr'><strong>tempus</strong></span> <span class='ocrx_word' id='word_1_296' title='bbox 2575 2270 2803 2336; x_wconf 68' lang='lat' dir='ltr'><strong>habent,</strong></span> <span class='ocrx_word' id='word_1_297' title='bbox 2828 2274 2975 2340; x_wconf 89' lang='lat' dir='ltr'><strong>quod</strong></span> <span class='ocrx_word' id='word_1_298' title='bbox 3004 2286 3190 2327; x_wconf 82' lang='lat' dir='ltr'><strong>autem</strong></span> <span class='ocrx_word' id='word_1_299' title='bbox 3226 2289 3479 2327; x_wconf 83' lang='lat' dir='ltr'><strong>amarum</strong></span> <span class='ocrx_word' id='word_1_300' title='bbox 3506 2284 3561 2328; x_wconf 90' lang='lat' dir='ltr'><strong>et</strong></span> <span class='ocrx_word' id='word_1_301' title='bbox 3592 2290 3751 2330; x_wconf 84' lang='lat' dir='ltr'><strong>acer-</strong></span> 
     </span>
    </p>
   </div>
   <div class='ocr_carea' id='block_1_40' title="bbox 2138 2363 3152 2434">
    <p class='ocr_par' dir='ltr' id='par_1_40' title="bbox 2138 2363 3152 2434">
     <span class='ocr_line' id='line_1_40' title="bbox 2138 2363 3152 2434; baseline 0 -16"><span class='ocrx_word' id='word_1_302' title='bbox 2138 2363 2293 2426; x_wconf 88' lang='lat' dir='ltr'><strong>bum.</strong></span> <span class='ocrx_word' id='word_1_303' title='bbox 2330 2364 2609 2434; x_wconf 84' lang='lat' dir='ltr'><strong>posterius</strong></span> <span class='ocrx_word' id='word_1_304' title='bbox 2640 2374 2723 2418; x_wconf 91' lang='lat' dir='ltr'><strong>est</strong></span> <span class='ocrx_word' id='word_1_305' title='bbox 2757 2380 2820 2418; x_wconf 86' lang='lat' dir='ltr'><strong>ac</strong></span> <span class='ocrx_word' id='word_1_306' title='bbox 2860 2375 3152 2419; x_wconf 67' lang='lat' dir='ltr'><strong>aeternum.</strong></span> 
     </span>
    </p>
   </div>
   <div class='ocr_carea' id='block_1_41' title="bbox 510 2457 2262 2531">
    <p class='ocr_par' dir='ltr' id='par_1_41' title="bbox 510 2458 2262 2531">
     <span class='ocr_line' id='line_1_41' title="bbox 510 2458 2262 2531; baseline -0.004 -12"><span class='ocrx_word' id='word_1_307' title='bbox 510 2463 618 2519; x_wconf 72' lang='lat' dir='ltr'><strong>Kal</strong></span> <span class='ocrx_word' id='word_1_308' title='bbox 668 2462 875 2528; x_wconf 71' lang='grc' dir='ltr'>οὐδεὶς</span> <span class='ocrx_word' id='word_1_309' title='bbox 926 2460 1124 2516; x_wconf 75' lang='grc' dir='ltr'>ἐδίδου</span> <span class='ocrx_word' id='word_1_310' title='bbox 1178 2459 1360 2526; x_wconf 77' lang='grc' dir='ltr'>αὐτῷ.</span> <span class='ocrx_word' id='word_1_311' title='bbox 1419 2461 1608 2524; x_wconf 80' lang='grc' dir='ltr'>Οὐδεὶς</span> <span class='ocrx_word' id='word_1_312' title='bbox 1662 2461 1836 2514; x_wconf 78' lang='grc' dir='ltr'>ὲδίδου</span> <span class='ocrx_word' id='word_1_313' title='bbox 1891 2460 2037 2531; x_wconf 82' lang='grc' dir='ltr'>αὑτῷ</span> <span class='ocrx_word' id='word_1_314' title='bbox 2210 2458 2262 2512; x_wconf 57' lang='lat' dir='ltr'><strong>Vt</strong></span> 
     </span>
    </p>
   </div>
   <div class='ocr_carea' id='block_1_42' title="bbox 1995 2457 3747 2531">
    <p class='ocr_par' dir='ltr' id='par_1_42' title="bbox 1995 2457 3747 2531">
     <span class='ocr_line' id='line_1_42' title="bbox 1995 2457 3747 2531; baseline 0.001 -20"><span class='ocrx_word' id='word_1_315' title='bbox 1995 2460 2037 2531; x_wconf 71' lang='grc' dir='ltr'>ᾧ</span> <span class='ocrx_word' id='word_1_316' title='bbox 2210 2458 2368 2512; x_wconf 75' lang='lat' dir='ltr'><strong>Vers.</strong></span> <span class='ocrx_word' id='word_1_317' title='bbox 2402 2457 2487 2511; x_wconf 83' lang='grc'><strong>16.</strong></span> <span class='ocrx_word' id='word_1_318' title='bbox 2512 2457 2620 2510; x_wconf 81' lang='lat' dir='ltr'><strong>Nec</strong></span> <span class='ocrx_word' id='word_1_319' title='bbox 2640 2459 2920 2527; x_wconf 80' lang='lat' dir='ltr'><strong>quisquam</strong></span> <span class='ocrx_word' id='word_1_320' title='bbox 2942 2458 3022 2509; x_wconf 79' lang='lat' dir='ltr'><strong>illi</strong></span> <span class='ocrx_word' id='word_1_321' title='bbox 3050 2460 3235 2513; x_wconf 74' lang='lat' dir='ltr'><strong>dabat.</strong></span> <span class='ocrx_word' id='word_1_322' title='bbox 3261 2458 3455 2512; x_wconf 80' lang='lat' dir='ltr'><strong>Nullus</strong></span> <span class='ocrx_word' id='word_1_323' title='bbox 3482 2460 3557 2512; x_wconf 84' lang='lat' dir='ltr'><strong>illi</strong></span> <span class='ocrx_word' id='word_1_324' title='bbox 3582 2460 3747 2515; x_wconf 84' lang='lat' dir='ltr'><strong>dabat</strong></span> 
     </span>
    </p>
   </div>
   <div class='ocr_carea' id='block_1_43' title="bbox 436 2549 2188 2627">
    <p class='ocr_par' dir='ltr' id='par_1_43' title="bbox 436 2554 2188 2627">
     <span class='ocr_line' id='line_1_43' title="bbox 436 2554 2188 2627; baseline -0.005 -16"><span class='ocrx_word' id='word_1_325' title='bbox 436 2558 784 2627; x_wconf 78' lang='grc' dir='ltr'>κορεσθῆναι.</span> <span class='ocrx_word' id='word_1_326' title='bbox 819 2556 1063 2608; x_wconf 85' lang='grc' dir='ltr'>Τοιοῦτοι</span> <span class='ocrx_word' id='word_1_327' title='bbox 1093 2556 1201 2624; x_wconf 78' lang='grc' dir='ltr'><strong>γὰρ</strong></span> <span class='ocrx_word' id='word_1_328' title='bbox 1231 2558 1278 2607; x_wconf 76' lang='lat' dir='ltr'><strong>oi</strong></span> <span class='ocrx_word' id='word_1_329' title='bbox 1306 2556 1580 2626; x_wconf 83' lang='grc' dir='ltr'>δαίμονες,</span> <span class='ocrx_word' id='word_1_330' title='bbox 1617 2556 1715 2608; x_wconf 88' lang='grc' dir='ltr'><strong>οὐκ</strong></span> <span class='ocrx_word' id='word_1_331' title='bbox 1752 2554 1881 2607; x_wconf 71' lang='grc' dir='ltr'>ἐῶσί</span> <span class='ocrx_word' id='word_1_332' title='bbox 1916 2572 2037 2608; x_wconf 87' lang='grc' dir='ltr'>τινα</span> <span class='ocrx_word' id='word_1_333' title='bbox 2142 2566 2188 2603; x_wconf 83' lang='lat' dir='ltr'><strong>at</strong></span> 
     </span>
    </p>
   </div>
   <div class='ocr_carea' id='block_1_44' title="bbox 2001 2549 3753 2627">
    <p class='ocr_par' dir='ltr' id='par_1_44' title="bbox 2006 2549 3753 2618">
     <span class='ocr_line' id='line_1_44' title="bbox 2006 2549 3753 2618; baseline -0.002 -12"><span class='ocrx_word' id='word_1_334' title='bbox 2006 2574 2037 2607; x_wconf 83' lang='lat' dir='ltr'><strong>at</strong></span> <span class='ocrx_word' id='word_1_335' title='bbox 2142 2550 2213 2604; x_wconf 87' lang='lat' dir='ltr'><strong>ad</strong></span> <span class='ocrx_word' id='word_1_336' title='bbox 2264 2550 2578 2604; x_wconf 84' lang='lat' dir='ltr'><strong>satietatem</strong></span> <span class='ocrx_word' id='word_1_337' title='bbox 2620 2568 2634 2615; x_wconf 89' lang='lat'><strong>;</strong></span> <span class='ocrx_word' id='word_1_338' title='bbox 2686 2549 3004 2618; x_wconf 70' lang='lat' dir='ltr'><strong>huiusmodi</strong></span> <span class='ocrx_word' id='word_1_339' title='bbox 3060 2550 3209 2603; x_wconf 90' lang='lat' dir='ltr'><strong>enim</strong></span> <span class='ocrx_word' id='word_1_340' title='bbox 3254 2553 3534 2605; x_wconf 70' lang='lat' dir='ltr'><strong>daemones</strong></span> <span class='ocrx_word' id='word_1_341' title='bbox 3582 2552 3753 2606; x_wconf 90' lang='lat' dir='ltr'><strong>nemi-</strong></span> 
     </span>
    </p>
   </div>
   <div class='ocr_carea' id='block_1_45' title="bbox 440 2645 2192 2721">
    <p class='ocr_par' dir='ltr' id='par_1_45' title="bbox 440 2650 2192 2721">
     <span class='ocr_line' id='line_1_45' title="bbox 440 2650 2192 2721; baseline -0.002 -18"><span class='ocrx_word' id='word_1_342' title='bbox 440 2653 764 2721; x_wconf 70' lang='grc' dir='ltr'>κορεσθῆναι</span> <span class='ocrx_word' id='word_1_343' title='bbox 806 2651 1143 2718; x_wconf 72' lang='grc' dir='ltr'>φιληδονίας,</span> <span class='ocrx_word' id='word_1_344' title='bbox 1177 2652 1265 2704; x_wconf 84' lang='grc' dir='ltr'><strong>ἵνα</strong></span> <span class='ocrx_word' id='word_1_345' title='bbox 1308 2650 1383 2719; x_wconf 85' lang='grc' dir='ltr'>μὴ</span> <span class='ocrx_word' id='word_1_346' title='bbox 1433 2652 1571 2718; x_wconf 77' lang='grc' dir='ltr'>ταχὺ</span> <span class='ocrx_word' id='word_1_347' title='bbox 1607 2652 1888 2721; x_wconf 70' lang='grc' dir='ltr'>παύσηται</span> <span class='ocrx_word' id='word_1_348' title='bbox 1939 2650 2037 2719; x_wconf 82' lang='grc' dir='ltr'><strong>τῆς</strong></span> <span class='ocrx_word' id='word_1_349' title='bbox 2141 2661 2192 2699; x_wconf 83' lang='lat' dir='ltr'><strong>nt</strong></span> 
     </span>
    </p>
   </div>
   <div class='ocr_carea' id='block_1_46' title="bbox 2007 2645 3759 2721">
    <p class='ocr_par' dir='ltr' id='par_1_46' title="bbox 2012 2645 3759 2717">
     <span class='ocr_line' id='line_1_46' title="bbox 2012 2645 3759 2717; baseline 0.001 -19"><span class='ocrx_word' id='word_1_350' title='bbox 2012 2668 2037 2713; x_wconf 85' lang='grc' dir='ltr'><strong>ς</strong></span> <span class='ocrx_word' id='word_1_351' title='bbox 2141 2660 2269 2700; x_wconf 87' lang='lat' dir='ltr'><strong>nem</strong></span> <span class='ocrx_word' id='word_1_352' title='bbox 2295 2646 2487 2699; x_wconf 90' lang='lat' dir='ltr'><strong>sinunt</strong></span> <span class='ocrx_word' id='word_1_353' title='bbox 2520 2646 2709 2699; x_wconf 85' lang='lat' dir='ltr'><strong>satiari</strong></span> <span class='ocrx_word' id='word_1_354' title='bbox 2737 2645 3136 2713; x_wconf 86' lang='lat' dir='ltr'><strong>voluptatibus,</strong></span> <span class='ocrx_word' id='word_1_355' title='bbox 3163 2658 3232 2697; x_wconf 90' lang='lat' dir='ltr'><strong>ne</strong></span> <span class='ocrx_word' id='word_1_356' title='bbox 3260 2645 3427 2697; x_wconf 86' lang='lat' dir='ltr'><strong>citius</strong></span> <span class='ocrx_word' id='word_1_357' title='bbox 3462 2661 3491 2698; x_wconf 87' lang='lat' dir='ltr'><strong>a</strong></span> <span class='ocrx_word' id='word_1_358' title='bbox 3524 2656 3759 2717; x_wconf 68' lang='lat' dir='ltr'><strong>peccato</strong></span> 
     </span>
    </p>
   </div>
   <div class='ocr_carea' id='block_1_47' title="bbox 440 2737 2192 2816">
    <p class='ocr_par' dir='ltr' id='par_1_47' title="bbox 440 2742 2192 2816">
     <span class='ocr_line' id='line_1_47' title="bbox 440 2742 2192 2816; baseline -0.003 -18"><span class='ocrx_word' id='word_1_359' title='bbox 440 2747 738 2816; x_wconf 83' lang='grc' dir='ltr'>ἁμαρτίας,</span> <span class='ocrx_word' id='word_1_360' title='bbox 785 2746 870 2797; x_wconf 69' lang='grc' dir='ltr'>ἀεὶ</span> <span class='ocrx_word' id='word_1_361' title='bbox 904 2745 959 2797; x_wconf 74' lang='grc' dir='ltr'>δὲ</span> <span class='ocrx_word' id='word_1_362' title='bbox 991 2747 1090 2813; x_wconf 75' lang='grc' dir='ltr'><strong>τὴν</strong></span> <span class='ocrx_word' id='word_1_363' title='bbox 1144 2744 1326 2815; x_wconf 75' lang='grc' dir='ltr'>ὄρεξιν</span> <span class='ocrx_word' id='word_1_364' title='bbox 1378 2742 1687 2813; x_wconf 75' lang='grc' dir='ltr'>ἐρεθίζουσι</span> <span class='ocrx_word' id='word_1_365' title='bbox 1739 2744 1833 2794; x_wconf 76' lang='grc' dir='ltr'><strong>καὶ</strong></span> <span class='ocrx_word' id='word_1_366' title='bbox 1887 2745 2038 2795; x_wconf 84' lang='grc' dir='ltr'>ἁπο-</span> <span class='ocrx_word' id='word_1_367' title='bbox 2142 2755 2192 2807; x_wconf 87' lang='lat' dir='ltr'><strong>qt</strong></span> 
     </span>
    </p>
   </div>
   <div class='ocr_carea' id='block_1_48' title="bbox 2007 2737 3759 2816">
    <p class='ocr_par' dir='ltr' id='par_1_48' title="bbox 2007 2737 3759 2808">
     <span class='ocr_line' id='line_1_48' title="bbox 2007 2737 3759 2808; baseline 0.001 -16"><span class='ocrx_word' id='word_1_368' title='bbox 2007 2772 2038 2783; x_wconf 92' lang='lat'><strong>-</strong></span> <span class='ocrx_word' id='word_1_369' title='bbox 2142 2740 2392 2807; x_wconf 88' lang='lat' dir='ltr'><strong>quiescat</strong></span> <span class='ocrx_word' id='word_1_370' title='bbox 2426 2756 2437 2791; x_wconf 90' lang='lat'>:</span> <span class='ocrx_word' id='word_1_371' title='bbox 2477 2754 2697 2807; x_wconf 87' lang='lat' dir='ltr'><strong>semper</strong></span> <span class='ocrx_word' id='word_1_372' title='bbox 2722 2740 2868 2791; x_wconf 90' lang='lat' dir='ltr'><strong>enim</strong></span> <span class='ocrx_word' id='word_1_373' title='bbox 2885 2737 3133 2792; x_wconf 72' lang='lat' dir='ltr'><strong>excitant</strong></span> <span class='ocrx_word' id='word_1_374' title='bbox 3158 2740 3474 2808; x_wconf 87' lang='lat' dir='ltr'><strong>appetitum</strong></span> <span class='ocrx_word' id='word_1_375' title='bbox 3506 2755 3571 2794; x_wconf 91' lang='lat' dir='ltr'><strong>ac</strong></span> <span class='ocrx_word' id='word_1_376' title='bbox 3602 2740 3759 2794; x_wconf 81' lang='lat' dir='ltr'><strong>defa-</strong></span> 
     </span>
    </p>
   </div>
   <div class='ocr_carea' id='block_1_49' title="bbox 440 2832 2192 2909">
    <p class='ocr_par' dir='ltr' id='par_1_49' title="bbox 440 2833 2192 2909">
     <span class='ocr_line' id='line_1_49' title="bbox 440 2833 2192 2909; baseline -0.005 -16"><span class='ocrx_word' id='word_1_377' title='bbox 440 2844 758 2909; x_wconf 78' lang='grc' dir='ltr'>κάμνουσαν</span> <span class='ocrx_word' id='word_1_378' title='bbox 785 2841 1189 2909; x_wconf 85' lang='grc' dir='ltr'>ἁνεγείρουσιν.</span> <span class='ocrx_word' id='word_1_379' title='bbox 2146 2833 2192 2896; x_wconf 52' lang='lat' dir='ltr'><strong>lii</strong></span> 
     </span>
    </p>
   </div>
   <div class='ocr_carea' id='block_1_50' title="bbox 1049 2832 2801 2909">
    <p class='ocr_par' dir='ltr' id='par_1_50' title="bbox 1049 2832 2801 2903">
     <span class='ocr_line' id='line_1_50' title="bbox 1049 2832 2801 2903; baseline -0.004 -12"><span class='ocrx_word' id='word_1_380' title='bbox 1049 2856 1189 2892; x_wconf 85' lang='grc' dir='ltr'>υσιν.</span> <span class='ocrx_word' id='word_1_381' title='bbox 2146 2832 2464 2903; x_wconf 83' lang='lat' dir='ltr'><strong>tigationem</strong></span> <span class='ocrx_word' id='word_1_382' title='bbox 2507 2832 2801 2886; x_wconf 77' lang='lat' dir='ltr'><strong>suscitant.</strong></span> 
     </span>
    </p>
   </div>
   <div class='ocr_carea' id='block_1_51' title="bbox 510 2921 2262 2999">
    <p class='ocr_par' dir='ltr' id='par_1_51' title="bbox 510 2924 2258 2999">
     <span class='ocr_line' id='line_1_51' title="bbox 510 2924 2258 2999; baseline -0.005 -12"><span class='ocrx_word' id='word_1_383' title='bbox 510 2938 613 2999; x_wconf 78' lang='grc' dir='ltr'><strong>εἰς</strong></span> <span class='ocrx_word' id='word_1_384' title='bbox 630 2934 847 2986; x_wconf 79' lang='grc' dir='ltr'>ἑαυτὸν</span> <span class='ocrx_word' id='word_1_385' title='bbox 864 2932 931 2984; x_wconf 79' lang='grc' dir='ltr'>δὲ</span> <span class='ocrx_word' id='word_1_386' title='bbox 960 2932 1173 2985; x_wconf 75' lang='grc' dir='ltr'><strong>ἐλθών.</strong></span> <span class='ocrx_word' id='word_1_387' title='bbox 1210 2930 1436 2983; x_wconf 83' lang='grc' dir='ltr'>Ἑαυτοῦ</span> <span class='ocrx_word' id='word_1_388' title='bbox 1470 2931 1785 2999; x_wconf 78' lang='grc' dir='ltr'>γενόμενος,</span> <span class='ocrx_word' id='word_1_389' title='bbox 1812 2930 1838 2981; x_wconf 87' lang='grc' dir='ltr'><strong>ὃ</strong></span> <span class='ocrx_word' id='word_1_390' title='bbox 1863 2931 2037 2993; x_wconf 82' lang='grc' dir='ltr'>ἐστιν,</span> <span class='ocrx_word' id='word_1_391' title='bbox 2216 2924 2258 2977; x_wconf 77' lang='grc' dir='ltr'><strong>ν</strong></span> 
     </span>
    </p>
   </div>
   <div class='ocr_carea' id='block_1_52' title="bbox 2004 2921 3756 2999">
    <p class='ocr_par' dir='ltr' id='par_1_52' title="bbox 2004 2921 3756 2994">
     <span class='ocr_line' id='line_1_52' title="bbox 2004 2921 3756 2994; baseline 0.001 -18"><span class='ocrx_word' id='word_1_392' title='bbox 2004 2949 2037 2993; x_wconf 72' lang='grc' dir='ltr'><strong>ν,</strong></span> <span class='ocrx_word' id='word_1_393' title='bbox 2216 2924 2373 2978; x_wconf 83' lang='lat' dir='ltr'><strong>Vers.</strong></span> <span class='ocrx_word' id='word_1_394' title='bbox 2425 2924 2513 2977; x_wconf 82' lang='grc'>17.</span> <span class='ocrx_word' id='word_1_395' title='bbox 2571 2921 2639 2975; x_wconf 84' lang='lat' dir='ltr'><strong>In</strong></span> <span class='ocrx_word' id='word_1_396' title='bbox 2702 2938 2757 2974; x_wconf 91' lang='lat' dir='ltr'><strong>se</strong></span> <span class='ocrx_word' id='word_1_397' title='bbox 2805 2930 2983 2975; x_wconf 81' lang='lat' dir='ltr'><strong>autem</strong></span> <span class='ocrx_word' id='word_1_398' title='bbox 3041 2939 3305 2977; x_wconf 75' lang='lat' dir='ltr'><strong>reversus.</strong></span> <span class='ocrx_word' id='word_1_399' title='bbox 3367 2921 3465 2977; x_wconf 83' lang='lat' dir='ltr'><strong>Sui</strong></span> <span class='ocrx_word' id='word_1_400' title='bbox 3528 2938 3756 2994; x_wconf 88' lang='lat' dir='ltr'><strong>compos</strong></span> 
     </span>
    </p>
   </div>
   <div class='ocr_carea' id='block_1_53' title="bbox 442 3016 2194 3095">
    <p class='ocr_par' dir='ltr' id='par_1_53' title="bbox 442 3017 2194 3095">
     <span class='ocr_line' id='line_1_53' title="bbox 442 3017 2194 3095; baseline -0.005 -14"><span class='ocrx_word' id='word_1_401' title='bbox 442 3029 746 3095; x_wconf 57' lang='grc' dir='ltr'>ἀνανήψας.</span> <span class='ocrx_word' id='word_1_402' title='bbox 784 3026 857 3089; x_wconf 82' lang='grc' dir='ltr'>ὼς</span> <span class='ocrx_word' id='word_1_403' title='bbox 894 3025 1006 3095; x_wconf 82' lang='lat'><strong>(78)</strong></span> <span class='ocrx_word' id='word_1_404' title='bbox 1042 3026 1103 3077; x_wconf 66' lang='lat' dir='ltr'><strong>lx</strong></span> <span class='ocrx_word' id='word_1_405' title='bbox 1158 3025 1332 3093; x_wconf 79' lang='grc' dir='ltr'>μέθης</span> <span class='ocrx_word' id='word_1_406' title='bbox 1360 3025 1454 3077; x_wconf 76' lang='grc' dir='ltr'>καὶ</span> <span class='ocrx_word' id='word_1_407' title='bbox 1504 3024 1711 3094; x_wconf 73' lang='grc' dir='ltr'>κόρου·</span> <span class='ocrx_word' id='word_1_408' title='bbox 1766 3024 2039 3090; x_wconf 78' lang='grc' dir='ltr'>ἁφυπνισε</span> <span class='ocrx_word' id='word_1_409' title='bbox 2145 3017 2194 3072; x_wconf 84' lang='lat' dir='ltr'><strong>ei</strong></span> 
     </span>
    </p>
   </div>
   <div class='ocr_carea' id='block_1_54' title="bbox 2012 3016 3764 3095">
    <p class='ocr_par' dir='ltr' id='par_1_54' title="bbox 2014 3016 3764 3087">
     <span class='ocr_line' id='line_1_54' title="bbox 2014 3016 3764 3087; baseline -0.002 -13"><span class='ocrx_word' id='word_1_410' title='bbox 2014 3040 2039 3075; x_wconf 91' lang='grc' dir='ltr'><strong>ε</strong></span> <span class='ocrx_word' id='word_1_411' title='bbox 2145 3016 2441 3072; x_wconf 64' lang='grc' dir='ltr'>εὸτοιυετ</span> <span class='ocrx_word' id='word_1_412' title='bbox 2522 3017 2628 3071; x_wconf 92' lang='lat' dir='ltr'><strong>hoc</strong></span> <span class='ocrx_word' id='word_1_413' title='bbox 2689 3026 2796 3082; x_wconf 90' lang='lat' dir='ltr'><strong>est,</strong></span> <span class='ocrx_word' id='word_1_414' title='bbox 2879 3027 3139 3086; x_wconf 88' lang='lat' dir='ltr'><strong>tanquam</strong></span> <span class='ocrx_word' id='word_1_415' title='bbox 3215 3018 3611 3087; x_wconf 80' lang='lat' dir='ltr'><strong>expergiscens</strong></span> <span class='ocrx_word' id='word_1_416' title='bbox 3693 3018 3764 3070; x_wconf 91' lang='lat' dir='ltr'><strong>ab</strong></span> 
     </span>
    </p>
   </div>
   <div class='ocr_carea' id='block_1_55' title="bbox 440 3109 2192 3189">
    <p class='ocr_par' dir='ltr' id='par_1_55' title="bbox 440 3111 2192 3189">
     <span class='ocr_line' id='line_1_55' title="bbox 440 3111 2192 3189; baseline -0.003 -17"><span class='ocrx_word' id='word_1_417' title='bbox 440 3122 547 3188; x_wconf 83' lang='grc' dir='ltr'><strong>γὰρ</strong></span> <span class='ocrx_word' id='word_1_418' title='bbox 571 3121 732 3173; x_wconf 78' lang='grc' dir='ltr'>αὑτὸν</span> <span class='ocrx_word' id='word_1_419' title='bbox 766 3122 798 3189; x_wconf 82' lang='grc' dir='ltr'><strong>ή</strong></span> <span class='ocrx_word' id='word_1_420' title='bbox 840 3118 1209 3171; x_wconf 70' lang='grc' dir='ltr'>κακοπάθεια.</span> <span class='ocrx_word' id='word_1_421' title='bbox 2144 3111 2192 3168; x_wconf 87' lang='lat' dir='ltr'><strong>el</strong></span> 
     </span>
    </p>
   </div>
   <div class='ocr_carea' id='block_1_56' title="bbox 1685 3109 3437 3189">
    <p class='ocr_par' dir='ltr' id='par_1_56' title="bbox 2144 3109 3437 3179">
     <span class='ocr_line' id='line_1_56' title="bbox 2144 3109 3437 3179; baseline -0.005 -12"><span class='ocrx_word' id='word_1_422' title='bbox 2144 3111 2430 3171; x_wconf 86' lang='lat' dir='ltr'><strong>ebrietate,</strong></span> <span class='ocrx_word' id='word_1_423' title='bbox 2457 3110 2721 3179; x_wconf 75' lang='lat' dir='ltr'><strong>gravique</strong></span> <span class='ocrx_word' id='word_1_424' title='bbox 2751 3124 2977 3171; x_wconf 84' lang='lat' dir='ltr'><strong>somno,</strong></span> <span class='ocrx_word' id='word_1_425' title='bbox 3007 3118 3062 3161; x_wconf 88' lang='lat' dir='ltr'><strong>et</strong></span> <span class='ocrx_word' id='word_1_426' title='bbox 3083 3109 3437 3177; x_wconf 88' lang='lat' dir='ltr'><strong>resipiscens.</strong></span> 
     </span>
    </p>
   </div>
   <div class='ocr_carea' id='block_1_57' title="bbox 515 3200 2267 3310">
    <p class='ocr_par' dir='ltr' id='par_1_57' title="bbox 515 3204 2261 3310">
     <span class='ocr_line' id='line_1_57' title="bbox 515 3204 2261 3310; baseline -0.006 -41"><span class='ocrx_word' id='word_1_427' title='bbox 515 3211 660 3269; x_wconf 83' lang='grc' dir='ltr'>Είπε</span> <span class='ocrx_word' id='word_1_428' title='bbox 691 3244 757 3254; x_wconf 87' lang='grc'><strong>-</strong></span> <span class='ocrx_word' id='word_1_429' title='bbox 783 3214 1153 3281; x_wconf 74' lang='grc' dir='ltr'>ἀπόλλυμαι.</span> <span class='ocrx_word' id='word_1_430' title='bbox 1191 3211 1455 3274; x_wconf 81' lang='grc' dir='ltr'>Μισθίους</span> <span class='ocrx_word' id='word_1_431' title='bbox 1505 3213 1603 3281; x_wconf 78' lang='grc' dir='ltr'>μὲν</span> <span class='ocrx_word' id='word_1_432' title='bbox 1631 3211 1738 3263; x_wconf 82' lang='grc' dir='ltr'>νόει</span> <span class='ocrx_word' id='word_1_433' title='bbox 1772 3210 1882 3279; x_wconf 83' lang='grc'><strong>(79)</strong></span> <span class='ocrx_word' id='word_1_434' title='bbox 1926 3227 2041 3291; x_wconf 54' lang='grc' dir='ltr'>μοι,</span> <span class='ocrx_word' id='word_1_435' title='bbox 2073 3253 2117 3310; x_wconf 75' lang='lat' dir='ltr'><strong><em>C</em></strong></span> <span class='ocrx_word' id='word_1_436' title='bbox 2221 3204 2261 3259; x_wconf 69' lang='grc' dir='ltr'><strong>ν</strong></span> 
     </span>
    </p>
   </div>
   <div class='ocr_carea' id='block_1_58' title="bbox 2012 3200 3764 3310">
    <p class='ocr_par' dir='ltr' id='par_1_58' title="bbox 2012 3200 3764 3310">
     <span class='ocr_line' id='line_1_58' title="bbox 2012 3200 3764 3310; baseline -0.006 -47"><span class='ocrx_word' id='word_1_437' title='bbox 2012 3228 2041 3291; x_wconf 56' lang='grc' dir='ltr'>ι,</span> <span class='ocrx_word' id='word_1_438' title='bbox 2073 3253 2117 3310; x_wconf 74' lang='lat' dir='ltr'><strong><em>C</em></strong></span> <span class='ocrx_word' id='word_1_439' title='bbox 2221 3204 2378 3259; x_wconf 80' lang='lat' dir='ltr'><strong>Vers.</strong></span> <span class='ocrx_word' id='word_1_440' title='bbox 2414 3202 2503 3256; x_wconf 83' lang='grc'>17.</span> <span class='ocrx_word' id='word_1_441' title='bbox 2556 3202 2707 3256; x_wconf 73' lang='lat' dir='ltr'><strong>Dixit</strong></span> <span class='ocrx_word' id='word_1_442' title='bbox 2744 3228 2815 3241; x_wconf 85' lang='lat'><strong>--</strong></span> <span class='ocrx_word' id='word_1_443' title='bbox 2850 3218 3025 3271; x_wconf 86' lang='lat' dir='ltr'><strong>pereo.</strong></span> <span class='ocrx_word' id='word_1_444' title='bbox 3068 3200 3442 3255; x_wconf 78' lang='lat' dir='ltr'><strong>Mercenarios</strong></span> <span class='ocrx_word' id='word_1_445' title='bbox 3492 3200 3764 3270; x_wconf 89' lang='lat' dir='ltr'><strong>intelligi-</strong></span> 
     </span>
    </p>
   </div>
   <div class='ocr_carea' id='block_1_59' title="bbox 438 3295 2190 3376">
    <p class='ocr_par' dir='ltr' id='par_1_59' title="bbox 438 3295 2190 3376">
     <span class='ocr_line' id='line_1_59' title="bbox 438 3295 2190 3376; baseline -0.003 -15"><span class='ocrx_word' id='word_1_446' title='bbox 438 3311 563 3371; x_wconf 80' lang='grc' dir='ltr'>τοὺς</span> <span class='ocrx_word' id='word_1_447' title='bbox 605 3307 683 3359; x_wconf 72' lang='grc' dir='ltr'>ἔτι</span> <span class='ocrx_word' id='word_1_448' title='bbox 720 3306 1200 3376; x_wconf 81' lang='grc' dir='ltr'>κατηχουμένους,</span> <span class='ocrx_word' id='word_1_449' title='bbox 1255 3307 1349 3357; x_wconf 71' lang='grc' dir='ltr'><strong>καὶ</strong></span> <span class='ocrx_word' id='word_1_450' title='bbox 1386 3306 1555 3375; x_wconf 85' lang='grc' dir='ltr'>μήπω</span> <span class='ocrx_word' id='word_1_451' title='bbox 1594 3304 1683 3357; x_wconf 78' lang='grc' dir='ltr'>διὰ</span> <span class='ocrx_word' id='word_1_452' title='bbox 1716 3304 1808 3355; x_wconf 78' lang='grc' dir='ltr'>τοῦ</span> <span class='ocrx_word' id='word_1_453' title='bbox 1847 3304 2042 3372; x_wconf 85' lang='grc' dir='ltr'>βαπτί-</span> <span class='ocrx_word' id='word_1_454' title='bbox 2076 3295 2117 3310; x_wconf 60' lang='grc' dir='ltr'>ν</span> <span class='ocrx_word' id='word_1_455' title='bbox 2151 3318 2190 3355; x_wconf 83' lang='grc' dir='ltr'>ιι·</span> 
     </span>
    </p>
   </div>
   <div class='ocr_carea' id='block_1_60' title="bbox 2012 3295 3764 3376">
    <p class='ocr_par' dir='ltr' id='par_1_60' title="bbox 2017 3295 3764 3368">
     <span class='ocr_line' id='line_1_60' title="bbox 2017 3295 3764 3368; baseline -0.006 -12"><span class='ocrx_word' id='word_1_456' title='bbox 2017 3332 2042 3342; x_wconf 89' lang='grc'><strong><em>-</em></strong></span> <span class='ocrx_word' id='word_1_457' title='bbox 2076 3295 2117 3310; x_wconf 61' lang='grc'><strong>’⁸</strong></span> <span class='ocrx_word' id='word_1_458' title='bbox 2151 3316 2273 3355; x_wconf 87' lang='lat' dir='ltr'><strong>mus</strong></span> <span class='ocrx_word' id='word_1_459' title='bbox 2297 3314 2392 3354; x_wconf 87' lang='lat' dir='ltr'><strong>eos</strong></span> <span class='ocrx_word' id='word_1_460' title='bbox 2420 3298 2512 3368; x_wconf 89' lang='lat' dir='ltr'><strong>qui</strong></span> <span class='ocrx_word' id='word_1_461' title='bbox 2548 3299 2729 3352; x_wconf 88' lang='lat' dir='ltr'><strong>adhuc.</strong></span> <span class='ocrx_word' id='word_1_462' title='bbox 2767 3306 2898 3351; x_wconf 91' lang='lat' dir='ltr'><strong>sunt</strong></span> <span class='ocrx_word' id='word_1_463' title='bbox 2948 3295 3364 3354; x_wconf 89' lang='lat' dir='ltr'><strong>catechumeni.</strong></span> <span class='ocrx_word' id='word_1_464' title='bbox 3412 3304 3466 3348; x_wconf 89' lang='lat' dir='ltr'><strong>et</strong></span> <span class='ocrx_word' id='word_1_465' title='bbox 3518 3296 3764 3348; x_wconf 90' lang='lat' dir='ltr'><strong>nonduut</strong></span> 
     </span>
    </p>
   </div>
   <div class='ocr_carea' id='block_1_61' title="bbox 444 3388 2196 3470">
    <p class='ocr_par' dir='ltr' id='par_1_61' title="bbox 444 3393 2196 3470">
     <span class='ocr_line' id='line_1_61' title="bbox 444 3393 2196 3470; baseline -0.001 -17"><span class='ocrx_word' id='word_1_466' title='bbox 444 3418 649 3470; x_wconf 87' lang='grc' dir='ltr'>σματος</span> <span class='ocrx_word' id='word_1_467' title='bbox 675 3398 1115 3467; x_wconf 78' lang='grc' dir='ltr'>υίοθετηθέντας,</span> <span class='ocrx_word' id='word_1_468' title='bbox 1143 3393 1223 3461; x_wconf 84' lang='grc' dir='ltr'>οἷς</span> <span class='ocrx_word' id='word_1_469' title='bbox 1253 3398 1443 3468; x_wconf 85' lang='grc' dir='ltr'>μισθὸς</span> <span class='ocrx_word' id='word_1_470' title='bbox 1463 3400 1559 3467; x_wconf 83' lang='grc' dir='ltr'>τῆς</span> <span class='ocrx_word' id='word_1_471' title='bbox 1586 3400 1821 3461; x_wconf 79' lang='grc' dir='ltr'>πίστεως</span> <span class='ocrx_word' id='word_1_472' title='bbox 1845 3398 2047 3452; x_wconf 77' lang='grc' dir='ltr'>δίδοται</span> <span class='ocrx_word' id='word_1_473' title='bbox 2152 3410 2196 3463; x_wconf 67' lang='lat' dir='ltr'><strong>pt</strong></span> 
     </span>
    </p>
   </div>
   <div class='ocr_carea' id='block_1_62' title="bbox 2012 3388 3764 3470">
    <p class='ocr_par' dir='ltr' id='par_1_62' title="bbox 2012 3388 3764 3463">
     <span class='ocr_line' id='line_1_62' title="bbox 2012 3388 3764 3463; baseline -0.005 -13"><span class='ocrx_word' id='word_1_474' title='bbox 2012 3417 2047 3452; x_wconf 86' lang='grc' dir='ltr'><strong>ιι</strong></span> <span class='ocrx_word' id='word_1_475' title='bbox 2152 3409 2248 3463; x_wconf 88' lang='lat' dir='ltr'><strong>per</strong></span> <span class='ocrx_word' id='word_1_476' title='bbox 2274 3394 2610 3463; x_wconf 85' lang='lat' dir='ltr'><strong>baptismum</strong></span> <span class='ocrx_word' id='word_1_477' title='bbox 2645 3391 2912 3461; x_wconf 81' lang='lat' dir='ltr'><strong>adoptati,</strong></span> <span class='ocrx_word' id='word_1_478' title='bbox 2949 3391 3151 3458; x_wconf 86' lang='lat' dir='ltr'><strong>quibus</strong></span> <span class='ocrx_word' id='word_1_479' title='bbox 3175 3404 3391 3445; x_wconf 87' lang='lat' dir='ltr'><strong>merces</strong></span> <span class='ocrx_word' id='word_1_480' title='bbox 3420 3388 3545 3443; x_wconf 82' lang='lat' dir='ltr'><strong>ﬁdei</strong></span> <span class='ocrx_word' id='word_1_481' title='bbox 3584 3390 3764 3453; x_wconf 82' lang='lat' dir='ltr'><strong>datur,</strong></span> 
     </span>
    </p>
   </div>
   <div class='ocr_carea' id='block_1_63' title="bbox 446 3482 2198 3563">
    <p class='ocr_par' dir='ltr' id='par_1_63' title="bbox 446 3490 2198 3563">
     <span class='ocr_line' id='line_1_63' title="bbox 446 3490 2198 3563; baseline -0.007 -16"><span class='ocrx_word' id='word_1_482' title='bbox 446 3498 477 3563; x_wconf 79' lang='grc' dir='ltr'>ἠ</span> <span class='ocrx_word' id='word_1_483' title='bbox 516 3494 799 3546; x_wconf 76' lang='grc' dir='ltr'>υἱοθεσία·</span> <span class='ocrx_word' id='word_1_484' title='bbox 859 3492 1059 3562; x_wconf 76' lang='grc' dir='ltr'>ἄρτους</span> <span class='ocrx_word' id='word_1_485' title='bbox 1110 3491 1187 3553; x_wconf 68' lang='grc' dir='ltr'><strong>δὲ,</strong></span> <span class='ocrx_word' id='word_1_486' title='bbox 1219 3493 1317 3554; x_wconf 84' lang='grc' dir='ltr'>τὰς</span> <span class='ocrx_word' id='word_1_487' title='bbox 1364 3490 1672 3560; x_wconf 78' lang='grc' dir='ltr'>θρεπτικὰς</span> <span class='ocrx_word' id='word_1_488' title='bbox 1710 3490 1819 3542; x_wconf 81' lang='grc' dir='ltr'><strong>τῶν</strong></span> <span class='ocrx_word' id='word_1_489' title='bbox 1858 3490 2047 3560; x_wconf 72' lang='grc' dir='ltr'>ψυχῶν</span> <span class='ocrx_word' id='word_1_490' title='bbox 2153 3501 2198 3555; x_wconf 77' lang='grc' dir='ltr'><strong>ρι</strong></span> 
     </span>
    </p>
   </div>
   <div class='ocr_carea' id='block_1_64' title="bbox 2018 3482 3770 3563">
    <p class='ocr_par' dir='ltr' id='par_1_64' title="bbox 2020 3482 3770 3556">
     <span class='ocr_line' id='line_1_64' title="bbox 2020 3482 3770 3556; baseline -0.003 -16"><span class='ocrx_word' id='word_1_491' title='bbox 2020 3510 2047 3545; x_wconf 84' lang='grc' dir='ltr'><strong>ν</strong></span> <span class='ocrx_word' id='word_1_492' title='bbox 2153 3495 2283 3555; x_wconf 85' lang='lat' dir='ltr'><strong>puta</strong></span> <span class='ocrx_word' id='word_1_493' title='bbox 2339 3485 2613 3556; x_wconf 85' lang='lat' dir='ltr'><strong>adoptio;</strong></span> <span class='ocrx_word' id='word_1_494' title='bbox 2667 3499 2837 3552; x_wconf 87' lang='lat' dir='ltr'><strong>panes</strong></span> <span class='ocrx_word' id='word_1_495' title='bbox 2895 3498 3048 3547; x_wconf 71' lang='lat' dir='ltr'><strong>vero.</strong></span> <span class='ocrx_word' id='word_1_496' title='bbox 3108 3482 3392 3536; x_wconf 85' lang='lat' dir='ltr'><strong>doctrinas</strong></span> <span class='ocrx_word' id='word_1_497' title='bbox 3449 3482 3770 3534; x_wconf 89' lang='lat' dir='ltr'><strong>animarum</strong></span> 
     </span>
    </p>
   </div>
   <div class='ocr_carea' id='block_1_65' title="bbox 442 3572 2194 3653">
    <p class='ocr_par' dir='ltr' id='par_1_65' title="bbox 442 3583 2185 3653">
     <span class='ocr_line' id='line_1_65' title="bbox 442 3583 2185 3653; baseline -0.003 -14"><span class='ocrx_word' id='word_1_498' title='bbox 442 3586 824 3645; x_wconf 80' lang='grc' dir='ltr'>διδασκαλίας.</span> <span class='ocrx_word' id='word_1_499' title='bbox 861 3586 1031 3653; x_wconf 69' lang='grc' dir='ltr'>Φησὶν</span> <span class='ocrx_word' id='word_1_500' title='bbox 1064 3583 1158 3636; x_wconf 60' lang='grc' dir='ltr'><strong>οὖν</strong></span> <span class='ocrx_word' id='word_1_501' title='bbox 1187 3587 1249 3636; x_wconf 85' lang='grc' dir='ltr'>ὲκ</span> <span class='ocrx_word' id='word_1_502' title='bbox 1276 3583 1472 3653; x_wconf 76' lang='grc' dir='ltr'>βάθους</span> <span class='ocrx_word' id='word_1_503' title='bbox 1505 3584 1757 3653; x_wconf 77' lang='grc' dir='ltr'>καρδίαςο</span> <span class='ocrx_word' id='word_1_504' title='bbox 1796 3585 1860 3636; x_wconf 86' lang='grc' dir='ltr'>Ὢ</span> <span class='ocrx_word' id='word_1_505' title='bbox 1888 3585 2043 3635; x_wconf 74' lang='grc' dir='ltr'>πόσοι</span> <span class='ocrx_word' id='word_1_506' title='bbox 2154 3595 2185 3632; x_wconf 93' lang='lat' dir='ltr'><strong>n</strong></span> 
     </span>
    </p>
   </div>
   <div class='ocr_carea' id='block_1_66' title="bbox 2020 3572 3772 3653">
    <p class='ocr_par' dir='ltr' id='par_1_66' title="bbox 2028 3572 3772 3647">
     <span class='ocr_line' id='line_1_66' title="bbox 2028 3572 3772 3647; baseline -0.003 -12"><span class='ocrx_word' id='word_1_507' title='bbox 2028 3602 2043 3635; x_wconf 91' lang='lat' dir='ltr'><strong>t</strong></span> <span class='ocrx_word' id='word_1_508' title='bbox 2154 3580 2467 3633; x_wconf 85' lang='lat' dir='ltr'><strong>nutritivas.</strong></span> <span class='ocrx_word' id='word_1_509' title='bbox 2536 3579 2675 3631; x_wconf 89' lang='lat' dir='ltr'><strong>Dicit</strong></span> <span class='ocrx_word' id='word_1_510' title='bbox 2723 3593 2852 3647; x_wconf 87' lang='lat' dir='ltr'><strong>ergo</strong></span> <span class='ocrx_word' id='word_1_511' title='bbox 2901 3577 2971 3630; x_wconf 89' lang='lat' dir='ltr'><strong>ab</strong></span> <span class='ocrx_word' id='word_1_512' title='bbox 3023 3576 3223 3629; x_wconf 88' lang='lat' dir='ltr'><strong>intimo</strong></span> <span class='ocrx_word' id='word_1_513' title='bbox 3289 3575 3520 3629; x_wconf 83' lang='lat' dir='ltr'><strong>cordis:</strong></span> <span class='ocrx_word' id='word_1_514' title='bbox 3568 3572 3772 3643; x_wconf 79' lang='lat' dir='ltr'><strong>Oquot</strong></span> 
     </span>
    </p>
   </div>
   <div class='ocr_carea' id='block_1_67' title="bbox 448 3666 2200 3749">
    <p class='ocr_par' dir='ltr' id='par_1_67' title="bbox 448 3677 2200 3749">
     <span class='ocr_line' id='line_1_67' title="bbox 448 3677 2200 3749; baseline -0.004 -18"><span class='ocrx_word' id='word_1_515' title='bbox 448 3680 650 3749; x_wconf 86' lang='grc' dir='ltr'>μίσθιοι</span> <span class='ocrx_word' id='word_1_516' title='bbox 700 3678 794 3730; x_wconf 80' lang='grc' dir='ltr'><strong>τοῦ</strong></span> <span class='ocrx_word' id='word_1_517' title='bbox 861 3679 1067 3747; x_wconf 82' lang='grc' dir='ltr'>πατρός</span> <span class='ocrx_word' id='word_1_518' title='bbox 1131 3696 1230 3747; x_wconf 91' lang='grc' dir='ltr'><strong>μου</strong></span> <span class='ocrx_word' id='word_1_519' title='bbox 1278 3678 1339 3729; x_wconf 78' lang='grc' dir='ltr'><strong>οὐ</strong></span> <span class='ocrx_word' id='word_1_520' title='bbox 1390 3678 1553 3746; x_wconf 87' lang='grc' dir='ltr'>μόνον</span> <span class='ocrx_word' id='word_1_521' title='bbox 1603 3677 1787 3747; x_wconf 76' lang='grc' dir='ltr'>ἔχουσι</span> <span class='ocrx_word' id='word_1_522' title='bbox 1837 3678 2045 3748; x_wconf 57' lang='grc' dir='ltr'>τροφὴν</span> <span class='ocrx_word' id='word_1_523' title='bbox 2152 3687 2200 3724; x_wconf 79' lang='lat' dir='ltr'><strong>nt</strong></span> 
     </span>
    </p>
   </div>
   <div class='ocr_carea' id='block_1_68' title="bbox 2020 3666 3772 3749">
    <p class='ocr_par' dir='ltr' id='par_1_68' title="bbox 2020 3666 3772 3740">
     <span class='ocr_line' id='line_1_68' title="bbox 2020 3666 3772 3740; baseline -0.003 -13"><span class='ocrx_word' id='word_1_524' title='bbox 2020 3695 2045 3727; x_wconf 90' lang='grc' dir='ltr'><strong>ν</strong></span> <span class='ocrx_word' id='word_1_525' title='bbox 2152 3670 2481 3726; x_wconf 87' lang='lat' dir='ltr'><strong>mercenarii</strong></span> <span class='ocrx_word' id='word_1_526' title='bbox 2549 3671 2725 3740; x_wconf 87' lang='lat' dir='ltr'><strong>patris</strong></span> <span class='ocrx_word' id='word_1_527' title='bbox 2778 3672 2884 3724; x_wconf 86' lang='lat' dir='ltr'><strong>mei</strong></span> <span class='ocrx_word' id='word_1_528' title='bbox 2939 3684 3049 3722; x_wconf 93' lang='lat' dir='ltr'><strong>non</strong></span> <span class='ocrx_word' id='word_1_529' title='bbox 3104 3666 3269 3721; x_wconf 88' lang='lat' dir='ltr'><strong>modo</strong></span> <span class='ocrx_word' id='word_1_530' title='bbox 3320 3668 3505 3721; x_wconf 88' lang='lat' dir='ltr'><strong>cibum</strong></span> <span class='ocrx_word' id='word_1_531' title='bbox 3561 3668 3772 3721; x_wconf 83' lang='lat' dir='ltr'><strong>habent</strong></span> 
     </span>
    </p>
   </div>
   <div class='ocr_carea' id='block_1_69' title="bbox 442 3758 2194 3843">
    <p class='ocr_par' dir='ltr' id='par_1_69' title="bbox 442 3770 2194 3843">
     <span class='ocr_line' id='line_1_69' title="bbox 442 3770 2194 3843; baseline -0.004 -18"><span class='ocrx_word' id='word_1_532' title='bbox 442 3774 705 3843; x_wconf 72' lang='grc' dir='ltr'>ψυχικὴν,</span> <span class='ocrx_word' id='word_1_533' title='bbox 726 3773 861 3824; x_wconf 71' lang='grc' dir='ltr'><strong>ἀλλὰ</strong></span> <span class='ocrx_word' id='word_1_534' title='bbox 893 3775 985 3824; x_wconf 78' lang='grc' dir='ltr'><strong>καὶ</strong></span> <span class='ocrx_word' id='word_1_535' title='bbox 1015 3773 1229 3840; x_wconf 84' lang='grc' dir='ltr'>τρυφήν</span> <span class='ocrx_word' id='word_1_536' title='bbox 1250 3789 1262 3801; x_wconf 89' lang='grc'><strong>·</strong></span> <span class='ocrx_word' id='word_1_537' title='bbox 1292 3770 1454 3823; x_wconf 82' lang='grc' dir='ltr'>τοῦτο</span> <span class='ocrx_word' id='word_1_538' title='bbox 1484 3771 1591 3842; x_wconf 83' lang='grc' dir='ltr'><strong>γὰρ</strong></span> <span class='ocrx_word' id='word_1_539' title='bbox 1612 3770 1671 3822; x_wconf 82' lang='grc' dir='ltr'><strong>τὸ</strong></span> <span class='ocrx_word' id='word_1_540' title='bbox 1696 3770 2046 3841; x_wconf 74' lang='grc' dir='ltr'>περισσεύειν</span> <span class='ocrx_word' id='word_1_541' title='bbox 2153 3780 2194 3819; x_wconf 72' lang='lat' dir='ltr'><strong>al</strong></span> 
     </span>
    </p>
   </div>
   <div class='ocr_carea' id='block_1_70' title="bbox 2022 3758 3774 3843">
    <p class='ocr_par' dir='ltr' id='par_1_70' title="bbox 2022 3758 3774 3829">
     <span class='ocr_line' id='line_1_70' title="bbox 2022 3758 3774 3829; baseline -0.003 -10"><span class='ocrx_word' id='word_1_542' title='bbox 2022 3788 2046 3821; x_wconf 91' lang='grc' dir='ltr'><strong>ν</strong></span> <span class='ocrx_word' id='word_1_543' title='bbox 2153 3765 2493 3826; x_wconf 85' lang='lat' dir='ltr'><strong>animarum.</strong></span> <span class='ocrx_word' id='word_1_544' title='bbox 2540 3763 2636 3817; x_wconf 88' lang='lat' dir='ltr'><strong>sed</strong></span> <span class='ocrx_word' id='word_1_545' title='bbox 2689 3772 2745 3816; x_wconf 90' lang='lat' dir='ltr'><strong>et</strong></span> <span class='ocrx_word' id='word_1_546' title='bbox 2800 3761 3079 3816; x_wconf 82' lang='lat' dir='ltr'><strong>delicias!</strong></span> <span class='ocrx_word' id='word_1_547' title='bbox 3168 3758 3225 3812; x_wconf 85' lang='lat' dir='ltr'><strong>id</strong></span> <span class='ocrx_word' id='word_1_548' title='bbox 3284 3759 3435 3812; x_wconf 90' lang='lat' dir='ltr'><strong>enim</strong></span> <span class='ocrx_word' id='word_1_549' title='bbox 3497 3760 3774 3829; x_wconf 82' lang='lat' dir='ltr'><strong>signiﬁcat</strong></span> 
     </span>
    </p>
   </div>
   <div class='ocr_carea' id='block_1_71' title="bbox 448 3850 2200 3937">
    <p class='ocr_par' dir='ltr' id='par_1_71' title="bbox 448 3863 2200 3937">
     <span class='ocr_line' id='line_1_71' title="bbox 448 3863 2200 3937; baseline -0.005 -16"><span class='ocrx_word' id='word_1_550' title='bbox 448 3868 741 3937; x_wconf 82' lang='grc' dir='ltr'>σημαίνει·</span> <span class='ocrx_word' id='word_1_551' title='bbox 781 3866 891 3932; x_wconf 66' lang='grc' dir='ltr'><strong>ἐγὼ</strong></span> <span class='ocrx_word' id='word_1_552' title='bbox 920 3866 975 3916; x_wconf 77' lang='grc' dir='ltr'><strong>δὲ</strong></span> <span class='ocrx_word' id='word_1_553' title='bbox 1010 3868 1035 3917; x_wconf 88' lang='lat'><strong>6</strong></span> <span class='ocrx_word' id='word_1_554' title='bbox 1080 3867 1217 3926; x_wconf 83' lang='grc' dir='ltr'>υίὸς,</span> <span class='ocrx_word' id='word_1_555' title='bbox 1257 3864 1402 3933; x_wconf 83' lang='grc' dir='ltr'>λιμῷ</span> <span class='ocrx_word' id='word_1_556' title='bbox 1458 3865 1792 3935; x_wconf 75' lang='grc' dir='ltr'>ἀπόλλυμαι.</span> <span class='ocrx_word' id='word_1_557' title='bbox 1857 3863 2046 3917; x_wconf 83' lang='grc' dir='ltr'>Ταῦτα</span> <span class='ocrx_word' id='word_1_558' title='bbox 2153 3864 2200 3913; x_wconf 84' lang='lat' dir='ltr'><strong>al</strong></span> 
     </span>
    </p>
   </div>
   <div class='ocr_carea' id='block_1_72' title="bbox 2017 3850 3769 3937">
    <p class='ocr_par' dir='ltr' id='par_1_72' title="bbox 2017 3850 3769 3927">
     <span class='ocr_line' id='line_1_72' title="bbox 2017 3850 3769 3927; baseline -0.005 -12"><span class='ocrx_word' id='word_1_559' title='bbox 2017 3882 2046 3915; x_wconf 86' lang='grc' dir='ltr'><strong>α</strong></span> <span class='ocrx_word' id='word_1_560' title='bbox 2153 3860 2449 3913; x_wconf 83' lang='lat' dir='ltr'><strong>abundare.</strong></span> <span class='ocrx_word' id='word_1_561' title='bbox 2485 3857 2596 3927; x_wconf 78' lang='lat' dir='ltr'><strong>Ego</strong></span> <span class='ocrx_word' id='word_1_562' title='bbox 2626 3866 2813 3910; x_wconf 89' lang='lat' dir='ltr'><strong>autem</strong></span> <span class='ocrx_word' id='word_1_563' title='bbox 2851 3856 2945 3925; x_wconf 91' lang='lat' dir='ltr'><strong>qui</strong></span> <span class='ocrx_word' id='word_1_564' title='bbox 3002 3852 3147 3907; x_wconf 83' lang='lat' dir='ltr'><strong>ﬁlius</strong></span> <span class='ocrx_word' id='word_1_565' title='bbox 3190 3869 3335 3915; x_wconf 84' lang='lat' dir='ltr'><strong>sum,</strong></span> <span class='ocrx_word' id='word_1_566' title='bbox 3382 3850 3529 3907; x_wconf 80' lang='lat' dir='ltr'><strong>fame</strong></span> <span class='ocrx_word' id='word_1_567' title='bbox 3577 3868 3769 3921; x_wconf 77' lang='lat' dir='ltr'><strong>pereo.</strong></span> 
     </span>
    </p>
   </div>
   <div class='ocr_carea' id='block_1_73' title="bbox 448 3944 2200 4027">
    <p class='ocr_par' dir='ltr' id='par_1_73' title="bbox 448 3951 2197 4027">
     <span class='ocr_line' id='line_1_73' title="bbox 448 3951 2197 4027; baseline -0.005 -14"><span class='ocrx_word' id='word_1_568' title='bbox 448 3962 541 4013; x_wconf 80' lang='grc' dir='ltr'><strong>καὶ</strong></span> <span class='ocrx_word' id='word_1_569' title='bbox 598 3960 666 4011; x_wconf 85' lang='grc' dir='ltr'>τὰ</span> <span class='ocrx_word' id='word_1_570' title='bbox 726 3958 852 4025; x_wconf 79' lang='grc' dir='ltr'>ἑξῆς</span> <span class='ocrx_word' id='word_1_571' title='bbox 906 3958 1297 4026; x_wconf 78' lang='grc' dir='ltr'>παραϐολικῶς</span> <span class='ocrx_word' id='word_1_572' title='bbox 1346 3956 1705 4027; x_wconf 82' lang='grc' dir='ltr'>διηγούμενος</span> <span class='ocrx_word' id='word_1_573' title='bbox 1750 3958 1777 4009; x_wconf 90' lang='lat'><strong>6</strong></span> <span class='ocrx_word' id='word_1_574' title='bbox 1829 3957 2044 4026; x_wconf 84' lang='grc' dir='ltr'>Σωτὴρ,</span> <span class='ocrx_word' id='word_1_575' title='bbox 2155 3951 2197 4005; x_wconf 81' lang='grc' dir='ltr'><strong>Η</strong></span> 
     </span>
    </p>
   </div>
   <div class='ocr_carea' id='block_1_74' title="bbox 2024 3944 3776 4027">
    <p class='ocr_par' dir='ltr' id='par_1_74' title="bbox 2030 3944 3776 4021">
     <span class='ocr_line' id='line_1_74' title="bbox 2030 3944 3776 4021; baseline -0.005 -15"><span class='ocrx_word' id='word_1_576' title='bbox 2030 3996 2044 4021; x_wconf 84' lang='grc'><strong><em>,</em></strong></span> <span class='ocrx_word' id='word_1_577' title='bbox 2155 3951 2282 4007; x_wconf 70' lang='lat' dir='ltr'><strong>Haec</strong></span> <span class='ocrx_word' id='word_1_578' title='bbox 2312 3959 2368 4005; x_wconf 85' lang='lat' dir='ltr'><strong>et</strong></span> <span class='ocrx_word' id='word_1_579' title='bbox 2396 3964 2459 4003; x_wconf 87' lang='lat' dir='ltr'><strong>ea</strong></span> <span class='ocrx_word' id='word_1_580' title='bbox 2490 3964 2610 4019; x_wconf 69' lang='lat' dir='ltr'><strong>qua:</strong></span> <span class='ocrx_word' id='word_1_581' title='bbox 2637 3957 2975 4017; x_wconf 86' lang='lat' dir='ltr'><strong>sequuntur,</strong></span> <span class='ocrx_word' id='word_1_582' title='bbox 3029 3944 3341 4016; x_wconf 88' lang='lat' dir='ltr'><strong>parabolice</strong></span> <span class='ocrx_word' id='word_1_583' title='bbox 3379 3959 3617 3998; x_wconf 88' lang='lat' dir='ltr'><strong>narrans</strong></span> <span class='ocrx_word' id='word_1_584' title='bbox 3654 3944 3776 3999; x_wconf 87' lang='lat' dir='ltr'><strong>Sal-</strong></span> 
     </span>
    </p>
   </div>
   <div class='ocr_carea' id='block_1_75' title="bbox 451 4036 2203 4119">
    <p class='ocr_par' dir='ltr' id='par_1_75' title="bbox 451 4046 2203 4119">
     <span class='ocr_line' id='line_1_75' title="bbox 451 4046 2203 4119; baseline 0.001 -19"><span class='ocrx_word' id='word_1_585' title='bbox 451 4048 625 4100; x_wconf 86' lang='grc' dir='ltr'>τύπον</span> <span class='ocrx_word' id='word_1_586' title='bbox 659 4050 792 4117; x_wconf 76' lang='grc' dir='ltr'>ἡμῖν</span> <span class='ocrx_word' id='word_1_587' title='bbox 829 4047 1119 4115; x_wconf 76' lang='grc' dir='ltr'>μετανοίας</span> <span class='ocrx_word' id='word_1_588' title='bbox 1151 4046 1390 4117; x_wconf 80' lang='grc' dir='ltr'>ἀληθοῦς</span> <span class='ocrx_word' id='word_1_589' title='bbox 1431 4047 1826 4119; x_wconf 78' lang='grc' dir='ltr'>παραδίδωσιν.</span> <span class='ocrx_word' id='word_1_590' title='bbox 2152 4063 2203 4102; x_wconf 76' lang='lat' dir='ltr'><strong>v:</strong></span> 
     </span>
    </p>
   </div>
   <div class='ocr_carea' id='block_1_76' title="bbox 1847 4036 3599 4119">
    <p class='ocr_par' dir='ltr' id='par_1_76' title="bbox 2152 4036 3599 4114">
     <span class='ocr_line' id='line_1_76' title="bbox 2152 4036 3599 4114; baseline -0.009 -12"><span class='ocrx_word' id='word_1_591' title='bbox 2152 4056 2331 4110; x_wconf 79' lang='lat' dir='ltr'><strong>valor.</strong></span> <span class='ocrx_word' id='word_1_592' title='bbox 2372 4060 2519 4100; x_wconf 69' lang='lat' dir='ltr'><strong>verte</strong></span> <span class='ocrx_word' id='word_1_593' title='bbox 2549 4044 2896 4114; x_wconf 62' lang='lat' dir='ltr'><strong>poenitentia:</strong></span> <span class='ocrx_word' id='word_1_594' title='bbox 2938 4040 3167 4111; x_wconf 85' lang='lat' dir='ltr'><strong>ﬁgurant</strong></span> <span class='ocrx_word' id='word_1_595' title='bbox 3202 4038 3364 4093; x_wconf 90' lang='lat' dir='ltr'><strong>nobis</strong></span> <span class='ocrx_word' id='word_1_596' title='bbox 3413 4036 3599 4091; x_wconf 87' lang='lat' dir='ltr'><strong>tradit.</strong></span> 
     </span>
    </p>
   </div>
   <div class='ocr_carea' id='block_1_77' title="bbox 531 4128 2283 4213">
    <p class='ocr_par' dir='ltr' id='par_1_77' title="bbox 531 4136 2283 4213">
     <span class='ocr_line' id='line_1_77' title="bbox 531 4136 2283 4213; baseline -0.003 -18"><span class='ocrx_word' id='word_1_597' title='bbox 531 4140 831 4205; x_wconf 75' lang='grc' dir='ltr'>Ἀναστὰς</span> <span class='ocrx_word' id='word_1_598' title='bbox 862 4171 931 4181; x_wconf 91' lang='grc'><strong><em>-</em></strong></span> <span class='ocrx_word' id='word_1_599' title='bbox 950 4159 1094 4209; x_wconf 88' lang='grc' dir='ltr'>μου.</span> <span class='ocrx_word' id='word_1_600' title='bbox 1136 4140 1409 4206; x_wconf 70' lang='grc' dir='ltr'>Ἀναστὰς</span> <span class='ocrx_word' id='word_1_601' title='bbox 1470 4142 1580 4195; x_wconf 84' lang='grc' dir='ltr'>ἀπὸ</span> <span class='ocrx_word' id='word_1_602' title='bbox 1612 4142 1705 4196; x_wconf 82' lang='grc' dir='ltr'>τοῦ</span> <span class='ocrx_word' id='word_1_603' title='bbox 1746 4142 2044 4213; x_wconf 83' lang='grc' dir='ltr'>πτώματος</span> <span class='ocrx_word' id='word_1_604' title='bbox 2229 4136 2283 4190; x_wconf 65' lang='lat' dir='ltr'><strong>Vt</strong></span> 
     </span>
    </p>
   </div>
   <div class='ocr_carea' id='block_1_78' title="bbox 2025 4128 3777 4213">
    <p class='ocr_par' dir='ltr' id='par_1_78' title="bbox 2025 4128 3777 4206">
     <span class='ocr_line' id='line_1_78' title="bbox 2025 4128 3777 4206; baseline -0.005 -15"><span class='ocrx_word' id='word_1_605' title='bbox 2025 4159 2044 4206; x_wconf 86' lang='lat'><strong>;</strong></span> <span class='ocrx_word' id='word_1_606' title='bbox 2229 4136 2385 4191; x_wconf 80' lang='lat' dir='ltr'><strong>Vers.</strong></span> <span class='ocrx_word' id='word_1_607' title='bbox 2434 4136 2521 4190; x_wconf 94' lang='grc'><strong>18.</strong></span> <span class='ocrx_word' id='word_1_608' title='bbox 2568 4133 2804 4205; x_wconf 83' lang='lat' dir='ltr'><strong>Surgens</strong></span> <span class='ocrx_word' id='word_1_609' title='bbox 2855 4162 2927 4172; x_wconf 89' lang='lat'>—</span> <span class='ocrx_word' id='word_1_610' title='bbox 2978 4149 3178 4186; x_wconf 89' lang='lat' dir='ltr'><strong>meum.</strong></span> <span class='ocrx_word' id='word_1_611' title='bbox 3248 4128 3497 4201; x_wconf 89' lang='lat' dir='ltr'><strong>Surgens</strong></span> <span class='ocrx_word' id='word_1_612' title='bbox 3565 4143 3596 4182; x_wconf 86' lang='lat' dir='ltr'><strong>a</strong></span> <span class='ocrx_word' id='word_1_613' title='bbox 3642 4144 3777 4185; x_wconf 85' lang='lat' dir='ltr'><strong>casu</strong></span> 
     </span>
    </p>
   </div>
   <div class='ocr_carea' id='block_1_79' title="bbox 446 4231 2401 4307">
    <p class='ocr_par' dir='ltr' id='par_1_79' title="bbox 446 4231 2401 4307">
     <span class='ocr_line' id='line_1_79' title="bbox 446 4231 2401 4307; baseline -0.002 -20"><span class='ocrx_word' id='word_1_614' title='bbox 446 4234 546 4305; x_wconf 80' lang='grc' dir='ltr'><strong>τῆς</strong></span> <span class='ocrx_word' id='word_1_615' title='bbox 577 4235 855 4306; x_wconf 73' lang='grc' dir='ltr'>ἁμαρτίας</span> <span class='ocrx_word' id='word_1_616' title='bbox 886 4233 1020 4307; x_wconf 88' lang='grc'><strong>(80).</strong></span> <span class='ocrx_word' id='word_1_617' title='bbox 2161 4231 2401 4302; x_wconf 81' lang='lat' dir='ltr'><strong>peccati.</strong></span> 
     </span>
    </p>
   </div>
   <div class='ocr_carea' id='block_1_80' title="bbox 2238 4318 3520 4396">
    <p class='ocr_par' dir='ltr' id='par_1_80' title="bbox 2238 4318 3520 4396">
     <span class='ocr_line' id='line_1_80' title="bbox 2238 4318 3520 4396; baseline -0.005 -17"><span class='ocrx_word' id='word_1_618' title='bbox 2238 4324 2279 4396; x_wconf 68' lang='grc' dir='ltr'><strong>ιι-</strong></span> <span class='ocrx_word' id='word_1_619' title='bbox 2312 4322 2559 4379; x_wconf 79' lang='lat' dir='ltr'><strong>Honeste</strong></span> <span class='ocrx_word' id='word_1_620' title='bbox 2597 4339 2665 4377; x_wconf 88' lang='lat' dir='ltr'><strong>eo</strong></span> <span class='ocrx_word' id='word_1_621' title='bbox 2690 4330 2938 4376; x_wconf 88' lang='lat' dir='ltr'><strong>revertar</strong></span> <span class='ocrx_word' id='word_1_622' title='bbox 2980 4319 3125 4375; x_wconf 91' lang='lat' dir='ltr'><strong>unde</strong></span> <span class='ocrx_word' id='word_1_623' title='bbox 3168 4319 3311 4373; x_wconf 89' lang='lat' dir='ltr'><strong>male</strong></span> <span class='ocrx_word' id='word_1_624' title='bbox 3351 4318 3520 4372; x_wconf 82' lang='lat' dir='ltr'><strong>exivi.</strong></span> 
     </span>
    </p>
   </div>
   <div class='ocr_carea' id='block_1_81' title="bbox 526 4408 2278 4491">
    <p class='ocr_par' dir='ltr' id='par_1_81' title="bbox 526 4415 2277 4491">
     <span class='ocr_line' id='line_1_81' title="bbox 526 4415 2277 4491; baseline 0 -19"><span class='ocrx_word' id='word_1_625' title='bbox 526 4417 636 4472; x_wconf 76' lang='lat' dir='ltr'><strong>Ital</strong></span> <span class='ocrx_word' id='word_1_626' title='bbox 667 4415 781 4485; x_wconf 84' lang='grc' dir='ltr'><strong>ἐρῶ</strong></span> <span class='ocrx_word' id='word_1_627' title='bbox 808 4446 881 4456; x_wconf 93' lang='lat'><strong>—</strong></span> <span class='ocrx_word' id='word_1_628' title='bbox 909 4416 1201 4484; x_wconf 84' lang='grc' dir='ltr'>οὐρανόν.</span> <span class='ocrx_word' id='word_1_629' title='bbox 1249 4415 1338 4479; x_wconf 83' lang='grc' dir='ltr'>Ὠς</span> <span class='ocrx_word' id='word_1_630' title='bbox 1367 4417 1718 4489; x_wconf 85' lang='grc' dir='ltr'>προτιμήσας</span> <span class='ocrx_word' id='word_1_631' title='bbox 1759 4417 1928 4471; x_wconf 78' lang='grc' dir='ltr'>αὑτοῦ</span> <span class='ocrx_word' id='word_1_632' title='bbox 1955 4418 2053 4491; x_wconf 83' lang='grc' dir='ltr'><strong>τὴν</strong></span> <span class='ocrx_word' id='word_1_633' title='bbox 2231 4417 2277 4472; x_wconf 71' lang='lat' dir='ltr'><strong>V</strong></span> 
     </span>
    </p>
   </div>
   <div class='ocr_carea' id='block_1_82' title="bbox 2027 4408 3779 4491">
    <p class='ocr_par' dir='ltr' id='par_1_82' title="bbox 2027 4408 3779 4481">
     <span class='ocr_line' id='line_1_82' title="bbox 2027 4408 3779 4481; baseline -0.007 -7"><span class='ocrx_word' id='word_1_634' title='bbox 2027 4436 2053 4473; x_wconf 92' lang='grc' dir='ltr'><strong>ν</strong></span> <span class='ocrx_word' id='word_1_635' title='bbox 2231 4417 2394 4472; x_wconf 72' lang='lat' dir='ltr'><strong>Vcrs.</strong></span> <span class='ocrx_word' id='word_1_636' title='bbox 2420 4414 2505 4469; x_wconf 85' lang='lat' dir='ltr'><strong>l8.</strong></span> <span class='ocrx_word' id='word_1_637' title='bbox 2538 4412 2836 4481; x_wconf 84' lang='lat' dir='ltr'><strong>Dieamque</strong></span> <span class='ocrx_word' id='word_1_638' title='bbox 2882 4440 2954 4451; x_wconf 89' lang='lat'><strong><em>——</em></strong></span> <span class='ocrx_word' id='word_1_639' title='bbox 2976 4411 3188 4465; x_wconf 82' lang='lat' dir='ltr'><strong>ccelum.</strong></span> <span class='ocrx_word' id='word_1_640' title='bbox 3217 4408 3558 4479; x_wconf 71' lang='lat' dir='ltr'><strong>Praeponcns</strong></span> <span class='ocrx_word' id='word_1_641' title='bbox 3590 4408 3779 4463; x_wconf 67' lang='lat' dir='ltr'><strong>videli-</strong></span> 
     </span>
    </p>
   </div>
   <div class='ocr_carea' id='block_1_83' title="bbox 450 4502 2202 4579">
    <p class='ocr_par' dir='ltr' id='par_1_83' title="bbox 450 4506 2202 4579">
     <span class='ocr_line' id='line_1_83' title="bbox 450 4506 2202 4579; baseline -0.001 -19"><span class='ocrx_word' id='word_1_642' title='bbox 450 4507 577 4577; x_wconf 77' lang='grc' dir='ltr'><strong>γῆν,</strong></span> <span class='ocrx_word' id='word_1_643' title='bbox 611 4507 731 4575; x_wconf 78' lang='grc' dir='ltr'>ήτοι</span> <span class='ocrx_word' id='word_1_644' title='bbox 766 4506 875 4558; x_wconf 81' lang='grc' dir='ltr'>τῶν</span> <span class='ocrx_word' id='word_1_645' title='bbox 910 4506 1182 4576; x_wconf 79' lang='grc' dir='ltr'>οὐρανίων</span> <span class='ocrx_word' id='word_1_646' title='bbox 1216 4507 1441 4575; x_wconf 83' lang='grc' dir='ltr'>ἀγαθῶν</span> <span class='ocrx_word' id='word_1_647' title='bbox 1474 4511 1542 4561; x_wconf 76' lang='grc' dir='ltr'>τὰ</span> <span class='ocrx_word' id='word_1_648' title='bbox 1580 4510 1770 4579; x_wconf 75' lang='grc' dir='ltr'>γήϊνα.</span> <span class='ocrx_word' id='word_1_649' title='bbox 2157 4526 2202 4565; x_wconf 78' lang='lat' dir='ltr'><strong>ct</strong></span> 
     </span>
    </p>
   </div>
   <div class='ocr_carea' id='block_1_84' title="bbox 1839 4502 3591 4579">
    <p class='ocr_par' dir='ltr' id='par_1_84' title="bbox 2157 4502 3591 4570">
     <span class='ocr_line' id='line_1_84' title="bbox 2157 4502 3591 4570; baseline -0.006 -5"><span class='ocrx_word' id='word_1_650' title='bbox 2157 4519 2244 4565; x_wconf 90' lang='lat' dir='ltr'><strong>cet</strong></span> <span class='ocrx_word' id='word_1_651' title='bbox 2277 4508 2353 4563; x_wconf 92' lang='lat' dir='ltr'><strong>illi</strong></span> <span class='ocrx_word' id='word_1_652' title='bbox 2389 4516 2617 4570; x_wconf 85' lang='lat' dir='ltr'><strong>terram,</strong></span> <span class='ocrx_word' id='word_1_653' title='bbox 2651 4506 2769 4558; x_wconf 90' lang='lat' dir='ltr'><strong>sive</strong></span> <span class='ocrx_word' id='word_1_654' title='bbox 2802 4504 2960 4559; x_wconf 88' lang='lat' dir='ltr'><strong>bonis</strong></span> <span class='ocrx_word' id='word_1_655' title='bbox 2986 4502 3311 4559; x_wconf 64' lang='lat' dir='ltr'><strong>coelestibus</strong></span> <span class='ocrx_word' id='word_1_656' title='bbox 3345 4511 3591 4558; x_wconf 85' lang='lat' dir='ltr'><strong>terrena.</strong></span> 
     </span>
    </p>
   </div>
   <div class='ocr_carea' id='block_1_85' title="bbox 504 4599 2642 4676">
    <p class='ocr_par' dir='ltr' id='par_1_85' title="bbox 504 4599 2642 4676">
     <span class='ocr_line' id='line_1_85' title="bbox 504 4599 2642 4676; baseline 0.002 -23"><span class='ocrx_word' id='word_1_657' title='bbox 504 4599 757 4672; x_wconf 65' lang='lat' dir='ltr'><strong>fTimeo</strong></span> <span class='ocrx_word' id='word_1_658' title='bbox 799 4600 948 4654; x_wconf 89' lang='lat' dir='ltr'><strong>enim</strong></span> <span class='ocrx_word' id='word_1_659' title='bbox 1007 4600 1338 4655; x_wconf 83' lang='lat' dir='ltr'><strong>ﬁrmamenti</strong></span> <span class='ocrx_word' id='word_1_660' title='bbox 1396 4615 1704 4672; x_wconf 88' lang='lat' dir='ltr'><strong>aspectum,</strong></span> <span class='ocrx_word' id='word_1_661' title='bbox 1763 4615 2029 4676; x_wconf 86' lang='lat' dir='ltr'><strong>tanquam</strong></span> <span class='ocrx_word' id='word_1_662' title='bbox 2060 4605 2403 4663; x_wconf 78' lang='lat' dir='ltr'><strong>accusatoris</strong></span> <span class='ocrx_word' id='word_1_663' title='bbox 2424 4602 2642 4658; x_wconf 86' lang='lat' dir='ltr'><strong>vocem.</strong></span> 
     </span>
    </p>
   </div>
   <div class='ocr_carea' id='block_1_86' title="bbox 525 4694 2277 4777">
    <p class='ocr_par' dir='ltr' id='par_1_86' title="bbox 525 4698 2277 4777">
     <span class='ocr_line' id='line_1_86' title="bbox 525 4698 2277 4777; baseline 0.004 -23"><span class='ocrx_word' id='word_1_664' title='bbox 525 4698 635 4755; x_wconf 76' lang='lat' dir='ltr'><strong>Kal</strong></span> <span class='ocrx_word' id='word_1_665' title='bbox 669 4698 930 4753; x_wconf 79' lang='grc' dir='ltr'>ἐνώπιον</span> <span class='ocrx_word' id='word_1_666' title='bbox 958 4715 1096 4753; x_wconf 87' lang='grc' dir='ltr'>σου.</span> <span class='ocrx_word' id='word_1_667' title='bbox 1126 4701 1415 4764; x_wconf 87' lang='grc' dir='ltr'>Τουτέστι,</span> <span class='ocrx_word' id='word_1_668' title='bbox 1448 4704 1544 4755; x_wconf 77' lang='grc' dir='ltr'><strong>καὶ</strong></span> <span class='ocrx_word' id='word_1_669' title='bbox 1574 4705 1653 4767; x_wconf 86' lang='grc' dir='ltr'><strong>είς</strong></span> <span class='ocrx_word' id='word_1_670' title='bbox 1687 4706 1767 4770; x_wconf 78' lang='grc' dir='ltr'><strong>σὲ,</strong></span> <span class='ocrx_word' id='word_1_671' title='bbox 1795 4706 1869 4771; x_wconf 83' lang='grc' dir='ltr'>ὡς</span> <span class='ocrx_word' id='word_1_672' title='bbox 1925 4723 2059 4777; x_wconf 83' lang='grc' dir='ltr'>προ-</span> <span class='ocrx_word' id='word_1_673' title='bbox 2246 4706 2277 4760; x_wconf 69' lang='lat' dir='ltr'>V</span> 
     </span>
    </p>
   </div>
   <div class='ocr_carea' id='block_1_87' title="bbox 2024 4694 3776 4777">
    <p class='ocr_par' dir='ltr' id='par_1_87' title="bbox 2024 4694 3776 4765">
     <span class='ocr_line' id='line_1_87' title="bbox 2024 4694 3776 4765; baseline -0.002 -8"><span class='ocrx_word' id='word_1_674' title='bbox 2024 4725 2059 4757; x_wconf 68' lang='grc' dir='ltr'>ι-</span> <span class='ocrx_word' id='word_1_675' title='bbox 2246 4706 2405 4760; x_wconf 78' lang='lat' dir='ltr'><strong>Vers.</strong></span> <span class='ocrx_word' id='word_1_676' title='bbox 2437 4704 2524 4758; x_wconf 92' lang='grc'><strong>18.</strong></span> <span class='ocrx_word' id='word_1_677' title='bbox 2558 4703 2626 4757; x_wconf 82' lang='lat' dir='ltr'><strong>Et</strong></span> <span class='ocrx_word' id='word_1_678' title='bbox 2651 4718 2835 4765; x_wconf 83' lang='lat' dir='ltr'><strong>coram</strong></span> <span class='ocrx_word' id='word_1_679' title='bbox 2866 4712 2938 4755; x_wconf 81' lang='lat' dir='ltr'><strong>te.</strong></span> <span class='ocrx_word' id='word_1_680' title='bbox 2964 4697 3080 4754; x_wconf 83' lang='lat' dir='ltr'><strong>Hoc</strong></span> <span class='ocrx_word' id='word_1_681' title='bbox 3097 4707 3181 4755; x_wconf 83' lang='lat' dir='ltr'><strong>est</strong></span> <span class='ocrx_word' id='word_1_682' title='bbox 3215 4697 3271 4751; x_wconf 88' lang='lat' dir='ltr'><strong>in</strong></span> <span class='ocrx_word' id='word_1_683' title='bbox 3308 4707 3384 4763; x_wconf 88' lang='lat' dir='ltr'><strong>te,</strong></span> <span class='ocrx_word' id='word_1_684' title='bbox 3408 4706 3467 4751; x_wconf 88' lang='lat' dir='ltr'><strong>ut</strong></span> <span class='ocrx_word' id='word_1_685' title='bbox 3490 4694 3585 4765; x_wconf 89' lang='lat' dir='ltr'><strong>qui</strong></span> <span class='ocrx_word' id='word_1_686' title='bbox 3627 4703 3776 4754; x_wconf 88' lang='lat' dir='ltr'><strong>tuam</strong></span> 
     </span>
    </p>
   </div>
   <div class='ocr_carea' id='block_1_88' title="bbox 453 4794 2205 4867">
    <p class='ocr_par' dir='ltr' id='par_1_88' title="bbox 453 4794 2203 4867">
     <span class='ocr_line' id='line_1_88' title="bbox 453 4794 2203 4867; baseline 0.004 -20"><span class='ocrx_word' id='word_1_687' title='bbox 453 4798 696 4865; x_wconf 83' lang='grc' dir='ltr'>τιμήσας</span> <span class='ocrx_word' id='word_1_688' title='bbox 723 4794 817 4847; x_wconf 81' lang='grc' dir='ltr'>τοῦ</span> <span class='ocrx_word' id='word_1_689' title='bbox 851 4796 946 4849; x_wconf 80' lang='grc' dir='ltr'>σοῦ</span> <span class='ocrx_word' id='word_1_690' title='bbox 982 4795 1293 4865; x_wconf 86' lang='grc' dir='ltr'>θελήματος</span> <span class='ocrx_word' id='word_1_691' title='bbox 1319 4795 1379 4848; x_wconf 75' lang='grc' dir='ltr'>τὸ</span> <span class='ocrx_word' id='word_1_692' title='bbox 1414 4798 1570 4867; x_wconf 75' lang='grc' dir='ltr'>ἐμόν.</span> <span class='ocrx_word' id='word_1_693' title='bbox 2171 4816 2203 4854; x_wconf 94' lang='lat' dir='ltr'><strong>v</strong></span> 
     </span>
    </p>
   </div>
   <div class='ocr_carea' id='block_1_89' title="bbox 1278 4794 3030 4867">
    <p class='ocr_par' dir='ltr' id='par_1_89' title="bbox 1278 4795 3030 4867">
     <span class='ocr_line' id='line_1_89' title="bbox 1278 4795 3030 4867; baseline -0.006 -9"><span class='ocrx_word' id='word_1_694' title='bbox 1278 4812 1293 4858; x_wconf 77' lang='grc' dir='ltr'>ἱ</span> <span class='ocrx_word' id='word_1_695' title='bbox 1319 4795 1379 4848; x_wconf 72' lang='grc' dir='ltr'>τὸ</span> <span class='ocrx_word' id='word_1_696' title='bbox 1414 4798 1570 4867; x_wconf 76' lang='grc' dir='ltr'>ἐμόν.</span> <span class='ocrx_word' id='word_1_697' title='bbox 2171 4799 2520 4854; x_wconf 82' lang='lat' dir='ltr'><strong>voluntatem</strong></span> <span class='ocrx_word' id='word_1_698' title='bbox 2550 4796 2847 4867; x_wconf 88' lang='lat' dir='ltr'><strong>posthabui</strong></span> <span class='ocrx_word' id='word_1_699' title='bbox 2873 4810 3030 4848; x_wconf 73' lang='lat' dir='ltr'><strong>mete.</strong></span> 
     </span>
    </p>
   </div>
   <div class='ocr_carea' id='block_1_90' title="bbox 530 4889 3328 4963">
    <p class='ocr_par' dir='ltr' id='par_1_90' title="bbox 530 4889 3328 4963">
     <span class='ocr_line' id='line_1_90' title="bbox 530 4889 3328 4963; baseline 0 -18"><span class='ocrx_word' id='word_1_700' title='bbox 530 4890 569 4959; x_wconf 61' lang='grc' dir='ltr'><strong>τ</strong></span> <span class='ocrx_word' id='word_1_701' title='bbox 598 4890 803 4945; x_wconf 82' lang='lat' dir='ltr'><strong>Vereor</strong></span> <span class='ocrx_word' id='word_1_702' title='bbox 832 4901 940 4945; x_wconf 63' lang='lat' dir='ltr'><strong>tuae</strong></span> <span class='ocrx_word' id='word_1_703' title='bbox 984 4889 1293 4947; x_wconf 85' lang='lat' dir='ltr'><strong>divinitatis</strong></span> <span class='ocrx_word' id='word_1_704' title='bbox 1328 4892 1504 4947; x_wconf 83' lang='lat' dir='ltr'><strong>lucem</strong></span> <span class='ocrx_word' id='word_1_705' title='bbox 1547 4892 1749 4948; x_wconf 89' lang='lat' dir='ltr'><strong>iutueri</strong></span> <span class='ocrx_word' id='word_1_706' title='bbox 1786 4912 1799 4947; x_wconf 86' lang='lat'><strong>:</strong></span> <span class='ocrx_word' id='word_1_707' title='bbox 1854 4895 2111 4950; x_wconf 77' lang='lat' dir='ltr'><strong>Sordidos</strong></span> <span class='ocrx_word' id='word_1_708' title='bbox 2133 4895 2281 4949; x_wconf 88' lang='lat' dir='ltr'><strong>enim</strong></span> <span class='ocrx_word' id='word_1_709' title='bbox 2316 4893 2495 4948; x_wconf 87' lang='lat' dir='ltr'><strong>habeo</strong></span> <span class='ocrx_word' id='word_1_710' title='bbox 2526 4895 2778 4963; x_wconf 90' lang='lat' dir='ltr'><strong>corporis</strong></span> <span class='ocrx_word' id='word_1_711' title='bbox 2805 4901 2861 4946; x_wconf 88' lang='lat' dir='ltr'><strong>et</strong></span> <span class='ocrx_word' id='word_1_712' title='bbox 2890 4890 3092 4944; x_wconf 72' lang='lat' dir='ltr'><strong>animae</strong></span> <span class='ocrx_word' id='word_1_713' title='bbox 3119 4889 3328 4945; x_wconf 88' lang='lat' dir='ltr'><strong>oculos.</strong></span> 
     </span>
    </p>
   </div>
   <div class='ocr_carea' id='block_1_91' title="bbox 530 4983 2282 5059">
    <p class='ocr_par' dir='ltr' id='par_1_91' title="bbox 530 4983 2282 5059">
     <span class='ocr_line' id='line_1_91' title="bbox 530 4983 2282 5059; baseline 0.002 -21"><span class='ocrx_word' id='word_1_714' title='bbox 530 4983 641 5038; x_wconf 75' lang='lat' dir='ltr'><strong>Kal</strong></span> <span class='ocrx_word' id='word_1_715' title='bbox 673 5011 738 5022; x_wconf 92' lang='lat'>—</span> <span class='ocrx_word' id='word_1_716' title='bbox 768 5001 907 5039; x_wconf 87' lang='grc' dir='ltr'>σου.</span> <span class='ocrx_word' id='word_1_717' title='bbox 962 4985 1050 5047; x_wconf 86' lang='grc' dir='ltr'>Ὠς</span> <span class='ocrx_word' id='word_1_718' title='bbox 1091 4984 1325 5049; x_wconf 81' lang='grc' dir='ltr'>ἀναξίως</span> <span class='ocrx_word' id='word_1_719' title='bbox 1371 4987 1619 5039; x_wconf 79' lang='grc' dir='ltr'>τοιούτου</span> <span class='ocrx_word' id='word_1_720' title='bbox 1661 4989 1864 5059; x_wconf 81' lang='grc' dir='ltr'>πατρὸς</span> <span class='ocrx_word' id='word_1_721' title='bbox 1902 4988 2059 5041; x_wconf 80' lang='grc' dir='ltr'>πολι·</span> <span class='ocrx_word' id='word_1_722' title='bbox 2093 4994 2139 5049; x_wconf 88' lang='lat' dir='ltr'><strong>D</strong></span> <span class='ocrx_word' id='word_1_723' title='bbox 2259 4987 2282 5042; x_wconf 57' lang='grc' dir='ltr'>ἱ</span> 
     </span>
    </p>
   </div>
   <div class='ocr_carea' id='block_1_92' title="bbox 2031 4983 3783 5059">
    <p class='ocr_par' dir='ltr' id='par_1_92' title="bbox 2032 4983 3783 5056">
     <span class='ocr_line' id='line_1_92' title="bbox 2032 4983 3783 5056; baseline -0.002 -13"><span class='ocrx_word' id='word_1_724' title='bbox 2032 5017 2059 5028; x_wconf 90' lang='grc'><strong><em>-</em></strong></span> <span class='ocrx_word' id='word_1_725' title='bbox 2093 4994 2139 5049; x_wconf 87' lang='lat' dir='ltr'><strong>D</strong></span> <span class='ocrx_word' id='word_1_726' title='bbox 2259 4987 2417 5042; x_wconf 85' lang='lat' dir='ltr'><strong>Vers.</strong></span> <span class='ocrx_word' id='word_1_727' title='bbox 2461 4985 2553 5044; x_wconf 87' lang='grc'>19.</span> <span class='ocrx_word' id='word_1_728' title='bbox 2590 4985 2799 5042; x_wconf 84' lang='lat' dir='ltr'><strong>Nec—</strong></span> <span class='ocrx_word' id='word_1_729' title='bbox 2826 5000 2969 5041; x_wconf 86' lang='lat' dir='ltr'><strong>tuus.</strong></span> <span class='ocrx_word' id='word_1_730' title='bbox 3013 4985 3154 5052; x_wconf 82' lang='lat' dir='ltr'><strong>Quia</strong></span> <span class='ocrx_word' id='word_1_731' title='bbox 3203 4985 3296 5039; x_wconf 89' lang='lat' dir='ltr'><strong>tali</strong></span> <span class='ocrx_word' id='word_1_732' title='bbox 3343 4994 3502 5055; x_wconf 89' lang='lat' dir='ltr'><strong>patre</strong></span> <span class='ocrx_word' id='word_1_733' title='bbox 3540 4983 3783 5056; x_wconf 88' lang='lat' dir='ltr'><strong>indigne</strong></span> 
     </span>
    </p>
   </div>
   <div class='ocr_carea' id='block_1_93' title="bbox 457 5077 2209 5147">
    <p class='ocr_par' dir='ltr' id='par_1_93' title="bbox 457 5077 2209 5147">
     <span class='ocr_line' id='line_1_93' title="bbox 457 5077 2209 5147; baseline 0.004 -18"><span class='ocrx_word' id='word_1_734' title='bbox 457 5077 818 5147; x_wconf 79' lang='grc' dir='ltr'>τευσάμινος.</span> <span class='ocrx_word' id='word_1_735' title='bbox 2172 5095 2209 5136; x_wconf 71' lang='grc' dir='ltr'><strong>ει</strong></span> 
     </span>
    </p>
   </div>
   <div class='ocr_carea' id='block_1_94' title="bbox 963 5077 2715 5147">
    <p class='ocr_par' dir='ltr' id='par_1_94' title="bbox 2172 5090 2715 5136">
     <span class='ocr_line' id='line_1_94' title="bbox 2172 5090 2715 5136; baseline -0.002 -1"><span class='ocrx_word' id='word_1_736' title='bbox 2172 5090 2535 5136; x_wconf 87' lang='lat' dir='ltr'><strong>conversatus</strong></span> <span class='ocrx_word' id='word_1_737' title='bbox 2567 5095 2715 5135; x_wconf 88' lang='lat' dir='ltr'><strong>sum.</strong></span> 
     </span>
    </p>
   </div>
   <div class='ocr_carea' id='block_1_95' title="bbox 531 5169 2283 5246">
    <p class='ocr_par' dir='ltr' id='par_1_95' title="bbox 531 5173 2280 5246">
     <span class='ocr_line' id='line_1_95' title="bbox 531 5173 2280 5246; baseline 0.002 -22"><span class='ocrx_word' id='word_1_738' title='bbox 531 5173 808 5239; x_wconf 76' lang='grc' dir='ltr'>Ποίησον</span> <span class='ocrx_word' id='word_1_739' title='bbox 857 5201 925 5211; x_wconf 91' lang='lat'><strong>—-</strong></span> <span class='ocrx_word' id='word_1_740' title='bbox 974 5189 1115 5228; x_wconf 88' lang='grc' dir='ltr'>σου.</span> <span class='ocrx_word' id='word_1_741' title='bbox 1174 5174 1329 5227; x_wconf 79' lang='grc' dir='ltr'>Ἐπεὶ</span> <span class='ocrx_word' id='word_1_742' title='bbox 1362 5173 1460 5244; x_wconf 81' lang='grc' dir='ltr'>τῆς</span> <span class='ocrx_word' id='word_1_743' title='bbox 1511 5174 1740 5246; x_wconf 81' lang='grc' dir='ltr'>πρώτης</span> <span class='ocrx_word' id='word_1_744' title='bbox 1793 5173 2059 5241; x_wconf 69' lang='grc' dir='ltr'>ἐξέπεσον</span> <span class='ocrx_word' id='word_1_745' title='bbox 2240 5174 2280 5229; x_wconf 76' lang='grc' dir='ltr'><strong>ν</strong></span> 
     </span>
    </p>
   </div>
   <div class='ocr_carea' id='block_1_96' title="bbox 2034 5169 3786 5246">
    <p class='ocr_par' dir='ltr' id='par_1_96' title="bbox 2034 5169 3786 5241">
     <span class='ocr_line' id='line_1_96' title="bbox 2034 5169 3786 5241; baseline -0.003 -12"><span class='ocrx_word' id='word_1_746' title='bbox 2034 5195 2059 5228; x_wconf 92' lang='grc' dir='ltr'><strong>ν</strong></span> <span class='ocrx_word' id='word_1_747' title='bbox 2240 5174 2401 5229; x_wconf 78' lang='lat' dir='ltr'><strong>Vers.</strong></span> <span class='ocrx_word' id='word_1_748' title='bbox 2466 5172 2555 5226; x_wconf 80' lang='grc'>19.</span> <span class='ocrx_word' id='word_1_749' title='bbox 2609 5170 2719 5226; x_wconf 83' lang='lat' dir='ltr'><strong>Fac</strong></span> <span class='ocrx_word' id='word_1_750' title='bbox 2762 5202 2829 5214; x_wconf 84' lang='lat'><strong>-—</strong></span> <span class='ocrx_word' id='word_1_751' title='bbox 2867 5172 2992 5225; x_wconf 82' lang='lat' dir='ltr'><strong>tuis.</strong></span> <span class='ocrx_word' id='word_1_752' title='bbox 3048 5170 3125 5226; x_wconf 80' lang='lat' dir='ltr'><strong>Ex</strong></span> <span class='ocrx_word' id='word_1_753' title='bbox 3177 5185 3287 5241; x_wconf 90' lang='lat' dir='ltr'><strong>quo</strong></span> <span class='ocrx_word' id='word_1_754' title='bbox 3347 5170 3529 5241; x_wconf 88' lang='lat' dir='ltr'><strong>primo</strong></span> <span class='ocrx_word' id='word_1_755' title='bbox 3590 5169 3786 5224; x_wconf 86' lang='lat' dir='ltr'><strong>ordine</strong></span> 
     </span>
    </p>
   </div>
   <div class='ocr_carea' id='block_1_97' title="bbox 459 5262 2211 5340">
    <p class='ocr_par' dir='ltr' id='par_1_97' title="bbox 459 5264 2211 5340">
     <span class='ocr_line' id='line_1_97' title="bbox 459 5264 2211 5340; baseline 0.002 -22"><span class='ocrx_word' id='word_1_756' title='bbox 459 5264 690 5328; x_wconf 79' lang='grc' dir='ltr'>τάξεως,</span> <span class='ocrx_word' id='word_1_757' title='bbox 722 5264 956 5328; x_wconf 78' lang='grc' dir='ltr'>ἀξίωσον</span> <span class='ocrx_word' id='word_1_758' title='bbox 992 5283 1061 5336; x_wconf 89' lang='grc' dir='ltr'><strong>με</strong></span> <span class='ocrx_word' id='word_1_759' title='bbox 1096 5266 1194 5336; x_wconf 76' lang='grc' dir='ltr'><strong>τῆς</strong></span> <span class='ocrx_word' id='word_1_760' title='bbox 1231 5266 1516 5337; x_wconf 82' lang='grc' dir='ltr'>δευτέρας,</span> <span class='ocrx_word' id='word_1_761' title='bbox 1550 5269 1711 5338; x_wconf 78' lang='grc' dir='ltr'>μόνον</span> <span class='ocrx_word' id='word_1_762' title='bbox 1750 5267 1825 5340; x_wconf 80' lang='grc' dir='ltr'>μὴ</span> <span class='ocrx_word' id='word_1_763' title='bbox 1865 5285 2065 5321; x_wconf 78' lang='grc' dir='ltr'>παντι-</span> <span class='ocrx_word' id='word_1_764' title='bbox 2173 5283 2211 5322; x_wconf 65' lang='lat' dir='ltr'><strong>c‘</strong></span> 
     </span>
    </p>
   </div>
   <div class='ocr_carea' id='block_1_98' title="bbox 2035 5262 3787 5340">
    <p class='ocr_par' dir='ltr' id='par_1_98' title="bbox 2035 5262 3787 5338">
     <span class='ocr_line' id='line_1_98' title="bbox 2035 5262 3787 5338; baseline -0.003 -15"><span class='ocrx_word' id='word_1_765' title='bbox 2035 5297 2065 5314; x_wconf 58' lang='grc' dir='ltr'><strong>η·</strong></span> <span class='ocrx_word' id='word_1_766' title='bbox 2173 5268 2375 5332; x_wconf 75' lang='lat' dir='ltr'><strong>excidi,</strong></span> <span class='ocrx_word' id='word_1_767' title='bbox 2398 5267 2627 5338; x_wconf 88' lang='lat' dir='ltr'><strong>dignare</strong></span> <span class='ocrx_word' id='word_1_768' title='bbox 2648 5282 2737 5323; x_wconf 91' lang='lat' dir='ltr'><strong>me</strong></span> <span class='ocrx_word' id='word_1_769' title='bbox 2758 5267 2845 5323; x_wconf 85' lang='lat' dir='ltr'><strong>vel</strong></span> <span class='ocrx_word' id='word_1_770' title='bbox 2871 5267 3117 5323; x_wconf 90' lang='lat' dir='ltr'><strong>secundo</strong></span> <span class='ocrx_word' id='word_1_771' title='bbox 3142 5283 3157 5320; x_wconf 88' lang='lat'><strong>:</strong></span> <span class='ocrx_word' id='word_1_772' title='bbox 3206 5276 3443 5331; x_wconf 86' lang='lat' dir='ltr'><strong>tantum,</strong></span> <span class='ocrx_word' id='word_1_773' title='bbox 3468 5279 3540 5319; x_wconf 90' lang='lat' dir='ltr'><strong>ne</strong></span> <span class='ocrx_word' id='word_1_774' title='bbox 3563 5262 3787 5335; x_wconf 87' lang='lat' dir='ltr'><strong>penitus</strong></span> 
     </span>
    </p>
   </div>
   <div class='ocr_carea' id='block_1_99' title="bbox 458 5357 2210 5434">
    <p class='ocr_par' dir='ltr' id='par_1_99' title="bbox 458 5357 2206 5434">
     <span class='ocr_line' id='line_1_99' title="bbox 458 5357 2206 5434; baseline 0.005 -25"><span class='ocrx_word' id='word_1_775' title='bbox 458 5357 567 5421; x_wconf 83' lang='grc' dir='ltr'>λῶς</span> <span class='ocrx_word' id='word_1_776' title='bbox 585 5358 899 5430; x_wconf 70' lang='grc' dir='ltr'>ἁπορρίψῃς</span> <span class='ocrx_word' id='word_1_777' title='bbox 930 5375 1020 5428; x_wconf 89' lang='grc' dir='ltr'><strong>με.</strong></span> <span class='ocrx_word' id='word_1_778' title='bbox 1047 5360 1438 5431; x_wconf 79' lang='grc' dir='ltr'>Δυσωπητικδς</span> <span class='ocrx_word' id='word_1_779' title='bbox 1461 5362 1489 5413; x_wconf 87' lang='lat'><strong>6</strong></span> <span class='ocrx_word' id='word_1_780' title='bbox 1507 5361 1687 5431; x_wconf 79' lang='grc' dir='ltr'><strong>λόγος,</strong></span> <span class='ocrx_word' id='word_1_781' title='bbox 1708 5363 1805 5415; x_wconf 77' lang='grc' dir='ltr'><strong>καὶ</strong></span> <span class='ocrx_word' id='word_1_782' title='bbox 1831 5362 2063 5434; x_wconf 78' lang='grc' dir='ltr'>καρδίας</span> <span class='ocrx_word' id='word_1_783' title='bbox 2174 5378 2206 5417; x_wconf 81' lang='lat' dir='ltr'><strong>a</strong></span> 
     </span>
    </p>
   </div>
   <div class='ocr_carea' id='block_1_100' title="bbox 2038 5357 3790 5434">
    <p class='ocr_par' dir='ltr' id='par_1_100' title="bbox 2040 5358 3790 5433">
     <span class='ocr_line' id='line_1_100' title="bbox 2040 5358 3790 5433; baseline -0.002 -16"><span class='ocrx_word' id='word_1_784' title='bbox 2040 5382 2063 5427; x_wconf 89' lang='grc' dir='ltr'><strong>ς</strong></span> <span class='ocrx_word' id='word_1_785' title='bbox 2174 5362 2407 5433; x_wconf 88' lang='lat' dir='ltr'><strong>abjicias</strong></span> <span class='ocrx_word' id='word_1_786' title='bbox 2440 5377 2552 5418; x_wconf 87' lang='lat' dir='ltr'><strong>me.</strong></span> <span class='ocrx_word' id='word_1_787' title='bbox 2579 5362 2878 5419; x_wconf 84' lang='lat' dir='ltr'><strong>Placabilis</strong></span> <span class='ocrx_word' id='word_1_788' title='bbox 2904 5369 2992 5417; x_wconf 86' lang='lat' dir='ltr'><strong>est</strong></span> <span class='ocrx_word' id='word_1_789' title='bbox 3024 5376 3232 5427; x_wconf 83' lang='lat' dir='ltr'><strong>sermo,</strong></span> <span class='ocrx_word' id='word_1_790' title='bbox 3268 5371 3326 5416; x_wconf 92' lang='lat' dir='ltr'><strong>et</strong></span> <span class='ocrx_word' id='word_1_791' title='bbox 3362 5375 3463 5417; x_wconf 86' lang='lat' dir='ltr'><strong>cor</strong></span> <span class='ocrx_word' id='word_1_792' title='bbox 3507 5358 3790 5430; x_wconf 80' lang='lat' dir='ltr'><strong>attingens</strong></span> 
     </span>
    </p>
   </div>
   <div class='ocr_carea' id='block_1_101' title="bbox 460 5445 2212 5527">
    <p class='ocr_par' dir='ltr' id='par_1_101' title="bbox 460 5445 2211 5527">
     <span class='ocr_line' id='line_1_101' title="bbox 460 5445 2211 5527; baseline 0.007 -24"><span class='ocrx_word' id='word_1_793' title='bbox 460 5445 739 5524; x_wconf 75' lang='grc' dir='ltr'>πατρικῆς</span> <span class='ocrx_word' id='word_1_794' title='bbox 771 5452 1103 5523; x_wconf 81' lang='grc' dir='ltr'>ἁπτόμενος.</span> <span class='ocrx_word' id='word_1_795' title='bbox 2176 5472 2211 5527; x_wconf 86' lang='lat' dir='ltr'><strong>p</strong></span> 
     </span>
    </p>
   </div>
   <div class='ocr_carea' id='block_1_102' title="bbox 741 5445 2493 5527">
    <p class='ocr_par' dir='ltr' id='par_1_102' title="bbox 771 5452 2493 5527">
     <span class='ocr_line' id='line_1_102' title="bbox 771 5452 2493 5527; baseline 0.004 -24"><span class='ocrx_word' id='word_1_796' title='bbox 771 5452 1103 5523; x_wconf 80' lang='grc' dir='ltr'>ἁπτόμενος.</span> <span class='ocrx_word' id='word_1_797' title='bbox 2176 5466 2493 5527; x_wconf 87' lang='lat' dir='ltr'><strong>paternum.</strong></span> 
     </span>
    </p>
   </div>
   <div class='ocr_carea' id='block_1_103' title="bbox 1632 5614 2603 5681">
    <p class='ocr_par' dir='ltr' id='par_1_103' title="bbox 1632 5614 2603 5681">
     <span class='ocr_line' id='line_1_103' title="bbox 1632 5614 2603 5681; baseline 0.003 -3"><span class='ocrx_word' id='word_1_798' title='bbox 1632 5614 1837 5678; x_wconf 68' lang='lat' dir='ltr'><strong>Varia:</strong></span> <span class='ocrx_word' id='word_1_799' title='bbox 1881 5616 2189 5680; x_wconf 84' lang='lat' dir='ltr'><strong>lectiones</strong></span> <span class='ocrx_word' id='word_1_800' title='bbox 2235 5623 2297 5679; x_wconf 86' lang='lat' dir='ltr'><strong>et</strong></span> <span class='ocrx_word' id='word_1_801' title='bbox 2343 5622 2539 5679; x_wconf 78' lang='lat' dir='ltr'><strong>noue.</strong></span> <span class='ocrx_word' id='word_1_802' title='bbox 2600 5676 2603 5681; x_wconf 39' lang='grc' dir='ltr'><strong><em>λ</em></strong></span> 
     </span>
    </p>
   </div>
   <div class='ocr_carea' id='block_1_104' title="bbox 536 5774 3782 5854">
    <p class='ocr_par' dir='ltr' id='par_1_104' title="bbox 536 5774 3782 5854">
     <span class='ocr_line' id='line_1_104' title="bbox 536 5774 3782 5854; baseline -0.001 -19"><span class='ocrx_word' id='word_1_803' title='bbox 536 5780 650 5854; x_wconf 70' lang='lat'><strong>(78)</strong></span> <span class='ocrx_word' id='word_1_804' title='bbox 686 5774 778 5854; x_wconf 74' lang='grc' dir='ltr'>ᾯς</span> <span class='ocrx_word' id='word_1_805' title='bbox 805 5781 995 5854; x_wconf 86' lang='lat' dir='ltr'><strong>abest.</strong></span> <span class='ocrx_word' id='word_1_806' title='bbox 1033 5782 1101 5837; x_wconf 84' lang='lat' dir='ltr'><strong>A.</strong></span> <span class='ocrx_word' id='word_1_807' title='bbox 2172 5781 2383 5839; x_wconf 88' lang='lat' dir='ltr'><strong>codicis</strong></span> <span class='ocrx_word' id='word_1_808' title='bbox 2435 5782 2689 5837; x_wconf 75' lang='lat' dir='ltr'><strong>breviora</strong></span> <span class='ocrx_word' id='word_1_809' title='bbox 2714 5782 2897 5837; x_wconf 87' lang='lat' dir='ltr'><strong>crucis</strong></span> <span class='ocrx_word' id='word_1_810' title='bbox 2950 5781 3107 5854; x_wconf 66' lang='lat' dir='ltr'><strong>signo</strong></span> <span class='ocrx_word' id='word_1_811' title='bbox 3158 5779 3484 5848; x_wconf 85' lang='lat' dir='ltr'><strong>inculcavit,</strong></span> <span class='ocrx_word' id='word_1_812' title='bbox 3540 5794 3666 5853; x_wconf 63' lang='lat' dir='ltr'><strong>qua</strong></span> <span class='ocrx_word' id='word_1_813' title='bbox 3725 5795 3782 5834; x_wconf 74' lang='grc' dir='ltr'><strong>ιιι</strong></span> 
     </span>
    </p>
   </div>
   <div class='ocr_carea' id='block_1_105' title="bbox 538 5853 2952 5926">
    <p class='ocr_par' dir='ltr' id='par_1_105' title="bbox 538 5853 2952 5926">
     <span class='ocr_line' id='line_1_105' title="bbox 538 5853 2952 5926; baseline 0.002 -20"><span class='ocrx_word' id='word_1_814' title='bbox 538 5853 649 5926; x_wconf 65' lang='grc' dir='ltr'>(ῖθ)</span> <span class='ocrx_word' id='word_1_815' title='bbox 685 5853 934 5926; x_wconf 52' lang='grc' dir='ltr'>δοούμεν</span> <span class='ocrx_word' id='word_1_816' title='bbox 969 5857 1189 5910; x_wconf 82' lang='lat' dir='ltr'><strong>videtur</strong></span> <span class='ocrx_word' id='word_1_817' title='bbox 1237 5854 1516 5911; x_wconf 82' lang='lat' dir='ltr'><strong>invenisse</strong></span> <span class='ocrx_word' id='word_1_818' title='bbox 1548 5854 1880 5911; x_wconf 82' lang='lat' dir='ltr'><strong>Hentenius.</strong></span> <span class='ocrx_word' id='word_1_819' title='bbox 2172 5866 2371 5912; x_wconf 86' lang='lat' dir='ltr'><strong>neutro</strong></span> <span class='ocrx_word' id='word_1_820' title='bbox 2390 5870 2641 5911; x_wconf 88' lang='lat' dir='ltr'><strong>meorum</strong></span> <span class='ocrx_word' id='word_1_821' title='bbox 2670 5856 2952 5926; x_wconf 70' lang='lat' dir='ltr'><strong>leguntur.</strong></span> 
     </span>
    </p>
   </div>
   <div class='ocr_carea' id='block_1_106' title="bbox 539 5923 2059 6001">
    <p class='ocr_par' dir='ltr' id='par_1_106' title="bbox 539 5923 2059 6001">
     <span class='ocr_line' id='line_1_106' title="bbox 539 5923 2059 6001; baseline 0.003 -23"><span class='ocrx_word' id='word_1_822' title='bbox 539 5923 652 5999; x_wconf 69' lang='lat'><strong>(80)</strong></span> <span class='ocrx_word' id='word_1_823' title='bbox 688 5923 786 5983; x_wconf 80' lang='lat' dir='ltr'><strong>Hic</strong></span> <span class='ocrx_word' id='word_1_824' title='bbox 817 5926 1152 6001; x_wconf 80' lang='lat' dir='ltr'><strong>etdeinCeps</strong></span> <span class='ocrx_word' id='word_1_825' title='bbox 1189 5926 1502 5985; x_wconf 85' lang='lat' dir='ltr'><strong>lientenius</strong></span> <span class='ocrx_word' id='word_1_826' title='bbox 1545 5943 1615 5984; x_wconf 80' lang='lat' dir='ltr'><strong>ex</strong></span> <span class='ocrx_word' id='word_1_827' title='bbox 1674 5930 1921 5999; x_wconf 68' lang='lat' dir='ltr'><strong>margine</strong></span> <span class='ocrx_word' id='word_1_828' title='bbox 1973 5931 2059 5985; x_wconf 89' lang='lat' dir='ltr'><strong>sui</strong></span> 
     </span>
    </p>
   </div>
  </div>
