4436 6450
486 446 620 509 1841
1506 443 1894 504 COMMENT.
1945 445 2025 503 IN
2072 445 2352 509 LUCAM.
2396 474 2461 484 -
2499 452 2659 509 L‘AP.
2700 450 2852 510 XVI.
3637 451 3777 514 1042

478 557 751 625 Λάζαρον,
786 553 1212 623 ὑπολαμϐάνων,
1258 554 1343 607 ὃτι
1386 557 1719 624 μνησικακεῖ
1761 555 1931 625 αὐτῷ’
1979 557 2071 608 τὸν
2101 560 2146 613 Α
2172 574 2230 612 za

2026 564 2071 608 “av
2101 560 2146 613 Λ
2172 574 2357 614 zarum
2376 560 2792 630 deprecabatur,
2814 563 3200 632 suspicabatur
3219 579 3476 632 namque,
3496 564 3639 632 quod
3662 582 3778 615 m.i-

484 648 737 717 ⁹Λ6ραάμ
767 646 822 698 δὲ
847 647 1118 711 ἱκέτευσε,
1146 646 1384 716 νομίζων
1414 647 1497 701 ὅτι
1520 649 1706 715 ἀγνοεῖ
1734 648 1803 701 τὰ
1833 647 1951 700 κατ’
1978 648 2076 701 αὑ·
2180 650 2231 705 lo

2024 648 2076 700 ὓ·
2180 650 2355 705 lorum
2385 653 2488 722 ipsi
2512 652 2872 714 inﬂictorum.
2898 655 3164 710 adversus
3182 670 3241 710 se
3267 671 3475 709 memor
3494 664 3660 709 esset:
3684 655 3776 707 sed

472 740 583 795 τόν.
620 741 834 806 Ὠσπερ
883 738 939 791 δὲ
968 739 1047 803 τῷ
1098 738 1338 811 Λαζάρῳ
1376 740 1662 811 πρότερον,
1699 741 1757 792 ὲν
1803 741 2076 804 τοσούτοις
2178 744 2219 796 Α

2023 759 2076 804 ιις
2178 744 2455 799 Abraham
2510 746 2785 807 obsecrat,
2834 747 3110 817 opinatus,
3163 750 3308 816 quod
3365 749 3509 802 hunc
3561 748 3775 810 lateret,

468 833 583 884 δντι
635 834 827 893 κακοῖς
879 831 1169 901 προσθήκη
1212 832 1510 903 συμφορῶν
1538 829 1625 902 ἦν,
1660 832 1719 885 τὸ
1743 832 1962 902 βλέπειν
1983 834 2075 885 τὸν
2175 849 2220 903 (ιι

2020 834 2075 885 δν
2175 848 2296 903 qua:
2319 836 2463 889 circa
2491 850 2548 889 se
2562 836 2924 905 contigerant.
2952 834 3423 902 Quemadmodum
3456 844 3637 889 autem
3670 832 3772 886 La-

471 920 728 973 πλούσιον
756 924 813 973 ἐν
845 924 1123 985 τοσούτοις
1156 922 1406 990 ἀγαθοῖς·
1436 923 1579 976 οὕτω
1622 922 1812 993 καὶτῷ
1832 923 2073 995 πλουσίῳ
2176 942 2218 979 zz

2023 927 2073 995 ῳ
2176 940 2327 990 zaro,
2371 941 2498 981 cum
2536 927 2590 980 in
2640 934 2721 980 tot
2773 928 2932 983 malis
2965 928 3190 997 positus
3222 926 3775 988 esset,calamitatutn

475 1013 567 1066 νῦν
626 1016 685 1066 ὲν
707 1015 985 1077 τοσούτοις
1010 1015 1125 1068 δντι
1180 1016 1398 1079 δεινοῖς,
1450 1015 1741 1085 προσθήκη
1789 1016 2072 1086 τιμωριῶν

471 1108 606 1168 ἐστι,
639 1106 699 1158 τὸ
733 1106 954 1175 βλέπειν
981 1107 1073 1160 τὸν
1106 1108 1362 1178 Λάζαρον
1392 1111 1450 1162 ἑν
1484 1110 1765 1173 τοσούτοις
1812 1110 2066 1179 ἀγαθοῖς.

545 1285 692 1343 Εἷπε
714 1319 779 1329 —
802 1291 1120 1345 ὀδυνᾶσαι.
1159 1292 1274 1345 Οὐκ
1294 1293 1545 1359 ὀνειδίζει
1575 1293 1753 1364 τούτῳ
1774 1292 1873 1363 τὴν
1897 1294 2072 1346 ἁπαν-

470 1381 740 1450 Opimium,
788 1383 901 1433 ἀλλ’
932 1384 1193 1446 ἐπιεικῶς
1221 1383 1331 1454 (99)
1352 1385 1732 1456 ἁποκρίνεταισ
1760 1386 2069 1453 γέγραπται

470 1478 598 1540 γὰρ,
630 1475 708 1526 ὅτι
754 1476 967 1542 Ψυχὴν
1019 1477 1545 1545 τεταπεινωμένην
1576 1476 1654 1548 (1)
1679 1477 1765 1545 μὴ
1805 1492 2069 1545 προστα-

470 1565 688 1633 ιάξης-
728 1566 823 1618 καὶ
856 1568 1047 1620 τέκνον
1079 1568 1339 1637 ὀνομάζει
1372 1569 1587 1631 τοῦτον,
1610 1570 1686 1631 ὡς
1720 1568 2067 1638 πατριάρχης

474 1656 640 1707 αὐτοῦ
700 1657 793 1710 καὶ
818 1656 893 1720 ὼς
922 1658 1262 1729 πρεσϐύτης.
1294 1662 1407 1713 Οὐκ
1440 1656 1563 1713 εἶπε
1592 1662 1669 1727 δὲ,
1692 1661 1775 1715 ὅτι
1810 1660 2065 1725 Ἔλαδες,

466 1748 580 1798 ἀλλ’
610 1749 689 1799 ὃτι
726 1749 1026 1810 ’Δπέλαόες
1064 1752 1132 1804 τὰ
1158 1751 1339 1819 ἀγαθά
1372 1770 1463 1806 σου
1495 1755 1553 1807 ὲν
1576 1755 1642 1823 τῇ
1670 1754 1787 1823 ζωῇ
1816 1770 1932 1818 σου,
1971 1753 2067 1805 καὶ

470 1840 717 1909 Λάζαρος
755 1843 957 1909 ὁμοίως
986 1843 1055 1896 τὰ
1087 1845 1251 1897 κακά.
1302 1845 1375 1898 Τὸ
1403 1845 1507 1916 γὰρ
1537 1844 1945 1913 ἁπολαμδάνειν
1975 1844 2067 1895 ἐπὶ

474 1931 581 1981 τῶν
608 1933 1085 2002 χρεωστουμένων
1110 1935 1395 2001 τάττεται,
1423 1937 1519 1989 καὶ
1547 1934 1806 2006 δηλοῦται
1846 1936 2063 1997 πάντως

465 2022 738 2088 ivre-365v,
773 2026 852 2079 ὄτι
888 2027 979 2079 καὶ
1015 2028 1042 2078 ὁ
1078 2028 1358 2091 πλούσιος,
1386 2028 1433 2081 εί
1472 2028 1568 2081 καὶ
1601 2027 1931 2098 ἁμαρτωλὸς
1972 2021 2062 2096 ἦν,

466 2116 619 2183 ὅμως
647 2110 762 2185 εἶχέ
799 2133 923 2171 τινα
957 2118 1182 2189 ἀρετὴν,
1226 2118 1369 2188 ὑπὲρ
1396 2114 1463 2190 ἧς
1480 2115 1722 2172 άπέλασε
1755 2117 1866 2183 ζῶν
1894 2117 1974 2170 ἔτι
1997 2118 2065 2169 τὰ

463 2206 792 2278 ὀρειλόμινα
816 2210 1019 2277 ἀγαθά·
1056 2212 1147 2264 καὶ
1172 2213 1199 2265 ὀ
1232 2210 1505 2280 Λάζαρος,
1535 2212 1584 2264 εί
1615 2211 1709 2264 καὶ
1736 2209 1945 2272 δίκαιος
1973 2205 2065 2280 ἦν,

463 2300 614 2365 ὅμως
643 2291 758 2366 εἶχε
810 2315 932 2352 τινα
1005 2300 1229 2363 κακίαν,
1283 2300 1332 2353 δί
1363 2301 1430 2371 ἣν
1465 2300 1562 2353 καὶ
1612 2299 1776 2360 αὐτὸς
1822 2300 2065 2353 ἀπέλαϐε

466 2392 574 2456 ζτν
625 2390 704 2445 ἔτι
763 2393 833 2445 τὰ
866 2392 1198 2463 ὀφειλόμενα
1234 2391 1404 2445 κακά.
1447 2392 1569 2445 Τῶν
1610 2390 1917 2462 ἀνθρώπων
1959 2392 2067 2461 γὰρ

464 2488 642 2551 οὐδεὶς
687 2488 919 2558 ἄμοιρος
948 2486 1173 2555 ἀρετῆς,
1202 2486 1311 2539 οὐδ’
1338 2488 1365 2538 ὁ
1387 2485 1529 2538 πάνυ
1566 2487 1825 2554 πονηρός·
1854 2486 1944 2537 καὶ
1976 2485 2068 2536 οὐ·

462 2580 574 2639 ὃεὶς
624 2581 853 2650 ἄμοιρος
910 2578 1128 2642 κακίας,
1178 2578 1288 2631 οὐδ’
1323 2580 1351 2631 ὁ
1399 2576 1541 2630 πάνυ
1574 2575 1800 2644 ἁγαθός.
1834 2575 1931 2628 Διὸ
1971 2574 2064 2627 καὶ

463 2670 889 2740 τελευτήσαντες
920 2669 1188 2737 ἀπῆλθον,
1215 2669 1242 2721 ὁ
1274 2668 1373 2737 μὲν
1403 2668 1645 2738 ἄκρατον
1675 2667 1815 2736 ἔχων
1837 2668 1934 2737 τὴν
1964 2683 2063 2719 κα-

467 2763 608 2814 κίαψ
649 2764 676 2814 ὁ
698 2763 753 2815 δὲ
782 2763 1022 2817 ἄκρατον
1048 2760 1391 2830 κεκτημένος
1422 2761 1522 2831 τὴν
1554 2761 1776 2829 ἀρετήν.

534 2856 641 2909 Καὶ
663 2856 759 2909 ἐπὶ
792 2886 861 2896 -
882 2855 1237 2923 διαπερῶσι.
1265 2855 1469 2925 Χάσμα
1500 2855 1643 2925 μίγα
1668 2853 1843 2921 λέγει,
1861 2853 1920 2910 τὸ
1942 2855 2065 2908 ἁνε-

465 2950 786 3021 πιχείρητον
834 2951 1171 3022 πρόσταγμα
1208 2948 1303 3002 τοῦ
1338 2947 1499 3003 Θεοῦ·
1551 2948 1625 3010 ὼς
1657 2948 1815 3017 δίκην
1846 2947 2063 3017 χάσμα-

462 3059 551 3104 τος
585 3042 811 3096 κωλύων
837 3043 935 3112 τὴν
959 3042 1245 3110 ἐπιμιξίαν
1269 3043 1476 3096 τούτων
1500 3041 1795 3095 κάκείνων.

535 3222 683 3281 Eius
708 3258 779 3269 -—
809 3228 1013 3297 πάτερ.
1056 3229 1368 3299 Παρακαλῶ
1412 3246 1491 3283 σε.

534 3417 661 3469 Ἵνα
709 3446 777 3457 —-
823 3415 1129 3480 βασάνου.
1176 3416 1491 3486 Ἀποτυχὼν
1528 3416 1624 3484 τῆς
1674 3416 1816 3487 ὑπὲρ
1870 3413 2064 3468 ἑαυτ.ὖ

460 3508 721 3579 δεήσεως,
753 3508 895 3577 ὑπὲρ
925 3507 1035 3561 τῶν
1068 3507 1315 3576 ἀδελφῶν
1341 3507 1603 3572 δυσωπεῖ,
1648 3509 1953 3577 ἐμφαίνων,
1984 3508 2065 3560 ὅτι

462 3602 651 3671 ῶσπερ
682 3602 845 3665 αὐτὸς
866 3600 973 3671 πρὸ
994 3601 1088 3655 τοῦ
1120 3601 1443 3666 ἀποθανεῖν,
1485 3601 1627 3655 οὕτω
1652 3605 1746 3655 καὶ
1780 3603 1936 3655 αὐτοὶ
1967 3602 2067 3671 λῆ-

468 3715 557 3766 ρον
588 3695 847 3767 ἡγοῦνται
886 3695 987 3759 τάς
1012 3698 1071 3749 ὲν
1098 3697 1216 3758 ταῖς
1248 3696 1500 3766 Γραφαῖς
1540 3694 1773 3759 ἀπειλὰς
1818 3696 1925 3747 τῶν
1974 3695 2066 3748 τοῦ

469 3791 758 3856 μέλλοντος
800 3790 997 3853 αἰῶνος
1061 3789 1360 3854 κολάσεων,
1404 3790 1499 3842 καὶ
1537 3789 1625 3841 διὰ
1666 3789 1845 3851 τοῦτο,
1900 3789 2067 3860 μόνην

464 3890 563 3955 τὴν
595 3884 909 3955 φιληδονίαν
946 3883 1368 3954 μεταδιώκουσι.

540 3979 710 4047 Λέγει
736 4009 804 4017 -
838 3978 1171 4048 προφήτας.
1202 3979 1315 4042 Τὰς
1382 3978 1688 4040 Μωσαῑκας
1721 3976 1936 4046 βίδὶους
1976 3978 2068 4030 καὶ

466 4076 563 4136 τὶς
602 4076 971 4145 προφητικάς.
998 4074 1075 4127 Οὐ
1104 4073 1215 4143 γὰρ
1236 4072 1383 4127 οὓτω
1406 4074 1472 4126 σὺ
1504 4072 1645 4146 κήδῃ
1664 4071 1771 4126 τῶν
1799 4071 2064 4140 ἀδελφῶν,

468 4168 545 4230 ὡς
597 4170 625 4221 ὁ
657 4168 891 4236 ποιήσας
928 4167 1125 4230 αὐτοὺς
1157 4167 1315 4233 Θεὸς,
1352 4166 1413 4231 δς
1432 4168 1529 4220 καὶ
1576 4165 1803 4238 μυρίους
1838 4165 2072 4234 ἐπέστη-

466 4276 559 4311 σεν
589 4260 774 4322 αὐτοῖς
798 4259 1178 4324 διδασκάλους.

566 4350 1039 4407 ’Δκουσάτωσαν
1110 4350 1331 4409 αὐτῶν.

465 4446 749 4515 ειὰρετον.

550 4541 602 4591 ’0
643 4540 712 4593 δὲ
740 4569 811 4581 --
848 4541 1127 4610 Ἀϐραάμ.
1175 4541 1289 4593 Οὐκ
1312 4539 1605 4593 ἀκούουσιν
1645 4540 1827 4593 αὐτῶν

1407 4350 1857 4421 ’Υποτιθεμένων
1937 4347 2055 4419 βίον

2172 1029 2291 1073 erat
2330 1028 2682 1090 augmentum
2718 1020 2916 1075 intueri
2964 1019 3188 1074 divitem
3224 1022 3278 1074 in
3319 1028 3399 1073 tot
3430 1019 3590 1073 bonis
3634 1035 3646 1071 :
3702 1017 3775 1070 ita

2175 1125 2323 1164 nunc
2356 1110 2537 1176 diviti,
2584 1111 2637 1164 in
2674 1113 2840 1165 tantis
2872 1111 3090 1182 degenti
3129 1111 3366 1165 miseriis
3399 1110 3604 1165 additio
3654 1122 3782 1177 sup-

2176 1199 2463 1271 pliciorum
2500 1213 2604 1265 est,
2630 1204 2816 1258 videre
2849 1202 3117 1258 Lazarum
3148 1204 3200 1257 in
3223 1204 3391 1257 tantis
3417 1203 3593 1256 bonis.

2248 1296 2399 1349 Vcrs.
2436 1295 2525 1349 25.
2562 1294 3091 1349 Dixit—cruciaris.
3151 1297 3614 1349 lnhumanitatcm
3658 1297 3781 1349 huic

2174 1402 2281 1439 non
2320 1388 2675 1457 improperat,
2704 1387 2798 1442 sed
2825 1397 3110 1443 mansuete
3136 1388 3453 1457 respondet.
3498 1386 3777 1451 Scriptum

2172 1479 2414 1533 estenim
2438 1499 2448 1531 :
2469 1480 2715 1533 Animam
2737 1481 3073 1533 humiliatam
3092 1497 3155 1534 ne
3173 1479 3528 1533 titrbavcris".
3560 1478 3615 1531 Et
3640 1480 3780 1533 Ituut‘

2173 1571 2427 1625 nominat
2462 1571 2652 1635 ﬁlium,
2712 1584 2901 1642 utpote
2955 1573 3289 1644 patriarcha,
3335 1588 3432 1626 seu
3470 1573 3779 1641 progenitor

2172 1662 2439 1730 ipsius,et
2460 1670 2715 1731 tanquam
2754 1678 2943 1717 senex.
2990 1662 3106 1716 Non
3150 1662 3288 1716 dixit
3326 1671 3507 1715 autem
3552 1682 3563 1715 :
3616 1664 3778 1715 Acce.

2170 1752 2295 1822 pisti
2340 1754 2483 1809 bona
2519 1764 2631 1817 tua,
2660 1754 2753 1809 sed
2790 1754 3089 1823 Recepisti.
3116 1752 3251 1808 Nam
3311 1754 3556 1823 recipere
3605 1759 3678 1809 ob
3718 1769 3778 1805 ea

2171 1841 2412 1909 ponitur,
2438 1858 2557 1910 qua:
2586 1843 2883 1899 debentur:
2922 1853 2979 1897 et
3012 1844 3140 1897 hinc
3172 1844 3400 1897 omnino
3435 1841 3779 1912 signiﬁcatur

2173 1931 2319 2001 quod
2378 1941 2433 1988 et
2490 1933 2643 1987 dives
2700 1948 3012 2004 quanquam
3042 1943 3296 2004 peccator
3350 1944 3490 1999 erat,
3540 1934 3777 2001 aliquam

2177 2033 2357 2078 tamen
2391 2024 2630 2079 habebat
2663 2026 2948 2088 virtutem,
2982 2040 3083 2094 pro
3108 2042 3214 2095 qua
3257 2026 3402 2079 bona
3432 2024 3615 2080 debita
3680 2023 3776 2078 ad-

2178 2118 2282 2171 huc
2301 2118 2492 2173 vivens
2522 2128 2827 2189 receperat;
2857 2129 2911 2173 et
2935 2117 3199 2183 Lazarus,
3240 2133 3555 2187 quanquam
3596 2117 3781 2187 justus

2174 2219 2312 2275 erat,
2344 2208 2561 2280 aliquod
2607 2219 2789 2264 tamen
2819 2210 3013 2264 vitium
3055 2209 3312 2273 habebat,
3353 2217 3581 2280 pr0pter
3633 2207 3777 2277 quod

2175 2304 2354 2359 adhuc
2376 2304 2564 2358 vivens
2583 2303 2765 2358 debita
2785 2303 2927 2358 mala
2955 2313 3265 2372 receperat.
3287 2303 3571 2371 Siquidem
3597 2302 3781 2355 nullus

2176 2394 2462 2450 hominum
2491 2410 2688 2466 expers
2725 2408 2810 2450 est
2861 2396 3103 2461 virtutis,
3152 2403 3245 2449 aut
3291 2395 3517 2451 omnino
3552 2393 3727 2448 malus
3760 2412 3775 2448 :

2174 2488 2467 2559 nullusque
2494 2504 2689 2559 expers
2716 2498 2799 2543 est
2830 2488 2965 2552 vitii,
2993 2498 3085 2543 aut
3114 2488 3340 2542 omnino
3375 2487 3581 2550 bonus;
3622 2488 3775 2542 ideo—

2173 2596 2280 2649 que
2335 2581 2447 2649 jam
2479 2582 2787 2635 morientes
2834 2581 3239 2643 discesserunt,
3277 2580 3367 2633 ille
3414 2579 3635 2649 quidem
3669 2593 3782 2633 me-

2175 2689 2289 2727 ram
2326 2673 2538 2729 habens
2595 2674 2887 2738 malitiam,
2932 2674 3023 2728 hic
3080 2682 3263 2728 autem
3314 2687 3510 2743 puram
3572 2671 3780 2747 habens

2176 2767 2457 2822 virtutem.

2244 2858 2398 2914 Vera.
2442 2856 2532 2913 26.
2568 2858 2637 2913 Et
2700 2876 2857 2928 super
2892 2888 2954 2900 —
2985 2863 3379 2911 transcendere.
3417 2855 3637 2911 Hiatum
3669 2872 3781 2910 ma-

2171 2966 2337 3022 gnum
2358 2950 2512 3015 dicit,
2539 2950 2914 3006 ﬁrmissimum
2934 2950 3027 3005 Dei
3053 2961 3411 3020 prmeeptum,
3432 2959 3687 3019 tanquam
3711 2949 3780 3002 ad

2173 3042 2392 3096 modum
2414 3042 2596 3097 hiatus
2621 3042 2921 3113 prohibens
2953 3043 3149 3096 horum
3207 3052 3263 3095 et
3290 3040 3505 3094 illorum
3539 3042 3777 3094 commi-

2172 3136 2429 3190 sdonenn

2244 3227 2398 3283 Vers.
2431 3228 2521 3281 27.
2556 3228 2643 3280 Ait
2679 3257 2747 3267 —-
2787 3238 2963 3297 pater.
2991 3226 3166 3282 Etiam
3206 3228 3291 3283 hic
3317 3227 3541 3296 ponitur
3564 3228 3777 3296 ἐρωτῶ,

2177 3337 2276 3393 pro
2292 3322 2554 3377 Obsecro.

2250 3417 2402 3473 Vers.
2434 3415 2523 3469 27.
2558 3414 2621 3471 Ut
2647 3446 2709 3455 —
2740 3416 2897 3472 Vera.
2924 3413 3018 3467 28.
3059 3412 3445 3467 Cruciatur.—
3480 3413 3777 3483 ltepulsam

2177 3526 2369 3581 passus
2397 3510 2452 3564 in
2480 3524 2565 3573 eo,
2598 3507 2741 3579 quod
2767 3524 2863 3575 pro
2889 3523 2946 3562 se
2979 3508 3193 3569 orabat.
3239 3522 3336 3577 pro
3357 3505 3621 3561 fratribus
3646 3522 3777 3575 sup-

2176 3605 2361 3672 plicat,
2389 3603 2683 3658 insinuans
2713 3603 2861 3671 quod
2907 3602 3053 3655 sicut
3114 3601 3232 3671 ipse
3257 3609 3387 3654 ante
3416 3610 3673 3665 mortem,
3703 3600 3777 3653 ita

2178 3707 2230 3753 et
2264 3698 2341 3754 illi
2372 3714 2473 3769 pro
2497 3696 2697 3752 fabulis
2744 3696 2957 3752 ducunt
2993 3694 3195 3758 minas,
3231 3709 3353 3763 quae
3382 3693 3437 3748 in
3474 3691 3779 3761 Scripturis

2180 3793 2453 3848 habentur
2469 3793 2537 3847 de
2554 3790 2722 3845 l‘uturi
2745 3790 2927 3845 seculi
2950 3786 3260 3857 suppliciis,
3289 3799 3342 3842 et
3366 3796 3659 3857 pr0pterea
3690 3800 3779 3839 so-

2179 3890 2284 3942 lzun
2318 3887 2704 3957 voluptuosam
2741 3884 2906 3938 vitam
2939 3884 3327 3953 insequuntur.

2251 3981 2406 4038 Vera.
2445 3981 2537 4038 29.
2562 3980 2699 4034 Dicit
2727 4009 2799 4021 —
2832 3980 3139 4048 prophetas.
3192 3976 3462 4031 llosaicos
3498 3976 3667 4030 libros
3712 3992 3777 4031 ac

2180 4074 2514 4147 prophetias:
2552 4087 2732 4142 neque
2756 4072 2903 4125 enim
2940 4071 3013 4125 ita
3052 4070 3153 4124 tibi
3201 4085 3347 4124 curae
3403 4079 3533 4124 sunt
3559 4068 3780 4133 fratres,

2180 4181 2237 4226 ut
2261 4170 2394 4231 Deo,
2424 4168 2516 4239 qui
2545 4166 2672 4223 fecit
2700 4166 2917 4230 illos,et
2956 4174 3247 4221 sexcentos
3268 4164 3348 4219 eis
3371 4162 3621 4219 adhibuit
3645 4178 3783 4234 pra:-

2180 4270 2451 4330 ceptores.

2253 4356 2408 4410 Vers.
2438 4353 2528 4409 29.
2568 4351 2804 4405 Audiam
2834 4350 2974 4403 illos.
3013 4378 3081 4389 -
3117 4347 3255 4402 Cum
3295 4347 3463 4400 vitam
3512 4347 3784 4401 suadeant

2182 4450 2367 4505 virtuti
2402 4447 2765 4502 coniormem.

2251 4538 2410 4593 Vers.
2454 4537 2545 4593 30.
2578 4538 2646 4589 At
2676 4534 2835 4589 iile—
2864 4533 3162 4586 Abraham.
3204 4530 3324 4585 Non
3359 4531 3591 4587 audiunt
3638 4532 3782 4585 illos.

549 4634 715 4689 Ἀλλ’
756 4661 822 4673 -—
850 4634 1332 4703 μετανοήσουσι.
1367 4634 1502 4697 Ταῖς
1534 4633 1743 4705 βίϐλοις
1804 4634 1904 4703 μὲν
1938 4634 2066 4686 άπι-
2101 4651 2142 4706 D
2249 4634 2301 4688 Vt

2031 4652 2066 4685 ι-
2101 4651 2142 4706 D
2249 4634 2401 4689 Vcrs.
2427 4634 2519 4687 50.
2555 4630 2658 4686 Sed
2686 4659 2754 4671 --
2786 4627 3097 4696 resipiscam
3168 4623 3349 4679 Libris
3382 4624 3603 4694 quidem
3668 4641 3783 4680 non

471 4730 707 4793 στοῦσιν,
749 4728 825 4793 ὡς
858 4730 1011 4797 παρὰ
1043 4728 1266 4794 ζώντων
1296 4728 1657 4799 γραφείσαις,
1705 4730 1874 4799 μήπω
1924 4728 2065 4780 θεα-

471 4824 723 4892 σαμένων
751 4824 819 4877 τὰ
848 4822 943 4875 τοῦ
980 4824 1277 4895 μέλλοντος
1320 4824 1524 4886 αἰῶνος
1553 4842 1564 4853 ’
1620 4823 1716 4877 ἐάν
1748 4840 1833 4886 τις
1866 4822 1922 4875 δὲ
1955 4822 2068 4876 ἀπὸ

470 4916 684 4986 νεκρῶν
730 4916 974 4988 πορευθῇ
1020 4917 1159 4989 πρὸς
1226 4918 1456 4983 αὐτοὺς,
1518 4909 1934 4982 πιστεύσουσιν,
1992 4916 2069 4978 ὡς

473 5011 630 5063 ἰδόντι
658 5011 859 5064 πάντα.

540 5100 686 5159 Elite
743 5131 815 5143 --
860 5103 1323 5169 πεισθήσονται,
1379 5105 1489 5159 Καὶ
1534 5106 1584 5157 οί
1646 5105 1893 5159 Ἰουδαῖοι
1930 5107 2065 5175 γὰρ,

472 5198 661 5269 ἐπειδὴ
691 5198 974 5262 Μωῡσέως
1017 5197 1115 5252 καὶ
1175 5198 1283 5252 τῶν
1343 5198 1647 5269 προφητῶν
1696 5200 1796 5253 οὐκ
1841 5200 2063 5271 ἢκουον,

470 5292 591 5344 οὐδὲ
630 5294 743 5356 τοῖς
776 5294 840 5346 ὲκ
891 5292 1107 5363 νεκρῶν
1142 5294 1446 5349 άναστάσιν
1501 5292 1879 5363 ἐπείσθησαν,
1930 5294 2068 5347 ἀλλὰ

472 5380 566 5432 καὶ
592 5378 681 5433 τὸν
722 5381 954 5449 ἀδελφὸν
1013 5382 1247 5454 Μάρθας
1294 5385 1390 5437 καὶ
1414 5385 1638 5456 Μαρίας
1693 5384 1972 5455 Λάζαρον,
2006 5387 2067 5437 ἐκ

583 5570 625 5599 ²⁰
690 5566 856 5625 Eccli.
916 5586 989 5632 tv,
1030 5569 1083 5625 3.

2171 4729 2375 4783 habent
2410 4725 2595 4790 fidem,
2632 4732 2822 4793 utpote
2854 4720 3078 4789 scriptis
3137 4720 3205 4772 ab
3261 4718 3347 4772 his
3372 4717 3462 4787 qui
3497 4717 3782 4779 vivebant.

2169 4831 2223 4876 et
2248 4820 2485 4874 necdum
2509 4832 2572 4872 ea
2601 4817 2869 4880 viderant,
2892 4829 3014 4883 qua:
3042 4812 3097 4865 in
3120 4810 3305 4865 futuro
3327 4821 3458 4867 sunt
3483 4812 3714 4866 saeculo:
3741 4814 3783 4866 si

2170 4914 2491 4983 quisautem
2533 4926 2598 4964 ex
2657 4907 2887 4961 mortuis
2916 4906 3041 4961 ierit
3079 4905 3145 4959 ad
3186 4903 3333 4964 illos.
3374 4903 3625 4969 credent,
3654 4913 3785 4959 tan-

2172 5025 2334 5078 quam
2359 5008 2431 5071 ei,
2473 5004 2565 5075 qui
2596 5002 2793 5060 viderit
2828 5001 3105 5055 universa.

2254 5101 2407 5154 Vers.
2457 5100 2544 5153 51.
2577 5098 3008 5150 Ait—credent.
3064 5091 3348 5163 Siquidem
3404 5091 3600 5151 Judaei.
3660 5092 3785 5161 quia

2179 5194 2382 5249 Mosem
2408 5204 2464 5248 et
2499 5191 2792 5264 prephetas
2818 5206 2926 5245 nou
2970 5187 3286 5255 audiebant,
3318 5200 3497 5254 neque
3540 5188 3604 5240 iis
3630 5187 3722 5256 qui
3759 5204 3786 5240 a

2180 5288 2409 5345 mortuis
2440 5296 2877 5352 rcsurrexerant,
2902 5282 3221 5339 credebant:
3252 5284 3383 5351 quin
3412 5293 3466 5336 et
3497 5281 3786 5344 Lazarum.

2180 5386 2401 5440 Martha:
2426 5393 2479 5437 ct
2506 5382 2686 5438 Mariae
2712 5381 2963 5445 fratrem,
2987 5377 3081 5449 qui
3112 5393 3141 5431 a
3176 5376 3411 5431 mortuis
3444 5386 3785 5438 surrexerat,

1626 5642 1823 5702 Variae
1877 5640 2183 5702 lectiones
2218 5649 2271 5700 et
2320 5646 2506 5699 nota).

544 5812 686 5884 (99)_
714 5811 1157 5881 ’Λποκρύπτεται
1195 5813 1255 5868 Β.

552 5881 629 5956 (1)
768 5884 803 5939 l.
844 5884 1041 5955 legitur
1091 5884 1320 5958 καρδίαν
1384 5886 1873 5958 πσρωργισμένην.
1917 5884 2071 5940 Ilunc

472 5963 651 6027 ipsum
680 5956 862 6013 locum
909 5967 1149 6014 truCtaus
1180 5955 1420 6016 Joannes
1469 5955 1817 6029 'Xiphilinus
1859 5959 2056 6014 eodem

2186 5812 2584 5938 umdnqkudat.
2615 5808 2751 5865 Vide
2781 5808 3083 5864 editionem
3114 5819 3359 5865 nostram
3398 5806 3785 5878 ilosqucnsem

2186 5901 2302 5938 uas.
2350 5924 2378 5937 ..
2423 5924 2434 5938 .

2183 5901 2302 5957 pag.
2346 5901 2434 5938 zu.
