  <div class='ocr_page' id='page_1' title='image "/cluster/home/n/w/nwhite01/storage/ocr_20150623/129/nnc1.0046979913/553.png"; bbox 0 0 4436 6450; ppageno 0'>
   <div class='ocr_carea' id='block_1_1' title="bbox 732 408 872 470">
    <p class='ocr_par' dir='ltr' id='par_1_1' title="bbox 732 408 872 470">
     <span class='ocr_line' id='line_1_1' title="bbox 732 408 872 470; baseline 0.007 -1"><span class='ocrx_word' id='word_1_1' title='bbox 732 408 872 470; x_wconf 54' lang='lat'><strong>{0‘3</strong></span> 
     </span>
    </p>
   </div>
   <div class='ocr_carea' id='block_1_2' title="bbox 1976 402 2762 466">
    <p class='ocr_par' dir='ltr' id='par_1_2' title="bbox 1976 402 2762 466">
     <span class='ocr_line' id='line_1_2' title="bbox 1976 402 2762 466; baseline 0.005 -4"><span class='ocrx_word' id='word_1_2' title='bbox 1976 402 2355 465; x_wconf 79' lang='lat' dir='ltr'><strong>EUTHYMII</strong></span> <span class='ocrx_word' id='word_1_3' title='bbox 2400 403 2569 463; x_wconf 81' lang='lat' dir='ltr'><strong>ZiGA</strong></span> <span class='ocrx_word' id='word_1_4' title='bbox 2584 406 2762 466; x_wconf 83' lang='lat' dir='ltr'><strong>BENI</strong></span> 
     </span>
    </p>
   </div>
   <div class='ocr_carea' id='block_1_3' title="bbox 3877 406 4017 470">
    <p class='ocr_par' dir='ltr' id='par_1_3' title="bbox 3877 406 4017 470">
     <span class='ocr_line' id='line_1_3' title="bbox 3877 406 4017 470; baseline -0.014 0"><span class='ocrx_word' id='word_1_5' title='bbox 3877 406 4017 470; x_wconf 73' lang='grc' dir='ltr'><strong>1οη</strong></span> 
     </span>
    </p>
   </div>
   <div class='ocr_carea' id='block_1_4' title="bbox 726 496 2478 592">
    <p class='ocr_par' dir='ltr' id='par_1_4' title="bbox 726 515 2478 591">
     <span class='ocr_line' id='line_1_4' title="bbox 726 515 2478 591; baseline -0.003 -18"><span class='ocrx_word' id='word_1_6' title='bbox 726 537 773 573; x_wconf 74' lang='grc' dir='ltr'><strong>ιιι</strong></span> <span class='ocrx_word' id='word_1_7' title='bbox 809 525 876 577; x_wconf 71' lang='lat' dir='ltr'><strong>tle</strong></span> <span class='ocrx_word' id='word_1_8' title='bbox 910 523 1089 585; x_wconf 79' lang='lat' dir='ltr'><strong>rebus,</strong></span> <span class='ocrx_word' id='word_1_9' title='bbox 1121 536 1243 591; x_wconf 66' lang='lat' dir='ltr'><strong>quae</strong></span> <span class='ocrx_word' id='word_1_10' title='bbox 1264 520 1492 575; x_wconf 75' lang='lat' dir='ltr'><strong>inferno</strong></span> <span class='ocrx_word' id='word_1_11' title='bbox 1522 526 1703 582; x_wconf 87' lang='lat' dir='ltr'><strong>erant,</strong></span> <span class='ocrx_word' id='word_1_12' title='bbox 1745 516 2096 586; x_wconf 72' lang='lat' dir='ltr'><strong>loquebatur,</strong></span> <span class='ocrx_word' id='word_1_13' title='bbox 2140 515 2323 581; x_wconf 86' lang='lat' dir='ltr'><strong>potius</strong></span> <span class='ocrx_word' id='word_1_14' title='bbox 2352 518 2396 573; x_wconf 77' lang='grc' dir='ltr'><strong>Α</strong></span> <span class='ocrx_word' id='word_1_15' title='bbox 2429 536 2478 569; x_wconf 87' lang='grc' dir='ltr'><strong>νε</strong></span> 
     </span>
    </p>
   </div>
   <div class='ocr_carea' id='block_1_5' title="bbox 2261 496 4013 592">
    <p class='ocr_par' dir='ltr' id='par_1_5' title="bbox 2261 518 4013 592">
     <span class='ocr_line' id='line_1_5' title="bbox 2261 518 4013 592; baseline 0.003 -24"><span class='ocrx_word' id='word_1_16' title='bbox 2261 531 2323 569; x_wconf 91' lang='lat' dir='ltr'><strong>us</strong></span> <span class='ocrx_word' id='word_1_17' title='bbox 2352 518 2396 573; x_wconf 76' lang='grc' dir='ltr'><strong>Α</strong></span> <span class='ocrx_word' id='word_1_18' title='bbox 2429 520 2640 585; x_wconf 82' lang='grc' dir='ltr'><strong>νεκρῶν</strong></span> <span class='ocrx_word' id='word_1_19' title='bbox 2664 522 2981 574; x_wconf 73' lang='grc' dir='ltr'><strong>ἀναστάντα</strong></span> <span class='ocrx_word' id='word_1_20' title='bbox 3006 522 3101 575; x_wconf 73' lang='grc' dir='ltr'>καὶ</span> <span class='ocrx_word' id='word_1_21' title='bbox 3135 520 3265 592; x_wconf 73' lang='grc' dir='ltr'>περὶ</span> <span class='ocrx_word' id='word_1_22' title='bbox 3296 521 3404 574; x_wconf 90' lang='grc' dir='ltr'>τῶν</span> <span class='ocrx_word' id='word_1_23' title='bbox 3431 521 3488 574; x_wconf 80' lang='grc' dir='ltr'><strong>ἐν</strong></span> <span class='ocrx_word' id='word_1_24' title='bbox 3520 520 3594 590; x_wconf 81' lang='grc' dir='ltr'><strong>τῷ</strong></span> <span class='ocrx_word' id='word_1_25' title='bbox 3625 520 3728 591; x_wconf 73' lang='grc' dir='ltr'><strong>ᾄδῃ</strong></span> <span class='ocrx_word' id='word_1_26' title='bbox 3761 520 4013 588; x_wconf 71' lang='grc' dir='ltr'><strong>λέγοντα,</strong></span> 
     </span>
    </p>
   </div>
   <div class='ocr_carea' id='block_1_6' title="bbox 724 614 1282 669">
    <p class='ocr_par' dir='ltr' id='par_1_6' title="bbox 724 614 1282 669">
     <span class='ocr_line' id='line_1_6' title="bbox 724 614 1282 669; baseline -0.004 -2"><span class='ocrx_word' id='word_1_27' title='bbox 724 615 976 669; x_wconf 87' lang='lat' dir='ltr'><strong>occidere</strong></span> <span class='ocrx_word' id='word_1_28' title='bbox 1004 614 1282 667; x_wconf 80' lang='lat' dir='ltr'><strong>volebant.</strong></span> 
     </span>
    </p>
   </div>
   <div class='ocr_carea' id='block_1_7' title="bbox 794 718 2323 781">
    <p class='ocr_par' dir='ltr' id='par_1_7' title="bbox 794 718 2323 781">
     <span class='ocr_line' id='line_1_7' title="bbox 794 718 2323 781; baseline -0.002 -5"><span class='ocrx_word' id='word_1_29' title='bbox 794 723 946 777; x_wconf 68' lang='lat' dir='ltr'><strong>CAP.</strong></span> <span class='ocrx_word' id='word_1_30' title='bbox 974 720 1141 776; x_wconf 68' lang='lat' dir='ltr'><strong>XVII.</strong></span> <span class='ocrx_word' id='word_1_31' title='bbox 1184 722 1342 777; x_wconf 74' lang='lat' dir='ltr'><strong>Vera.</strong></span> <span class='ocrx_word' id='word_1_32' title='bbox 1379 723 1428 775; x_wconf 79' lang='grc' dir='ltr'><strong>Ι.</strong></span> <span class='ocrx_word' id='word_1_33' title='bbox 1467 720 1552 773; x_wconf 80' lang='lat' dir='ltr'><strong>Ait</strong></span> <span class='ocrx_word' id='word_1_34' title='bbox 1570 720 1878 773; x_wconf 75' lang='lat' dir='ltr'><strong>—venitmt.</strong></span> <span class='ocrx_word' id='word_1_35' title='bbox 1918 718 2034 774; x_wconf 84' lang='lat' dir='ltr'><strong>Hoc</strong></span> <span class='ocrx_word' id='word_1_36' title='bbox 2056 728 2162 781; x_wconf 76' lang='lat' dir='ltr'><strong>est,</strong></span> <span class='ocrx_word' id='word_1_37' title='bbox 2221 733 2323 773; x_wconf 88' lang='lat' dir='ltr'><strong>ne-</strong></span> 
     </span>
    </p>
   </div>
   <div class='ocr_carea' id='block_1_8' title="bbox 722 811 2323 879">
    <p class='ocr_par' dir='ltr' id='par_1_8' title="bbox 722 811 2323 879">
     <span class='ocr_line' id='line_1_8' title="bbox 722 811 2323 879; baseline -0.002 -14"><span class='ocrx_word' id='word_1_38' title='bbox 722 828 876 867; x_wconf 81' lang='lat' dir='ltr'><strong>cesse</strong></span> <span class='ocrx_word' id='word_1_39' title='bbox 915 823 1021 875; x_wconf 84' lang='lat' dir='ltr'><strong>est,</strong></span> <span class='ocrx_word' id='word_1_40' title='bbox 1063 823 1123 865; x_wconf 91' lang='lat' dir='ltr'><strong>ut</strong></span> <span class='ocrx_word' id='word_1_41' title='bbox 1150 814 1395 866; x_wconf 83' lang='lat' dir='ltr'><strong>veniant.</strong></span> <span class='ocrx_word' id='word_1_42' title='bbox 1428 811 1568 865; x_wconf 80' lang='lat' dir='ltr'><strong>Dixit</strong></span> <span class='ocrx_word' id='word_1_43' title='bbox 1607 812 1752 865; x_wconf 88' lang='lat' dir='ltr'><strong>enim</strong></span> <span class='ocrx_word' id='word_1_44' title='bbox 1784 812 2063 866; x_wconf 85' lang='lat' dir='ltr'><strong>tricesimo</strong></span> <span class='ocrx_word' id='word_1_45' title='bbox 2088 811 2323 879; x_wconf 84' lang='lat' dir='ltr'><strong>septimo</strong></span> 
     </span>
    </p>
   </div>
   <div class='ocr_carea' id='block_1_9' title="bbox 721 902 2319 973">
    <p class='ocr_par' dir='ltr' id='par_1_9' title="bbox 721 902 2319 973">
     <span class='ocr_line' id='line_1_9' title="bbox 721 902 2319 973; baseline -0.002 -16"><span class='ocrx_word' id='word_1_46' title='bbox 721 907 883 959; x_wconf 76' lang='lat' dir='ltr'><strong>etiam</strong></span> <span class='ocrx_word' id='word_1_47' title='bbox 913 906 1067 973; x_wconf 85' lang='lat' dir='ltr'><strong>juxta</strong></span> <span class='ocrx_word' id='word_1_48' title='bbox 1101 904 1413 958; x_wconf 75' lang='lat' dir='ltr'><strong>MattIm-um</strong></span> <span class='ocrx_word' id='word_1_49' title='bbox 1448 906 1628 973; x_wconf 85' lang='lat' dir='ltr'><strong>capite</strong></span> <span class='ocrx_word' id='word_1_50' title='bbox 1660 902 1785 957; x_wconf 74' lang='grc' dir='ltr'><strong>εγω</strong></span> <span class='ocrx_word' id='word_1_51' title='bbox 1817 912 2011 957; x_wconf 74' lang='lat' dir='ltr'><strong>mundo</strong></span> <span class='ocrx_word' id='word_1_52' title='bbox 2044 905 2109 955; x_wconf 85' lang='lat' dir='ltr'><strong>ab</strong></span> <span class='ocrx_word' id='word_1_53' title='bbox 2158 903 2319 969; x_wconf 80' lang='lat' dir='ltr'><strong>oﬂ&#39;en-</strong></span> 
     </span>
    </p>
   </div>
   <div class='ocr_carea' id='block_1_10' title="bbox 721 993 2323 1063">
    <p class='ocr_par' dir='ltr' id='par_1_10' title="bbox 721 993 2323 1063">
     <span class='ocr_line' id='line_1_10' title="bbox 721 993 2323 1063; baseline -0.002 -16"><span class='ocrx_word' id='word_1_54' title='bbox 721 998 942 1050; x_wconf 76' lang='lat' dir='ltr'><strong>dicatis:</strong></span> <span class='ocrx_word' id='word_1_55' title='bbox 965 1012 1167 1049; x_wconf 79' lang='lat' dir='ltr'><strong>necesse</strong></span> <span class='ocrx_word' id='word_1_56' title='bbox 1192 1006 1267 1048; x_wconf 87' lang='lat' dir='ltr'><strong>est</strong></span> <span class='ocrx_word' id='word_1_57' title='bbox 1284 996 1446 1057; x_wconf 87' lang='lat' dir='ltr'><strong>enim,</strong></span> <span class='ocrx_word' id='word_1_58' title='bbox 1464 1007 1521 1048; x_wconf 79' lang='lat' dir='ltr'><strong>ut</strong></span> <span class='ocrx_word' id='word_1_59' title='bbox 1538 996 1752 1048; x_wconf 78' lang='lat' dir='ltr'><strong>ueniant</strong></span> <span class='ocrx_word' id='word_1_60' title='bbox 1773 993 2103 1063; x_wconf 74' lang='lat' dir='ltr'><strong>offendicula,</strong></span> <span class='ocrx_word' id='word_1_61' title='bbox 2123 1009 2323 1046; x_wconf 75' lang='lat' dir='ltr'><strong>venim-</strong></span> 
     </span>
    </p>
   </div>
   <div class='ocr_carea' id='block_1_11' title="bbox 722 1084 2324 1155">
    <p class='ocr_par' dir='ltr' id='par_1_11' title="bbox 722 1084 2324 1155">
     <span class='ocr_line' id='line_1_11' title="bbox 722 1084 2324 1155; baseline -0.002 -17"><span class='ocrx_word' id='word_1_62' title='bbox 722 1097 899 1140; x_wconf 84' lang='lat' dir='ltr'><strong>tamen</strong></span> <span class='ocrx_word' id='word_1_63' title='bbox 963 1102 1039 1140; x_wconf 71' lang='lat' dir='ltr'><strong>ua!</strong></span> <span class='ocrx_word' id='word_1_64' title='bbox 1096 1086 1297 1139; x_wconf 82' lang='lat' dir='ltr'><strong>homini</strong></span> <span class='ocrx_word' id='word_1_65' title='bbox 1339 1087 1461 1151; x_wconf 92' lang='lat' dir='ltr'><strong>illi,</strong></span> <span class='ocrx_word' id='word_1_66' title='bbox 1512 1103 1604 1154; x_wconf 82' lang='lat' dir='ltr'><strong>per</strong></span> <span class='ocrx_word' id='word_1_67' title='bbox 1659 1102 1810 1155; x_wconf 78' lang='lat' dir='ltr'><strong>quem</strong></span> <span class='ocrx_word' id='word_1_68' title='bbox 1864 1086 1999 1138; x_wconf 80' lang='lat' dir='ltr'><strong>renit</strong></span> <span class='ocrx_word' id='word_1_69' title='bbox 2043 1084 2324 1151; x_wconf 52' lang='lat' dir='ltr'><strong>oﬂ‘endicun</strong></span> 
     </span>
    </p>
   </div>
   <div class='ocr_carea' id='block_1_12' title="bbox 722 1177 2317 1250">
    <p class='ocr_par' dir='ltr' id='par_1_12' title="bbox 722 1177 2317 1250">
     <span class='ocr_line' id='line_1_12' title="bbox 722 1177 2317 1250; baseline 0 -21"><span class='ocrx_word' id='word_1_70' title='bbox 722 1179 831 1231; x_wconf 82' lang='lat' dir='ltr'><strong>lum</strong></span> <span class='ocrx_word' id='word_1_71' title='bbox 856 1181 898 1209; x_wconf 79' lang='grc' dir='ltr'>’ί</span> <span class='ocrx_word' id='word_1_72' title='bbox 924 1195 936 1241; x_wconf 92' lang='grc'><strong>;</strong></span> <span class='ocrx_word' id='word_1_73' title='bbox 964 1189 1019 1232; x_wconf 91' lang='lat' dir='ltr'><strong>et</strong></span> <span class='ocrx_word' id='word_1_74' title='bbox 1038 1179 1090 1231; x_wconf 91' lang='lat' dir='ltr'><strong>in</strong></span> <span class='ocrx_word' id='word_1_75' title='bbox 1116 1194 1187 1233; x_wconf 93' lang='lat' dir='ltr'><strong>eo</strong></span> <span class='ocrx_word' id='word_1_76' title='bbox 1214 1179 1335 1250; x_wconf 89' lang='lat' dir='ltr'><strong>lege</strong></span> <span class='ocrx_word' id='word_1_77' title='bbox 1358 1179 1897 1248; x_wconf 90' lang='lat' dir='ltr'><strong>interpretationem,</strong></span> <span class='ocrx_word' id='word_1_78' title='bbox 1938 1191 2060 1246; x_wconf 66' lang='lat' dir='ltr'><strong>qua:</strong></span> <span class='ocrx_word' id='word_1_79' title='bbox 2091 1177 2317 1246; x_wconf 88' lang='lat' dir='ltr'><strong>pulchre</strong></span> 
     </span>
    </p>
   </div>
   <div class='ocr_carea' id='block_1_13' title="bbox 722 1274 1032 1342">
    <p class='ocr_par' dir='ltr' id='par_1_13' title="bbox 722 1274 1032 1342">
     <span class='ocr_line' id='line_1_13' title="bbox 722 1274 1032 1342; baseline 0 -16"><span class='ocrx_word' id='word_1_80' title='bbox 722 1274 898 1342; x_wconf 84' lang='lat' dir='ltr'><strong>posita</strong></span> <span class='ocrx_word' id='word_1_81' title='bbox 924 1283 1032 1327; x_wconf 86' lang='lat' dir='ltr'><strong>est.</strong></span> 
     </span>
    </p>
   </div>
   <div class='ocr_carea' id='block_1_14' title="bbox 790 1434 2310 1507">
    <p class='ocr_par' dir='ltr' id='par_1_14' title="bbox 790 1434 2310 1507">
     <span class='ocr_line' id='line_1_14' title="bbox 790 1434 2310 1507; baseline -0.005 -14"><span class='ocrx_word' id='word_1_82' title='bbox 790 1440 945 1493; x_wconf 72' lang='lat' dir='ltr'><strong>Vera.</strong></span> <span class='ocrx_word' id='word_1_83' title='bbox 982 1438 1037 1494; x_wconf 77' lang='grc'><strong>2.</strong></span> <span class='ocrx_word' id='word_1_84' title='bbox 1065 1438 1503 1507; x_wconf 70' lang='lat' dir='ltr'><strong>Expedit—istis.</strong></span> <span class='ocrx_word' id='word_1_85' title='bbox 1536 1437 1609 1489; x_wconf 90' lang='lat' dir='ltr'><strong>lbi</strong></span> <span class='ocrx_word' id='word_1_86' title='bbox 1636 1436 1804 1490; x_wconf 86' lang='lat' dir='ltr'><strong>etiam</strong></span> <span class='ocrx_word' id='word_1_87' title='bbox 1827 1436 1943 1489; x_wconf 61' lang='lat' dir='ltr'><strong>lia‘c</strong></span> <span class='ocrx_word' id='word_1_88' title='bbox 1984 1434 2147 1504; x_wconf 84' lang='lat' dir='ltr'><strong>paulo</strong></span> <span class='ocrx_word' id='word_1_89' title='bbox 2183 1443 2310 1487; x_wconf 82' lang='lat' dir='ltr'><strong>ante</strong></span> 
     </span>
    </p>
   </div>
   <div class='ocr_carea' id='block_1_15' title="bbox 717 1529 1637 1600">
    <p class='ocr_par' dir='ltr' id='par_1_15' title="bbox 717 1529 1637 1600">
     <span class='ocr_line' id='line_1_15' title="bbox 717 1529 1637 1600; baseline 0 -19"><span class='ocrx_word' id='word_1_90' title='bbox 717 1529 860 1583; x_wconf 83' lang='lat' dir='ltr'><strong>dicta</strong></span> <span class='ocrx_word' id='word_1_91' title='bbox 892 1538 1019 1583; x_wconf 88' lang='lat' dir='ltr'><strong>sunt</strong></span> <span class='ocrx_word' id='word_1_92' title='bbox 1040 1539 1091 1583; x_wconf 90' lang='lat' dir='ltr'><strong>et</strong></span> <span class='ocrx_word' id='word_1_93' title='bbox 1124 1538 1311 1600; x_wconf 85' lang='lat' dir='ltr'><strong>aperte</strong></span> <span class='ocrx_word' id='word_1_94' title='bbox 1336 1529 1637 1584; x_wconf 86' lang='lat' dir='ltr'><strong>declarata.</strong></span> 
     </span>
    </p>
   </div>
   <div class='ocr_carea' id='block_1_16' title="bbox 790 1619 2314 1689">
    <p class='ocr_par' dir='ltr' id='par_1_16' title="bbox 790 1619 2314 1689">
     <span class='ocr_line' id='line_1_16' title="bbox 790 1619 2314 1689; baseline 0.001 -17"><span class='ocrx_word' id='word_1_95' title='bbox 790 1620 944 1676; x_wconf 84' lang='lat' dir='ltr'><strong>Vers.</strong></span> <span class='ocrx_word' id='word_1_96' title='bbox 984 1623 1039 1676; x_wconf 78' lang='lat'><strong>5.</strong></span> <span class='ocrx_word' id='word_1_97' title='bbox 1076 1619 1267 1675; x_wconf 80' lang='lat' dir='ltr'><strong>Cavete</strong></span> <span class='ocrx_word' id='word_1_98' title='bbox 1300 1622 1440 1674; x_wconf 73' lang='lat' dir='ltr'><strong>vobis</strong></span> <span class='ocrx_word' id='word_1_99' title='bbox 1464 1620 1613 1689; x_wconf 90' lang='lat' dir='ltr'><strong>ipsis.</strong></span> <span class='ocrx_word' id='word_1_100' title='bbox 1640 1620 1863 1685; x_wconf 83' lang='lat' dir='ltr'><strong>Cavete,</strong></span> <span class='ocrx_word' id='word_1_101' title='bbox 1900 1635 1970 1674; x_wconf 89' lang='lat' dir='ltr'><strong>ne</strong></span> <span class='ocrx_word' id='word_1_102' title='bbox 2005 1635 2116 1689; x_wconf 90' lang='lat' dir='ltr'><strong>quo</strong></span> <span class='ocrx_word' id='word_1_103' title='bbox 2150 1621 2314 1675; x_wconf 89' lang='lat' dir='ltr'><strong>modo</strong></span> 
     </span>
    </p>
   </div>
   <div class='ocr_carea' id='block_1_17' title="bbox 716 1712 2304 1783">
    <p class='ocr_par' dir='ltr' id='par_1_17' title="bbox 716 1712 2304 1783">
     <span class='ocr_line' id='line_1_17' title="bbox 716 1712 2304 1783; baseline -0.001 -14"><span class='ocrx_word' id='word_1_104' title='bbox 716 1716 969 1782; x_wconf 83' lang='lat' dir='ltr'><strong>cuiquam</strong></span> <span class='ocrx_word' id='word_1_105' title='bbox 1026 1713 1146 1766; x_wconf 91' lang='lat' dir='ltr'><strong>sitis</strong></span> <span class='ocrx_word' id='word_1_106' title='bbox 1179 1712 1532 1773; x_wconf 80' lang='lat' dir='ltr'><strong>oﬂendiculo.</strong></span> <span class='ocrx_word' id='word_1_107' title='bbox 1568 1724 1663 1767; x_wconf 83' lang='lat' dir='ltr'><strong>aut</strong></span> <span class='ocrx_word' id='word_1_108' title='bbox 1698 1728 1728 1766; x_wconf 85' lang='lat' dir='ltr'><strong>a</strong></span> <span class='ocrx_word' id='word_1_109' title='bbox 1765 1727 2041 1783; x_wconf 85' lang='lat' dir='ltr'><strong>quoquam</strong></span> <span class='ocrx_word' id='word_1_110' title='bbox 2063 1712 2304 1767; x_wconf 74' lang='lat' dir='ltr'><strong>offendi-</strong></span> 
     </span>
    </p>
   </div>
   <div class='ocr_carea' id='block_1_18' title="bbox 715 1804 1238 1875">
    <p class='ocr_par' dir='ltr' id='par_1_18' title="bbox 715 1804 1238 1875">
     <span class='ocr_line' id='line_1_18' title="bbox 715 1804 1238 1875; baseline 0.002 -18"><span class='ocrx_word' id='word_1_111' title='bbox 715 1805 899 1858; x_wconf 83' lang='lat' dir='ltr'><strong>culum</strong></span> <span class='ocrx_word' id='word_1_112' title='bbox 930 1804 1238 1875; x_wconf 82' lang='lat' dir='ltr'><strong>patiamini.</strong></span> 
     </span>
    </p>
   </div>
   <div class='ocr_carea' id='block_1_19' title="bbox 793 1894 2314 1960">
    <p class='ocr_par' dir='ltr' id='par_1_19' title="bbox 793 1894 2314 1960">
     <span class='ocr_line' id='line_1_19' title="bbox 793 1894 2314 1960; baseline -0.001 -14"><span class='ocrx_word' id='word_1_113' title='bbox 793 1897 945 1950; x_wconf 79' lang='lat' dir='ltr'><strong>Vers.</strong></span> <span class='ocrx_word' id='word_1_114' title='bbox 982 1896 1036 1949; x_wconf 81' lang='lat'><strong>5.</strong></span> <span class='ocrx_word' id='word_1_115' title='bbox 1101 1894 1251 1960; x_wconf 85' lang='lat' dir='ltr'><strong>Quod</strong></span> <span class='ocrx_word' id='word_1_116' title='bbox 1299 1896 1343 1948; x_wconf 92' lang='lat' dir='ltr'><strong>si</strong></span> <span class='ocrx_word' id='word_1_117' title='bbox 1399 1924 1469 1936; x_wconf 93' lang='lat'><strong><em>—</em></strong></span> <span class='ocrx_word' id='word_1_118' title='bbox 1502 1894 1676 1947; x_wconf 77' lang='lat' dir='ltr'><strong>illum.</strong></span> <span class='ocrx_word' id='word_1_119' title='bbox 1728 1896 1994 1951; x_wconf 81' lang='lat' dir='ltr'><strong>Fraterne</strong></span> <span class='ocrx_word' id='word_1_120' title='bbox 2034 1897 2188 1950; x_wconf 86' lang='lat' dir='ltr'><strong>illum</strong></span> <span class='ocrx_word' id='word_1_121' title='bbox 2230 1895 2314 1949; x_wconf 84' lang='lat' dir='ltr'><strong>in-</strong></span> 
     </span>
    </p>
   </div>
   <div class='ocr_carea' id='block_1_20' title="bbox 714 1986 1758 2058">
    <p class='ocr_par' dir='ltr' id='par_1_20' title="bbox 714 1986 1758 2058">
     <span class='ocr_line' id='line_1_20' title="bbox 714 1986 1758 2058; baseline 0 -17"><span class='ocrx_word' id='word_1_122' title='bbox 714 2004 908 2058; x_wconf 87' lang='lat' dir='ltr'><strong>crepa,</strong></span> <span class='ocrx_word' id='word_1_123' title='bbox 937 1997 994 2040; x_wconf 81' lang='lat' dir='ltr'><strong>et</strong></span> <span class='ocrx_word' id='word_1_124' title='bbox 1037 2002 1193 2042; x_wconf 89' lang='lat' dir='ltr'><strong>more</strong></span> <span class='ocrx_word' id='word_1_125' title='bbox 1217 1988 1359 2057; x_wconf 88' lang='lat' dir='ltr'><strong>ejus,</strong></span> <span class='ocrx_word' id='word_1_126' title='bbox 1392 1987 1483 2056; x_wconf 91' lang='lat' dir='ltr'><strong>qui</strong></span> <span class='ocrx_word' id='word_1_127' title='bbox 1513 1986 1758 2057; x_wconf 78' lang='lat' dir='ltr'><strong>corrigit.</strong></span> 
     </span>
    </p>
   </div>
   <div class='ocr_carea' id='block_1_21' title="bbox 791 2077 2309 2149">
    <p class='ocr_par' dir='ltr' id='par_1_21' title="bbox 791 2077 2309 2149">
     <span class='ocr_line' id='line_1_21' title="bbox 791 2077 2309 2149; baseline 0.001 -17"><span class='ocrx_word' id='word_1_128' title='bbox 791 2078 943 2135; x_wconf 87' lang='lat' dir='ltr'><strong>Vcrs.</strong></span> <span class='ocrx_word' id='word_1_129' title='bbox 982 2081 1037 2135; x_wconf 77' lang='grc'><strong>5.</strong></span> <span class='ocrx_word' id='word_1_130' title='bbox 1076 2078 1144 2133; x_wconf 81' lang='lat' dir='ltr'><strong>Et</strong></span> <span class='ocrx_word' id='word_1_131' title='bbox 1164 2080 1233 2133; x_wconf 91' lang='lat' dir='ltr'><strong>sit</strong></span> <span class='ocrx_word' id='word_1_132' title='bbox 1273 2109 1344 2119; x_wconf 83' lang='lat'><strong>——</strong></span> <span class='ocrx_word' id='word_1_133' title='bbox 1393 2079 1498 2133; x_wconf 85' lang='lat' dir='ltr'><strong>illi.</strong></span> <span class='ocrx_word' id='word_1_134' title='bbox 1534 2077 1868 2133; x_wconf 72' lang='lat' dir='ltr'><strong>Pmnitentia</strong></span> <span class='ocrx_word' id='word_1_135' title='bbox 1916 2078 2066 2133; x_wconf 89' lang='lat' dir='ltr'><strong>enim</strong></span> <span class='ocrx_word' id='word_1_136' title='bbox 2095 2093 2309 2149; x_wconf 64' lang='lat' dir='ltr'><strong>prome«</strong></span> 
     </span>
    </p>
   </div>
   <div class='ocr_carea' id='block_1_22' title="bbox 718 2170 1556 2242">
    <p class='ocr_par' dir='ltr' id='par_1_22' title="bbox 718 2170 1556 2242">
     <span class='ocr_line' id='line_1_22' title="bbox 718 2170 1556 2242; baseline -0.001 -16"><span class='ocrx_word' id='word_1_137' title='bbox 718 2182 893 2234; x_wconf 88' lang='lat' dir='ltr'><strong>retur,</strong></span> <span class='ocrx_word' id='word_1_138' title='bbox 932 2181 991 2227; x_wconf 95' lang='lat' dir='ltr'><strong>ut</strong></span> <span class='ocrx_word' id='word_1_139' title='bbox 1020 2173 1238 2227; x_wconf 81' lang='lat' dir='ltr'><strong>veniam</strong></span> <span class='ocrx_word' id='word_1_140' title='bbox 1274 2170 1556 2242; x_wconf 78' lang='lat' dir='ltr'><strong>impetret.</strong></span> 
     </span>
    </p>
   </div>
   <div class='ocr_carea' id='block_1_23' title="bbox 793 2262 2309 2333">
    <p class='ocr_par' dir='ltr' id='par_1_23' title="bbox 793 2262 2309 2333">
     <span class='ocr_line' id='line_1_23' title="bbox 793 2262 2309 2333; baseline 0 -16"><span class='ocrx_word' id='word_1_141' title='bbox 793 2264 947 2320; x_wconf 85' lang='lat' dir='ltr'><strong>Vers.</strong></span> <span class='ocrx_word' id='word_1_142' title='bbox 978 2265 1033 2319; x_wconf 75' lang='grc'><strong>4.</strong></span> <span class='ocrx_word' id='word_1_143' title='bbox 1066 2263 1133 2317; x_wconf 87' lang='lat' dir='ltr'><strong>Et</strong></span> <span class='ocrx_word' id='word_1_144' title='bbox 1158 2265 1202 2317; x_wconf 89' lang='lat' dir='ltr'><strong>si</strong></span> <span class='ocrx_word' id='word_1_145' title='bbox 1227 2293 1299 2304; x_wconf 94' lang='lat'><strong>—-</strong></span> <span class='ocrx_word' id='word_1_146' title='bbox 1339 2265 1573 2317; x_wconf 77' lang='lat' dir='ltr'><strong>remittes</strong></span> <span class='ocrx_word' id='word_1_147' title='bbox 1599 2263 1702 2317; x_wconf 86' lang='lat' dir='ltr'><strong>illi.</strong></span> <span class='ocrx_word' id='word_1_148' title='bbox 1736 2262 1965 2333; x_wconf 89' lang='lat' dir='ltr'><strong>Oportet</strong></span> <span class='ocrx_word' id='word_1_149' title='bbox 2006 2262 2155 2318; x_wconf 91' lang='lat' dir='ltr'><strong>enim</strong></span> <span class='ocrx_word' id='word_1_150' title='bbox 2189 2277 2309 2324; x_wconf 86' lang='lat' dir='ltr'><strong>nos,</strong></span> 
     </span>
    </p>
   </div>
   <div class='ocr_carea' id='block_1_24' title="bbox 715 2357 2315 2431">
    <p class='ocr_par' dir='ltr' id='par_1_24' title="bbox 715 2357 2315 2431">
     <span class='ocr_line' id='line_1_24' title="bbox 715 2357 2315 2431; baseline -0.003 -17"><span class='ocrx_word' id='word_1_151' title='bbox 715 2361 806 2431; x_wconf 86' lang='lat' dir='ltr'><strong>qui</strong></span> <span class='ocrx_word' id='word_1_152' title='bbox 847 2358 1049 2413; x_wconf 90' lang='lat' dir='ltr'><strong>inﬁrmi</strong></span> <span class='ocrx_word' id='word_1_153' title='bbox 1093 2372 1287 2412; x_wconf 76' lang='lat' dir='ltr'><strong>sumus</strong></span> <span class='ocrx_word' id='word_1_154' title='bbox 1334 2366 1390 2411; x_wconf 89' lang='lat' dir='ltr'><strong>et</strong></span> <span class='ocrx_word' id='word_1_155' title='bbox 1424 2357 1816 2413; x_wconf 77' lang='lat' dir='ltr'><strong>allectionibus</strong></span> <span class='ocrx_word' id='word_1_156' title='bbox 1850 2358 2147 2421; x_wconf 79' lang='lat' dir='ltr'><strong>vincimur,</strong></span> <span class='ocrx_word' id='word_1_157' title='bbox 2184 2370 2315 2410; x_wconf 88' lang='lat' dir='ltr'><strong>con-</strong></span> 
     </span>
    </p>
   </div>
   <div class='ocr_carea' id='block_1_25' title="bbox 716 2449 2312 2521">
    <p class='ocr_par' dir='ltr' id='par_1_25' title="bbox 716 2449 2312 2521">
     <span class='ocr_line' id='line_1_25' title="bbox 716 2449 2312 2521; baseline -0.001 -17"><span class='ocrx_word' id='word_1_158' title='bbox 716 2456 903 2508; x_wconf 68' lang='lat' dir='ltr'><strong>dolere</strong></span> <span class='ocrx_word' id='word_1_159' title='bbox 962 2451 1049 2505; x_wconf 85' lang='lat' dir='ltr'><strong>his</strong></span> <span class='ocrx_word' id='word_1_160' title='bbox 1106 2451 1200 2521; x_wconf 93' lang='lat' dir='ltr'><strong>qui</strong></span> <span class='ocrx_word' id='word_1_161' title='bbox 1261 2450 1515 2505; x_wconf 74' lang='lat' dir='ltr'><strong>similiter</strong></span> <span class='ocrx_word' id='word_1_162' title='bbox 1552 2449 1734 2505; x_wconf 86' lang='lat' dir='ltr'><strong>allecti</strong></span> <span class='ocrx_word' id='word_1_163' title='bbox 1792 2460 1940 2505; x_wconf 92' lang='lat' dir='ltr'><strong>sunt.</strong></span> <span class='ocrx_word' id='word_1_164' title='bbox 1985 2450 2084 2504; x_wconf 84' lang='lat' dir='ltr'><strong>llic</strong></span> <span class='ocrx_word' id='word_1_165' title='bbox 2130 2460 2312 2503; x_wconf 90' lang='lat' dir='ltr'><strong>autem</strong></span> 
     </span>
    </p>
   </div>
   <div class='ocr_carea' id='block_1_26' title="bbox 717 2540 2309 2614">
    <p class='ocr_par' dir='ltr' id='par_1_26' title="bbox 717 2540 2309 2614">
     <span class='ocr_line' id='line_1_26' title="bbox 717 2540 2309 2614; baseline -0.004 -14"><span class='ocrx_word' id='word_1_166' title='bbox 717 2545 944 2614; x_wconf 79' lang='lat' dir='ltr'><strong>Septies,</strong></span> <span class='ocrx_word' id='word_1_167' title='bbox 980 2542 1122 2598; x_wconf 92' lang='lat' dir='ltr'><strong>idem</strong></span> <span class='ocrx_word' id='word_1_168' title='bbox 1156 2541 1427 2614; x_wconf 91' lang='lat' dir='ltr'><strong>signiﬁcat</strong></span> <span class='ocrx_word' id='word_1_169' title='bbox 1450 2542 1595 2611; x_wconf 90' lang='lat' dir='ltr'><strong>quod</strong></span> <span class='ocrx_word' id='word_1_170' title='bbox 1630 2540 2007 2612; x_wconf 85' lang='lat' dir='ltr'><strong>Frequenter;</strong></span> <span class='ocrx_word' id='word_1_171' title='bbox 2050 2542 2149 2596; x_wconf 84' lang='lat' dir='ltr'><strong>iIOC</strong></span> <span class='ocrx_word' id='word_1_172' title='bbox 2185 2551 2309 2596; x_wconf 84' lang='lat' dir='ltr'><strong>est:</strong></span> 
     </span>
    </p>
   </div>
   <div class='ocr_carea' id='block_1_27' title="bbox 715 2634 2313 2705">
    <p class='ocr_par' dir='ltr' id='par_1_27' title="bbox 715 2634 2313 2705">
     <span class='ocr_line' id='line_1_27' title="bbox 715 2634 2313 2705; baseline -0.002 -15"><span class='ocrx_word' id='word_1_173' title='bbox 715 2638 942 2703; x_wconf 80' lang='lat' dir='ltr'><strong>Quoties</strong></span> <span class='ocrx_word' id='word_1_174' title='bbox 975 2638 1027 2689; x_wconf 93' lang='lat' dir='ltr'><strong>in</strong></span> <span class='ocrx_word' id='word_1_175' title='bbox 1050 2636 1137 2689; x_wconf 87' lang='lat' dir='ltr'><strong>die</strong></span> <span class='ocrx_word' id='word_1_176' title='bbox 1160 2645 1285 2705; x_wconf 90' lang='lat' dir='ltr'><strong>post</strong></span> <span class='ocrx_word' id='word_1_177' title='bbox 1309 2644 1596 2705; x_wconf 88' lang='lat' dir='ltr'><strong>peccatum</strong></span> <span class='ocrx_word' id='word_1_178' title='bbox 1624 2634 1947 2705; x_wconf 79' lang='lat' dir='ltr'><strong>pmnituerit</strong></span> <span class='ocrx_word' id='word_1_179' title='bbox 1971 2649 2117 2695; x_wconf 82' lang='lat' dir='ltr'><strong>eum,</strong></span> <span class='ocrx_word' id='word_1_180' title='bbox 2149 2634 2313 2688; x_wconf 89' lang='lat' dir='ltr'><strong>toties</strong></span> 
     </span>
    </p>
   </div>
   <div class='ocr_carea' id='block_1_28' title="bbox 716 2727 2311 2798">
    <p class='ocr_par' dir='ltr' id='par_1_28' title="bbox 716 2727 2311 2798">
     <span class='ocr_line' id='line_1_28' title="bbox 716 2727 2311 2798; baseline -0.004 -11"><span class='ocrx_word' id='word_1_181' title='bbox 716 2734 938 2787; x_wconf 89' lang='lat' dir='ltr'><strong>remitte</strong></span> <span class='ocrx_word' id='word_1_182' title='bbox 977 2731 1094 2797; x_wconf 90' lang='lat' dir='ltr'><strong>illi;</strong></span> <span class='ocrx_word' id='word_1_183' title='bbox 1128 2741 1183 2786; x_wconf 92' lang='lat' dir='ltr'><strong>et</strong></span> <span class='ocrx_word' id='word_1_184' title='bbox 1236 2732 1308 2784; x_wconf 88' lang='lat' dir='ltr'><strong>ita</strong></span> <span class='ocrx_word' id='word_1_185' title='bbox 1355 2731 1498 2784; x_wconf 89' lang='lat' dir='ltr'><strong>idem</strong></span> <span class='ocrx_word' id='word_1_186' title='bbox 1544 2730 1773 2793; x_wconf 85' lang='lat' dir='ltr'><strong>indicat,</strong></span> <span class='ocrx_word' id='word_1_187' title='bbox 1810 2730 1956 2798; x_wconf 85' lang='lat' dir='ltr'><strong>quod</strong></span> <span class='ocrx_word' id='word_1_188' title='bbox 2001 2727 2311 2798; x_wconf 82' lang='lat' dir='ltr'><strong>Septuagies</strong></span> 
     </span>
    </p>
   </div>
   <div class='ocr_carea' id='block_1_29' title="bbox 712 2821 2313 2893">
    <p class='ocr_par' dir='ltr' id='par_1_29' title="bbox 712 2821 2313 2893">
     <span class='ocr_line' id='line_1_29' title="bbox 712 2821 2313 2893; baseline -0.004 -12"><span class='ocrx_word' id='word_1_189' title='bbox 712 2827 927 2893; x_wconf 77' lang='lat' dir='ltr'><strong>septies.</strong></span> <span class='ocrx_word' id='word_1_190' title='bbox 961 2824 1131 2879; x_wconf 81' lang='lat' dir='ltr'><strong>Aliter</strong></span> <span class='ocrx_word' id='word_1_191' title='bbox 1155 2824 1320 2878; x_wconf 91' lang='lat' dir='ltr'><strong>etiam</strong></span> <span class='ocrx_word' id='word_1_192' title='bbox 1356 2822 1595 2889; x_wconf 87' lang='lat' dir='ltr'><strong>:Septies</strong></span> <span class='ocrx_word' id='word_1_193' title='bbox 1621 2822 1842 2893; x_wconf 86' lang='lat' dir='ltr'><strong>quidem</strong></span> <span class='ocrx_word' id='word_1_194' title='bbox 1875 2821 1943 2876; x_wconf 90' lang='lat' dir='ltr'><strong>de</strong></span> <span class='ocrx_word' id='word_1_195' title='bbox 1977 2836 2313 2891; x_wconf 90' lang='lat' dir='ltr'><strong>unoquoque</strong></span> 
     </span>
    </p>
   </div>
   <div class='ocr_carea' id='block_1_30' title="bbox 714 2914 2310 2987">
    <p class='ocr_par' dir='ltr' id='par_1_30' title="bbox 714 2914 2310 2987">
     <span class='ocr_line' id='line_1_30' title="bbox 714 2914 2310 2987; baseline -0.004 -16"><span class='ocrx_word' id='word_1_196' title='bbox 714 2921 804 2971; x_wconf 70' lang='lat' dir='ltr'><strong>ille</strong></span> <span class='ocrx_word' id='word_1_197' title='bbox 836 2917 1045 2971; x_wconf 91' lang='lat' dir='ltr'><strong>dictum</strong></span> <span class='ocrx_word' id='word_1_198' title='bbox 1068 2927 1175 2979; x_wconf 90' lang='lat' dir='ltr'><strong>est,</strong></span> <span class='ocrx_word' id='word_1_199' title='bbox 1212 2914 1527 2987; x_wconf 73' lang='lat' dir='ltr'><strong>Septuagies</strong></span> <span class='ocrx_word' id='word_1_200' title='bbox 1552 2916 1742 2983; x_wconf 89' lang='lat' dir='ltr'><strong>septies</strong></span> <span class='ocrx_word' id='word_1_201' title='bbox 1786 2922 1993 2977; x_wconf 90' lang='lat' dir='ltr'><strong>autem,</strong></span> <span class='ocrx_word' id='word_1_202' title='bbox 2024 2914 2093 2968; x_wconf 89' lang='lat' dir='ltr'><strong>de</strong></span> <span class='ocrx_word' id='word_1_203' title='bbox 2130 2914 2310 2967; x_wconf 91' lang='lat' dir='ltr'><strong>omni-</strong></span> 
     </span>
    </p>
   </div>
   <div class='ocr_carea' id='block_1_31' title="bbox 717 3009 1037 3064">
    <p class='ocr_par' dir='ltr' id='par_1_31' title="bbox 717 3009 1037 3064">
     <span class='ocr_line' id='line_1_31' title="bbox 717 3009 1037 3064; baseline 0.003 -2"><span class='ocrx_word' id='word_1_204' title='bbox 717 3016 818 3064; x_wconf 74' lang='lat' dir='ltr'><strong>bus</strong></span> <span class='ocrx_word' id='word_1_205' title='bbox 845 3009 1037 3063; x_wconf 88' lang='lat' dir='ltr'><strong>simul.</strong></span> 
     </span>
    </p>
   </div>
   <div class='ocr_carea' id='block_1_32' title="bbox 789 3100 2310 3171">
    <p class='ocr_par' dir='ltr' id='par_1_32' title="bbox 789 3100 2310 3171">
     <span class='ocr_line' id='line_1_32' title="bbox 789 3100 2310 3171; baseline 0.002 -19"><span class='ocrx_word' id='word_1_206' title='bbox 789 3102 945 3157; x_wconf 75' lang='lat' dir='ltr'><strong>\‘ers.</strong></span> <span class='ocrx_word' id='word_1_207' title='bbox 980 3103 1032 3158; x_wconf 83' lang='lat'><strong>5.</strong></span> <span class='ocrx_word' id='word_1_208' title='bbox 1066 3100 1131 3155; x_wconf 87' lang='lat' dir='ltr'><strong>Et</strong></span> <span class='ocrx_word' id='word_1_209' title='bbox 1164 3131 1234 3145; x_wconf 86' lang='lat'><strong>—-</strong></span> <span class='ocrx_word' id='word_1_210' title='bbox 1263 3101 1438 3170; x_wconf 82' lang='lat' dir='ltr'><strong>ﬁdem.</strong></span> <span class='ocrx_word' id='word_1_211' title='bbox 1476 3102 1705 3171; x_wconf 79' lang='lat' dir='ltr'><strong>Appone</strong></span> <span class='ocrx_word' id='word_1_212' title='bbox 1741 3101 1814 3164; x_wconf 91' lang='lat' dir='ltr'><strong>ei,</strong></span> <span class='ocrx_word' id='word_1_213' title='bbox 1846 3116 2008 3170; x_wconf 89' lang='lat' dir='ltr'><strong>quam</strong></span> <span class='ocrx_word' id='word_1_214' title='bbox 2041 3100 2310 3155; x_wconf 85' lang='lat' dir='ltr'><strong>habemus</strong></span> 
     </span>
    </p>
   </div>
   <div class='ocr_carea' id='block_1_33' title="bbox 2430 611 3211 676">
    <p class='ocr_par' dir='ltr' id='par_1_33' title="bbox 2430 611 3211 676">
     <span class='ocr_line' id='line_1_33' title="bbox 2430 611 3211 676; baseline 0.004 -13"><span class='ocrx_word' id='word_1_215' title='bbox 2430 611 2635 676; x_wconf 77' lang='grc' dir='ltr'>μᾶλλον</span> <span class='ocrx_word' id='word_1_216' title='bbox 2660 612 2872 664; x_wconf 75' lang='grc' dir='ltr'><strong>ἀνελεῖν</strong></span> <span class='ocrx_word' id='word_1_217' title='bbox 2902 612 3211 666; x_wconf 73' lang='grc' dir='ltr'><strong>ἐϐούλοντο.</strong></span> 
     </span>
    </p>
   </div>
   <div class='ocr_carea' id='block_1_34' title="bbox 2494 699 4017 776">
    <p class='ocr_par' dir='ltr' id='par_1_34' title="bbox 2494 699 4017 776">
     <span class='ocr_line' id='line_1_34' title="bbox 2494 699 4017 776; baseline 0.002 -21"><span class='ocrx_word' id='word_1_218' title='bbox 2494 699 2642 758; x_wconf 70' lang='grc' dir='ltr'><strong>Εἶχε</strong></span> <span class='ocrx_word' id='word_1_219' title='bbox 2692 734 2763 745; x_wconf 88' lang='grc'><strong>--</strong></span> <span class='ocrx_word' id='word_1_220' title='bbox 2801 705 3061 774; x_wconf 73' lang='grc' dir='ltr'><strong>ἔρχεται.</strong></span> <span class='ocrx_word' id='word_1_221' title='bbox 3116 706 3464 759; x_wconf 70' lang='grc' dir='ltr'><strong>’Λνίνδεκτόν</strong></span> <span class='ocrx_word' id='word_1_222' title='bbox 3512 706 3683 770; x_wconf 75' lang='grc' dir='ltr'><strong>ἔστιν,</strong></span> <span class='ocrx_word' id='word_1_223' title='bbox 3739 705 3883 760; x_wconf 77' lang='grc' dir='ltr'><strong>ὥστε</strong></span> <span class='ocrx_word' id='word_1_224' title='bbox 3939 708 4017 776; x_wconf 72' lang='grc' dir='ltr'><strong>μὴ</strong></span> 
     </span>
    </p>
   </div>
   <div class='ocr_carea' id='block_1_35' title="bbox 2425 794 4009 866">
    <p class='ocr_par' dir='ltr' id='par_1_35' title="bbox 2425 794 4009 866">
     <span class='ocr_line' id='line_1_35' title="bbox 2425 794 4009 866; baseline 0.001 -20"><span class='ocrx_word' id='word_1_225' title='bbox 2425 794 2622 857; x_wconf 80' lang='grc' dir='ltr'><strong>ἐλθεῖν,</strong></span> <span class='ocrx_word' id='word_1_226' title='bbox 2678 797 2869 866; x_wconf 75' lang='grc' dir='ltr'>ἡγουν,</span> <span class='ocrx_word' id='word_1_227' title='bbox 2914 798 3218 864; x_wconf 74' lang='grc' dir='ltr'>ἀναγκαῖόν</span> <span class='ocrx_word' id='word_1_228' title='bbox 3266 800 3417 851; x_wconf 63' lang='grc' dir='ltr'><strong>ἔστιν</strong></span> <span class='ocrx_word' id='word_1_229' title='bbox 3466 798 3666 851; x_wconf 73' lang='grc' dir='ltr'>ἐλθεῖν.</span> <span class='ocrx_word' id='word_1_230' title='bbox 3701 798 3844 866; x_wconf 72' lang='grc' dir='ltr'><strong>Ἔφη</strong></span> <span class='ocrx_word' id='word_1_231' title='bbox 3893 797 4009 864; x_wconf 75' lang='grc' dir='ltr'><strong>γὰρ</strong></span> 
     </span>
    </p>
   </div>
   <div class='ocr_carea' id='block_1_36' title="bbox 2426 888 4016 958">
    <p class='ocr_par' dir='ltr' id='par_1_36' title="bbox 2426 888 4016 958">
     <span class='ocr_line' id='line_1_36' title="bbox 2426 888 4016 958; baseline 0.001 -20"><span class='ocrx_word' id='word_1_232' title='bbox 2426 888 2523 939; x_wconf 74' lang='grc' dir='ltr'>καὶ</span> <span class='ocrx_word' id='word_1_233' title='bbox 2576 889 2635 940; x_wconf 78' lang='grc' dir='ltr'><strong>ὲν</strong></span> <span class='ocrx_word' id='word_1_234' title='bbox 2672 889 2750 957; x_wconf 81' lang='grc' dir='ltr'><strong>τῷ</strong></span> <span class='ocrx_word' id='word_1_235' title='bbox 2782 890 3101 958; x_wconf 75' lang='grc' dir='ltr'><strong>τριακοστῷ</strong></span> <span class='ocrx_word' id='word_1_236' title='bbox 3136 888 3381 958; x_wconf 74' lang='grc' dir='ltr'><strong>ἑϐδόμῳ.</strong></span> <span class='ocrx_word' id='word_1_237' title='bbox 3410 888 3697 958; x_wconf 76' lang='grc' dir='ltr'><strong>κεφαλαίῳ</strong></span> <span class='ocrx_word' id='word_1_238' title='bbox 3728 888 3823 941; x_wconf 82' lang='grc' dir='ltr'><strong>τοῦ</strong></span> <span class='ocrx_word' id='word_1_239' title='bbox 3872 888 4016 941; x_wconf 65' lang='grc' dir='ltr'>κατὰ</span> 
     </span>
    </p>
   </div>
   <div class='ocr_carea' id='block_1_37' title="bbox 2425 978 4014 1049">
    <p class='ocr_par' dir='ltr' id='par_1_37' title="bbox 2425 978 4014 1049">
     <span class='ocr_line' id='line_1_37' title="bbox 2425 978 4014 1049; baseline 0 -18"><span class='ocrx_word' id='word_1_240' title='bbox 2425 978 2733 1032; x_wconf 76' lang='grc' dir='ltr'>Ματθαῖον·</span> <span class='ocrx_word' id='word_1_241' title='bbox 2768 982 2851 1033; x_wconf 86' lang='grc' dir='ltr'><strong>ὅτι</strong></span> <span class='ocrx_word' id='word_1_242' title='bbox 2885 981 3031 1034; x_wconf 76' lang='grc' dir='ltr'>Οὐαί</span> <span class='ocrx_word' id='word_1_243' title='bbox 3076 980 3155 1045; x_wconf 81' lang='grc' dir='ltr'><strong>τῷ</strong></span> <span class='ocrx_word' id='word_1_244' title='bbox 3179 982 3386 1049; x_wconf 75' lang='grc' dir='ltr'><strong>κόσμῳ</strong></span> <span class='ocrx_word' id='word_1_245' title='bbox 3412 981 3531 1034; x_wconf 70' lang='grc' dir='ltr'><strong>ἀπὸ</strong></span> <span class='ocrx_word' id='word_1_246' title='bbox 3572 978 3693 1033; x_wconf 76' lang='grc' dir='ltr'><strong>τῶν</strong></span> <span class='ocrx_word' id='word_1_247' title='bbox 3743 980 4014 1034; x_wconf 80' lang='grc' dir='ltr'><strong>σκανδὰ-</strong></span> 
     </span>
    </p>
   </div>
   <div class='ocr_carea' id='block_1_38' title="bbox 2421 1066 4010 1136">
    <p class='ocr_par' dir='ltr' id='par_1_38' title="bbox 2421 1066 4010 1136">
     <span class='ocr_line' id='line_1_38' title="bbox 2421 1066 4010 1136; baseline 0 -17"><span class='ocrx_word' id='word_1_248' title='bbox 2421 1069 2568 1119; x_wconf 65' lang='grc' dir='ltr'><em>λων.</em></span> <span class='ocrx_word' id='word_1_249' title='bbox 2611 1068 2860 1135; x_wconf 78' lang='grc' dir='ltr'><strong>Ἀνάγκη</strong></span> <span class='ocrx_word' id='word_1_250' title='bbox 2906 1068 3017 1136; x_wconf 76' lang='grc' dir='ltr'><strong>γάρ</strong></span> <span class='ocrx_word' id='word_1_251' title='bbox 3054 1071 3226 1121; x_wconf 80' lang='grc' dir='ltr'><strong>ἐστιν</strong></span> <span class='ocrx_word' id='word_1_252' title='bbox 3282 1066 3486 1121; x_wconf 71' lang='grc' dir='ltr'>ἐλθεῖν</span> <span class='ocrx_word' id='word_1_253' title='bbox 3513 1068 3584 1119; x_wconf 85' lang='grc' dir='ltr'><strong>τὰ</strong></span> <span class='ocrx_word' id='word_1_254' title='bbox 3645 1066 3967 1119; x_wconf 72' lang='grc' dir='ltr'><strong>σκάνδαλα</strong></span> <span class='ocrx_word' id='word_1_255' title='bbox 3997 1084 4010 1095; x_wconf 91' lang='grc'><strong>·</strong></span> 
     </span>
    </p>
   </div>
   <div class='ocr_carea' id='block_1_39' title="bbox 2424 1155 4014 1226">
    <p class='ocr_par' dir='ltr' id='par_1_39' title="bbox 2424 1155 4014 1226">
     <span class='ocr_line' id='line_1_39' title="bbox 2424 1155 4014 1226; baseline 0 -16"><span class='ocrx_word' id='word_1_256' title='bbox 2424 1158 2593 1224; x_wconf 72' lang='grc' dir='ltr'><em>πλὴν</em></span> <span class='ocrx_word' id='word_1_257' title='bbox 2626 1160 2761 1212; x_wconf 78' lang='grc' dir='ltr'>οὐαὶ</span> <span class='ocrx_word' id='word_1_258' title='bbox 2790 1158 2870 1223; x_wconf 85' lang='grc' dir='ltr'><strong>τῷ</strong></span> <span class='ocrx_word' id='word_1_259' title='bbox 2904 1160 3194 1226; x_wconf 76' lang='grc' dir='ltr'><strong>ἀνθρώπῳ</strong></span> <span class='ocrx_word' id='word_1_260' title='bbox 3229 1160 3462 1223; x_wconf 79' lang='grc' dir='ltr'>ἐκείνῳ,</span> <span class='ocrx_word' id='word_1_261' title='bbox 3522 1159 3597 1212; x_wconf 79' lang='grc' dir='ltr'><strong>δι’</strong></span> <span class='ocrx_word' id='word_1_262' title='bbox 3628 1155 3700 1214; x_wconf 87' lang='grc' dir='ltr'><strong>οὗ</strong></span> <span class='ocrx_word' id='word_1_263' title='bbox 3734 1160 3799 1211; x_wconf 81' lang='grc' dir='ltr'><strong>τὸ</strong></span> <span class='ocrx_word' id='word_1_264' title='bbox 3820 1160 4014 1211; x_wconf 76' lang='grc' dir='ltr'><strong>σκάν-</strong></span> 
     </span>
    </p>
   </div>
   <div class='ocr_carea' id='block_1_40' title="bbox 2422 1250 4012 1320">
    <p class='ocr_par' dir='ltr' id='par_1_40' title="bbox 2422 1250 4012 1320">
     <span class='ocr_line' id='line_1_40' title="bbox 2422 1250 4012 1320; baseline -0.002 -17"><span class='ocrx_word' id='word_1_265' title='bbox 2422 1250 2616 1305; x_wconf 74' lang='grc' dir='ltr'>δαλον</span> <span class='ocrx_word' id='word_1_266' title='bbox 2645 1252 2904 1320; x_wconf 75' lang='grc' dir='ltr'><strong>ἔρχεται.</strong></span> <span class='ocrx_word' id='word_1_267' title='bbox 2934 1253 3044 1305; x_wconf 82' lang='grc' dir='ltr'><strong>Καὶ</strong></span> <span class='ocrx_word' id='word_1_268' title='bbox 3073 1250 3353 1318; x_wconf 76' lang='grc' dir='ltr'><strong>ἀνάγνωθι</strong></span> <span class='ocrx_word' id='word_1_269' title='bbox 3386 1252 3445 1304; x_wconf 70' lang='grc' dir='ltr'><strong>ἐν</strong></span> <span class='ocrx_word' id='word_1_270' title='bbox 3480 1251 3679 1320; x_wconf 75' lang='grc' dir='ltr'>ἐκείνῳ</span> <span class='ocrx_word' id='word_1_271' title='bbox 3703 1251 3802 1320; x_wconf 75' lang='grc' dir='ltr'><strong>τὴν</strong></span> <span class='ocrx_word' id='word_1_272' title='bbox 3834 1251 4012 1318; x_wconf 75' lang='grc' dir='ltr'><strong>ἑρμη-</strong></span> 
     </span>
    </p>
   </div>
   <div class='ocr_carea' id='block_1_41' title="bbox 2420 1342 2982 1413">
    <p class='ocr_par' dir='ltr' id='par_1_41' title="bbox 2420 1342 2982 1413">
     <span class='ocr_line' id='line_1_41' title="bbox 2420 1342 2982 1413; baseline 0.004 -17"><span class='ocrx_word' id='word_1_273' title='bbox 2420 1345 2593 1409; x_wconf 83' lang='grc' dir='ltr'>νείαν,</span> <span class='ocrx_word' id='word_1_274' title='bbox 2630 1342 2688 1397; x_wconf 70' lang='grc' dir='ltr'>εὖ</span> <span class='ocrx_word' id='word_1_275' title='bbox 2726 1345 2982 1413; x_wconf 84' lang='grc' dir='ltr'>ἔχουσαν.</span> 
     </span>
    </p>
   </div>
   <div class='ocr_carea' id='block_1_42' title="bbox 2492 1432 4014 1501">
    <p class='ocr_par' dir='ltr' id='par_1_42' title="bbox 2492 1432 4014 1501">
     <span class='ocr_line' id='line_1_42' title="bbox 2492 1432 4014 1501; baseline -0.004 -12"><span class='ocrx_word' id='word_1_276' title='bbox 2492 1436 2818 1489; x_wconf 72' lang='grc' dir='ltr'>Λυσιτελεῖ</span> <span class='ocrx_word' id='word_1_277' title='bbox 2841 1465 2913 1476; x_wconf 86' lang='lat'><strong>-—</strong></span> <span class='ocrx_word' id='word_1_278' title='bbox 2941 1436 3187 1489; x_wconf 80' lang='grc' dir='ltr'><strong>τούτων.</strong></span> <span class='ocrx_word' id='word_1_279' title='bbox 3256 1434 3410 1487; x_wconf 79' lang='grc' dir='ltr'>Ἐκεῖ</span> <span class='ocrx_word' id='word_1_280' title='bbox 3452 1434 3549 1486; x_wconf 76' lang='grc' dir='ltr'>καὶ</span> <span class='ocrx_word' id='word_1_281' title='bbox 3580 1432 3757 1485; x_wconf 90' lang='grc' dir='ltr'>ταῦτα</span> <span class='ocrx_word' id='word_1_282' title='bbox 3791 1433 4014 1501; x_wconf 76' lang='grc' dir='ltr'><strong>εἴρηται</strong></span> 
     </span>
    </p>
   </div>
   <div class='ocr_carea' id='block_1_43' title="bbox 2422 1525 3740 1597">
    <p class='ocr_par' dir='ltr' id='par_1_43' title="bbox 2422 1525 3740 1597">
     <span class='ocr_line' id='line_1_43' title="bbox 2422 1525 3740 1597; baseline -0.003 -16"><span class='ocrx_word' id='word_1_283' title='bbox 2422 1526 2623 1597; x_wconf 81' lang='grc' dir='ltr'><strong>μικρὸν</strong></span> <span class='ocrx_word' id='word_1_284' title='bbox 2653 1528 2949 1596; x_wconf 73' lang='grc' dir='ltr'><strong>ἀνωτέρω,</strong></span> <span class='ocrx_word' id='word_1_285' title='bbox 2980 1528 3074 1580; x_wconf 77' lang='grc' dir='ltr'>καὶ</span> <span class='ocrx_word' id='word_1_286' title='bbox 3100 1525 3289 1593; x_wconf 73' lang='grc' dir='ltr'>σαφῶς</span> <span class='ocrx_word' id='word_1_287' title='bbox 3318 1526 3740 1596; x_wconf 82' lang='grc' dir='ltr'><strong>διηρμήνευται.</strong></span> 
     </span>
    </p>
   </div>
   <div class='ocr_carea' id='block_1_44' title="bbox 2436 1617 4015 1693">
    <p class='ocr_par' dir='ltr' id='par_1_44' title="bbox 2436 1617 4015 1693">
     <span class='ocr_line' id='line_1_44' title="bbox 2436 1617 4015 1693; baseline -0.004 -22"><span class='ocrx_word' id='word_1_288' title='bbox 2436 1675 2450 1693; x_wconf 48' lang='lat'><em>.</em></span> <span class='ocrx_word' id='word_1_289' title='bbox 2492 1618 2831 1687; x_wconf 71' lang='grc' dir='ltr'><strong>Προσέχετε</strong></span> <span class='ocrx_word' id='word_1_290' title='bbox 2875 1617 3137 1683; x_wconf 75' lang='grc' dir='ltr'>ἑαυτοῖς.</span> <span class='ocrx_word' id='word_1_291' title='bbox 3191 1618 3522 1687; x_wconf 74' lang='grc' dir='ltr'><strong>Προσέχετε,</strong></span> <span class='ocrx_word' id='word_1_292' title='bbox 3582 1618 3795 1685; x_wconf 79' lang='grc' dir='ltr'><strong>μήποτε</strong></span> <span class='ocrx_word' id='word_1_293' title='bbox 3849 1632 4015 1667; x_wconf 83' lang='grc' dir='ltr'>σκαν-</span> 
     </span>
    </p>
   </div>
   <div class='ocr_carea' id='block_1_45' title="bbox 2419 1703 3791 1775">
    <p class='ocr_par' dir='ltr' id='par_1_45' title="bbox 2419 1703 3791 1775">
     <span class='ocr_line' id='line_1_45' title="bbox 2419 1703 3791 1775; baseline -0.003 -16"><span class='ocrx_word' id='word_1_294' title='bbox 2419 1706 2681 1775; x_wconf 73' lang='grc' dir='ltr'><strong>δαλίσητέ</strong></span> <span class='ocrx_word' id='word_1_295' title='bbox 2716 1706 2959 1775; x_wconf 76' lang='grc' dir='ltr'><strong>τινας,ῆ</strong></span> <span class='ocrx_word' id='word_1_296' title='bbox 2995 1704 3441 1772; x_wconf 69' lang='grc' dir='ltr'><strong>σκανδαλισθῆτε</strong></span> <span class='ocrx_word' id='word_1_297' title='bbox 3476 1703 3582 1756; x_wconf 81' lang='grc' dir='ltr'><strong>ὑπό</strong></span> <span class='ocrx_word' id='word_1_298' title='bbox 3606 1721 3791 1756; x_wconf 88' lang='grc' dir='ltr'><strong>τινων.</strong></span> 
     </span>
    </p>
   </div>
   <div class='ocr_carea' id='block_1_46' title="bbox 2504 1892 4012 1963">
    <p class='ocr_par' dir='ltr' id='par_1_46' title="bbox 2504 1892 4012 1963">
     <span class='ocr_line' id='line_1_46' title="bbox 2504 1892 4012 1963; baseline -0.002 -18"><span class='ocrx_word' id='word_1_299' title='bbox 2504 1893 2642 1947; x_wconf 79' lang='grc' dir='ltr'><strong>Ἐὰν</strong></span> <span class='ocrx_word' id='word_1_300' title='bbox 2668 1893 2737 1947; x_wconf 78' lang='grc' dir='ltr'><strong>δὲ</strong></span> <span class='ocrx_word' id='word_1_301' title='bbox 2761 1892 3033 1959; x_wconf 74' lang='grc' dir='ltr'><strong>-αὺτῷ.</strong></span> <span class='ocrx_word' id='word_1_302' title='bbox 3076 1892 3413 1963; x_wconf 79' lang='grc' dir='ltr'><strong>Ἐπίπληξον</strong></span> <span class='ocrx_word' id='word_1_303' title='bbox 3456 1892 3769 1961; x_wconf 76' lang='grc' dir='ltr'>ἀδελφικῶς</span> <span class='ocrx_word' id='word_1_304' title='bbox 3801 1908 3859 1943; x_wconf 77' lang='grc' dir='ltr'>τε</span> <span class='ocrx_word' id='word_1_305' title='bbox 3915 1906 4012 1943; x_wconf 84' lang='grc' dir='ltr'>και</span> 
     </span>
    </p>
   </div>
   <div class='ocr_carea' id='block_1_47' title="bbox 2416 1986 2810 2056">
    <p class='ocr_par' dir='ltr' id='par_1_47' title="bbox 2416 1986 2810 2056">
     <span class='ocr_line' id='line_1_47' title="bbox 2416 1986 2810 2056; baseline 0 -17"><span class='ocrx_word' id='word_1_306' title='bbox 2416 1986 2810 2056; x_wconf 79' lang='grc' dir='ltr'><strong>διορθωτικῶς.</strong></span> 
     </span>
    </p>
   </div>
   <div class='ocr_carea' id='block_1_48' title="bbox 2491 2075 4014 2148">
    <p class='ocr_par' dir='ltr' id='par_1_48' title="bbox 2491 2075 4014 2148">
     <span class='ocr_line' id='line_1_48' title="bbox 2491 2075 4014 2148; baseline -0.003 -15"><span class='ocrx_word' id='word_1_307' title='bbox 2491 2080 2598 2133; x_wconf 80' lang='grc' dir='ltr'>Καί</span> <span class='ocrx_word' id='word_1_308' title='bbox 2632 2080 2741 2133; x_wconf 72' lang='grc' dir='ltr'><strong>ἐὰν</strong></span> <span class='ocrx_word' id='word_1_309' title='bbox 2766 2111 2838 2120; x_wconf 94' lang='grc'><strong>-</strong></span> <span class='ocrx_word' id='word_1_310' title='bbox 2868 2075 3053 2143; x_wconf 80' lang='grc' dir='ltr'><strong>αὐτῷ.</strong></span> <span class='ocrx_word' id='word_1_311' title='bbox 3119 2078 3185 2130; x_wconf 84' lang='grc' dir='ltr'><strong>Ἦ</strong></span> <span class='ocrx_word' id='word_1_312' title='bbox 3224 2077 3488 2147; x_wconf 77' lang='grc' dir='ltr'><strong>μετάνοια</strong></span> <span class='ocrx_word' id='word_1_313' title='bbox 3526 2075 3637 2148; x_wconf 86' lang='grc' dir='ltr'><strong>γὰρ</strong></span> <span class='ocrx_word' id='word_1_314' title='bbox 3692 2075 3821 2141; x_wconf 80' lang='grc' dir='ltr'>ἀξία</span> <span class='ocrx_word' id='word_1_315' title='bbox 3876 2092 4014 2143; x_wconf 80' lang='grc' dir='ltr'><strong>συγ-</strong></span> 
     </span>
    </p>
   </div>
   <div class='ocr_carea' id='block_1_49' title="bbox 2418 2172 2666 2245">
    <p class='ocr_par' dir='ltr' id='par_1_49' title="bbox 2418 2172 2666 2245">
     <span class='ocr_line' id='line_1_49' title="bbox 2418 2172 2666 2245; baseline 0.012 -4"><span class='ocrx_word' id='word_1_316' title='bbox 2418 2172 2666 2245; x_wconf 75' lang='grc' dir='ltr'><strong>γνώμηςο</strong></span> 
     </span>
    </p>
   </div>
   <div class='ocr_carea' id='block_1_50' title="bbox 2488 2262 4012 2334">
    <p class='ocr_par' dir='ltr' id='par_1_50' title="bbox 2488 2262 4012 2334">
     <span class='ocr_line' id='line_1_50' title="bbox 2488 2262 4012 2334; baseline -0.007 -11"><span class='ocrx_word' id='word_1_317' title='bbox 2488 2269 2597 2323; x_wconf 78' lang='grc' dir='ltr'><strong>Καὶ</strong></span> <span class='ocrx_word' id='word_1_318' title='bbox 2646 2267 2757 2319; x_wconf 78' lang='grc' dir='ltr'><strong>ἐὰν</strong></span> <span class='ocrx_word' id='word_1_319' title='bbox 2789 2296 2857 2307; x_wconf 89' lang='grc'><strong><em>-</em></strong></span> <span class='ocrx_word' id='word_1_320' title='bbox 2891 2265 3153 2334; x_wconf 69' lang='grc' dir='ltr'><strong>ἀφήσεις</strong></span> <span class='ocrx_word' id='word_1_321' title='bbox 3202 2262 3383 2328; x_wconf 78' lang='grc' dir='ltr'><strong>αὐτῷ.</strong></span> <span class='ocrx_word' id='word_1_322' title='bbox 3436 2265 3533 2317; x_wconf 79' lang='grc' dir='ltr'>Δεῖ</span> <span class='ocrx_word' id='word_1_323' title='bbox 3576 2263 3687 2331; x_wconf 69' lang='grc' dir='ltr'><strong>γὰρ</strong></span> <span class='ocrx_word' id='word_1_324' title='bbox 3723 2264 3912 2333; x_wconf 76' lang='grc' dir='ltr'><strong>ἡμᾶς,</strong></span> <span class='ocrx_word' id='word_1_325' title='bbox 3951 2264 4012 2314; x_wconf 81' lang='grc' dir='ltr'><strong>ὲν</strong></span> 
     </span>
    </p>
   </div>
   <div class='ocr_carea' id='block_1_51' title="bbox 2416 2355 4011 2428">
    <p class='ocr_par' dir='ltr' id='par_1_51' title="bbox 2416 2355 4011 2428">
     <span class='ocr_line' id='line_1_51' title="bbox 2416 2355 4011 2428; baseline -0.004 -13"><span class='ocrx_word' id='word_1_326' title='bbox 2416 2360 2726 2421; x_wconf 78' lang='grc' dir='ltr'><strong>ἀσθενείαις</strong></span> <span class='ocrx_word' id='word_1_327' title='bbox 2757 2360 2921 2421; x_wconf 77' lang='grc' dir='ltr'>ὄντας</span> <span class='ocrx_word' id='word_1_328' title='bbox 2961 2358 3060 2411; x_wconf 60' lang='grc' dir='ltr'>καὶ</span> <span class='ocrx_word' id='word_1_329' title='bbox 3100 2356 3463 2428; x_wconf 81' lang='grc' dir='ltr'><strong>ἡττωμένους</strong></span> <span class='ocrx_word' id='word_1_330' title='bbox 3495 2355 3711 2421; x_wconf 80' lang='grc' dir='ltr'>παθῶν,</span> <span class='ocrx_word' id='word_1_331' title='bbox 3761 2356 4011 2425; x_wconf 66' lang='grc' dir='ltr'><strong>ἐπικάμ-</strong></span> 
     </span>
    </p>
   </div>
   <div class='ocr_carea' id='block_1_52' title="bbox 2416 2440 4014 2523">
    <p class='ocr_par' dir='ltr' id='par_1_52' title="bbox 2416 2440 4014 2523">
     <span class='ocr_line' id='line_1_52' title="bbox 2416 2440 4014 2523; baseline -0.006 -13"><span class='ocrx_word' id='word_1_332' title='bbox 2416 2456 2652 2510; x_wconf 85' lang='grc' dir='ltr'>πτεσθαι</span> <span class='ocrx_word' id='word_1_333' title='bbox 2713 2456 2829 2517; x_wconf 82' lang='grc' dir='ltr'>τοῖς</span> <span class='ocrx_word' id='word_1_334' title='bbox 2889 2453 3091 2523; x_wconf 82' lang='grc' dir='ltr'>ὁμοίως</span> <span class='ocrx_word' id='word_1_335' title='bbox 3150 2452 3461 2520; x_wconf 80' lang='grc' dir='ltr'><strong>πάσχουσι.</strong></span> <span class='ocrx_word' id='word_1_336' title='bbox 3500 2440 3575 2503; x_wconf 70' lang='grc' dir='ltr'><strong>τὸ</strong></span> <span class='ocrx_word' id='word_1_337' title='bbox 3625 2450 3680 2501; x_wconf 72' lang='grc' dir='ltr'><strong>δὲ</strong></span> <span class='ocrx_word' id='word_1_338' title='bbox 3724 2447 4014 2514; x_wconf 73' lang='grc' dir='ltr'><strong>Ἐπτάκις</strong></span> 
     </span>
    </p>
   </div>
   <div class='ocr_carea' id='block_1_53' title="bbox 2418 2542 4012 2615">
    <p class='ocr_par' dir='ltr' id='par_1_53' title="bbox 2418 2542 4012 2615">
     <span class='ocr_line' id='line_1_53' title="bbox 2418 2542 4012 2615; baseline -0.007 -12"><span class='ocrx_word' id='word_1_339' title='bbox 2418 2550 2678 2613; x_wconf 77' lang='grc' dir='ltr'><strong>ἐνταῦθα,</strong></span> <span class='ocrx_word' id='word_1_340' title='bbox 2735 2549 2795 2601; x_wconf 87' lang='grc' dir='ltr'><strong>τδ</strong></span> <span class='ocrx_word' id='word_1_341' title='bbox 2846 2547 3121 2608; x_wconf 77' lang='grc' dir='ltr'><strong>Πολλάκις</strong></span> <span class='ocrx_word' id='word_1_342' title='bbox 3173 2545 3347 2615; x_wconf 83' lang='grc' dir='ltr'>δηλοῖ,</span> <span class='ocrx_word' id='word_1_343' title='bbox 3410 2543 3718 2604; x_wconf 81' lang='grc' dir='ltr'><strong>τουτέστιν,</strong></span> <span class='ocrx_word' id='word_1_344' title='bbox 3784 2542 4012 2603; x_wconf 75' lang='grc' dir='ltr'>Ὁσάκις</span> 
     </span>
    </p>
   </div>
   <div class='ocr_carea' id='block_1_54' title="bbox 2414 2636 4011 2713">
    <p class='ocr_par' dir='ltr' id='par_1_54' title="bbox 2414 2636 4011 2713">
     <span class='ocr_line' id='line_1_54' title="bbox 2414 2636 4011 2713; baseline -0.005 -18"><span class='ocrx_word' id='word_1_345' title='bbox 2414 2646 2517 2713; x_wconf 83' lang='grc' dir='ltr'><strong>τῆς</strong></span> <span class='ocrx_word' id='word_1_346' title='bbox 2582 2642 2801 2711; x_wconf 70' lang='grc' dir='ltr'><strong>ἡμέρας</strong></span> <span class='ocrx_word' id='word_1_347' title='bbox 2876 2640 3211 2710; x_wconf 79' lang='grc' dir='ltr'><strong>ἁμαρτήσας</strong></span> <span class='ocrx_word' id='word_1_348' title='bbox 3268 2640 3623 2710; x_wconf 78' lang='grc' dir='ltr'><strong>μετανοήσῃ,</strong></span> <span class='ocrx_word' id='word_1_349' title='bbox 3678 2636 4011 2698; x_wconf 79' lang='grc' dir='ltr'><strong>τοσαυτάκις</strong></span> 
     </span>
    </p>
   </div>
   <div class='ocr_carea' id='block_1_55' title="bbox 2416 2728 4011 2804">
    <p class='ocr_par' dir='ltr' id='par_1_55' title="bbox 2416 2728 4011 2804">
     <span class='ocr_line' id='line_1_55' title="bbox 2416 2728 4011 2804; baseline -0.006 -16"><span class='ocrx_word' id='word_1_350' title='bbox 2416 2736 2555 2804; x_wconf 75' lang='grc' dir='ltr'>ἄφες</span> <span class='ocrx_word' id='word_1_351' title='bbox 2587 2734 2763 2803; x_wconf 83' lang='grc' dir='ltr'><strong>αὐτῷ.</strong></span> <span class='ocrx_word' id='word_1_352' title='bbox 2798 2734 2911 2786; x_wconf 72' lang='grc' dir='ltr'><strong>Καὶ</strong></span> <span class='ocrx_word' id='word_1_353' title='bbox 2947 2732 3091 2785; x_wconf 80' lang='grc' dir='ltr'><strong>οὕτω</strong></span> <span class='ocrx_word' id='word_1_354' title='bbox 3118 2731 3338 2802; x_wconf 81' lang='grc' dir='ltr'><strong>συνᾴδει</strong></span> <span class='ocrx_word' id='word_1_355' title='bbox 3360 2733 3423 2785; x_wconf 80' lang='grc' dir='ltr'><strong>τὸ</strong></span> <span class='ocrx_word' id='word_1_356' title='bbox 3464 2728 4011 2799; x_wconf 74' lang='grc' dir='ltr'><strong>Ἑϐδομηκοντάκις</strong></span> 
     </span>
    </p>
   </div>
   <div class='ocr_carea' id='block_1_56' title="bbox 2415 2821 4010 2895">
    <p class='ocr_par' dir='ltr' id='par_1_56' title="bbox 2415 2821 4010 2895">
     <span class='ocr_line' id='line_1_56' title="bbox 2415 2821 4010 2895; baseline -0.006 -13"><span class='ocrx_word' id='word_1_357' title='bbox 2415 2828 2587 2883; x_wconf 72' lang='grc' dir='ltr'><strong>ἑπτά.</strong></span> <span class='ocrx_word' id='word_1_358' title='bbox 2646 2826 2861 2888; x_wconf 82' lang='grc' dir='ltr'>Ἀλλως</span> <span class='ocrx_word' id='word_1_359' title='bbox 2902 2842 2985 2890; x_wconf 79' lang='grc' dir='ltr'><strong>τι,</strong></span> <span class='ocrx_word' id='word_1_360' title='bbox 3040 2825 3101 2877; x_wconf 78' lang='grc' dir='ltr'>τὸ</span> <span class='ocrx_word' id='word_1_361' title='bbox 3135 2824 3236 2895; x_wconf 76' lang='grc' dir='ltr'><strong>μὲν</strong></span> <span class='ocrx_word' id='word_1_362' title='bbox 3269 2824 3540 2889; x_wconf 75' lang='grc' dir='ltr'><strong>ἐπτᾶκις,</strong></span> <span class='ocrx_word' id='word_1_363' title='bbox 3587 2824 3672 2891; x_wconf 68' lang='grc' dir='ltr'><strong>ἐφ’</strong></span> <span class='ocrx_word' id='word_1_364' title='bbox 3730 2821 4010 2888; x_wconf 78' lang='grc' dir='ltr'><strong>Ἐκάσττις</strong></span> 
     </span>
    </p>
   </div>
   <div class='ocr_carea' id='block_1_57' title="bbox 2415 2912 4009 2990">
    <p class='ocr_par' dir='ltr' id='par_1_57' title="bbox 2415 2912 4009 2990">
     <span class='ocr_line' id='line_1_57' title="bbox 2415 2912 4009 2990; baseline -0.006 -17"><span class='ocrx_word' id='word_1_365' title='bbox 2415 2921 2632 2990; x_wconf 76' lang='grc' dir='ltr'>ἡμέρας</span> <span class='ocrx_word' id='word_1_366' title='bbox 2693 2919 2948 2990; x_wconf 77' lang='grc' dir='ltr'><strong>ιῖρηται·</strong></span> <span class='ocrx_word' id='word_1_367' title='bbox 3015 2918 3078 2971; x_wconf 79' lang='grc' dir='ltr'><strong>τὸ</strong></span> <span class='ocrx_word' id='word_1_368' title='bbox 3124 2917 3183 2971; x_wconf 80' lang='grc' dir='ltr'><strong>δὲ</strong></span> <span class='ocrx_word' id='word_1_369' title='bbox 3230 2915 3773 2987; x_wconf 71' lang='grc' dir='ltr'><strong>Ἑϐδομηκοντάκις</strong></span> <span class='ocrx_word' id='word_1_370' title='bbox 3814 2912 4009 2976; x_wconf 62' lang='lat' dir='ltr'><strong>tam,</strong></span> 
     </span>
    </p>
   </div>
   <div class='ocr_carea' id='block_1_58' title="bbox 2417 3014 2791 3085">
    <p class='ocr_par' dir='ltr' id='par_1_58' title="bbox 2417 3014 2791 3085">
     <span class='ocr_line' id='line_1_58' title="bbox 2417 3014 2791 3085; baseline 0 -19"><span class='ocrx_word' id='word_1_371' title='bbox 2417 3014 2553 3085; x_wconf 77' lang='grc' dir='ltr'>πρὸς</span> <span class='ocrx_word' id='word_1_372' title='bbox 2584 3014 2791 3076; x_wconf 83' lang='grc' dir='ltr'><strong>πάσας.</strong></span> 
     </span>
    </p>
   </div>
   <div class='ocr_carea' id='block_1_59' title="bbox 2486 3094 4010 3175">
    <p class='ocr_par' dir='ltr' id='par_1_59' title="bbox 2486 3094 4010 3175">
     <span class='ocr_line' id='line_1_59' title="bbox 2486 3094 4010 3175; baseline -0.009 -15"><span class='ocrx_word' id='word_1_373' title='bbox 2486 3106 2598 3161; x_wconf 82' lang='grc' dir='ltr'>Καί</span> <span class='ocrx_word' id='word_1_374' title='bbox 2633 3136 2703 3146; x_wconf 90' lang='grc'><strong><em>-</em></strong></span> <span class='ocrx_word' id='word_1_375' title='bbox 2733 3105 2964 3158; x_wconf 76' lang='grc' dir='ltr'><strong>πίστιν.</strong></span> <span class='ocrx_word' id='word_1_376' title='bbox 3002 3102 3272 3173; x_wconf 83' lang='grc' dir='ltr'>Πρόσθες.</span> <span class='ocrx_word' id='word_1_377' title='bbox 3372 3100 3595 3170; x_wconf 83' lang='grc' dir='ltr'><strong>ἔχομεν,</strong></span> <span class='ocrx_word' id='word_1_378' title='bbox 3646 3098 3748 3165; x_wconf 83' lang='grc' dir='ltr'><strong>τὴν</strong></span> <span class='ocrx_word' id='word_1_379' title='bbox 3784 3096 4010 3148; x_wconf 67' lang='grc' dir='ltr'>λείπου-</span> 
     </span>
    </p>
   </div>
   <div class='ocr_carea' id='block_1_60' title="bbox 711 3188 2463 3270">
    <p class='ocr_par' dir='ltr' id='par_1_60' title="bbox 711 3191 2463 3264">
     <span class='ocr_line' id='line_1_60' title="bbox 711 3191 2463 3264; baseline -0.004 -13"><span class='ocrx_word' id='word_1_380' title='bbox 711 3196 1061 3251; x_wconf 72' lang='grc' dir='ltr'><strong>ιῑείὶοὶοηιεηι</strong></span> <span class='ocrx_word' id='word_1_381' title='bbox 1094 3212 1105 3248; x_wconf 90' lang='lat'>:</span> <span class='ocrx_word' id='word_1_382' title='bbox 1144 3194 1260 3249; x_wconf 76' lang='lat' dir='ltr'><strong>sive</strong></span> <span class='ocrx_word' id='word_1_383' title='bbox 1297 3194 1498 3263; x_wconf 86' lang='lat' dir='ltr'><strong>perﬁce</strong></span> <span class='ocrx_word' id='word_1_384' title='bbox 1531 3194 1583 3246; x_wconf 93' lang='lat' dir='ltr'><strong>in</strong></span> <span class='ocrx_word' id='word_1_385' title='bbox 1618 3194 1777 3247; x_wconf 83' lang='lat' dir='ltr'><strong>nobis</strong></span> <span class='ocrx_word' id='word_1_386' title='bbox 1813 3191 1973 3246; x_wconf 84' lang='lat' dir='ltr'><strong>ﬁdem</strong></span> <span class='ocrx_word' id='word_1_387' title='bbox 2004 3208 2126 3261; x_wconf 68' lang='lat' dir='ltr'><strong>qua:</strong></span> <span class='ocrx_word' id='word_1_388' title='bbox 2166 3201 2222 3245; x_wconf 90' lang='lat' dir='ltr'><strong>et</strong></span> <span class='ocrx_word' id='word_1_389' title='bbox 2255 3193 2306 3245; x_wconf 92' lang='lat' dir='ltr'><strong>in</strong></span> <span class='ocrx_word' id='word_1_390' title='bbox 2338 3203 2384 3264; x_wconf 75' lang='grc' dir='ltr'>ο</span> <span class='ocrx_word' id='word_1_391' title='bbox 2420 3220 2463 3255; x_wconf 68' lang='grc' dir='ltr'><strong>σε</strong></span> 
     </span>
    </p>
   </div>
   <div class='ocr_carea' id='block_1_61' title="bbox 2258 3188 4010 3270">
    <p class='ocr_par' dir='ltr' id='par_1_61' title="bbox 2258 3188 4010 3270">
     <span class='ocr_line' id='line_1_61' title="bbox 2258 3188 4010 3270; baseline -0.01 -13"><span class='ocrx_word' id='word_1_392' title='bbox 2258 3193 2306 3245; x_wconf 66' lang='lat' dir='ltr'><strong>in</strong></span> <span class='ocrx_word' id='word_1_393' title='bbox 2338 3203 2384 3264; x_wconf 90' lang='lat' dir='ltr'><strong>C</strong></span> <span class='ocrx_word' id='word_1_394' title='bbox 2420 3220 2543 3266; x_wconf 85' lang='grc' dir='ltr'>σαν,</span> <span class='ocrx_word' id='word_1_395' title='bbox 2580 3201 2752 3270; x_wconf 70' lang='grc' dir='ltr'>ῆγουν</span> <span class='ocrx_word' id='word_1_396' title='bbox 2800 3199 3095 3252; x_wconf 79' lang='grc' dir='ltr'>τελείωσον</span> <span class='ocrx_word' id='word_1_397' title='bbox 3141 3195 3304 3267; x_wconf 74' lang='grc' dir='ltr'><strong>ἡμῶν</strong></span> <span class='ocrx_word' id='word_1_398' title='bbox 3344 3194 3447 3265; x_wconf 82' lang='grc' dir='ltr'><strong>τὴν</strong></span> <span class='ocrx_word' id='word_1_399' title='bbox 3500 3192 3687 3246; x_wconf 79' lang='grc' dir='ltr'>πίστιν</span> <span class='ocrx_word' id='word_1_400' title='bbox 3726 3190 3827 3258; x_wconf 75' lang='grc' dir='ltr'><strong>τὴν</strong></span> <span class='ocrx_word' id='word_1_401' title='bbox 3871 3188 4010 3257; x_wconf 78' lang='grc' dir='ltr'>πρὸς</span> 
     </span>
    </p>
   </div>
   <div class='ocr_carea' id='block_1_62' title="bbox 714 3285 2315 3357">
    <p class='ocr_par' dir='ltr' id='par_1_62' title="bbox 714 3285 2315 3357">
     <span class='ocr_line' id='line_1_62' title="bbox 714 3285 2315 3357; baseline -0.004 -12"><span class='ocrx_word' id='word_1_402' title='bbox 714 3301 766 3345; x_wconf 91' lang='lat' dir='ltr'><strong>te</strong></span> <span class='ocrx_word' id='word_1_403' title='bbox 784 3299 891 3344; x_wconf 55' lang='lat' dir='ltr'><strong>est»</strong></span> <span class='ocrx_word' id='word_1_404' title='bbox 918 3288 1077 3342; x_wconf 80' lang='lat' dir='ltr'><strong>Fides</strong></span> <span class='ocrx_word' id='word_1_405' title='bbox 1108 3287 1380 3355; x_wconf 80' lang='lat' dir='ltr'><strong>siquidem</strong></span> <span class='ocrx_word' id='word_1_406' title='bbox 1401 3287 1596 3357; x_wconf 84' lang='lat' dir='ltr'><strong>partim</strong></span> <span class='ocrx_word' id='word_1_407' title='bbox 1624 3300 1651 3337; x_wconf 92' lang='lat' dir='ltr'><strong>a</strong></span> <span class='ocrx_word' id='word_1_408' title='bbox 1678 3285 1835 3339; x_wconf 84' lang='lat' dir='ltr'><strong>nobis</strong></span> <span class='ocrx_word' id='word_1_409' title='bbox 1857 3285 2138 3339; x_wconf 79' lang='lat' dir='ltr'><strong>inducitur</strong></span> <span class='ocrx_word' id='word_1_410' title='bbox 2158 3286 2315 3354; x_wconf 84' lang='lat' dir='ltr'><strong>juxta</strong></span> 
     </span>
    </p>
   </div>
   <div class='ocr_carea' id='block_1_63' title="bbox 714 3379 2309 3453">
    <p class='ocr_par' dir='ltr' id='par_1_63' title="bbox 714 3379 2309 3453">
     <span class='ocr_line' id='line_1_63' title="bbox 714 3379 2309 3453; baseline -0.003 -17"><span class='ocrx_word' id='word_1_411' title='bbox 714 3385 788 3447; x_wconf 74' lang='lat' dir='ltr'><strong>icl,</strong></span> <span class='ocrx_word' id='word_1_412' title='bbox 813 3382 958 3453; x_wconf 89' lang='lat' dir='ltr'><strong>quod</strong></span> <span class='ocrx_word' id='word_1_413' title='bbox 978 3382 1181 3436; x_wconf 86' lang='lat' dir='ltr'><strong>dicitur</strong></span> <span class='ocrx_word' id='word_1_414' title='bbox 1212 3399 1224 3434; x_wconf 92' lang='lat'>:</span> <span class='ocrx_word' id='word_1_415' title='bbox 1265 3379 1423 3434; x_wconf 85' lang='lat' dir='ltr'><strong>Fides</strong></span> <span class='ocrx_word' id='word_1_416' title='bbox 1450 3391 1542 3433; x_wconf 85' lang='lat' dir='ltr'><strong>tua</strong></span> <span class='ocrx_word' id='word_1_417' title='bbox 1562 3390 1610 3433; x_wconf 90' lang='lat' dir='ltr'><strong>te</strong></span> <span class='ocrx_word' id='word_1_418' title='bbox 1638 3381 1845 3432; x_wconf 77' lang='lat' dir='ltr'><strong>salt-am</strong></span> <span class='ocrx_word' id='word_1_419' title='bbox 1868 3380 1988 3448; x_wconf 62' lang='lat' dir='ltr'><strong>fecit</strong></span> <span class='ocrx_word' id='word_1_420' title='bbox 2016 3382 2059 3410; x_wconf 86' lang='lat'><strong>&quot;</strong></span> <span class='ocrx_word' id='word_1_421' title='bbox 2079 3395 2093 3443; x_wconf 90' lang='lat'><strong>;</strong></span> <span class='ocrx_word' id='word_1_422' title='bbox 2112 3381 2309 3449; x_wconf 87' lang='lat' dir='ltr'><strong>partim</strong></span> 
     </span>
    </p>
   </div>
   <div class='ocr_carea' id='block_1_64' title="bbox 713 3474 2313 3545">
    <p class='ocr_par' dir='ltr' id='par_1_64' title="bbox 713 3474 2313 3545">
     <span class='ocr_line' id='line_1_64' title="bbox 713 3474 2313 3545; baseline -0.001 -16"><span class='ocrx_word' id='word_1_423' title='bbox 713 3495 844 3533; x_wconf 77' lang='lat' dir='ltr'><strong>vero</strong></span> <span class='ocrx_word' id='word_1_424' title='bbox 872 3495 899 3532; x_wconf 86' lang='lat' dir='ltr'><strong>a</strong></span> <span class='ocrx_word' id='word_1_425' title='bbox 926 3479 1039 3533; x_wconf 86' lang='lat' dir='ltr'><strong>Deo</strong></span> <span class='ocrx_word' id='word_1_426' title='bbox 1068 3479 1251 3532; x_wconf 90' lang='lat' dir='ltr'><strong>datur.</strong></span> <span class='ocrx_word' id='word_1_427' title='bbox 1282 3477 1375 3531; x_wconf 74' lang='lat' dir='ltr'><strong>Ait</strong></span> <span class='ocrx_word' id='word_1_428' title='bbox 1408 3476 1555 3529; x_wconf 87' lang='lat' dir='ltr'><strong>enim</strong></span> <span class='ocrx_word' id='word_1_429' title='bbox 1582 3477 1869 3545; x_wconf 88' lang='lat' dir='ltr'><strong>apostolus</strong></span> <span class='ocrx_word' id='word_1_430' title='bbox 1897 3474 2098 3528; x_wconf 85' lang='lat' dir='ltr'><strong>Paulus</strong></span> <span class='ocrx_word' id='word_1_431' title='bbox 2130 3491 2145 3527; x_wconf 86' lang='lat'><strong>:</strong></span> <span class='ocrx_word' id='word_1_432' title='bbox 2204 3474 2313 3528; x_wconf 82' lang='lat' dir='ltr'><strong>Alii</strong></span> 
     </span>
    </p>
   </div>
   <div class='ocr_carea' id='block_1_65' title="bbox 708 3566 2311 3641">
    <p class='ocr_par' dir='ltr' id='par_1_65' title="bbox 708 3566 2311 3641">
     <span class='ocr_line' id='line_1_65' title="bbox 708 3566 2311 3641; baseline -0.002 -18"><span class='ocrx_word' id='word_1_433' title='bbox 708 3573 917 3635; x_wconf 72' lang='lat' dir='ltr'><strong>quidem</strong></span> <span class='ocrx_word' id='word_1_434' title='bbox 942 3588 1035 3641; x_wconf 87' lang='lat' dir='ltr'><strong>per</strong></span> <span class='ocrx_word' id='word_1_435' title='bbox 1051 3568 1311 3639; x_wconf 82' lang='lat' dir='ltr'><strong>Spiritum</strong></span> <span class='ocrx_word' id='word_1_436' title='bbox 1334 3570 1496 3621; x_wconf 85' lang='lat' dir='ltr'><strong>datur</strong></span> <span class='ocrx_word' id='word_1_437' title='bbox 1515 3584 1689 3622; x_wconf 84' lang='lat' dir='ltr'><strong>sermo</strong></span> <span class='ocrx_word' id='word_1_438' title='bbox 1706 3568 2004 3635; x_wconf 75' lang='lat' dir='ltr'><strong>sapientiae;</strong></span> <span class='ocrx_word' id='word_1_439' title='bbox 2029 3566 2126 3619; x_wconf 87' lang='lat' dir='ltr'><strong>alii</strong></span> <span class='ocrx_word' id='word_1_440' title='bbox 2142 3583 2311 3620; x_wconf 84' lang='lat' dir='ltr'><strong>sermo</strong></span> 
     </span>
    </p>
   </div>
   <div class='ocr_carea' id='block_1_66' title="bbox 710 3660 2311 3730">
    <p class='ocr_par' dir='ltr' id='par_1_66' title="bbox 710 3660 2311 3730">
     <span class='ocr_line' id='line_1_66' title="bbox 710 3660 2311 3730; baseline -0.001 -13"><span class='ocrx_word' id='word_1_441' title='bbox 710 3669 944 3722; x_wconf 69' lang='lat' dir='ltr'><strong>:rientia</strong></span> <span class='ocrx_word' id='word_1_442' title='bbox 988 3665 1275 3721; x_wconf 80' lang='lat' dir='ltr'><strong>secundum</strong></span> <span class='ocrx_word' id='word_1_443' title='bbox 1306 3664 1546 3719; x_wconf 85' lang='lat' dir='ltr'><strong>eumdem</strong></span> <span class='ocrx_word' id='word_1_444' title='bbox 1576 3660 1863 3729; x_wconf 83' lang='lat' dir='ltr'><strong>Spiritum;</strong></span> <span class='ocrx_word' id='word_1_445' title='bbox 1902 3663 2002 3715; x_wconf 87' lang='lat' dir='ltr'><strong>alii</strong></span> <span class='ocrx_word' id='word_1_446' title='bbox 2035 3678 2152 3714; x_wconf 81' lang='lat' dir='ltr'><strong>vero</strong></span> <span class='ocrx_word' id='word_1_447' title='bbox 2182 3662 2311 3730; x_wconf 83' lang='lat' dir='ltr'><strong>ﬁdes</strong></span> 
     </span>
    </p>
   </div>
   <div class='ocr_carea' id='block_1_67' title="bbox 710 3756 2314 3829">
    <p class='ocr_par' dir='ltr' id='par_1_67' title="bbox 710 3756 2314 3829">
     <span class='ocr_line' id='line_1_67' title="bbox 710 3756 2314 3829; baseline 0.001 -19"><span class='ocrx_word' id='word_1_448' title='bbox 710 3779 802 3827; x_wconf 75' lang='lat' dir='ltr'><strong>per</strong></span> <span class='ocrx_word' id='word_1_449' title='bbox 829 3760 1068 3815; x_wconf 76' lang='lat' dir='ltr'><strong>eumdem</strong></span> <span class='ocrx_word' id='word_1_450' title='bbox 1103 3760 1370 3829; x_wconf 86' lang='lat' dir='ltr'><strong>Spiritum</strong></span> <span class='ocrx_word' id='word_1_451' title='bbox 1420 3758 1486 3811; x_wconf 82' lang='lat'><strong>&quot;.</strong></span> <span class='ocrx_word' id='word_1_452' title='bbox 1536 3756 1653 3813; x_wconf 83' lang='lat' dir='ltr'><strong>Hoc</strong></span> <span class='ocrx_word' id='word_1_453' title='bbox 1682 3772 1816 3827; x_wconf 87' lang='lat' dir='ltr'><strong>ergo</strong></span> <span class='ocrx_word' id='word_1_454' title='bbox 1848 3756 2089 3811; x_wconf 83' lang='lat' dir='ltr'><strong>scientes</strong></span> <span class='ocrx_word' id='word_1_455' title='bbox 2116 3760 2314 3827; x_wconf 86' lang='lat' dir='ltr'><strong>petunt</strong></span> 
     </span>
    </p>
   </div>
   <div class='ocr_carea' id='block_1_68' title="bbox 709 3850 2310 3923">
    <p class='ocr_par' dir='ltr' id='par_1_68' title="bbox 709 3850 2310 3923">
     <span class='ocr_line' id='line_1_68' title="bbox 709 3850 2310 3923; baseline -0.001 -16"><span class='ocrx_word' id='word_1_456' title='bbox 709 3871 829 3908; x_wconf 74' lang='lat' dir='ltr'><strong>mm</strong></span> <span class='ocrx_word' id='word_1_457' title='bbox 868 3855 1051 3916; x_wconf 85' lang='lat' dir='ltr'><strong>tidem,</strong></span> <span class='ocrx_word' id='word_1_458' title='bbox 1095 3867 1216 3923; x_wconf 68' lang='lat' dir='ltr'><strong>qua!</strong></span> <span class='ocrx_word' id='word_1_459' title='bbox 1245 3868 1275 3904; x_wconf 78' lang='grc' dir='ltr'><strong>ιι</strong></span> <span class='ocrx_word' id='word_1_460' title='bbox 1316 3851 1427 3906; x_wconf 90' lang='lat' dir='ltr'><strong>Deo</strong></span> <span class='ocrx_word' id='word_1_461' title='bbox 1462 3850 1644 3914; x_wconf 82' lang='lat' dir='ltr'><strong>datur,</strong></span> <span class='ocrx_word' id='word_1_462' title='bbox 1685 3865 1850 3920; x_wconf 81' lang='lat' dir='ltr'><strong>quam</strong></span> <span class='ocrx_word' id='word_1_463' title='bbox 1887 3850 2052 3903; x_wconf 80' lang='lat' dir='ltr'><strong>etiam</strong></span> <span class='ocrx_word' id='word_1_464' title='bbox 2080 3866 2310 3921; x_wconf 82' lang='lat' dir='ltr'><strong>accepe-</strong></span> 
     </span>
    </p>
   </div>
   <div class='ocr_carea' id='block_1_69' title="bbox 709 3939 2311 4014">
    <p class='ocr_par' dir='ltr' id='par_1_69' title="bbox 709 3939 2311 4014">
     <span class='ocr_line' id='line_1_69' title="bbox 709 3939 2311 4014; baseline 0.001 -18"><span class='ocrx_word' id='word_1_465' title='bbox 709 3955 838 3997; x_wconf 84' lang='lat' dir='ltr'><strong>runt</strong></span> <span class='ocrx_word' id='word_1_466' title='bbox 878 3952 1001 4014; x_wconf 88' lang='lat' dir='ltr'><strong>post</strong></span> <span class='ocrx_word' id='word_1_467' title='bbox 1032 3942 1526 4013; x_wconf 84' lang='lat' dir='ltr'><strong>superventionem</strong></span> <span class='ocrx_word' id='word_1_468' title='bbox 1564 3939 1805 4011; x_wconf 89' lang='lat' dir='ltr'><strong>Spiritus</strong></span> <span class='ocrx_word' id='word_1_469' title='bbox 1831 3940 2004 3995; x_wconf 80' lang='lat' dir='ltr'><strong>sancti</strong></span> <span class='ocrx_word' id='word_1_470' title='bbox 2039 3941 2093 3995; x_wconf 90' lang='lat' dir='ltr'><strong>in</strong></span> <span class='ocrx_word' id='word_1_471' title='bbox 2128 3944 2311 4013; x_wconf 86' lang='lat' dir='ltr'><strong>specie</strong></span> 
     </span>
    </p>
   </div>
   <div class='ocr_carea' id='block_1_70' title="bbox 710 4034 2313 4106">
    <p class='ocr_par' dir='ltr' id='par_1_70' title="bbox 710 4034 2313 4106">
     <span class='ocr_line' id='line_1_70' title="bbox 710 4034 2313 4106; baseline 0.001 -17"><span class='ocrx_word' id='word_1_472' title='bbox 710 4038 1009 4106; x_wconf 78' lang='lat' dir='ltr'><strong>ignitarum</strong></span> <span class='ocrx_word' id='word_1_473' title='bbox 1045 4035 1378 4105; x_wconf 78' lang='lat' dir='ltr'><strong>linguarum.</strong></span> <span class='ocrx_word' id='word_1_474' title='bbox 1405 4034 1529 4089; x_wconf 91' lang='lat' dir='ltr'><strong>Ideo</strong></span> <span class='ocrx_word' id='word_1_475' title='bbox 1556 4034 1876 4105; x_wconf 86' lang='lat' dir='ltr'><strong>priusquam</strong></span> <span class='ocrx_word' id='word_1_476' title='bbox 1900 4034 2041 4089; x_wconf 89' lang='lat' dir='ltr'><strong>banc</strong></span> <span class='ocrx_word' id='word_1_477' title='bbox 2065 4036 2313 4106; x_wconf 82' lang='lat' dir='ltr'><strong>accepis-</strong></span> 
     </span>
    </p>
   </div>
   <div class='ocr_carea' id='block_1_71' title="bbox 709 4125 2310 4198">
    <p class='ocr_par' dir='ltr' id='par_1_71' title="bbox 709 4125 2310 4198">
     <span class='ocr_line' id='line_1_71' title="bbox 709 4125 2310 4198; baseline 0.003 -20"><span class='ocrx_word' id='word_1_478' title='bbox 709 4137 854 4190; x_wconf 71' lang='lat' dir='ltr'><strong>sent,</strong></span> <span class='ocrx_word' id='word_1_479' title='bbox 882 4128 1323 4194; x_wconf 82' lang='lat' dir='ltr'><strong>exprobrabatur</strong></span> <span class='ocrx_word' id='word_1_480' title='bbox 1365 4126 1496 4191; x_wconf 85' lang='lat' dir='ltr'><strong>illis,</strong></span> <span class='ocrx_word' id='word_1_481' title='bbox 1521 4126 1667 4196; x_wconf 89' lang='lat' dir='ltr'><strong>quod</strong></span> <span class='ocrx_word' id='word_1_482' title='bbox 1709 4125 1899 4198; x_wconf 91' lang='lat' dir='ltr'><strong>pusilli</strong></span> <span class='ocrx_word' id='word_1_483' title='bbox 1940 4136 2127 4180; x_wconf 88' lang='lat' dir='ltr'><strong>essent</strong></span> <span class='ocrx_word' id='word_1_484' title='bbox 2164 4125 2310 4183; x_wconf 83' lang='lat' dir='ltr'><strong>ﬁde:</strong></span> 
     </span>
    </p>
   </div>
   <div class='ocr_carea' id='block_1_72' title="bbox 709 4217 2312 4289">
    <p class='ocr_par' dir='ltr' id='par_1_72' title="bbox 709 4217 2312 4289">
     <span class='ocr_line' id='line_1_72' title="bbox 709 4217 2312 4289; baseline 0.001 -19"><span class='ocrx_word' id='word_1_485' title='bbox 709 4217 1017 4289; x_wconf 78' lang='lat' dir='ltr'><strong>imperfecti</strong></span> <span class='ocrx_word' id='word_1_486' title='bbox 1059 4218 1207 4273; x_wconf 90' lang='lat' dir='ltr'><strong>enim</strong></span> <span class='ocrx_word' id='word_1_487' title='bbox 1236 4218 1302 4273; x_wconf 90' lang='lat' dir='ltr'><strong>ad</strong></span> <span class='ocrx_word' id='word_1_488' title='bbox 1328 4218 1491 4272; x_wconf 85' lang='lat' dir='ltr'><strong>ﬁdem</strong></span> <span class='ocrx_word' id='word_1_489' title='bbox 1516 4226 1677 4273; x_wconf 87' lang='lat' dir='ltr'><strong>erant</strong></span> <span class='ocrx_word' id='word_1_490' title='bbox 1706 4235 1720 4271; x_wconf 90' lang='lat'><strong>:</strong></span> <span class='ocrx_word' id='word_1_491' title='bbox 1750 4218 1935 4273; x_wconf 89' lang='lat' dir='ltr'><strong>addita</strong></span> <span class='ocrx_word' id='word_1_492' title='bbox 1968 4234 2100 4273; x_wconf 84' lang='lat' dir='ltr'><strong>vero</strong></span> <span class='ocrx_word' id='word_1_493' title='bbox 2136 4234 2164 4272; x_wconf 82' lang='lat' dir='ltr'><strong>a</strong></span> <span class='ocrx_word' id='word_1_494' title='bbox 2198 4217 2312 4271; x_wconf 86' lang='lat' dir='ltr'><strong>Deo</strong></span> 
     </span>
    </p>
   </div>
   <div class='ocr_carea' id='block_1_73' title="bbox 708 4310 2308 4384">
    <p class='ocr_par' dir='ltr' id='par_1_73' title="bbox 708 4310 2308 4384">
     <span class='ocr_line' id='line_1_73' title="bbox 708 4310 2308 4384; baseline 0.001 -17"><span class='ocrx_word' id='word_1_495' title='bbox 708 4316 861 4379; x_wconf 62' lang='lat' dir='ltr'><strong>tiilcs,</strong></span> <span class='ocrx_word' id='word_1_496' title='bbox 885 4312 1155 4384; x_wconf 76' lang='lat' dir='ltr'><strong>perfectio</strong></span> <span class='ocrx_word' id='word_1_497' title='bbox 1178 4321 1298 4368; x_wconf 88' lang='lat' dir='ltr'><strong>erat</strong></span> <span class='ocrx_word' id='word_1_498' title='bbox 1318 4322 1373 4367; x_wconf 92' lang='lat' dir='ltr'><strong>et</strong></span> <span class='ocrx_word' id='word_1_499' title='bbox 1402 4310 1749 4367; x_wconf 87' lang='lat' dir='ltr'><strong>conﬁrmatio</strong></span> <span class='ocrx_word' id='word_1_500' title='bbox 1772 4310 1895 4367; x_wconf 88' lang='lat' dir='ltr'><strong>ﬁdei</strong></span> <span class='ocrx_word' id='word_1_501' title='bbox 1920 4312 2073 4383; x_wconf 89' lang='lat' dir='ltr'><strong>prius</strong></span> <span class='ocrx_word' id='word_1_502' title='bbox 2121 4312 2308 4368; x_wconf 65' lang='lat' dir='ltr'><strong>illatae.</strong></span> 
     </span>
    </p>
   </div>
   <div class='ocr_carea' id='block_1_74' title="bbox 789 4612 2309 4671">
    <p class='ocr_par' dir='ltr' id='par_1_74' title="bbox 789 4612 2309 4671">
     <span class='ocr_line' id='line_1_74' title="bbox 789 4612 2309 4671; baseline 0.001 -3"><span class='ocrx_word' id='word_1_503' title='bbox 789 4613 942 4671; x_wconf 80' lang='lat' dir='ltr'><strong>Vers.</strong></span> <span class='ocrx_word' id='word_1_504' title='bbox 982 4614 1036 4670; x_wconf 87' lang='lat'><strong>6.</strong></span> <span class='ocrx_word' id='word_1_505' title='bbox 1081 4615 1173 4669; x_wconf 78' lang='lat' dir='ltr'><strong>Ait</strong></span> <span class='ocrx_word' id='word_1_506' title='bbox 1218 4644 1290 4655; x_wconf 92' lang='lat'><strong>—</strong></span> <span class='ocrx_word' id='word_1_507' title='bbox 1334 4614 1499 4669; x_wconf 80' lang='lat' dir='ltr'><strong>vobis.</strong></span> <span class='ocrx_word' id='word_1_508' title='bbox 1536 4612 1593 4668; x_wconf 86' lang='lat' dir='ltr'><strong>Si</strong></span> <span class='ocrx_word' id='word_1_509' title='bbox 1649 4613 1936 4669; x_wconf 83' lang='lat' dir='ltr'><strong>haberetis</strong></span> <span class='ocrx_word' id='word_1_510' title='bbox 1972 4613 2136 4668; x_wconf 88' lang='lat' dir='ltr'><strong>ﬁdem</strong></span> <span class='ocrx_word' id='word_1_511' title='bbox 2170 4615 2309 4669; x_wconf 70' lang='lat' dir='ltr'><strong>acleo</strong></span> 
     </span>
    </p>
   </div>
   <div class='ocr_carea' id='block_1_75' title="bbox 706 4706 2313 4778">
    <p class='ocr_par' dir='ltr' id='par_1_75' title="bbox 706 4706 2313 4778">
     <span class='ocr_line' id='line_1_75' title="bbox 706 4706 2313 4778; baseline -0.002 -13"><span class='ocrx_word' id='word_1_512' title='bbox 706 4719 947 4773; x_wconf 81' lang='lat' dir='ltr'><strong>acutam,</strong></span> <span class='ocrx_word' id='word_1_513' title='bbox 978 4708 1369 4764; x_wconf 82' lang='lat' dir='ltr'><strong>vehementem</strong></span> <span class='ocrx_word' id='word_1_514' title='bbox 1415 4723 1480 4761; x_wconf 87' lang='lat' dir='ltr'><strong>ae</strong></span> <span class='ocrx_word' id='word_1_515' title='bbox 1530 4706 1856 4770; x_wconf 79' lang='lat' dir='ltr'><strong>ferventem,</strong></span> <span class='ocrx_word' id='word_1_516' title='bbox 1902 4707 2045 4761; x_wconf 91' lang='lat' dir='ltr'><strong>sicut</strong></span> <span class='ocrx_word' id='word_1_517' title='bbox 2075 4717 2161 4761; x_wconf 92' lang='lat' dir='ltr'><strong>est</strong></span> <span class='ocrx_word' id='word_1_518' title='bbox 2191 4724 2313 4778; x_wconf 83' lang='lat' dir='ltr'><strong>gra-</strong></span> 
     </span>
    </p>
   </div>
   <div class='ocr_carea' id='block_1_76' title="bbox 708 4799 2309 4872">
    <p class='ocr_par' dir='ltr' id='par_1_76' title="bbox 708 4799 2309 4872">
     <span class='ocr_line' id='line_1_76' title="bbox 708 4799 2309 4872; baseline -0.001 -15"><span class='ocrx_word' id='word_1_519' title='bbox 708 4820 839 4857; x_wconf 87' lang='lat' dir='ltr'><strong>num</strong></span> <span class='ocrx_word' id='word_1_520' title='bbox 871 4802 1079 4872; x_wconf 84' lang='lat' dir='ltr'><strong>sinapis</strong></span> <span class='ocrx_word' id='word_1_521' title='bbox 1136 4805 1286 4866; x_wconf 82' lang='lat' dir='ltr'><strong>(nam</strong></span> <span class='ocrx_word' id='word_1_522' title='bbox 1333 4801 1465 4855; x_wconf 93' lang='lat' dir='ltr'><strong>illud</strong></span> <span class='ocrx_word' id='word_1_523' title='bbox 1509 4800 1631 4854; x_wconf 84' lang='lat' dir='ltr'><strong>talis</strong></span> <span class='ocrx_word' id='word_1_524' title='bbox 1657 4810 1742 4854; x_wconf 90' lang='lat' dir='ltr'><strong>est</strong></span> <span class='ocrx_word' id='word_1_525' title='bbox 1781 4799 2085 4871; x_wconf 85' lang='lat' dir='ltr'><strong>qualitatis)</strong></span> <span class='ocrx_word' id='word_1_526' title='bbox 2121 4816 2309 4855; x_wconf 87' lang='lat' dir='ltr'><strong>move-</strong></span> 
     </span>
    </p>
   </div>
   <div class='ocr_carea' id='block_1_77' title="bbox 706 4895 2307 4966">
    <p class='ocr_par' dir='ltr' id='par_1_77' title="bbox 706 4895 2307 4966">
     <span class='ocr_line' id='line_1_77' title="bbox 706 4895 2307 4966; baseline -0.001 -14"><span class='ocrx_word' id='word_1_527' title='bbox 706 4898 840 4953; x_wconf 57' lang='lat' dir='ltr'><strong>ri-tis</strong></span> <span class='ocrx_word' id='word_1_528' title='bbox 870 4913 1003 4952; x_wconf 82' lang='lat' dir='ltr'><strong>sane</strong></span> <span class='ocrx_word' id='word_1_529' title='bbox 1036 4905 1092 4951; x_wconf 92' lang='lat' dir='ltr'><strong>et</strong></span> <span class='ocrx_word' id='word_1_530' title='bbox 1129 4897 1382 4960; x_wconf 85' lang='lat' dir='ltr'><strong>arbores,</strong></span> <span class='ocrx_word' id='word_1_531' title='bbox 1415 4896 1645 4966; x_wconf 86' lang='lat' dir='ltr'><strong>illasque</strong></span> <span class='ocrx_word' id='word_1_532' title='bbox 1686 4895 1742 4950; x_wconf 91' lang='lat' dir='ltr'><strong>in</strong></span> <span class='ocrx_word' id='word_1_533' title='bbox 1772 4910 1925 4949; x_wconf 85' lang='lat' dir='ltr'><strong>mare</strong></span> <span class='ocrx_word' id='word_1_534' title='bbox 1961 4896 2307 4966; x_wconf 88' lang='lat' dir='ltr'><strong>plantaretis.</strong></span> 
     </span>
    </p>
   </div>
   <div class='ocr_carea' id='block_1_78' title="bbox 706 4987 2305 5060">
    <p class='ocr_par' dir='ltr' id='par_1_78' title="bbox 706 4987 2305 5060">
     <span class='ocr_line' id='line_1_78' title="bbox 706 4987 2305 5060; baseline -0.003 -15"><span class='ocrx_word' id='word_1_535' title='bbox 706 4992 821 5046; x_wconf 92' lang='lat' dir='ltr'><strong>Iloc</strong></span> <span class='ocrx_word' id='word_1_536' title='bbox 876 5000 1060 5045; x_wconf 84' lang='lat' dir='ltr'><strong>autem</strong></span> <span class='ocrx_word' id='word_1_537' title='bbox 1102 4989 1261 5051; x_wconf 84' lang='lat' dir='ltr'><strong>dixit,</strong></span> <span class='ocrx_word' id='word_1_538' title='bbox 1298 4989 1527 5044; x_wconf 80' lang='lat' dir='ltr'><strong>laudans</strong></span> <span class='ocrx_word' id='word_1_539' title='bbox 1558 4987 1856 5060; x_wconf 80' lang='lat' dir='ltr'><strong>perlectam</strong></span> <span class='ocrx_word' id='word_1_540' title='bbox 1891 4987 2076 5054; x_wconf 76' lang='lat' dir='ltr'><strong>ﬁdem,</strong></span> <span class='ocrx_word' id='word_1_541' title='bbox 2103 4999 2159 5043; x_wconf 88' lang='lat' dir='ltr'><strong>et</strong></span> <span class='ocrx_word' id='word_1_542' title='bbox 2190 5006 2305 5042; x_wconf 80' lang='lat' dir='ltr'><strong>ma-</strong></span> 
     </span>
    </p>
   </div>
   <div class='ocr_carea' id='block_1_79' title="bbox 702 5080 2303 5158">
    <p class='ocr_par' dir='ltr' id='par_1_79' title="bbox 702 5080 2303 5158">
     <span class='ocr_line' id='line_1_79' title="bbox 702 5080 2303 5158; baseline -0.001 -20"><span class='ocrx_word' id='word_1_543' title='bbox 702 5103 867 5158; x_wconf 70' lang='lat' dir='ltr'><strong>gnam</strong></span> <span class='ocrx_word' id='word_1_544' title='bbox 924 5085 1046 5156; x_wconf 83' lang='lat' dir='ltr'><strong>ejus</strong></span> <span class='ocrx_word' id='word_1_545' title='bbox 1096 5084 1416 5155; x_wconf 89' lang='lat' dir='ltr'><strong>signiﬁcans</strong></span> <span class='ocrx_word' id='word_1_546' title='bbox 1466 5082 1791 5153; x_wconf 87' lang='lat' dir='ltr'><strong>potentiam.</strong></span> <span class='ocrx_word' id='word_1_547' title='bbox 1833 5080 1976 5136; x_wconf 90' lang='lat' dir='ltr'><strong>Dixit</strong></span> <span class='ocrx_word' id='word_1_548' title='bbox 2008 5091 2193 5137; x_wconf 85' lang='lat' dir='ltr'><strong>autem</strong></span> <span class='ocrx_word' id='word_1_549' title='bbox 2235 5082 2303 5137; x_wconf 90' lang='lat' dir='ltr'><strong>de</strong></span> 
     </span>
    </p>
   </div>
   <div class='ocr_carea' id='block_1_80' title="bbox 708 5176 2304 5250">
    <p class='ocr_par' dir='ltr' id='par_1_80' title="bbox 708 5176 2304 5250">
     <span class='ocr_line' id='line_1_80' title="bbox 708 5176 2304 5250; baseline -0.002 -15"><span class='ocrx_word' id='word_1_550' title='bbox 708 5184 814 5235; x_wconf 86' lang='lat' dir='ltr'><strong>ﬁde</strong></span> <span class='ocrx_word' id='word_1_551' title='bbox 854 5189 909 5235; x_wconf 91' lang='lat' dir='ltr'><strong>ct</strong></span> <span class='ocrx_word' id='word_1_552' title='bbox 939 5194 1108 5250; x_wconf 91' lang='lat' dir='ltr'><strong>grano</strong></span> <span class='ocrx_word' id='word_1_553' title='bbox 1144 5178 1353 5249; x_wconf 82' lang='lat' dir='ltr'><strong>sinapis</strong></span> <span class='ocrx_word' id='word_1_554' title='bbox 1406 5177 1573 5232; x_wconf 85' lang='lat' dir='ltr'><strong>etiam</strong></span> <span class='ocrx_word' id='word_1_555' title='bbox 1608 5176 1890 5232; x_wconf 87' lang='lat' dir='ltr'><strong>tricesimo</strong></span> <span class='ocrx_word' id='word_1_556' title='bbox 1921 5177 2117 5248; x_wconf 91' lang='lat' dir='ltr'><strong>quinto</strong></span> <span class='ocrx_word' id='word_1_557' title='bbox 2152 5178 2304 5248; x_wconf 82' lang='lat' dir='ltr'><strong>juxta</strong></span> 
     </span>
    </p>
   </div>
   <div class='ocr_carea' id='block_1_81' title="bbox 709 5271 1947 5343">
    <p class='ocr_par' dir='ltr' id='par_1_81' title="bbox 709 5271 1947 5343">
     <span class='ocr_line' id='line_1_81' title="bbox 709 5271 1947 5343; baseline -0.002 -15"><span class='ocrx_word' id='word_1_558' title='bbox 709 5274 1025 5329; x_wconf 69' lang='lat' dir='ltr'><strong>Ilattliaaum</strong></span> <span class='ocrx_word' id='word_1_559' title='bbox 1052 5272 1255 5343; x_wconf 87' lang='lat' dir='ltr'><strong>capite,</strong></span> <span class='ocrx_word' id='word_1_560' title='bbox 1294 5273 1401 5327; x_wconf 89' lang='lat' dir='ltr'><strong>alio</strong></span> <span class='ocrx_word' id='word_1_561' title='bbox 1432 5282 1616 5328; x_wconf 89' lang='lat' dir='ltr'><strong>tamen</strong></span> <span class='ocrx_word' id='word_1_562' title='bbox 1642 5271 1947 5327; x_wconf 90' lang='lat' dir='ltr'><strong>intellectu.</strong></span> 
     </span>
    </p>
   </div>
   <div class='ocr_carea' id='block_1_82' title="bbox 810 5549 2049 5615">
    <p class='ocr_par' dir='ltr' id='par_1_82' title="bbox 810 5549 2049 5615">
     <span class='ocr_line' id='line_1_82' title="bbox 810 5549 2049 5615; baseline -0.004 -8"><span class='ocrx_word' id='word_1_563' title='bbox 810 5555 850 5585; x_wconf 84' lang='lat'><strong>&quot;</strong></span> <span class='ocrx_word' id='word_1_564' title='bbox 915 5552 1107 5607; x_wconf 79' lang='lat' dir='ltr'><strong>Matth.</strong></span> <span class='ocrx_word' id='word_1_565' title='bbox 1173 5568 1327 5615; x_wconf 80' lang='lat' dir='ltr'><strong>xvm,</strong></span> <span class='ocrx_word' id='word_1_566' title='bbox 1395 5552 1445 5605; x_wconf 80' lang='lat'><strong>7.</strong></span> <span class='ocrx_word' id='word_1_567' title='bbox 1558 5553 1602 5582; x_wconf 84' lang='lat'><strong>&quot;</strong></span> <span class='ocrx_word' id='word_1_568' title='bbox 1632 5549 1822 5606; x_wconf 82' lang='lat' dir='ltr'><strong>Matth.</strong></span> <span class='ocrx_word' id='word_1_569' title='bbox 1851 5566 1926 5615; x_wconf 81' lang='lat' dir='ltr'><strong>lx,</strong></span> <span class='ocrx_word' id='word_1_570' title='bbox 1962 5549 2049 5603; x_wconf 64' lang='grc' dir='ltr'><strong>Ἡ.</strong></span> 
     </span>
    </p>
   </div>
   <div class='ocr_carea' id='block_1_83' title="bbox 2420 3282 4010 3367">
    <p class='ocr_par' dir='ltr' id='par_1_83' title="bbox 2420 3282 4010 3367">
     <span class='ocr_line' id='line_1_83' title="bbox 2420 3282 4010 3367; baseline -0.009 -15"><span class='ocrx_word' id='word_1_571' title='bbox 2420 3298 2499 3352; x_wconf 81' lang='grc' dir='ltr'><strong>σέ.</strong></span> <span class='ocrx_word' id='word_1_572' title='bbox 2533 3297 2649 3367; x_wconf 86' lang='grc' dir='ltr'>Τῆς</span> <span class='ocrx_word' id='word_1_573' title='bbox 2680 3296 2921 3357; x_wconf 86' lang='grc' dir='ltr'>πίστεως</span> <span class='ocrx_word' id='word_1_574' title='bbox 2946 3292 3055 3363; x_wconf 71' lang='grc' dir='ltr'><strong>γὰρ</strong></span> <span class='ocrx_word' id='word_1_575' title='bbox 3084 3291 3145 3343; x_wconf 80' lang='grc' dir='ltr'><strong>τὸ</strong></span> <span class='ocrx_word' id='word_1_576' title='bbox 3178 3290 3276 3360; x_wconf 76' lang='grc' dir='ltr'><strong>μὲν</strong></span> <span class='ocrx_word' id='word_1_577' title='bbox 3306 3286 3438 3356; x_wconf 83' lang='grc' dir='ltr'><strong>παρ’</strong></span> <span class='ocrx_word' id='word_1_578' title='bbox 3484 3285 3645 3355; x_wconf 84' lang='grc' dir='ltr'><strong>ήμῶν</strong></span> <span class='ocrx_word' id='word_1_579' title='bbox 3703 3282 4010 3349; x_wconf 76' lang='grc' dir='ltr'><strong>εἰσάγεται.</strong></span> 
     </span>
    </p>
   </div>
   <div class='ocr_carea' id='block_1_84' title="bbox 2416 3376 4012 3458">
    <p class='ocr_par' dir='ltr' id='par_1_84' title="bbox 2416 3376 4012 3458">
     <span class='ocr_line' id='line_1_84' title="bbox 2416 3376 4012 3458; baseline -0.013 -11"><span class='ocrx_word' id='word_1_580' title='bbox 2416 3392 2553 3447; x_wconf 72' lang='grc' dir='ltr'>καθὸ</span> <span class='ocrx_word' id='word_1_581' title='bbox 2584 3392 2831 3458; x_wconf 84' lang='grc' dir='ltr'><strong>λέγεται,</strong></span> <span class='ocrx_word' id='word_1_582' title='bbox 2862 3390 2923 3442; x_wconf 87' lang='grc' dir='ltr'><strong>τό</strong></span> <span class='ocrx_word' id='word_1_583' title='bbox 2945 3404 2956 3416; x_wconf 93' lang='grc'><strong>·</strong></span> <span class='ocrx_word' id='word_1_584' title='bbox 2994 3388 3057 3441; x_wconf 83' lang='grc' dir='ltr'><em>Ἡ</em></span> <span class='ocrx_word' id='word_1_585' title='bbox 3091 3387 3305 3449; x_wconf 73' lang='grc' dir='ltr'>πίστις</span> <span class='ocrx_word' id='word_1_586' title='bbox 3357 3397 3476 3435; x_wconf 87' lang='grc' dir='ltr'>σου</span> <span class='ocrx_word' id='word_1_587' title='bbox 3524 3376 3762 3434; x_wconf 77' lang='grc' dir='ltr'><strong>σέσωκέ</strong></span> <span class='ocrx_word' id='word_1_588' title='bbox 3796 3393 3904 3430; x_wconf 79' lang='grc' dir='ltr'><strong>σε’</strong></span> <span class='ocrx_word' id='word_1_589' title='bbox 3951 3377 4012 3426; x_wconf 74' lang='grc' dir='ltr'>τὸ</span> 
     </span>
    </p>
   </div>
   <div class='ocr_carea' id='block_1_85' title="bbox 2415 3466 4012 3559">
    <p class='ocr_par' dir='ltr' id='par_1_85' title="bbox 2415 3466 4012 3559">
     <span class='ocr_line' id='line_1_85' title="bbox 2415 3466 4012 3559; baseline -0.014 -16"><span class='ocrx_word' id='word_1_590' title='bbox 2415 3490 2493 3551; x_wconf 83' lang='grc' dir='ltr'><strong>δὲ,</strong></span> <span class='ocrx_word' id='word_1_591' title='bbox 2540 3488 2693 3559; x_wconf 65' lang='grc' dir='ltr'>παρὰ</span> <span class='ocrx_word' id='word_1_592' title='bbox 2731 3484 2828 3537; x_wconf 91' lang='grc' dir='ltr'><strong>τοῦ</strong></span> <span class='ocrx_word' id='word_1_593' title='bbox 2876 3482 3015 3535; x_wconf 81' lang='grc' dir='ltr'>Θεοῦ</span> <span class='ocrx_word' id='word_1_594' title='bbox 3046 3480 3273 3534; x_wconf 77' lang='grc' dir='ltr'><strong>δίδοται.</strong></span> <span class='ocrx_word' id='word_1_595' title='bbox 3318 3478 3460 3544; x_wconf 75' lang='grc' dir='ltr'><strong>Φησὶ</strong></span> <span class='ocrx_word' id='word_1_596' title='bbox 3500 3466 3611 3544; x_wconf 58' lang='grc' dir='ltr'><strong>γὰρ</strong></span> <span class='ocrx_word' id='word_1_597' title='bbox 3640 3475 3667 3526; x_wconf 83' lang='grc' dir='ltr'>ὁ</span> <span class='ocrx_word' id='word_1_598' title='bbox 3703 3470 4012 3533; x_wconf 73' lang='grc' dir='ltr'><strong>ἀπόστολος</strong></span> 
     </span>
    </p>
   </div>
   <div class='ocr_carea' id='block_1_86' title="bbox 2418 3564 4013 3646">
    <p class='ocr_par' dir='ltr' id='par_1_86' title="bbox 2418 3564 4013 3646">
     <span class='ocr_line' id='line_1_86' title="bbox 2418 3564 4013 3646; baseline -0.013 -11"><span class='ocrx_word' id='word_1_599' title='bbox 2418 3582 2671 3642; x_wconf 81' lang='grc' dir='ltr'>Παῦλος’</span> <span class='ocrx_word' id='word_1_600' title='bbox 2730 3572 2805 3646; x_wconf 65' lang='grc' dir='ltr'><strong>’ῼ</strong></span> <span class='ocrx_word' id='word_1_601' title='bbox 2860 3574 2974 3645; x_wconf 69' lang='grc' dir='ltr'><strong>μὲν</strong></span> <span class='ocrx_word' id='word_1_602' title='bbox 3022 3572 3121 3626; x_wconf 80' lang='grc' dir='ltr'><strong>διὰ</strong></span> <span class='ocrx_word' id='word_1_603' title='bbox 3184 3571 3292 3625; x_wconf 82' lang='grc' dir='ltr'><strong>τοῦ</strong></span> <span class='ocrx_word' id='word_1_604' title='bbox 3342 3570 3693 3638; x_wconf 79' lang='grc' dir='ltr'>Πνεύματος</span> <span class='ocrx_word' id='word_1_605' title='bbox 3783 3564 4013 3618; x_wconf 76' lang='grc' dir='ltr'><strong>δίδοται</strong></span> 
     </span>
    </p>
   </div>
   <div class='ocr_carea' id='block_1_87' title="bbox 2416 3659 4012 3743">
    <p class='ocr_par' dir='ltr' id='par_1_87' title="bbox 2416 3659 4012 3743">
     <span class='ocr_line' id='line_1_87' title="bbox 2416 3659 4012 3743; baseline -0.011 -14"><span class='ocrx_word' id='word_1_606' title='bbox 2416 3677 2601 3743; x_wconf 73' lang='grc' dir='ltr'>λόγος</span> <span class='ocrx_word' id='word_1_607' title='bbox 2632 3671 2891 3738; x_wconf 70' lang='grc' dir='ltr'>σοφίας·</span> <span class='ocrx_word' id='word_1_608' title='bbox 2928 3668 3101 3733; x_wconf 75' lang='grc' dir='ltr'><strong>ἄλλῳ</strong></span> <span class='ocrx_word' id='word_1_609' title='bbox 3139 3665 3209 3719; x_wconf 74' lang='grc' dir='ltr'><strong>δὲ</strong></span> <span class='ocrx_word' id='word_1_610' title='bbox 3260 3666 3447 3735; x_wconf 70' lang='grc' dir='ltr'>λόγος</span> <span class='ocrx_word' id='word_1_611' title='bbox 3502 3659 3805 3732; x_wconf 78' lang='grc' dir='ltr'><strong>γνώσεως.</strong></span> <span class='ocrx_word' id='word_1_612' title='bbox 3860 3660 4012 3713; x_wconf 82' lang='grc' dir='ltr'>κατὰ</span> 
     </span>
    </p>
   </div>
   <div class='ocr_carea' id='block_1_88' title="bbox 2416 3750 4014 3831">
    <p class='ocr_par' dir='ltr' id='par_1_88' title="bbox 2416 3750 4014 3831">
     <span class='ocr_line' id='line_1_88' title="bbox 2416 3750 4014 3831; baseline -0.012 -10"><span class='ocrx_word' id='word_1_613' title='bbox 2416 3769 2482 3821; x_wconf 73' lang='grc' dir='ltr'><strong>τὸ</strong></span> <span class='ocrx_word' id='word_1_614' title='bbox 2510 3766 2660 3819; x_wconf 78' lang='grc' dir='ltr'><strong>αὐτὸ</strong></span> <span class='ocrx_word' id='word_1_615' title='bbox 2702 3762 2949 3831; x_wconf 78' lang='grc' dir='ltr'><strong>Πνεῦμα</strong></span> <span class='ocrx_word' id='word_1_616' title='bbox 2972 3778 2985 3791; x_wconf 93' lang='grc'><strong>·</strong></span> <span class='ocrx_word' id='word_1_617' title='bbox 3036 3758 3217 3827; x_wconf 76' lang='grc' dir='ltr'><strong>ἑτέρῳ</strong></span> <span class='ocrx_word' id='word_1_618' title='bbox 3252 3758 3321 3811; x_wconf 80' lang='grc' dir='ltr'><strong>δὲ</strong></span> <span class='ocrx_word' id='word_1_619' title='bbox 3376 3759 3605 3822; x_wconf 77' lang='grc' dir='ltr'><strong>πίστις.</strong></span> <span class='ocrx_word' id='word_1_620' title='bbox 3641 3755 3710 3809; x_wconf 80' lang='grc' dir='ltr'><strong>ἐν</strong></span> <span class='ocrx_word' id='word_1_621' title='bbox 3740 3752 3819 3815; x_wconf 77' lang='grc' dir='ltr'><strong>τῷ</strong></span> <span class='ocrx_word' id='word_1_622' title='bbox 3850 3750 4014 3814; x_wconf 81' lang='grc' dir='ltr'><strong>αὐτῷ</strong></span> 
     </span>
    </p>
   </div>
   <div class='ocr_carea' id='block_1_89' title="bbox 2420 3843 4011 3930">
    <p class='ocr_par' dir='ltr' id='par_1_89' title="bbox 2420 3843 4011 3930">
     <span class='ocr_line' id='line_1_89' title="bbox 2420 3843 4011 3930; baseline -0.014 -13"><span class='ocrx_word' id='word_1_623' title='bbox 2420 3863 2747 3930; x_wconf 76' lang='grc' dir='ltr'><strong>Πνεύματι.</strong></span> <span class='ocrx_word' id='word_1_624' title='bbox 2795 3856 2969 3911; x_wconf 83' lang='grc' dir='ltr'><strong>Τοῦτο</strong></span> <span class='ocrx_word' id='word_1_625' title='bbox 3012 3851 3107 3909; x_wconf 79' lang='grc' dir='ltr'><strong>οὖν</strong></span> <span class='ocrx_word' id='word_1_626' title='bbox 3142 3853 3369 3915; x_wconf 81' lang='grc' dir='ltr'>εἰδότες,</span> <span class='ocrx_word' id='word_1_627' title='bbox 3404 3848 3619 3905; x_wconf 76' lang='grc' dir='ltr'><strong>αἰτοῦσι</strong></span> <span class='ocrx_word' id='word_1_628' title='bbox 3658 3848 3758 3918; x_wconf 80' lang='grc' dir='ltr'><strong>τὴν</strong></span> <span class='ocrx_word' id='word_1_629' title='bbox 3796 3849 3860 3899; x_wconf 72' lang='grc' dir='ltr'>ὲκ</span> <span class='ocrx_word' id='word_1_630' title='bbox 3917 3843 4011 3899; x_wconf 82' lang='grc' dir='ltr'><strong>τοῦ</strong></span> 
     </span>
    </p>
   </div>
   <div class='ocr_carea' id='block_1_90' title="bbox 2417 3940 4013 4023">
    <p class='ocr_par' dir='ltr' id='par_1_90' title="bbox 2417 3940 4013 4023">
     <span class='ocr_line' id='line_1_90' title="bbox 2417 3940 4013 4023; baseline -0.014 -11"><span class='ocrx_word' id='word_1_631' title='bbox 2417 3955 2556 4011; x_wconf 81' lang='grc' dir='ltr'>Θεοῦ</span> <span class='ocrx_word' id='word_1_632' title='bbox 2611 3956 2905 4023; x_wconf 75' lang='grc' dir='ltr'><strong>διδομένην</strong></span> <span class='ocrx_word' id='word_1_633' title='bbox 2965 3951 3175 4014; x_wconf 76' lang='grc' dir='ltr'><strong>πῖστιν,</strong></span> <span class='ocrx_word' id='word_1_634' title='bbox 3234 3948 3302 4019; x_wconf 79' lang='grc' dir='ltr'><strong>ἡν</strong></span> <span class='ocrx_word' id='word_1_635' title='bbox 3326 3948 3423 3999; x_wconf 77' lang='grc' dir='ltr'>καὶ</span> <span class='ocrx_word' id='word_1_636' title='bbox 3469 3944 3665 3997; x_wconf 83' lang='grc' dir='ltr'>ελαϐον</span> <span class='ocrx_word' id='word_1_637' title='bbox 3727 3940 3866 4012; x_wconf 80' lang='grc' dir='ltr'><strong>μετὰ</strong></span> <span class='ocrx_word' id='word_1_638' title='bbox 3913 3940 4013 4008; x_wconf 73' lang='grc' dir='ltr'><strong>τὴν</strong></span> 
     </span>
    </p>
   </div>
   <div class='ocr_carea' id='block_1_91' title="bbox 2418 4034 4013 4115">
    <p class='ocr_par' dir='ltr' id='par_1_91' title="bbox 2418 4034 4013 4115">
     <span class='ocr_line' id='line_1_91' title="bbox 2418 4034 4013 4115; baseline -0.013 -11"><span class='ocrx_word' id='word_1_639' title='bbox 2418 4053 2478 4104; x_wconf 78' lang='grc' dir='ltr'><strong>ἐν</strong></span> <span class='ocrx_word' id='word_1_640' title='bbox 2532 4048 2665 4102; x_wconf 74' lang='grc' dir='ltr'>εῖδει</span> <span class='ocrx_word' id='word_1_641' title='bbox 2704 4046 2954 4115; x_wconf 80' lang='grc' dir='ltr'>πυρίνων</span> <span class='ocrx_word' id='word_1_642' title='bbox 3009 4040 3277 4112; x_wconf 82' lang='grc' dir='ltr'><strong>γλωσσῶν</strong></span> <span class='ocrx_word' id='word_1_643' title='bbox 3318 4037 3671 4106; x_wconf 69' lang='grc' dir='ltr'><strong>ἐπιφοίτησιν</strong></span> <span class='ocrx_word' id='word_1_644' title='bbox 3698 4034 3793 4087; x_wconf 89' lang='grc' dir='ltr'><strong>τοῦ</strong></span> <span class='ocrx_word' id='word_1_645' title='bbox 3854 4034 4013 4101; x_wconf 77' lang='grc' dir='ltr'>ἁγίου</span> 
     </span>
    </p>
   </div>
   <div class='ocr_carea' id='block_1_92' title="bbox 2419 4125 4013 4211">
    <p class='ocr_par' dir='ltr' id='par_1_92' title="bbox 2419 4125 4013 4211">
     <span class='ocr_line' id='line_1_92' title="bbox 2419 4125 4013 4211; baseline -0.013 -15"><span class='ocrx_word' id='word_1_646' title='bbox 2419 4141 2775 4211; x_wconf 55' lang='grc' dir='ltr'><strong>Πνεῦματοςζ</strong></span> <span class='ocrx_word' id='word_1_647' title='bbox 2824 4137 2915 4189; x_wconf 74' lang='grc' dir='ltr'><strong>Διὸ</strong></span> <span class='ocrx_word' id='word_1_648' title='bbox 2974 4133 3083 4205; x_wconf 82' lang='grc' dir='ltr'><strong>πρὸ</strong></span> <span class='ocrx_word' id='word_1_649' title='bbox 3144 4131 3243 4185; x_wconf 91' lang='grc' dir='ltr'><strong>τοῦ</strong></span> <span class='ocrx_word' id='word_1_650' title='bbox 3288 4130 3498 4200; x_wconf 80' lang='grc' dir='ltr'>ταύτην</span> <span class='ocrx_word' id='word_1_651' title='bbox 3559 4126 3772 4192; x_wconf 82' lang='grc' dir='ltr'>λαϐεῖν,</span> <span class='ocrx_word' id='word_1_652' title='bbox 3832 4125 4013 4192; x_wconf 82' lang='grc' dir='ltr'><strong>ὀλιγο-</strong></span> 
     </span>
    </p>
   </div>
   <div class='ocr_carea' id='block_1_93' title="bbox 2418 4204 4012 4297">
    <p class='ocr_par' dir='ltr' id='par_1_93' title="bbox 2418 4204 4012 4297">
     <span class='ocr_line' id='line_1_93' title="bbox 2418 4204 4012 4297; baseline -0.013 -5"><span class='ocrx_word' id='word_1_653' title='bbox 2418 4237 2645 4292; x_wconf 80' lang='grc' dir='ltr'><strong>πιστίαν</strong></span> <span class='ocrx_word' id='word_1_654' title='bbox 2697 4204 3067 4297; x_wconf 65' lang='grc' dir='ltr'><strong>ὠνειδίζοντο,</strong></span> <span class='ocrx_word' id='word_1_655' title='bbox 3125 4232 3223 4283; x_wconf 74' lang='grc' dir='ltr'><strong>καὶ</strong></span> <span class='ocrx_word' id='word_1_656' title='bbox 3252 4228 3465 4289; x_wconf 79' lang='grc' dir='ltr'>ἀτελεῖς</span> <span class='ocrx_word' id='word_1_657' title='bbox 3524 4221 3670 4296; x_wconf 77' lang='grc' dir='ltr'>ἦσαν</span> <span class='ocrx_word' id='word_1_658' title='bbox 3728 4224 3864 4293; x_wconf 67' lang='grc' dir='ltr'><strong>πρὶς</strong></span> <span class='ocrx_word' id='word_1_659' title='bbox 3911 4223 4012 4291; x_wconf 80' lang='grc' dir='ltr'><strong>τὴν</strong></span> 
     </span>
    </p>
   </div>
   <div class='ocr_carea' id='block_1_94' title="bbox 2419 4318 4009 4396">
    <p class='ocr_par' dir='ltr' id='par_1_94' title="bbox 2419 4318 4009 4396">
     <span class='ocr_line' id='line_1_94' title="bbox 2419 4318 4009 4396; baseline -0.011 -10"><span class='ocrx_word' id='word_1_660' title='bbox 2419 4333 2628 4386; x_wconf 79' lang='grc' dir='ltr'>πίστιν.</span> <span class='ocrx_word' id='word_1_661' title='bbox 2677 4330 2837 4383; x_wconf 85' lang='grc' dir='ltr'><strong>Ἐστι</strong></span> <span class='ocrx_word' id='word_1_662' title='bbox 2895 4327 2950 4379; x_wconf 78' lang='grc' dir='ltr'>δὲ</span> <span class='ocrx_word' id='word_1_663' title='bbox 3004 4327 3037 4393; x_wconf 82' lang='grc' dir='ltr'>ἡ</span> <span class='ocrx_word' id='word_1_664' title='bbox 3072 4324 3225 4396; x_wconf 79' lang='grc' dir='ltr'>παρὰ</span> <span class='ocrx_word' id='word_1_665' title='bbox 3270 4320 3366 4375; x_wconf 91' lang='grc' dir='ltr'><strong>τοῦ</strong></span> <span class='ocrx_word' id='word_1_666' title='bbox 3415 4319 3555 4374; x_wconf 85' lang='grc' dir='ltr'><strong>Θεοῦ</strong></span> <span class='ocrx_word' id='word_1_667' title='bbox 3600 4318 4009 4390; x_wconf 74' lang='grc' dir='ltr'><strong>προστιθεμένη</strong></span> 
     </span>
    </p>
   </div>
   <div class='ocr_carea' id='block_1_95' title="bbox 2420 4412 4014 4490">
    <p class='ocr_par' dir='ltr' id='par_1_95' title="bbox 2420 4412 4014 4490">
     <span class='ocr_line' id='line_1_95' title="bbox 2420 4412 4014 4490; baseline -0.013 -8"><span class='ocrx_word' id='word_1_668' title='bbox 2420 4428 2629 4490; x_wconf 85' lang='grc' dir='ltr'>πίστις,</span> <span class='ocrx_word' id='word_1_669' title='bbox 2682 4424 2969 4484; x_wconf 84' lang='grc' dir='ltr'>τελείωσις</span> <span class='ocrx_word' id='word_1_670' title='bbox 3016 4420 3118 4489; x_wconf 83' lang='grc' dir='ltr'><strong>τῆς</strong></span> <span class='ocrx_word' id='word_1_671' title='bbox 3190 4414 3714 4489; x_wconf 81' lang='grc' dir='ltr'>προεισενεχθείσης</span> <span class='ocrx_word' id='word_1_672' title='bbox 3773 4412 4014 4471; x_wconf 81' lang='grc' dir='ltr'>πίστεως</span> 
     </span>
    </p>
   </div>
   <div class='ocr_carea' id='block_1_96' title="bbox 2338 4519 2858 4620">
    <p class='ocr_par' dir='ltr' id='par_1_96' title="bbox 2338 4519 2858 4620">
     <span class='ocr_line' id='line_1_96' title="bbox 2338 4519 2858 4620; baseline -0.01 -44"><span class='ocrx_word' id='word_1_673' title='bbox 2338 4560 2394 4620; x_wconf 75' lang='lat' dir='ltr'><strong>D</strong></span> <span class='ocrx_word' id='word_1_674' title='bbox 2418 4524 2512 4576; x_wconf 75' lang='grc' dir='ltr'>καὶ</span> <span class='ocrx_word' id='word_1_675' title='bbox 2540 4519 2858 4590; x_wconf 82' lang='grc' dir='ltr'>βεϐαίωσις.</span> 
     </span>
    </p>
   </div>
   <div class='ocr_carea' id='block_1_97' title="bbox 2389 4598 4012 4681">
    <p class='ocr_par' dir='ltr' id='par_1_97' title="bbox 2389 4598 4012 4681">
     <span class='ocr_line' id='line_1_97' title="bbox 2389 4598 4012 4681; baseline -0.014 -9"><span class='ocrx_word' id='word_1_676' title='bbox 2389 4598 2394 4614; x_wconf 20' lang='grc' dir='ltr'>ι</span> <span class='ocrx_word' id='word_1_677' title='bbox 2492 4612 2640 4671; x_wconf 66' lang='lat' dir='ltr'><strong>Eine</strong></span> <span class='ocrx_word' id='word_1_678' title='bbox 2672 4642 2740 4654; x_wconf 88' lang='lat'><strong><em>—</em></strong></span> <span class='ocrx_word' id='word_1_679' title='bbox 2771 4609 2935 4681; x_wconf 80' lang='grc' dir='ltr'><strong>ὑμῖν.</strong></span> <span class='ocrx_word' id='word_1_680' title='bbox 3003 4605 3065 4661; x_wconf 86' lang='lat' dir='ltr'><strong>El</strong></span> <span class='ocrx_word' id='word_1_681' title='bbox 3128 4605 3278 4675; x_wconf 71' lang='grc' dir='ltr'>ἔχετε</span> <span class='ocrx_word' id='word_1_682' title='bbox 3312 4602 3390 4675; x_wconf 71' lang='grc'><strong>(2)</strong></span> <span class='ocrx_word' id='word_1_683' title='bbox 3441 4601 3650 4663; x_wconf 74' lang='grc' dir='ltr'><strong>πίστιν,</strong></span> <span class='ocrx_word' id='word_1_684' title='bbox 3707 4598 3852 4651; x_wconf 69' lang='grc' dir='ltr'><strong>οὕτω</strong></span> <span class='ocrx_word' id='word_1_685' title='bbox 3897 4598 4012 4667; x_wconf 71' lang='grc' dir='ltr'><strong>δρι-</strong></span> 
     </span>
    </p>
   </div>
   <div class='ocr_carea' id='block_1_98' title="bbox 2420 4694 4016 4781">
    <p class='ocr_par' dir='ltr' id='par_1_98' title="bbox 2420 4694 4016 4781">
     <span class='ocr_line' id='line_1_98' title="bbox 2420 4694 4016 4781; baseline -0.012 -17"><span class='ocrx_word' id='word_1_686' title='bbox 2420 4712 2603 4781; x_wconf 83' lang='grc' dir='ltr'>μεῖαν,</span> <span class='ocrx_word' id='word_1_687' title='bbox 2632 4706 2728 4760; x_wconf 68' lang='grc' dir='ltr'>καὶ</span> <span class='ocrx_word' id='word_1_688' title='bbox 2781 4704 3050 4775; x_wconf 81' lang='grc' dir='ltr'><strong>σφοδρὰν,</strong></span> <span class='ocrx_word' id='word_1_689' title='bbox 3097 4701 3194 4753; x_wconf 78' lang='grc' dir='ltr'><strong>καὶ</strong></span> <span class='ocrx_word' id='word_1_690' title='bbox 3239 4698 3475 4770; x_wconf 83' lang='grc' dir='ltr'><strong>Θερμὴν.</strong></span> <span class='ocrx_word' id='word_1_691' title='bbox 3509 4697 3585 4757; x_wconf 86' lang='grc' dir='ltr'>ὡς</span> <span class='ocrx_word' id='word_1_692' title='bbox 3614 4694 3814 4748; x_wconf 76' lang='grc' dir='ltr'>κόκκον</span> <span class='ocrx_word' id='word_1_693' title='bbox 3864 4694 4016 4745; x_wconf 65' lang='lat' dir='ltr'><strong>cud-</strong></span> 
     </span>
    </p>
   </div>
   <div class='ocr_carea' id='block_1_99' title="bbox 2419 4787 4011 4869">
    <p class='ocr_par' dir='ltr' id='par_1_99' title="bbox 2419 4787 4011 4869">
     <span class='ocr_line' id='line_1_99' title="bbox 2419 4787 4011 4869; baseline -0.012 -11"><span class='ocrx_word' id='word_1_694' title='bbox 2419 4821 2587 4867; x_wconf 72' lang='grc' dir='ltr'>πεως³</span> <span class='ocrx_word' id='word_1_695' title='bbox 2636 4800 2897 4869; x_wconf 78' lang='grc' dir='ltr'>τοιαύτης</span> <span class='ocrx_word' id='word_1_696' title='bbox 2947 4816 3059 4867; x_wconf 81' lang='grc' dir='ltr'>γαρ</span> <span class='ocrx_word' id='word_1_697' title='bbox 3091 4797 3383 4862; x_wconf 75' lang='grc' dir='ltr'>ποιότητος</span> <span class='ocrx_word' id='word_1_698' title='bbox 3430 4787 3589 4853; x_wconf 68' lang='grc' dir='ltr'>οὗτος</span> <span class='ocrx_word' id='word_1_699' title='bbox 3668 4790 4011 4859; x_wconf 82' lang='grc' dir='ltr'>μετεκινεῖτε</span> 
     </span>
    </p>
   </div>
   <div class='ocr_carea' id='block_1_100' title="bbox 2416 4884 4013 4965">
    <p class='ocr_par' dir='ltr' id='par_1_100' title="bbox 2416 4884 4013 4965">
     <span class='ocr_line' id='line_1_100' title="bbox 2416 4884 4013 4965; baseline -0.013 -10"><span class='ocrx_word' id='word_1_700' title='bbox 2416 4903 2484 4956; x_wconf 81' lang='grc' dir='ltr'><strong>ἂν</strong></span> <span class='ocrx_word' id='word_1_701' title='bbox 2533 4900 2629 4953; x_wconf 72' lang='grc' dir='ltr'>καὶ</span> <span class='ocrx_word' id='word_1_702' title='bbox 2679 4898 2746 4951; x_wconf 80' lang='grc' dir='ltr'>τὰ</span> <span class='ocrx_word' id='word_1_703' title='bbox 2784 4895 3001 4965; x_wconf 78' lang='grc' dir='ltr'><strong>δένδρα,</strong></span> <span class='ocrx_word' id='word_1_704' title='bbox 3056 4891 3151 4945; x_wconf 74' lang='grc' dir='ltr'>καὶ</span> <span class='ocrx_word' id='word_1_705' title='bbox 3179 4892 3246 4961; x_wconf 81' lang='grc' dir='ltr'><strong>τῇ</strong></span> <span class='ocrx_word' id='word_1_706' title='bbox 3300 4886 3551 4959; x_wconf 76' lang='grc' dir='ltr'><strong>θαλάσσῃ</strong></span> <span class='ocrx_word' id='word_1_707' title='bbox 3607 4884 3781 4938; x_wconf 87' lang='grc' dir='ltr'>ταῦτα</span> <span class='ocrx_word' id='word_1_708' title='bbox 3822 4886 4013 4949; x_wconf 72' lang='grc' dir='ltr'>ἑνεφυο</span> 
     </span>
    </p>
   </div>
   <div class='ocr_carea' id='block_1_101' title="bbox 2414 4974 4010 5050">
    <p class='ocr_par' dir='ltr' id='par_1_101' title="bbox 2414 4974 4010 5050">
     <span class='ocr_line' id='line_1_101' title="bbox 2414 4974 4010 5050; baseline -0.015 -1"><span class='ocrx_word' id='word_1_709' title='bbox 2414 4993 2630 5049; x_wconf 81' lang='grc' dir='ltr'><strong>τεύεττ.</strong></span> <span class='ocrx_word' id='word_1_710' title='bbox 2680 4988 2855 5043; x_wconf 87' lang='grc' dir='ltr'><strong>Τοῦτο</strong></span> <span class='ocrx_word' id='word_1_711' title='bbox 2881 4988 2938 5041; x_wconf 80' lang='grc' dir='ltr'><strong>δὲ</strong></span> <span class='ocrx_word' id='word_1_712' title='bbox 2982 4982 3159 5043; x_wconf 76' lang='grc' dir='ltr'>εἶπεν,</span> <span class='ocrx_word' id='word_1_713' title='bbox 3198 4980 3446 5035; x_wconf 74' lang='grc' dir='ltr'>ἐπαινῶν</span> <span class='ocrx_word' id='word_1_714' title='bbox 3480 4979 3581 5050; x_wconf 82' lang='grc' dir='ltr'><strong>τὴν</strong></span> <span class='ocrx_word' id='word_1_715' title='bbox 3650 4977 3871 5030; x_wconf 80' lang='grc' dir='ltr'>τελείαν</span> <span class='ocrx_word' id='word_1_716' title='bbox 3921 4974 4010 5026; x_wconf 81' lang='grc' dir='ltr'><strong>πί-</strong></span> 
     </span>
    </p>
   </div>
   <div class='ocr_carea' id='block_1_102' title="bbox 2419 5068 4009 5154">
    <p class='ocr_par' dir='ltr' id='par_1_102' title="bbox 2419 5068 4009 5154">
     <span class='ocr_line' id='line_1_102' title="bbox 2419 5068 4009 5154; baseline -0.015 -11"><span class='ocrx_word' id='word_1_717' title='bbox 2419 5107 2537 5144; x_wconf 84' lang='grc' dir='ltr'><strong>στιν</strong></span> <span class='ocrx_word' id='word_1_718' title='bbox 2562 5131 2575 5152; x_wconf 83' lang='grc'>,</span> <span class='ocrx_word' id='word_1_719' title='bbox 2610 5088 2703 5140; x_wconf 76' lang='grc' dir='ltr'>καὶ</span> <span class='ocrx_word' id='word_1_720' title='bbox 2736 5082 2915 5154; x_wconf 73' lang='grc' dir='ltr'>δηλῶν</span> <span class='ocrx_word' id='word_1_721' title='bbox 2968 5080 3028 5133; x_wconf 78' lang='grc' dir='ltr'>τὸ</span> <span class='ocrx_word' id='word_1_722' title='bbox 3063 5076 3511 5150; x_wconf 76' lang='grc' dir='ltr'><strong>μιγαλοδύναμον</strong></span> <span class='ocrx_word' id='word_1_723' title='bbox 3559 5073 3758 5140; x_wconf 68' lang='grc' dir='ltr'>αὐτῆς.</span> <span class='ocrx_word' id='word_1_724' title='bbox 3804 5068 4009 5139; x_wconf 79' lang='grc' dir='ltr'>Εἴρηκε</span> 
     </span>
    </p>
   </div>
   <div class='ocr_carea' id='block_1_103' title="bbox 2418 5164 4013 5249">
    <p class='ocr_par' dir='ltr' id='par_1_103' title="bbox 2418 5164 4013 5249">
     <span class='ocr_line' id='line_1_103' title="bbox 2418 5164 4013 5249; baseline -0.015 -12"><span class='ocrx_word' id='word_1_725' title='bbox 2418 5185 2477 5237; x_wconf 81' lang='grc' dir='ltr'><strong>δὲ</strong></span> <span class='ocrx_word' id='word_1_726' title='bbox 2527 5182 2656 5249; x_wconf 74' lang='grc' dir='ltr'>περὶ</span> <span class='ocrx_word' id='word_1_727' title='bbox 2707 5181 2945 5239; x_wconf 70' lang='grc' dir='ltr'>πίστεως</span> <span class='ocrx_word' id='word_1_728' title='bbox 2977 5174 3071 5227; x_wconf 78' lang='grc' dir='ltr'>καὶ</span> <span class='ocrx_word' id='word_1_729' title='bbox 3112 5172 3314 5225; x_wconf 76' lang='grc' dir='ltr'>κόκκου</span> <span class='ocrx_word' id='word_1_730' title='bbox 3368 5168 3643 5229; x_wconf 81' lang='grc' dir='ltr'><strong>σινάπεως</strong></span> <span class='ocrx_word' id='word_1_731' title='bbox 3691 5165 3784 5218; x_wconf 75' lang='grc' dir='ltr'><strong>καὶ</strong></span> <span class='ocrx_word' id='word_1_732' title='bbox 3838 5165 3896 5216; x_wconf 84' lang='grc' dir='ltr'>ὲν</span> <span class='ocrx_word' id='word_1_733' title='bbox 3933 5164 4013 5233; x_wconf 84' lang='grc' dir='ltr'><strong>τῷ</strong></span> 
     </span>
    </p>
   </div>
   <div class='ocr_carea' id='block_1_104' title="bbox 2418 5258 4014 5348">
    <p class='ocr_par' dir='ltr' id='par_1_104' title="bbox 2418 5258 4014 5348">
     <span class='ocr_line' id='line_1_104' title="bbox 2418 5258 4014 5348; baseline -0.013 -18"><span class='ocrx_word' id='word_1_734' title='bbox 2418 5272 2731 5348; x_wconf 75' lang='grc' dir='ltr'>τριακοστῷ</span> <span class='ocrx_word' id='word_1_735' title='bbox 2778 5270 3015 5339; x_wconf 72' lang='grc' dir='ltr'><strong>πέμπτῳ</strong></span> <span class='ocrx_word' id='word_1_736' title='bbox 3060 5264 3341 5337; x_wconf 77' lang='grc' dir='ltr'>κεφαλαίῳ</span> <span class='ocrx_word' id='word_1_737' title='bbox 3371 5261 3467 5315; x_wconf 84' lang='grc' dir='ltr'><strong>τοῦ</strong></span> <span class='ocrx_word' id='word_1_738' title='bbox 3518 5258 3659 5315; x_wconf 78' lang='grc' dir='ltr'>κατὰ</span> <span class='ocrx_word' id='word_1_739' title='bbox 3710 5258 4014 5323; x_wconf 79' lang='grc' dir='ltr'>Ματοαῖον,</span> 
     </span>
    </p>
   </div>
   <div class='ocr_carea' id='block_1_105' title="bbox 2422 5364 3153 5439">
    <p class='ocr_par' dir='ltr' id='par_1_105' title="bbox 2422 5364 3153 5439">
     <span class='ocr_line' id='line_1_105' title="bbox 2422 5364 3153 5439; baseline -0.008 -18"><span class='ocrx_word' id='word_1_740' title='bbox 2422 5370 2562 5439; x_wconf 69' lang='grc' dir='ltr'><strong>πλὴν</strong></span> <span class='ocrx_word' id='word_1_741' title='bbox 2591 5366 2713 5419; x_wconf 73' lang='grc' dir='ltr'>καθ’</span> <span class='ocrx_word' id='word_1_742' title='bbox 2746 5365 2943 5435; x_wconf 75' lang='grc' dir='ltr'><strong>ἑτέραν</strong></span> <span class='ocrx_word' id='word_1_743' title='bbox 2970 5364 3153 5415; x_wconf 77' lang='grc' dir='ltr'>ἔννοια</span> 
     </span>
    </p>
   </div>
   <div class='ocr_carea' id='block_1_106' title="bbox 2166 5551 2611 5618">
    <p class='ocr_par' dir='ltr' id='par_1_106' title="bbox 2166 5551 2611 5618">
     <span class='ocr_line' id='line_1_106' title="bbox 2166 5551 2611 5618; baseline -0.002 -12"><span class='ocrx_word' id='word_1_744' title='bbox 2166 5551 2209 5582; x_wconf 79' lang='grc'><strong>’³</strong></span> <span class='ocrx_word' id='word_1_745' title='bbox 2250 5552 2421 5608; x_wconf 87' lang='lat' dir='ltr'><strong>lCor.</strong></span> <span class='ocrx_word' id='word_1_746' title='bbox 2449 5568 2545 5618; x_wconf 76' lang='lat' dir='ltr'><strong>xu,</strong></span> <span class='ocrx_word' id='word_1_747' title='bbox 2579 5552 2611 5606; x_wconf 91' lang='lat'><strong>8</strong></span> 
     </span>
    </p>
   </div>
   <div class='ocr_carea' id='block_1_107' title="bbox 1915 5731 2803 5797">
    <p class='ocr_par' dir='ltr' id='par_1_107' title="bbox 1915 5731 2803 5797">
     <span class='ocr_line' id='line_1_107' title="bbox 1915 5731 2803 5797; baseline -0.001 -5"><span class='ocrx_word' id='word_1_748' title='bbox 1915 5732 2117 5793; x_wconf 69' lang='lat' dir='ltr'><strong>Vat-ite</strong></span> <span class='ocrx_word' id='word_1_749' title='bbox 2148 5731 2456 5797; x_wconf 84' lang='lat' dir='ltr'><strong>lectiones</strong></span> <span class='ocrx_word' id='word_1_750' title='bbox 2501 5740 2560 5793; x_wconf 80' lang='lat' dir='ltr'><strong>et</strong></span> <span class='ocrx_word' id='word_1_751' title='bbox 2613 5740 2803 5795; x_wconf 67' lang='lat' dir='ltr'><strong>notae.</strong></span> 
     </span>
    </p>
   </div>
   <div class='ocr_carea' id='block_1_108' title="bbox 772 5934 2290 6007">
    <p class='ocr_par' dir='ltr' id='par_1_108' title="bbox 772 5934 2290 6007">
     <span class='ocr_line' id='line_1_108' title="bbox 772 5934 2290 6007; baseline -0.001 -16"><span class='ocrx_word' id='word_1_752' title='bbox 772 5936 848 6006; x_wconf 71' lang='grc' dir='ltr'><strong>(Ξ)</strong></span> <span class='ocrx_word' id='word_1_753' title='bbox 882 5935 1091 6007; x_wconf 76' lang='grc' dir='ltr'><strong>Εἶχετε.</strong></span> <span class='ocrx_word' id='word_1_754' title='bbox 1130 5935 1189 5987; x_wconf 86' lang='grc' dir='ltr'><strong>Λ.</strong></span> <span class='ocrx_word' id='word_1_755' title='bbox 1224 5934 1296 5988; x_wconf 84' lang='lat' dir='ltr'><strong>lla</strong></span> <span class='ocrx_word' id='word_1_756' title='bbox 1326 5934 1659 5993; x_wconf 78' lang='lat' dir='ltr'><strong>dissentiunt</strong></span> <span class='ocrx_word' id='word_1_757' title='bbox 1686 5937 1851 5993; x_wconf 77' lang='lat' dir='ltr'><strong>etiam</strong></span> <span class='ocrx_word' id='word_1_758' title='bbox 1895 5954 1947 5992; x_wconf 82' lang='grc' dir='ltr'><strong>ιιι</strong></span> <span class='ocrx_word' id='word_1_759' title='bbox 2007 5947 2290 5993; x_wconf 73' lang='lat' dir='ltr'><strong>contextu.</strong></span> 
     </span>
    </p>
   </div>
  </div>
