4436 6450
747 410 876 471 1051

1090 516 1244 571 CAP.
1278 517 1412 570 LXI.
1465 517 1537 570 De
1562 519 1743 585 judice
1766 520 1967 582 iniquo.

809 606 963 663 CAP.
999 606 1188 661 XVIII.
1224 608 1381 661 Vers.
1413 608 1461 661 I.
1491 609 1799 662 Dicebat—
1838 629 2012 665 orare.
2057 613 2152 667 Die
2177 614 2337 667 vide-

738 698 864 750 ticet
888 706 942 749 et
973 705 1155 760 nocte,
1189 700 1448 768 congruis
1477 707 1532 750 et
1563 700 1833 754 ordinatis
1865 704 2231 771 temporibus.

805 786 1019 842 νει-ελ.
1054 786 1163 840 Nec
1187 788 1495 856 defatigari.
1525 787 1643 841 Non
1677 789 1916 846 deﬁcere
1978 805 2224 849 orantes.

811 969 1041 1023 Vers.2.
1087 969 1269 1024 Diceris
1318 1001 1388 1012 --
1443 971 1601 1027 Vers.
1636 975 1688 1029 4.
1755 976 2109 1044 Aliquam/iu.
2144 978 2333 1048 Neque

738 1055 907 1110 Deum
942 1060 1167 1113 timebat
1194 1062 1481 1129 jubentem
1522 1080 1617 1117 eos
1649 1064 1947 1127 vindicare,
1984 1070 2071 1134 qui
2127 1070 2333 1138 injuria

736 1150 915 1204 affecti
956 1162 1116 1204 sunt:
1151 1168 1328 1223 neque
1365 1156 1643 1210 hominem
1690 1160 2075 1223 rcverebatur,
2106 1166 2199 1229 qui
2238 1166 2327 1231 ju-

733 1241 945 1294 dieibus
969 1243 1285 1314 indignatur
1306 1262 1600 1317 oppressos
1627 1249 2089 1318 despicientibus.

805 1423 960 1480 Vers.
988 1429 1042 1481 4.
1074 1429 1197 1483 Post
1225 1433 1425 1484 lutc—
1454 1432 1607 1488 Vers.
1646 1434 1699 1489 5.
1734 1434 1917 1490 Illam.
1965 1438 2031 1506 Η-
2065 1440 2332 1497 Laborem

730 1532 879 1572 nunc
903 1520 1436 1584 dicit,tnrbationem
1488 1525 1866 1599 (molestiam).

805 1610 957 1664 Vers.
990 1613 1042 1665 5.
1101 1614 1181 1667 Ne
1212 1645 1281 1657 —-
1339 1633 1439 1669 me.
1512 1618 1577 1670 In
1612 1620 1792 1687 ﬁnem,
1842 1625 1945 1677 hoc
1997 1639 2102 1689 est,
2180 1643 2335 1695 pror-

729 1716 842 1762 sus.
880 1714 974 1756 aut
1033 1705 1275 1759 tandem.
1314 1706 1577 1763 Exturbet
1630 1723 1836 1777 autem,
1881 1718 1932 1769 id
1966 1728 2069 1781 est,
2094 1722 2334 1787 graviter

729 1795 961 1859 aspiciat
996 1796 1058 1863 (t)
1090 1805 1186 1850 aut
1222 1809 1405 1868 cogat:
1460 1816 1582 1854 nam
1625 1804 1742 1858 haec
1777 1808 2059 1875 signiﬁcat
2095 1813 2326 1867 verbum

728 1886 1033 1957 ὑποτειάζῃ.

803 1976 955 2030 Vers.
986 1978 1038 2032 6.
1086 1980 1175 2034 Ait
1199 2012 1267 2023 —
1296 1984 1464 2037 dicat.
1494 1983 1654 2051 Puta,
1690 1990 1835 2056 quod
1868 2005 2187 2062 quanquam
2215 2010 2329 2050 non

725 2077 956 2135 pmpter
1011 2070 1104 2125 Dei
1150 2075 1406 2131 timorem
1452 2093 1598 2132 :nec
1652 2079 1895 2135 hominis
1934 2086 2327 2152 reverentiam,

723 2162 1001 2214 atsaltem
1075 2174 1300 2233 propter
1374 2169 1686 2223 molestiam
1756 2186 1822 2225 ac
1856 2172 2324 2243 interpellationis

726 2252 1171 2319 tontinuitatem,
1207 2258 1592 2313 vindicaturus
1624 2269 1708 2315 est
1742 2262 1916 2317 illam.

802 2345 954 2400 Vers.
996 2349 1049 2404 7.
1077 2347 1215 2403 Deus
1252 2380 1320 2389 —
1353 2362 1525 2405 nocte.
1556 2353 1868 2427 Interrogat
1927 2357 2330 2430 hoc,tanquam

723 2440 1189 2502 necessariummt
1224 2445 1408 2511 quivis
1438 2445 1680 2501 fateatur

799 2531 952 2585 Vers.
988 2532 1037 2585 7.
1070 2534 1326 2589 Etiam—
1360 2540 1488 2592 illis.
1518 2540 1846 2613 Quanquam
1876 2544 2019 2602 Deus
2038 2549 2332 2617 superillis

724 2628 959 2692 primum
984 2628 1228 2682 tolerans
1256 2632 1473 2686 sitsive
1505 2636 1660 2703 quasi
1696 2637 1992 2707 despicere
2046 2641 2331 2709 aliquanto

720 2727 973 2788 tempore
1008 2724 1276 2790 videatur,
1308 2736 1368 2779 ut
1399 2728 1497 2795 ipsi
1534 2732 1863 2797 probentur.

795 2814 942 2868 Vers.
971 2815 1024 2869 8.
1083 2814 1213 2870 Dico
1249 2848 1319 2858 —
1356 2823 1480 2874 cito.
1517 2820 1759 2878 Omnino
1795 2834 1918 2894 post
1972 2826 2328 2882 tolerantiam

722 2904 907 2959 [κρίσι.

794 2995 1029 3060 Quidam
1064 3016 1193 3056 vero
1222 2984 1377 3072 juxta
1406 3020 1689 3078 anagogen
1718 3009 2045 3081 intelligunt
2074 3014 2323 3081 judicem

722 3089 1027 3157 injustitiaz,
1061 3094 1270 3149 Deum:
1314 3098 1406 3167 qui
1447 3100 1617 3154 Deum
1664 3118 1769 3156 non
1831 3106 2012 3169 timet,
2040 3122 2163 3160 cum
2216 3123 2326 3160 non

718 3181 787 3235 sit
822 3183 965 3239 alius
993 3187 1135 3241 Deus
1186 3202 1387 3258 praeter
1430 3193 1635 3261 ipsum,
1700 3212 1804 3249 nec
1850 3198 2129 3253 hominem
2167 3215 2326 3255 reve-

720 3286 890 3339 retur,
923 3290 1113 3349 utpote
1158 3299 1354 3341 carens
1402 3298 1656 3355 respectu
1699 3305 2088 3358 personarum.
2128 3296 2333 3351 Civita-

717 3380 828 3427 tem
854 3390 1005 3437 vero,
1044 3374 1352 3435 Ecclesiam
1394 3383 1587 3437 dicunt
1632 3383 1910 3451 ﬁdelium;
1948 3387 2165 3447 viduam
2229 3406 2331 3445 au—

722 3478 854 3527 tem,
910 3470 1215 3535 quamlibet
1268 3473 1511 3526 animam
1596 3485 1914 3543 sepanatam
1974 3494 2001 3531 a
2060 3478 2330 3535 daemonis

717 3560 1145 3629 conjunctione;
1195 3567 1537 3618 contrarium
1611 3582 1744 3621 vero
1789 3569 1959 3633 illius,
2028 3572 2326 3627 diabolum.

716 3653 973 3707 Ostendit
1012 3671 1141 3724 ergo
1197 3660 1479 3725 parabola,
1528 3661 1677 3730 quod
1733 3678 1820 3716 res
1851 3662 1921 3717 sit
1964 3665 2205 3720 maxime
2238 3682 2332 3721 ex-

715 3748 944 3815 pediens
973 3750 1245 3806 orationis
1292 3756 1741 3821 perseverantia.

797 3838 1224 3910 Chrysostnmus
1254 3860 1382 3900 vero
1408 3846 1635 3915 impium
1661 3864 1723 3904 ac
1749 3849 2112 3907 inhumanum
2136 3853 2329 3911 dicens
2392 3856 2396 3861 ’

716 3936 861 3989 hunc
892 3936 1159 4005 judicem,
1190 3938 1371 4007 rejicit
1399 3941 1719 4011 hujusmodi
1750 3959 2059 4017 anagogen.

786 4127 943 4181 Vers.
988 4126 1040 4182 8.
1074 4127 1443 4184 Verumtamen
1470 4161 1539 4173 —
1567 4143 1712 4188 terra
1739 4137 1764 4189 7
1824 4134 1965 4190 Cum
2026 4140 2237 4193 venerit
2270 4141 2325 4194 in

714 4219 961 4273 secundo
984 4219 1244 4275 adventu.
1296 4217 1607 4291 Interrogat
1635 4233 1821 4278 autem
1853 4236 1909 4278 et
1932 4226 1999 4280 de
2032 4227 2158 4292 hoc,
2190 4242 2321 4294 non,

712 4313 859 4383 quod
888 4315 1119 4384 ignoret,
1156 4314 1254 4370 sed
1295 4314 1617 4382 ostendens,
1647 4319 1793 4387 quod
1822 4329 1957 4373 tunc
1985 4322 2145 4389 pauci
2184 4321 2322 4377 lide-

713 4405 793 4460 les
828 4406 1211 4460 invenientur.

784 4519 938 4573 CAP.
980 4519 1141 4575 LXII.
1184 4518 1264 4573 De
1319 4519 1598 4575 Phariswo
1638 4532 1689 4575 et
1722 4524 2028 4593 publicano.

786 4614 941 4670 Vers.
963 4615 1020 4669 9.
1042 4612 1447 4669 Dirit—Vers.
1483 4617 1569 4668 IO.
1600 4615 1951 4673 Publicanus.
1982 4623 2121 4690 Apte
2145 4639 2319 4679 unum

710 4709 998 4779 proposuit
1036 4706 1370 4760 Pharismum
1407 4710 1712 4762 etalterum
1748 4713 2101 4779 publicanum
2135 4735 2148 4779 ;
2178 4717 2323 4772 Pha-

711 4801 848 4854 rismi
886 4800 1159 4869 siquidem
1200 4800 1337 4869 justi
1384 4800 1739 4867 videbantur,
1762 4813 1817 4859 et
1849 4808 2133 4876 publicani
2184 4827 2319 4881 pec-

706 4907 947 4950 calores.

784 4990 939 5046 Vers.
986 4992 1073 5046 II.
1106 4990 1410 5045 Phariswua
1456 5023 1524 5032 —
1565 4993 1901 5063 publicanus.
1935 4996 2088 5053 Talia
2124 5016 2316 5068 orans,

709 5088 845 5139 nihil
882 5086 1032 5139 aliud
1073 5087 1289 5157 agebat,
1325 5102 1488 5157 quam
1536 5088 1682 5157 quod
1714 5104 1770 5143 se
1799 5091 1980 5159 ipsum
2024 5093 2314 5163 laudabat,

705 5188 940 5231 caeteros
979 5192 1109 5231 vero
1160 5178 1415 5233 homines
1454 5186 1517 5233 ac
1550 5180 1912 5249 publicanum
1984 5188 2312 5256 spernebat.

817 5300 862 5327 "
902 5297 1095 5352 Matth.
1136 5314 1285 5363 utv,
1322 5294 1412 5353 27.

1993 411 2371 471 ΕυΤΙΙΥΜΙΙ
2419 411 2777 472 ZIGABENI

2368 525 2415 577 Α

3893 416 4027 478 1059

2620 523 2777 575 ΚΕΦ.
2802 523 2921 575 ΞΑἏ
2948 523 3085 590 Περὶ
3110 523 3214 576 τοῦ
3240 526 3441 591 κριτοῦ
3464 508 3571 592 τῆς
3597 526 3848 591 ἀδικίας.

2518 616 2734 685 Ἔλεγε
2765 647 2835 658 -—
2860 621 3333 684 προσεύχεσθαι.
3376 620 3646 689 Ἡμέρας,
3678 620 3903 689 δηλαδὴ,
3934 621 4032 672 καὶ

2440 711 2654 775 νυκτὸς,
2686 712 2826 763 κατὰ
2857 713 2983 772 τοὺς
3013 713 3395 779 προσήκοντας
3421 716 3666 781 καιρούς.

2510 799 2621 851 Καὶ
2671 800 2756 866 μὴ
2809 800 3112 853 ἐκκακεῒν.
3176 800 3268 871 Μὴ
3320 803 3665 869 ἀποκάμνειν
3722 819 4025 873 προσευχο-

2443 890 2661 959 μένους.

2511 986 2717 1052 Λέτων
2758 1012 2828 1025 -ι-
2871 985 2967 1037 ἐπὶ
3018 988 3259 1052 χρόνον.
3318 986 3471 1055 Μήτε
3530 987 3620 1039 τὸν
3664 987 3795 1038 Θεὸν
3833 986 4028 1053 φοϐοῦ-

2442 1088 2625 1139 μενος,
2673 1072 2765 1123 τὸν
2816 1074 3105 1125 κελεύοντα
3155 1075 3390 1126 ἐκδικεῖν
3437 1078 3564 1136 τοὺς
3597 1079 4023 1141 ἀδικουμένους·

2441 1165 2581 1233 μήτε
2642 1165 2928 1234 ἄνθρωπον
2996 1167 3435 1235 ἐντρεπόμενος,
3516 1168 3607 1219 τὸν
3676 1170 4049 1237 μεμφόμενον.

2438 1258 2549 1317 τοῖς
2607 1256 2893 1318 δικασταῖς
2956 1260 3070 1319 τοῖς
3129 1258 3431 1327 περιορῶσι
3488 1259 3614 1321 τοὺς
3669 1262 3807 1311 κατά
3865 1261 4029 1312 δυνα-

2439 1350 2817 1416 στευομὲνους.

2509 1444 2669 1495 Μετὰ
2702 1442 2770 1494 δὲ
2810 1443 2998 1497 ταῦτα
3041 1474 3112 1485 -
3140 1444 3357 1513 αὐτήν.
3396 1445 3579 1498 Κόπον
3613 1443 3668 1497 δὲ
3722 1444 3833 1513 (I9)
3879 1443 4029 1512 λέγει

2437 1532 2555 1596 νῦν,
2582 1535 2680 1603 τὴν
2711 1534 2957 1603 ὄχλησιν.

2510 1625 2648 1677 Ἵνα
2703 1656 2775 1667 —-
2830 1645 2927 1695 με.
2990 1630 3082 1691 El;
3147 1629 3321 1690 τέλος,
3380 1628 3549 1698 ἧγουν
3603 1627 3733 1697 ἄχρι
3802 1628 4028 1689 παντὸς,

2435 1714 2501 1765 δι’
2531 1717 2677 1769 ὅλου.
2722 1717 3058 1787 ’Υπωπιάζῃ
3094 1720 3205 1791 (I5)
3235 1737 3299 1789 με
3324 1720 3404 1786 δὲ,
3431 1719 3563 1773 ’ἀντὶ
3590 1720 3685 1772 τοῦ
3721 1760 3736 1783 ,
3765 1722 4028 1789 Δυσωπῇ,

2441 1809 2552 1878 (η)
2591 1810 2623 1878 ἦ
2665 1809 2848 1880 {Min-

2508 1982 2657 2040 Εἷπε
2691 2016 2759 2026 —
2794 1988 2979 2055 λέγει.
3018 1988 3165 2050 Ὅτι,
3208 1988 3255 2041 εί
3290 1988 3385 2040 καὶ
3413 1986 3494 2059 μὴ
3536 1989 3629 2043 διά
3656 1989 3821 2058 φόϐον
3851 1987 3988 2046 Θεοῦ
4016 2028 4033 2052 .

2434 2078 2530 2128 καὶ
2566 2080 2838 2145 ἐντροπὴν
2889 2078 3182 2139 ἀνθρώπου
3204 2120 3219 2143 ,
3254 2080 3390 2133 ἀλλά
3422 2097 3486 2142 γε
3521 2079 3608 2133 διά
3642 2081 3740 2149 τὴν
3773 2078 3996 2150 ὄχλησιν
4017 2117 4051 2153 ,1

2435 2170 2528 2223 καὶ
2559 2170 2622 2233 τὰ
2648 2171 2876 2242 συνεχὲς
2900 2174 3000 2243 τῆς
3030 2173 3327 2237 ἐντεύξεως
3358 2172 3639 2243 ἐκδικήσει
3672 2172 3864 2243 αὑτήν.

2520 2341 2582 2395 '0
2609 2341 2677 2395 δὲ
2703 2343 2849 2408 Θεὸς
2877 2373 2947 2383 -
2978 2346 3224 2410 νυκτός.
3274 2343 3488 2415 Ἐρωτᾷ
3524 2342 3679 2396 τοῦτο
3701 2383 3716 2408 ,
3751 2342 3827 2407 ὼς
3860 2344 4034 2409 ἀναγ-

2436 2438 2590 2490 καῖον
2614 2438 3141 2507 συνομολογηθῆναι.

2508 2529 2617 2584 Kal
2658 2559 2727 2568 ——
2758 2530 2968 2596 αὐτοῖς
2995 2547 3013 2590 .'
3058 2531 3115 2583 Ὀ
3146 2530 3279 2593 Θεὸς
3303 2570 3318 2593 ,
3352 2533 3380 2584 ὁ
3411 2532 3503 2583 καὶ
3540 2530 3914 2599 μακροθυμῶν
3949 2527 4034 2581 ιπ’

2436 2622 2623 2684 αὐτοῖς
2664 2623 2971 2693 πρότερον,
3008 2623 3179 2693 ήγουν
3203 2622 3231 2675 ὁ
3264 2622 3526 2695 παρορῶν
3560 2624 3759 2684 αὐτοὺς
3800 2623 3889 2675 ἐπ’
3922 2620 4033 2674 ὀλί-

2435 2732 2552 2785 γον,
2591 2717 2677 2768 ἵνα
2709 2715 3108 2784 δοκιμασθῶσι.

2507 2807 2674 2877 Λέγω
2707 2838 2775 2848 —
2814 2808 3005 2878 τάχει.
3042 2809 3200 2864 Μετὰ
3234 2809 3334 2881 τὴν
3370 2808 3759 2881 μακροθυμίαν
3792 2806 4031 2867 πάντως.

2508 2995 2670 3058 Τινὲς
2688 2995 2745 3049 δὲ
2766 2996 2907 3049 κατά
2932 2996 3231 3067 ἀναγωγὴν
3254 2995 3437 3049 νοοῦσι
3461 2995 3657 3065 κριτὴν
3674 2995 3775 3059 τῆς
3797 2994 4031 3055 ἀδικίας,

2433 3089 2526 3139 τὸν
2555 3088 2712 3151 Θεὸν,
2748 3092 2885 3159 μήτε
2913 3090 3047 3144 Θεὸν
3078 3091 3435 3160 φοϐούμενον,
3464 3091 3540 3153 ὼς
3575 3089 3650 3159 μὴ
3672 3092 3823 3150 ὄντος
3848 3088 4033 3157 ἐτέρου

2435 3180 2572 3234 Θεοῦ
2604 3185 2733 3254 παρ’
2769 3183 2934 3236 αὑτὸν
2957 3227 2970 3249 ,
3007 3184 3147 3253 μήτε
3180 3184 3467 3252 ἄνθρωπον
3497 3182 3928 3252 ὲντρεπόμενον,
3960 3181 4035 3243 ὡς

2436 3275 2993 3349 ἀπροσωπόληπτον¹
3050 3275 3203 3332 πόλιν
3246 3278 3323 3343 δὲ,
3380 3277 3479 3348 τὴν
3542 3274 3875 3346 Ἐκκλησίαν
3922 3274 4034 3329 τῶν

2436 3372 2645 3424 πιστῶν
2666 3390 2677 3402 ’
2712 3374 2889 3443 χήραν
2917 3374 2995 3438 δὲ,
3031 3377 3209 3427 πᾶσαν
3232 3374 3433 3444 ψυχὴν,
3464 3374 3537 3434 ὠς
3565 3370 3911 3443 χηρεύσαων
3939 3371 4037 3438 τῆς

2434 3464 2570 3535 πρὸς
2614 3467 2703 3517 τὸν
2749 3467 2979 3534 δαίμονα
3032 3468 3365 3536 συναφείαςο
3416 3465 3690 3519 ἀντίδικον
3737 3464 3793 3517 δὲ
3842 3465 4031 3530 αὐτῆς,

2432 3559 2523 3610 τὸν
2543 3559 2813 3613 διάϐολον.
2847 3562 3089 3625 ⁹Ε⁷ειξεν
3117 3562 3209 3614 οὖν
3235 3563 3265 3629 ἡ
3298 3559 3607 3630 παραϐολὴ,
3635 3561 3719 3612 ὅτι
3751 3556 4035 3627 ἀνυσιμῶο

2432 3654 2597 3706 τατόν
2630 3656 2748 3708 ἐστι
2780 3657 2839 3709 τὸ
2875 3657 2971 3725 τῆς
3006 3656 3321 3726 προσευγῆς
3357 3654 3640 3724 ἐπίμονον.

2507 3845 2602 3918 [Ὀ
2639 3846 2753 3918 (I5)
2786 3847 2841 3899 δὲ
2878 3846 3295 3917 Χρυσόστομος,
3331 3846 3549 3899 ἀνόσιον
3582 3844 3693 3911 (16)
3732 3845 3823 3895 καὶ
3858 3842 4035 3897 ἀπάν-

2432 3942 2655 4013 θρωπον
2702 3942 2879 4010 λέγων
2924 3942 3016 3994 τὸν
3048 3942 3294 3995 τοιοῦτον
3340 3941 3559 4010 κριτὴν,
3596 3939 3902 4026 ἀπονοεῖται
3934 3938 4034 4009 τὴν

2430 4034 2693 4105 τοιαύτην
2725 4033 3071 4106 ἀναγωγήν.]

2499 4129 2677 4197 Πλὴν
2705 4159 2777 4170 -—
2809 4128 2967 4197 rﬁc;
3021 4128 3227 4181 Ἐλθὼν
3260 4128 3320 4181 ὲν
3354 4128 3421 4199 τῇ
3462 4126 3695 4196 δευτέρᾳ
3730 4124 4031 4194 παρουσίᾳ.

2441 4223 2657 4294 Ἐρωτᾷ
2712 4224 2769 4277 δὲ
2826 4225 2921 4277 καὶ
2963 4223 3098 4292 περὶ
3129 4222 3357 4287 τούτου,
3397 4221 3497 4291 οὐχ
3530 4220 3607 4281 ὡς
3644 4218 3879 4285 ἀγνοῶν,
3914 4217 4031 4271 ἀλλ’

2425 4318 2735 4390 ἐμφαίνων,
2768 4320 2850 4374 ὅτι
2877 4317 3049 4387 ὀλίγοι
3078 4317 3256 4370 πιστοὶ
3282 4314 3675 4387 εὑρεθήσονται
3704 4313 3847 4368 τότε.

2429 4534 2589 4587 ΚΕΦ.
2627 4530 2748 4585 ΞΒ’.
2788 4531 2927 4599 Περὶ
2968 4530 3075 4583 τοῦ
3105 4530 3440 4599 Φαρισαίου
3468 4525 3569 4581 καί
3605 4524 3709 4580 τοῦ
3740 4522 4025 4580 τελώνου.

2497 4623 2645 4680 Eius
2685 4656 2749 4666 —-
2780 4624 3069 4691 τελώνης.
3119 4622 3422 4694 Ἀρμοδίως
3448 4621 3542 4673 τὸν
3584 4620 3681 4672 ἕνα
3735 4618 4033 4688 Φαρισαῖον

2430 4714 2689 4779 ὑπέθετο,
2747 4713 2841 4765 καὶ
2900 4713 2991 4765 τὸν
3041 4714 3252 4779 ἕτερον,
3313 4708 3557 4779 τελώνην
3604 4724 3618 4739 ⁸
3648 4707 3696 4759 οί
3744 4706 4031 4775 Φαρισαῖοι

2433 4809 2531 4879 μὲν
2570 4810 2681 4879 γὰρ
2714 4809 2919 4861 δίκαιοι
2952 4804 3203 4860 δοκοῦσιν
3224 4846 3239 4871 ,
3270 4806 3316 4857 οἱ
3347 4804 3579 4859 τελῶναι
3602 4801 3658 4856 δὲ
3687 4797 4031 4873 ἁμαρτωλοί.

2532 5000 2575 5050 0
2597 4995 2928 5064 Φαρισαῖος
2958 5026 3031 5036 —
3060 4996 3349 5063 τελώνης.
3384 4994 3624 5049 Τοιαῦτα
3658 4990 4033 5064 προσευχόμε-

2422 5110 2512 5155 νος
2535 5133 2549 5155 ,
2578 5093 2731 5145 οὐδὲν
2764 5090 2953 5161 ἕτερον
2980 5090 3155 5143 ἐποίει
3178 5132 3191 5154 ,
3216 5090 3248 5159 ἦ
3284 5088 3625 5157 ἐνεκωμίαζε
3662 5087 3761 5157 μὲν
3792 5085 3986 5140 ἑαυτὸν
4012 5126 4028 5147 ,

2422 5185 2692 5253 ὲξουδένει
2722 5184 2778 5237 δὲ
2811 5186 2938 5246 τοὺς
2972 5182 3194 5246 λοιποὺς
3226 5180 3579 5255 ἀνθρώπους,
3618 5180 3713 5235 καὶ
3743 5180 3832 5232 τὸν
3863 5178 4032 5231 τελώ-

1931 5378 2132 5441 Varim
2175 5379 2491 5447 lectiones
2523 5389 2584 5445 et
2609 5388 2802 5444 notae.

781 5498 892 5575 (ιε)
929 5496 996 5550 Δέ
1052 5496 1257 5552 omittit
1307 5498 1365 5552 Β.
1402 5496 1519 5575 Iloc
1558 5500 1773 5575 scholio
1798 5513 1953 5559 caret
1979 5503 2306 5575 Hentenius,

705 5571 860 5644 apud
882 5584 1046 5644 quem
1078 5580 1373 5644 contextus
1398 5570 1632 5642 junctim
1662 5572 1883 5644 legitur.

776 5642 868 5705 (I5
908 5639 1260 5703 ’Υπωπιάζει
1292 5642 1351 5695 Β.

774 5713 818 5782 (l
843 5712 886 5781 ι)
932 5714 1187 5767 Δυσωπεῖ
1216 5713 1461 5785 miscet
1495 5715 1535 5768 Β

775 5813 840 5881 (ι)
877 5810 1028 5867 Satis
1060 5822 1377 5883 apparetex
1412 5814 1691 5879 versione,
1757 5814 2092 5872 Hentenium
2154 5822 2311 5875 inve—

700 5902 848 5939 nisse
899 5886 1205 5959 ὑποπεάζῃ.
1246 5886 1521 5943 C.eterum
1572 5887 1852 5944 δυσωπεῖν
1911 5907 2032 5944 τινα
2082 5903 2312 5947 nonest

698 5959 932 6019 uraritcr
955 5963 1210 6020 περίμενε,
1234 5959 1435 6011 t-ultum
1466 5960 1699 6024 alicuius
1725 5961 1795 6013 ad
1822 5967 2076 6017 nudarent
2110 5975 2311 6019 ctt'crc-

2505 5506 2614 5584 (l5)
2645 5507 2952 5584 Inclusarin
2987 5506 3235 5578 margine
3272 5504 3439 5560 habet
3468 5504 3533 5559 A.
3565 5501 3823 5584 intexto
3862 5497 3921 5584 ΒΣ

2503 5570 2619 5648 (16)
2656 5580 2813 5649 Apud
2856 5570 3314 5650 Chrysostvomum
3368 5587 3500 5631 tom.
3565 5573 3682 5639 V'II,
3743 5589 3865 5696 pagi
3899 5570 4027 5625 58L

2525 5662 2629 5696 est-
2662 5652 2723 5696 EI
2746 5652 2856 5696 γὰο
2887 5652 3025 5696 γυνῆ
3052 5650 3205 5696 ὠμόν
3234 5668 3357 5696 τινα
3376 5649 3641 5696 ἇονοντα.
3670 5662 3726 5696 κ.
3754 5662 3806 5696 τ.
3868 5683 3883 5696 .

2430 5650 2493 5706 C.
2525 5662 2629 5706 est.
2661 5652 2723 5704 Et
2746 5652 2856 5722 γὰρ
2887 5649 3027 5721 γυνῆ
3052 5650 3205 5721 ὠμόν
3234 5668 3357 5701 τινα
3376 5649 3641 5720 ἄρχοντα,
3670 5662 3726 5700 κ.
3754 5662 3806 5699 τ.
3834 5649 3883 5698 λ.

2423 5824 2673 5877 cundiam
2706 5839 2931 5887 movere,
2957 5820 3203 5890 adeoque
3235 5836 3474 5874 exorare.
3512 5815 3622 5873 Iloc
3652 5818 3773 5873 Ioco
3804 5815 4032 5873 reddere

2428 5899 2607 5965 possis
2638 5913 2650 5949 :
2686 5894 2896 5949 Pudere
2925 5910 3006 5948 me
3044 5894 3232 5963 faciat.
