4436 6450
727 412 864 474 1οἿ9

720 524 847 593 polii
899 521 1081 592 capite
1129 539 1140 573 :

719 616 1009 685 quisquam
1035 614 1207 682 major
1228 622 1376 666 esset
1395 611 1452 663 in
1473 624 1647 679 regno
1675 609 1963 669 caelorum,
2006 608 2096 661 hic
2121 616 2306 661 autem

717 707 820 759 alia
855 705 923 760 de
962 718 1127 758 causa
1171 701 1478 764 contentio,
1523 700 1640 754 sive
1691 698 1983 767 inquisitio
2012 698 2157 751 inter
2207 711 2306 751 eos

718 798 910 850 incidit
947 813 961 860 ;
996 796 1110 863 jam
1141 794 1289 853 enim
1325 793 1593 847 certiores
1628 789 1759 843 facti
1784 789 1851 843 de
1892 798 2071 844 morte
2133 787 2309 857 mag-i-

714 889 836 947 szri.
870 886 1243 956 inquirebant,
1263 885 1385 955 quis
1421 898 1611 937 eorum
1639 881 1924 937 videretur
1954 895 2075 936 esse
2109 880 2307 951 major,

719 992 777 1034 ut
802 989 1127 1034 exterorum
1162 977 1317 1033 ﬁeret
1345 975 1624 1044 magister.

786 1165 940 1217 Vers.
975 1162 1066 1217 ‘25.
1109 1162 1177 1215 At
1208 1156 1299 1214 ille
1326 1188 1399 1201 --
1428 1160 1525 1214 eis.
1565 1158 1734 1213 Docet
1762 1172 1922 1220 sane.
1963 1155 2108 1226 quod
2141 1154 2187 1210 is
2214 1154 2311 1224 qui

713 1253 1116 1323 pra-ponendus
1171 1260 1341 1315 esset,
1393 1265 1505 1304 non
1545 1248 1770 1303 deberet
1835 1247 2130 1310 dominari,
2184 1253 2309 1297 tan-

710 1361 869 1414 quam
896 1344 1157 1398 dominus
1183 1361 1196 1408 ;
1227 1358 1355 1397 nam
1384 1343 1440 1396 id
1468 1356 1622 1412 reges
1662 1349 1824 1394 terra:
1867 1338 2081 1393 faciunt
2123 1335 2301 1390 inﬂati

711 1439 1041 1507 principatu,
1104 1446 1160 1491 et
1188 1435 1317 1489 elati
1369 1444 1592 1504 propter
1622 1447 1719 1488 eos
1769 1432 1972 1502 quibus
2016 1430 2309 1485 dominan-

714 1540 822 1584 tur.

785 1621 942 1676 V'ers.
973 1622 1064 1675 25.
1109 1620 1179 1673 Et
1218 1620 1309 1689 qui
1334 1649 1401 1660 —
1428 1628 1703 1673 vocantur.
1746 1616 2033 1684 Tanquam
2075 1613 2308 1684 iudicati

712 1718 968 1781 majores,
1001 1723 1094 1767 aut
1125 1714 1293 1765 etiam
1325 1722 1585 1780 tanquam
1615 1710 1804 1780 gloria:
1833 1707 2043 1777 cupidi.

779 1807 933 1861 Vers.
967 1807 1057 1859 26.
1095 1805 1192 1859 Vos
1226 1834 1290 1846 --
1320 1806 1410 1875 qui
1445 1805 1735 1856 ministrat.
1772 1801 1932 1855 Fiant
1955 1808 2101 1863 haec,
2130 1812 2307 1867 quan-

1980 402 2365 466 EUTHYMII
2407 402 2770 465 ZIGABENI

1199 520 1296 576 sed
1362 527 1497 573 tunc
1550 517 1774 587 quidem
1862 516 1931 571 de
1991 518 2097 571 hoc
2165 524 2308 580 erat,
2339 515 2567 587 Αλαίιλν
2612 512 2802 568 αὐτοῦ.
2856 511 2949 565 Ἀλ

2253 524 2308 580 ιι,
2339 515 2567 587 Aluit,»
2612 512 2802 568 αὐτοῦ.
2856 511 3021 566 Ἀλλά
3075 512 3196 565 τότε
3253 512 3355 581 μὲν
3408 507 3698 580 περὶτοῦ,
3750 508 3845 571 Τίς
3892 505 4005 571 ἆρα

3867 390 4008 460 1080
4060 434 4063 435 ν

2414 609 2628 677 μείζων
2650 606 2824 660 ἐστὶν
2853 606 2924 658 ἐν
2947 604 3019 672 τῇ
3046 605 3331 670 βασιλείᾳ
3348 603 3467 657 τῶν
3485 600 3759 668 οὐρανῶν
3782 616 3800 662 ;
3834 598 3927 648 νῦν
3952 597 4009 648 δὲ

2422 701 2544 754 καθ’
2579 700 2775 769 ἑτέραν
2821 697 3003 750 αἰτίαν
3041 699 3073 765 ἡ
3114 697 3421 765 φιλονεικία
3472 694 3683 755 τούτοις
3720 691 4004 750 ἐνέπεσεν,

2419 791 2596 842 εῐτουν
2628 792 2661 858 ὴ
2710 789 2959 854 ἐξέτασις
2991 804 3002 817 ⁸
3047 787 3571 858 πληροφορηθέντες
3606 785 3716 852 γὰρ
3746 782 3846 852 ἤδη
3878 781 4008 849 περὶ

2418 882 2520 951 τῆς
2542 882 2638 936 τοῦ
2676 881 3005 936 διδασκάλου
3040 881 3324 949 τελευτῆς,
3358 878 3663 947 ιζήτησαν,
3696 878 3781 938 τίς
3824 876 3885 941 ἐξ
3908 874 4007 925 αὑ-

2420 973 2529 1027 τῶν
2559 974 2711 1026 δοκεῖ
2738 971 2879 1027 εἶναι
2915 973 3142 1043 μείζων,
3179 971 3269 1025 ἵνα
3296 970 3620 1031 διδάσκαλος
3640 968 3867 1037 γένηται
3898 963 4009 1017 τῶν

2417 1066 2595 1121 ἄλλων
2621 1080 2637 1096 ⁸

2504 1159 2567 1213 Ὀ
2598 1158 2746 1212 ὄὲι-
2775 1157 2997 1212 αὐτῶν.
3026 1155 3280 1207 Διδάσκει
3328 1152 3516 1206 λοιπὸν
3566 1150 3640 1207 ὡς
3676 1150 3702 1201 ό
3733 1145 4008 1216 προεστά-

2422 1271 2511 1307 ναι
2564 1253 2771 1305 τούτων
2823 1251 3035 1319 μέλλων
3089 1250 3188 1300 οὐκ
3265 1246 3476 1315 ὀφείλει
3529 1244 3875 1311 κυριαρχείν,
3935 1239 4010 1299 ὡς

2420 1346 2691 1414 δεσπότης
2718 1362 2730 1374 ·
2755 1344 2917 1397 τοῦτο
2939 1343 3049 1413 γὰρ
3070 1344 3118 1394 oi
3144 1340 3391 1410 βασιλεῖς
3423 1338 3535 1390 τῶν
3565 1336 3740 1388 ἐθνῶν
3774 1331 4009 1392 ποιοῦσι,

2419 1439 2797 1505 τετυφωμένοι
2845 1437 2965 1497 ταῖς
3013 1434 3212 1503 ἀρχαῖς
3250 1432 3354 1484 καὶ
3405 1428 3871 1497 κατεπαιρόμενοι
3902 1420 4013 1473 τῶν

2420 1531 2770 1601 ἀρχομένων.
3007 1526 3016 1534 ’

2493 1622 2601 1675 Καὶ
2637 1623 2693 1673 οι
2724 1649 2791 1659 -
2840 1616 3193 1671 καλοῦνται.
3236 1614 3322 1676 Ὠς
3358 1612 3645 1669 δοκοῦντες
3678 1608 3948 1677 μείζονες,
3979 1604 4010 1672 ἢ

2419 1715 2514 1767 καὶ
2545 1714 2621 1776 ὡς
2648 1710 2936 1778 φιλόδοξοι.

2504 1806 2704 1873 ’Υμεῖς
2730 1829 2799 1843 --
2831 1799 3147 1855 διακονῶν.
3208 1794 3461 1850 Γενέσθω
3497 1791 3697 1854 ταῦτα,
3747 1791 3871 1841 ὅσον
3923 1784 4017 1839 ἐπὶ

714 1912 827 1954 tum
874 1900 941 1953 ad
992 1898 1162 1951 animi
1215 1897 1565 1952 modestiam.
1618 1893 1907 1950 Junioretn
1952 1905 2137 1948 autem
2182 1889 2318 1946 dicit
2350 1877 2392 1932 Β
2427 1920 2466 1972 μ

2133 1914 2137 1944 ι
2182 1889 2318 1946 die“
2350 1877 2392 1932 Β
2427 1897 2889 1972 μετρισφροσύνῃ.
2922 1894 3211 1961 Νεώτερον
3243 1890 3299 1942 δὲ
3329 1889 3480 1955 λέγει
3513 1885 3603 1938 τὸν
3635 1882 3885 1951 ἔσχατον.

711 2002 1072 2062 postremum.

786 2082 942 2137 Vers.
986 2082 1077 2135 27.
1134 2079 1259 2134 Uter
1298 2109 1366 2119 -—
1404 2082 1492 2149 qui
1539 2079 1827 2132 ministrat.
1888 2075 1960 2130 Se
2016 2075 2193 2144 ipsum
2255 2072 2311 2126 in

708 2176 1021 2243 exemplum
1050 2172 1323 2227 sermonis
1348 2171 1573 2241 praebet.
1600 2170 1737 2224 Cum
1775 2170 1921 2223 enim
1949 2168 2051 2237 ipsi
2086 2179 2309 2221 accum-

709 2268 929 2330 herent,
983 2276 1241 2334 tanquam
1277 2264 1513 2332 majores
1569 2263 1639 2316 ab
1682 2277 1749 2316 eo
1784 2260 1978 2321 habiti,
2022 2258 2110 2311 ille
2152 2256 2315 2312 mini-

708 2359 939 2424 strabat,
974 2358 1129 2426 quasi
1162 2365 1502 2426 postremum
1539 2369 1597 2410 se
1625 2356 1807 2425 ipsum
1831 2354 2062 2416 ducens,
2097 2366 2221 2405 cum
2254 2358 2311 2404 et

709 2452 879 2521 pedes
905 2465 1095 2505 eorum
1131 2452 1360 2505 lavaret.

789 2544 945 2601 Vers.
988 2545 1077 2600 28.
1127 2543 1224 2599 Vos
1253 2574 1321 2583 —
1358 2542 1513 2597 Vers.
1548 2540 1640 2597 ΞΕ).
1700 2555 1941 2611 regnum.
1973 2566 2041 2577 -—
2081 2535 2309 2604 Dispono

709 2644 855 2697 vobis
914 2660 1156 2711 regnum.
1214 2640 1318 2695 hoc
1376 2649 1483 2703 est,
1543 2637 1826 2707 promitto.
1876 2634 2125 2703 Regnum
2184 2644 2313 2684 vero

710 2736 936 2791 cazleste
984 2734 1260 2804 intelligit,
1295 2734 1453 2801 cujus
1498 2746 1594 2799 spe
1649 2728 1955 2782 roborabat
1991 2740 2088 2779 eos
2145 2724 2312 2777 etiam

710 2829 778 2882 ad
812 2826 1243 2897 magnitudinem
1276 2841 1338 2879 ac
1363 2824 1734 2878 tolerantiam.

784 2921 941 2975 Vers.
968 2922 1055 2974 50.
1089 2920 1151 2974 Ut
1182 2949 1250 2958 -
1284 2935 1520 2971 mensam
1553 2932 1744 2969 meam.
1784 2913 2025 2967 Mensam
2059 2910 2319 2964 videlicm

711 3014 863 3068 illam
911 3014 1116 3081 regiam
1179 2999 1591 3065 ac'coelestem.
1655 3006 1893 3060 Possunt
1958 3012 2141 3058 autem
2204 3000 2314 3055 diri

710 3120 923 3168 mensa,
959 3104 1100 3158 bona
1127 3114 1331 3157 (eterna
1360 3110 1415 3155 et
1456 3099 1781 3160 ineﬂabilia.
1807 3114 1929 3168 qua:
1958 3095 2315 3167 diligentibus

714 3197 886 3251 Deum
938 3203 1242 3264 praeparata
1293 3202 1442 3257 sunt,
1498 3190 1657 3245 cibus
1716 3204 1849 3245 vero
1875 3204 1939 3244 ac
1995 3195 2181 3259 potus,
2233 3192 2320 3240 est

712 3287 927 3347 ilorum
967 3288 1177 3343 fruitio.

787 3379 942 3435 Vers.
982 3381 1069 3434 30.
1110 3378 1175 3431 Et
1204 3408 1271 3420 —
1304 3375 1499 3431 Israel.
1539 3374 1652 3430 Hoc
1695 3374 1862 3428 etiam
1916 3371 2026 3427 illis
2073 3368 2327 3441 promisit

2504 2069 2692 2131 Τι’ς--
2723 2059 3046 2115 διακονῶν.
3104 2055 3330 2110 Ἑαυτὸν
3383 2053 3571 2115 αὐτοῖς
3619 2050 3837 2103 δίδωσιν
3886 2046 4019 2097 ὑπό-

2424 2161 2627 2227 δειγμα
2674 2155 2769 2209 τοῦ
2822 2154 3007 2221 λόγου.
3045 2150 3269 2203 Τούτων
3326 2146 3437 2217 γὰρ
3485 2143 3890 2213 ἀνακειμένων,
3944 2137 4023 2197 ὡς

2428 2248 2693 2321 μειζόνων
2746 2247 2837 2298 ὑπ’
2875 2242 3047 2297 αὑτοῦ
3094 2238 3425 2310 κριθέντων,
3465 2227 3623 2295 οὗτος
3672 2231 4021 2300 διηκόνησεν,

2423 2318 2499 2406 ὧς
2533 2343 2764 2409 ἔσχατον
2797 2337 2993 2391 ἑαυτὸν
3030 2331 3415 2402 λογισάμενος,
3450 2330 3539 2381 ὅτε
3577 2326 3731 2393 Evt}:
3760 2324 3885 2384 τοὺς
3918 2318 4021 2372 πό-

2425 2437 2522 2491 δας
2558 2432 2761 2485 αὐτῶν.

2509 2526 2697 2595 Ὑμεῖς
2733 2554 2804 2565 --
2841 2519 3195 2586 βασιλείαν.
3250 2515 3592 2581 Διατίθεμαι
3656 2508 3801 2577 ὑμῖν
3837 2506 4024 2570 ,Βασι-

2424 2624 2620 2685 λείαν,
2665 2620 2787 2673 ἀντὶ
2819 2617 2937 2677 τοῦ,
3011 2611 3473 2680 ἐπαγγέλλομαι’
3526 2601 3809 2674 βασιλείαν
3842 2600 3896 2650 δὲ
3931 2598 4025 2648 οὖ-

2427 2717 2635 2788 ράνιον,
2685 2707 2749 2780 ἧς
2801 2712 2919 2771 ταῖς
2958 2706 3141 2759 ἐλπίσι
3182 2700 3459 2769 διανευροῖ
3501 2697 3726 2755 τούτους
3770 2693 3851 2744 έτι
3888 2690 4025 2760 πρὸς

2425 2807 2694 2875 εὐψυχίαν
2722 2802 2815 2854 καὶ
2847 2799 3151 2867 ὑπομονήν.

2499 2902 2624 2950 Ἵνα
2654 2893 3036 2962 -τραπέζης
3078 2907 3219 2958 μου.
3272 2890 3386 2958 Τῆς
3440 2882 3729 2955 βασιλικῆς
3780 2876 4026 2945 ἐκείνης,

2424 2990 2525 3059 τῆς
2554 2987 2831 3055 οὐρανίου.
2876 2980 3000 3036 Εἶεν
3037 2982 3079 3034 δ’
3136 2982 3203 3035 ἂν
3254 2978 3507 3048 τράπεζα
3560 2974 3659 3043 μὶν
3709 2970 3779 3023 τὰ
3828 2966 4029 3022 αἰώνια

2430 3084 2523 3136 καὶ
2551 3080 2848 3150 ἀπόρρητα
2880 3074 3085 3143 ἀγαθὰ,
3115 3074 3183 3127 τὰ
3208 3067 3599 3141 ήτοιμασμένα
3629 3066 3736 3126 τοῖς
3765 3061 4027 3129 ἀγαπῶσι

2430 3176 2522 3227 τὸν
2578 3172 2751 3225 Θεὸν·
2813 3169 3019 3239 βρῶσις
3049 3167 3105 3220 δὲ
3139 3166 3236 3220 καὶ
3288 3164 3448 3225 πόσις
3491 3162 3524 3231 ἡ
3587 3157 3894 3215 ἀπόλαυσις
3926 3151 4029 3203 αὑ-

2423 3268 2533 3323 τῶν
2542 3304 2557 3320 .

2501 3364 2611 3419 Καὶ
2644 3392 2714 3404 -
2748 3360 3027 3431 Ἰσραήλ.
3061 3357 3239 3412 Τοῦτο
3290 3355 3564 3425 ὑπέσχετο
3613 3351 3801 3414 αὐτοῖς
3842 3350 3937 3402 καὶ
3969 3348 4031 3401 ὲν

714 3474 1139 3543 quadragesimo
1202 3472 1384 3541 primo
1432 3468 1721 3537 Evangelii
1790 3468 1947 3535 juxta
2007 3463 2323 3518 Matthmum
2426 3476 2466 3511 τε

2279 3474 2323 3513 m
2426 3457 2505 3528 τῷ
2534 3455 2965 3525 τεσσαρακοστῷ
3011 3453 3217 3524 πρώτῳ
3264 3449 3554 3519 κεφαλαίῳ
3584 3445 3679 3499 τοῦ
3705 3445 3847 3497 κατά
3874 3444 4031 3495 Ματ-

713 3567 917 3635 capite,
953 3565 1044 3618 ubi
1095 3566 1364 3633 scriptum
1414 3572 1501 3616 est
1539 3559 1742 3617 :Jesus
1788 3568 1973 3613 autem
2007 3557 2146 3611 dixit
2190 3556 2271 3609 eis
2308 3570 2321 3605 :

2428 3553 2603 3613 θαῖον,
2642 3551 2773 3603 ἔνθα
2823 3550 3143 3617 γέγραπται
3182 3548 3277 3599 τό’
3326 3546 3354 3598 ό
3384 3544 3439 3597 δὲ
3488 3540 3702 3611 Ἰησοῦς
3736 3534 4030 3591 εἶπενιαῦ-

714 3661 883 3711 Amcn
916 3658 1031 3711 dico
1062 3659 1224 3719 vobis,
1258 3657 1397 3724 quod
1430 3671 1516 3709 vos
1551 3655 1641 3723 qui
1678 3653 1844 3705 secuti
1875 3652 1997 3705 estis
2040 3666 2121 3703 me
2144 3653 2219 3715 ⁷ο,
2267 3658 2323 3703 et
2430 3665 2460 3701 τ

2277 3658 2323 3703 et
2430 3650 2541 3709 tot;
2571 3662 2583 3674 '
2626 3644 2815 3713 ’Δμὴν
2850 3643 3008 3710 λέγω
3048 3640 3213 3708 ὑμῖν,
3245 3639 3335 3691 ὅτι
3366 3635 3538 3704 ὑμεῖς
3582 3636 3637 3687 οἱ
3688 3628 4029 3691 ἀκολουθή-

714 3760 911 3805 caetera
952 3768 964 3803 :
1005 3750 1074 3803 ibi
1110 3763 1241 3819 ergo
1276 3748 1393 3817 lege
1422 3748 1616 3800 horum
1654 3744 2188 3813 interpretationem.

2430 3740 2653 3804 σαντές
2686 3756 2811 3806 μοι,
2840 3738 2909 3790 ἐν
2953 3735 3023 3802 τῇ
3059 3732 3518 3799 παλινγενεσίᾳ,
3558 3729 3710 3782 ὅταν
3734 3726 3956 3790 καθίσῃ
3999 3723 4034 3773 ὁ

718 3848 852 3911 Υἱὸς
910 3844 1015 3897 τοῦ
1074 3842 1396 3911 ἀνθρώπου
1446 3843 1543 3895 ἐπὶ
1606 3842 1827 3910 θρόνου
1873 3840 2064 3906 δόξης
2110 3838 2321 3903 αὐτοῦ,
2366 3840 2696 3893 καθίσεσθε
2770 3835 2868 3889 καὶ
2922 3833 3093 3903 ὑμεῖς
3138 3833 3231 3883 ἐπὶ
3278 3828 3511 3882 δώδεκα
3581 3826 3858 3895 θρόνους,
3906 3822 4035 3889 rpi-

716 3956 935 4004 νοντες
987 3940 1097 4005 τὰς
1144 3937 1376 3991 δώδεκα
1433 3935 1638 4005 φυλὰς
1700 3935 1806 3989 τοῦ
1871 3933 2124 4001 Ἰσραήλ
2154 3948 2171 3965 ’
2204 3934 2299 3986 καὶ
2336 3932 2616 4001 ἀνάγνωθι
2652 3933 2749 4001 τὴν
2773 3929 2980 3983 τούτων
3006 3928 3293 3996 ἐξήγησιν.

913 4058 1068 4114 CAP.
1104 4054 1394 4111 LXXVIII.
1427 4055 1503 4109 De
1532 4055 1857 4123 expetitione
1891 4050 2140 4106 Satauaz.

791 4154 949 4211 Vers.
995 4154 1085 4208 3t.
1113 4151 1260 4204 Dixit
1300 4180 1370 4191 —
1400 4150 1659 4202 triticum.
1692 4147 1768 4201 llli
1820 4148 1969 4201 enim
2029 4146 2199 4200 moris
2248 4154 2333 4201 est

722 4253 1138 4324 praestantiores
1203 4260 1463 4318 expetere
1511 4248 1579 4301 ad
1629 4247 1968 4316 palastram,
2010 4244 2157 4299 sicut
2204 4242 2317 4297 Iob.

716 4350 975 4404 Cribrare
1004 4360 1158 4409 vero,
1200 4342 1252 4397 iJ
1295 4352 1404 4405 est,
1443 4341 1689 4403 turbare,
1730 4354 1977 4403 movere,
2017 4338 2325 4393 concitare.

716 4444 975 4498 Cribrum
1009 4438 1309 4508 siquidem,
1335 4435 1485 4504 quod
1516 4431 1866 4502 frequentius
1889 4432 2170 4495 κόσκικον,
2212 4431 2329 4484 sive

720 4535 1063 4603 σινιατὴριον
1102 4532 1177 4603 (y)
1216 4538 1464 4591 vocatur,
1502 4541 1531 4580 a
1576 4524 1907 4594 quibusdam
1941 4524 2108 4577 etiam
2156 4522 2327 4575 σινίον

720 4630 945 4692 dicitur,
972 4642 1001 4680 a
1034 4641 1141 4694 quo
1168 4624 1393 4677 verbum
1424 4621 1653 4686 σινιάςω
1682 4620 1891 4678 cribro.
1928 4618 2013 4673 vel
2047 4619 2330 4673 concutio.

2509 4052 2669 4103 ΚΕΦ.
2709 4046 2838 4103 OH'.
2876 4047 3009 4114 Περὶ
3042 4043 3150 4110 τῆς
3173 4044 3539 4111 ἐξαιτήσεως
3566 4039 3673 4093 τοῦ
3704 4035 3960 4091 Σατανᾶ.

2506 4139 2657 4196 Εἶπε
2687 4171 2751 4181 -—
2782 4140 2983 4194 σῖτον.
3028 4136 3191 4198 Ἔθος
3233 4137 3344 4204 γὰρ
3383 4132 3535 4203 αὑτῷ
3570 4130 3698 4192 τοὺς
3730 4126 4037 4195 δοκιμωτέ⁹

2438 4253 2563 4305 ρους
2599 4232 2934 4300 ἐξαιτεῖσθαι
2989 4232 3129 4301 πρὸς
3163 4228 3363 4297 πάληνς
3405 4225 3482 4288 ὡς
3514 4226 3604 4277 τὸν
3642 4222 3785 4278 Ἰώό.
3816 4220 4033 4274 Συνιά-

2432 4346 2537 4383 σαι
2590 4328 2669 4394 δὲ,
2725 4328 2847 4380 ἀντὶ
2887 4325 3006 4388 τοῦ,
3060 4324 3172 4393 (53)
3241 4319 3567 4392 Θορυϐἦσαι,
3628 4316 3891 4384 κυκῆσαι,
3936 4330 4035 4367 τι·

2443 4420 2624 4494 ράξαι.
2679 4420 2856 4471 Σινίον
2895 4418 3010 4486 (54)
3045 4416 3155 4485 γὰρ
3180 4415 3329 4484 παρά
3361 4429 3473 4465 τισι
3526 4412 3776 4464 καλεῖται
3811 4407 3870 4461 τὸ
3904 4405 4035 4476 παρ’

2441 4514 2574 4583 ἡμῖν
2613 4512 2890 4574 κόσκινον,
2948 4510 3006 4560 ὲν
3035 4503 3080 4576 ᾧ
3120 4510 3147 4560 ὁ
3189 4508 3335 4569 σῖτος
3366 4504 3494 4575 τῇδε
3526 4504 3753 4556 κάκεῖσε
3795 4516 4037 4570 μεταψε-

2442 4608 2674 4678 ρόμενος
2715 4604 3081 4675 ταράσσεται.
3115 4600 3383 4672 Προλέγει
3424 4598 3483 4652 δὲ
3534 4598 3722 4659 αὐτοῖς
3775 4594 3909 4663 περὶ
3942 4592 4039 4645 τοῦ

719 4731 856 4779 Nam
906 4723 957 4775 in
1008 4719 1190 4773 cribro
1237 4717 1477 4773 triticum
1515 4714 1849 4769 transfertur
1909 4722 1967 4767 et
2014 4712 2335 4768 concutitur
2440 4713 2471 4764 μ

2284 4728 2335 4765 η-
2440 4695 2735 4764 μέλλοντος
2784 4692 3118 4765 πειρασμοῦ,
3144 4691 3257 4757 ὅτε,
3311 4690 3516 4752 πάντες
3572 4688 3814 4758 ἀφέντες
3848 4684 4036 4749 αὐτὸν,

724 4832 789 4872 ac
855 4813 1243 4870 confunditur.
1310 4809 1567 4865 Prmdicit
1626 4817 1811 4861 autem
1877 4807 1960 4862 eis
2025 4807 2095 4862 de
2150 4804 2334 4861 futura
2437 4786 2664 4857 ἔφυγον·

723 4911 1050 4973 tcntatione,
1089 4905 1312 4975 quando
1344 4917 1541 4959 omnes
1577 4902 1769 4957 relicto
1798 4916 1867 4956 eo
1902 4901 2185 4973 fugerunt.

794 4999 958 5054 Vers.
980 4997 1383 5065 32.Ego-—ttta.
1404 4994 1637 5064 Rogavi,
1662 4993 1867 5062 inquit.
1890 4992 2109 5047 Patrem
2142 5005 2329 5045 meum

720 5101 980 5161 tanquam
1009 5090 1199 5151 homo,
1230 5103 1299 5141 ne
1336 5086 1536 5155 perdas
1573 5085 1801 5140 tandem
1834 5084 1905 5152 (z)
1945 5083 2110 5138 ﬁdem
2143 5090 2320 5145 tuam,

720 5198 887 5255 quam
922 5184 976 5237 in
1004 5197 1091 5238 me
1119 5180 1315 5246 habes,
1343 5180 1395 5234 in
1433 5187 1683 5251 tempore
1717 5177 2054 5250 negationis.

832 5362 879 5395 "
905 5361 1100 5416 Matth.
1132 5376 1248 5424 xu,
1299 5358 1391 5414 28.

2524 4977 2671 5047 Ἐγὼ
2706 5009 2774 5019 ——
2809 4993 2951 5031 σου.
2996 4975 3262 5046 Ἐδεήοην
3294 4974 3392 5029 τοῦ
3423 4973 3642 5044 Πατρός
3676 4989 3804 5043 μου,
3849 4968 4040 5040 φησὶν,

2438 5073 2515 5135 ὡς
2574 5072 2887 5142 ἅνθρωπος,
2921 5070 3010 5123 ἵνα
3048 5069 3123 5139 μὴ
3170 5067 3355 5121 τέλεον
3406 5064 3691 5137 ἀπολέσῃς
3721 5063 3821 5132 τὴν
3854 5060 4044 5114 πίστιν

2443 5186 2555 5229 σου,
2602 5166 2700 5237 τὴν
2738 5165 2818 5228 είς
2850 5164 2976 5235 ἐμὲ,
3017 5165 3076 5217 ὲν
3104 5162 3180 5233 τῷ
3216 5160 3399 5233 καιρῷ
3433 5161 3531 5231 τῆς
3564 5160 3878 5229 ἀρνήσεως.

1946 5422 2150 5485 νιπὶω
2187 5420 2496 5483 lectiones
2537 5425 2597 5483 et
2628 5424 2821 5482 notua.

796 5602 913 5673 (53)
949 5600 1231 5671 Chrysost.
1262 5607 1396 5651 tum.
1431 5592 1567 5660 VIII,
1604 5608 1661 5664 p.
1730 5589 1855 5657 785,
1905 5588 1966 5643 ι).
2007 5589 2336 5661 Θορυὸἦσαι,

722 5675 982 5747 ταράξαι,
1010 5673 1297 5743 πειρᾶσαι.

797 5863 872 5933 (qi
905 5860 1027 5916 Sive
1060 5855 1462 5933 σινιατήριον.
1491 5861 1601 5905 etc.
1640 5850 1739 5905 llic
1784 5846 2036 5919 quadam
2074 5846 2140 5903 dc
2205 5845 2320 5909 suis

726 5930 945 5995 videtur
970 5931 1250 5987 addidisse
1284 5929 1590 5997 interpres.

2521 5587 2634 5657 (54)
2666 5586 2805 5641 Vide
2829 5583 3199 5657 Wet~tenium
3221 5582 3287 5639 ad
3324 5583 3378 5637 h.
3402 5582 3496 5657 LI.
3534 5581 3701 5657 σινὶοι
3763 5591 3875 5632 non
3937 5574 4045 5648 legi

2446 5653 2575 5715 alibi
2616 5653 2869 5712 κόσκινον
2906 5657 3069 5710 habet
3098 5656 3275 5722 I‘lato,
3311 5672 3364 5725 p.
3400 5653 3527 5720 520,
3561 5653 3686 5707 584.

2509 5844 2579 5918 (ε)
2616 5844 2869 5899 Tandem.
2909 5842 3107 5896 Τέλεον
3131 5850 3215 5897 est
3257 5856 3497 5909 prorsus.
