  <div class='ocr_page' id='page_1' title='image "/cluster/home/n/w/nwhite01/storage/ocr_20150623/129/nnc1.0046979913/583.png"; bbox 0 0 4436 6450; ppageno 0'>
   <div class='ocr_carea' id='block_1_1' title="bbox 726 409 863 472">
    <p class='ocr_par' dir='ltr' id='par_1_1' title="bbox 726 409 863 472">
     <span class='ocr_line' id='line_1_1' title="bbox 726 409 863 472; baseline -0.007 0"><span class='ocrx_word' id='word_1_1' title='bbox 726 409 863 472; x_wconf 76' lang='grc' dir='ltr'><strong>1ολ9</strong></span> 
     </span>
    </p>
   </div>
   <div class='ocr_carea' id='block_1_2' title="bbox 719 519 1139 591">
    <p class='ocr_par' dir='ltr' id='par_1_2' title="bbox 719 519 1139 591">
     <span class='ocr_line' id='line_1_2' title="bbox 719 519 1139 591; baseline -0.01 -15"><span class='ocrx_word' id='word_1_2' title='bbox 719 522 846 591; x_wconf 68' lang='grc' dir='ltr'><strong>μεΙῆ</strong></span> <span class='ocrx_word' id='word_1_3' title='bbox 898 519 1080 590; x_wconf 90' lang='lat' dir='ltr'><strong>capite</strong></span> <span class='ocrx_word' id='word_1_4' title='bbox 1127 538 1139 572; x_wconf 86' lang='lat'><strong>:</strong></span> 
     </span>
    </p>
   </div>
   <div class='ocr_carea' id='block_1_3' title="bbox 1979 402 2768 466">
    <p class='ocr_par' dir='ltr' id='par_1_3' title="bbox 1979 402 2768 466">
     <span class='ocr_line' id='line_1_3' title="bbox 1979 402 2768 466; baseline -0.001 -1"><span class='ocrx_word' id='word_1_5' title='bbox 1979 402 2363 466; x_wconf 84' lang='lat' dir='ltr'><strong>EUTHYMII</strong></span> <span class='ocrx_word' id='word_1_6' title='bbox 2404 402 2768 466; x_wconf 83' lang='lat' dir='ltr'><strong>ZIGABENI</strong></span> 
     </span>
    </p>
   </div>
   <div class='ocr_carea' id='block_1_4' title="bbox 1197 508 2949 587">
    <p class='ocr_par' dir='ltr' id='par_1_4' title="bbox 1197 512 2949 587">
     <span class='ocr_line' id='line_1_4' title="bbox 1197 512 2949 587; baseline -0.005 -13"><span class='ocrx_word' id='word_1_7' title='bbox 1197 518 1295 574; x_wconf 85' lang='lat' dir='ltr'><strong>sed</strong></span> <span class='ocrx_word' id='word_1_8' title='bbox 1360 526 1495 572; x_wconf 89' lang='lat' dir='ltr'><strong>tunc</strong></span> <span class='ocrx_word' id='word_1_9' title='bbox 1549 516 1773 587; x_wconf 84' lang='lat' dir='ltr'><strong>quidem</strong></span> <span class='ocrx_word' id='word_1_10' title='bbox 1861 515 1930 571; x_wconf 90' lang='lat' dir='ltr'><strong>de</strong></span> <span class='ocrx_word' id='word_1_11' title='bbox 1990 517 2096 570; x_wconf 86' lang='lat' dir='ltr'><strong>hoc</strong></span> <span class='ocrx_word' id='word_1_12' title='bbox 2163 524 2306 580; x_wconf 83' lang='lat' dir='ltr'><strong>erat,</strong></span> <span class='ocrx_word' id='word_1_13' title='bbox 2337 515 2565 587; x_wconf 59' lang='grc' dir='ltr'>Αλαίψ</span> <span class='ocrx_word' id='word_1_14' title='bbox 2609 513 2801 569; x_wconf 80' lang='grc' dir='ltr'>αὐτοῦ.</span> <span class='ocrx_word' id='word_1_15' title='bbox 2854 512 2949 566; x_wconf 63' lang='lat' dir='ltr'><strong>‘Al</strong></span> 
     </span>
    </p>
   </div>
   <div class='ocr_carea' id='block_1_5' title="bbox 2252 508 4004 587">
    <p class='ocr_par' dir='ltr' id='par_1_5' title="bbox 2252 508 4004 587">
     <span class='ocr_line' id='line_1_5' title="bbox 2252 508 4004 587; baseline -0.005 -20"><span class='ocrx_word' id='word_1_16' title='bbox 2252 524 2306 580; x_wconf 83' lang='grc' dir='ltr'><strong>ιι,</strong></span> <span class='ocrx_word' id='word_1_17' title='bbox 2337 515 2565 587; x_wconf 43' lang='lat' dir='ltr'><strong>Aluit,</strong></span> <span class='ocrx_word' id='word_1_18' title='bbox 2609 513 2801 569; x_wconf 80' lang='grc' dir='ltr'>αὐτοῦ.</span> <span class='ocrx_word' id='word_1_19' title='bbox 2854 512 3018 568; x_wconf 79' lang='grc' dir='ltr'>Ἀλλά</span> <span class='ocrx_word' id='word_1_20' title='bbox 3073 514 3194 567; x_wconf 88' lang='grc' dir='ltr'>τότε</span> <span class='ocrx_word' id='word_1_21' title='bbox 3251 513 3353 583; x_wconf 79' lang='grc' dir='ltr'>μὲν</span> <span class='ocrx_word' id='word_1_22' title='bbox 3407 509 3539 582; x_wconf 69' lang='grc' dir='ltr'>περὶ</span> <span class='ocrx_word' id='word_1_23' title='bbox 3578 510 3697 574; x_wconf 81' lang='grc' dir='ltr'>τοῦ,</span> <span class='ocrx_word' id='word_1_24' title='bbox 3748 510 3843 573; x_wconf 79' lang='grc' dir='ltr'>Τίς</span> <span class='ocrx_word' id='word_1_25' title='bbox 3889 508 4004 573; x_wconf 75' lang='grc' dir='ltr'>ἄρα</span> 
     </span>
    </p>
   </div>
   <div class='ocr_carea' id='block_1_6' title="bbox 3866 392 4007 463">
    <p class='ocr_par' dir='ltr' id='par_1_6' title="bbox 3866 392 4007 463">
     <span class='ocr_line' id='line_1_6' title="bbox 3866 392 4007 463; baseline -0.05 0"><span class='ocrx_word' id='word_1_26' title='bbox 3866 392 4007 463; x_wconf 83' lang='grc'><strong>1080</strong></span> 
     </span>
    </p>
   </div>
   <div class='ocr_carea' id='block_1_7' title="bbox 717 599 2469 683">
    <p class='ocr_par' dir='ltr' id='par_1_7' title="bbox 717 608 2469 683">
     <span class='ocr_line' id='line_1_7' title="bbox 717 608 2469 683; baseline -0.002 -18"><span class='ocrx_word' id='word_1_27' title='bbox 717 614 1007 683; x_wconf 78' lang='lat' dir='ltr'><strong>quisquam</strong></span> <span class='ocrx_word' id='word_1_28' title='bbox 1034 612 1206 681; x_wconf 82' lang='lat' dir='ltr'><strong>major</strong></span> <span class='ocrx_word' id='word_1_29' title='bbox 1226 610 1450 665; x_wconf 89' lang='lat' dir='ltr'><strong>essetin</strong></span> <span class='ocrx_word' id='word_1_30' title='bbox 1472 623 1645 678; x_wconf 85' lang='lat' dir='ltr'><strong>regno</strong></span> <span class='ocrx_word' id='word_1_31' title='bbox 1674 608 1961 669; x_wconf 76' lang='lat' dir='ltr'><strong>etelorum,</strong></span> <span class='ocrx_word' id='word_1_32' title='bbox 2005 608 2094 661; x_wconf 88' lang='lat' dir='ltr'><strong>hic</strong></span> <span class='ocrx_word' id='word_1_33' title='bbox 2119 616 2304 661; x_wconf 89' lang='lat' dir='ltr'><strong>autem</strong></span> <span class='ocrx_word' id='word_1_34' title='bbox 2412 627 2469 678; x_wconf 66' lang='lat' dir='ltr'><strong>[si</strong></span> 
     </span>
    </p>
   </div>
   <div class='ocr_carea' id='block_1_8' title="bbox 2254 599 4006 683">
    <p class='ocr_par' dir='ltr' id='par_1_8' title="bbox 2254 599 4006 678">
     <span class='ocr_line' id='line_1_8' title="bbox 2254 599 4006 678; baseline -0.006 -17"><span class='ocrx_word' id='word_1_35' title='bbox 2254 623 2304 661; x_wconf 83' lang='grc' dir='ltr'><strong>ω</strong></span> <span class='ocrx_word' id='word_1_36' title='bbox 2412 610 2626 678; x_wconf 79' lang='grc' dir='ltr'>μείζων</span> <span class='ocrx_word' id='word_1_37' title='bbox 2648 606 2822 661; x_wconf 73' lang='grc' dir='ltr'>ἐστίν</span> <span class='ocrx_word' id='word_1_38' title='bbox 2852 607 2922 659; x_wconf 80' lang='grc' dir='ltr'><strong>ἐν</strong></span> <span class='ocrx_word' id='word_1_39' title='bbox 2945 606 3018 673; x_wconf 83' lang='grc' dir='ltr'>τῇ</span> <span class='ocrx_word' id='word_1_40' title='bbox 3044 607 3330 671; x_wconf 73' lang='grc' dir='ltr'>βασιλείᾳ</span> <span class='ocrx_word' id='word_1_41' title='bbox 3347 604 3465 658; x_wconf 78' lang='grc' dir='ltr'><strong>τῶν</strong></span> <span class='ocrx_word' id='word_1_42' title='bbox 3484 602 3758 670; x_wconf 76' lang='grc' dir='ltr'>οὐρανῶν</span> <span class='ocrx_word' id='word_1_43' title='bbox 3780 618 3798 665; x_wconf 87' lang='grc'><em>;</em></span> <span class='ocrx_word' id='word_1_44' title='bbox 3832 600 3925 651; x_wconf 75' lang='grc' dir='ltr'>νῦν</span> <span class='ocrx_word' id='word_1_45' title='bbox 3949 599 4006 651; x_wconf 72' lang='grc' dir='ltr'>δὲ</span> 
     </span>
    </p>
   </div>
   <div class='ocr_carea' id='block_1_9' title="bbox 716 698 2304 767">
    <p class='ocr_par' dir='ltr' id='par_1_9' title="bbox 716 698 2304 767">
     <span class='ocr_line' id='line_1_9' title="bbox 716 698 2304 767; baseline -0.004 -10"><span class='ocrx_word' id='word_1_46' title='bbox 716 705 819 758; x_wconf 88' lang='lat' dir='ltr'><strong>alia</strong></span> <span class='ocrx_word' id='word_1_47' title='bbox 853 703 922 757; x_wconf 91' lang='lat' dir='ltr'><strong>de</strong></span> <span class='ocrx_word' id='word_1_48' title='bbox 961 717 1126 756; x_wconf 89' lang='lat' dir='ltr'><strong>causa</strong></span> <span class='ocrx_word' id='word_1_49' title='bbox 1169 699 1477 763; x_wconf 90' lang='lat' dir='ltr'><strong>contentio,</strong></span> <span class='ocrx_word' id='word_1_50' title='bbox 1522 700 1639 753; x_wconf 85' lang='lat' dir='ltr'><strong>sive</strong></span> <span class='ocrx_word' id='word_1_51' title='bbox 1690 698 1981 767; x_wconf 73' lang='lat' dir='ltr'><strong>inquisitio</strong></span> <span class='ocrx_word' id='word_1_52' title='bbox 2010 698 2155 751; x_wconf 90' lang='lat' dir='ltr'><strong>inter</strong></span> <span class='ocrx_word' id='word_1_53' title='bbox 2205 711 2304 751; x_wconf 89' lang='lat' dir='ltr'><strong>eos</strong></span> 
     </span>
    </p>
   </div>
   <div class='ocr_carea' id='block_1_10' title="bbox 717 788 2307 862">
    <p class='ocr_par' dir='ltr' id='par_1_10' title="bbox 717 788 2307 862">
     <span class='ocr_line' id='line_1_10' title="bbox 717 788 2307 862; baseline -0.004 -16"><span class='ocrx_word' id='word_1_54' title='bbox 717 796 909 848; x_wconf 82' lang='lat' dir='ltr'><strong>incidit</strong></span> <span class='ocrx_word' id='word_1_55' title='bbox 945 812 960 859; x_wconf 86' lang='lat'><strong>;</strong></span> <span class='ocrx_word' id='word_1_56' title='bbox 995 794 1109 862; x_wconf 90' lang='lat' dir='ltr'><strong>jam</strong></span> <span class='ocrx_word' id='word_1_57' title='bbox 1140 793 1287 846; x_wconf 87' lang='lat' dir='ltr'><strong>enim</strong></span> <span class='ocrx_word' id='word_1_58' title='bbox 1324 792 1592 846; x_wconf 72' lang='lat' dir='ltr'><strong>certiores</strong></span> <span class='ocrx_word' id='word_1_59' title='bbox 1627 789 1756 843; x_wconf 80' lang='lat' dir='ltr'><strong>facti</strong></span> <span class='ocrx_word' id='word_1_60' title='bbox 1782 789 1849 843; x_wconf 91' lang='lat' dir='ltr'><strong>de</strong></span> <span class='ocrx_word' id='word_1_61' title='bbox 1890 798 2069 844; x_wconf 91' lang='lat' dir='ltr'><strong>morte</strong></span> <span class='ocrx_word' id='word_1_62' title='bbox 2131 788 2307 858; x_wconf 75' lang='lat' dir='ltr'><strong>magi-</strong></span> 
     </span>
    </p>
   </div>
   <div class='ocr_carea' id='block_1_11' title="bbox 712 880 2305 954">
    <p class='ocr_par' dir='ltr' id='par_1_11' title="bbox 712 880 2305 954">
     <span class='ocr_line' id='line_1_11' title="bbox 712 880 2305 954; baseline -0.005 -13"><span class='ocrx_word' id='word_1_63' title='bbox 712 888 834 945; x_wconf 78' lang='lat' dir='ltr'><strong>szri.</strong></span> <span class='ocrx_word' id='word_1_64' title='bbox 868 884 1241 954; x_wconf 74' lang='lat' dir='ltr'><strong>inquirebant,</strong></span> <span class='ocrx_word' id='word_1_65' title='bbox 1261 884 1383 953; x_wconf 91' lang='lat' dir='ltr'><strong>quis</strong></span> <span class='ocrx_word' id='word_1_66' title='bbox 1419 897 1609 937; x_wconf 90' lang='lat' dir='ltr'><strong>eorum</strong></span> <span class='ocrx_word' id='word_1_67' title='bbox 1638 880 1922 937; x_wconf 80' lang='lat' dir='ltr'><strong>videretur</strong></span> <span class='ocrx_word' id='word_1_68' title='bbox 1952 895 2073 937; x_wconf 84' lang='lat' dir='ltr'><strong>esse</strong></span> <span class='ocrx_word' id='word_1_69' title='bbox 2107 880 2305 951; x_wconf 86' lang='lat' dir='ltr'><strong>major,</strong></span> 
     </span>
    </p>
   </div>
   <div class='ocr_carea' id='block_1_12' title="bbox 717 974 1623 1044">
    <p class='ocr_par' dir='ltr' id='par_1_12' title="bbox 717 974 1623 1044">
     <span class='ocr_line' id='line_1_12' title="bbox 717 974 1623 1044; baseline -0.003 -11"><span class='ocrx_word' id='word_1_70' title='bbox 717 990 775 1033; x_wconf 91' lang='lat' dir='ltr'><strong>ut</strong></span> <span class='ocrx_word' id='word_1_71' title='bbox 800 987 1126 1032; x_wconf 61' lang='lat' dir='ltr'><strong>ceterorum</strong></span> <span class='ocrx_word' id='word_1_72' title='bbox 1161 976 1316 1032; x_wconf 84' lang='lat' dir='ltr'><strong>ﬁeret</strong></span> <span class='ocrx_word' id='word_1_73' title='bbox 1343 974 1623 1044; x_wconf 75' lang='lat' dir='ltr'><strong>magister.</strong></span> 
     </span>
    </p>
   </div>
   <div class='ocr_carea' id='block_1_13' title="bbox 783 1154 2308 1226">
    <p class='ocr_par' dir='ltr' id='par_1_13' title="bbox 783 1154 2308 1226">
     <span class='ocr_line' id='line_1_13' title="bbox 783 1154 2308 1226; baseline -0.004 -11"><span class='ocrx_word' id='word_1_74' title='bbox 783 1163 938 1216; x_wconf 81' lang='lat' dir='ltr'><strong>Vers.</strong></span> <span class='ocrx_word' id='word_1_75' title='bbox 972 1161 1064 1217; x_wconf 80' lang='lat'><strong>25.</strong></span> <span class='ocrx_word' id='word_1_76' title='bbox 1106 1162 1174 1215; x_wconf 77' lang='lat' dir='ltr'><strong>At</strong></span> <span class='ocrx_word' id='word_1_77' title='bbox 1206 1157 1297 1213; x_wconf 80' lang='lat' dir='ltr'><strong>ille</strong></span> <span class='ocrx_word' id='word_1_78' title='bbox 1324 1187 1396 1200; x_wconf 89' lang='lat'><strong>-—</strong></span> <span class='ocrx_word' id='word_1_79' title='bbox 1426 1160 1523 1213; x_wconf 82' lang='lat' dir='ltr'><strong>eis.</strong></span> <span class='ocrx_word' id='word_1_80' title='bbox 1563 1157 1731 1213; x_wconf 91' lang='lat' dir='ltr'><strong>Docet</strong></span> <span class='ocrx_word' id='word_1_81' title='bbox 1759 1171 1919 1219; x_wconf 86' lang='lat' dir='ltr'><strong>sane,</strong></span> <span class='ocrx_word' id='word_1_82' title='bbox 1960 1156 2105 1226; x_wconf 91' lang='lat' dir='ltr'><strong>quod</strong></span> <span class='ocrx_word' id='word_1_83' title='bbox 2139 1155 2185 1211; x_wconf 88' lang='lat' dir='ltr'><strong>is</strong></span> <span class='ocrx_word' id='word_1_84' title='bbox 2212 1154 2308 1224; x_wconf 88' lang='lat' dir='ltr'><strong>qui</strong></span> 
     </span>
    </p>
   </div>
   <div class='ocr_carea' id='block_1_14' title="bbox 710 1246 2307 1322">
    <p class='ocr_par' dir='ltr' id='par_1_14' title="bbox 710 1246 2307 1322">
     <span class='ocr_line' id='line_1_14' title="bbox 710 1246 2307 1322; baseline -0.005 -17"><span class='ocrx_word' id='word_1_85' title='bbox 710 1252 1113 1322; x_wconf 82' lang='lat' dir='ltr'><strong>pra-ponendus</strong></span> <span class='ocrx_word' id='word_1_86' title='bbox 1169 1259 1339 1315; x_wconf 80' lang='lat' dir='ltr'><strong>esset,</strong></span> <span class='ocrx_word' id='word_1_87' title='bbox 1391 1264 1503 1303; x_wconf 93' lang='lat' dir='ltr'><strong>non</strong></span> <span class='ocrx_word' id='word_1_88' title='bbox 1543 1248 1767 1303; x_wconf 89' lang='lat' dir='ltr'><strong>deberet</strong></span> <span class='ocrx_word' id='word_1_89' title='bbox 1832 1246 2127 1310; x_wconf 83' lang='lat' dir='ltr'><strong>dominari,</strong></span> <span class='ocrx_word' id='word_1_90' title='bbox 2182 1253 2307 1298; x_wconf 89' lang='lat' dir='ltr'><strong>tan-</strong></span> 
     </span>
    </p>
   </div>
   <div class='ocr_carea' id='block_1_15' title="bbox 708 1335 2298 1413">
    <p class='ocr_par' dir='ltr' id='par_1_15' title="bbox 708 1335 2298 1413">
     <span class='ocr_line' id='line_1_15' title="bbox 708 1335 2298 1413; baseline -0.006 -15"><span class='ocrx_word' id='word_1_91' title='bbox 708 1361 868 1413; x_wconf 88' lang='lat' dir='ltr'><strong>quam</strong></span> <span class='ocrx_word' id='word_1_92' title='bbox 895 1344 1194 1407; x_wconf 87' lang='lat' dir='ltr'><strong>dominus;</strong></span> <span class='ocrx_word' id='word_1_93' title='bbox 1224 1358 1352 1397; x_wconf 92' lang='lat' dir='ltr'><strong>nam</strong></span> <span class='ocrx_word' id='word_1_94' title='bbox 1382 1342 1437 1396; x_wconf 88' lang='lat' dir='ltr'><strong>id</strong></span> <span class='ocrx_word' id='word_1_95' title='bbox 1466 1355 1619 1411; x_wconf 83' lang='lat' dir='ltr'><strong>reges</strong></span> <span class='ocrx_word' id='word_1_96' title='bbox 1659 1349 1821 1393; x_wconf 60' lang='lat' dir='ltr'><strong>terra</strong></span> <span class='ocrx_word' id='word_1_97' title='bbox 1865 1338 2078 1393; x_wconf 82' lang='lat' dir='ltr'><strong>faciunt</strong></span> <span class='ocrx_word' id='word_1_98' title='bbox 2120 1335 2298 1390; x_wconf 83' lang='lat' dir='ltr'><strong>inﬂati</strong></span> 
     </span>
    </p>
   </div>
   <div class='ocr_carea' id='block_1_16' title="bbox 708 1430 2306 1506">
    <p class='ocr_par' dir='ltr' id='par_1_16' title="bbox 708 1430 2306 1506">
     <span class='ocr_line' id='line_1_16' title="bbox 708 1430 2306 1506; baseline -0.006 -16"><span class='ocrx_word' id='word_1_99' title='bbox 708 1438 1039 1506; x_wconf 74' lang='lat' dir='ltr'><strong>principatu,</strong></span> <span class='ocrx_word' id='word_1_100' title='bbox 1101 1446 1157 1490; x_wconf 92' lang='lat' dir='ltr'><strong>et</strong></span> <span class='ocrx_word' id='word_1_101' title='bbox 1185 1434 1314 1489; x_wconf 86' lang='lat' dir='ltr'><strong>elati</strong></span> <span class='ocrx_word' id='word_1_102' title='bbox 1366 1442 1589 1504; x_wconf 87' lang='lat' dir='ltr'><strong>propter</strong></span> <span class='ocrx_word' id='word_1_103' title='bbox 1619 1447 1716 1487; x_wconf 87' lang='lat' dir='ltr'><strong>eos</strong></span> <span class='ocrx_word' id='word_1_104' title='bbox 1766 1431 1969 1502; x_wconf 83' lang='lat' dir='ltr'><strong>quibus</strong></span> <span class='ocrx_word' id='word_1_105' title='bbox 2013 1430 2306 1486; x_wconf 88' lang='lat' dir='ltr'><strong>dominan-</strong></span> 
     </span>
    </p>
   </div>
   <div class='ocr_carea' id='block_1_17' title="bbox 711 1539 819 1583">
    <p class='ocr_par' dir='ltr' id='par_1_17' title="bbox 711 1539 819 1583">
     <span class='ocr_line' id='line_1_17' title="bbox 711 1539 819 1583; baseline -0.028 0"><span class='ocrx_word' id='word_1_106' title='bbox 711 1539 819 1583; x_wconf 89' lang='lat' dir='ltr'><strong>tur.</strong></span> 
     </span>
    </p>
   </div>
   <div class='ocr_carea' id='block_1_18' title="bbox 783 1613 2305 1688">
    <p class='ocr_par' dir='ltr' id='par_1_18' title="bbox 783 1613 2305 1688">
     <span class='ocr_line' id='line_1_18' title="bbox 783 1613 2305 1688; baseline -0.003 -17"><span class='ocrx_word' id='word_1_107' title='bbox 783 1619 939 1675; x_wconf 73' lang='lat' dir='ltr'><strong>V&#39;crs.</strong></span> <span class='ocrx_word' id='word_1_108' title='bbox 970 1621 1061 1674; x_wconf 81' lang='lat'><strong>25.</strong></span> <span class='ocrx_word' id='word_1_109' title='bbox 1106 1618 1176 1672; x_wconf 84' lang='lat' dir='ltr'><strong>Et</strong></span> <span class='ocrx_word' id='word_1_110' title='bbox 1215 1620 1305 1688; x_wconf 89' lang='lat' dir='ltr'><strong>qui</strong></span> <span class='ocrx_word' id='word_1_111' title='bbox 1330 1649 1398 1660; x_wconf 92' lang='lat'><strong>—</strong></span> <span class='ocrx_word' id='word_1_112' title='bbox 1424 1628 1699 1672; x_wconf 83' lang='lat' dir='ltr'><strong>uocantur.</strong></span> <span class='ocrx_word' id='word_1_113' title='bbox 1743 1615 2030 1685; x_wconf 86' lang='lat' dir='ltr'><strong>Tanquam</strong></span> <span class='ocrx_word' id='word_1_114' title='bbox 2072 1613 2305 1684; x_wconf 79' lang='lat' dir='ltr'><strong>judicatt</strong></span> 
     </span>
    </p>
   </div>
   <div class='ocr_carea' id='block_1_19' title="bbox 709 1707 2040 1780">
    <p class='ocr_par' dir='ltr' id='par_1_19' title="bbox 709 1707 2040 1780">
     <span class='ocr_line' id='line_1_19' title="bbox 709 1707 2040 1780; baseline -0.002 -13"><span class='ocrx_word' id='word_1_115' title='bbox 709 1716 965 1779; x_wconf 75' lang='lat' dir='ltr'><strong>majores,</strong></span> <span class='ocrx_word' id='word_1_116' title='bbox 998 1722 1091 1765; x_wconf 91' lang='lat' dir='ltr'><strong>aut</strong></span> <span class='ocrx_word' id='word_1_117' title='bbox 1122 1714 1289 1764; x_wconf 89' lang='lat' dir='ltr'><strong>etiam</strong></span> <span class='ocrx_word' id='word_1_118' title='bbox 1322 1721 1581 1780; x_wconf 82' lang='lat' dir='ltr'><strong>tanquam</strong></span> <span class='ocrx_word' id='word_1_119' title='bbox 1612 1710 1801 1780; x_wconf 69' lang='lat' dir='ltr'><strong>gloriae</strong></span> <span class='ocrx_word' id='word_1_120' title='bbox 1830 1707 2040 1777; x_wconf 90' lang='lat' dir='ltr'><strong>cupidi.</strong></span> 
     </span>
    </p>
   </div>
   <div class='ocr_carea' id='block_1_20' title="bbox 776 1801 2303 1874">
    <p class='ocr_par' dir='ltr' id='par_1_20' title="bbox 776 1801 2303 1874">
     <span class='ocr_line' id='line_1_20' title="bbox 776 1801 2303 1874; baseline -0.007 -15"><span class='ocrx_word' id='word_1_121' title='bbox 776 1805 931 1859; x_wconf 85' lang='lat' dir='ltr'><strong>Vers.</strong></span> <span class='ocrx_word' id='word_1_122' title='bbox 965 1805 1054 1858; x_wconf 76' lang='lat'><strong>26.</strong></span> <span class='ocrx_word' id='word_1_123' title='bbox 1093 1804 1189 1857; x_wconf 86' lang='lat' dir='ltr'><strong>Vos</strong></span> <span class='ocrx_word' id='word_1_124' title='bbox 1223 1833 1287 1845; x_wconf 90' lang='grc'><strong>--</strong></span> <span class='ocrx_word' id='word_1_125' title='bbox 1317 1806 1406 1874; x_wconf 88' lang='lat' dir='ltr'><strong>qui</strong></span> <span class='ocrx_word' id='word_1_126' title='bbox 1441 1805 1732 1856; x_wconf 84' lang='lat' dir='ltr'><strong>ministrat.</strong></span> <span class='ocrx_word' id='word_1_127' title='bbox 1768 1801 1928 1856; x_wconf 78' lang='lat' dir='ltr'><strong>Fiant</strong></span> <span class='ocrx_word' id='word_1_128' title='bbox 1952 1808 2097 1864; x_wconf 70' lang='lat' dir='ltr'><strong>haec,</strong></span> <span class='ocrx_word' id='word_1_129' title='bbox 2127 1813 2303 1868; x_wconf 88' lang='lat' dir='ltr'><strong>quan-</strong></span> 
     </span>
    </p>
   </div>
   <div class='ocr_carea' id='block_1_21' title="bbox 2420 694 4002 769">
    <p class='ocr_par' dir='ltr' id='par_1_21' title="bbox 2420 694 4002 769">
     <span class='ocr_line' id='line_1_21' title="bbox 2420 694 4002 769; baseline -0.008 -16"><span class='ocrx_word' id='word_1_130' title='bbox 2420 702 2542 755; x_wconf 80' lang='grc' dir='ltr'>καθ’</span> <span class='ocrx_word' id='word_1_131' title='bbox 2576 701 2773 769; x_wconf 79' lang='grc' dir='ltr'>ἑτέραν</span> <span class='ocrx_word' id='word_1_132' title='bbox 2819 699 3002 751; x_wconf 78' lang='grc' dir='ltr'><strong>αἰτίαν</strong></span> <span class='ocrx_word' id='word_1_133' title='bbox 3039 700 3072 767; x_wconf 80' lang='grc' dir='ltr'><strong>ὴ</strong></span> <span class='ocrx_word' id='word_1_134' title='bbox 3112 698 3419 767; x_wconf 72' lang='grc' dir='ltr'><strong>φιλονεικία</strong></span> <span class='ocrx_word' id='word_1_135' title='bbox 3470 696 3682 757; x_wconf 83' lang='grc' dir='ltr'><strong>τούτοις</strong></span> <span class='ocrx_word' id='word_1_136' title='bbox 3718 694 4002 754; x_wconf 80' lang='grc' dir='ltr'>ἐνέπεσεν,</span> 
     </span>
    </p>
   </div>
   <div class='ocr_carea' id='block_1_22' title="bbox 2416 783 4005 860">
    <p class='ocr_par' dir='ltr' id='par_1_22' title="bbox 2416 783 4005 860">
     <span class='ocr_line' id='line_1_22' title="bbox 2416 783 4005 860; baseline -0.005 -18"><span class='ocrx_word' id='word_1_137' title='bbox 2416 791 2594 843; x_wconf 86' lang='grc' dir='ltr'>εῐτουν</span> <span class='ocrx_word' id='word_1_138' title='bbox 2626 793 2658 860; x_wconf 79' lang='grc' dir='ltr'><strong>ἡ</strong></span> <span class='ocrx_word' id='word_1_139' title='bbox 2707 790 2957 855; x_wconf 68' lang='grc' dir='ltr'>ἐξέτασις</span> <span class='ocrx_word' id='word_1_140' title='bbox 2989 806 3001 819; x_wconf 85' lang='grc'><strong>’</strong></span> <span class='ocrx_word' id='word_1_141' title='bbox 3045 788 3569 859; x_wconf 69' lang='grc' dir='ltr'>πληροφορηθέντες</span> <span class='ocrx_word' id='word_1_142' title='bbox 3604 787 3715 855; x_wconf 85' lang='grc' dir='ltr'><strong>γὰρ</strong></span> <span class='ocrx_word' id='word_1_143' title='bbox 3744 784 3844 854; x_wconf 66' lang='grc' dir='ltr'><strong>ἤδη</strong></span> <span class='ocrx_word' id='word_1_144' title='bbox 3875 783 4005 852; x_wconf 78' lang='grc' dir='ltr'>περὶ</span> 
     </span>
    </p>
   </div>
   <div class='ocr_carea' id='block_1_23' title="bbox 2416 876 4006 952">
    <p class='ocr_par' dir='ltr' id='par_1_23' title="bbox 2416 876 4006 952">
     <span class='ocr_line' id='line_1_23' title="bbox 2416 876 4006 952; baseline -0.005 -17"><span class='ocrx_word' id='word_1_145' title='bbox 2416 883 2518 952; x_wconf 79' lang='grc' dir='ltr'>τῆς</span> <span class='ocrx_word' id='word_1_146' title='bbox 2540 884 2635 937; x_wconf 79' lang='grc' dir='ltr'><strong>τοῦ</strong></span> <span class='ocrx_word' id='word_1_147' title='bbox 2674 882 3003 937; x_wconf 79' lang='grc' dir='ltr'><strong>διδασκάλου</strong></span> <span class='ocrx_word' id='word_1_148' title='bbox 3038 882 3322 951; x_wconf 78' lang='grc' dir='ltr'>τελευτῆς,</span> <span class='ocrx_word' id='word_1_149' title='bbox 3356 880 3661 949; x_wconf 75' lang='grc' dir='ltr'>ἐζήτησαν,</span> <span class='ocrx_word' id='word_1_150' title='bbox 3694 880 3778 941; x_wconf 89' lang='grc' dir='ltr'><strong>τίς</strong></span> <span class='ocrx_word' id='word_1_151' title='bbox 3822 879 3881 943; x_wconf 79' lang='grc' dir='ltr'>ἐξ</span> <span class='ocrx_word' id='word_1_152' title='bbox 3905 876 4006 927; x_wconf 76' lang='grc' dir='ltr'><strong>αὖ·</strong></span> 
     </span>
    </p>
   </div>
   <div class='ocr_carea' id='block_1_24' title="bbox 2417 966 4007 1045">
    <p class='ocr_par' dir='ltr' id='par_1_24' title="bbox 2417 966 4007 1045">
     <span class='ocr_line' id='line_1_24' title="bbox 2417 966 4007 1045; baseline -0.005 -19"><span class='ocrx_word' id='word_1_153' title='bbox 2417 974 2527 1027; x_wconf 78' lang='grc' dir='ltr'><strong>τῶν</strong></span> <span class='ocrx_word' id='word_1_154' title='bbox 2556 975 2708 1027; x_wconf 84' lang='grc' dir='ltr'>δοκεῖ</span> <span class='ocrx_word' id='word_1_155' title='bbox 2735 972 2877 1027; x_wconf 73' lang='grc' dir='ltr'>εἶναι</span> <span class='ocrx_word' id='word_1_156' title='bbox 2913 974 3140 1045; x_wconf 77' lang='grc' dir='ltr'>μείζων,</span> <span class='ocrx_word' id='word_1_157' title='bbox 3176 972 3267 1027; x_wconf 83' lang='grc' dir='ltr'>ἵνα</span> <span class='ocrx_word' id='word_1_158' title='bbox 3294 972 3618 1034; x_wconf 80' lang='grc' dir='ltr'>διδάσκαλος</span> <span class='ocrx_word' id='word_1_159' title='bbox 3637 971 3864 1039; x_wconf 78' lang='grc' dir='ltr'>γένηται</span> <span class='ocrx_word' id='word_1_160' title='bbox 3896 966 4007 1019; x_wconf 78' lang='grc' dir='ltr'><strong>τῶν</strong></span> 
     </span>
    </p>
   </div>
   <div class='ocr_carea' id='block_1_25' title="bbox 2414 1067 2634 1122">
    <p class='ocr_par' dir='ltr' id='par_1_25' title="bbox 2414 1067 2634 1122">
     <span class='ocr_line' id='line_1_25' title="bbox 2414 1067 2634 1122; baseline -0.018 0"><span class='ocrx_word' id='word_1_161' title='bbox 2414 1067 2592 1122; x_wconf 72' lang='grc' dir='ltr'>ἄλλων</span> <span class='ocrx_word' id='word_1_162' title='bbox 2618 1081 2634 1097; x_wconf 84' lang='grc'><strong><em>⁸</em></strong></span> 
     </span>
    </p>
   </div>
   <div class='ocr_carea' id='block_1_26' title="bbox 2501 1148 4006 1218">
    <p class='ocr_par' dir='ltr' id='par_1_26' title="bbox 2501 1148 4006 1218">
     <span class='ocr_line' id='line_1_26' title="bbox 2501 1148 4006 1218; baseline -0.009 -5"><span class='ocrx_word' id='word_1_163' title='bbox 2501 1160 2564 1213; x_wconf 84' lang='lat'><strong>&#39;0</strong></span> <span class='ocrx_word' id='word_1_164' title='bbox 2595 1158 2743 1213; x_wconf 77' lang='grc' dir='ltr'><strong>δὲ-</strong></span> <span class='ocrx_word' id='word_1_165' title='bbox 2772 1158 2994 1213; x_wconf 83' lang='grc' dir='ltr'>αὐτῶν.</span> <span class='ocrx_word' id='word_1_166' title='bbox 3022 1156 3277 1209; x_wconf 81' lang='grc' dir='ltr'><strong>Διδάσκει</strong></span> <span class='ocrx_word' id='word_1_167' title='bbox 3326 1154 3514 1207; x_wconf 81' lang='grc' dir='ltr'>λοιπὸν</span> <span class='ocrx_word' id='word_1_168' title='bbox 3564 1152 3638 1209; x_wconf 76' lang='grc' dir='ltr'><strong>ὡς</strong></span> <span class='ocrx_word' id='word_1_169' title='bbox 3674 1151 3699 1203; x_wconf 84' lang='grc' dir='ltr'><strong>ό</strong></span> <span class='ocrx_word' id='word_1_170' title='bbox 3730 1148 4006 1218; x_wconf 79' lang='grc' dir='ltr'>προεστά-</span> 
     </span>
    </p>
   </div>
   <div class='ocr_carea' id='block_1_27' title="bbox 2418 1241 4008 1319">
    <p class='ocr_par' dir='ltr' id='par_1_27' title="bbox 2418 1241 4008 1319">
     <span class='ocr_line' id='line_1_27' title="bbox 2418 1241 4008 1319; baseline -0.009 -12"><span class='ocrx_word' id='word_1_171' title='bbox 2418 1271 2509 1307; x_wconf 87' lang='grc' dir='ltr'><strong>ναι</strong></span> <span class='ocrx_word' id='word_1_172' title='bbox 2561 1254 2768 1306; x_wconf 83' lang='grc' dir='ltr'>τούτων</span> <span class='ocrx_word' id='word_1_173' title='bbox 2820 1252 3032 1319; x_wconf 77' lang='grc' dir='ltr'><strong>μέλλων</strong></span> <span class='ocrx_word' id='word_1_174' title='bbox 3085 1252 3185 1302; x_wconf 67' lang='grc' dir='ltr'>οὐκ</span> <span class='ocrx_word' id='word_1_175' title='bbox 3262 1248 3474 1317; x_wconf 65' lang='grc' dir='ltr'>ὀφείλει</span> <span class='ocrx_word' id='word_1_176' title='bbox 3527 1246 3872 1314; x_wconf 78' lang='grc' dir='ltr'>κυριαρχείν,</span> <span class='ocrx_word' id='word_1_177' title='bbox 3932 1241 4008 1302; x_wconf 85' lang='grc' dir='ltr'>ὠς</span> 
     </span>
    </p>
   </div>
   <div class='ocr_carea' id='block_1_28' title="bbox 2416 1334 4006 1415">
    <p class='ocr_par' dir='ltr' id='par_1_28' title="bbox 2416 1334 4006 1415">
     <span class='ocr_line' id='line_1_28' title="bbox 2416 1334 4006 1415; baseline -0.01 -16"><span class='ocrx_word' id='word_1_178' title='bbox 2416 1346 2689 1415; x_wconf 79' lang='grc' dir='ltr'><strong>δεσπότης</strong></span> <span class='ocrx_word' id='word_1_179' title='bbox 2714 1363 2727 1375; x_wconf 77' lang='grc' dir='ltr'><strong>ο</strong></span> <span class='ocrx_word' id='word_1_180' title='bbox 2752 1345 2914 1398; x_wconf 80' lang='grc' dir='ltr'>τοῦτο</span> <span class='ocrx_word' id='word_1_181' title='bbox 2936 1344 3045 1414; x_wconf 79' lang='grc' dir='ltr'>γὰρ</span> <span class='ocrx_word' id='word_1_182' title='bbox 3067 1345 3115 1395; x_wconf 78' lang='lat' dir='ltr'><strong>oi</strong></span> <span class='ocrx_word' id='word_1_183' title='bbox 3142 1341 3389 1412; x_wconf 77' lang='grc' dir='ltr'><strong>βασιλεῖς</strong></span> <span class='ocrx_word' id='word_1_184' title='bbox 3421 1340 3533 1392; x_wconf 83' lang='grc' dir='ltr'><strong>τῶν</strong></span> <span class='ocrx_word' id='word_1_185' title='bbox 3563 1338 3737 1390; x_wconf 72' lang='grc' dir='ltr'>ιθνῶν</span> <span class='ocrx_word' id='word_1_186' title='bbox 3770 1334 4006 1395; x_wconf 71' lang='grc' dir='ltr'>ποιοῦσι,</span> 
     </span>
    </p>
   </div>
   <div class='ocr_carea' id='block_1_29' title="bbox 2416 1424 4009 1505">
    <p class='ocr_par' dir='ltr' id='par_1_29' title="bbox 2416 1424 4009 1505">
     <span class='ocr_line' id='line_1_29' title="bbox 2416 1424 4009 1505; baseline -0.011 -14"><span class='ocrx_word' id='word_1_187' title='bbox 2416 1440 2794 1505; x_wconf 75' lang='grc' dir='ltr'><strong>τετυφωμένοι</strong></span> <span class='ocrx_word' id='word_1_188' title='bbox 2842 1438 2961 1498; x_wconf 83' lang='grc' dir='ltr'>ταῖς</span> <span class='ocrx_word' id='word_1_189' title='bbox 3010 1436 3209 1505; x_wconf 81' lang='grc' dir='ltr'>ἀρχαῖς</span> <span class='ocrx_word' id='word_1_190' title='bbox 3256 1434 3351 1486; x_wconf 74' lang='grc' dir='ltr'>καὶ</span> <span class='ocrx_word' id='word_1_191' title='bbox 3402 1430 3868 1499; x_wconf 86' lang='grc' dir='ltr'>κατεπαιρόμενοι</span> <span class='ocrx_word' id='word_1_192' title='bbox 3899 1424 4009 1476; x_wconf 82' lang='grc' dir='ltr'><strong>τῶν</strong></span> 
     </span>
    </p>
   </div>
   <div class='ocr_carea' id='block_1_30' title="bbox 2417 1528 3013 1601">
    <p class='ocr_par' dir='ltr' id='par_1_30' title="bbox 2417 1528 3013 1601">
     <span class='ocr_line' id='line_1_30' title="bbox 2417 1528 3013 1601; baseline -0.007 -16"><span class='ocrx_word' id='word_1_193' title='bbox 2417 1532 2767 1601; x_wconf 84' lang='grc' dir='ltr'>ἀρχομένων.</span> <span class='ocrx_word' id='word_1_194' title='bbox 3004 1528 3013 1535; x_wconf 83' lang='grc'><strong>’</strong></span> 
     </span>
    </p>
   </div>
   <div class='ocr_carea' id='block_1_31' title="bbox 2489 1606 4007 1680">
    <p class='ocr_par' dir='ltr' id='par_1_31' title="bbox 2489 1606 4007 1680">
     <span class='ocr_line' id='line_1_31' title="bbox 2489 1606 4007 1680; baseline -0.01 -4"><span class='ocrx_word' id='word_1_195' title='bbox 2489 1623 2598 1677; x_wconf 76' lang='grc' dir='ltr'><strong>Καὶ</strong></span> <span class='ocrx_word' id='word_1_196' title='bbox 2634 1624 2689 1674; x_wconf 78' lang='grc' dir='ltr'>οι</span> <span class='ocrx_word' id='word_1_197' title='bbox 2721 1650 2787 1660; x_wconf 92' lang='grc'><strong>-</strong></span> <span class='ocrx_word' id='word_1_198' title='bbox 2836 1618 3190 1672; x_wconf 67' lang='grc' dir='ltr'>καλοῦνται.</span> <span class='ocrx_word' id='word_1_199' title='bbox 3234 1615 3320 1678; x_wconf 83' lang='grc' dir='ltr'>Ὠς</span> <span class='ocrx_word' id='word_1_200' title='bbox 3356 1614 3642 1671; x_wconf 78' lang='grc' dir='ltr'>δοκοῦντες</span> <span class='ocrx_word' id='word_1_201' title='bbox 3676 1611 3945 1680; x_wconf 77' lang='grc' dir='ltr'>μείζονες,</span> <span class='ocrx_word' id='word_1_202' title='bbox 3975 1606 4007 1675; x_wconf 80' lang='grc' dir='ltr'>ἢ</span> 
     </span>
    </p>
   </div>
   <div class='ocr_carea' id='block_1_32' title="bbox 2416 1712 2932 1780">
    <p class='ocr_par' dir='ltr' id='par_1_32' title="bbox 2416 1712 2932 1780">
     <span class='ocr_line' id='line_1_32' title="bbox 2416 1712 2932 1780; baseline -0.01 -13"><span class='ocrx_word' id='word_1_203' title='bbox 2416 1715 2511 1767; x_wconf 71' lang='grc' dir='ltr'>καὶ</span> <span class='ocrx_word' id='word_1_204' title='bbox 2541 1715 2617 1776; x_wconf 84' lang='grc' dir='ltr'>ὡς</span> <span class='ocrx_word' id='word_1_205' title='bbox 2645 1712 2932 1780; x_wconf 74' lang='grc' dir='ltr'>φιλόδοξοι.</span> 
     </span>
    </p>
   </div>
   <div class='ocr_carea' id='block_1_33' title="bbox 2500 1787 4013 1874">
    <p class='ocr_par' dir='ltr' id='par_1_33' title="bbox 2500 1787 4013 1874">
     <span class='ocr_line' id='line_1_33' title="bbox 2500 1787 4013 1874; baseline -0.015 -12"><span class='ocrx_word' id='word_1_206' title='bbox 2500 1808 2700 1874; x_wconf 81' lang='grc' dir='ltr'><strong>’Υμεῖς</strong></span> <span class='ocrx_word' id='word_1_207' title='bbox 2726 1830 2796 1844; x_wconf 85' lang='grc'><strong><em>--</em></strong></span> <span class='ocrx_word' id='word_1_208' title='bbox 2827 1800 3144 1856; x_wconf 82' lang='grc' dir='ltr'>διακονῶν.</span> <span class='ocrx_word' id='word_1_209' title='bbox 3205 1797 3458 1852; x_wconf 82' lang='grc' dir='ltr'>Γενέσθω</span> <span class='ocrx_word' id='word_1_210' title='bbox 3493 1794 3694 1857; x_wconf 86' lang='grc' dir='ltr'>ταῦτα,</span> <span class='ocrx_word' id='word_1_211' title='bbox 3743 1794 3867 1843; x_wconf 79' lang='grc' dir='ltr'>ὅσον</span> <span class='ocrx_word' id='word_1_212' title='bbox 3919 1787 4013 1841; x_wconf 78' lang='grc' dir='ltr'><strong>ἐπὶ</strong></span> 
     </span>
    </p>
   </div>
   <div class='ocr_carea' id='block_1_34' title="bbox 711 1878 2463 1973">
    <p class='ocr_par' dir='ltr' id='par_1_34' title="bbox 711 1878 2462 1973">
     <span class='ocr_line' id='line_1_34' title="bbox 711 1878 2462 1973; baseline -0.006 -21"><span class='ocrx_word' id='word_1_213' title='bbox 711 1911 824 1952; x_wconf 88' lang='lat' dir='ltr'><strong>tum</strong></span> <span class='ocrx_word' id='word_1_214' title='bbox 871 1898 938 1951; x_wconf 88' lang='lat' dir='ltr'><strong>ad</strong></span> <span class='ocrx_word' id='word_1_215' title='bbox 990 1897 1159 1950; x_wconf 89' lang='lat' dir='ltr'><strong>animi</strong></span> <span class='ocrx_word' id='word_1_216' title='bbox 1212 1896 1561 1951; x_wconf 71' lang='lat' dir='ltr'><strong>modestiam.</strong></span> <span class='ocrx_word' id='word_1_217' title='bbox 1615 1893 1902 1950; x_wconf 82' lang='lat' dir='ltr'><strong>Juniorent</strong></span> <span class='ocrx_word' id='word_1_218' title='bbox 1949 1905 2133 1948; x_wconf 91' lang='lat' dir='ltr'><strong>autem</strong></span> <span class='ocrx_word' id='word_1_219' title='bbox 2178 1889 2314 1946; x_wconf 86' lang='lat' dir='ltr'><strong>dicit</strong></span> <span class='ocrx_word' id='word_1_220' title='bbox 2346 1878 2388 1933; x_wconf 78' lang='grc' dir='ltr'>Β</span> <span class='ocrx_word' id='word_1_221' title='bbox 2423 1920 2462 1973; x_wconf 78' lang='grc' dir='ltr'><strong>μ</strong></span> 
     </span>
    </p>
   </div>
   <div class='ocr_carea' id='block_1_35' title="bbox 2130 1878 3882 1973">
    <p class='ocr_par' dir='ltr' id='par_1_35' title="bbox 2130 1878 3882 1973">
     <span class='ocr_line' id='line_1_35' title="bbox 2130 1878 3882 1973; baseline -0.012 -16"><span class='ocrx_word' id='word_1_222' title='bbox 2130 1914 2133 1943; x_wconf 85' lang='grc' dir='ltr'>ι</span> <span class='ocrx_word' id='word_1_223' title='bbox 2178 1889 2314 1946; x_wconf 62' lang='lat' dir='ltr'><strong>die“</strong></span> <span class='ocrx_word' id='word_1_224' title='bbox 2346 1878 2388 1933; x_wconf 72' lang='grc' dir='ltr'>Β</span> <span class='ocrx_word' id='word_1_225' title='bbox 2423 1898 2885 1973; x_wconf 74' lang='grc' dir='ltr'>μετριοφροσύνῃ.</span> <span class='ocrx_word' id='word_1_226' title='bbox 2919 1896 3208 1962; x_wconf 69' lang='grc' dir='ltr'>Νεώτερον</span> <span class='ocrx_word' id='word_1_227' title='bbox 3240 1892 3295 1944; x_wconf 85' lang='grc' dir='ltr'>δὲ</span> <span class='ocrx_word' id='word_1_228' title='bbox 3326 1890 3477 1957; x_wconf 82' lang='grc' dir='ltr'>λέγει</span> <span class='ocrx_word' id='word_1_229' title='bbox 3509 1888 3601 1940; x_wconf 86' lang='grc' dir='ltr'>τὸν</span> <span class='ocrx_word' id='word_1_230' title='bbox 3632 1885 3882 1954; x_wconf 73' lang='grc' dir='ltr'>ἔσχατον.</span> 
     </span>
    </p>
   </div>
   <div class='ocr_carea' id='block_1_36' title="bbox 709 2000 1069 2060">
    <p class='ocr_par' dir='ltr' id='par_1_36' title="bbox 709 2000 1069 2060">
     <span class='ocr_line' id='line_1_36' title="bbox 709 2000 1069 2060; baseline 0.003 -19"><span class='ocrx_word' id='word_1_231' title='bbox 709 2000 1069 2060; x_wconf 83' lang='lat' dir='ltr'><strong>postremum.</strong></span> 
     </span>
    </p>
   </div>
   <div class='ocr_carea' id='block_1_37' title="bbox 783 2073 2306 2148">
    <p class='ocr_par' dir='ltr' id='par_1_37' title="bbox 783 2073 2306 2148">
     <span class='ocr_line' id='line_1_37' title="bbox 783 2073 2306 2148; baseline -0.005 -13"><span class='ocrx_word' id='word_1_232' title='bbox 783 2080 940 2135; x_wconf 83' lang='lat' dir='ltr'><strong>Vers.</strong></span> <span class='ocrx_word' id='word_1_233' title='bbox 982 2080 1074 2134; x_wconf 83' lang='lat'><strong>27.</strong></span> <span class='ocrx_word' id='word_1_234' title='bbox 1131 2078 1257 2133; x_wconf 84' lang='lat' dir='ltr'><strong>Uter</strong></span> <span class='ocrx_word' id='word_1_235' title='bbox 1295 2108 1363 2118; x_wconf 93' lang='lat'><strong>—</strong></span> <span class='ocrx_word' id='word_1_236' title='bbox 1400 2081 1488 2148; x_wconf 89' lang='lat' dir='ltr'><strong>qui</strong></span> <span class='ocrx_word' id='word_1_237' title='bbox 1535 2079 1824 2131; x_wconf 85' lang='lat' dir='ltr'><strong>ministrat.</strong></span> <span class='ocrx_word' id='word_1_238' title='bbox 1884 2075 1956 2129; x_wconf 90' lang='lat' dir='ltr'><strong>Se</strong></span> <span class='ocrx_word' id='word_1_239' title='bbox 2011 2076 2189 2144; x_wconf 89' lang='lat' dir='ltr'><strong>ipsum</strong></span> <span class='ocrx_word' id='word_1_240' title='bbox 2250 2073 2306 2127; x_wconf 91' lang='lat' dir='ltr'><strong>in</strong></span> 
     </span>
    </p>
   </div>
   <div class='ocr_carea' id='block_1_38' title="bbox 706 2168 2304 2242">
    <p class='ocr_par' dir='ltr' id='par_1_38' title="bbox 706 2168 2304 2242">
     <span class='ocr_line' id='line_1_38' title="bbox 706 2168 2304 2242; baseline -0.006 -14"><span class='ocrx_word' id='word_1_241' title='bbox 706 2174 1018 2242; x_wconf 77' lang='lat' dir='ltr'><strong>exemplum</strong></span> <span class='ocrx_word' id='word_1_242' title='bbox 1047 2170 1319 2225; x_wconf 86' lang='lat' dir='ltr'><strong>sermonis</strong></span> <span class='ocrx_word' id='word_1_243' title='bbox 1344 2170 1570 2240; x_wconf 67' lang='lat' dir='ltr'><strong>praebet.</strong></span> <span class='ocrx_word' id='word_1_244' title='bbox 1596 2170 1734 2224; x_wconf 83' lang='lat' dir='ltr'><strong>Cum</strong></span> <span class='ocrx_word' id='word_1_245' title='bbox 1771 2170 1917 2222; x_wconf 86' lang='lat' dir='ltr'><strong>enim</strong></span> <span class='ocrx_word' id='word_1_246' title='bbox 1944 2168 2047 2237; x_wconf 83' lang='lat' dir='ltr'><strong>ipsi</strong></span> <span class='ocrx_word' id='word_1_247' title='bbox 2082 2180 2304 2221; x_wconf 83' lang='lat' dir='ltr'><strong>accum-</strong></span> 
     </span>
    </p>
   </div>
   <div class='ocr_carea' id='block_1_39' title="bbox 706 2257 2311 2333">
    <p class='ocr_par' dir='ltr' id='par_1_39' title="bbox 706 2257 2311 2333">
     <span class='ocr_line' id='line_1_39' title="bbox 706 2257 2311 2333; baseline -0.006 -14"><span class='ocrx_word' id='word_1_248' title='bbox 706 2266 925 2328; x_wconf 79' lang='lat' dir='ltr'><strong>bcrcnt,</strong></span> <span class='ocrx_word' id='word_1_249' title='bbox 979 2274 1237 2333; x_wconf 79' lang='lat' dir='ltr'><strong>tanquam</strong></span> <span class='ocrx_word' id='word_1_250' title='bbox 1273 2263 1509 2331; x_wconf 85' lang='lat' dir='ltr'><strong>majores</strong></span> <span class='ocrx_word' id='word_1_251' title='bbox 1565 2262 1635 2315; x_wconf 89' lang='lat' dir='ltr'><strong>ab</strong></span> <span class='ocrx_word' id='word_1_252' title='bbox 1678 2276 1745 2316; x_wconf 93' lang='lat' dir='ltr'><strong>eo</strong></span> <span class='ocrx_word' id='word_1_253' title='bbox 1780 2259 1973 2321; x_wconf 88' lang='lat' dir='ltr'><strong>habiti,</strong></span> <span class='ocrx_word' id='word_1_254' title='bbox 2018 2259 2105 2311; x_wconf 92' lang='lat' dir='ltr'><strong>ille</strong></span> <span class='ocrx_word' id='word_1_255' title='bbox 2148 2257 2311 2311; x_wconf 85' lang='lat' dir='ltr'><strong>mini-</strong></span> 
     </span>
    </p>
   </div>
   <div class='ocr_carea' id='block_1_40' title="bbox 705 2354 2306 2425">
    <p class='ocr_par' dir='ltr' id='par_1_40' title="bbox 705 2354 2306 2425">
     <span class='ocr_line' id='line_1_40' title="bbox 705 2354 2306 2425; baseline -0.004 -14"><span class='ocrx_word' id='word_1_256' title='bbox 705 2358 935 2422; x_wconf 86' lang='lat' dir='ltr'><strong>strabat,</strong></span> <span class='ocrx_word' id='word_1_257' title='bbox 970 2356 1125 2424; x_wconf 84' lang='lat' dir='ltr'><strong>quasi</strong></span> <span class='ocrx_word' id='word_1_258' title='bbox 1157 2363 1498 2424; x_wconf 86' lang='lat' dir='ltr'><strong>postremum</strong></span> <span class='ocrx_word' id='word_1_259' title='bbox 1534 2368 1593 2409; x_wconf 92' lang='lat' dir='ltr'><strong>se</strong></span> <span class='ocrx_word' id='word_1_260' title='bbox 1621 2354 1803 2425; x_wconf 89' lang='lat' dir='ltr'><strong>ipsum</strong></span> <span class='ocrx_word' id='word_1_261' title='bbox 1828 2354 2058 2416; x_wconf 71' lang='lat' dir='ltr'><strong>ducens,</strong></span> <span class='ocrx_word' id='word_1_262' title='bbox 2093 2366 2216 2405; x_wconf 88' lang='lat' dir='ltr'><strong>cum</strong></span> <span class='ocrx_word' id='word_1_263' title='bbox 2250 2358 2306 2405; x_wconf 87' lang='lat' dir='ltr'><strong>ct</strong></span> 
     </span>
    </p>
   </div>
   <div class='ocr_carea' id='block_1_41' title="bbox 706 2450 1355 2519">
    <p class='ocr_par' dir='ltr' id='par_1_41' title="bbox 706 2450 1355 2519">
     <span class='ocr_line' id='line_1_41' title="bbox 706 2450 1355 2519; baseline -0.005 -15"><span class='ocrx_word' id='word_1_264' title='bbox 706 2450 875 2519; x_wconf 88' lang='lat' dir='ltr'><strong>pedes</strong></span> <span class='ocrx_word' id='word_1_265' title='bbox 901 2463 1091 2503; x_wconf 90' lang='lat' dir='ltr'><strong>eorum</strong></span> <span class='ocrx_word' id='word_1_266' title='bbox 1127 2450 1355 2503; x_wconf 86' lang='lat' dir='ltr'><strong>lavaret.</strong></span> 
     </span>
    </p>
   </div>
   <div class='ocr_carea' id='block_1_42' title="bbox 785 2535 2305 2610">
    <p class='ocr_par' dir='ltr' id='par_1_42' title="bbox 785 2535 2305 2610">
     <span class='ocr_line' id='line_1_42' title="bbox 785 2535 2305 2610; baseline -0.006 -14"><span class='ocrx_word' id='word_1_267' title='bbox 785 2542 941 2598; x_wconf 77' lang='lat' dir='ltr'><strong>Vers.</strong></span> <span class='ocrx_word' id='word_1_268' title='bbox 984 2543 1073 2598; x_wconf 89' lang='lat'><strong>28.</strong></span> <span class='ocrx_word' id='word_1_269' title='bbox 1122 2541 1220 2597; x_wconf 83' lang='lat' dir='ltr'><strong>Vos</strong></span> <span class='ocrx_word' id='word_1_270' title='bbox 1249 2572 1317 2582; x_wconf 89' lang='lat'><strong>-—-</strong></span> <span class='ocrx_word' id='word_1_271' title='bbox 1354 2541 1509 2595; x_wconf 87' lang='lat' dir='ltr'><strong>Vers.</strong></span> <span class='ocrx_word' id='word_1_272' title='bbox 1543 2539 1635 2596; x_wconf 86' lang='lat'><strong>29.</strong></span> <span class='ocrx_word' id='word_1_273' title='bbox 1696 2554 1936 2610; x_wconf 85' lang='lat' dir='ltr'><strong>regnum.</strong></span> <span class='ocrx_word' id='word_1_274' title='bbox 1968 2566 2036 2577; x_wconf 90' lang='lat'><strong>—-</strong></span> <span class='ocrx_word' id='word_1_275' title='bbox 2076 2535 2305 2604; x_wconf 83' lang='lat' dir='ltr'><strong>Dispono</strong></span> 
     </span>
    </p>
   </div>
   <div class='ocr_carea' id='block_1_43' title="bbox 705 2633 2308 2709">
    <p class='ocr_par' dir='ltr' id='par_1_43' title="bbox 705 2633 2308 2709">
     <span class='ocr_line' id='line_1_43' title="bbox 705 2633 2308 2709; baseline -0.007 -15"><span class='ocrx_word' id='word_1_276' title='bbox 705 2642 851 2694; x_wconf 75' lang='lat' dir='ltr'><strong>vobis</strong></span> <span class='ocrx_word' id='word_1_277' title='bbox 910 2657 1152 2709; x_wconf 82' lang='lat' dir='ltr'><strong>regnum,</strong></span> <span class='ocrx_word' id='word_1_278' title='bbox 1210 2639 1314 2693; x_wconf 90' lang='lat' dir='ltr'><strong>hoc</strong></span> <span class='ocrx_word' id='word_1_279' title='bbox 1372 2648 1479 2701; x_wconf 83' lang='lat' dir='ltr'><strong>est,</strong></span> <span class='ocrx_word' id='word_1_280' title='bbox 1538 2635 1822 2705; x_wconf 85' lang='lat' dir='ltr'><strong>promitto.</strong></span> <span class='ocrx_word' id='word_1_281' title='bbox 1872 2633 2120 2702; x_wconf 75' lang='lat' dir='ltr'><strong>Regnum</strong></span> <span class='ocrx_word' id='word_1_282' title='bbox 2180 2644 2308 2684; x_wconf 80' lang='lat' dir='ltr'><strong>vero</strong></span> 
     </span>
    </p>
   </div>
   <div class='ocr_carea' id='block_1_44' title="bbox 706 2723 2307 2802">
    <p class='ocr_par' dir='ltr' id='par_1_44' title="bbox 706 2723 2307 2802">
     <span class='ocr_line' id='line_1_44' title="bbox 706 2723 2307 2802; baseline -0.007 -15"><span class='ocrx_word' id='word_1_283' title='bbox 706 2734 932 2789; x_wconf 71' lang='lat' dir='ltr'><strong>cmleste</strong></span> <span class='ocrx_word' id='word_1_284' title='bbox 980 2732 1255 2802; x_wconf 73' lang='lat' dir='ltr'><strong>intelligit,</strong></span> <span class='ocrx_word' id='word_1_285' title='bbox 1290 2732 1449 2799; x_wconf 88' lang='lat' dir='ltr'><strong>cujus</strong></span> <span class='ocrx_word' id='word_1_286' title='bbox 1494 2745 1589 2797; x_wconf 90' lang='lat' dir='ltr'><strong>spe</strong></span> <span class='ocrx_word' id='word_1_287' title='bbox 1645 2727 1949 2781; x_wconf 89' lang='lat' dir='ltr'><strong>roborabat</strong></span> <span class='ocrx_word' id='word_1_288' title='bbox 1986 2739 2083 2779; x_wconf 88' lang='lat' dir='ltr'><strong>eos</strong></span> <span class='ocrx_word' id='word_1_289' title='bbox 2140 2723 2307 2778; x_wconf 88' lang='lat' dir='ltr'><strong>etiam</strong></span> 
     </span>
    </p>
   </div>
   <div class='ocr_carea' id='block_1_45' title="bbox 706 2823 1729 2895">
    <p class='ocr_par' dir='ltr' id='par_1_45' title="bbox 706 2823 1729 2895">
     <span class='ocr_line' id='line_1_45' title="bbox 706 2823 1729 2895; baseline -0.008 -15"><span class='ocrx_word' id='word_1_290' title='bbox 706 2826 773 2880; x_wconf 89' lang='lat' dir='ltr'><strong>ad</strong></span> <span class='ocrx_word' id='word_1_291' title='bbox 807 2824 1238 2895; x_wconf 75' lang='lat' dir='ltr'><strong>magnitudinem</strong></span> <span class='ocrx_word' id='word_1_292' title='bbox 1272 2839 1334 2878; x_wconf 90' lang='lat' dir='ltr'><strong>ac</strong></span> <span class='ocrx_word' id='word_1_293' title='bbox 1357 2823 1729 2877; x_wconf 86' lang='lat' dir='ltr'><strong>tolerantiam.</strong></span> 
     </span>
    </p>
   </div>
   <div class='ocr_carea' id='block_1_46' title="bbox 779 2910 2315 2973">
    <p class='ocr_par' dir='ltr' id='par_1_46' title="bbox 779 2910 2315 2973">
     <span class='ocr_line' id='line_1_46' title="bbox 779 2910 2315 2973; baseline -0.005 -2"><span class='ocrx_word' id='word_1_294' title='bbox 779 2918 935 2972; x_wconf 84' lang='lat' dir='ltr'><strong>Vers.</strong></span> <span class='ocrx_word' id='word_1_295' title='bbox 964 2920 1050 2972; x_wconf 73' lang='grc'><strong>50.</strong></span> <span class='ocrx_word' id='word_1_296' title='bbox 1085 2919 1146 2973; x_wconf 90' lang='lat' dir='ltr'><strong>Ut</strong></span> <span class='ocrx_word' id='word_1_297' title='bbox 1177 2947 1245 2956; x_wconf 92' lang='lat'><strong>-</strong></span> <span class='ocrx_word' id='word_1_298' title='bbox 1278 2934 1515 2970; x_wconf 81' lang='lat' dir='ltr'><strong>mensam</strong></span> <span class='ocrx_word' id='word_1_299' title='bbox 1548 2931 1739 2968; x_wconf 88' lang='lat' dir='ltr'><strong>meam.</strong></span> <span class='ocrx_word' id='word_1_300' title='bbox 1778 2912 2020 2966; x_wconf 80' lang='lat' dir='ltr'><strong>Mensam</strong></span> <span class='ocrx_word' id='word_1_301' title='bbox 2054 2910 2315 2964; x_wconf 79' lang='lat' dir='ltr'><strong>videlicet</strong></span> 
     </span>
    </p>
   </div>
   <div class='ocr_carea' id='block_1_47' title="bbox 706 2998 2310 3079">
    <p class='ocr_par' dir='ltr' id='par_1_47' title="bbox 706 2998 2310 3079">
     <span class='ocr_line' id='line_1_47' title="bbox 706 2998 2310 3079; baseline -0.007 -15"><span class='ocrx_word' id='word_1_302' title='bbox 706 3012 858 3065; x_wconf 88' lang='lat' dir='ltr'><strong>illam</strong></span> <span class='ocrx_word' id='word_1_303' title='bbox 907 3012 1111 3079; x_wconf 79' lang='lat' dir='ltr'><strong>regiam</strong></span> <span class='ocrx_word' id='word_1_304' title='bbox 1175 3024 1237 3063; x_wconf 91' lang='lat' dir='ltr'><strong>ac</strong></span> <span class='ocrx_word' id='word_1_305' title='bbox 1272 2998 1586 3063; x_wconf 35' lang='lat' dir='ltr'><strong>&#39;ccelestem.</strong></span> <span class='ocrx_word' id='word_1_306' title='bbox 1649 3005 1887 3060; x_wconf 82' lang='lat' dir='ltr'><strong>Possunt</strong></span> <span class='ocrx_word' id='word_1_307' title='bbox 1953 3011 2136 3058; x_wconf 88' lang='lat' dir='ltr'><strong>autem</strong></span> <span class='ocrx_word' id='word_1_308' title='bbox 2199 3000 2310 3054; x_wconf 73' lang='grc' dir='ltr'><strong>ὁὶνί</strong></span> 
     </span>
    </p>
   </div>
   <div class='ocr_carea' id='block_1_48' title="bbox 706 3094 2310 3167">
    <p class='ocr_par' dir='ltr' id='par_1_48' title="bbox 706 3094 2310 3167">
     <span class='ocr_line' id='line_1_48' title="bbox 706 3094 2310 3167; baseline -0.007 -9"><span class='ocrx_word' id='word_1_309' title='bbox 706 3118 919 3166; x_wconf 91' lang='lat' dir='ltr'><strong>mensa,</strong></span> <span class='ocrx_word' id='word_1_310' title='bbox 954 3103 1095 3156; x_wconf 89' lang='lat' dir='ltr'><strong>bona</strong></span> <span class='ocrx_word' id='word_1_311' title='bbox 1122 3112 1325 3156; x_wconf 74' lang='lat' dir='ltr'><strong>:eterna</strong></span> <span class='ocrx_word' id='word_1_312' title='bbox 1355 3109 1410 3154; x_wconf 90' lang='lat' dir='ltr'><strong>et</strong></span> <span class='ocrx_word' id='word_1_313' title='bbox 1452 3098 1775 3159; x_wconf 78' lang='lat' dir='ltr'><strong>ineﬂabilia,</strong></span> <span class='ocrx_word' id='word_1_314' title='bbox 1801 3113 1923 3167; x_wconf 69' lang='lat' dir='ltr'><strong>qua:</strong></span> <span class='ocrx_word' id='word_1_315' title='bbox 1953 3094 2310 3166; x_wconf 79' lang='lat' dir='ltr'><strong>diligentibus</strong></span> 
     </span>
    </p>
   </div>
   <div class='ocr_carea' id='block_1_49' title="bbox 708 3190 2315 3263">
    <p class='ocr_par' dir='ltr' id='par_1_49' title="bbox 708 3190 2315 3263">
     <span class='ocr_line' id='line_1_49' title="bbox 708 3190 2315 3263; baseline -0.006 -15"><span class='ocrx_word' id='word_1_316' title='bbox 708 3194 882 3249; x_wconf 83' lang='lat' dir='ltr'><strong>Deum</strong></span> <span class='ocrx_word' id='word_1_317' title='bbox 933 3202 1237 3263; x_wconf 64' lang='lat' dir='ltr'><strong>praeparata</strong></span> <span class='ocrx_word' id='word_1_318' title='bbox 1288 3201 1438 3256; x_wconf 91' lang='lat' dir='ltr'><strong>sunt,</strong></span> <span class='ocrx_word' id='word_1_319' title='bbox 1494 3190 1652 3245; x_wconf 88' lang='lat' dir='ltr'><strong>cibus</strong></span> <span class='ocrx_word' id='word_1_320' title='bbox 1710 3204 1843 3244; x_wconf 91' lang='lat' dir='ltr'><strong>vero</strong></span> <span class='ocrx_word' id='word_1_321' title='bbox 1869 3203 1933 3244; x_wconf 93' lang='lat' dir='ltr'><strong>ac</strong></span> <span class='ocrx_word' id='word_1_322' title='bbox 1990 3194 2175 3258; x_wconf 86' lang='lat' dir='ltr'><strong>potus,</strong></span> <span class='ocrx_word' id='word_1_323' title='bbox 2228 3192 2315 3240; x_wconf 92' lang='lat' dir='ltr'><strong>est</strong></span> 
     </span>
    </p>
   </div>
   <div class='ocr_carea' id='block_1_50' title="bbox 708 3285 1173 3345">
    <p class='ocr_par' dir='ltr' id='par_1_50' title="bbox 708 3285 1173 3345">
     <span class='ocr_line' id='line_1_50' title="bbox 708 3285 1173 3345; baseline -0.006 -3"><span class='ocrx_word' id='word_1_324' title='bbox 708 3285 922 3345; x_wconf 75' lang='lat' dir='ltr'><strong>ilorum</strong></span> <span class='ocrx_word' id='word_1_325' title='bbox 961 3287 1173 3341; x_wconf 81' lang='lat' dir='ltr'><strong>fruitio.</strong></span> 
     </span>
    </p>
   </div>
   <div class='ocr_carea' id='block_1_51' title="bbox 782 3367 2321 3441">
    <p class='ocr_par' dir='ltr' id='par_1_51' title="bbox 782 3367 2321 3441">
     <span class='ocr_line' id='line_1_51' title="bbox 782 3367 2321 3441; baseline -0.007 -10"><span class='ocrx_word' id='word_1_326' title='bbox 782 3377 938 3433; x_wconf 87' lang='lat' dir='ltr'><strong>Vers.</strong></span> <span class='ocrx_word' id='word_1_327' title='bbox 976 3380 1064 3433; x_wconf 76' lang='lat'><strong>30.</strong></span> <span class='ocrx_word' id='word_1_328' title='bbox 1103 3376 1169 3430; x_wconf 85' lang='lat' dir='ltr'><strong>Et</strong></span> <span class='ocrx_word' id='word_1_329' title='bbox 1200 3406 1265 3418; x_wconf 90' lang='lat'><strong><em>—</em></strong></span> <span class='ocrx_word' id='word_1_330' title='bbox 1299 3374 1494 3430; x_wconf 81' lang='lat' dir='ltr'><strong>Israel.</strong></span> <span class='ocrx_word' id='word_1_331' title='bbox 1533 3373 1645 3429; x_wconf 81' lang='lat' dir='ltr'><strong>Hoc</strong></span> <span class='ocrx_word' id='word_1_332' title='bbox 1689 3374 1855 3428; x_wconf 87' lang='lat' dir='ltr'><strong>etiam</strong></span> <span class='ocrx_word' id='word_1_333' title='bbox 1909 3371 2020 3427; x_wconf 85' lang='lat' dir='ltr'><strong>illis</strong></span> <span class='ocrx_word' id='word_1_334' title='bbox 2068 3367 2321 3441; x_wconf 88' lang='lat' dir='ltr'><strong>promisit</strong></span> 
     </span>
    </p>
   </div>
   <div class='ocr_carea' id='block_1_52' title="bbox 710 3464 2318 3541">
    <p class='ocr_par' dir='ltr' id='par_1_52' title="bbox 710 3464 2318 3541">
     <span class='ocr_line' id='line_1_52' title="bbox 710 3464 2318 3541; baseline -0.007 -16"><span class='ocrx_word' id='word_1_335' title='bbox 710 3472 1134 3541; x_wconf 81' lang='lat' dir='ltr'><strong>quadragesimo</strong></span> <span class='ocrx_word' id='word_1_336' title='bbox 1197 3471 1379 3539; x_wconf 87' lang='lat' dir='ltr'><strong>primo</strong></span> <span class='ocrx_word' id='word_1_337' title='bbox 1426 3468 1715 3537; x_wconf 78' lang='lat' dir='ltr'><strong>Evangelii</strong></span> <span class='ocrx_word' id='word_1_338' title='bbox 1783 3468 1941 3534; x_wconf 79' lang='lat' dir='ltr'><strong>juxta</strong></span> <span class='ocrx_word' id='word_1_339' title='bbox 2001 3464 2318 3518; x_wconf 68' lang='lat' dir='ltr'><strong>Hatthaeum</strong></span> 
     </span>
    </p>
   </div>
   <div class='ocr_carea' id='block_1_53' title="bbox 709 3556 2315 3633">
    <p class='ocr_par' dir='ltr' id='par_1_53' title="bbox 709 3556 2315 3633">
     <span class='ocr_line' id='line_1_53' title="bbox 709 3556 2315 3633; baseline -0.007 -15"><span class='ocrx_word' id='word_1_340' title='bbox 709 3565 911 3633; x_wconf 83' lang='lat' dir='ltr'><strong>capite,</strong></span> <span class='ocrx_word' id='word_1_341' title='bbox 948 3563 1039 3616; x_wconf 88' lang='lat' dir='ltr'><strong>ubi</strong></span> <span class='ocrx_word' id='word_1_342' title='bbox 1090 3565 1358 3632; x_wconf 74' lang='lat' dir='ltr'><strong>scriptum</strong></span> <span class='ocrx_word' id='word_1_343' title='bbox 1408 3572 1494 3616; x_wconf 86' lang='lat' dir='ltr'><strong>est</strong></span> <span class='ocrx_word' id='word_1_344' title='bbox 1533 3558 1735 3617; x_wconf 81' lang='lat' dir='ltr'><strong>:Jesus</strong></span> <span class='ocrx_word' id='word_1_345' title='bbox 1781 3568 1966 3612; x_wconf 89' lang='lat' dir='ltr'><strong>autem</strong></span> <span class='ocrx_word' id='word_1_346' title='bbox 2001 3557 2140 3611; x_wconf 80' lang='lat' dir='ltr'><strong>dixit</strong></span> <span class='ocrx_word' id='word_1_347' title='bbox 2184 3556 2265 3609; x_wconf 85' lang='lat' dir='ltr'><strong>eis</strong></span> <span class='ocrx_word' id='word_1_348' title='bbox 2302 3570 2315 3605; x_wconf 87' lang='lat'><strong>:</strong></span> 
     </span>
    </p>
   </div>
   <div class='ocr_carea' id='block_1_54' title="bbox 709 3653 2317 3723">
    <p class='ocr_par' dir='ltr' id='par_1_54' title="bbox 709 3653 2317 3723">
     <span class='ocr_line' id='line_1_54' title="bbox 709 3653 2317 3723; baseline -0.004 -14"><span class='ocrx_word' id='word_1_349' title='bbox 709 3659 877 3709; x_wconf 70' lang='lat' dir='ltr'><strong>Amen</strong></span> <span class='ocrx_word' id='word_1_350' title='bbox 911 3657 1025 3709; x_wconf 84' lang='lat' dir='ltr'><strong>dico</strong></span> <span class='ocrx_word' id='word_1_351' title='bbox 1056 3658 1218 3718; x_wconf 83' lang='lat' dir='ltr'><strong>vobis,</strong></span> <span class='ocrx_word' id='word_1_352' title='bbox 1253 3656 1392 3723; x_wconf 87' lang='lat' dir='ltr'><strong>quod</strong></span> <span class='ocrx_word' id='word_1_353' title='bbox 1424 3670 1509 3708; x_wconf 86' lang='lat' dir='ltr'><strong>vos</strong></span> <span class='ocrx_word' id='word_1_354' title='bbox 1545 3654 1635 3723; x_wconf 87' lang='lat' dir='ltr'><strong>qui</strong></span> <span class='ocrx_word' id='word_1_355' title='bbox 1671 3653 1837 3705; x_wconf 81' lang='lat' dir='ltr'><strong>secuti</strong></span> <span class='ocrx_word' id='word_1_356' title='bbox 1869 3653 1991 3705; x_wconf 85' lang='lat' dir='ltr'><strong>estis</strong></span> <span class='ocrx_word' id='word_1_357' title='bbox 2034 3667 2115 3703; x_wconf 88' lang='lat' dir='ltr'><strong>me</strong></span> <span class='ocrx_word' id='word_1_358' title='bbox 2138 3654 2214 3715; x_wconf 79' lang='grc' dir='ltr'>ὀ,</span> <span class='ocrx_word' id='word_1_359' title='bbox 2261 3658 2317 3704; x_wconf 88' lang='lat' dir='ltr'><strong>et</strong></span> 
     </span>
    </p>
   </div>
   <div class='ocr_carea' id='block_1_55' title="bbox 708 3744 2182 3817">
    <p class='ocr_par' dir='ltr' id='par_1_55' title="bbox 708 3744 2182 3817">
     <span class='ocr_line' id='line_1_55' title="bbox 708 3744 2182 3817; baseline -0.005 -14"><span class='ocrx_word' id='word_1_360' title='bbox 708 3758 905 3803; x_wconf 73' lang='lat' dir='ltr'><strong>caetera</strong></span> <span class='ocrx_word' id='word_1_361' title='bbox 946 3766 959 3801; x_wconf 90' lang='lat'>:</span> <span class='ocrx_word' id='word_1_362' title='bbox 999 3748 1068 3801; x_wconf 89' lang='lat' dir='ltr'><strong>ibi</strong></span> <span class='ocrx_word' id='word_1_363' title='bbox 1104 3762 1236 3817; x_wconf 78' lang='lat' dir='ltr'><strong>ergo</strong></span> <span class='ocrx_word' id='word_1_364' title='bbox 1270 3747 1387 3816; x_wconf 86' lang='lat' dir='ltr'><strong>lege</strong></span> <span class='ocrx_word' id='word_1_365' title='bbox 1416 3748 1610 3799; x_wconf 85' lang='lat' dir='ltr'><strong>horum</strong></span> <span class='ocrx_word' id='word_1_366' title='bbox 1648 3744 2182 3813; x_wconf 85' lang='lat' dir='ltr'><strong>interpretationem.</strong></span> 
     </span>
    </p>
   </div>
   <div class='ocr_carea' id='block_1_56' title="bbox 2500 2049 4014 2133">
    <p class='ocr_par' dir='ltr' id='par_1_56' title="bbox 2500 2049 4014 2133">
     <span class='ocr_line' id='line_1_56' title="bbox 2500 2049 4014 2133; baseline -0.015 -12"><span class='ocrx_word' id='word_1_367' title='bbox 2500 2070 2688 2133; x_wconf 82' lang='grc' dir='ltr'>Τίς-</span> <span class='ocrx_word' id='word_1_368' title='bbox 2719 2062 3043 2117; x_wconf 74' lang='grc' dir='ltr'>διακονῶν.</span> <span class='ocrx_word' id='word_1_369' title='bbox 3101 2057 3327 2113; x_wconf 76' lang='grc' dir='ltr'>Ἑαυτὸν</span> <span class='ocrx_word' id='word_1_370' title='bbox 3379 2055 3567 2117; x_wconf 82' lang='grc' dir='ltr'>αὐτοῖς</span> <span class='ocrx_word' id='word_1_371' title='bbox 3615 2052 3833 2105; x_wconf 82' lang='grc' dir='ltr'>δίδωσιν</span> <span class='ocrx_word' id='word_1_372' title='bbox 3882 2049 4014 2100; x_wconf 60' lang='lat' dir='ltr'><strong>om.</strong></span> 
     </span>
    </p>
   </div>
   <div class='ocr_carea' id='block_1_57' title="bbox 2419 2140 4017 2229">
    <p class='ocr_par' dir='ltr' id='par_1_57' title="bbox 2419 2140 4017 2229">
     <span class='ocr_line' id='line_1_57' title="bbox 2419 2140 4017 2229; baseline -0.016 -15"><span class='ocrx_word' id='word_1_373' title='bbox 2419 2162 2622 2229; x_wconf 85' lang='grc' dir='ltr'>δειγμα</span> <span class='ocrx_word' id='word_1_374' title='bbox 2670 2156 2765 2210; x_wconf 80' lang='grc' dir='ltr'>τοῦ</span> <span class='ocrx_word' id='word_1_375' title='bbox 2818 2155 3003 2223; x_wconf 87' lang='grc' dir='ltr'>λόγου.</span> <span class='ocrx_word' id='word_1_376' title='bbox 3041 2152 3265 2204; x_wconf 87' lang='grc' dir='ltr'><strong>Τούτων</strong></span> <span class='ocrx_word' id='word_1_377' title='bbox 3322 2148 3432 2219; x_wconf 81' lang='grc' dir='ltr'>γὰρ</span> <span class='ocrx_word' id='word_1_378' title='bbox 3480 2145 3886 2215; x_wconf 86' lang='grc' dir='ltr'>ἀνακειμένων,</span> <span class='ocrx_word' id='word_1_379' title='bbox 3939 2140 4017 2199; x_wconf 78' lang='grc' dir='ltr'><strong>ὡς</strong></span> 
     </span>
    </p>
   </div>
   <div class='ocr_carea' id='block_1_58' title="bbox 2423 2229 4014 2321">
    <p class='ocr_par' dir='ltr' id='par_1_58' title="bbox 2423 2229 4014 2321">
     <span class='ocr_line' id='line_1_58' title="bbox 2423 2229 4014 2321; baseline -0.014 -18"><span class='ocrx_word' id='word_1_380' title='bbox 2423 2250 2689 2321; x_wconf 76' lang='grc' dir='ltr'>μειζόνων</span> <span class='ocrx_word' id='word_1_381' title='bbox 2742 2248 2833 2300; x_wconf 81' lang='grc' dir='ltr'><strong>ὑπ’</strong></span> <span class='ocrx_word' id='word_1_382' title='bbox 2872 2243 3043 2299; x_wconf 79' lang='grc' dir='ltr'>αὑτοῦ</span> <span class='ocrx_word' id='word_1_383' title='bbox 3090 2241 3421 2311; x_wconf 80' lang='grc' dir='ltr'>κριθέντων,</span> <span class='ocrx_word' id='word_1_384' title='bbox 3460 2229 3619 2298; x_wconf 70' lang='grc' dir='ltr'>οὗτος</span> <span class='ocrx_word' id='word_1_385' title='bbox 3667 2233 4014 2303; x_wconf 79' lang='grc' dir='ltr'>διηκόνησεν,</span> 
     </span>
    </p>
   </div>
   <div class='ocr_carea' id='block_1_59' title="bbox 2419 2321 4015 2411">
    <p class='ocr_par' dir='ltr' id='par_1_59' title="bbox 2419 2321 4015 2411">
     <span class='ocr_line' id='line_1_59' title="bbox 2419 2321 4015 2411; baseline -0.014 -14"><span class='ocrx_word' id='word_1_386' title='bbox 2419 2347 2495 2407; x_wconf 84' lang='grc' dir='ltr'>ὡς</span> <span class='ocrx_word' id='word_1_387' title='bbox 2528 2344 2760 2411; x_wconf 75' lang='grc' dir='ltr'>ἔσχατον</span> <span class='ocrx_word' id='word_1_388' title='bbox 2793 2338 2989 2392; x_wconf 76' lang='grc' dir='ltr'>ἑαυτὸν</span> <span class='ocrx_word' id='word_1_389' title='bbox 3026 2334 3410 2404; x_wconf 74' lang='grc' dir='ltr'>λογισάμενος,</span> <span class='ocrx_word' id='word_1_390' title='bbox 3445 2332 3535 2383; x_wconf 81' lang='grc' dir='ltr'>ὅτε</span> <span class='ocrx_word' id='word_1_391' title='bbox 3573 2328 3727 2395; x_wconf 50' lang='lat' dir='ltr'><strong>Evn}:</strong></span> <span class='ocrx_word' id='word_1_392' title='bbox 3756 2326 3881 2387; x_wconf 65' lang='grc' dir='ltr'>τοὺς</span> <span class='ocrx_word' id='word_1_393' title='bbox 3914 2321 4015 2375; x_wconf 83' lang='grc' dir='ltr'>πό·</span> 
     </span>
    </p>
   </div>
   <div class='ocr_carea' id='block_1_60' title="bbox 2420 2433 2756 2492">
    <p class='ocr_par' dir='ltr' id='par_1_60' title="bbox 2420 2433 2756 2492">
     <span class='ocr_line' id='line_1_60' title="bbox 2420 2433 2756 2492; baseline -0.009 -4"><span class='ocrx_word' id='word_1_394' title='bbox 2420 2438 2517 2492; x_wconf 75' lang='grc' dir='ltr'><strong>δας</strong></span> <span class='ocrx_word' id='word_1_395' title='bbox 2553 2433 2756 2487; x_wconf 75' lang='grc' dir='ltr'>αὐτῶν.</span> 
     </span>
    </p>
   </div>
   <div class='ocr_carea' id='block_1_61' title="bbox 2504 2508 4017 2596">
    <p class='ocr_par' dir='ltr' id='par_1_61' title="bbox 2504 2508 4017 2596">
     <span class='ocr_line' id='line_1_61' title="bbox 2504 2508 4017 2596; baseline -0.017 -14"><span class='ocrx_word' id='word_1_396' title='bbox 2504 2527 2693 2596; x_wconf 78' lang='grc' dir='ltr'>Ὑμεῖς</span> <span class='ocrx_word' id='word_1_397' title='bbox 2729 2556 2799 2566; x_wconf 83' lang='lat'><strong>——</strong></span> <span class='ocrx_word' id='word_1_398' title='bbox 2836 2520 3191 2587; x_wconf 77' lang='grc' dir='ltr'>βασιλείαν.</span> <span class='ocrx_word' id='word_1_399' title='bbox 3245 2517 3587 2582; x_wconf 80' lang='grc' dir='ltr'>Διατίθεμαι</span> <span class='ocrx_word' id='word_1_400' title='bbox 3652 2510 3795 2580; x_wconf 83' lang='grc' dir='ltr'>ὑμῖν</span> <span class='ocrx_word' id='word_1_401' title='bbox 3831 2508 4017 2572; x_wconf 73' lang='grc' dir='ltr'>,ϐασι-</span> 
     </span>
    </p>
   </div>
   <div class='ocr_carea' id='block_1_62' title="bbox 2420 2601 4018 2686">
    <p class='ocr_par' dir='ltr' id='par_1_62' title="bbox 2420 2601 4018 2686">
     <span class='ocr_line' id='line_1_62' title="bbox 2420 2601 4018 2686; baseline -0.018 -7"><span class='ocrx_word' id='word_1_402' title='bbox 2420 2624 2615 2686; x_wconf 75' lang='grc' dir='ltr'>λείαν,</span> <span class='ocrx_word' id='word_1_403' title='bbox 2659 2621 2783 2674; x_wconf 73' lang='grc' dir='ltr'>ἀντὶ</span> <span class='ocrx_word' id='word_1_404' title='bbox 2815 2618 2931 2679; x_wconf 76' lang='grc' dir='ltr'>τοῦ,</span> <span class='ocrx_word' id='word_1_405' title='bbox 3007 2612 3468 2681; x_wconf 82' lang='grc' dir='ltr'>ὲπαγγέλλομαι’</span> <span class='ocrx_word' id='word_1_406' title='bbox 3521 2604 3803 2676; x_wconf 68' lang='grc' dir='ltr'>βασιλείαν</span> <span class='ocrx_word' id='word_1_407' title='bbox 3837 2602 3891 2652; x_wconf 75' lang='grc' dir='ltr'>δὲ</span> <span class='ocrx_word' id='word_1_408' title='bbox 3925 2601 4018 2651; x_wconf 78' lang='grc' dir='ltr'><strong>οὖ-</strong></span> 
     </span>
    </p>
   </div>
   <div class='ocr_carea' id='block_1_63' title="bbox 2422 2692 4018 2789">
    <p class='ocr_par' dir='ltr' id='par_1_63' title="bbox 2422 2692 4018 2789">
     <span class='ocr_line' id='line_1_63' title="bbox 2422 2692 4018 2789; baseline -0.017 -21"><span class='ocrx_word' id='word_1_409' title='bbox 2422 2717 2630 2789; x_wconf 81' lang='grc' dir='ltr'>ρὰνιον,</span> <span class='ocrx_word' id='word_1_410' title='bbox 2680 2708 2744 2781; x_wconf 80' lang='grc' dir='ltr'>ἧς</span> <span class='ocrx_word' id='word_1_411' title='bbox 2796 2712 2913 2772; x_wconf 70' lang='grc' dir='ltr'>ταῖς</span> <span class='ocrx_word' id='word_1_412' title='bbox 2952 2708 3136 2760; x_wconf 75' lang='grc' dir='ltr'>ἐλπίσι</span> <span class='ocrx_word' id='word_1_413' title='bbox 3177 2703 3454 2772; x_wconf 80' lang='grc' dir='ltr'>διανευροί</span> <span class='ocrx_word' id='word_1_414' title='bbox 3497 2699 3721 2758; x_wconf 76' lang='grc' dir='ltr'>τούτους</span> <span class='ocrx_word' id='word_1_415' title='bbox 3766 2695 3846 2746; x_wconf 72' lang='grc' dir='ltr'>ἔτι</span> <span class='ocrx_word' id='word_1_416' title='bbox 3883 2692 4018 2763; x_wconf 75' lang='grc' dir='ltr'>πρὸς</span> 
     </span>
    </p>
   </div>
   <div class='ocr_carea' id='block_1_64' title="bbox 2420 2801 3147 2875">
    <p class='ocr_par' dir='ltr' id='par_1_64' title="bbox 2420 2801 3147 2875">
     <span class='ocr_line' id='line_1_64' title="bbox 2420 2801 3147 2875; baseline -0.012 -15"><span class='ocrx_word' id='word_1_417' title='bbox 2420 2807 2689 2875; x_wconf 70' lang='grc' dir='ltr'>εὐψυχίαν</span> <span class='ocrx_word' id='word_1_418' title='bbox 2717 2803 2810 2855; x_wconf 76' lang='grc' dir='ltr'>καὶ</span> <span class='ocrx_word' id='word_1_419' title='bbox 2842 2801 3147 2868; x_wconf 82' lang='grc' dir='ltr'>ὑπομονήν.</span> 
     </span>
    </p>
   </div>
   <div class='ocr_carea' id='block_1_65' title="bbox 2494 2878 4018 2963">
    <p class='ocr_par' dir='ltr' id='par_1_65' title="bbox 2494 2878 4018 2963">
     <span class='ocr_line' id='line_1_65' title="bbox 2494 2878 4018 2963; baseline -0.014 -12"><span class='ocrx_word' id='word_1_420' title='bbox 2494 2902 2618 2951; x_wconf 82' lang='grc' dir='ltr'><strong>Ἵνα</strong></span> <span class='ocrx_word' id='word_1_421' title='bbox 2648 2894 3031 2963; x_wconf 79' lang='grc' dir='ltr'>-τραπέζης</span> <span class='ocrx_word' id='word_1_422' title='bbox 3074 2909 3214 2960; x_wconf 87' lang='grc' dir='ltr'>μου.</span> <span class='ocrx_word' id='word_1_423' title='bbox 3267 2892 3381 2960; x_wconf 80' lang='grc' dir='ltr'><strong>Τῆς</strong></span> <span class='ocrx_word' id='word_1_424' title='bbox 3434 2884 3724 2957; x_wconf 76' lang='grc' dir='ltr'>βασιλικῆς</span> <span class='ocrx_word' id='word_1_425' title='bbox 3774 2878 4018 2948; x_wconf 77' lang='grc' dir='ltr'>ἐκείνης,</span> 
     </span>
    </p>
   </div>
   <div class='ocr_carea' id='block_1_66' title="bbox 2419 2969 4021 3059">
    <p class='ocr_par' dir='ltr' id='par_1_66' title="bbox 2419 2969 4021 3059">
     <span class='ocr_line' id='line_1_66' title="bbox 2419 2969 4021 3059; baseline -0.015 -16"><span class='ocrx_word' id='word_1_426' title='bbox 2419 2991 2520 3059; x_wconf 78' lang='grc' dir='ltr'>τῆς</span> <span class='ocrx_word' id='word_1_427' title='bbox 2549 2987 2826 3055; x_wconf 81' lang='grc' dir='ltr'>οὐρανίου.</span> <span class='ocrx_word' id='word_1_428' title='bbox 2870 2980 2995 3037; x_wconf 78' lang='grc' dir='ltr'>Εἶεν</span> <span class='ocrx_word' id='word_1_429' title='bbox 3032 2984 3075 3035; x_wconf 85' lang='grc' dir='ltr'>δ’</span> <span class='ocrx_word' id='word_1_430' title='bbox 3132 2982 3199 3035; x_wconf 82' lang='grc' dir='ltr'>ἂν</span> <span class='ocrx_word' id='word_1_431' title='bbox 3250 2979 3501 3050; x_wconf 75' lang='grc' dir='ltr'>τράπεζα</span> <span class='ocrx_word' id='word_1_432' title='bbox 3554 2976 3654 3045; x_wconf 73' lang='grc' dir='ltr'>μὲν</span> <span class='ocrx_word' id='word_1_433' title='bbox 3704 2973 3774 3026; x_wconf 68' lang='grc' dir='ltr'>τὰ</span> <span class='ocrx_word' id='word_1_434' title='bbox 3822 2969 4021 3024; x_wconf 76' lang='grc' dir='ltr'>αἰώνια</span> 
     </span>
    </p>
   </div>
   <div class='ocr_carea' id='block_1_67' title="bbox 2424 3064 4019 3151">
    <p class='ocr_par' dir='ltr' id='par_1_67' title="bbox 2424 3064 4019 3151">
     <span class='ocr_line' id='line_1_67' title="bbox 2424 3064 4019 3151; baseline -0.013 -15"><span class='ocrx_word' id='word_1_435' title='bbox 2424 3084 2517 3136; x_wconf 77' lang='grc' dir='ltr'>καὶ</span> <span class='ocrx_word' id='word_1_436' title='bbox 2546 3080 2843 3151; x_wconf 66' lang='grc' dir='ltr'>ἀπόρρητα</span> <span class='ocrx_word' id='word_1_437' title='bbox 2874 3076 3080 3144; x_wconf 65' lang='grc' dir='ltr'>ἀγαθὰ,</span> <span class='ocrx_word' id='word_1_438' title='bbox 3110 3076 3179 3128; x_wconf 76' lang='grc' dir='ltr'>τὰ</span> <span class='ocrx_word' id='word_1_439' title='bbox 3203 3069 3593 3143; x_wconf 77' lang='grc' dir='ltr'>ἡτοιμασμένα</span> <span class='ocrx_word' id='word_1_440' title='bbox 3624 3068 3731 3128; x_wconf 82' lang='grc' dir='ltr'>τοῖς</span> <span class='ocrx_word' id='word_1_441' title='bbox 3759 3064 4019 3131; x_wconf 78' lang='grc' dir='ltr'>ἀγαπῶσι</span> 
     </span>
    </p>
   </div>
   <div class='ocr_carea' id='block_1_68' title="bbox 2425 3153 4021 3240">
    <p class='ocr_par' dir='ltr' id='par_1_68' title="bbox 2425 3153 4021 3240">
     <span class='ocr_line' id='line_1_68' title="bbox 2425 3153 4021 3240; baseline -0.013 -14"><span class='ocrx_word' id='word_1_442' title='bbox 2425 3176 2517 3227; x_wconf 79' lang='grc' dir='ltr'>τὸν</span> <span class='ocrx_word' id='word_1_443' title='bbox 2573 3172 2707 3225; x_wconf 67' lang='grc' dir='ltr'>θεόν</span> <span class='ocrx_word' id='word_1_444' title='bbox 2733 3188 2745 3201; x_wconf 83' lang='grc'><em>’</em></span> <span class='ocrx_word' id='word_1_445' title='bbox 2808 3170 3014 3240; x_wconf 85' lang='grc' dir='ltr'>βρῶσις</span> <span class='ocrx_word' id='word_1_446' title='bbox 3043 3168 3101 3221; x_wconf 81' lang='grc' dir='ltr'>δὲ</span> <span class='ocrx_word' id='word_1_447' title='bbox 3134 3167 3231 3221; x_wconf 77' lang='grc' dir='ltr'>καὶ</span> <span class='ocrx_word' id='word_1_448' title='bbox 3284 3165 3443 3227; x_wconf 71' lang='grc' dir='ltr'>πόσις</span> <span class='ocrx_word' id='word_1_449' title='bbox 3486 3164 3519 3233; x_wconf 79' lang='grc' dir='ltr'>ἡ</span> <span class='ocrx_word' id='word_1_450' title='bbox 3582 3159 3889 3218; x_wconf 85' lang='grc' dir='ltr'>ἀπόλαυσις</span> <span class='ocrx_word' id='word_1_451' title='bbox 3920 3153 4021 3207; x_wconf 80' lang='grc' dir='ltr'><strong>αὑ-</strong></span> 
     </span>
    </p>
   </div>
   <div class='ocr_carea' id='block_1_69' title="bbox 2418 3269 2552 3322">
    <p class='ocr_par' dir='ltr' id='par_1_69' title="bbox 2418 3269 2552 3322">
     <span class='ocr_line' id='line_1_69' title="bbox 2418 3269 2552 3322; baseline -0.007 0"><span class='ocrx_word' id='word_1_452' title='bbox 2418 3269 2552 3322; x_wconf 77' lang='grc' dir='ltr'>τῶν.</span> 
     </span>
    </p>
   </div>
   <div class='ocr_carea' id='block_1_70' title="bbox 2496 3350 4024 3431">
    <p class='ocr_par' dir='ltr' id='par_1_70' title="bbox 2496 3350 4024 3431">
     <span class='ocr_line' id='line_1_70' title="bbox 2496 3350 4024 3431; baseline -0.009 -14"><span class='ocrx_word' id='word_1_453' title='bbox 2496 3365 2605 3418; x_wconf 79' lang='grc' dir='ltr'><strong>Καὶ</strong></span> <span class='ocrx_word' id='word_1_454' title='bbox 2639 3392 2709 3403; x_wconf 89' lang='grc'><strong><em>-</em></strong></span> <span class='ocrx_word' id='word_1_455' title='bbox 2742 3361 3021 3431; x_wconf 79' lang='grc' dir='ltr'>Ἰσραήλ.</span> <span class='ocrx_word' id='word_1_456' title='bbox 3055 3359 3233 3413; x_wconf 84' lang='grc' dir='ltr'>Τοῦτο</span> <span class='ocrx_word' id='word_1_457' title='bbox 3284 3357 3558 3427; x_wconf 82' lang='grc' dir='ltr'>ὑπέσχετο</span> <span class='ocrx_word' id='word_1_458' title='bbox 3607 3354 3796 3416; x_wconf 80' lang='grc' dir='ltr'>αὐτοῖς</span> <span class='ocrx_word' id='word_1_459' title='bbox 3836 3352 3931 3405; x_wconf 72' lang='grc' dir='ltr'><strong>καὶ</strong></span> <span class='ocrx_word' id='word_1_460' title='bbox 3964 3350 4024 3403; x_wconf 76' lang='grc' dir='ltr'>ὲν</span> 
     </span>
    </p>
   </div>
   <div class='ocr_carea' id='block_1_71' title="bbox 2420 3446 4025 3528">
    <p class='ocr_par' dir='ltr' id='par_1_71' title="bbox 2420 3446 4025 3528">
     <span class='ocr_line' id='line_1_71' title="bbox 2420 3446 4025 3528; baseline -0.009 -17"><span class='ocrx_word' id='word_1_461' title='bbox 2420 3458 2499 3528; x_wconf 78' lang='grc' dir='ltr'>τῷ</span> <span class='ocrx_word' id='word_1_462' title='bbox 2528 3455 2959 3525; x_wconf 81' lang='grc' dir='ltr'>τεσσαρακοστῷ</span> <span class='ocrx_word' id='word_1_463' title='bbox 3005 3453 3211 3525; x_wconf 82' lang='grc' dir='ltr'>πρώτῳ</span> <span class='ocrx_word' id='word_1_464' title='bbox 3259 3451 3548 3521; x_wconf 83' lang='grc' dir='ltr'>κεφαλαίῳ</span> <span class='ocrx_word' id='word_1_465' title='bbox 3578 3448 3674 3502; x_wconf 82' lang='grc' dir='ltr'>τοῦ</span> <span class='ocrx_word' id='word_1_466' title='bbox 3699 3447 3842 3500; x_wconf 79' lang='grc' dir='ltr'>κατὰ</span> <span class='ocrx_word' id='word_1_467' title='bbox 3868 3446 4025 3498; x_wconf 86' lang='grc' dir='ltr'>Ματ-</span> 
     </span>
    </p>
   </div>
   <div class='ocr_carea' id='block_1_72' title="bbox 2422 3537 4024 3618">
    <p class='ocr_par' dir='ltr' id='par_1_72' title="bbox 2422 3537 4024 3618">
     <span class='ocr_line' id='line_1_72' title="bbox 2422 3537 4024 3618; baseline -0.012 -11"><span class='ocrx_word' id='word_1_468' title='bbox 2422 3554 2597 3614; x_wconf 84' lang='grc' dir='ltr'>θαῑον,</span> <span class='ocrx_word' id='word_1_469' title='bbox 2636 3551 2767 3604; x_wconf 69' lang='grc' dir='ltr'>ἔνθα</span> <span class='ocrx_word' id='word_1_470' title='bbox 2818 3550 3138 3618; x_wconf 79' lang='grc' dir='ltr'>γέγραπται</span> <span class='ocrx_word' id='word_1_471' title='bbox 3177 3550 3271 3601; x_wconf 86' lang='grc' dir='ltr'>τό·</span> <span class='ocrx_word' id='word_1_472' title='bbox 3321 3548 3348 3599; x_wconf 83' lang='grc' dir='ltr'>ὁ</span> <span class='ocrx_word' id='word_1_473' title='bbox 3378 3546 3433 3599; x_wconf 83' lang='grc' dir='ltr'>δὲ</span> <span class='ocrx_word' id='word_1_474' title='bbox 3482 3542 3697 3613; x_wconf 74' lang='grc' dir='ltr'>Ἰησοῦς</span> <span class='ocrx_word' id='word_1_475' title='bbox 3730 3537 4024 3594; x_wconf 65' lang='grc' dir='ltr'>εἷπεν-αὖα</span> 
     </span>
    </p>
   </div>
   <div class='ocr_carea' id='block_1_73' title="bbox 2424 3630 4023 3715">
    <p class='ocr_par' dir='ltr' id='par_1_73' title="bbox 2424 3630 4023 3715">
     <span class='ocr_line' id='line_1_73' title="bbox 2424 3630 4023 3715; baseline -0.013 -14"><span class='ocrx_word' id='word_1_476' title='bbox 2424 3650 2535 3710; x_wconf 69' lang='grc' dir='ltr'>τοῖς</span> <span class='ocrx_word' id='word_1_477' title='bbox 2565 3663 2577 3675; x_wconf 90' lang='grc'><strong>·</strong></span> <span class='ocrx_word' id='word_1_478' title='bbox 2620 3644 2810 3715; x_wconf 79' lang='grc' dir='ltr'><strong>Ἀμὴν</strong></span> <span class='ocrx_word' id='word_1_479' title='bbox 2845 3644 3001 3711; x_wconf 66' lang='grc' dir='ltr'>λέγω</span> <span class='ocrx_word' id='word_1_480' title='bbox 3042 3641 3208 3709; x_wconf 80' lang='grc' dir='ltr'>ὑμῖν,</span> <span class='ocrx_word' id='word_1_481' title='bbox 3239 3640 3328 3692; x_wconf 80' lang='grc' dir='ltr'>ὅτι</span> <span class='ocrx_word' id='word_1_482' title='bbox 3360 3637 3531 3706; x_wconf 82' lang='grc' dir='ltr'>ὑμεῖς</span> <span class='ocrx_word' id='word_1_483' title='bbox 3576 3639 3631 3690; x_wconf 75' lang='grc' dir='ltr'>οἱ</span> <span class='ocrx_word' id='word_1_484' title='bbox 3682 3630 4023 3695; x_wconf 70' lang='grc' dir='ltr'>ἀκολουθήο</span> 
     </span>
    </p>
   </div>
   <div class='ocr_carea' id='block_1_74' title="bbox 2423 3725 4028 3807">
    <p class='ocr_par' dir='ltr' id='par_1_74' title="bbox 2423 3725 4028 3807">
     <span class='ocr_line' id='line_1_74' title="bbox 2423 3725 4028 3807; baseline -0.011 -13"><span class='ocrx_word' id='word_1_485' title='bbox 2423 3741 2647 3805; x_wconf 80' lang='grc' dir='ltr'>σαντές</span> <span class='ocrx_word' id='word_1_486' title='bbox 2679 3757 2805 3807; x_wconf 86' lang='grc' dir='ltr'>μοι,</span> <span class='ocrx_word' id='word_1_487' title='bbox 2834 3739 2904 3791; x_wconf 73' lang='grc' dir='ltr'><strong>ἐν</strong></span> <span class='ocrx_word' id='word_1_488' title='bbox 2946 3737 3018 3803; x_wconf 77' lang='grc' dir='ltr'>τῇ</span> <span class='ocrx_word' id='word_1_489' title='bbox 3054 3734 3511 3801; x_wconf 65' lang='grc' dir='ltr'>παλιγγενεσία,</span> <span class='ocrx_word' id='word_1_490' title='bbox 3553 3731 3704 3784; x_wconf 79' lang='grc' dir='ltr'>ὅταν</span> <span class='ocrx_word' id='word_1_491' title='bbox 3728 3728 3949 3791; x_wconf 78' lang='grc' dir='ltr'>καθίσῃ</span> <span class='ocrx_word' id='word_1_492' title='bbox 3994 3725 4028 3775; x_wconf 78' lang='grc' dir='ltr'><em>ὁ</em></span> 
     </span>
    </p>
   </div>
   <div class='ocr_carea' id='block_1_75' title="bbox 712 3824 4028 3910">
    <p class='ocr_par' dir='ltr' id='par_1_75' title="bbox 712 3824 4028 3910">
     <span class='ocr_line' id='line_1_75' title="bbox 712 3824 4028 3910; baseline -0.002 -13"><span class='ocrx_word' id='word_1_493' title='bbox 712 3845 847 3909; x_wconf 78' lang='grc' dir='ltr'><strong>Υἱὸς</strong></span> <span class='ocrx_word' id='word_1_494' title='bbox 905 3842 1009 3895; x_wconf 76' lang='grc' dir='ltr'>τοῦ</span> <span class='ocrx_word' id='word_1_495' title='bbox 1068 3840 1389 3910; x_wconf 80' lang='grc' dir='ltr'>ἀνθρώπου</span> <span class='ocrx_word' id='word_1_496' title='bbox 1439 3842 1537 3895; x_wconf 79' lang='grc' dir='ltr'><strong>ἐπὶ</strong></span> <span class='ocrx_word' id='word_1_497' title='bbox 1600 3843 1819 3909; x_wconf 79' lang='grc' dir='ltr'>θρόνου</span> <span class='ocrx_word' id='word_1_498' title='bbox 1866 3840 2058 3906; x_wconf 79' lang='grc' dir='ltr'>δόξης</span> <span class='ocrx_word' id='word_1_499' title='bbox 2103 3838 2315 3903; x_wconf 79' lang='grc' dir='ltr'>αὑτοῦ,</span> <span class='ocrx_word' id='word_1_500' title='bbox 2360 3840 2690 3893; x_wconf 79' lang='grc' dir='ltr'>καθίσεσθε</span> <span class='ocrx_word' id='word_1_501' title='bbox 2764 3836 2862 3890; x_wconf 75' lang='grc' dir='ltr'>καὶ</span> <span class='ocrx_word' id='word_1_502' title='bbox 2916 3835 3086 3904; x_wconf 76' lang='grc' dir='ltr'>ὑμεῖς</span> <span class='ocrx_word' id='word_1_503' title='bbox 3131 3834 3225 3885; x_wconf 71' lang='grc' dir='ltr'><strong>ἐπὶ</strong></span> <span class='ocrx_word' id='word_1_504' title='bbox 3272 3830 3504 3883; x_wconf 80' lang='grc' dir='ltr'>δώδεκα</span> <span class='ocrx_word' id='word_1_505' title='bbox 3574 3829 3852 3898; x_wconf 75' lang='grc' dir='ltr'><strong>θρόνους.</strong></span> <span class='ocrx_word' id='word_1_506' title='bbox 3900 3824 4028 3891; x_wconf 80' lang='grc' dir='ltr'><strong>κρί·</strong></span> 
     </span>
    </p>
   </div>
   <div class='ocr_carea' id='block_1_76' title="bbox 710 3930 3286 4005">
    <p class='ocr_par' dir='ltr' id='par_1_76' title="bbox 710 3930 3286 4005">
     <span class='ocr_line' id='line_1_76' title="bbox 710 3930 3286 4005; baseline -0.006 -13"><span class='ocrx_word' id='word_1_507' title='bbox 710 3954 929 4003; x_wconf 74' lang='grc' dir='ltr'>νον-τες</span> <span class='ocrx_word' id='word_1_508' title='bbox 981 3938 1091 4003; x_wconf 82' lang='grc' dir='ltr'>τὰς</span> <span class='ocrx_word' id='word_1_509' title='bbox 1139 3935 1369 3989; x_wconf 78' lang='grc' dir='ltr'>δώδεκα</span> <span class='ocrx_word' id='word_1_510' title='bbox 1426 3934 1631 4005; x_wconf 72' lang='grc' dir='ltr'>φυλὰς</span> <span class='ocrx_word' id='word_1_511' title='bbox 1693 3935 1799 3988; x_wconf 84' lang='grc' dir='ltr'>τοῦ</span> <span class='ocrx_word' id='word_1_512' title='bbox 1864 3933 2117 4002; x_wconf 74' lang='grc' dir='ltr'>Ἰσραήλ</span> <span class='ocrx_word' id='word_1_513' title='bbox 2148 3948 2163 3965; x_wconf 78' lang='grc'><strong><em>⁸</em></strong></span> <span class='ocrx_word' id='word_1_514' title='bbox 2197 3934 2292 3987; x_wconf 68' lang='grc' dir='ltr'>καὶ</span> <span class='ocrx_word' id='word_1_515' title='bbox 2330 3933 2610 4002; x_wconf 83' lang='grc' dir='ltr'>ἀνάγνωθι</span> <span class='ocrx_word' id='word_1_516' title='bbox 2646 3933 2743 4002; x_wconf 77' lang='grc' dir='ltr'>τὴν</span> <span class='ocrx_word' id='word_1_517' title='bbox 2767 3930 2974 3984; x_wconf 81' lang='grc' dir='ltr'>τούτων</span> <span class='ocrx_word' id='word_1_518' title='bbox 2999 3930 3286 3997; x_wconf 77' lang='grc' dir='ltr'>ὲξήγησιν.</span> 
     </span>
    </p>
   </div>
   <div class='ocr_carea' id='block_1_77' title="bbox 907 4050 2134 4122">
    <p class='ocr_par' dir='ltr' id='par_1_77' title="bbox 907 4050 2134 4122">
     <span class='ocr_line' id='line_1_77' title="bbox 907 4050 2134 4122; baseline -0.005 -9"><span class='ocrx_word' id='word_1_519' title='bbox 907 4056 1062 4113; x_wconf 80' lang='lat' dir='ltr'><strong>CAP.</strong></span> <span class='ocrx_word' id='word_1_520' title='bbox 1098 4052 1388 4110; x_wconf 78' lang='lat' dir='ltr'><strong>LXXVIII.</strong></span> <span class='ocrx_word' id='word_1_521' title='bbox 1420 4054 1496 4108; x_wconf 89' lang='lat' dir='ltr'><strong>De</strong></span> <span class='ocrx_word' id='word_1_522' title='bbox 1526 4054 1851 4122; x_wconf 76' lang='lat' dir='ltr'><strong>expetitione</strong></span> <span class='ocrx_word' id='word_1_523' title='bbox 1884 4050 2134 4107; x_wconf 74' lang='lat' dir='ltr'><strong>Satanar.</strong></span> 
     </span>
    </p>
   </div>
   <div class='ocr_carea' id='block_1_78' title="bbox 784 4146 2326 4209">
    <p class='ocr_par' dir='ltr' id='par_1_78' title="bbox 784 4146 2326 4209">
     <span class='ocr_line' id='line_1_78' title="bbox 784 4146 2326 4209; baseline -0.005 0"><span class='ocrx_word' id='word_1_524' title='bbox 784 4153 943 4209; x_wconf 77' lang='lat' dir='ltr'><strong>Vers.</strong></span> <span class='ocrx_word' id='word_1_525' title='bbox 989 4153 1079 4206; x_wconf 77' lang='grc'><strong>51.</strong></span> <span class='ocrx_word' id='word_1_526' title='bbox 1107 4149 1254 4202; x_wconf 75' lang='lat' dir='ltr'><strong>Dixit</strong></span> <span class='ocrx_word' id='word_1_527' title='bbox 1294 4178 1363 4189; x_wconf 95' lang='lat'><strong><em>—</em></strong></span> <span class='ocrx_word' id='word_1_528' title='bbox 1393 4149 1653 4201; x_wconf 83' lang='lat' dir='ltr'><strong>triticum.</strong></span> <span class='ocrx_word' id='word_1_529' title='bbox 1686 4146 1761 4200; x_wconf 90' lang='lat' dir='ltr'><strong>llIi</strong></span> <span class='ocrx_word' id='word_1_530' title='bbox 1814 4148 1962 4201; x_wconf 85' lang='lat' dir='ltr'><strong>enim</strong></span> <span class='ocrx_word' id='word_1_531' title='bbox 2022 4147 2191 4201; x_wconf 86' lang='lat' dir='ltr'><strong>moris</strong></span> <span class='ocrx_word' id='word_1_532' title='bbox 2241 4155 2326 4203; x_wconf 88' lang='lat' dir='ltr'><strong>est</strong></span> 
     </span>
    </p>
   </div>
   <div class='ocr_carea' id='block_1_79' title="bbox 716 4243 2310 4322">
    <p class='ocr_par' dir='ltr' id='par_1_79' title="bbox 716 4243 2310 4322">
     <span class='ocr_line' id='line_1_79' title="bbox 716 4243 2310 4322; baseline -0.005 -17"><span class='ocrx_word' id='word_1_533' title='bbox 716 4251 1132 4322; x_wconf 55' lang='lat' dir='ltr'><strong>praestantiores</strong></span> <span class='ocrx_word' id='word_1_534' title='bbox 1196 4258 1457 4317; x_wconf 76' lang='lat' dir='ltr'><strong>expetere</strong></span> <span class='ocrx_word' id='word_1_535' title='bbox 1504 4246 1572 4300; x_wconf 92' lang='lat' dir='ltr'><strong>ad</strong></span> <span class='ocrx_word' id='word_1_536' title='bbox 1622 4246 1961 4315; x_wconf 62' lang='lat' dir='ltr'><strong>palaestram,</strong></span> <span class='ocrx_word' id='word_1_537' title='bbox 2003 4244 2149 4300; x_wconf 86' lang='lat' dir='ltr'><strong>sicut</strong></span> <span class='ocrx_word' id='word_1_538' title='bbox 2196 4243 2310 4298; x_wconf 91' lang='lat' dir='ltr'><strong>Iob.</strong></span> 
     </span>
    </p>
   </div>
   <div class='ocr_carea' id='block_1_80' title="bbox 710 4338 2318 4407">
    <p class='ocr_par' dir='ltr' id='par_1_80' title="bbox 710 4338 2318 4407">
     <span class='ocr_line' id='line_1_80' title="bbox 710 4338 2318 4407; baseline -0.008 -5"><span class='ocrx_word' id='word_1_539' title='bbox 710 4349 968 4403; x_wconf 83' lang='lat' dir='ltr'><strong>Cribrare</strong></span> <span class='ocrx_word' id='word_1_540' title='bbox 998 4359 1151 4407; x_wconf 88' lang='lat' dir='ltr'><strong>vero,</strong></span> <span class='ocrx_word' id='word_1_541' title='bbox 1193 4341 1244 4396; x_wconf 83' lang='lat' dir='ltr'><strong>i.l</strong></span> <span class='ocrx_word' id='word_1_542' title='bbox 1288 4352 1397 4404; x_wconf 87' lang='lat' dir='ltr'><strong>est,</strong></span> <span class='ocrx_word' id='word_1_543' title='bbox 1435 4340 1683 4403; x_wconf 84' lang='lat' dir='ltr'><strong>turbare,</strong></span> <span class='ocrx_word' id='word_1_544' title='bbox 1724 4354 1970 4403; x_wconf 88' lang='lat' dir='ltr'><strong>movere,</strong></span> <span class='ocrx_word' id='word_1_545' title='bbox 2010 4338 2318 4394; x_wconf 83' lang='lat' dir='ltr'><strong>concitare.</strong></span> 
     </span>
    </p>
   </div>
   <div class='ocr_carea' id='block_1_81' title="bbox 710 4431 2321 4507">
    <p class='ocr_par' dir='ltr' id='par_1_81' title="bbox 710 4431 2321 4507">
     <span class='ocr_line' id='line_1_81' title="bbox 710 4431 2321 4507; baseline -0.009 -10"><span class='ocrx_word' id='word_1_546' title='bbox 710 4443 967 4497; x_wconf 79' lang='lat' dir='ltr'><strong>Cribrum</strong></span> <span class='ocrx_word' id='word_1_547' title='bbox 1001 4437 1302 4507; x_wconf 85' lang='lat' dir='ltr'><strong>siquldem,</strong></span> <span class='ocrx_word' id='word_1_548' title='bbox 1328 4434 1478 4503; x_wconf 89' lang='lat' dir='ltr'><strong>quod</strong></span> <span class='ocrx_word' id='word_1_549' title='bbox 1509 4431 1860 4501; x_wconf 80' lang='lat' dir='ltr'><strong>frequentius</strong></span> <span class='ocrx_word' id='word_1_550' title='bbox 1883 4432 2163 4495; x_wconf 78' lang='grc' dir='ltr'>κόσκικον,</span> <span class='ocrx_word' id='word_1_551' title='bbox 2204 4431 2321 4485; x_wconf 83' lang='lat' dir='ltr'><strong>sive</strong></span> 
     </span>
    </p>
   </div>
   <div class='ocr_carea' id='block_1_82' title="bbox 713 4522 2320 4602">
    <p class='ocr_par' dir='ltr' id='par_1_82' title="bbox 713 4522 2320 4602">
     <span class='ocr_line' id='line_1_82' title="bbox 713 4522 2320 4602; baseline -0.009 -14"><span class='ocrx_word' id='word_1_552' title='bbox 713 4534 1055 4602; x_wconf 82' lang='grc' dir='ltr'>σινιατήριον</span> <span class='ocrx_word' id='word_1_553' title='bbox 1094 4530 1170 4601; x_wconf 81' lang='lat' dir='ltr'><strong>(y)</strong></span> <span class='ocrx_word' id='word_1_554' title='bbox 1209 4537 1457 4589; x_wconf 84' lang='lat' dir='ltr'><strong>vocatur,</strong></span> <span class='ocrx_word' id='word_1_555' title='bbox 1494 4541 1523 4579; x_wconf 88' lang='lat' dir='ltr'><strong>a</strong></span> <span class='ocrx_word' id='word_1_556' title='bbox 1568 4524 1901 4593; x_wconf 88' lang='lat' dir='ltr'><strong>quibusdam</strong></span> <span class='ocrx_word' id='word_1_557' title='bbox 1935 4523 2101 4577; x_wconf 88' lang='lat' dir='ltr'><strong>etiam</strong></span> <span class='ocrx_word' id='word_1_558' title='bbox 2150 4522 2320 4575; x_wconf 83' lang='grc' dir='ltr'>σινίον</span> 
     </span>
    </p>
   </div>
   <div class='ocr_carea' id='block_1_83' title="bbox 713 4618 2322 4692">
    <p class='ocr_par' dir='ltr' id='par_1_83' title="bbox 713 4618 2322 4692">
     <span class='ocr_line' id='line_1_83' title="bbox 713 4618 2322 4692; baseline -0.007 -10"><span class='ocrx_word' id='word_1_559' title='bbox 713 4628 937 4689; x_wconf 89' lang='lat' dir='ltr'><strong>dicitur,</strong></span> <span class='ocrx_word' id='word_1_560' title='bbox 965 4641 993 4678; x_wconf 91' lang='lat' dir='ltr'><strong>a</strong></span> <span class='ocrx_word' id='word_1_561' title='bbox 1025 4640 1134 4692; x_wconf 86' lang='lat' dir='ltr'><strong>quo</strong></span> <span class='ocrx_word' id='word_1_562' title='bbox 1161 4622 1385 4676; x_wconf 74' lang='lat' dir='ltr'><strong>verbum</strong></span> <span class='ocrx_word' id='word_1_563' title='bbox 1418 4621 1647 4685; x_wconf 77' lang='grc' dir='ltr'>σινιάζω</span> <span class='ocrx_word' id='word_1_564' title='bbox 1674 4619 1885 4677; x_wconf 87' lang='lat' dir='ltr'><strong>cribro.</strong></span> <span class='ocrx_word' id='word_1_565' title='bbox 1922 4618 2006 4672; x_wconf 89' lang='lat' dir='ltr'><strong>vel</strong></span> <span class='ocrx_word' id='word_1_566' title='bbox 2040 4619 2322 4673; x_wconf 88' lang='lat' dir='ltr'><strong>concutio.</strong></span> 
     </span>
    </p>
   </div>
   <div class='ocr_carea' id='block_1_84' title="bbox 2503 4037 3954 4115">
    <p class='ocr_par' dir='ltr' id='par_1_84' title="bbox 2503 4037 3954 4115">
     <span class='ocr_line' id='line_1_84' title="bbox 2503 4037 3954 4115; baseline -0.01 -11"><span class='ocrx_word' id='word_1_567' title='bbox 2503 4052 2662 4104; x_wconf 74' lang='grc' dir='ltr'><strong>ΚΕΦ.</strong></span> <span class='ocrx_word' id='word_1_568' title='bbox 2702 4047 2832 4103; x_wconf 84' lang='lat' dir='ltr'><strong>OH&#39;.</strong></span> <span class='ocrx_word' id='word_1_569' title='bbox 2870 4048 3003 4115; x_wconf 71' lang='grc' dir='ltr'>Περὶ</span> <span class='ocrx_word' id='word_1_570' title='bbox 3035 4045 3143 4112; x_wconf 81' lang='grc' dir='ltr'>τῆς</span> <span class='ocrx_word' id='word_1_571' title='bbox 3166 4045 3532 4112; x_wconf 79' lang='grc' dir='ltr'>ἐξαιτήσεως</span> <span class='ocrx_word' id='word_1_572' title='bbox 3560 4041 3666 4094; x_wconf 83' lang='grc' dir='ltr'>τοῦ</span> <span class='ocrx_word' id='word_1_573' title='bbox 3696 4037 3954 4093; x_wconf 79' lang='grc' dir='ltr'><strong>Σατανᾶ.</strong></span> 
     </span>
    </p>
   </div>
   <div class='ocr_carea' id='block_1_85' title="bbox 2500 4128 4031 4205">
    <p class='ocr_par' dir='ltr' id='par_1_85' title="bbox 2500 4128 4031 4205">
     <span class='ocr_line' id='line_1_85' title="bbox 2500 4128 4031 4205; baseline -0.011 -8"><span class='ocrx_word' id='word_1_574' title='bbox 2500 4140 2651 4197; x_wconf 62' lang='lat' dir='ltr'><strong>Eine</strong></span> <span class='ocrx_word' id='word_1_575' title='bbox 2680 4172 2744 4182; x_wconf 90' lang='lat'><strong>—-</strong></span> <span class='ocrx_word' id='word_1_576' title='bbox 2776 4141 2977 4194; x_wconf 80' lang='grc' dir='ltr'>σῖτον.</span> <span class='ocrx_word' id='word_1_577' title='bbox 3021 4137 3184 4199; x_wconf 81' lang='grc' dir='ltr'>Ἐθος</span> <span class='ocrx_word' id='word_1_578' title='bbox 3226 4138 3337 4205; x_wconf 83' lang='grc' dir='ltr'><strong>γάρ</strong></span> <span class='ocrx_word' id='word_1_579' title='bbox 3375 4134 3528 4204; x_wconf 80' lang='grc' dir='ltr'><strong>αὑτῷ</strong></span> <span class='ocrx_word' id='word_1_580' title='bbox 3563 4131 3691 4193; x_wconf 85' lang='grc' dir='ltr'>τοὺς</span> <span class='ocrx_word' id='word_1_581' title='bbox 3724 4128 4031 4197; x_wconf 81' lang='grc' dir='ltr'>δοκιμωτέ-</span> 
     </span>
    </p>
   </div>
   <div class='ocr_carea' id='block_1_86' title="bbox 2430 4222 4026 4307">
    <p class='ocr_par' dir='ltr' id='par_1_86' title="bbox 2430 4222 4026 4307">
     <span class='ocr_line' id='line_1_86' title="bbox 2430 4222 4026 4307; baseline -0.011 -17"><span class='ocrx_word' id='word_1_582' title='bbox 2430 4254 2556 4307; x_wconf 85' lang='grc' dir='ltr'>ρους</span> <span class='ocrx_word' id='word_1_583' title='bbox 2592 4232 2927 4301; x_wconf 72' lang='grc' dir='ltr'>ἐξαιτεῖσθαι</span> <span class='ocrx_word' id='word_1_584' title='bbox 2982 4232 3122 4301; x_wconf 72' lang='grc' dir='ltr'>πρὸς</span> <span class='ocrx_word' id='word_1_585' title='bbox 3157 4230 3355 4297; x_wconf 67' lang='grc' dir='ltr'>πάὶιηνς</span> <span class='ocrx_word' id='word_1_586' title='bbox 3398 4226 3474 4290; x_wconf 84' lang='grc' dir='ltr'><strong>ὡς</strong></span> <span class='ocrx_word' id='word_1_587' title='bbox 3507 4227 3597 4278; x_wconf 79' lang='grc' dir='ltr'>τὸν</span> <span class='ocrx_word' id='word_1_588' title='bbox 3636 4223 3778 4279; x_wconf 82' lang='grc' dir='ltr'><strong>Ἰώσ.</strong></span> <span class='ocrx_word' id='word_1_589' title='bbox 3808 4222 4026 4277; x_wconf 74' lang='grc' dir='ltr'><strong>Συνηὶο</strong></span> 
     </span>
    </p>
   </div>
   <div class='ocr_carea' id='block_1_87' title="bbox 2425 4318 4029 4395">
    <p class='ocr_par' dir='ltr' id='par_1_87' title="bbox 2425 4318 4029 4395">
     <span class='ocr_line' id='line_1_87' title="bbox 2425 4318 4029 4395; baseline -0.011 -11"><span class='ocrx_word' id='word_1_590' title='bbox 2425 4346 2530 4384; x_wconf 85' lang='grc' dir='ltr'><strong>σαι</strong></span> <span class='ocrx_word' id='word_1_591' title='bbox 2583 4330 2662 4395; x_wconf 81' lang='grc' dir='ltr'>δὲ,</span> <span class='ocrx_word' id='word_1_592' title='bbox 2718 4329 2840 4381; x_wconf 78' lang='grc' dir='ltr'>ἀντὶ</span> <span class='ocrx_word' id='word_1_593' title='bbox 2880 4326 2999 4389; x_wconf 76' lang='grc' dir='ltr'>τοῦ,</span> <span class='ocrx_word' id='word_1_594' title='bbox 3053 4325 3165 4395; x_wconf 73' lang='grc'><strong>(55)</strong></span> <span class='ocrx_word' id='word_1_595' title='bbox 3233 4320 3561 4393; x_wconf 76' lang='grc' dir='ltr'>θορυϐῆσαι,</span> <span class='ocrx_word' id='word_1_596' title='bbox 3622 4318 3884 4385; x_wconf 81' lang='grc' dir='ltr'>κυκῆσαι,</span> <span class='ocrx_word' id='word_1_597' title='bbox 3928 4332 4029 4368; x_wconf 70' lang='grc' dir='ltr'>τα-</span> 
     </span>
    </p>
   </div>
   <div class='ocr_carea' id='block_1_88' title="bbox 2435 4407 4027 4494">
    <p class='ocr_par' dir='ltr' id='par_1_88' title="bbox 2435 4407 4027 4494">
     <span class='ocr_line' id='line_1_88' title="bbox 2435 4407 4027 4494; baseline -0.01 -19"><span class='ocrx_word' id='word_1_598' title='bbox 2435 4422 2616 4494; x_wconf 82' lang='grc' dir='ltr'>ράξαι.</span> <span class='ocrx_word' id='word_1_599' title='bbox 2672 4422 2849 4473; x_wconf 78' lang='grc' dir='ltr'>Σινίον</span> <span class='ocrx_word' id='word_1_600' title='bbox 2888 4419 3002 4487; x_wconf 67' lang='grc'><strong>(54)</strong></span> <span class='ocrx_word' id='word_1_601' title='bbox 3038 4418 3148 4487; x_wconf 76' lang='grc' dir='ltr'>γὰρ</span> <span class='ocrx_word' id='word_1_602' title='bbox 3172 4416 3321 4485; x_wconf 83' lang='grc' dir='ltr'><strong>παρά</strong></span> <span class='ocrx_word' id='word_1_603' title='bbox 3352 4431 3465 4467; x_wconf 86' lang='grc' dir='ltr'>τισι</span> <span class='ocrx_word' id='word_1_604' title='bbox 3518 4414 3769 4465; x_wconf 86' lang='grc' dir='ltr'>καλεῖται</span> <span class='ocrx_word' id='word_1_605' title='bbox 3804 4409 3863 4462; x_wconf 83' lang='grc' dir='ltr'>τὸ</span> <span class='ocrx_word' id='word_1_606' title='bbox 3897 4407 4027 4477; x_wconf 81' lang='grc' dir='ltr'>παρ’</span> 
     </span>
    </p>
   </div>
   <div class='ocr_carea' id='block_1_89' title="bbox 2434 4504 4029 4584">
    <p class='ocr_par' dir='ltr' id='par_1_89' title="bbox 2434 4504 4029 4584">
     <span class='ocr_line' id='line_1_89' title="bbox 2434 4504 4029 4584; baseline -0.008 -20"><span class='ocrx_word' id='word_1_607' title='bbox 2434 4515 2567 4584; x_wconf 84' lang='grc' dir='ltr'>ἡμῖν</span> <span class='ocrx_word' id='word_1_608' title='bbox 2605 4512 2883 4575; x_wconf 82' lang='grc' dir='ltr'>κόσκινον,</span> <span class='ocrx_word' id='word_1_609' title='bbox 2940 4512 2998 4561; x_wconf 75' lang='grc' dir='ltr'><strong>έν</strong></span> <span class='ocrx_word' id='word_1_610' title='bbox 3028 4504 3072 4578; x_wconf 84' lang='grc' dir='ltr'>ᾧ</span> <span class='ocrx_word' id='word_1_611' title='bbox 3112 4511 3139 4561; x_wconf 89' lang='grc' dir='ltr'><strong>ό</strong></span> <span class='ocrx_word' id='word_1_612' title='bbox 3181 4510 3327 4570; x_wconf 82' lang='grc' dir='ltr'>σῖτος</span> <span class='ocrx_word' id='word_1_613' title='bbox 3359 4506 3485 4575; x_wconf 72' lang='grc' dir='ltr'>τῇδε</span> <span class='ocrx_word' id='word_1_614' title='bbox 3519 4506 3746 4557; x_wconf 85' lang='grc' dir='ltr'>κάκεῖσε</span> <span class='ocrx_word' id='word_1_615' title='bbox 3788 4518 4029 4572; x_wconf 71' lang='grc' dir='ltr'>μεταφε-</span> 
     </span>
    </p>
   </div>
   <div class='ocr_carea' id='block_1_90' title="bbox 2434 4594 4031 4679">
    <p class='ocr_par' dir='ltr' id='par_1_90' title="bbox 2434 4594 4031 4679">
     <span class='ocr_line' id='line_1_90' title="bbox 2434 4594 4031 4679; baseline -0.009 -19"><span class='ocrx_word' id='word_1_616' title='bbox 2434 4609 2667 4679; x_wconf 86' lang='grc' dir='ltr'>ρόμενος</span> <span class='ocrx_word' id='word_1_617' title='bbox 2708 4606 3074 4676; x_wconf 81' lang='grc' dir='ltr'>ταράσσεται.</span> <span class='ocrx_word' id='word_1_618' title='bbox 3108 4602 3374 4674; x_wconf 77' lang='grc' dir='ltr'>Προλέγει</span> <span class='ocrx_word' id='word_1_619' title='bbox 3416 4599 3475 4653; x_wconf 68' lang='grc' dir='ltr'>δὶ</span> <span class='ocrx_word' id='word_1_620' title='bbox 3527 4600 3715 4660; x_wconf 83' lang='grc' dir='ltr'>αὐτοῖς</span> <span class='ocrx_word' id='word_1_621' title='bbox 3768 4596 3901 4665; x_wconf 75' lang='grc' dir='ltr'>περὶ</span> <span class='ocrx_word' id='word_1_622' title='bbox 3934 4594 4031 4647; x_wconf 84' lang='grc' dir='ltr'>τοῦ</span> 
     </span>
    </p>
   </div>
   <div class='ocr_carea' id='block_1_91' title="bbox 712 4686 2464 4776">
    <p class='ocr_par' dir='ltr' id='par_1_91' title="bbox 712 4712 2464 4776">
     <span class='ocr_line' id='line_1_91' title="bbox 712 4712 2464 4776; baseline -0.007 0"><span class='ocrx_word' id='word_1_623' title='bbox 712 4728 849 4776; x_wconf 73' lang='lat' dir='ltr'><strong>Nam</strong></span> <span class='ocrx_word' id='word_1_624' title='bbox 898 4721 950 4772; x_wconf 92' lang='lat' dir='ltr'><strong>in</strong></span> <span class='ocrx_word' id='word_1_625' title='bbox 1000 4718 1183 4772; x_wconf 90' lang='lat' dir='ltr'><strong>cribro</strong></span> <span class='ocrx_word' id='word_1_626' title='bbox 1230 4716 1470 4771; x_wconf 89' lang='lat' dir='ltr'><strong>triticum</strong></span> <span class='ocrx_word' id='word_1_627' title='bbox 1508 4713 1842 4769; x_wconf 79' lang='lat' dir='ltr'><strong>transfertur</strong></span> <span class='ocrx_word' id='word_1_628' title='bbox 1902 4721 1961 4766; x_wconf 89' lang='lat' dir='ltr'><strong>et</strong></span> <span class='ocrx_word' id='word_1_629' title='bbox 2007 4712 2327 4768; x_wconf 88' lang='lat' dir='ltr'><strong>concutitur</strong></span> <span class='ocrx_word' id='word_1_630' title='bbox 2432 4714 2464 4764; x_wconf 83' lang='grc' dir='ltr'><strong>μ</strong></span> 
     </span>
    </p>
   </div>
   <div class='ocr_carea' id='block_1_92' title="bbox 2276 4686 4028 4776">
    <p class='ocr_par' dir='ltr' id='par_1_92' title="bbox 2276 4686 4028 4766">
     <span class='ocr_line' id='line_1_92' title="bbox 2276 4686 4028 4766; baseline -0.006 -17"><span class='ocrx_word' id='word_1_631' title='bbox 2276 4728 2327 4765; x_wconf 65' lang='grc' dir='ltr'><strong>ιι-</strong></span> <span class='ocrx_word' id='word_1_632' title='bbox 2432 4695 2728 4764; x_wconf 83' lang='grc' dir='ltr'>μέλλοντος</span> <span class='ocrx_word' id='word_1_633' title='bbox 2776 4694 3110 4766; x_wconf 85' lang='grc' dir='ltr'>πειρασμοῦ,</span> <span class='ocrx_word' id='word_1_634' title='bbox 3136 4693 3248 4759; x_wconf 76' lang='grc' dir='ltr'>ὅτε,</span> <span class='ocrx_word' id='word_1_635' title='bbox 3302 4691 3507 4754; x_wconf 77' lang='grc' dir='ltr'>πάντες</span> <span class='ocrx_word' id='word_1_636' title='bbox 3565 4690 3807 4760; x_wconf 79' lang='grc' dir='ltr'>ἀφέντες</span> <span class='ocrx_word' id='word_1_637' title='bbox 3840 4686 4028 4750; x_wconf 79' lang='grc' dir='ltr'>αὑτὸν,</span> 
     </span>
    </p>
   </div>
   <div class='ocr_carea' id='block_1_93' title="bbox 717 4787 2656 4869">
    <p class='ocr_par' dir='ltr' id='par_1_93' title="bbox 717 4787 2656 4869">
     <span class='ocr_line' id='line_1_93' title="bbox 717 4787 2656 4869; baseline -0.007 0"><span class='ocrx_word' id='word_1_638' title='bbox 717 4830 781 4869; x_wconf 88' lang='lat' dir='ltr'><strong>ac</strong></span> <span class='ocrx_word' id='word_1_639' title='bbox 847 4811 1236 4868; x_wconf 79' lang='lat' dir='ltr'><strong>confunditur.</strong></span> <span class='ocrx_word' id='word_1_640' title='bbox 1302 4809 1560 4863; x_wconf 66' lang='lat' dir='ltr'><strong>Praedicit</strong></span> <span class='ocrx_word' id='word_1_641' title='bbox 1619 4817 1803 4861; x_wconf 92' lang='lat' dir='ltr'><strong>autem</strong></span> <span class='ocrx_word' id='word_1_642' title='bbox 1870 4806 1953 4861; x_wconf 90' lang='lat' dir='ltr'><strong>eis</strong></span> <span class='ocrx_word' id='word_1_643' title='bbox 2018 4806 2087 4861; x_wconf 93' lang='lat' dir='ltr'><strong>de</strong></span> <span class='ocrx_word' id='word_1_644' title='bbox 2142 4804 2327 4860; x_wconf 81' lang='lat' dir='ltr'><strong>futura</strong></span> <span class='ocrx_word' id='word_1_645' title='bbox 2430 4787 2656 4857; x_wconf 75' lang='grc' dir='ltr'><strong>ἐφυγονο</strong></span> 
     </span>
    </p>
   </div>
   <div class='ocr_carea' id='block_1_94' title="bbox 716 4900 2177 4974">
    <p class='ocr_par' dir='ltr' id='par_1_94' title="bbox 716 4900 2177 4974">
     <span class='ocr_line' id='line_1_94' title="bbox 716 4900 2177 4974; baseline -0.006 -11"><span class='ocrx_word' id='word_1_646' title='bbox 716 4908 1042 4971; x_wconf 76' lang='lat' dir='ltr'><strong>tontatione,</strong></span> <span class='ocrx_word' id='word_1_647' title='bbox 1080 4904 1304 4974; x_wconf 88' lang='lat' dir='ltr'><strong>quando</strong></span> <span class='ocrx_word' id='word_1_648' title='bbox 1336 4916 1533 4957; x_wconf 87' lang='lat' dir='ltr'><strong>omnes</strong></span> <span class='ocrx_word' id='word_1_649' title='bbox 1569 4901 1763 4955; x_wconf 87' lang='lat' dir='ltr'><strong>relicto</strong></span> <span class='ocrx_word' id='word_1_650' title='bbox 1792 4915 1859 4955; x_wconf 91' lang='lat' dir='ltr'><strong>eo</strong></span> <span class='ocrx_word' id='word_1_651' title='bbox 1896 4900 2177 4973; x_wconf 77' lang='lat' dir='ltr'><strong>fugerunt.</strong></span> 
     </span>
    </p>
   </div>
   <div class='ocr_carea' id='block_1_95' title="bbox 788 4990 2321 5064">
    <p class='ocr_par' dir='ltr' id='par_1_95' title="bbox 788 4990 2321 5064">
     <span class='ocr_line' id='line_1_95' title="bbox 788 4990 2321 5064; baseline -0.005 -15"><span class='ocrx_word' id='word_1_652' title='bbox 788 4996 949 5051; x_wconf 83' lang='lat' dir='ltr'><strong>Vers.</strong></span> <span class='ocrx_word' id='word_1_653' title='bbox 971 4996 1375 5064; x_wconf 71' lang='lat' dir='ltr'><strong>32.Ego-—tua.</strong></span> <span class='ocrx_word' id='word_1_654' title='bbox 1396 4992 1629 5063; x_wconf 80' lang='lat' dir='ltr'><strong>Rogavi,</strong></span> <span class='ocrx_word' id='word_1_655' title='bbox 1654 4992 1860 5061; x_wconf 87' lang='lat' dir='ltr'><strong>inquit,</strong></span> <span class='ocrx_word' id='word_1_656' title='bbox 1882 4990 2101 5045; x_wconf 86' lang='lat' dir='ltr'><strong>Patrem</strong></span> <span class='ocrx_word' id='word_1_657' title='bbox 2133 5005 2321 5044; x_wconf 89' lang='lat' dir='ltr'><strong>meum</strong></span> 
     </span>
    </p>
   </div>
   <div class='ocr_carea' id='block_1_96' title="bbox 712 5081 2312 5159">
    <p class='ocr_par' dir='ltr' id='par_1_96' title="bbox 712 5081 2312 5159">
     <span class='ocr_line' id='line_1_96' title="bbox 712 5081 2312 5159; baseline -0.007 -16"><span class='ocrx_word' id='word_1_658' title='bbox 712 5098 972 5159; x_wconf 87' lang='lat' dir='ltr'><strong>tanquam</strong></span> <span class='ocrx_word' id='word_1_659' title='bbox 1001 5088 1190 5148; x_wconf 91' lang='lat' dir='ltr'><strong>homo,</strong></span> <span class='ocrx_word' id='word_1_660' title='bbox 1222 5102 1291 5140; x_wconf 91' lang='lat' dir='ltr'><strong>ne</strong></span> <span class='ocrx_word' id='word_1_661' title='bbox 1327 5084 1528 5154; x_wconf 89' lang='lat' dir='ltr'><strong>perdas</strong></span> <span class='ocrx_word' id='word_1_662' title='bbox 1564 5084 1792 5139; x_wconf 91' lang='lat' dir='ltr'><strong>tandem</strong></span> <span class='ocrx_word' id='word_1_663' title='bbox 1826 5082 1897 5151; x_wconf 71' lang='grc' dir='ltr'>(ι)</span> <span class='ocrx_word' id='word_1_664' title='bbox 1938 5081 2102 5137; x_wconf 68' lang='lat' dir='ltr'><strong>ﬁdem</strong></span> <span class='ocrx_word' id='word_1_665' title='bbox 2135 5090 2312 5145; x_wconf 87' lang='lat' dir='ltr'><strong>tuam,</strong></span> 
     </span>
    </p>
   </div>
   <div class='ocr_carea' id='block_1_97' title="bbox 711 5176 2047 5253">
    <p class='ocr_par' dir='ltr' id='par_1_97' title="bbox 711 5176 2047 5253">
     <span class='ocr_line' id='line_1_97' title="bbox 711 5176 2047 5253; baseline -0.007 -16"><span class='ocrx_word' id='word_1_666' title='bbox 711 5197 879 5253; x_wconf 91' lang='lat' dir='ltr'><strong>quam</strong></span> <span class='ocrx_word' id='word_1_667' title='bbox 914 5181 968 5235; x_wconf 92' lang='lat' dir='ltr'><strong>in</strong></span> <span class='ocrx_word' id='word_1_668' title='bbox 996 5195 1083 5237; x_wconf 92' lang='lat' dir='ltr'><strong>me</strong></span> <span class='ocrx_word' id='word_1_669' title='bbox 1111 5179 1307 5245; x_wconf 87' lang='lat' dir='ltr'><strong>habes,</strong></span> <span class='ocrx_word' id='word_1_670' title='bbox 1334 5179 1387 5232; x_wconf 92' lang='lat' dir='ltr'><strong>in</strong></span> <span class='ocrx_word' id='word_1_671' title='bbox 1424 5186 1676 5249; x_wconf 89' lang='lat' dir='ltr'><strong>tempore</strong></span> <span class='ocrx_word' id='word_1_672' title='bbox 1709 5176 2047 5249; x_wconf 76' lang='lat' dir='ltr'><strong>negationis.</strong></span> 
     </span>
    </p>
   </div>
   <div class='ocr_carea' id='block_1_98' title="bbox 824 5356 1382 5423">
    <p class='ocr_par' dir='ltr' id='par_1_98' title="bbox 824 5356 1382 5423">
     <span class='ocr_line' id='line_1_98' title="bbox 824 5356 1382 5423; baseline -0.007 -8"><span class='ocrx_word' id='word_1_673' title='bbox 824 5360 870 5393; x_wconf 86' lang='lat'><strong>&quot;</strong></span> <span class='ocrx_word' id='word_1_674' title='bbox 896 5359 1093 5415; x_wconf 78' lang='lat' dir='ltr'><strong>Matth.</strong></span> <span class='ocrx_word' id='word_1_675' title='bbox 1124 5374 1239 5423; x_wconf 79' lang='lat' dir='ltr'><strong>sis,</strong></span> <span class='ocrx_word' id='word_1_676' title='bbox 1291 5356 1382 5412; x_wconf 92' lang='lat'><strong>28.</strong></span> 
     </span>
    </p>
   </div>
   <div class='ocr_carea' id='block_1_99' title="bbox 2516 4970 4031 5047">
    <p class='ocr_par' dir='ltr' id='par_1_99' title="bbox 2516 4970 4031 5047">
     <span class='ocr_line' id='line_1_99' title="bbox 2516 4970 4031 5047; baseline -0.007 -15"><span class='ocrx_word' id='word_1_677' title='bbox 2516 4976 2663 5047; x_wconf 80' lang='grc' dir='ltr'><strong>Ἐγὼ</strong></span> <span class='ocrx_word' id='word_1_678' title='bbox 2698 5010 2765 5020; x_wconf 91' lang='grc'><strong>-</strong></span> <span class='ocrx_word' id='word_1_679' title='bbox 2801 4993 2942 5032; x_wconf 85' lang='grc' dir='ltr'>σου.</span> <span class='ocrx_word' id='word_1_680' title='bbox 2988 4976 3253 5047; x_wconf 81' lang='grc' dir='ltr'>Ἐδεήοην</span> <span class='ocrx_word' id='word_1_681' title='bbox 3285 4975 3383 5030; x_wconf 82' lang='grc' dir='ltr'>τοῦ</span> <span class='ocrx_word' id='word_1_682' title='bbox 3414 4975 3633 5046; x_wconf 84' lang='grc' dir='ltr'>Πατρός</span> <span class='ocrx_word' id='word_1_683' title='bbox 3667 4990 3796 5044; x_wconf 88' lang='grc' dir='ltr'>μου,</span> <span class='ocrx_word' id='word_1_684' title='bbox 3840 4970 4031 5043; x_wconf 76' lang='grc' dir='ltr'>φησὶν,</span> 
     </span>
    </p>
   </div>
   <div class='ocr_carea' id='block_1_100' title="bbox 2430 5061 4034 5143">
    <p class='ocr_par' dir='ltr' id='par_1_100' title="bbox 2430 5061 4034 5143">
     <span class='ocr_line' id='line_1_100' title="bbox 2430 5061 4034 5143; baseline -0.008 -17"><span class='ocrx_word' id='word_1_685' title='bbox 2430 5073 2507 5135; x_wconf 77' lang='grc' dir='ltr'>ὼς</span> <span class='ocrx_word' id='word_1_686' title='bbox 2565 5071 2878 5143; x_wconf 75' lang='grc' dir='ltr'>ἄνθρωπος,</span> <span class='ocrx_word' id='word_1_687' title='bbox 2913 5071 3001 5123; x_wconf 81' lang='grc' dir='ltr'>ἵνα</span> <span class='ocrx_word' id='word_1_688' title='bbox 3039 5069 3114 5141; x_wconf 82' lang='grc' dir='ltr'>μὴ</span> <span class='ocrx_word' id='word_1_689' title='bbox 3161 5068 3346 5122; x_wconf 86' lang='grc' dir='ltr'>τέλεον</span> <span class='ocrx_word' id='word_1_690' title='bbox 3397 5066 3682 5138; x_wconf 86' lang='grc' dir='ltr'>ἀπολέσῃς</span> <span class='ocrx_word' id='word_1_691' title='bbox 3712 5064 3813 5134; x_wconf 82' lang='grc' dir='ltr'>τὴν</span> <span class='ocrx_word' id='word_1_692' title='bbox 3845 5061 4034 5115; x_wconf 73' lang='grc' dir='ltr'>πίστιν</span> 
     </span>
    </p>
   </div>
   <div class='ocr_carea' id='block_1_101' title="bbox 2434 5162 3868 5237">
    <p class='ocr_par' dir='ltr' id='par_1_101' title="bbox 2434 5162 3868 5237">
     <span class='ocr_line' id='line_1_101' title="bbox 2434 5162 3868 5237; baseline -0.006 -17"><span class='ocrx_word' id='word_1_693' title='bbox 2434 5186 2547 5230; x_wconf 89' lang='grc' dir='ltr'>σου,</span> <span class='ocrx_word' id='word_1_694' title='bbox 2593 5166 2692 5237; x_wconf 70' lang='grc' dir='ltr'>τὴν</span> <span class='ocrx_word' id='word_1_695' title='bbox 2729 5166 2810 5228; x_wconf 84' lang='grc' dir='ltr'><strong>είς</strong></span> <span class='ocrx_word' id='word_1_696' title='bbox 2841 5164 2967 5236; x_wconf 74' lang='grc' dir='ltr'>ἐμὲ,</span> <span class='ocrx_word' id='word_1_697' title='bbox 3008 5166 3067 5217; x_wconf 75' lang='grc' dir='ltr'>ὲν</span> <span class='ocrx_word' id='word_1_698' title='bbox 3095 5162 3171 5234; x_wconf 81' lang='grc' dir='ltr'>τῷ</span> <span class='ocrx_word' id='word_1_699' title='bbox 3207 5162 3391 5235; x_wconf 75' lang='grc' dir='ltr'>καιρῷ</span> <span class='ocrx_word' id='word_1_700' title='bbox 3424 5162 3522 5233; x_wconf 77' lang='grc' dir='ltr'>τῆς</span> <span class='ocrx_word' id='word_1_701' title='bbox 3556 5162 3868 5231; x_wconf 75' lang='grc' dir='ltr'>ἀρνήσεως.</span> 
     </span>
    </p>
   </div>
   <div class='ocr_carea' id='block_1_102' title="bbox 1938 5420 2811 5484">
    <p class='ocr_par' dir='ltr' id='par_1_102' title="bbox 1938 5420 2811 5484">
     <span class='ocr_line' id='line_1_102' title="bbox 1938 5420 2811 5484; baseline -0.002 -2"><span class='ocrx_word' id='word_1_702' title='bbox 1938 5422 2142 5484; x_wconf 72' lang='lat' dir='ltr'><strong>Variae</strong></span> <span class='ocrx_word' id='word_1_703' title='bbox 2180 5420 2487 5483; x_wconf 80' lang='lat' dir='ltr'><strong>lectiones</strong></span> <span class='ocrx_word' id='word_1_704' title='bbox 2528 5425 2588 5482; x_wconf 91' lang='lat' dir='ltr'><strong>et</strong></span> <span class='ocrx_word' id='word_1_705' title='bbox 2619 5424 2811 5482; x_wconf 64' lang='lat' dir='ltr'><strong>notas.</strong></span> 
     </span>
    </p>
   </div>
   <div class='ocr_carea' id='block_1_103' title="bbox 787 5587 2327 5672">
    <p class='ocr_par' dir='ltr' id='par_1_103' title="bbox 787 5587 2327 5672">
     <span class='ocr_line' id='line_1_103' title="bbox 787 5587 2327 5672; baseline -0.009 -17"><span class='ocrx_word' id='word_1_706' title='bbox 787 5601 903 5672; x_wconf 78' lang='lat'><strong>(55)</strong></span> <span class='ocrx_word' id='word_1_707' title='bbox 940 5598 1223 5672; x_wconf 59' lang='lat' dir='ltr'><strong>Chry&#39;sost.</strong></span> <span class='ocrx_word' id='word_1_708' title='bbox 1253 5604 1387 5650; x_wconf 90' lang='lat' dir='ltr'><strong>tom.</strong></span> <span class='ocrx_word' id='word_1_709' title='bbox 1422 5590 1559 5659; x_wconf 85' lang='lat' dir='ltr'><strong>VIII,</strong></span> <span class='ocrx_word' id='word_1_710' title='bbox 1596 5607 1652 5663; x_wconf 87' lang='lat' dir='ltr'><strong>p.</strong></span> <span class='ocrx_word' id='word_1_711' title='bbox 1722 5588 1847 5657; x_wconf 78' lang='lat'><strong>785,</strong></span> <span class='ocrx_word' id='word_1_712' title='bbox 1896 5587 1958 5642; x_wconf 84' lang='grc' dir='ltr'><strong>Ι).</strong></span> <span class='ocrx_word' id='word_1_713' title='bbox 2000 5588 2327 5661; x_wconf 76' lang='grc' dir='ltr'>θορυϐῆσαι,</span> 
     </span>
    </p>
   </div>
   <div class='ocr_carea' id='block_1_104' title="bbox 713 5671 1288 5746">
    <p class='ocr_par' dir='ltr' id='par_1_104' title="bbox 713 5671 1288 5746">
     <span class='ocr_line' id='line_1_104' title="bbox 713 5671 1288 5746; baseline -0.014 -19"><span class='ocrx_word' id='word_1_714' title='bbox 713 5671 973 5746; x_wconf 64' lang='grc' dir='ltr'>ταράξω,</span> <span class='ocrx_word' id='word_1_715' title='bbox 1001 5671 1288 5740; x_wconf 82' lang='grc' dir='ltr'>πειρᾶσαι.</span> 
     </span>
    </p>
   </div>
   <div class='ocr_carea' id='block_1_105' title="bbox 788 5844 2311 5929">
    <p class='ocr_par' dir='ltr' id='par_1_105' title="bbox 788 5844 2311 5929">
     <span class='ocr_line' id='line_1_105' title="bbox 788 5844 2311 5929; baseline -0.009 -17"><span class='ocrx_word' id='word_1_716' title='bbox 788 5860 863 5929; x_wconf 65' lang='lat' dir='ltr'><strong>(qi</strong></span> <span class='ocrx_word' id='word_1_717' title='bbox 896 5858 1018 5915; x_wconf 76' lang='lat' dir='ltr'><strong>Sive</strong></span> <span class='ocrx_word' id='word_1_718' title='bbox 1051 5853 1453 5929; x_wconf 74' lang='grc' dir='ltr'>σινιατήριογ.</span> <span class='ocrx_word' id='word_1_719' title='bbox 1482 5859 1593 5903; x_wconf 90' lang='lat' dir='ltr'><strong>etc.</strong></span> <span class='ocrx_word' id='word_1_720' title='bbox 1630 5848 1730 5905; x_wconf 82' lang='lat' dir='ltr'><strong>ilic</strong></span> <span class='ocrx_word' id='word_1_721' title='bbox 1775 5846 2027 5918; x_wconf 67' lang='lat' dir='ltr'><strong>qnzpdam</strong></span> <span class='ocrx_word' id='word_1_722' title='bbox 2065 5846 2131 5903; x_wconf 91' lang='lat' dir='ltr'><strong>dc</strong></span> <span class='ocrx_word' id='word_1_723' title='bbox 2196 5844 2311 5909; x_wconf 83' lang='lat' dir='ltr'><strong>suis</strong></span> 
     </span>
    </p>
   </div>
   <div class='ocr_carea' id='block_1_106' title="bbox 716 5928 1580 5995">
    <p class='ocr_par' dir='ltr' id='par_1_106' title="bbox 716 5928 1580 5995">
     <span class='ocr_line' id='line_1_106' title="bbox 716 5928 1580 5995; baseline -0.016 -4"><span class='ocrx_word' id='word_1_724' title='bbox 716 5928 935 5992; x_wconf 81' lang='lat' dir='ltr'><strong>videtur</strong></span> <span class='ocrx_word' id='word_1_725' title='bbox 960 5930 1241 5986; x_wconf 80' lang='lat' dir='ltr'><strong>addidisse</strong></span> <span class='ocrx_word' id='word_1_726' title='bbox 1275 5928 1580 5995; x_wconf 77' lang='lat' dir='ltr'><strong>interpres.</strong></span> 
     </span>
    </p>
   </div>
   <div class='ocr_carea' id='block_1_107' title="bbox 2512 5576 4035 5657">
    <p class='ocr_par' dir='ltr' id='par_1_107' title="bbox 2512 5576 4035 5657">
     <span class='ocr_line' id='line_1_107' title="bbox 2512 5576 4035 5657; baseline -0.007 -16"><span class='ocrx_word' id='word_1_727' title='bbox 2512 5587 2625 5657; x_wconf 69' lang='grc'><strong>(54)</strong></span> <span class='ocrx_word' id='word_1_728' title='bbox 2658 5586 2795 5642; x_wconf 83' lang='lat' dir='ltr'><strong>Vide</strong></span> <span class='ocrx_word' id='word_1_729' title='bbox 2819 5582 3277 5657; x_wconf 71' lang='lat' dir='ltr'><strong>Wet~teninmad</strong></span> <span class='ocrx_word' id='word_1_730' title='bbox 3314 5583 3369 5637; x_wconf 90' lang='lat' dir='ltr'><strong>h.</strong></span> <span class='ocrx_word' id='word_1_731' title='bbox 3392 5656 3407 5657; x_wconf 21' lang='grc' dir='ltr'><em>γ</em></span> <span class='ocrx_word' id='word_1_732' title='bbox 3436 5582 3486 5657; x_wconf 85' lang='lat' dir='ltr'><strong>l._</strong></span> <span class='ocrx_word' id='word_1_733' title='bbox 3524 5582 3692 5657; x_wconf 67' lang='grc' dir='ltr'>σινῖοι</span> <span class='ocrx_word' id='word_1_734' title='bbox 3754 5593 3867 5633; x_wconf 90' lang='lat' dir='ltr'><strong>non</strong></span> <span class='ocrx_word' id='word_1_735' title='bbox 3927 5576 4035 5649; x_wconf 78' lang='lat' dir='ltr'><strong>logi</strong></span> 
     </span>
    </p>
   </div>
   <div class='ocr_carea' id='block_1_108' title="bbox 2438 5654 3677 5725">
    <p class='ocr_par' dir='ltr' id='par_1_108' title="bbox 2438 5654 3677 5725">
     <span class='ocr_line' id='line_1_108' title="bbox 2438 5654 3677 5725; baseline -0.004 -11"><span class='ocrx_word' id='word_1_736' title='bbox 2438 5654 2565 5715; x_wconf 80' lang='lat' dir='ltr'><strong>alibi</strong></span> <span class='ocrx_word' id='word_1_737' title='bbox 2607 5654 2859 5712; x_wconf 75' lang='grc' dir='ltr'>κόσκινον</span> <span class='ocrx_word' id='word_1_738' title='bbox 2896 5658 3059 5710; x_wconf 78' lang='lat' dir='ltr'><strong>habet</strong></span> <span class='ocrx_word' id='word_1_739' title='bbox 3088 5656 3264 5722; x_wconf 84' lang='lat' dir='ltr'><strong>I‘lato,</strong></span> <span class='ocrx_word' id='word_1_740' title='bbox 3301 5673 3354 5725; x_wconf 82' lang='lat' dir='ltr'><strong>p.</strong></span> <span class='ocrx_word' id='word_1_741' title='bbox 3391 5654 3517 5721; x_wconf 75' lang='lat'><strong>320,</strong></span> <span class='ocrx_word' id='word_1_742' title='bbox 3552 5655 3677 5709; x_wconf 66' lang='grc'><strong>584.</strong></span> 
     </span>
    </p>
   </div>
   <div class='ocr_carea' id='block_1_109' title="bbox 2500 5842 3486 5918">
    <p class='ocr_par' dir='ltr' id='par_1_109' title="bbox 2500 5842 3486 5918">
     <span class='ocr_line' id='line_1_109' title="bbox 2500 5842 3486 5918; baseline -0.005 -20"><span class='ocrx_word' id='word_1_743' title='bbox 2500 5844 2571 5918; x_wconf 74' lang='lat' dir='ltr'><strong>(z)</strong></span> <span class='ocrx_word' id='word_1_744' title='bbox 2607 5844 2858 5899; x_wconf 74' lang='lat' dir='ltr'><strong>Tandem.</strong></span> <span class='ocrx_word' id='word_1_745' title='bbox 2899 5842 3097 5897; x_wconf 76' lang='grc' dir='ltr'>Τέλεον</span> <span class='ocrx_word' id='word_1_746' title='bbox 3121 5850 3204 5897; x_wconf 90' lang='lat' dir='ltr'><strong>cst</strong></span> <span class='ocrx_word' id='word_1_747' title='bbox 3246 5856 3486 5909; x_wconf 80' lang='lat' dir='ltr'><strong>prorsus.</strong></span> 
     </span>
    </p>
   </div>
  </div>
