4436 6450
398 429 536 495 1089

1329 418 1717 482 COMMENT.
1764 416 1839 475 ΙΝ
1890 414 2167 473 LUCAM.
2207 439 2277 449 ·-
2315 416 2473 474 CAP.
2519 416 2744 476 XXIII.

3538 420 3675 483 l090

394 544 555 603 διῖοι,
600 538 674 608 μὴ
729 535 990 605 φίροντες
1030 531 1102 584 τά
1159 528 1551 597 ἀνυπέρϐλητα
1585 523 1759 584 δεινὰ,
1804 521 1875 571 τά
1926 539 1981 569 τι
2012 519 2058 577 Δ
2086 519 2146 571 Ju

1926 539 1981 569 τε
2012 519 2058 577 Α
2086 519 2257 572 ιυαωι
2294 563 2307 585 ,
2341 537 2449 574 non
2486 522 2728 576 ferentes
2761 522 3003 589 pericula
3053 523 3342 579 innumera
3391 541 3452 579 ac
3510 537 3674 582 vene—

396 633 506 686 ἀπὸ
532 630 633 699 τῆς
669 625 985 695 πολιορκίας
1018 622 1128 675 τῶν
1166 619 1489 689 Ῥωμαίων,
1524 614 1739 669 καὶτοῦ
1766 611 1979 681 λοιμοῦ,

398 724 493 775 καὶ
522 724 621 789 τῆς
647 716 913 786 ἐμφυλίου
943 713 1209 772 στάσεως.

470 814 592 864 Ὀτι
622 814 675 863 εί
702 837 775 848 —-
814 807 1099 875 rérntat;
1157 802 1221 855 Ei
1249 803 1308 855 ὲν
1358 803 1482 871 ἐμοὶ
1510 800 1589 870 τῷ
1634 798 1780 868 ζωὴν
1829 796 1982 848 θείαν

398 903 570 971 ἔχοντι
599 900 776 952 ταῦτα
806 897 1056 949 ποιοῦσιν
1089 898 1137 948 οἱ
1177 894 1468 962 Ῥωμαῖοι,
1524 887 1979 959 παρορμηθέντες

399 994 505 1045 ὑπὸ
535 991 643 1043 τῶν
686 989 976 1052 Ἰουδαίων,
1008 989 1065 1037 ἐν
1091 986 1244 1054 ὑμῖν,
1278 985 1395 1045 τοῖς
1419 983 1691 1048 νέκρωσιν
1720 978 1782 1041 ἐξ
1805 980 1983 1047 ἀμαρ-

396 1087 516 1147 τίας
550 1082 930 1151 κεκτημένοις,
968 1078 1021 1130 τί
1051 1078 1277 1145 γένηται
1301 1076 1432 1143 παρ’
1459 1071 1674 1137 αὐτῶν,

473 1177 729 1243 Ἠτοντο
782 1198 851 1213 —-
902 1165 1255 1237 ἀριστερῶν.
1319 1165 1378 1219 '0
1438 1165 1494 1217 δὲ
1550 1163 1832 1224 Ματθαίος
1892 1161 1986 1212 καὶ

398 1268 587 1335 ἓτερον
633 1266 867 1333 ἔγραφε.
898 1264 993 1315 καὶ
1028 1259 1304 1328 ἀνάγνωθι
1346 1259 1599 1322 κάκεῖνα,
1635 1259 1732 1308 καὶ
1766 1254 1986 1315 πάντως

409 1360 670 1428 εὑρήσεις
723 1359 819 1410 καὶ
853 1356 982 1425 περὶ
1016 1354 1243 1405 τούτων.
1294 1353 1383 1403 Ἐν
1409 1350 1486 1419 τῷ
1514 1348 1655 1402 κατά
1708 1348 1987 1401 Ματθαίον

400 1450 509 1516 γὰρ
541 1450 608 1501 τὰ
638 1447 768 1515 περὶ
805 1446 914 1497 τῶν
950 1442 1297 1496 Δεσποτικῶν
1344 1442 1695 1509 παθημάτων
1758 1440 1984 1505 ἀπαρα-

401 1539 635 1599 λείπτως
660 1537 752 1588 καὶ
778 1533 1021 1604 ἀκριϐῶς
1051 1532 1174 1585 καθ’
1206 1530 1399 1601 είρμδν
1430 1527 1875 1599 ἡρμηνεύθησαν.

484 1720 548 1773 '0
578 1718 648 1772 δὲ
685 1716 919 1783 Ἰησοῦς
952 1743 1020 1753 -
1040 1712 1192 1780 ἄφες
1224 1710 1450 1775 αὐτοῖς.
1480 1708 1653 1778 ’Υπὲρ
1683 1707 1793 1759 τῶν
1823 1722 1988 1758 σταυο

400 1813 693 1884 ρωσάντων
747 1809 1020 1862 Ἰουδαίων
1046 1804 1516 1875 προσευξάμενος,
1552 1801 1627 1863 ὡς
1676 1800 1985 1868 ἄνθρωπος,

401 1902 647 1966 ὑπέδειξε
683 1902 797 1962 τοῖς
831 1898 1143 1966 ἀνθρώποις
1187 1895 1359 1948 τύπον
1410 1894 1511 1961 τῆς
1563 1894 1645 1957 εἰς
1704 1893 1829 1953 τοὺς
1860 1891 1982 1943 ἀδι-

400 1998 675 2065 κήσαντας
705 1990 1077 2062 συμπαθείας.

485 2162 809 2231 Ἦπόρησαν
863 2160 923 2212 δέ
984 2174 1154 2221 τινες,
1186 2157 1289 2220 ὅτι,
1342 2155 1439 2207 ἑάν
1465 2153 1664 2223 ἀφείθη
1720 2155 1903 2216 αὐτοῖς
1953 2154 1987 2222 ὴ

402 2253 673 2325 ἁμαρτία,
702 2252 818 2314 πῶς
854 2251 923 2305 δι’
954 2248 1122 2319 αὐτὴν
1178 2247 1408 2316 ὕστερον
1442 2244 1825 2316 παρεδόθησαν
1878 2248 1993 2305 τοῖς

417 2346 710 2415 Ῥωμαίοις
744 2346 824 2406 είς
862 2337 1448 2411 πανωλεθρίανςΠρδς
1482 2338 1577 2401 οὓς
1618 2337 1878 2407 λέγομεν,
1909 2338 1991 2389 ὅτι

403 2434 502 2502 οὐχ
536 2430 678 2501 ὑπὲρ
735 2430 952 2483 πάντων
988 2430 1021 2498 ἡ
1061 2426 1341 2499 προσευχὴ
1378 2427 1631 2495 γέγονεν,
1681 2426 1798 2478 ἀλλ’
1852 2426 1992 2496 ὑπὲρ

405 2526 585 2593 μόνων
618 2524 727 2575 τῶν
779 2522 1096 2592 περαιτέρω
1138 2519 1306 2590 μηδέν
1358 2536 1411 2572 τι
1447 2520 1988 2589 κακουργησάντωνο

400 2619 516 2669 ὅσοι
574 2617 630 2667 δὲ
691 2615 830 2683 μετὰ
870 2612 1052 2675 τοῦτο,
1093 2611 1189 2664 τοῦ
1237 2611 1391 2681 ἡλίου
1445 2599 1847 2674 σκοτισθέντος,
1896 2612 1992 2663 καὶ

401 2710 495 2762 τοῦ
550 2708 1050 2775 καταπετάσματος
1105 2706 1441 2775 σχισθέντος,
1475 2705 1574 2760 καὶ
1617 2705 1716 2775 τῆς
1756 2707 1857 2775 γῆς
1892 2723 1997 2759 σει-

404 2800 763 2871 σθείσης,καὶ
794 2798 901 2852 τῶν
936 2799 1155 2868 πετρῶν
1188 2795 1534 2865 σχισθεισῶν,
1566 2798 1660 2849 καὶ
1687 2798 1794 2848 τῶν
1818 2798 1996 2851 ἄλλων

405 2890 661 2960 σημείων
697 2888 806 2943 τῶν
844 2889 985 2941 κατά
1017 2888 1117 2958 τὴν
1157 2889 1459 2940 ἀνάστασιν
1498 2886 1663 2940 αὑτοῦ
1713 2886 1997 2938 τελεσθέν-

400 3001 532 3047 των,
600 2983 929 3051 προσέθεντο
970 2984 1036 3051 τῇ
1099 2981 1358 3049 πονηρίᾳ,
1417 2980 1512 3031 καὶ
1568 2980 1783 3047 τυχηρὰ
1824 2978 1997 3032 ταῦτα

403 3076 775 3142 λογισάμενοι,
842 3071 1132 3143 κακοήθως
1182 3071 1637 3138 ὲσυκοφάντησαν
1692 3069 1791 3139 τὴν
1843 3069 1996 3121 θείαν

403 3166 726 3230 ἀνάστασιν,
761 3165 857 3234 οὐχ
902 3164 1044 3232 ὑπὲρ
1079 3160 1285 3214 τούτων
1335 3159 1683 3231 προσηύξατο
1709 3175 1722 3189 ·
1778 3157 1859 3211 διὸ
1903 3161 1996 3213 κα)⁵
2026 3198 2067 3258 C

402 3252 551 3313 οὗτοι
583 3261 799 3319 πάντως
836 3256 1213 3328 παρεδόθησαν
1245 3256 1354 3317 τοῖς
1381 3254 1619 3325 ἐχθροῖς.

484 3354 566 3406 Οὐ
600 3353 710 3420 γὰρ
741 3380 811 3389 -
837 3348 1102 3402 ποιοῦσι.
1142 3346 1233 3417 Τῷ
1266 3346 1451 3416 φθόνῳ
1487 3346 1806 3415 μεθύοντες.
1838 3347 1995 3410 Τινὲς

404 3446 461 3497 δέ
520 3460 705 3514 φασιν·
742 3442 816 3503 ὡς
869 3441 969 3511 οὑχ
1025 3440 1173 3509 ὑπὲρ
1208 3439 1317 3491 τῶν
1364 3438 1659 3501 Ἰουδαίων,
1712 3440 1823 3491 ἀλλ’
1858 3440 1997 3509 ὑπὲρ

404 3535 511 3587 τῶν
545 3534 1014 3603 ὑπηρετησάντων
1045 3534 1110 3600 τῇ
1150 3527 1460 3598 σταυρώσει
1490 3528 1657 3582 αὑτοῦ
1700 3529 1996 3598 Ῥωμαίων

408 3624 758 3695 στρατιωτῶν
808 3624 906 3693 τὴν
967 3620 1279 3693 προσευχὴν
1330 3614 1841 3690 ἐποιήσατοσοῦτοι
1890 3621 1998 3692 γὰρ

407 3718 757 3771 παντάπασιν
796 3715 1055 3787 ἠγνόουν,
1092 3715 1190 3765 ὅσα
1224 3712 1359 3783 περὶ
1386 3713 1553 3766 αὐτοῦ
1599 3712 2000 3785 προανεφώνη-

410 3828 500 3862 σεν
529 3812 556 3863 ὁ
590 3810 754 3879 νόμος
786 3810 881 3861 καὶ
916 3808 965 3861 οί
1000 3806 1305 3877 προφῆται.

479 3902 770 3973 Θεώρησον
836 3900 891 3953 δὲ
944 3899 1025 3952 ὅτι
1070 3898 1246 3951 ὀπίσω
1297 3897 1395 3967 μὲν
1450 3899 1698 3962 εἰπόντος
1734 3916 1747 3931 ·
1809 3899 2006 3967 Πάτερ

405 4013 543 4063 μου,
576 3998 628 4047 εἰ
657 3991 868 4062 οὺ,(80)
900 3990 1149 4044 δύναται
1168 3988 1343 4043 τοῦτο
1372 3988 1438 4042 τὸ
1462 3988 1754 4058 ποτήριον
1776 3994 2000 4057 παρελ-

410 4087 538 4141 θεῖν
568 4086 667 4139 ἀπ’
694 4082 864 4153 ἐμοῦ,
909 4079 1216 4150 γενηθήτω
1246 4078 1313 4131 τὸ
1345 4076 1578 4147 θέλημά
1608 4093 1725 4132 σου
1744 4092 1759 4108 ⁸
1797 4078 2002 4150 θελητὴ

409 4180 487 4250 τῷ
526 4179 697 4248 Πατρὶ
748 4176 1002 4246 φαίνεται
1048 4175 1081 4243 ἠ
1120 4170 1306 4242 σφαγὴ
1332 4170 1424 4223 τοῦ
1455 4170 1612 4223 Υίοῦ·
1658 4170 1898 4225 ἐνταῦθα
1944 4172 2004 4225 δὲ

414 4271 690 4337 λέγοντος·
753 4267 965 4332 Πάτερ,
1024 4264 1174 4332 ἄφες
1205 4261 1436 4327 αὐτοῖς,
1462 4261 1765 4332 ’ἀθέλητος·
1801 4262 1862 4315 ού
1893 4263 2002 4332 γὰρ

414 4360 480 4413 ἂν
514 4357 926 4428 ἑξεμειλίσσετο
969 4355 1070 4427 τὴν
1100 4354 1317 4406 ἐκείνου
1361 4352 1503 4405 κατά
1547 4351 1659 4404 τῶν
1697 4352 2004 4421 μιαιφόνων

413 4452 603 4521 ὀργήν.
642 4448 707 4501 Τί
740 4444 837 4500 οὖν
868 4449 1018 4499 ἐστιν
1053 4445 1267 4511 είπείν;
1327 4445 1453 4496 ’Ότι
1488 4443 1612 4495 καθ’
1666 4443 1867 4513 ἑαυτὴν
1902 4444 2003 4514 μὲν

2016 1860 2063 1920 Β

2083 612 2445 665 mcntissima.

2155 793 2312 847 Vers.
2341 794 2435 848 51.
2484 793 2547 848 Si
2602 796 2741 847 enim
2770 824 2841 839 —-
2865 795 2954 862 fi.t
2980 798 3008 850 γ
3052 795 3106 849 Si
3147 797 3200 849 in
3252 812 3358 862 me,
3388 797 3478 865 qui
3510 806 3675 851 vitam

2085 884 2263 937 habeo
2295 884 2557 949 divinam,
2592 886 2709 940 haec
2756 886 2965 940 faciunt
2998 886 3225 941 Romani
3274 905 3300 941 a
3332 880 3533 943 Judais
3586 907 3676 942 ιιι-

2084 976 2294 1043 stigati;
2329 975 2381 1028 in
2433 977 2609 1031 vobis.
2635 977 2726 1045 qui
2764 988 2997 1031 mortem
3036 980 3192 1032 vobis
3233 997 3297 1032 ex
3332 994 3553 1049 peccato
3582 997 3677 1049 pa-

2088 1064 2269 1126 rastis,
2316 1065 2443 1134 quid
2487 1066 2555 1119 ab
2589 1067 2698 1119 illis
2724 1066 2861 1120 ﬁet?

2158 1150 2317 1206 Vers;
2370 1154 2461 1207 52.
2526 1152 2875 1208 Ducebantur
2928 1186 2993 1197 -—
3042 1154 3199 1211 Vers.
3266 1157 3357 1211 33.
3432 1163 3679 1223 sinistris.

2093 1241 2379 1297 llatthaeus
2426 1245 2529 1298 alia
2562 1261 2779 1314 quoque
2812 1248 3076 1317 scripsit;
3116 1249 3208 1301 illa
3239 1251 3354 1319 lege
3401 1265 3455 1308 et
3488 1270 3678 1324 aperte.

2089 1334 2156 1386 dc
2198 1334 2281 1388 his
2338 1336 2501 1389 etiam
2555 1338 2827 1393 invenies.
2885 1338 3021 1392 Nam
3083 1341 3134 1393 in
3186 1343 3480 1412 Evangelio
3530 1350 3682 1415 juxta

2093 1425 2404 1480 Matthmum
2469 1428 2537 1481 de
2599 1430 2813 1482 Domini
2885 1430 3274 1486 alllictionibus
3341 1438 3490 1489 nullo
3542 1456 3685 1508 pra--

2093 1519 2369 1581 tcrmisso,
2427 1533 2639 1586 suaque
2694 1519 2838 1571 serie
2885 1534 3130 1572 omnunn
3174 1532 3364 1574 exacte
3425 1525 3545 1578 data
3602 1537 3687 1579 est

2094 1605 2497 1672 interpretatio.

2167 1694 2321 1748 Vers.
2387 1696 2476 1748 34.
2541 1696 2694 1750 Jesus
2757 1708 2937 1752 autem
2987 1730 3055 1740 ——
3098 1703 3309 1754 remitte
3383 1705 3509 1759 illis.
3582 1708 3688 1762 Pro

2094 1786 2515 1841 cruciﬁxuribus
2603 1789 2813 1847 Juda‘is
2881 1808 3078 1853 orans.
3162 1805 3418 1863 tanquam
3488 1798 3688 1862 homo,

2092 1878 2489 1944 compassiunis
2577 1880 2809 1934 formam
2892 1884 3215 1939 hominibus
3270 1887 3688 1957 demonstravit,

2094 1983 2258 2036 quam
2302 1984 2431 2041 erga
2489 1971 2610 2026 illos
2645 1972 2850 2028 habere
2884 1985 3125 2044 oportet.
3162 1977 3254 2046 qui
3308 1979 3454 2048 ipsos
3489 1981 3689 2051 injuria

2095 2058 2397 2114 uincerent.

2171 2150 2567 2215 Dubitavcrunt
2598 2166 2782 2212 autem
2835 2159 3082 2227 quidam,
3124 2172 3341 2230 sumpta
3400 2162 3527 2217 hinc
3593 2179 3690 2219 0c-

2097 2244 2339 2299 casione.
2377 2246 2433 2300 Si
2503 2248 2652 2300 enim
2727 2250 3019 2304 remissum
3082 2262 3198 2305 erat
3255 2253 3337 2307 eis
3384 2264 3690 2323 peccatum,

2097 2336 2373 2405 quomodo
2406 2340 2758 2407 postmodum
2800 2341 3066 2396 Romanis
3101 2344 3171 2397 ob
3204 2344 3333 2399 illud
3378 2347 3445 2399 ad
3515 2348 3690 2402 inter-

2097 2428 2387 2483 necionem
2417 2429 2616 2494 ,lradili
2666 2442 2795 2485 sunt
2834 2435 2855 2485 ?
2880 2433 3092 2499 Quibus
3120 2451 3223 2490 nos
3258 2438 3514 2502 dicimus,
3542 2444 3689 2509 quod

2097 2536 2207 2575 non
2245 2538 2345 2591 pro
2383 2524 2645 2578 omnibus
2683 2529 2927 2594 precatio
2964 2527 3107 2581 facta
3157 2540 3264 2595 est,
3297 2532 3391 2585 sed
3436 2549 3534 2601 pro
3607 2535 3695 2588 his

2097 2609 2360 2667 dunxatat
2443 2613 2536 2681 qui
2590 2613 2726 2667 nihil
2816 2615 2945 2667 mali
3011 2616 3277 2686 deinceps
3328 2622 3696 2687 pcrpetraturi

2098 2714 2275 2758 erant.
2318 2703 2423 2769 Qui
2472 2720 2605 2759 vero
2660 2722 2783 2760 cum
2816 2707 2897 2761 sol
2930 2707 3350 2772 obscuraretur,
3388 2723 3445 2764 et
3513 2713 3704 2767 veluuu

2098 2794 2463 2861 scinderetur,
2533 2806 2787 2864 terraque
2870 2808 3331 2863 commoveretur,
3397 2815 3464 2853 ac
3527 2812 3695 2869 βου-το

2099 2885 2461 2947 funderentur,
2521 2891 2735 2957 aliaque
2796 2890 2949 2958 signa
2983 2890 3035 2942 in
3121 2892 3525 2946 resurrectione
3577 2896 3697 2961 ejus

2101 2977 2318 3042 ﬁerent,
2356 2980 2620 3033 malitiam
2653 2981 3009 3045 addiderunt,
3054 2992 3109 3035 et
3140 2982 3367 3036 fortuita
3407 2986 3522 3038 ha-c
3575 3000 3697 3038 esse

2100 3068 2422 3139 cogitantes,
2452 3069 2651 3125 divinae
2678 3072 3065 3125 resurrectioni
3092 3073 3421 3126 calumniam
3457 3075 3698 3145 maligne

2101 3164 2467 3211 struxerunt:
2516 3174 2625 3212 non
2686 3174 2784 3229 pro
2848 3158 2932 3212 his
2986 3160 3183 3224 oravit,
3240 3162 3362 3215 ideo
3421 3163 3584 3215 etiam
3644 3163 3701 3215 hi

2100 3250 2327 3304 omnino
2363 3251 2543 3305 traditi
2578 3261 2707 3304 sunt
2741 3252 2998 3306 inimicis.

2170 3342 2321 3398 Vers.
2361 3344 2451 3398 54.
2489 3343 2611 3396 Non
2637 3346 2777 3399 enim
2816 3374 2883 3384 —
2919 3345 3148 3415 faciunt.
3186 3346 3395 3402 Invidia
3449 3348 3704 3405 videlicet

2100 3438 2413 3492 temulenti.
2460 3436 2694 3503 Quidam
2730 3454 2858 3492 vero
2892 3441 3106 3505 dicunt,
3135 3450 3280 3511 quod
3333 3459 3442 3497 non
3476 3460 3573 3514 pro
3608 3445 3705 3500 Ju-

2099 3530 2262 3595 daeis,
2311 3530 2407 3584 sed
2466 3544 2564 3599 pro
2617 3529 2877 3585 Romanis
2936 3533 3224 3599 militibus,
3286 3537 3377 3605 qui
3422 3538 3476 3591 in
3520 3540 3705 3593 cruei-

2102 3620 2298 3673 ﬁxione
2360 3620 2893 3680 subministrabant.
2961 3624 3266 3678 orationem
3349 3626 3579 3692 fecerit;
3651 3627 3703 3680 hi

2102 3710 2250 3763 enim
2308 3710 2651 3779 ignorabant,
2707 3725 2827 3779 qua:
2878 3712 2947 3766 de
3001 3713 3121 3782 ipso
3170 3713 3253 3767 lex
3304 3730 3368 3769 ac
3426 3718 3708 3787 propheta:

2101 3802 2492 3870 pra-dixerant.

2174 3893 2474 3947 Considera
2515 3904 2719 3959 autem,
2767 3894 2910 3963 quod
2934 3894 3168 3950 dicendo
3230 3896 3287 3950 in
3342 3899 3706 3966 prtecedenti-

2103 3986 2210 4041 bus
2256 4006 2267 4039 :
2303 3986 2465 4040 Pater
2508 3988 2597 4050 mi,
2640 3987 2685 4038 si
2717 4002 2819 4038 non
2850 3996 3015 4052 potest
3051 3988 3145 4039 hoc
3204 3989 3446 4051 poculum
3482 3994 3714 4045 transire

2105 4097 2137 4133 α
2173 4096 2274 4142 me,
2302 4080 2396 4148 ﬁat
2432 4080 2673 4133 uoluntas
2708 4090 2797 4133 tua
2835 4081 2904 4144 ",
2966 4081 3180 4133 videtur
3230 4082 3405 4135 caedes
3463 4082 3582 4136 Filii
3618 4100 3708 4137 se-

2105 4175 2344 4228 cundum
2380 4174 2557 4228 Patris
2593 4176 2711 4227 ﬁeri
2755 4175 3138 4236 voluntatem;
3179 4190 3325 4228 nunc
3371 4193 3523 4240 vero,
3585 4195 3710 4232 cum

2108 4268 2251 4321 dicat
2295 4286 2307 4320 :
2352 4267 2535 4331 Pater,
2588 4268 2798 4319 remitte
2844 4268 2972 4331 illis,
3024 4269 3239 4320 videtur
3300 4282 3491 4323 contra
3562 4271 3710 4325 illius

2111 4360 2224 4414 lieri
2268 4358 2661 4422 voluntatem;
2705 4373 2886 4426 neque
2951 4358 3097 4411 enim
3155 4358 3292 4413 alias
3344 4361 3479 4414 iram
3536 4362 3714 4431 ipsius

2108 4454 2406 4523 mitigaret,
2471 4466 2633 4521 quam
2686 4460 2878 4503 contra
2909 4449 3217 4504 homicidas
3268 4451 3522 4507 habebat.
3560 4455 3708 4519 Quid

415 4546 676 4613 ἁθέλητος
693 4538 783 4613 ἦν,
840 4540 929 4593 διὰ
958 4539 1015 4593 δὲ
1046 4540 1145 4610 τὴν
1176 4535 1454 4609 ἡμετέραν
1480 4536 1753 4608 σωτηρίαν
1774 4535 2000 4607 θελητή.
2030 4548 2083 4607 ι)
2109 4560 2167 4599 er

1956 4538 2000 4607 ἡ.
2030 4548 2083 4607 D
2109 4560 2237 4615 ergo
2271 4544 2563 4598 dicendum
2596 4542 2719 4597 est?
2749 4541 2904 4608 Quod
2953 4543 3004 4596 in
3058 4558 3117 4597 se
3159 4543 3382 4613 quidem
3450 4547 3708 4600 involuu-

422 4636 693 4704 Καθάπερ
725 4634 944 4694 καὶτὰς
976 4630 1246 4702 ἀριστέως
1278 4629 1494 4699 πληγὰς
1527 4628 1651 4682 καθ’
1680 4628 1878 4691 ὲαυτάς
1907 4628 2009 4698 μὲν

417 4729 597 4799 ἀηδεῖς
641 4727 945 4796 ἡγούμεθα,
979 4725 1068 4778 διὰ
1098 4724 1154 4777 δὲ
1200 4723 1301 4795 τὴν
1346 4722 1489 4776 κατά
1527 4720 1637 4775 τῶν
1682 4720 1892 4793 ἐχθρῶν
1916 4723 2008 4775 ἀν-

415 4823 737 4894 δραγαθίαν,
772 4820 978 4891 ἡδείας.

488 5104 963 5174 Διαμεριζόμενοι
1009 5133 1079 5144 --
1130 5101 1385 5171 θεωρῶν.
1450 5101 1540 5155 Ἑν
1590 5101 1667 5173 τῷ
1711 5101 2012 5175 προδιαλη-

420 5201 609 5271 φθέντι
655 5196 938 5266 κεφαλαίῳ
985 5196 1080 5249 τοῦ
1138 5196 1281 5247 κατά
1327 5194 1611 5249 Ματθαῖον
1643 5195 1880 5265 ζήτησον
1913 5196 2012 5265 τὴν

421 5291 683 5362 ἐξήγησιν
716 5288 835 5343 τοῦ·
907 5288 1376 5355 Σταυρώσαντες
1422 5287 1489 5341 δὲ
1518 5289 1728 5355 αὐτὸν,
1763 5288 2013 5359 διεμερί-

422 5400 611 5439 σαντο
657 5384 729 5438 τὰ
782 5381 982 5453 ίμὰτιιι
1040 5380 1269 5447 αὐτοῦ,
1326 5380 1672 5447 βάλλοντες
1732 5381 2009 5451 κλῆρον·

424 5478 553 5533 ινθα
576 5477 763 5539 λύσεις
790 5476 1187 5547 ἀνεγράφησαν
1218 5474 1509 5546 χαρίεσσαι
1538 5472 1651 5546 (8i)
1676 5475 2013 5547 ζητημάτων

425 5572 744 5640 ἀξιολόγων.

531 5665 576 5696 ⁸⁸
607 5663 797 5719 Matth.
830 5678 981 5729 xxxi,
1011 5661 1101 5717 42.
1213 5660 1259 5693 ⁸³
1288 5658 1481 5717 Matth.
1510 5676 1682 5726 xxvu,
1714 5660 1805 5716 55.

2116 4639 2251 4693 taria
2291 4647 2428 4701 erat,
2468 4645 2691 4707 propter
2748 4646 2992 4689 nostram
3061 4645 3243 4689 tamen
3300 4640 3531 4690 salutem
3595 4654 3715 4693 erat

2120 4730 2446 4784 voluntaria.
2481 4726 2951 4794 Quemadmodum
3005 4738 3059 4779 et
3110 4729 3320 4781 strenui
3369 4729 3561 4785 militis
3603 4731 3718 4800 pla-

2114 4840 2232 4895 gas,
2266 4824 2321 4877 in
2357 4838 2414 4877 se
2448 4821 2829 4877 consideratas
2879 4824 3107 4877 acerbas
3156 4824 3433 4889 ducimus,
3493 4842 3718 4895 prapier

2117 4921 2502 4977 strenuitatem
2534 4930 2715 4974 tamen
2748 4935 2913 4989 quam
2942 4921 3208 4974 adversus
3243 4921 3497 4976 inimicos
3529 4933 3717 4976 osten-

2120 5014 2221 5076 dit,
2273 5012 2506 5067 dicimus
2533 5026 2655 5066 esse
2687 5026 2907 5066 suaves.

2193 5105 2350 5163 Vers.
2417 5105 2523 5160 δι.
2606 5104 2903 5158 Dividentes
2967 5132 3034 5143 -—
3082 5104 3243 5159 Vers.
3295 5104 3395 5159 35.
3454 5116 3717 5173 spectans.

2121 5201 2389 5256 Prmdieto
2423 5198 2696 5269 Evangelii
2744 5199 2899 5267 juxta
2934 5196 3251 5252 Matthaeum
3308 5199 3488 5267 capite
3528 5214 3716 5267 quaere

2122 5293 2252 5348 dit-ti
2305 5294 2453 5347 illius
2486 5291 2995 5361 interpretationem
3044 5309 3057 5344 :
3108 5292 3345 5361 Cumque
3416 5292 3719 5360 cruri/iris-

2120 5396 2233 5440 sent
2293 5402 2433 5451 eum,
2489 5385 2776 5438 diviserunt
2818 5384 3127 5436 vestimenta
3170 5384 3285 5451 ejus
3339 5394 3531 5436 sortem
3591 5385 3722 5436 mit-

2124 5492 2289 5535 tentes
2318 5480 2388 5545 ⁸⁸,
2451 5480 2545 5533 ubi
2611 5477 2856 5549 pulchra:
2899 5479 3039 5533 datae
3092 5488 3223 5534 sunt
3260 5478 3589 5544 solutiones,
3652 5480 3722 5535 ad

2124 5574 2454 5646 qmestiones
2487 5588 2608 5643 qua:
2640 5571 3057 5643 responsionem
3094 5583 3402 5628 merentur.

1627 5783 1826 5848 Varie
1884 5783 2191 5850 lectiones
2220 5792 2281 5847 et
2314 5792 2509 5847 noue.

506 5894 615 5967 (80)
672 5894 746 5949 Οὐ
778 5894 981 5949 omittit
1013 5891 1072 5952 Β.

2209 5888 2321 5961 (Si)
2356 5890 2622 5960 Χαρίεσαι
2655 5889 2825 5945 codex
2856 5900 3106 5960 uterque.
