4436 6450
480 408 621 475 109⁸1

1409 403 1798 463 COMMENT.
1843 400 1921 461 1N
1967 402 2251 464 LUCAM.

2397 403 2556 463 CAP.
2602 403 2812 464 XXIV.
3631 405 3770 470 1098

482 532 578 600 μὲν
642 526 736 583 οὖν
791 528 898 582 νὸει
964 528 1031 580 τὰ
1087 526 1334 597 σημεῖα,
1395 524 1557 592 λόγον
1633 525 1690 577 δέ
1756 524 1857 586 τὰς
1928 524 2234 589 διδα-Αῐὶ

2011 540 2077 575 α-
2112 538 2156 589 Α
2188 524 2293 578 Per
2359 541 2500 594 opus
2534 526 2719 594 itaque
2767 524 2921 593 signa
2971 520 3215 589 intellige
3251 539 3263 574 :
3296 534 3400 590 per.
3450 534 3763 576 sermonem

479 621 731 682 σ.ιαλίας.

549 713 744 779 Ὅκως
777 742 846 753 -—
870 714 1080 769 αὐτόν.
1122 710 1214 775 Είς
1244 710 1551 782 καταδίκην
1570 710 1829 765 θανάτου.

560 892 756 964 Ἡμεῖς
802 924 871 937 -
950 893 1231 962 Ἰσραήλ.
1295 892 1636 960 Ἦλπίζομεν
1698 892 1865 946 αὑτὸν
1942 888 2079 945 εῐναι

487 987 574 1040 ιον
634 984 741 1037 ὑπὸ
788 984 900 1037 τῶν
953 983 1191 1055 Γραφῶν
1245 982 1759 1051 καταγγελλόμενον
1797 982 2081 1055 λυτρωτὴν

489 1078 684 1148 ημῶν·
764 1077 861 1131 νῦν
928 1078 987 1131 δέ
1064 1076 1239 1141 οὕτως
1328 1076 1675 1131 ἀποθανόντα
1761 1076 2080 1146 ἁπηλπίσα·

486 1188 589 1240 μιν
652 1169 817 1240 (88)-

572 1262 753 1315 Ἀ.ωὰ
784 1278 852 1329 τε
880 1290 948 1302 -
969 1259 1229 1329 ἐγένετο.
1247 1289 1319 1301 —-
1348 1261 1473 1314 Σὺν
1506 1258 1660 1316 πᾶσι
1684 1260 2081 1327 τούτοις,ἀντὶ

481 1352 597 1414 τοῦ,
628 1352 855 1404 Πάντων
894 1350 1106 1404 τούτων
1143 1351 1479 1420 γενομένων.

572 1442 764 1496 Ἀλλὰ
814 1442 1007 1496 καί-
1064 1439 1195 1508 ζῇν.
1263 1442 1532 1505 Γυναϊκές
1581 1460 1726 1507 τινες
1784 1444 1844 1510 ἐξ
1897 1443 2081 1512 ἡμῶν,

480 1535 648 1606 ἠγουν
676 1534 968 1605 ἡμέτεραι,
1032 1533 1168 1603 ἢὼς
1211 1533 1375 1603 ἡμεῖς
1422 1534 1634 1589 πισταί,
1668 1535 1835 1602 Λέγει
1872 1534 1927 1587 δέ
1980 1535 2082 1597 τὰς

482 1630 615 1697 περὶ
635 1627 859 1697 Μαρίαν
887 1629 987 1697 τὴν
1016 1626 1411 1697 Μαγδαληνή-δ.
1448 1627 1787 1697 Ἐξέστησαν
1813 1627 1873 1680 δέ
1909 1628 2079 1696 ἡμᾶς,

480 1719 554 1782 ὡς
586 1719 796 1773 ἄπιστα
827 1718 1321 1789 διισχυριζόμεναι.

2187 632 2339 684 vero,
2382 618 2687 672 doctrinas.

2260 707 2415 763 Vers.
2469 709 2561 763 20.
2588 707 2861 773 Quomodo
2888 735 2956 745 —-
2985 722 3127 759 eum.
3173 704 3283 759 Iloc
3313 710 3366 759 in
3394 706 3515 759 loco
3574 707 3771 776 κρίμα,

2178 803 2468 871 judicium.
2491 803 2710 871 capitur
2739 816 2837 871 pro
2867 799 3363 855 Condcmnatione.

2255 895 2413 949 νεεδ.
2444 894 2533 948 2|.
2571 894 2680 948 Nos
2706 924 2773 933 --
2801 892 2993 947 Israel.
3021 876 3415 961 Sperabamus,
3474 894 3619 960 quod
3657 892 3777 960 ipse

2184 994 2332 1041 esset
2408 988 2723 1055 redemptor
2769 1000 2953 1039 noster
2984 986 3076 1055 qui
3139 984 3437 1053 Scriptutis
3481 986 3775 1037 annuntia-

2186 1081 2370 1134 batur.
3016 1076 3034 1091 ’

2257 1254 2411 1309 Vers.
2443 1252 2534 1305 2|.
2568 1253 2725 1321 Atqui
2757 1251 2985 1317 -'—[acta
3022 1250 3383 1303 sunt.-—Cnm
3419 1249 3497 1300 Itis
3524 1247 3782 1308 omnibus,

2186 1347 2294 1400 hoc
2320 1354 2428 1410 est,
2460 1344 2621 1399 factis
2664 1344 2752 1397 bis
2791 1342 3067 1396 omnibus.

2265 1437 2420 1492 Vers.
2460 1436 2554 1489 22.
2622 1434 2726 1490 Sed
2757 1448 2877 1489 et—
2908 1435 3064 1489 Vers.
3120 1433 3214 1486 25.
3289 1434 3476 1484 vivere.
3531 1429 3785 1483 Mulieres

2185 1529 2433 1599 quaedam
2474 1544 2542 1581 ex
2578 1528 2756 1591 nobis,
2790 1529 2907 1581 sive
2960 1536 3181 1590 nostrae,
3232 1532 3326 1577 aut
3370 1522 3582 1583 ﬁdeles,
3646 1522 3785 1575 sicut

2185 1630 2242 1674 et
2272 1636 2393 1674 nos.
2416 1620 2559 1673 Dicit
2578 1631 2761 1674 autem
2794 1620 2933 1685 illas,
2962 1635 3082 1688 qua:
3109 1632 3234 1671 cum
3270 1616 3437 1668 Maria
3467 1614 3786 1683 Magdalenc

2184 1723 2364 1777 erant,
2396 1721 2453 1767 et
2478 1714 2655 1782 ipsam
2698 1711 3077 1780 Maglalenen.
3110 1708 3411 1772 Attonitos,
3449 1708 3647 1776 inquit,
3687 1722 3788 1759 nos

2186 1805 2567 1868 reddiderunt,
2594 1810 2782 1872 utpote
2803 1802 3145 1857 incredibilia
3182 1811 3593 1854 asseverantes.

554 1901 664 1953 Kal
718 1928 789 1938 —
839 1897 1159 1967 μνημεῖον.
1222 1896 1431 1967 ῐιέτρος
1490 1898 1584 1951 καὶ
1658 1897 1939 1966 Ἰωάννης,
2004 1899 2079 1960 ὡς
2114 1868 2156 1924 Β
2259 1897 2301 1950 ν

2035 1916 2079 1960 ›ς
2114 1868 2156 1924 Β
2259 1897 2412 1951 Vers.
2441 1896 2533 1951 2i.
2571 1895 2636 1949 Et
2666 1927 2732 1937 ——-
2773 1904 3193 1948 monumentum.
3226 1894 3423 1946 Petrus
3456 1890 3710 1945 videlicet
3736 1901 3787 1944 et

482 1989 929 2059 προειρήκαμεν.

550 2075 918 2134 Καί-εἶδον.
935 2108 997 2118 -
1036 2060 1237 2146 Ε’ὖρον
1263 2076 1438 2142 οὕτω,
1465 2077 1764 2143 τουτέστιν,
1781 2079 1893 2148 Οὐχ
1922 2074 2080 2151 εὗρον

480 2173 539 2224 τὸ
568 2173 732 2241 σῶμα
762 2169 954 2225 αὐτοῦ.

546 2262 659 2317 Kal
707 2290 776 2303 —-
838 2260 1162 2331 προφῆται.
1230 2261 1523 2332 ’Ᾱνοήτους
1572 2262 1671 2332 μέν
1714 2261 1913 2325 αὐτοὺς
1963 2263 2079 2334 (89)

487 2351 742 2421 ὠνόμασε
767 2393 783 2418 ,
819 2352 1103 2424 διεγείρων
1138 2353 1324 2423 ἡρέμα
1360 2354 1497 2423 πρὸς
1534 2353 1835 2421 ἐπίγνωσιν
1864 2354 2034 2408 αὑτοῦ
2062 2371 2075 2385 ’

486 2444 704 2514 βραδεῖς
745 2446 802 2498 δέ
837 2448 903 2516 τῇ
936 2444 1136 2514 καρδίᾳ
1158 2486 1173 2509 ,
1207 2445 1283 2507 ὡς
1312 2443 1557 2514 νωθροὺς
1595 2447 1675 2505 είς
1708 2446 1767 2497 τὸ
1798 2445 2081 2499 πιστεύειν

484 2536 579 2587 ἐπὶ
607 2536 796 2601 πᾶσιν,
817 2530 899 2599 οἷς
925 2536 1194 2606 ἐλάλησαν
1226 2538 1274 2589 ol
1311 2538 1591 2607 προφῆται
1620 2538 1749 2609 περί
1778 2555 1839 2591 τε
1865 2539 1960 2591 τοῦ
1985 2538 2082 2591 Οαο

487 2627 648 2679 νάτου
674 2628 885 2696 καὶτῆς
906 2630 1258 2691 ἀναστάσεως
1282 2629 1471 2683 αὐτοῦ.

556 2720 704 2787 Οὐχί
732 2748 805 2759 -
825 2719 1015 2773 αὐτοῦ
1038 2735 1057 2783 ;
1084 2721 1295 2784 Ταῦτα,
1322 2720 1359 2773 ἃ
1386 2719 1664 2789 ἐλάλησαν
1691 2720 1741 2773 οἱ
1772 2721 2077 2792 προφῆται.

488 2810 661 2876 Δόξαν
688 2810 744 2864 δέ
775 2811 967 2878 αὑτοῦ,
992 2812 1094 2883 τὴν
1119 2813 1216 2883 τῆς
1247 2813 1527 2883 θεότητος.
1553 2813 1689 2867 Κατ’
1720 2814 1998 2884 ἐρώτησιν
2022 2814 2079 2867 δέ

537 2920 715 2971 Αογος.

552 3084 664 3139 Kal
698 3114 771 3126 -
798 3084 1040 3139 ἑαυτοῦ.
1102 3084 1236 3139 Ἀπὸ
1268 3085 1583 3151 Μωῦσέινς,
1627 3088 1795 3156 ηγουν
1826 3086 1934 3140 ἀπὸ
1969 3087 2078 3140 τῶν

490 3176 801 3231 Μωσαίκῶν
830 3178 1053 3249 βίϐλων.
1536 3244 1537 3247 η

553 3271 659 3323 Kal
690 3298 758 3310 —
785 3270 1173 3339 ἐπορεύοντο.
1208 3270 1392 3324 Ὀιτου
1422 3271 1770 3342 ἐπορεύοντο.

552 3364 666 3417 Kal
700 3393 770 3404 —
807 3365 1193 3431 πορεύεσθαι.
1258 3364 1695 3435 Ἐσχηματίζετο
1744 3367 2085 3441 πορρωτέρω

484 3461 841 3531 πορεύεσθαι,
871 3462 948 3525 ὼς
976 3462 1165 3527 ἁπλῶς
1204 3463 1612 3533 συνοδοιπόρος.

553 3556 663 3608 Kal
691 3586 761 3597 —
790 3556 1001 3625 ἡμέρα.
1040 3555 1294 3609 Ἐκλινεν
1325 3558 1404 3619 είς
1437 3555 1501 3607 τὸ
1526 3554 1708 3611 δῦναι.

551 3734 657 3789 Kal
690 3764 761 3775 --
784 3737 993 3790 αὐτόν.
1038 3736 1278 3789 Ἰδόντων
1308 3735 1408 3804 τὴν
1432 3734 1644 3805 συνήυη
1677 3734 1771 3788 καὶ
1803 3730 2084 3803 γνώριμον

484 3825 740 3893 εὐλογίαν
784 3824 879 3879 τοῦ
910 3827 1102 3897 ἄρτου.
1136 3826 1274 3880 Τότε
1322 3825 1433 3897 γὰρ
1469 3824 1936 3895 συνεχωρήθησαν
1960 3826 2083 3877 ἐπι-

480 3917 688 3985 γνῶναι
718 3918 907 3973 αὐτόν.

552 4010 663 4065 Kal
684 4041 755 4053 —
782 4010 1005 4067 αὐτῶν.
1044 4012 1163 4067 Ἰνα
1199 4012 1274 4083 μὴ
1312 4010 1652 4084 βραδύνωσιν
1675 4010 1756 4065 ἐτι
1778 4050 1794 4077 ,
1822 4009 1959 4063 ἀλλὰ
1985 4010 2084 4063 τά·

478 4120 596 4174 χιον
624 4104 1043 4175 ὑποστρέψωσιν
1078 4109 1160 4171 είς
1190 4108 1318 4171 τοὺς
1348 4105 1607 4177 μαθητάς
1629 4120 1646 4136 ⁸
1681 4104 1941 4158 “OQ-“0
1972 4106 2084 4174 γὰρ

484 4196 804 4268 αὐθημερὸν
839 4198 1249 4272 ἐμφανισθῆναι
1288 4202 1458 4254 πᾶσιν
1492 4200 1702 4262 αὐτοῖς.

553 4292 663 4345 Kal
692 4320 762 4330 —
795 4292 1090 4361 Ppaydc;
1151 4294 1438 4365 Καιομὲνη
1464 4332 1481 4359 ,
1534 4294 1709 4365 ἢγουν
1757 4292 2041 4362 σφύζουσα
2066 4331 2082 4357 ,

486 4384 823 4457 παλλομένη.

555 4480 665 4533 Kal
694 4508 765 4518 —
807 4478 1223 4550 Ἰερουσαλήμ.
1271 4481 1607 4549 ’Δνέστησαν
1637 4480 1780 4551 αὐτῇ
1809 4483 1875 4553 τῇ
1924 4481 2045 4555 ὥρᾳ
2067 4519 2083 4547 ,

2188 1986 2449 2049 Joannes,
2475 1998 2529 2040 ut
2563 1988 2936 2055 praediximus.

2262 2079 2417 2133 γυνθ.
2469 2079 2560 2133 24.
2618 2077 2775 2131 Ει-
2816 2081 3161 2132 viderunt.--—
3185 2077 3267 2131 Ita
3305 2079 3638 2139 invenerunt,
3688 2075 3790 2128 hoc

2189 2180 2295 2232 est,
2316 2163 2432 2225 Non
2470 2172 2805 2224 invenerunt
2840 2186 3043 2240 corpus
3070 2171 3213 2238 ejus.

2261 2263 2415 2316 Vers.
2446 2262 2535 2317 25.
2572 2260 2641 2316 Et
2676 2292 2740 2304 σ-
2771 2264 3059 2332 prophetae.
3098 2263 3415 2317 lnsensatos
3472 2261 3595 2314 illos
3631 2260 3767 2313 dixit

2190 2354 2354 2408 tacite
2386 2354 2455 2408 ad
2498 2355 2585 2408 sui
2640 2357 3017 2427 cognitionem
3075 2356 3374 2419 excitans;
3434 2354 3623 2407 tardos
3659 2368 3790 2406 vero

2190 2448 2377 2510 corde,
2441 2457 2633 2517 utpote
2724 2448 2911 2501 tardos
2967 2448 3033 2501 ad
3120 2447 3459 2501 credendum
3534 2461 3597 2499 ea
3670 2461 3791 2514 qum

2191 2540 2474 2609 propheta:
2531 2541 2699 2593 locuti
2776 2540 3001 2595 fuerant
3063 2541 3131 2595 de
3194 2550 3371 2594 morte
3426 2549 3482 2593 et
3537 2555 3788 2593 rcsmrtr-

2191 2634 2375 2687 ctione
2417 2633 2612 2702 ipsius.

2263 2724 2416 2778 Vers.
2466 2724 2559 2778 26.
2605 2723 3087 2779 Nonne—suam.
3145 2723 3293 2788 llaec,
3362 2738 3484 2792 qua:
3530 2713 3792 2776 videliet-i

2189 2814 2358 2869 locuti
2394 2815 2617 2870 fuerant
2644 2818 2954 2886 propheta.
2991 2814 3235 2870 Gloriam
3270 2829 3451 2875 suam.
3486 2830 3609 2883 quae
3641 2815 3793 2866 vide-

2193 2908 2319 2961 licet
2348 2923 2460 2962 sua
2488 2917 2611 2962 erat
2638 2908 2965 2963 divinitatis.
2995 2908 3096 2962 Est
3125 2916 3309 2962 autem
3332 2908 3794 2978 interrogatorius

2190 3014 2395 3055 sermo.

2268 3092 2425 3147 Vers.
2486 3093 2581 3147 27.
2632 3090 2700 3145 Et
2734 3122 2801 3131 —-
2829 3093 2966 3160 ipso.
3004 3094 3048 3146 Δ
3085 3092 3236 3149 Mose
3286 3092 3405 3147 sive
3439 3108 3471 3147 a
3524 3091 3784 3148 Mosaicis

2190 3184 2370 3241 libris.

2264 3281 2421 3335 νει-ε.
2457 3283 2548 3335 28.
2578 3280 2645 3334 Et
2682 3312 2749 3321 ——
2774 3282 2947 3335 ibant.
2977 3281 3099 3346 Quo
3126 3280 3301 3335 ibant.

2263 3374 2422 3429 Vers.
2467 3374 2559 3429 28.
2595 3373 2665 3427 Et
2696 3401 2765 3413 -—
2800 3376 2903 3428 ire.
2939 3374 3270 3439 Simulabat,
3314 3388 3373 3427 so
3409 3372 3629 3443 longius
3686 3372 3789 3436 ire.

2190 3477 2451 3535 tanquam
2495 3468 2735 3538 vulgaris
2769 3482 2955 3521 comes
2985 3466 3181 3521 fuisset
3226 3466 3462 3520 itineris.

2261 3560 2419 3614 Vers.
2469 3559 2560 3614 29.
2616 3556 2685 3612 Et
2728 3588 2797 3598 —
2841 3561 2973 3614 dies.
3046 3559 3350 3615 Inclinatus
3403 3568 3487 3614 est
3526 3560 3593 3613 ad
3634 3576 3795 3616 occa-

2188 3669 2333 3708 Silll].

2265 3748 2415 3802 Vers.
2451 3747 2542 3803 29.
2588 3746 2654 3801 Et
2694 3776 2764 3786 —
2797 3747 2956 3802 Vera.
2991 3747 3084 3803 51.
3131 3763 3272 3800 eum.
3326 3745 3467 3801 Cum
3522 3745 3797 3801 vidissent

2187 3852 2465 3898 assuetam
2500 3857 2564 3896 ac
2594 3843 2874 3912 cognitam
2930 3842 3095 3912 panis
3119 3840 3615 3905 benedictionem;
3663 3855 3793 3895 nam

2191 3946 2324 3991 tunc
2356 3935 2613 4005 permissi
2655 3944 2807 3997 sunt,
2853 3943 2913 3989 ut
2938 3950 3066 3989 eum
3104 3940 3505 4004 agnoscerent.

2289 4029 2448 4083 Vers.
2497 4029 2586 4082 51.
2618 4027 2683 4081 Et
2742 4057 2813 4067 -
2837 4028 3076 4081 illorum.
3112 4025 3189 4081 Nc
3223 4026 3459 4093 amplius
3486 4024 3793 4086 tardarent,

2190 4121 2285 4176 sed
2344 4119 2509 4175 citius
2560 4120 2627 4174 ad
2686 4119 2989 4189 discipulos
3046 4126 3461 4172 reverterentur
3521 4115 3797 4169 :volebat

2189 4228 2427 4283 namque
2460 4213 2655 4267 eodem
2682 4212 2771 4266 die
2802 4210 3061 4265 omnibus
3088 4210 3252 4264 simul
3287 4220 3578 4277 apparere.

2260 4306 2421 4361 Vera.
2479 4305 2572 4359 59..
2609 4302 2678 4357 Et
2706 4334 2774 4345 —
2807 4302 3139 4371 Scripturns.
3166 4300 3598 4367 incendebatur,
3635 4300 3799 4355 salie-

2188 4400 2284 4455 bat
2309 4399 2440 4468 (bb).
2474 4398 2803 4453 movebatur
2829 4413 2894 4452 ac
2932 4382 3211 4452 vibrabat.

2262 4492 2420 4548 Vers.
2457 4492 2548 4548 55.
2585 4490 2655 4545 Et
2686 4523 2759 4533 ——
2810 4490 3133 4547 Jerusalem.
3190 4490 3571 4544 Surrexerunt
3605 4490 3797 4544 eadem

483 4572 546 4627 οὐ
594 4574 705 4643 μὴν
739 4575 879 4647 αὐτῇ
922 4577 989 4646 τῇ
1038 4574 1161 4646 ὥρᾳ
1215 4576 1608 4647 ὑπέστρεψανο
1654 4575 1927 4646 ἐξήκοντα
1975 4578 2085 4649 γὰρ
2118 4603 2163 4659 υ
2194 4586 2235 4641 ιι.

2044 4595 2085 4649 ιρ
2118 4603 2163 4659 ι)
2194 4586 2353 4649 hora.
2383 4601 2494 4641 non
2539 4595 2724 4639 tamen
2760 4585 2970 4641 reversi
3002 4593 3135 4640 sunt
3190 4582 3386 4637 eadem
3425 4583 3598 4649 liora;
3671 4598 3796 4636 nam

486 4668 719 4722 σταδίων
751 4664 819 4739 ἦν
856 4670 889 4739 ἡ
930 4671 1069 4735 ὁδός.
1119 4671 1281 4734 Είκὸς
1313 4670 1371 4724 δὲ
1393 4711 1407 4735 ,
1443 4670 1730 4731 κλίναντσς
1778 4669 1872 4723 τοῦ
1905 4670 2083 4741 ἡλίου,

486 4761 721 4833 δραμεῖν
756 4764 956 4829 αὐτοὺς
1001 4765 1110 4818 ὑπὸ
1149 4765 1523 4836 περιχαρείας
1552 4764 1675 4817 δλον
1714 4764 1775 4817 τὸ
1803 4764 2088 4835 διάστημα

492 4856 658 4925 μέχρι
689 4854 791 4926 τῆς
816 4858 1038 4923 νυκτὸς,
1073 4859 1154 4922 είς
1181 4857 1327 4911 ὀκτὼ
1358 4857 1454 4909 καὶ
1481 4857 1656 4929 ἥμισυ
1691 4856 1848 4927 μίλια
1872 4873 2087 4927 συμπο-

489 4949 773 5010 σουμένων
794 4948 904 5003 τῶν
928 4950 1197 5023 ἐξήκοντα
1223 4950 1477 5006 σταδίων.

555 5152 663 5207 Kal
700 5184 771 5194 —
820 5154 1048 5220 αὐτοῖς.
1095 5156 1202 5210 Σὺν
1246 5154 1435 5218 αὑτοῐς
1484 5148 1649 5226 ἦσαν,
1695 5152 1731 5224 ἡ
1782 5166 1927 5214 τινες
1970 5149 2081 5204 τῶν

2194 4691 2315 4735 erat
2344 4679 2429 4733 via
2460 4680 2742 4751 sexaginta
2778 4677 3101 4732 stadiorum.
3131 4676 3447 4731 Verisimile
3470 4686 3555 4731 est
3588 4687 3795 4740 autem,

2195 4776 2342 4845 quod
2384 4774 2703 4829 declinante
2726 4774 2842 4828 sole
2860 4769 3220 4826 cucurrerint
3251 4784 3363 4841 pne
3395 4770 3570 4825 nimio
3601 4771 3800 4841 gaudio

2198 4876 2375 4923 totum
2408 4867 2759 4923 intervallum
2793 4865 2861 4921 ad
2901 4874 3124 4921 noctem
3154 4876 3354 4933 usque,
3389 4874 3599 4933 septem
3643 4863 3798 4918 vide-

2193 4961 2326 5016 licet
2353 4960 2525 5015 millia
2559 4968 2617 5015 et
2649 4958 2941 5014 dimidium
2970 4996 2987 5024 ,
3017 4970 3141 5029 qua
3196 4955 3252 5011 in
3302 4954 3584 5027 praedictis
3638 4965 3798 5011 erant

2195 5058 2413 5113 stadiis.

2268 5152 2430 5210 Vers.
2457 5152 2549 5210 55.
2590 5149 2661 5207 Et
2692 5152 2916 5209 —illis.
2949 5149 3214 5219 Quicum
3258 5148 3367 5208 illis
3419 5159 3599 5217 erant,
3643 5159 3795 5221 puta,

1689 5338 1901 5399 Varia;
1942 5336 2255 5401 lectiones
2295 5342 2359 5400 et
2388 5343 2582 5401 noue.

558 5503 669 5576 (88)
690 5504 819 5559 Νῦν
844 5504 913 5558 δὲ
932 5537 1003 5547 —
1028 5506 1491 5573 ἀπηλπίσαμεγ.
1525 5504 1652 5560 liae
1673 5504 1954 5576 interpres
1972 5518 2085 5559 non

489 5576 752 5645 agnuscit.
785 5577 972 5631 ltedde
1005 5596 1016 5631 :
1058 5576 1217 5631 Nunc
1255 5593 1376 5631 vero
1406 5578 1481 5631 ita
1514 5586 1785 5631 mortuum
1840 5580 2081 5646 despera-

492 5664 632 5703 mus.
670 5648 937 5720 lntellige,
969 5650 1135 5704 αὑτὸν
1158 5646 1301 5704 εἶναι
1361 5647 1666 5719 λυτρωτὴν.
1708 5648 1890 5704 Possit
1921 5648 2089 5705 etiam

565 5806 673 5875 (be)
709 5806 975 5863 Salicbat.
1005 5816 1113 5861 etc.
1146 5806 1363 5862 Omisso
1418 5808 1615 5878 ἢγουν,
1672 5809 1948 5879 interpres
1980 5824 2079 5878 pro

494 5879 711 5934 duobus
741 5880 1021 5933 vocabulis
1053 5880 1293 5935 reddidit
1316 5880 1438 5933 tria.
1487 5879 1762 5936 Cancrum
1788 5892 2084 5949 utrumque

815 5976 1089 6041 ΡΑτιιοι..
1134 5979 1252 6040 Gn.
1288 5976 1549 6040 CXXIX.

2196 5504 2360 5560 alicui
2428 5504 2483 5559 in
2533 5512 2775 5559 mentem
2825 5504 3021 5559 venire
3072 5500 3444 5563 ἀποθανόντος
3518 5498 3803 5555 intelleCIo

2200 5576 2396 5639 αὑτοῦ,
2433 5574 2595 5629 Nunc
2642 5592 2765 5630 vero
2786 5578 2863 5629 ita
2891 5587 3101 5629 mortuo
3132 5576 3497 5643 desperemus.

2276 5649 2390 5722 (89)
2445 5648 2657 5713 Δὺτούς
2706 5648 2974 5705 abest.A.

2191 5809 2441 5879 σφόζειν,
2483 5811 2784 5865 nan-cas».
2810 5812 2876 5867 de
2913 5818 3063 5865 motu
3100 5814 3157 5862 et
3220 5805 3383 5873 pulsu
3427 5807 3613 5860 eordis
3669 5808 3719 5860 αἱ
3762 5811 3801 5855 ί-

2197 5895 2307 5936 tur.

3407 5971 3481 6034 35
