4430 6460
703 394 843 461 1111

1938 395 2319 469 ΕυΤΗΥΜιι
2364 410 2728 474 ZlGABENl

3832 409 3984 475 1112

773 510 927 566 Vers.
969 512 1017 567 I.
1047 513 1114 567 Et
1154 514 1293 570 Deus
1322 528 1440 573 erat
1479 521 1726 578 Verbum.
1780 523 1919 577 Cum
1972 522 2135 577 Verbi
2174 538 2275 576 no-
2304 525 2353 580 Α
2450 527 2522 578 ΚΔ

2230 540 2275 576 )-
2304 525 2353 580 Α
2450 525 2560 578 Kal
2616 529 2762 591 Θεὸς
2797 522 2873 595 ἦν
2916 531 2949 580 ό
2974 528 3185 595 Λόγος.
3218 528 3582 601 Χρησάμενος
3612 526 3693 597 τῷ
3749 526 3979 596 ὀνόματι

698 607 848 661 mine
881 623 1015 662 usus
1054 609 1246 665 fuisset
1287 615 1354 667 ad
1390 616 1699 673 docendum
1735 620 1792 672 in
1821 633 2061 687 superna
2115 635 2284 685 gene-

698 698 1466 769 rationeintemporalitatezn,
1492 708 1903 777 alfectuumque
1956 710 2281 773 carentiam,

695 800 850 843 curat
883 790 1145 860 deinceps
1179 808 1242 848 ac
1271 797 1409 848 tollit
1447 797 1709 851 damnum
1737 798 1885 867 quod
1910 800 1979 853 ad
2030 799 2133 853 hoc
2186 816 2284 851 no-

694 897 818 933 men
848 882 1105 952 subrepit
1140 896 1311 953 :puta
1371 902 1439 940 ne
1492 890 1619 956 quis
1655 890 2018 957 blasphemet.
2086 901 2285 959 putans

691 970 798 1023 tale
828 972 1060 1025 verbum
1080 987 1205 1026 esse
1237 974 1397 1043 quale
1423 986 1674 1031 nostrum
1704 988 1809 1039 est.
1841 978 1959 1031 sive
2001 980 2281 1031 internum

691 1062 807 1114 sive
844 1061 894 1114 id
933 1064 1075 1132 quod
1108 1063 1441 1131 proferimus
1471 1083 1485 1131 ;
1513 1083 1691 1136 neque
1716 1069 1862 1123 enim
1903 1069 2007 1122 tale
2036 1078 2137 1129 est,
2187 1068 2281 1121 sed

691 1153 1073 1217 substantiale,
1126 1157 1369 1225 ejusdem
1421 1173 1545 1212 cum
1602 1158 1763 1212 Patre
1820 1169 2027 1213 natura;
2083 1174 2147 1212 ac
2197 1158 2280 1211 di-

691 1246 933 1314 gnitntis.

764 1336 919 1390 Vers.
961 1338 1015 1390 2.
1048 1338 1245 1391 Iloc—
1271 1340 1461 1393 Deum.
1485 1338 1625 1394 Cum
1671 1340 1904 1397 dixisset
1952 1344 2097 1410 quod
2133 1360 2280 1398 sem-

688 1442 786 1494 per
815 1439 955 1492 erat,
1009 1430 1267 1498 quodque
1317 1446 1347 1483 a
1382 1428 1543 1485 Patre
1602 1432 1997 1502 inseparabile,
2032 1445 2085 1488 et
2134 1435 2281 1501 quod

691 1515 834 1569 Deus
858 1527 1025 1571 erat:
1083 1518 1235 1571 brevi
1295 1519 1655 1590 mirandoque
1698 1522 1883 1587 modo,
1947 1521 2278 1590 theologiam

685 1623 850 1673 quam
882 1608 948 1661 de
982 1608 1383 1679 hocexposuit,
1424 1610 1477 1664 in
1512 1626 1784 1665 summam
1830 1612 2070 1682 redigit;
2126 1628 2278 1666 com-

687 1698 948 1763 pendium
1015 1698 1212 1752 divinae
1276 1701 1342 1753 de
1403 1714 1470 1754 eo
1524 1701 1855 1771 cognitionis
1902 1702 2062 1756 nobis
2131 1717 2275 1771 prte-

686 1794 844 1843 Lens.

2387 615 2482 667 τοῦ
2517 616 2695 683 Λόγου
2728 618 2863 687 πρὸς
2906 618 3263 671 διδασκαλίαν
3301 621 3398 672 τοῦ
3430 620 3666 689 ἀχρόνου
3712 618 3810 671 καὶ
3842 619 3985 670 ἀπα*-

2388 706 2515 768 θοῦς
2541 708 2663 776 ,τῆς
2710 708 3030 777 ὑπερφυοῦς
3090 708 3421 777 γεννήσεως,
3460 707 3652 761 λοιπὸν
3690 704 3986 775 θεραπεύει

2386 802 2487 867 τὴν
2523 799 2878 867 ὑφέρπουσαν
2908 797 2987 866 τῷ
3014 798 3243 865 ὀνόματι
3267 797 3495 866 βλάϐην,
3528 797 3614 849 ενα
3644 795 3720 863 μὴ
3739 794 3982 863 βλασφη-

2391 891 2544 962 μήσῃ
2578 908 2658 950 τις
2687 929 2702 952 .
2731 888 3009 959 [θεόμενος
3042 889 3119 958 (7)
3151 891 3232 941 ὃτι
3268 888 3423 955 λόγος
3472 885 3641 956 iactv]
3665 884 3775 946 οἷος
3796 888 3827 938 6
3852 888 3989 955 ἡμέ-

2387 996 2566 1047 τερος,
2585 980 2890 1042 ἐνδιάθετος
2913 980 2945 1049 ἢ
2966 978 3302 1049 προφορικός
3318 995 3329 1005 ⁸
3359 980 3420 1029 οὐ
3446 979 3553 1045 γάρ
3574 980 3689 1029 ἐστι
3713 977 3983 1038 τοιοῦτος,

2386 1075 2504 1128 ἀλλ’
2544 1074 2934 1135 ἐνυπόστατος,
2976 1073 3075 1141 τῆς
3109 1072 3283 1140 αὐτῆς
3315 1071 3393 1139 τῷ
3435 1072 3609 1140 Πατρί
3644 1070 3859 1138 φύσεως
3890 1071 3988 1122 καὶ

2386 1167 2571 1233 ἀξίας.

2458 1340 2900 1410 Οὗτος-Θεόν.
2928 1342 3113 1395 Εἰπὼν
3140 1342 3221 1400 ὅτι
3251 1342 3340 1393 ἀεὶ
3356 1336 3446 1409 ἦν,
3474 1340 3567 1392 καὶ
3588 1340 3670 1391 ὅτι
3691 1336 3986 1407 ἑχώριστος

2386 1434 2478 1488 τοῦ
2544 1434 2759 1504 [latpr
2788 1429 2879 1503 ἦν,
2919 1432 3013 1485 xal.
3043 1432 3126 1482 ὅτι
3158 1429 3293 1491 Θεὸς
3324 1424 3416 1498 ἦν,
3464 1423 3984 1494 ἀνεκεφαλαιώσατο

2386 1528 2666 1595 συντόμως
2696 1522 2829 1594 ὁμοῦ
2868 1524 2962 1576 καὶ
2994 1520 3343 1590 θαυμασίως,
3368 1520 3435 1589 ἢν
3464 1517 3683 1581 ἐξέθετο
3705 1515 3835 1586 περὶ
3856 1513 3983 1566 τού-

2378 1637 2480 1689 ςτου
2514 1618 2797 1685 θεολογίαν
2833 1616 2933 1685 (8),
2986 1616 3209 1682 σύνοψιν
3240 1614 3375 1683 ἡμῖν
3415 1608 3696 1677 θεολογίας
3730 1609 3864 1678 περὶ
3885 1605 3980 1659 τοῦ

2387 1707 2517 1764 Υἱοῦ
2545 1709 2997 1779 παρασχόμενος.

756 1882 1077 1937 Dicentibus
1112 1884 1501 1955 autem,q.uod
1550 1885 1731 1939 omnis
1771 1885 1913 1940 [ilius
1974 1895 2123 1954 patre
2182 1900 2282 1954 po-
2317 1874 2354 1927 Β
2460 1889 2500 1939 ll

2235 1900 2282 1938 )·
2317 1874 2354 1927 υ
2460 1889 2603 1955 Πρὸς
2640 1886 2696 1940 δέ
2731 1886 2854 1948 τοὺς
2891 1885 3151 1953 λέγοντας
3188 1886 3271 1939 ὅτι
3309 1885 3423 1946 Πᾶς
3468 1883 3584 1946 υῐδς
3615 1880 3841 1953 ὕστερος
3867 1880 3984 1934 ἐστι

684 1975 884 2027 sterior
935 1986 1018 2029 est
1046 2016 1059 2037 .
1100 1976 1602 2045 respondebimus:
1638 1977 1775 2033 Cum
1820 1978 2023 2044 dicitis,
2091 1980 2282 2035 Omnis

685 2065 848 2126 filius.
889 2067 999 2135 jam
1034 2066 1091 2120 id
1120 2067 1265 2136 quod
1307 2068 1572 2136 quaeritur
1610 2068 1961 2124 dissolvistis.
2000 2067 2057 2122 Si
2080 2069 2280 2138 iuidem

686 2158 775 2211 Dei
821 2159 1012 2225 Filius,
1042 2176 1153 2213 non
1190 2170 1270 2215 est
1303 2161 1446 2229 talis,
1478 2162 1654 2232 qualis
1675 2170 1758 2217 est
1781 2164 1962 2217 omnis
1991 2160 2157 2229 ﬁlius,
2183 2162 2277 2217 sed

681 2267 759 2303 ve.
776 2265 806 2303 e
830 2249 1283 2318 supernaturnlis.

749 2344 1019 2396 Prwterea
1061 2343 1413 2396 contentiosa
1464 2344 1845 2398 asserentibus
1890 2359 2017 2399 eum
2055 2360 2146 2414 qui
2204 2345 2274 2399 ab

681 2436 866 2503 aliquo
898 2444 1007 2497 est,
1030 2448 1260 2489 necesse
1283 2435 1514 2488 omnino
1550 2450 1673 2490 esse
1708 2446 1764 2490 ut
1801 2437 1873 2491 sit
1904 2437 2177 2506 posterior
2210 2453 2276 2493 eo

678 2546 706 2583 a
746 2545 856 2599 quo
888 2540 994 2592 est,
1024 2528 1468 2598 respondendum
1490 2540 1594 2593 est.
1623 2531 1771 2601 quod
1791 2532 1893 2586 etsi
1925 2532 2029 2587 hoc
2060 2533 2267 2597 dicant,

677 2623 809 2677 solis
846 2632 1026 2677 tamen
1063 2621 1249 2675 radius
1284 2636 1409 2677 cum
1442 2622 1510 2676 ab
1532 2622 1652 2691 ipso
1686 2624 1780 2686 sit,
1814 2639 1922 2677 non
1964 2636 2048 2685 est
2082 2640 2148 2678 eo
2180 2641 2277 2694 po-

677 2713 921 2767 sterior:
978 2727 1262 2781 nunquam
1290 2712 1438 2766 enim
1499 2714 1579 2767 sol
1608 2713 1731 2767 sine
1786 2716 1937 2770 radio
2003 2718 2270 2785 apparuit.

675 2806 833 2871 Quod
867 2804 988 2860 siin
1018 2806 1413 2861 sensilibusita
1450 2816 1557 2873 est,
1588 2808 1852 2877 quidnam
1885 2808 2071 2864 dicere
2123 2811 2279 2881 quis-

677 2899 824 2968 piam
858 2898 1063 2967 poterit
1090 2898 1158 2952 de
1190 2899 1275 2979 bis
1304 2914 1427 2969 quae
1466 2900 1676 2968 majora
1704 2911 1855 2963 sunt,
1882 2918 2047 2972 quam
2080 2911 2136 2957 ut
2166 2904 2276 2958 dici

674 2992 929 3061 possint?
960 2991 1034 3045 Ex
1065 3006 1174 3061 quo
1209 3002 1393 3046 autem
1447 2994 1615 3048 Deum
1668 2994 1851 3064 ipsum
1894 3012 2021 3050 esse
2075 2999 2276 3068 prazdi-

677 3086 847 3145 cavit.
891 3084 984 3139 dat
1045 3086 1208 3139 etiam
1244 3086 1294 3140 ei
1329 3086 1630 3144 divinitatis
1680 3088 1935 3159 insigne:
1985 3090 2108 3144 dico
2142 3106 2276 3145 sane

674 3180 900 3234 creandi
940 3181 1241 3249 potentiam
1274 3200 1285 3235 :
1320 3181 1407 3235 Dii
1447 3183 1618 3248 enim,
1664 3184 1865 3253 inquit,
1901 3187 1989 3255 qui
2022 3186 2208 3239 caelum
2229 3196 2277 3238 et
2308 3218 2351 3277 ς

673 3282 875 3324 terram
902 3287 1005 3323 non
1029 3272 1284 3341 fecerunt.
1324 3273 1621 3341 pereant‘.
1654 3274 1710 3329 ld
1736 3286 1943 3339 autem,
1985 3291 2052 3330 ne
2118 3286 2277 3346 pute—

672 3371 756 3419 ter
791 3362 953 3418 Patre
988 3365 1166 3419 minor
1193 3380 1337 3420 esse.

751 3456 903 3510 Vers.
942 3458 996 3509 3.
1045 3456 1238 3513 Omnia
1263 3488 1331 3499 —
1368 3460 1570 3529 factum
1603 3469 1701 3515 est.
1740 3460 1878 3516 Cum
1943 3463 2128 3516 omnia
2180 3478 2277 3532 per

672 3552 852 3620 ipsum
885 3550 1025 3605 facta
1055 3550 1287 3605 dixisset
1319 3570 1331 3604 :
1359 3567 1427 3605 ne
1469 3562 1753 3621 putaretur
1781 3553 1834 3607 id
1884 3555 1952 3609 de
2000 3554 2279 3609 sensibili.

674 3648 779 3699 bus
812 3654 1026 3697 tantum
1063 3644 1291 3708 dixisse,
1330 3646 1575 3700 subdidit
1608 3664 1622 3699 :
1654 3648 1721 3701 Et
1751 3649 1864 3701 sine
1918 3650 2029 3717 ipso
2074 3651 2275 3720 factum

673 3749 747 3792 est
774 3737 908 3790 nihil
930 3738 1071 3803 quod
1096 3739 1301 3808 factum
1338 3749 1435 3803 est,
1476 3740 1579 3794 hoc
1608 3752 1715 3805 est,
1750 3740 2101 3796 uihileorum
2158 3759 2279 3811 qua:

674 3832 817 3884 facta
850 3840 1005 3895 sunt,
1059 3831 1176 3885 sive
1204 3832 1471 3887 sensibile
1494 3833 1585 3896 sit,
1618 3834 1733 3887 sive
1780 3835 2139 3903 intelligibile.
2176 3835 2279 3889 Ελ-

672 3923 916 3977 eluditur
951 3933 1136 3978 autem
1192 3922 1432 3995 Spiritus
1495 3935 1723 3979 sanctus
1754 3943 1767 3983 :
1809 3942 1987 3997 neque
2014 3927 2159 3981 enim
2196 3926 2278 3981 fa-

672 4027 795 4071 ctus
824 4025 934 4083 est,
978 4026 1035 4071 ut
1071 4017 1216 4071 inter
1258 4017 1364 4071 alia
1418 4020 1949 4089 comprehendatur,
1998 4020 2091 4075 sed
2136 4019 2279 4074 infe-

670 4120 793 4170 ctus
825 4120 917 4166 aut
953 4113 1255 4176 incrcatus,
1292 4113 1440 4169 sicut
1492 4124 1549 4169 et
1606 4113 1778 4169 Filius
1826 4126 1881 4169 et
1922 4115 2107 4169 Pater.
2148 4115 2275 4171 Sola

670 4220 909 4275 namque
934 4205 1121 4260 divina
1142 4206 1380 4262 Trinitas
1409 4206 1609 4263 infecta
1640 4210 1758 4263 sive
1785 4209 2025 4262 increata
2055 4221 2163 4263 est.

741 4299 879 4353 Cum
900 4312 1085 4354 autem
1113 4300 1574 4356 demonstraverit
1601 4301 1794 4357 Filium
1828 4312 2130 4357 creatorem
2159 4320 2276 4359 0m-

672 4395 758 4447 nis
798 4393 1037 4448 visibilis
1068 4403 1235 4462 atque
1256 4393 1548 4450 invisibilis
1580 4404 1869 4461 creatum,
1901 4411 2010 4451 non
2044 4396 2278 4456 exclusit

672 4486 885 4539 Patri-ni
922 4501 949 4537 a
986 4485 1209 4540 creandi
1249 4485 1535 4555 dignitate,
1575 4487 1671 4541 sed
1708 4486 1901 4541 docuit
1927 4497 2141 4542 tantum
2188 4488 2277 4541 Fi-

2384 1976 2475 2029 τοῦ
2510 1975 2739 2044 πατρὸς,
2767 1973 3002 2045 ἐροῦμεν
3022 1975 3104 2027 ὅτι
3129 1972 3251 2039 Πᾶς
3276 1973 3407 2038 υἱὸς
3428 1972 3697 2037 εἰπόντες,
3721 1970 3985 2024 λιλύκατι

2385 2070 2445 2122 τὸ
2478 2067 2835 2138 ζητούμενον.
2881 2067 2939 2119 Ὀ
2978 2068 3085 2135 γὰρ
3102 2066 3229 2128 Υἱὸς
3258 2064 3351 2117 τοῦ
3376 2062 3511 2117 Θεοῦ
3532 2063 3631 2117 οὐκ
3661 2063 3779 2117 εστι
3808 2062 3983 2116 τοιοῦ-

2384 2178 2477 2223 τος
2506 2155 2615 2224 οἷος
2655 2160 2762 2223 πᾶς
2797 2158 2933 2224 υἱὸς,
2968 2158 3082 2211 ἀλλ’
3110 2157 3281 2218 ὅντως
3320 2156 3632 2227 ὑπερφυής.

2458 2349 2580 2403 Ἔτι
2615 2348 2671 2401 δὲ
2696 2345 2832 2417 πρὸς
2858 2345 2986 2406 τοὺς
3035 2341 3504 2412 φιλονεικοῦντας,
3530 2340 3610 2393 ὅτι
3642 2337 3716 2391 Tb
3754 2338 3818 2391 ἐκ
3843 2354 3987 2399 τινος

2382 2440 2601 2509 ἀνάγκη
2629 2439 2850 2501 πάντως
2885 2432 3029 2489 εἶναι
3064 2434 3295 2502 ὓστερον
3336 2432 3431 2485 τοῦ
3476 2432 3536 2498 ἐξ
3559 2424 3620 2484 οὖ
3646 2431 3818 2493 ἐστιν,
3845 2433 3985 2482 dno-

2382 2536 2639 2603 λογητίον
2671 2534 2755 2585 ὅτι
2792 2532 2901 2583 Καὶ
2929 2530 3036 2599 μὴν
3070 2529 3129 2580 τὸ
3160 2526 3509 2594 ἀπαύγασμα
3550 2522 3646 2577 τοῦ
3698 2523 3883 2593 ἡλίου,
3926 2522 3987 2585 ἐξ

2383 2625 2548 2681 αὑτοῦ
2587 2626 2664 2696 (9)
2695 2624 2776 2689 bv,
2805 2624 2905 2675 οὐκ
2946 2621 3093 2673 ἐστιν
3117 2618 3345 2688 ὕστερον
3368 2615 3535 2670 αὑτοῦ
3553 2634 3565 2645 ο
3590 2615 3849 2669 οὐδέποτε
3875 2611 3990 2683 γὰρ

2381 2724 2532 2793 ἥλιος
2561 2722 2735 2790 ἐφάνη
2766 2719 2935 2788 χωρὶς
2963 2716 3424 2782 ἁπαυγάσματος.
3449 2713 3510 2765 El
3530 2712 3575 2763 δ’
3608 2711 3701 2763 ἐπὶ
3741 2708 3849 2761 τῶν
3894 2710 3987 2758 αἱ-

2385 2815 2599 2885 σθητῶν
2639 2813 2816 2874 τοῦτο,
2842 2811 2895 2861 τί
2933 2810 3003 2863 ἄν
3033 2820 3117 2869 τις
3166 2808 3312 2858 εἷποι
3350 2805 3479 2874 περὶ
3528 2802 3637 2855 τῶν
3685 2801 3826 2869 ὑπὲρ
3871 2796 3987 2870 (10)

2383 2911 2571 2975 λόγους
2618 2906 2772 2957 Ἐπεὶ
2807 2903 2861 2956 δὲ
2895 2902 3027 2953 Θεὸν
3056 2899 3217 2952 αὐτὸν
3254 2895 3561 2967 ἀνεκήρυξε
3596 2894 3737 2964 (Η),
3767 2892 3987 2943 δίδωσιν

2383 3002 2535 3071 αὑτῴ
2592 2999 2686 3051 καὶ
2720 2997 2781 3049 τὸ
2813 2997 3107 3063 γνώρισμα
3165 2993 3263 3057 τῆς
3322 2988 3605 3056 θεότητος,
3643 2984 3789 3051 λέγω
3815 2983 3881 3052 δὴ
3924 2981 3989 3033 τὸ

2382 3091 2776 3164 δημιουργικόν
2800 3105 2813 3119 ·
2850 3088 2980 3141 Θεοὶ
3018 3086 3143 3155 γὰρ,
3169 3084 3352 3152 φησὶν,
3382 3080 3438 3133 οἳ
3469 3080 3577 3134 τὸν
3601 3077 3865 3145 οὐρανὸν
3886 3072 3987 3127 καὶ

2384 3186 2498 3251 τὴν
2521 3183 2639 3251 γῆν
2666 3183 2777 3235 οὐκ
2810 3180 3129 3243 ἐποίησαν,
3156 3173 3608 3228 ἀπο.1έσοωσαν
3628 3188 3639 3199 ·
3671 3170 3761 3223 ἶνα
3796 3167 3872 3237 μὴ
3904 3182 3988 3217 νο-

2388 3278 2608 3349 μισθείη
2638 3274 2731 3327 τοῦ
2766 3272 2976 3342 Πατρὸς
3011 3272 3272 3322 ἐλάττων.

2457 3450 2665 3505 Πάντα
2690 3477 2761 3485 --
2792 3446 3063 3516 γέγονεν.
3093 3439 3349 3512 [εἰρηκὼς
3398 3438 3482 3491 ὅτι
3519 3434 3723 3489 Πάντα
3757 3434 3833 3487 δι’
3881 3432 3959 3485 αὐ

2386 3546 2491 3599 τοῦ
2524 3543 2783 3612 ἐγένετο,
2822 3540 2908 3592 ἵνα
2953 3537 3028 3606 μὴ
3079 3536 3207 3605 δλεξῃ
3242 3535 3374 3604 περὶ
3432 3532 3613 3601 μόνων
3647 3528 3987 3597 λέγειν,τῶν

2386 3634 2686 3705 αἰσθητῶν,
2718 3634 3003 3700 ἐπήγαγεν
3029 3630 3108 3681 ὅτι
3142 3628 3248 3681 Καὶ
3297 3626 3477 3695 χωρὶς
3510 3620 3699 3677 αὑτοῦ
3747 3618 3989 3689 ἐγένετο

2384 3731 2527 3786 οὐδὲ
2557 3729 2644 3793 ἓν,
2688 3726 2720 3780 ὃ
2780 3725 3014 3794 γέγονε,
3073 3720 3355 3774 τουτέστιν
3410 3718 3562 3770 οὐδὲν
3596 3714 3707 3767 τῶν
3759 3710 3990 3780 γενομέ-

2385 3846 2513 3888 νων,
2548 3824 2647 3876 κᾶν
2681 3820 2939 3889 αἰσθητὸν
2981 3818 3089 3886 εἴη,
3144 3816 3248 3868 κᾶν
3292 3813 3505 3884 νοητόν.
3598 3807 3978 3878 ’Υπεξῄρηται

2383 3921 2527 3976 δὲτὸ
2559 3916 2788 3985 Πνεῦμα
2818 3914 2877 3966 τὸ
2916 3915 3094 3980 ἆγιον.
3139 3908 3315 3962 Τοῦτο
3356 3908 3465 3977 γὰρ
3516 3906 3575 3957 οὗ
3618 3904 3845 3972 γέγονεν
3896 3900 3987 3951 ἴνα

2386 4018 2479 4069 καὶ
2511 4007 3038 4081 συμπαραληφθείη,
3074 4004 3193 4058 ἀλλ’
3224 4000 3492 4071 ἀγένητόν
3533 3998 3643 4070 (l2)
3700 3998 3868 4060 ἐστιν,
3908 3995 3989 4046 εἴ*

2384 4125 2514 4162 τουν
2543 4107 2823 4167 ἀκτιστον,
2860 4101 3051 4171 ὥσπερ
3084 4098 3179 4152 καὶ
3204 4100 3232 4150 6
3262 4096 3389 4159 Υἱὸς
3418 4093 3509 4148 καὶ
3536 4095 3562 4145 6
3589 4091 3804 4161 Πατήρ.
3830 4087 3986 4155 Μόνη

2385 4203 2495 4273 γὰρ
2528 4202 2559 4270 ἠ
2588 4200 2709 4253 θεία
2737 4196 2909 4268 Τριάς
2937 4195 3053 4261 (l3)
3088 4192 3377 4261 ἀγένητος,
3422 4190 3593 4259 ἤγουν
3624 4184 3909 4244 ἂκτιστος.

2470 4290 2788 4356 ’Δποδείξας
2811 4292 2869 4344 δὲ
2911 4288 3004 4341 τὸν
3052 4286 3179 4340 Υἱδν
3234 4282 3571 4354 δημιουργὸν
3617 4278 3799 4344 πάσης
3829 4276 3968 4343 ὁρα-

2383 4391 2544 4461 τικῆς
2574 4387 2686 4453 (ιι)
2729 4384 2823 4437 καὶ
2854 4383 3091 4453 ἀοράτου
3140 4379 3397 4440 κτίσεως,
3452 4375 3554 4428 οὑκ
3610 4369 3837 4436 tegam
3892 4367 3987 4421 τὸν

2386 4482 2609 4553 Πατέρα
2651 4478 2745 4532 τοῦ
2778 4472 3185 4548 δημιουργικοῦ
3248 4470 3589 4539 ἀξιώματος,
3631 4466 3769 4519 ἀλλά
3822 4463 3986 4533 μόνον

666 4581 801 4632 lium
834 4592 955 4632 esse
992 4586 1302 4632 creatorem
1351 4578 1497 4633 sicut
1530 4587 1583 4633 et
1612 4579 1832 4634 Patrem
1861 4598 1873 4645 ;
1903 4580 1958 4635 id
1986 4582 2135 4635 enim
2180 4582 2273 4637 tri-
2310 4585 2360 4646 ο
2388 4579 2410 4630 ὲ

2235 4582 2273 4637 i-
2310 4585 2360 4646 ο
2388 4576 2631 4639 ἐδίδαξεν
2660 4575 2742 4627 ὅτι
2778 4573 2871 4624 καὶ
2903 4571 2930 4621 6
2965 4569 3093 4630 Υἱὸς
3137 4564 3479 4635 δημιουργός
3513 4564 3683 4618 ἐστιν,
3730 4557 3924 4659 ωσπερ
3955 4556 3984 4609 6

668 4674 771 4727 bus
802 4688 1097 4727 commune
1145 4682 1401 4738 est,cum
1440 4674 1512 4727 sit
1552 4672 1869 4732 Divinitatis
1928 4677 2169 4750 insigne,
2220 4689 2280 4734 ut
2383 4671 2417 4724 Π

2234 4689 2280 4734 ιι
2383 4666 2819 4741 Πατήρθκοινὸν
2851 4664 2963 4734 γὰρ
3003 4661 3165 4715 τοῦτο
3219 4660 3331 4712 τῶν
3398 4656 3592 4727 τριῶν,
3648 4653 3773 4707 ἐπεὶ
3822 4653 3983 4703 τοῦτο

666 4766 994 4834 praedictum
1033 4775 1140 4826 est,

740 4859 872 4913 Ideo
903 4875 1125 4929 quoque
1160 4860 1216 4914 in
1247 4860 1434 4917 divina
1478 4860 1763 4934 Scriptura
1820 4866 2045 4921 creandi
2089 4874 2279 4938 poten-

666 4956 739 5007 tia
758 4955 1095 5024 quandoque
1130 4956 1198 5010 de
1234 4957 1395 5014 Patre
1430 4960 1659 5024 dicitur,
1693 4961 2027 5031 quandoque
2066 4962 2135 5016 de
2184 4960 2278 5016 Fi-

661 5048 756 5112 lio,
797 5046 1078 5103 interdum
1114 5064 1243 5104 vero
1278 5052 1345 5105 de
1383 5051 1593 5122 Spiritu
1626 5063 1849 5115 sancto,
1881 5064 2151 5125 tanquam
2191 5053 2271 5109 vi-

661 5141 864 5195 delicet
903 5142 1065 5197 Patre
1107 5142 1356 5211 volente,
1389 5145 1528 5202 Filio
1568 5157 1752 5203 autem
1812 5159 2108 5218 operante,
2147 5146 2271 5219 Spi-

766 5306 786 5337 δ
818 5302 1032 5364 Jerem.
1066 5322 1123 5376 ι,
1162 5308 1255 5366 Η.

2380 4766 2671 4838 γνώρισμά
2704 4766 2821 4817 ἐστι
2851 4762 3131 4830 θεότητος,
3160 4759 3234 4822 ὡς
3264 4759 3620 4828 προείρηται.

2452 4862 2543 4914 Διὸ
2598 4860 2694 4912 καὶ
2727 4860 2877 4928 παρά
2911 4859 2976 4926 τῇ
3010 4854 3132 4924 θείᾳ
3171 4853 3366 4923 Γραφῇ
3428 4848 3562 4904 ποτέ
3626 4846 3728 4918 μὲν
3775 4844 3837 4897 τδ
3889 4841 3983 4910 δη-

2380 4954 2707 5029 μιουργικὸν
2742 4953 2834 5004 ἐπὶ
2868 4949 2989 5024 [τοῦ
3024 4948 3241 5018 Πατρδς
3302 4946 3416 5015 (15)
3464 4944 3722 5010 λέγεται,
3762 4937 3893 4991 ποτὶ
3922 4937 3982 4991 δὲ

2380 5050 2473 5101 ἐπὶ
2494 5046 2589 5100 τοῦ
2623 5044 2786 5109 Υἱοῦ,
2845 5045 2979 5097 ποτὲ
3008 5043 3063 5096 δὲ
3099 5039 3216 5114 ἐπὶ]
3250 5039 3346 5093 τοῦ
3408 5040 3569 5107 ἁγίου
3618 5033 3937 5102 Πνεῦματος
3959 5044 3977 5061 ⁶

2380 5137 2471 5195 οἷα
2504 5140 2598 5194 τοῦ
2635 5139 2733 5211 μὲν
2773 5138 2988 5209 Πατρὸς
3010 5134 3391 5199 εωοκοῦντος,
3427 5130 3523 5185 τοῦ
3559 5131 3614 5185 δέ
3661 5125 3793 5181 Υιοῦ
3820 5128 3981 5197 ἐνερ-

1876 5377 2079 5442 Variaa
2125 5378 2435 5442 lectiones
2484 5384 2549 5443 et
2594 5384 2789 5441 nota).

731 5560 807 5627 (7)
848 5556 997 5611 Loco
1032 5556 1231 5611 horum
1294 5563 1529 5622 quatuor
1562 5553 1994 5627 _vocabulorum
2026 5552 2265 5627 spatium

658 5624 902 5698 vacuum!
924 5638 1011 5683 cst
1041 5628 1095 5681 in
1128 5628 1253 5698 c_od.
1284 5627 1347 5681 Α.
1384 5630 1521 5679 Ante
1550 5624 1576 5677 6
1606 5626 1883 5698 ἡμέτερος
1941 5635 2150 5693 autem,
2198 5626 2269 5680 le-

662 5701 812 5769 gitur
856 5696 993 5763 οἷος.
1022 5701 1087 5754 Et
1109 5695 1224 5762 οἷος
1251 5698 1471 5765 quidem
1516 5696 1724 5766 recepi.

728 5774 809 5840 (8)
874 5773 1164 5843 Θεολογία,
1208 5785 1334 5828 cum
1373 5770 1555 5839 spatio
1584 5783 1761 5825 vacuo
1790 5770 2027 5827 duarum
2057 5768 2267 5826 littera-

656 5861 777 5897 rum
821 5845 884 5898 Α.

728 5917 800 5989 (9,:
838 5914 961 5983 Ἤν,
1000 5934 1095 5988 ΓΠ)
1129 5917 1188 5971 ὃν
1220 5918 1282 5971 Α.

2443 5552 2555 5621 (ιο)
2592 5553 2698 5606 Τὸν
2726 5552 2879 5608 addit
2934 5550 2993 5605 u.
3054 5574 3057 5575 ν

2443 5552 2532 5621 (10
2592 5553 2698 5606 Τὸν
2726 5552 2879 5608 addit
2934 5552 2993 5605 Β.

2442 5552 2557 5693 (Il)
2622 5624 2899 5695 Ἐκήρυξε
2960 5625 3025 5679 Α.

2440 5694 2553 5763 (12)
2601 5698 2656 5749 Ἀ
2666 5694 2927 5767 γέννητον
2992 5699 3029 5747 Α
3043 5737 3056 5749 .

2445 5767 2490 5836 (l
2503 5768 2559 5837 3)
2615 5770 2947 5837 Ἀγέννητος
3010 5768 3049 5819 Α
3063 5811 3076 5822 .

2445 5841 2490 5899 (l
2510 5839 2559 5906 ι)
2589 5839 2993 5910 Corrigendum
3023 5840 3254 5909 ὁρατῆς.

2442 5913 2553 5984 (lii)
2588 5911 2804 5968 lnclu:a
2842 5914 3047 5967 utuittit
3081 5916 3141 5967 Α.
