4430 6460
486 390 628 459 1137

1454 395 1843 459 ΕΟΜΜΕΝΤ.
1890 393 1970 454 1N
2008 392 2391 454 JOANNEM.
2421 414 2493 428 -
2527 390 2687 451 CAP.
2732 389 2782 451 Ι.

3634 389 3771 454 1138

490 509 558 561 τὰ
594 507 736 560 αὐτὰ
786 507 967 574 λέγειν
1029 506 1213 571 πάλιν,
1241 507 1333 561 καὶ
1382 508 1666 573 δευτέραις
1715 505 1920 573 φωναῖς
1974 503 2081 571 ἀφ·
2112 510 2153 563 Α
2196 517 2239 556 rt

2027 520 2081 571 ρ·
2112 510 2153 563 Α
2196 516 2419 557 rursum
2440 500 2561 556 hac
2592 500 2662 557 de
2721 500 2842 568 ipso
2890 498 3075 553 dicere
3125 496 3360 567 cogitur,
3421 508 3776 567 mentemque

490 597 706 662 υπνίζει
727 597 827 667 την
843 597 1088 654 διάνοιαν
1111 598 1297 653 αὐτῶν
1317 597 1511 670 ῶσπερ
1542 596 1917 667 κοιμωμένην.

560 770 666 825 Καὶ
714 770 774 824 δν
828 772 1034 841 τρόπον
1065 774 1092 825 6
1124 772 1224 841 μιν
1272 771 1511 841 νυμφίος
1550 771 1702 825 οὐδέν
1754 768 1899 833 τέως
1929 768 2079 835 λέγει

487 862 626 930 πρὸς
650 862 753 932 τὴν
779 862 1024 931 νύμφην,
1052 864 1163 917 οὐδ’
1193 863 1287 931 ἀφ’
1312 863 1512 918 ἑαυτοῦ
1533 864 1805 933 λαμϐάνει
1830 862 2039 929 ταύτην
2059 875 2075 891 ·

487 956 515 1005 6
536 951 593 1004 δι
626 953 997 1021 νυμφαγωγὸς
1021 954 1200 1007 πάντα
1228 954 1539 1023 διαλέγεται
1567 956 1663 1008 καὶ
1705 954 2077 1025 παραδίδωσιν

489 1042 661 1110 αὑτήν
679 1058 694 1074 ·
721 1044 811 1097 δτε
836 1044 896 1097 δδ
930 1044 1074 1115 λάϐῃ
1090 1044 1299 1115 ταύτην
1332 1048 1563 1111 έκεῖνος,
1586 1046 1732 1099 οὓτω
1748 1046 2076 1114 διατίθησιν,

488 1134 564 1198 ὡς
592 1134 955 1189 έπιλαθέσθαι
1009 1136 1235 1189 πάντων
1254 1156 1271 1171 ο
1294 1136 1439 1192 οὕτω
1469 1138 1564 1191 καὶ
1602 1137 1697 1190 νῦν
1726 1140 1755 1191 6
1788 1138 1890 1206 μιν
1941 1139 2078 1209 Χρι-

491 1224 613 1287 στὸς
650 1225 728 1278 ιτι
750 1226 881 1296 σιγᾷ
900 1242 914 1256 ’
942 1229 969 1280 6
990 1226 1047 1281 δι
1073 1228 1336 1298 Ἰωάννης
1366 1232 1435 1283 τὰ
1459 1232 1585 1301 περὶ
1628 1230 1796 1283 αὐτοῦ
1844 1231 2079 1301 διαπρα-

487 1312 848 1379 γματεύεται.
885 1315 978 1368 Διδ
1030 1316 1129 1368 καὶ
1177 1317 1333 1385 φίλος
1366 1318 1534 1373 αὑτοῦ
1572 1320 1861 1388 κέκληται,
1886 1320 1963 1384 ὡς
1999 1321 2079 1392 τῷ

486 1404 650 1475 γάμῳ
681 1406 874 1477 παρὼν
904 1410 997 1463 καὶ
1022 1410 1203 1463 πάντα
1230 1410 1372 1482 ὑπὲρ
1401 1411 1496 1465 τοῦ
1514 1411 1751 1479 νυμφίου
1768 1412 2038 1466 διακονῶν
2059 1430 2073 1445 ο

485 1496 667 1551 λαϐὼν
691 1498 748 1553 δέ
780 1500 879 1571 την
906 1503 1319 1573 νυμφευθεῖσαν
1342 1504 1683 1575 Ἐκκλησίαν
1714 1507 1947 1568 ἐκεῖνος,
1981 1506 2076 1558 οὖν

482 1605 591 1652 τως
610 1590 781 1662 αὐτὴν
808 1592 1085 1665 διέθηκεν,
1105 1595 1183 1658 ὠς
1206 1595 1565 1651 ὲπιλαθέσθαι
1593 1599 1820 1651 πάντων
1844 1598 2071 1652 αὐτίκα.

555 1765 666 1817 Καὶ
694 1765 951 1837 καθάπερ
971 1769 1069 1821 ἐπὶ
1094 1769 1206 1823 τῶν
1241 1771 1458 1840 γάμων,
1518 1774 1618 1841 οὐχ
1646 1776 1679 1843 η
1715 1776 1903 1843 νύμφη
1936 1775 2073 1842 πρὸς

481 1853 574 1905 τὸν
603 1856 839 1924 νυμφίον
865 1858 1109 1925 ἄπεισιν,
1133 1861 1248 1914 ἀλλ’
1287 1857 1444 1925 οὗτος
1494 1864 1631 1931 πρὸς
1666 1841 1867 1933 αὐτὴν,
1891 1841 2006 1919 -κάν
2044 1869 2071 1917 ὀ
2108 1841 2148 1893 Β

485 1945 586 2012 μιν
619 1948 702 2018 ειη
747 1947 1016 2017 βασιλέως
1061 1952 1255 2022 υίὸς,ή
1301 1953 1357 2006 δὲ
1400 1954 1754 2008 παντάπασιν
1806 1956 2067 2022 εὐτελής·

481 2035 626 2088 οὕτω
660 2040 757 2091 καὶ
777 2038 1015 2093 ένταῦθα
1070 2041 1323 2110 γέγονεν.
1348 2044 1523 2107 Δῦτδς
1563 2046 1591 2097 6
1622 2044 1884 2106 τοσοῦτος
1935 2047 2074 2114 πρὸς

481 2130 581 2195 τὴν
606 2129 1089 2202 εὐκαταφρόνητον
1146 2137 1521 2205 παραγέγονε,
1554 2137 1651 2191 καὶ
1683 2137 2074 2207 ἁρμοσάμενος

476 2218 577 2271 οὐκ
600 2221 785 2274 είασεν
812 2224 985 2294 αὐτὴν
1009 2225 1245 2279 ἐνταῦθα
1279 2229 1463 2295 μένειν
1492 2229 1703 2293 λοιπὸν,
1726 2229 1863 2283 ἀλλὰ
1894 2248 2075 2299 παρα-

481 2311 662 2366 λαϐὼν
696 2316 777 2377 είς
799 2314 891 2367 τὸν
912 2317 1177 2388 πατρικὸν
1201 2319 1480 2388 ἀνήγαγεν
1506 2318 1680 2387 οἷκον,
1699 2323 1790 2377 τὸν
1809 2325 2066 2393 οὐρανόν.

551 2406 661 2461 Καὶ
687 2436 757 2448 —-
778 2408 1011 2474 Ἰησοῦ.
1064 2411 1285 2465 Πολλῶν
1318 2415 1778 2487 ἀκροασαμέιων,
1806 2412 1952 2472 οὗτοι
1986 2419 2079 2486 μό-

480 2515 561 2551 νοι
591 2501 854 2569 ἥκουσαν,
886 2507 1000 2566 τοῖς
1033 2504 1138 2559 ὠσὶ
1179 2506 1427 2576 δηλονότι
1476 2510 1573 2579 τῆς
1612 2510 1817 2579 ψυχῆς,
1841 2513 1949 2564 τῶν
1984 2514 2077 2565 ά).-

479 2589 588 2645 λων
614 2596 725 2656 τοῖς
754 2594 859 2649 ὠσὶ
890 2596 983 2649 τοῦ
1022 2596 1276 2667 σώματος
1304 2601 1685 2656 ἀκουσάντων.
1710 2604 1806 2657 Ἐκ
1839 2606 1939 2673 μὲν
1962 2607 2072 2677 γὰρ

479 2686 591 2738 τῶν
652 2688 921 2757 μαθητῶν
984 2690 1097 2759 (69.)
1173 2692 1424 2746 Ἰωάννου
1481 2694 1578 2747 δύο
1612 2696 1739 2749 τότε
1779 2700 2073 2768 ’παρῆσαν⁸

480 2782 631 2838 ἄλλοι
687 2784 744 2837 δὴ
777 2784 967 2840 πολλοὶ
1008 2789 1507 2857 παρειστήκεισαν.
1581 2792 1987 2865 Ἠκολούθησαν
2017 2796 2073 2849 δὲ

480 2874 650 2946 αὐτῷ,
669 2874 993 2946 βουλόμενοι
1022 2881 1223 2949 πεῖραν
1259 2880 1452 2935 λαϐεῖν
1480 2883 1671 2937 αὑτοῦ.

550 3054 845 3121 Στραφεξς
884 3083 956 3094 -
989 3052 1253 3121 (quin;
1310 3056 1423 3109 Οὐκ
1456 3058 1693 3126 ἀγνοῶν,
1740 3063 1767 3111 6
1788 3064 1898 3124 τοῖς
1928 3064 2076 3131 λογι-

2184 606 2382 646 eorum
2428 590 2644 646 iteratis
2694 589 2921 644 vocibus
2975 586 3399 658 expergefacere
3446 589 3601 657 quasi
3647 589 3776 645 dor-

2184 681 2472 735 mientem.

2257 772 2323 826 Et
2352 772 2818 841 quemadmodum
2852 786 3090 840 sponsus
3119 769 3254 823 nihil
3305 770 3528 823 interim
3558 782 3776 838 sponsa

2182 862 2446 932 loquitur,
2504 879 2609 921 nec
2640 879 2763 919 eam
2808 879 2906 933 per
2952 865 3197 933 seipsum
3246 862 3468 930 accipit.
3517 862 3614 915 sed
3664 860 3773 913 dux

2182 968 2400 1023 sponsa!
2429 956 2615 1009 omnia
2634 954 2881 1017 disserit,
2910 966 3143 1022 eamque
3169 952 3242 1004 illi
3273 950 3443 1004 tradit
3478 965 3493 1012 ;
3522 949 3612 1001 ubi
3640 961 3772 1000 vero

2182 1045 2325 1100 hanc
2358 1046 2477 1116 ipse
2506 1048 2807 1117 acceperit,
2849 1046 2923 1100 ita
2948 1060 3068 1100 cam
3093 1046 3373 1103 immutat.
3432 1052 3491 1095 ut
3516 1041 3603 1094 illa
3630 1037 3780 1107 prio-

2184 1151 2304 1190 rum
2335 1138 2584 1193 onmium
2614 1137 2977 1192 obliviscatur
3009 1153 3022 1190 :
3058 1136 3130 1190 ita
3191 1144 3247 1188 et
3314 1148 3461 1186 nunc
3517 1130 3775 1184 Christus

2180 1230 2362 1284 adhuc
2394 1238 2559 1289 tacet.
2586 1230 2828 1285 Joannes
2864 1243 2997 1282 vero
3055 1234 3251 1280 cuncta
3300 1234 3587 1292 operatur;
3652 1221 3776 1274 ideo

2179 1320 2344 1374 etiam
2363 1320 2575 1375 amicus
2596 1318 2797 1389 Sponsi
2818 1327 3042 1373 vocatus
3055 1326 3160 1382 est,
3182 1327 3438 1384 tanquam
3456 1311 3777 1382 quinuptiis

2182 1420 2397 1478 pra-est,
2460 1410 2758 1477 omniaque
2776 1410 3126 1465 administrat
3148 1424 3269 1478 qua:
3287 1408 3354 1461 ad
3387 1407 3564 1475 ipsum
3596 1404 3776 1472 Spon-

2179 1516 2301 1556 sum
2334 1503 2631 1571 pertinent.
2658 1501 2762 1557 Ubi
2792 1517 2922 1556 vero
2952 1502 3168 1571 accepit
3223 1501 3618 1567 desponsatam
3672 1495 3777 1548 sibi

2178 1590 2505 1655 Ecclesiam,
2561 1594 2633 1648 ita
2671 1610 2790 1647 eam
2827 1594 2929 1647 sibi
2965 1591 3266 1661 copulavit,
3307 1601 3364 1643 ut
3393 1590 3481 1643 illa
3512 1587 3777 1643 continuo

2180 1686 2428 1739 omnium
2457 1686 2904 1741 oblivisceretur.

2252 1775 2318 1830 Et
2348 1776 2492 1832 sicut
2527 1791 2730 1847 sponsa
2764 1790 3117 1845 nequaquam
3144 1774 3210 1827 ad
3245 1787 3510 1840 sponsum
3545 1768 3775 1826 accedit.

2177 1871 2273 1921 sed
2305 1868 2395 1921 hic
2447 1868 2513 1922 ad
2564 1868 2733 1933 illam,
2776 1867 2945 1921 etiam
2984 1868 3028 1919 si
3074 1865 3242 1919 fuerit
3269 1865 3387 1931 ipse
3435 1862 3579 1930 regis
3614 1860 3778 1915 filius.

2177 1960 2264 2013 illa
2294 1974 2425 2014 vero
2446 1961 2698 2014 omnium
2734 1959 3111 2028 abjectissima
3153 1973 3165 2008 :
3211 1958 3281 2009 ita
3313 1966 3366 2009 et
3408 1955 3495 2008 hic
3556 1951 3773 2006 accidit.

2178 2046 2290 2103 lste
2321 2065 2446 2103 cum
2481 2059 2667 2104 tantus
2689 2057 2861 2112 esset,
2916 2048 2984 2102 ad
3022 2063 3144 2102 eam
3194 2063 3317 2116 qua:
3364 2042 3783 2114 despectissima

2176 2148 2323 2203 erat,
2352 2140 2609 2202 accessit,
2650 2149 2705 2193 et
2731 2140 3070 2208 conjunctus
3096 2153 3206 2191 non
3255 2136 3504 2205 permisit
3566 2142 3625 2187 ut
3692 2133 3783 2185 hic

2174 2229 2436 2299 deinceps
2504 2239 2837 2295 remaneret,
2895 2232 2990 2285 sed
3020 2238 3333 2299 susceptam
3381 2228 3437 2281 in
3497 2237 3780 2299 paternam

2174 2320 2677 2384 deduxitdomum,
2712 2323 2819 2377 hoc
2837 2330 2941 2387 est,
2986 2324 3040 2375 in
3075 2322 3300 2375 malum.

2252 2413 2407 2470 Vers.
2432 2415 2523 2469 37.
2570 2414 2633 2469 Et
2664 2445 2736 2455 —
2764 2414 2971 2469 lerunt.
3008 2413 3155 2468 lnler
3184 2414 3387 2467 multos
3417 2412 3696 2466 auditores
3728 2410 3779 2463 hi

2178 2508 2277 2563 soli
2339 2508 2565 2564 audisse
2621 2508 2912 2572 dicuntur,
2977 2508 3209 2562 auribus
3277 2506 3781 2561 videlicetanima.

2178 2616 2305 2655 cum
2354 2600 2446 2654 alii
2504 2601 2694 2671 utique
2765 2601 3054 2655 audissent
3105 2600 3335 2653 auribus
3392 2601 3687 2668 corporis;
3719 2615 3784 2653 ex

2179 2692 2467 2761 discipulis
2530 2709 2769 2763 namque
2828 2693 3061 2747 Joannis
3122 2692 3223 2747 soli
3260 2691 3336 2760 (It)
3408 2692 3611 2745 biduo
3655 2689 3788 2745 tunc

2176 2785 2361 2837 animo
2389 2793 2689 2853 praesentes
2721 2793 2911 2844 erant.
2944 2792 3277 2838 cumtamen
3310 2782 3403 2835 alii
3454 2781 3612 2837 multi
3640 2792 3759 2835 asta

2177 2884 2319 2928 rent.
2340 2873 2525 2929 Secuti
2569 2885 2697 2931 sunt
2728 2884 2913 2930 autem
2936 2889 3086 2939 eum,
3119 2874 3410 2943 cupientes
3435 2874 3555 2943 ejus
3584 2873 3789 2928 habere

2182 2968 2458 3022 notitiam.

2252 3057 2409 3113 Vers.
2442 3059 2532 3113 38.
2571 3058 2873 3114 Conversus
2912 3088 2979 3099 -—
3011 3061 3255 3128 quaeritis
3289 3060 3313 3112 ?
3346 3060 3463 3111 Non
3522 3072 3785 3128 tanquam

481 3150 638 3217 σμοῖς
698 3148 807 3200 τῶν
842 3146 1150 3217 ἀνθρώπων
1186 3149 1531 3215 ἐμσατεύων,
1578 3151 1694 3203 ἀλλ’
1733 3152 1825 3205 ἶνα
1855 3155 1943 3207 διὰ
1974 3158 2070 3224 τῆς
2102 3192 2144 3249 C
2180 3156 2230 3222 ig

2037 3174 2070 3223 ,ς
2102 3192 2144 3249 C
2180 3156 2463 3222 ignorans,
2506 3154 2601 3224 qui
2653 3152 2940 3208 hominum
2974 3162 3226 3222 penetrat
3274 3152 3665 3223 cogitationes,
3690 3153 3786 3206 sed

478 3243 803 3310 ἐρωτήσεως
828 3240 1184 3309 οἰκειώσηται
1211 3241 1459 3305 τούτους,
1480 3238 1581 3295 διαὶ
1635 3246 1892 3317 παράσχῃ
1940 3247 2076 3320 0αρ-

482 3336 615 3403 ρεῖν.
649 3334 811 3397 Εἰκὸς
844 3333 956 3403 γὰρ
1018 3334 1219 3396 αὐτοὺς
1270 3333 1535 3405 ἐρυθριᾷ-ι
1579 3335 1681 3401 ἔτι,
1708 3339 1803 3391 καὶ
1832 3342 2077 3413 ἀγωνιᾷν

474 3429 549 3490 ὼς
574 3428 843 3495 ἀγνῶτας.

551 3518 617 3571 οι
645 3515 713 3569 δὲ
745 3548 812 3559 —
849 3519 1078 3589 μένεις
1132 3525 1316 3591 Μήπω
1358 3526 1531 3597 μηδὲν
1576 3526 1706 3599 παρ’
1751 3530 1919 3583 αὑτοῦ
1974 3549 2075 3599 μα-

479 3608 685 3675 (MV-rec,
722 3610 1041 3666 διδάσκαλον
1076 3615 1240 3669 αὑτὸν
1279 3616 1636 3687 ὀνομάζουσι,
1670 3620 1771 3689 τὴν
1801 3623 1987 3675 αἰτίαν
2015 3641 2074 3677 τε

475 3701 543 3753 δι’
576 3703 641 3772 ην
679 3698 1177 3775 ἦλθον,δηλοῦντες
1197 3709 1482 3773 ἐντεῦθεν,
1512 3712 1595 3765 ὅτι
1627 3713 1997 3784 ἀκουσόμενοί
2020 3734 2075 3770 τι

476 3794 585 3846 τῶν
607 3795 916 3865 χρησίμων,
936 3800 1028 3851 καὶ
1050 3800 1129 3864 είς
1164 3800 1417 3872 μαθητὰς
1437 3804 1795 3869 εἰσωθοῦντες
1823 3809 2073 3874 ἑαυτούς.

478 3889 711 3955 Λέγουσι
746 3890 822 3953 δὲ,
858 3892 983 3947 Ποῦ
1009 3893 1239 3964 μένεις
1261 3895 1581 3969 βουλόμενοι
1616 3902 1759 3957 κατά
1794 3903 1965 3974 μόνας
1990 3907 2077 3961 ἰν-

479 3985 666 4051 τυχεῖν
707 3982 859 4053 αὺτῷ
886 3987 982 4038 καὶ
1016 3987 1139 4057 μεθ’
1170 3989 1428 4060 ἡσυχίας.

548 4163 720 4235 Λέγει
748 4198 812 4209 -
846 4168 1027 4224 ldus.
1056 4170 1133 4224 Οὐ
1166 4170 1319 4241 λέγει
1347 4173 1415 4227 τά
1446 4174 1705 4248 σύσσημα
1743 4178 1843 4249 τῆς
1872 4180 2074 4247 οίκίας,

480 4260 651 4316 θέλων
668 4262 869 4326 αὐτοὺς
890 4263 1236 4331 ἀκολουθεῖν,
1265 4266 1353 4321 ἴνα
1376 4270 1472 4321 καὶ
1498 4269 1663 4324 πλέον
1694 4271 2074 4343 θαρρήσωσιν.

547 4436 872 4500 Ἦλθον-
918 4448 1163 4517 δεκάτη.
1234 4452 1691 4524 Ἐπισημαίνεται
1750 4457 1852 4528 τὴν
1906 4458 2073 4531 ὥραν.

2184 3255 2243 3300 ut
2274 3246 2667 3315 interrogando
2693 3245 2994 3299 familiares
3023 3245 3128 3298 sibi
3160 3245 3417 3299 redderet
3437 3261 3497 3298 ac
3532 3245 3786 3298 ﬁduciam

2180 3340 2356 3393 daret.
2424 3336 2730 3392 Verisimile
2787 3346 2873 3392 est
2925 3337 3097 3399 enim,
3153 3337 3302 3407 quod
3363 3336 3785 3398 erubescebant.

2181 3442 2237 3485 ct
2259 3432 2413 3500 quasi
2446 3430 2617 3500 ignoti
2650 3428 3047 3483 formidabant.

2255 3524 2409 3577 Vers.
2452 3522 2542 3576 59.
2578 3521 2645 3575 At
2685 3522 2768 3574 illi
2796 3550 2866 3560 —
2899 3520 3158 3575 habitas?
3188 3520 3325 3579 Cum
3354 3520 3598 3575 nondum
3622 3521 3690 3575 ab
3717 3537 3785 3575 eo

2180 3617 2481 3685 quidquam
2502 3613 2811 3678 audissent,
2858 3614 3182 3685 magistrum
3222 3614 3339 3668 sive
3394 3623 3783 3683 praeceptorem

2181 3722 2307 3760 eum
2346 3704 2629 3775 appellant
2660 3721 2675 3758 :
2708 3713 2875 3774 atque
2907 3703 3039 3758 hinc
3079 3719 3307 3759 causam
3350 3720 3449 3758 cur
3485 3720 3784 3773 sequeren-

2183 3809 2273 3855 tur
2313 3798 2692 3864 manifestant,
2725 3797 2985 3853 videlicet
3013 3807 3073 3851 ut
3100 3813 3221 3866 quae
3283 3796 3464 3852 forent
3510 3797 3659 3851 utilia
3691 3815 3788 3852 au-

2180 3894 2387 3960 dirent,
2422 3902 2593 3962 utque
2617 3906 2741 3947 sese
2772 3893 2827 3945 in
2857 3889 3167 3959 discipulos
3203 3889 3552 3959 ingererent.
3586 3889 3789 3945 Dicunt

2181 3997 2365 4043 autem
2399 4002 2413 4039 :
2439 3986 2535 4042 Ubi
2565 3985 2775 4039 habitas
2806 3983 2833 4038 2
2874 3981 3123 4038 volentes
3145 3981 3358 4037 diutius
3403 3992 3458 4037 et
3490 3981 3545 4037 in
3600 3984 3790 4053 quiete

2182 4096 2307 4136 cum
2337 4094 2406 4135 eo
2433 4077 2779 4135 conversari.
3316 4085 3320 4092 '

2257 4173 2417 4229 Vers.
2456 4174 2547 4229 40.
2598 4170 2741 4227 Dicit
2775 4200 2843 4213 —-
2874 4172 3065 4226 videte.
3126 4169 3245 4227 Non
3277 4170 3372 4227 dat
3431 4169 3795 4225 habitationis

2182 4268 2360 4339 signa,
2412 4266 2605 4321 volens
2658 4274 2717 4319 ut
2750 4264 2826 4319 illi
2883 4273 3274 4334 sequerentur,
3339 4278 3453 4333 quo
3514 4263 3783 4331 majorem

2184 4360 2453 4417 baberent
2486 4357 2767 4414 fiduciam.

2258 4454 2415 4508 Vers.
2446 4451 2539 4508 60.
2576 4451 2838 4506 Venerunt
2862 4481 2931 4492 —
2961 4452 3192 4505 decima.
3251 4446 3454 4503 Horam
3495 4450 3791 4521 signiﬁcat,

476 4537 846 4606 ςίνιττόμενος
884 4541 1093 4595 τούτων
1142 4558 1203 4595 τε
1242 4545 1304 4597 τὸ
1336 4545 1659 4615 φιλομαθές,
1700 4550 1959 4604 κάκείνου
2015 4554 2073 4605 τὸ
2111 4563 2151 4617 ο
2182 4560 2225 4605 el

2041 4554 2073 4605 ’ὸ
2111 4563 2151 4617 ο
2182 4559 2239 4605 et
2273 4549 2326 4603 in
2363 4548 2455 4604 bis
2496 4548 2741 4602 innuens
2800 4545 3160 4617 discipulatus
3222 4544 3589 4610 desiderium,
3640 4552 3696 4599 et
3737 4544 3790 4599 in

476 4626 882 4696 φιλάνθρωπον,
904 4633 988 4685 ὅτι
1018 4634 1131 4687 οὐδ⁹
1160 4635 1270 4689 ὑπὸ
1314 4641 1416 4709 τῆς
1446 4639 1602 4711 ῶρας
1640 4644 2069 4715 ἀπετράπησαν,

475 4719 575 4789 ἠδη
608 4721 745 4791 πρὸς
786 4722 1001 4793 δυσμάς
1053 4728 1207 4792 ὄντος
1256 4730 1353 4785 τοῦ
1422 4730 1596 4804 ἡλίου,
1624 4735 1735 4789 οὐδ’
1778 4738 2075 4809 inposui-

477 4826 648 4865 σαντο
676 4812 787 4884 (65)
822 4816 913 4869 τὸν
941 4821 1157 4890 καιρὸν,
1179 4824 1288 4877 είτε
1320 4842 1371 4877 τι
1404 4824 1614 4899 ἓτερον.
1882 4878 1889 4882 .

550 4902 610 4955 ει
638 4904 696 4958 δὲ
731 4906 971 4978 ἀλλαχοῦ
996 4909 1172 4981 λέγει,
1222 4916 1298 4986 μὴ
1325 4916 1495 4988 ἔχειν.
1528 4918 1636 4973 ποῦ
1687 4921 1788 4992 τὴν
1824 4922 1994 4991 κεφα)
2009 4923 2075 4995 ὴν

478 4997 653 5071 κλίνῃ.
674 5000 736 5052 οὐ
774 5004 902 5072 περὶ
931 5004 1109 5070 οίκίας
1139 5007 1329 5075 ἀτελῶς
1361 5008 1520 5066 τοῦτό
1566 5030 1757 5087 φησιν,
1782 5016 1919 5070 ἀλλὰ
1945 5020 2077 5091 περὶ

732 5093 891 5149 Ίδίαν
970 5099 1083 5171 γάρ
1174 5103 1275 5157 οὐκ
1344 5100 1517 5179 εἶχεν,
1569 5110 1686 5164 ἀλλ’
1760 5113 2077 5185 ἀλλοτρίαις
2186 5118 2280 5173 sed
2320 5119 2387 5173 de
2411 5134 2481 5188 pr

2037 5133 2077 5180 ις
2186 5118 2280 5173 sed
2320 5119 2387 5173 de
2411 5116 2633 5188 propria
2668 5114 2831 5169 domo
2864 5129 2879 5166 :
2915 5127 3095 5179 neque
3134 5114 3283 5168 enim
3350 5109 3634 5180 propriam
3684 5106 3786 5159 lia-

478 5092 633 5155 ξδίας.

476 5186 760 5257 ικέχρητο.

546 5276 669 5332 Ὀτι
715 5283 814 5351 μὲν
874 5284 968 5339 οὖν
1030 5289 1161 5360 παρ’
1213 5293 1363 5364 αὑτῷ
1416 5295 1643 5368 έμειναν
1704 5300 1803 5373 τὴν
1859 5302 2079 5373 ἡμέραν

582 5468 624 5497 ’⁸
659 5466 846 5524 Slatth.
874 5488 991 5539 vnt,
1021 5476 1112 5531 ΞΟ.

2174 4645 2267 4700 illo
2298 4643 2725 4707 humanitatem,
2756 4640 2901 4713 quod
2920 4656 3099 4710 neque
3123 4648 3348 4711 propter
3377 4647 3596 4707 tempus
3615 4653 3791 4692 avers-

2174 4745 2327 4803 sunt,
2361 4752 2490 4791 cum
2520 4736 2633 4807 jam
2665 4735 2747 4791 sol
2798 4735 2869 4791 ad
2908 4749 3170 4791 occasum
3226 4732 3532 4787 declinaret
3561 4750 3574 4788 :
3611 4748 3791 4803 nequi-

2176 4842 2418 4903 tempus,
2447 4840 2542 4886 aut
2569 4830 2715 4885 aliud
2738 4830 3019 4901 quippiam
3043 4826 3255 4884 causati
3275 4836 3425 4882 sunt.

2250 4928 2407 4995 Quod
2445 4927 2489 4981 si
2521 4926 2652 4983 alibi
2680 4926 2813 4982 dicit
2836 4942 2896 4981 se
2931 4941 3043 4980 non
3078 4924 3282 4980 habere
3310 4922 3402 4976 ubi
3438 4932 3609 4992 caput
3632 4936 3793 4974 suum

2183 5021 2475 5077 reclinaret
2520 5020 2588 5086 ",
2654 5035 2761 5074 non
2806 5020 2909 5073 hoc
2942 5015 3271 5087 simpliciter
3324 5016 3391 5069 de
3426 5014 3592 5071 domo
3636 5011 3791 5073 dicit.

2186 5206 2373 5272 bebat,
2398 5206 2494 5261 sed
2528 5204 2723 5259 alienis
2752 5202 3033 5257 utebatur.

2265 5299 2405 5355 Dicit
2464 5302 2649 5371 itaque
2709 5295 3044 5368 evangelista
3102 5295 3375 5350 mansisse
3432 5294 3585 5364 ipsos
3647 5291 3793 5361 apud

1692 5552 1889 5616 Vat-ite
1935 5555 2243 5618 lectiones
2276 5564 2336 5617 et
2369 5562 2563 5619 notm.

547 5706 659 5778 (ϐξ)
710 5709 818 5764 Τοῦ
851 5710 1004 5767 addit
1035 5715 1098 5768 Α.

546 5871 623 5945 (In)
660 5869 795 5927 Soli.
839 5871 1117 5945 lnlcrprcs
1150 5875 1367 5933 videtur
1440 5879 1744 5949 invenisse,
1807 5881 1900 5935 δύο
1956 5884 2075 5936 τότε

2275 5725 2386 5791 (65)
2430 5726 2568 5778 056i:
2602 5725 3050 5797 προφασίσαντος
3085 5724 3151 5782 Δ.

2134 5884 2313 5954 μόνοι,
2359 5886 2505 5956 quod
2536 5902 2635 5941 nec
2664 5848 2796 5941 milii
2832 5886 3107 5958 displicet.
