4430 6460
754 423 895 483 1147

758 537 811 587 in
875 545 1075 586 terram
1131 540 1333 587 bonam
1400 532 1751 590 semiuasset.
1818 527 2097 597 reliquit:

755 628 931 680 otium
962 625 1311 696 postmodum
1346 634 1693 679 nasceretur.

1109 733 1263 787 CAP.
1303 734 1342 787 1.
1376 734 1452 787 De
1487 736 1679 803 nuptiis
1721 736 1776 786 in
1808 732 1985 786 Cana.

823 826 955 891 Cap.
991 824 1056 877 ll.
1085 826 1239 880 Vers.
1271 826 1315 879 l.
1348 826 1415 879 Et
1441 825 1696 880 Galilam.
1732 823 1919 878 Tertio
1938 835 2062 895 post
2084 825 2288 879 Christi
2316 841 2344 878 a

753 915 973 968 deserto
1000 916 1352 969 descensum.

829 1006 982 1059 Vers.
1013 1007 1063 1058 Ι.
1098 1006 1165 1059 Et
1203 1037 1270 1045 —
1300 1006 1409 1061 ibi.
1432 1009 1633 1061 Vocata
1669 1018 1928 1079 tanquam
1965 1009 2250 1063 familiaris
2280 1008 2346 1060 ab

757 1098 843 1149 bis
874 1098 965 1165 qui
1000 1099 1221 1163 nuptias
1246 1099 1625 1154 celebrabant.

822 1186 979 1241 Vers.
1010 1189 1063 1239 2.
1113 1187 1338 1241 Vocatus
1384 1194 1713 1258 —nuptiat.
1757 1191 1819 1243 Et
1858 1192 1961 1261 ipsi
2002 1192 2155 1260 quasi
2185 1190 2347 1245 fami-

753 1278 936 1331 liares.
972 1280 1220 1334 Accessit
1246 1292 1427 1335 autem
1458 1282 1708 1337 Salvator
1733 1300 1841 1336 non
1879 1286 2065 1337 habito
2093 1294 2348 1352 respectu

752 1372 821 1425 ad
869 1387 1025 1424 suam
1074 1373 1415 1442 dignitatem,
1469 1375 1561 1427 sed
1604 1375 1669 1428 ad
1708 1376 1993 1428 hominum
2032 1376 2345 1431 utilitatem.

753 1464 1041 1532 Siquidem
1076 1466 1168 1533 qui
1219 1468 1443 1534 nuptias
1479 1468 1829 1530 condiderat,
1866 1470 2017 1521 venit
2046 1480 2101 1521 ut
2130 1485 2223 1523 eas
2251 1470 2347 1523 ho-

749 1564 991 1617 noraret,
1050 1572 1257 1625 suaque
1304 1558 1593 1626 prasentia
1648 1560 2068 1621 sanctificaret;
2120 1570 2175 1614 et
2222 1577 2347 1615 cum

749 1647 893 1699 servi
920 1646 1152 1700 formam
1191 1649 1599 1716 assumpsisset,
1638 1665 1747 1702 non
1784 1651 2112 1720 dedignatur
2154 1653 2348 1705 serv‘o-

749 1753 870 1790 rum
923 1738 1195 1793 interesse
1248 1742 1480 1807 nuptiis,
1515 1741 1648 1795 licet
1682 1744 1775 1809 qui
1831 1758 1957 1795 eum
1998 1753 2344 1807 vocaverant,

746 1843 856 1885 non
893 1831 1160 1899 haberent
1196 1842 1591 1901 congruentem
1623 1833 1691 1887 de
1725 1850 1791 1886 eo
1824 1836 2167 1903 opinionem.
2196 1835 2343 1890 Sim-

744 1923 963 1991 pliciter
985 1922 1131 1974 enim
1166 1933 1423 1991 tanquam
1460 1934 1673 1989 notum,
1706 1941 1988 1994 unumque
2020 1944 2049 1981 e
2095 1929 2344 1996 pluribus

747 2012 898 2063 illum
940 2020 1293 2063 vocaverant.

815 2101 973 2155 Vers.
1009 2102 1061 2154 ὅ.
1096 2101 1163 2154 Et
1220 2131 1287 2141 —
1320 2104 1533 2159 habent.
1571 2104 1707 2158 Cum
1737 2116 1992 2159 carerent
2034 2109 2183 2164 vino.
2240 2109 2345 2161 hoc

743 2204 849 2255 est,
884 2210 1008 2247 cum
1048 2208 1186 2261 opus
1217 2203 1363 2247 esset
1394 2195 1544 2256 vino,
1574 2196 1690 2250 sive
1726 2213 1848 2249 cum
1877 2200 1987 2266 jam
2033 2200 2220 2252 vinum
2250 2203 2344 2253 de-

745 2286 985 2341 fecisset.
1021 2284 1176 2353 (t‘iam
1238 2286 1402 2340 habet
1448 2287 1637 2342 (ἐι-πω
1695 2290 1877 2343 littera
1936 2292 2345 2361 ὑστερήσαντος

743 2378 939 2443 οἴνου.)
990 2377 1181 2445 Neque
1234 2378 1379 2432 enim
1424 2379 1491 2433 ad
1545 2380 1598 2433 id
1648 2396 1822 2449 usque
1874 2384 2137 2451 temporis
2174 2383 2342 2436 ullum

745 2470 947 2523 iecerat
998 2470 1354 2525 miraculum.
1387 2470 1529 2525 Cum
1585 2488 1717 2543 ergo
1765 2478 2117 2543 cognovisset
2173 2486 2346 2529 mater

745 2580 865 2635 qua
898 2566 1040 2618 circa
1087 2566 1265 2633 ipsum
1301 2578 1482 2629 erant,
1540 2567 1797 2635 quodque
1834 2567 2073 2621 Joannes
2124 2580 2347 2637 propter

746 2672 872 2708 eum
916 2668 1163 2723 venerat,
1220 2673 1281 2711 ac
1327 2659 1397 2711 de
1451 2660 1596 2712 illius
1627 2660 1915 2711 divinitate
1967 2660 2347 2713 testimonium

747 2752 969 2813 tulerat,
1000 2760 1055 2803 et
1089 2751 1233 2819 quod
1282 2752 1499 2805 caelitus
1545 2752 1611 2805 de
1651 2767 1717 2805 eo
1766 2754 2141 2806 testimonium
2185 2769 2343 2807 acce-

743 2854 919 2910 perat,
973 2844 1133 2897 simul
1168 2847 1331 2897 etiam
1385 2846 1601 2907 videns,
1646 2846 1791 2914 quod
1844 2846 2142 2913 discipulos
2187 2862 2346 2899 acce—

743 2944 921 3001 perx,
984 2935 1255 2987 intellexit
1297 2937 1440 3003 quod
1492 2936 1724 2989 revelari
1770 2952 1837 2988 ex
1878 2951 1942 2988 eo
1972 2946 2219 3004 tempore
2260 2937 2346 2989 in-

740 3024 975 3092 ciperet.
1032 3026 1260 3094 Sumpta
1296 3009 1461 3095 igitur
1495 3026 1695 3079 ﬁducia
1744 3027 2038 3095 deprecata
2080 3037 2163 3080 est
2220 3042 2345 3081 eum

742 3130 840 3183 pro
876 3115 1185 3169 deﬁcientis
1206 3116 1314 3169 vini
1343 3116 1608 3169 miraculo
1641 3134 1652 3168 :
1692 3125 1747 3169 et
1780 3116 1864 3169 his
1889 3119 1980 3185 qui
2014 3128 2348 3171 vocaverant

2005 418 2393 477 EUTHYMH
2439 413 2805 473 ZlGABE-Nl

2142 538 2198 579 ut
2253 543 2347 594 per
2381 532 2421 583 Α
2451 526 2521 577 τά
2578 525 2865 592 λεχθέντα.
2904 522 3245 577 Καταϐαλὼν
3300 524 3409 594 γὰρ
3460 524 3541 585 εις
3575 524 3681 591 γῆν
3736 521 3903 591 καλὴν
3944 525 4038 576 τὸν

3898 408 4036 472 ιιιε

2451 616 2676 684 σπόρον,
2726 616 3024 667 κατέλιπεν
3072 617 3164 667 ἐπὶ
3212 617 3413 684 σχολῆς
3466 615 3771 683 βλαστῆσαι
3826 614 4036 667 λοιπόν.

2686 732 2845 785 ΚΕΦ.
2872 732 2953 785 Α’.
2986 732 3121 797 Περὶ
3149 730 3255 783 τοῦ
3287 732 3358 783 ἐν
3376 728 3543 791 Κανᾶ
3562 730 3775 798 γόμου.

2520 823 2628 875 Kal
2654 852 2724 862 —
2765 822 3118 885 Γαλιλαίας.
3149 823 3227 891 Τῇ
3258 822 3419 892 τρίτῃ
3494 824 3633 891 μιτά
3665 823 3764 891 τὴν
3800 822 3909 875 ἀπὸ
3941 822 4039 889 τῆς

2449 913 2662 981 ἐρήμου
2701 912 2930 965 κάθοδον
2964 912 3057 964 τοῦ
3093 912 3359 981 Χριστοῦ.

2521 1006 2628 1059 Καὶ
2657 1035 2728 1043 —
2758 1005 2899 1058 ἐκεῖ.
2945 1005 3225 1074 Κληθεῖσα
3278 1005 3431 1074 παρά
3462 1006 3570 1056 τῶν
3619 1004 3924 1057 τελούντων
3954 1003 4044 1056 τὶν

2447 1098 2625 1163 γάμον
2665 1098 2741 1157 ὡς
2772 1096 3069 1166 γνώριμος.

2520 1187 2786 1252 Ἐκλήθη
2811 1219 2879 1227 -
2911 1188 3119 1256 τόμον.
3171 1188 3279 1241 Καὶ
3322 1188 3476 1240 αὐτοὶ
3516 1189 3591 1250 ὼς
3624 1190 3914 1257 γνώριμοι.
3938 1190 4048 1241 Καὶ

2451 1278 2696 1345 ἀπῆλθεν
2726 1282 2753 1331 6
2780 1280 3073 1345 Σωτὴρ,οὐ
3104 1279 3241 1352 πρὸς
3268 1278 3365 1347 τὴν
3390 1280 3589 1331 ἑαυτοῦ
3626 1279 3841 1346 βλέπων
3868 1279 4044 1341 ἀξίαν,

2449 1372 2585 1424 ἀλλὰ
2620 1372 2756 1439 πρὸς
2792 1373 2891 1440 τὴν
2924 1370 3034 1423 τῶν
3074 1361 3382 1438 ἀνθρώπων
3432 1371 3727 1435 ὠφέλειαν.
3757 1374 3866 1425 Καὶ
3898 1373 3927 1423 6
3957 1366 4049 1424 τὸν

2449 1464 2629 1531 γάμον
2679 1462 3056 1533 νομοθετήσας
3122 1458 3253 1532 ἦλθε
3304 1464 3555 1530 τιμήσων
3608 1461 3697 1513 τὸν
3738 1464 3935 1530 γάμον,
3955 1463 4052 1513 κα)⁸

2450 1556 2699 1621 ἀγιάσων
2750 1555 2914 1606 αὑτὸν
2947 1557 3011 1623 τῇ
3050 1554 3364 1625 παρουσίᾳ·
3401 1555 3495 1606 καὶ
3527 1558 3553 1605 6
3588 1556 3805 1623 μορφὴν
3860 1553 4049 1605 δούλου

2442 1647 2629 1698 ιλαόὼν
2681 1648 2783 1699 οὐκ
2816 1646 3132 1715 ἀπηξίωσεν
3168 1652 3247 1707 εἰς
3280 1647 3462 1715 γάμον
3489 1648 3601 1714 (79)
3628 1647 3741 1698 δού)
3756 1664 3832 1698 ων
3864 1662 4049 1708 παρα-

2449 1737 2730 1805 γενέσθαι,
2763 1740 2811 1789 εἰ
2848 1737 2943 1789 καὶ
2975 1738 3076 1807 τὴν
3114 1740 3506 1806 προσήκουσαν
3529 1737 3661 1803 περὶ
3694 1734 3862 1811 αὑτοῦ
3892 1734 4052 1798 δέξαν

2448 1830 2547 1880 οὐκ
2574 1825 2721 1897 εἶχον
2745 1829 2795 1879 οἱ
2832 1829 3185 1889 καλέσαντες.
3220 1828 3308 1889 Ὠς
3359 1829 3469 1894 γὰρ
3512 1827 3703 1888 ἀπλῶς
3743 1826 4049 1897 γνώριμον,

2456 1922 2550 1972 καὶ
2578 1920 2687 1971 τῶν
2720 1921 2935 1971 πολλῶν
2970 1921 3090 1982 ἕνα,
3118 1919 3312 1972 τοῦτον
3349 1920 3640 1973 ἐκάλεσαν.

2528 2105 2636 2157 Καὶ
2675 2133 2734 2141 -
2770 2104 3047 2171 ἔχουσιν.
3096 2104 3554 2172 ’Υστερήσαντος,
3598 2105 3715 2171 ἦτοι
3770 2103 4058 2170 ἐνδεήσαν-

2454 2213 2565 2257 τος,
2600 2194 2972 2262 ἐλλείψαντος.
3006 2194 3175 2247 Οὔπω
3235 2195 3335 2261 μὲν
3384 2196 3479 2253 οὑν
3539 2194 3645 2255 ἕως
3690 2195 3813 2245 τότε
3868 2190 4058 2259 θαῦμα

2456 2286 2783 2353 πεποίηκεν.
2835 2286 2987 2337 Ἐπεὶ
3008 2284 3064 2337 δὲ
3096 2286 3422 2353 μεμάθηκεν
3451 2286 3701 2352 ηΜήτηρ
3730 2284 3797 2335 τά
3825 2286 3943 2334 κατ’
3969 2282 4059 2333 αὑ·

2455 2380 2565 2445 τὸν,
2587 2380 2743 2431 ὃτιτε
2768 2380 2833 2431 δι’
2864 2380 3025 2431 αὐτὸν
3057 2374 3223 2447 ἦλθεν
3254 2381 3280 2429 6
3317 2378 3573 2447 Ἰωάννης
3606 2378 3699 2427 καὶ
3729 2378 3811 2429 ὅτι
3845 2391 4058 2443 μεμαρ-

2456 2475 2665 2544 τύρηκε
2700 2479 2824 2542 περὶ
2860 2475 2957 2541 τῆς
3000 2475 3255 2543 θεότητος
3283 2472 3450 2525 αὑτοῦ
3476 2474 3571 2523 καὶ
3610 2473 3691 2523 ὃτι
3748 2471 3840 2521 καὶ
3888 2469 4057 2536 ούρα-

2458 2571 2610 2623 νὸθεν
2670 2571 3057 2640 ἐμαρτυρήθη,
3092 2571 3208 2636 ἃμα
3271 2569 3326 2619 δὲ
3363 2570 3458 2619 καὶ
3504 2564 3640 2619 εἶδεν
3672 2567 3754 2618 ὅτι
3808 2565 4059 2633 μαθητὰς

2458 2662 2851 2730 προσελάϐετο,
2888 2664 3118 2729 συνῆκεν
3145 2662 3227 2711 ὅτι
3270 2661 3471 2729 ἦρξατο
3530 2658 3720 2709 λοιπὸν
3775 2656 4060 2708 ἀποκαλύ-

2458 2754 2715 2806 πτεσθαι.
2746 2756 2839 2806 Διὸ
2872 2754 2987 2815 καὶ,
3010 2754 3364 2824 θαρῤήσασα,
3385 2754 3764 2821 παρεκάλεσεν
3796 2750 3958 2801 αὐτον
3979 2751 4057 2808 εἰς

2460 2846 2915 2913 θαυματουργίαν
2976 2848 3124 2896 οἴνου
3182 2845 3558 2905 ἐλλείποντος,
3619 2843 3921 2910 βουὶομένη
3966 2844 4062 2893 καὶ

2457 2940 2566 2997 τοῖς,
2596 2938 2855 2987 καλέσασι
2892 2934 3208 2986 καταθεῖναι
3242 2938 3425 3003 χάριν,
3448 2938 3541 2986 καὶ
3586 2937 3786 3001 ἑαυτὴν
3820 2933 4063 3000 λαμπροσ

2458 3031 2623 3099 τέραν
2657 3030 2940 3097 ἀποφῆναι
2988 3029 3075 3081 διὰ
3098 3030 3197 3094 τῆς
3228 3029 3322 3080 τοῦ
3355 3029 3491 3080 Υἱοῦ
3522 3029 3825 3095 δυνάμεως.
3853 3027 3941 3077 Διὸ
3972 3026 4063 3078 καὶ

2459 3125 2688 3192 ἐπιτιμᾷ
2728 3124 2863 3191 αὐτῇ
2905 3123 3003 3174 οὐκ
3036 3122 3343 3190 ἀτιμάζων,
3374 3121 3513 3175 ἀλλά
3552 3120 3935 3189 διορθούμενος
3986 3120 4060 3180 ὡς

740 3196 969 3276 gratiam
1016 3206 1210 3259 volens
1255 3207 1581 3275 rependere,
1624 3215 1679 3260 et
1708 3222 1861 3259 suam
1897 3207 2123 3273 gloriam
2160 3208 2348 3261 volens
2378 3228 2421 3284 ε
2456 3219 2489 3269 ἀ

2311 3224 2348 3261 IS
2378 3228 2421 3284 (ζ
2456 3217 2705 3285 ἀκαίρως
2758 3214 3246 3283 παρακαλέσασαν.
3283 3217 3406 3267 Ὀτι
3446 3216 3557 3283 γὰρ
3603 3215 3808 3283 σφόδρα
3852 3212 4060 3282 ταύτην

740 3313 840 3366 per
863 3298 982 3351 Filii
1023 3298 1327 3367 potentiam
1365 3299 1767 3353 demonstrare.
1808 3298 2051 3367 Ideoque
2076 3315 2195 3352 eam
2227 3316 2352 3354 cor-

740 3389 893 3459 ripit,
928 3406 1036 3444 non
1065 3392 1221 3459 quasi
1254 3392 1624 3459 vilipendens.
1646 3394 1739 3445 sed
1771 3394 2054 3463 corrigens
2089 3402 2349 3462 tanquam

739 3484 1126 3553 intempestive
1160 3494 1498 3555 precantem.
1549 3487 1681 3539 Nam
1714 3489 1858 3555 quod
1899 3504 2017 3541 eam
2050 3490 2348 3557 plurimum

740 3579 1063 3641 honoraret,
1104 3590 1159 3632 et
1192 3596 1257 3633 ex
1310 3581 1432 3633 aliis
1458 3580 1647 3633 multis
1674 3581 2029 3637 manifestum
2059 3592 2161 3647 est,
2195 3595 2249 3637 et
2281 3600 2349 3637 ex

738 3686 805 3723 eo
836 3673 982 3741 quod
1031 3672 1207 3741 ipsius
1235 3673 1533 3740 complevit
1558 3674 2026 3729 exhortationem.
2069 3676 2351 3745 Corripuit

2458 3312 2647 3379 ἐτίμα,
2682 3309 2842 3378 δῆλον
2866 3310 2975 3362 ἀπό
3000 3326 3057 3361 τε
3088 3309 3304 3361 πολλῶν
3338 3310 3515 3361 ἄλλων
3549 3310 3644 3360 καὶ
3669 3310 3777 3359 ἀπὸ
3802 3308 3896 3359 τοῦ
3924 3306 4063 3374 πλη-

2458 3405 2637 3474 ρῶσαι
2674 3404 2772 3471 τὴν
2813 3402 3075 3471 τοιαύτην
3106 3404 3275 3469 αὐτῆς
3319 3404 3694 3473 παράκλησιν·
3758 3401 4063 3469 ἐπετίμησε

2459 3497 2559 3563 μὲν
2617 3494 2727 3565 γὰρ
2785 3496 2947 3563 αὐτῇ,
2996 3495 3267 3547 παιδεύων
3324 3497 3521 3565 μηκέτι
3574 3494 3802 3547 τοιαῦτα
3852 3495 4059 3562 ζητεῖν,

2454 3588 2572 3642 ἀλλ’
2595 3592 2690 3658 ὲᾷν
2720 3591 2785 3641 τὰ
2818 3589 3081 3658 θαύματα
3115 3592 3255 3642 κατὰ
3292 3591 3449 3657 λόγον
3476 3589 3754 3656 γίνεσθαι’
3784 3590 4061 3657 ἐπήκουσε

2454 3682 2511 3733 δὲ
2539 3684 2732 3752 αὐτῆς,
2769 3686 2945 3752 τιμῶν
2970 3686 3045 3745 ὡς
3081 3686 3315 3755 μητέρα.

739 3768 926 3837 itaque
977 3783 1095 3821 eam
1122 3769 1349 3828 docens.
1380 3772 1626 3824 nondum
1679 3772 1803 3824 talia
1862 3788 1983 3826 esse
2037 3776 2352 3843 quaerenda,
2399 3793 2711 3848 quanquam
2753 3781 3012 3834 miracula
3085 3780 3256 3833 verbo
3323 3792 3508 3849 posset
3540 3778 4058 3850 operari.0bcdivit

737 3876 945 3927 autem,
980 3879 1101 3917 eam
1138 3874 1395 3933 tanquam
1432 3878 1661 3920 matrem
1687 3868 1987 3923 honorans.

808 3961 966 4016 Vers.
1004 3962 1057 4014 4.
1092 3962 1231 4015 Dicit
1273 3994 1343 4003 —
1382 3964 1783 4030 mulieeruid
1816 3966 1881 4021 ad
1918 3983 2020 4021 nos
2052 3968 2250 4023 attinet
2291 3970 2343 4024 id

736 4072 837 4125 pro
876 4072 985 4123 quo
1032 4054 1403 4123 deprecaris?
1446 4057 1575 4127 quid
1629 4059 1701 4112 ita
1761 4074 1861 4113 nos
1900 4060 2098 4130 urget?
2155 4060 2346 4115 Potest

736 4158 1003 4217 pra‘terea
1042 4157 1095 4201 et
1128 4148 1234 4202 alio
1286 4150 1451 4203 modo
1506 4150 1757 4222 intelligi.
1810 4151 1953 4217 Quid
1988 4154 2122 4206 mihi
2162 4164 2343 4209 tecum

737 4256 1032 4294 commune
1067 4249 1149 4294 est
1176 4243 1198 4293 ?
1224 4256 1324 4311 ego
1360 4241 1631 4310 siquidem
1667 4254 1856 4312 utpote
1887 4246 2029 4299 Deus
2059 4247 2187 4300 novi
2221 4263 2344 4316 qua

737 4344 983 4403 tempora
1020 4335 1255 4387 edendis
1300 4336 1584 4389 miraculis
1617 4337 1729 4390 sint
1757 4351 2010 4407 congrua
2060 4357 2072 4393 :
2124 4348 2178 4392 tu
2212 4356 2345 4395 vero

734 4427 821 4481 illa
863 4428 1083 4495 ignoras
1136 4428 1288 4497 quasi
1326 4430 1510 4481 homo.
1552 4428 1675 4483 Non
1712 4430 1850 4483 dixit
1892 4440 2109 4495 autem,
2144 4431 2339 4501 Mater,

730 4520 846 4583 sed,
881 4520 1093 4584 Mulier,
1132 4530 1392 4590 tanquam
1432 4522 1597 4575 Deus.

805 4609 962 4665 Vers.
992 4612 1046 4664 4.
1093 4612 1344 4665 Nondum
1376 4645 1447 4653 -—-
1472 4632 1608 4668 mea.
1638 4613 1891 4671 Nondum
1929 4618 2087 4673 adest
2118 4628 2337 4689 tempus

730 4719 912 4757 meum
952 4705 1017 4758 ad
1065 4706 1342 4760 edendqu
1377 4708 1521 4774 quod
1548 4709 1753 4776 quxris
1795 4710 2121 4764 miraculum
2156 4728 2170 4765 :
2204 4722 2339 4768 tunc

732 4808 915 4855 autem
970 4800 1171 4863 aderit,
1221 4815 1346 4855 cum
1385 4800 1437 4853 hi
1474 4802 1674 4870 quibus
1725 4820 1865 4873 opus
1910 4813 1994 4858 est
2043 4807 2333 4868 miraculo,

728 4894 1094 4964 c0gnoverint
1129 4894 1274 4961 quod
1322 4896 1449 4949 talia
1487 4896 1691 4965 possim
1727 4898 1967 4965 operari,
2007 4908 2058 4952 et
2103 4898 2208 4968 ipsi
2248 4915 2337 4954 me

726 4989 938 5044 fuerint
990 4988 1294 5057 deprecati.
1352 4988 1510 5042 Nunc
1551 4999 1735 5043 autem
1774 5000 1949 5046 matre
2004 4994 2080 5060 (ρ)
2126 4993 2335 5047 adhor—

725 5092 875 5135 tante
904 5097 1013 5134 non
1050 5080 1225 5134 solum
1248 5081 1695 5151 intempestivum
1729 5094 1913 5149 esset,
1943 5101 2135 5139 verum
2167 5088 2335 5140 etiam

723 5185 1071 5243 suspectum,
1126 5185 1182 5230 et
1218 5176 1647 5244 querulosorum
1685 5178 1956 5241 facillimo
1994 5188 2207 5249 pateret
2237 5195 2334 5235 ca-

726 5267 969 5323 luminae.

2521 3970 2694 4039 Λέγει
2732 3999 2799 4009 -—
2852 3969 3067 4037 γύναι;
3122 3969 3187 4020 Τί
3246 3972 3378 4036 ἡμῖν
3432 3970 3756 4034 αναγκαῖον,
3817 3974 3943 4038 περὶ
3997 3965 4057 4023 οὗ

2447 4064 2787 4130 παρακαλεῖς
2814 4080 2826 4125 ;
2862 4062 2913 4112 τί
2944 4063 3002 4111 τὸ
3037 4064 3367 4125 κατεπεῖγον
3398 4058 3777 4128 οὖτωςήμᾶςς
3818 4062 3974 4112 Ἐστι
4003 4064 4058 4115 δὲ

2446 4155 2539 4206 καὶ
2574 4155 2778 4224 ἑτέρως
2813 4154 3031 4223 νοῆσαγ
3072 4153 3136 4205 Τί
3168 4154 3348 4204 κοινὸν
3380 4155 3503 4221 ἐμοὶ
3538 4158 3629 4204 καὶ
3666 4153 3787 4218 cui;
3820 4153 3928 4221 ἐγὼ
3957 4156 4059 4222 μὲν

2446 4248 2554 4317 γὰρ
2594 4243 2713 4299 οἴδα.
2746 4248 2875 4309 τοὺς
2911 4249 3293 4315 προσήκοντας
3327 4247 3558 4315 καιροὺς
3592 4246 3700 4298 τῶν
3734 4246 4052 4315 θαυμάτων,

2445 4339 2521 4403 ὡς
2555 4338 2689 4402 Θεός
2716 4354 2728 4367 °
2770 4342 2832 4391 σὺ
2865 4338 2919 4390 δὲ
2957 4340 3173 4405 ἀγνοεῖς
3218 4339 3439 4400 αὐτοὺς,
3474 4338 3551 4401 ὡς
3592 4339 3903 4407 ἄνθρωπος.
3940 4344 4053 4393 Οὐκ

2439 4428 2557 4485 εἷπε
2590 4432 2665 4497 δὲ,
2703 4429 2921 4497 Μῆτερ,
2955 4430 3112 4492 ἀλλὰ,
3149 4433 3363 4494 Γύναι,
3397 4432 3471 4493 ὼς
3503 4432 3658 4496 Θεός.

2517 4616 2691 4668 Οὔπω
2715 4632 2948 4683 -μου.
2985 4612 3154 4666 Οὔπω
3188 4615 3512 4686 πάρεστινή
3548 4616 3666 4687 ῶρα
3717 4635 3841 4684 μου,
3882 4619 3914 4687 ἠ
3958 4617 4052 4672 τοῦ

2449 4710 2966 4779 θαυματουργῆσαι,
3007 4709 3033 4760 ὂ
3064 4710 3267 4777 ζητεῖς.
3309 4710 3441 4760 Τότε
3483 4711 3589 4781 γὰρ
3639 4713 3930 4780 πάρεστιν,
3964 4714 4052 4767 ὅτε

2448 4805 2497 4855 οἱ
2535 4803 2779 4871 δεόμενοι
2826 4803 2921 4855 τοῦ
2973 4804 3256 4865 θαύματος
3304 4804 3640 4869 ἑπιγνῶσιν,
3689 4806 3769 4857 ὅτι
3815 4804 4054 4875 δύναμαι

2448 4895 2680 4947 τοιαῦτα
2713 4898 2889 4947 ποιεῖν
2908 4894 3315 4965 (80).)ιαὶαὺτοί
3342 4914 3411 4966 με
3447 4897 4050 4967 παρακαλέσουσιωι).

2443 4990 2558 5042 Νῦν
2591 4990 2645 5041 δὲ
2682 4990 2839 5059 ήτῆς
2878 4991 3086 5059 μητρὸς
3121 4990 3577 5061 παράκλησις,οὐ
3612 4991 3771 5060 μόνον
3799 4991 4053 5062 ἄκαιρος,

2443 5085 2582 5140 ἀλλά
2625 5089 2719 5139 καὶ
2775 5084 3021 5147 ὖποπτος
3078 5086 3171 5139 καὶ
3232 5088 3344 5148 τοῖς
3399 5085 3801 5156 μεμψιμοίροις
3851 5085 4053 5156 εὑεπη-

2448 5183 2695 5253 ρέαστος.

1922 5432 2125 5494 Varia:
2178 5432 2496 5497 lectiones
2528 5442 2591 5496 et
2633 5444 2825 5495 noun.

796 5588 912 5653 (79)
944 5590 1134 5643 δούλου
1160 5589 1225 5644 Α.

797 5661 911 5733 (80)
954 5664 1181 5732 ποιῆσαι
1213 5664 1250 5716 Α
1262 5705 1275 5720 .

2511 5594 2621 5664 (8|)
2659 5593 2838 5649 Malim
2875 5593 3329 5664 παρακαλέσωσι.

807 5826 882 5890 (ρ)
920 5826 1115 5890 Matre,
1162 5838 1270 5880 ctc.
1326 5826 1511 5881 Matris
1571 5828 1877 5882 admonitio
1916 5845 2024 5882 non
2080 5828 2256 5881 solum
2313 5827 2701 5897 intempestiva
2734 5866 2747 5892 ,
2786 5828 2880 5882 sed
2918 5838 2970 5883 et
3018 5837 3275 5898 suspecta
3328 5833 3491 5897 atque
3541 5826 3759 5880 illorum
3829 5820 3921 5893 qui
3989 5820 4050 5878 li-

730 5897 925 5953 bcutcr
980 5900 1419 5969 reprehendunt,
1496 5901 1939 5957 cavillationilms
1994 5902 2252 5954 "immin-
