4430 6460
473 421 599 496 1161

1420 429 1810 491 COMMENT.
1856 430 1936 489 IN
1973 427 2354 489 JOANNEM.
2395 454 2454 465 ·-
2503 430 2653 490 CAP.
2713 429 2825 487 ill.

3632 431 3769 493 1162

541 542 712 608 Λέγει
772 569 839 579 -
898 536 1311 606 γεννηθῆναι;
1354 538 1419 590 Τί
1485 538 1668 601 τοῦτο,
1736 537 2064 604 Nixosque;
2104 550 2141 603 Α
2248 537 2288 586 γ

2049 554 2064 601 ς
2104 550 2141 603 Α
2248 537 2403 590 Vers.
2448 540 2500 591 4.
2546 537 2682 588 Dicit
2723 564 2791 574 -—
2821 538 2969 588 nasci
3000 540 3024 587 ἰ)
3075 535 3216 601 Quid
3267 538 3392 601 hoc,
3422 536 3768 595 Nicodeme?

481 634 678 686 'Pa66l
712 632 874 684 αὐτὸν
908 631 1090 688 καλεῖς
1117 671 1129 692 ,
1166 632 1260 683 καὶ
1295 630 1404 681 ἀπὸ
1443 630 1579 681 Θεοῦ
1617 629 1936 698 ἐληλυθέναι
1967 628 2057 680 λέο

469 743 586 792 γεις
607 766 620 786 ,
652 725 745 777 καὶ
775 726 836 775 οὐ
869 720 1145 783 πιστεύεις
1172 716 1252 784 οἷς
1292 720 1470 787 λέγεις
1507 721 1679 773 Βασαὶ
1707 723 1806 789 τῆς
1842 720 2063 773 Ἰουδαῖ-

468 817 571 886 κῆς
604 815 917 883 παχύτητος
945 815 957 866 !
995 814 1272 865 Ἤκουσεν
1305 815 1693 881 ἀναγέννησιν,
1726 813 1862 865 ἀλλὰ
1896 829 2064 863 πνευ-

475 905 751 975 ματικήν·
807 903 909 955 οὐκ
968 902 1212 972 ὴδυνήοη
1261 903 1469 972 ταύτην
1523 903 1746 972 νοῆσαι,
1807 903 1899 953 καὶ
1957 903 2068 952 νοεῖ

475 996 785 1065 σαρκικήνο
860 994 955 1047 καὶ
1023 996 1250 1057 εἰκότως
1315 995 1537 1064 ἀπορεῖ,
1598 996 1692 1048 καὶ
1746 995 1901 1065 ζητεῖ
1975 992 2067 1044 τὸν

472 1087 698 1155 τρόπον.

556 1176 876 1242 ’.λίπε-κρίθη
909 1205 975 1216 -
1012 1174 1182 1229 Θεοῦ.
1218 1175 1518 1245 Σαφηνίζει
1556 1178 1658 1247 μὲν
1696 1180 1792 1232 τὸν
1823 1182 2027 1251 τρόπον
2050 1224 2064 1248 ,

481 1268 681 1336 λέγων,
726 1268 809 1319 ὅτι
846 1268 905 1333 ιε
931 1266 1129 1329 ὓδατος
1179 1268 1273 1321 καὶ
1323 1268 1666 1338 Πνεύματος,
1718 1270 1921 1342 δηλαδὴ
1974 1274 2069 1325 τοῦ

477 1360 664 1428 ἁγίου·
709 1359 862 1413 οὔπω
895 1360 951 1413 δὲ
986 1360 1193 1423 τέλεον,
1226 1360 1315 1412 ἴνα
1348 1362 1857 1433 προσεκτικὼτερος
1881 1366 1908 1416 ὁ
1938 1366 2075 1435 {pw-

482 1454 587 1507 τῶν
645 1456 897 1522 γένηται.
969 1455 1245 1512 Πολλάκις
1307 1456 1417 1525 γὰρ
1482 1456 1542 1509 τὸ
1598 1458 1810 1525 ἀσαφὲς
1866 1460 2073 1529 ἐγείρει

474 1546 575 1614 τὴν
634 1547 908 1609 διάνοιαν,
978 1546 1074 1598 καὶ
1133 1547 1557 1619 περιεργότερον
1624 1551 1719 1602 καὶ
1780 1552 2071 1604 σπουδαῖον

476 1638 856 1706 ἀπεργάσεται
906 1638 999 1689 τὶν
1033 1640 1337 1707 ἀκροατήν.
1377 1639 1439 1694 ΤΟ
1485 1640 1584 1708 μὲν
1614 1636 1709 1694 οὖν
1760 1643 2073 1711 Νικόδημος

472 1727 737 1781 ἀδύνατον
780 1727 937 1796 ιλεγε
981 1729 1083 1799 τὴν
1119 1728 1515 1800 ἀναγέννησινο
1547 1732 1576 1783 ὸ
1607 1732 1663 1783 δὲ
1710 1732 1945 1803 Χριστὸς
1983 1735 2074 1786 καὶ

476 1819 683 1888 σφόδρα
712 1818 970 1889 δυνατὴν,
1001 1820 1097 1871 καὶ
1124 1820 1187 1872 ού
1218 1819 1378 1873 τοῦτο
1410 1820 1594 1892 μόνον,
1619 1823 1757 1876 ἀλλὰ
1787 1825 1881 1877 καὶ
1908 1825 2072 1894 ἀναγ-

2174 627 2347 681 Rabbi
2385 626 2565 695 ipsum
2600 643 2783 689 vocas,
2821 637 2876 681 et
2937 643 2967 681 a
3018 627 3129 681 Deo
3193 630 3410 682 venisse
3452 632 3611 694 dicis,
3668 649 3772 687 nec

2174 730 2355 773 tamen
2390 722 2571 774 credis
2608 736 2727 788 qua:
2759 720 2900 773 dicit
2932 721 2955 771 ?
2986 718 3031 773 Ο
3099 720 3383 775 Judaicam
3444 725 3772 777 crassitudi-

2177 815 2349 866 nem!
2407 812 2631 866 Audivit
2691 814 3189 882 regenerationem,
3244 815 3339 867 sed
3394 815 3772 882 spiritualem;

2172 920 2279 958 non
2348 904 2526 971 potuit
2608 905 2748 957 hanc
2810 905 3121 973 concipere,
3169 905 3262 957 sed
3346 905 3620 959 carnalem
3691 907 3775 957 in-

2176 996 2389 1065 telligit,
2451 1007 2508 1048 ct
2593 994 2791 1049 merito
2860 993 3094 1059 dubitat,
3176 994 3509 1065 modumque
3586 995 3777 1048 sciSei-

2180 1096 2347 1143 tatur.

2250 1176 2410 1232 Vers.
2459 1178 2510 1230 5.
2550 1177 2834 1247 Respondit
2888 1208 2955 1217 ——
3015 1178 3135 1231 Dei.
3195 1178 3412 1232 Modum
3466 1181 3781 1235 manifestat

2175 1265 2386 1328 dicens,
2424 1267 2571 1335 quod
2600 1283 2666 1319 ex
2699 1282 2837 1335 aqua
2863 1276 2917 1319 et
2956 1266 3189 1335 Spiritu,
3220 1268 3475 1321 videlicet
3540 1278 3731 1321 saneto
3765 1287 3778 1333 ;

2176 1372 2285 1410 non
2320 1365 2502 1410 tamen
2534 1358 2679 1410 clare
2708 1358 2811 1411 hoc
2844 1358 2997 1421 dicit,
3062 1373 3173 1426 quo
3227 1360 3493 1413 attentius
3543 1361 3781 1413 interro-

2177 1460 2351 1521 garet.
2386 1450 2604 1519 Saepius
2628 1449 2774 1503 enim
2794 1450 3006 1504 occulte
3040 1451 3118 1517 (ιι)
3158 1462 3407 1504 mentem
3473 1453 3696 1511 excitat.
3724 1462 3785 1503 ut

2180 1540 2591 1609 diligentiorem
2656 1556 2720 1594 ac
2772 1540 3136 1594 curiosiorem
3203 1541 3395 1594 reddat
3445 1543 3781 1595 auditorem.

2176 1631 2511 1686 Nicodamus
2558 1631 2832 1701 siquidem
2869 1631 3272 1698 impnssibilcm
3309 1632 3531 1685 diccbat
3559 1648 3787 1701 tegetic-

2178 1722 2447 1776 rationem
2478 1739 2492 1778 :
2523 1723 2781 1777 Christus
2810 1738 2941 1777 vero
2970 1724 3201 1777 omnino
3255 1723 3571 1793 possibilem
3609 1742 3622 1775 :
3683 1739 3786 1779 nec

2182 1813 2232 1867 id
2274 1814 2449 1867 solum
2484 1815 2580 1867 sed
2612 1822 2667 1868 et
2703 1814 3115 1879 necessariam;
3162 1814 3302 1869 adeo
3322 1824 3380 1868 ut
3414 1816 3534 1869 sine
3569 1830 3630 1869 ca
3700 1830 3787 1869 re-

474 1911 660 1972 καίαν,
688 1911 763 1972 ὠς
797 1911 935 1979 μηδὲ
962 1910 1223 1964 δύνασθαί
1251 1928 1373 1964 τινα
1401 1890 1571 1980 γωρὶέ
1600 1914 1772 1983 αὐτῆς
1804 1890 2070 1969 είσελθείν
2106 1890 2144 1942 Β
2198 1921 2223 1974 ἓ

2043 1935 2070 1969 ν
2106 1890 2144 1942 Β
2198 1920 2365 1974 gnum
2405 1904 2499 1958 Dei
2532 1906 2711 1959 nullus
2749 1907 2923 1974 possit
2950 1906 3179 1965 intrare,
3216 1905 3320 1959 hoc
3359 1913 3444 1958 est
3465 1904 3585 1973 ejus
3613 1906 3788 1975 digni-

470 2004 551 2064 εἰς
592 2001 691 2072 τὴν
725 1994 1007 2070 βᾶσι).είαν
1047 2002 1142 2056 τοῦ
1176 2002 1333 2056 Θεοῦ.
1373 2002 1471 2074 [Τὸ
1514 2006 1627 2073 (15)
1672 2006 1726 2057 δὲ
1751 2006 2071 2061 Εισελθεῖν

470 2098 559 2157 εις
608 2094 725 2161 τὴν
762 2093 1097 2157 ,ϐασιλείαν
1138 2093 1247 2147 τοῦ
1296 2094 1495 2165 Θεοῦ,]
1536 2096 1568 2166 ἢ
1621 2096 1683 2148 τὸ
1722 2097 1927 2164 γνῶναι
1973 2099 2072 2167 τὴν

473 2186 635 2249 ἀξίαν
670 2187 764 2239 καὶ
795 2187 1198 2257 μεγαλειότητα
1228 2186 1395 2239 αὐτοῦ
1420 2188 1571 2257 δηλοῖ
1596 2179 1702 2241 νῦν
1732 2190 1765 2258 ἢ
1794 2190 1856 2242 τὸ
1885 2194 2072 2258 τυχεῖν

475 2279 576 2349 τῆς
607 2278 963 2342 ἀπολαύσεως
990 2280 1087 2348 τῆς
1118 2279 1289 2341 θείας.

554 2373 616 2424 Ὀ
664 2374 817 2441 λόγος
859 2372 915 2424 δὲ
959 2373 1087 2442 περὶ
1124 2372 1235 2425 τῶν
1286 2372 1424 2441 μετὰ
1464 2373 1527 2425 τὸ
1573 2374 1937 2442 βαπτισθῆναι
1982 2374 2073 2426 τὸν

475 2462 737 2532 Χριστόν.
781 2460 1009 2513 Ἐκτοτε
1050 2460 1160 2529 γὰρ
1199 2461 1232 2529 ὴ
1284 2462 1644 2529 ἀναγέννησις
1683 2462 1909 2531 ἤρξατο.
1948 2466 2073 2515 Λοι-

480 2555 583 2606 πὸν
612 2550 709 2607 οὖν
739 2559 833 2605 καὶ
867 2554 916 2604 oi
946 2550 1238 2605 ἀπόστολοι
1274 2554 1744 2622 ἀνεγεννήοησαν,
1788 2554 1854 2605 δι’
1883 2554 2073 2617 ὓδατος

479 2644 579 2710 μὲν
613 2642 767 2712 παρὰ
807 2642 1058 2694 Ἰωάννου
1088 2680 1102 2705 ,
1132 2640 1223 2692 διὰ
1261 2641 1579 2710 Πνεύματος
1616 2642 1693 2703 δὲ,
1730 2643 1820 2694 ὅτε
1850 2644 2075 2711 ἐπεςοί-

480 2751 645 2803 τησεν
686 2734 870 2796 αὐτοῖς
904 2735 960 2785 ἐν
996 2732 1127 2785 εῖδει
1162 2732 1407 2801 πυρίνων
1431 2733 1717 2801 γλωσσῶν.

553 2826 838 2896 Γρὰφουσι
883 2825 938 2877 δέ
980 2840 1127 2884 τινες
1174 2822 1311 2893 (ﬂ),
1347 2825 1663 2892 ἐγγίζοντες
1700 2828 1813 2888 τ·.ῖς
1865 2826 2076 2894 χρόνοις

481 2918 593 2971 τῶν
645 2917 988 2979 ἀποςτόλων,
1033 2916 1115 2968 ὅτι
1157 2916 1184 2967 ὁ
1237 2914 1339 2985 μιν
1384 2917 1616 2987 Χριστὸ,
1669 2918 1935 2970 ὲὸάπτισε
1986 2925 2078 2973 τὸν

482 3013 690 3082 Πέτρον
721 3010 817 3063 καὶ
852 3010 953 3077 τὴν
984 3008 1273 3074 Θεοτόκον,
1320 3009 1349 3059 ὀ
1378 3008 1433 3060 δὲ
1468 3010 1678 3079 Πέτρος
1715 3010 1926 3073 πάντας
1952 3012 2079 3075 τοὺς

480 3103 839 3167 ἀποστόλους.

558 3198 629 3252 Τὸ
656 3227 724 3235 -
753 3197 948 3250 ἐστίν.
977 3196 1052 3249 Οὐ
1085 3196 1323 3267 σαρκική
1343 3196 1491 3247 ἔστιν
1517 3196 1549 3265 ἡ
1579 3196 1855 3265 γέννησις,
1888 3196 2077 3266 φησὶν,

478 3291 618 3344 ἀλλὰ
647 3290 993 3361 πνευματική
1015 3304 1030 3320 ο
1075 3290 1149 3341 Τὸ
1178 3288 1281 3360 μὲν
1304 3290 1410 3359 γὰρ
1442 3292 1843 3359 γεγεννημένον
1880 3292 1945 3342 ἐκ
1975 3290 2075 3359 τῆς

481 3385 687 3455 σαρκὸς
711 3385 973 3454 σαρκικόν
1005 3384 1125 3435 ἐστι
1150 3386 1400 3452 γέννημα
1426 3397 1440 3411 ⁸
1472 3384 1535 3433 τὸ
1567 3383 1623 3435 δὲ
1673 3383 2075 3453 γεγεννημένον

480 3480 545 3530 ἐκ
588 3478 685 3528 τοῦ
716 3474 1037 3545 Πνεύματος
1080 3476 1454 3545 πνευματικόν
1495 3479 1611 3529 εστι
1647 3477 1917 3545 γέννημα.
1951 3477 2077 3528 Λοι-

482 3571 583 3623 πὸν
610 3568 705 3622 οὖν
740 3570 773 3639 ἡ
810 3569 909 3638 μὲν
951 3568 1193 3639 σαρκικὴ
1228 3569 1507 3639 γέννησις,
1555 3568 1792 3638 αἰσθητή
1827 3572 2002 3633 ἐστιν,
2043 3571 2076 3638 ἡ

477 3661 533 3713 δὲ
559 3660 906 3729 πνευματικὴ
929 3661 1119 3729 νοητή,
1146 3662 1253 3713 Καὶ
1272 3660 1334 3713 οὗ
1354 3664 1461 3731 χρὴ
1485 3660 1761 3728 αἰσθητῶς
1793 3660 2079 3724 ἐξετάζειν

480 3754 541 3806 τὸ
569 3757 758 3823 νοητ’,ν
779 3794 793 3817 ,
816 3752 939 3806 οὐδὲ
968 3753 1325 3824 ἀνθρωπίνως
1354 3754 1413 3807 τὸ
1442 3754 1586 3805 θεῖον
1618 3755 1874 3824 πρᾶγμα.
1922 3754 2079 3807 Ἐπεὶ

482 3849 594 3915 γὰρ
642 3849 675 3917 ἡ
710 3848 901 3919 πρώτη
946 3847 1203 3917 γέννησις
1249 3844 1552 3917 ὴχρειώθη,
1595 3847 1827 3917 δευτέρα
1870 3847 2079 3900 δέδοται

482 3941 867 4011 ἁναγᾶννησις,
905 3941 1218 4011 ὑψηλοτόρα
1248 3956 1307 3993 τε
1340 3942 1435 3992 καὶ
1466 3940 1794 4009 τιμιωτέρα.
1823 3939 1960 3992 Θεοῦ
1988 3941 2081 4010 ἐρ-

481 4050 579 4103 γον
610 4036 643 4105 ἡ
675 4032 869 4105 πρώτη
895 4050 910 4063 ο
943 4032 1078 4099 Θεοῦ
1111 4033 1276 4105 ἔργον
1303 4035 1395 4086 καὶ
1427 4036 1461 4104 ἠ
1497 4034 1729 4103 δευτέρα
1756 4047 1768 4061 ·
1801 4031 1935 4095 Θεὸς
1972 4033 2081 4102 γὰρ

481 4129 544 4181 τὸ
576 4128 825 4198 Πνεῦμα.

556 4221 729 4276 Ὅταν
760 4219 857 4275 οὖν
902 4220 1114 4295 ἀκούῃς
1159 4222 1333 4276 ὅτιτὸ
1378 4208 1615 4294 Πνεῦμα
1652 4222 1952 4293 ἁναγεννᾷ,
2008 4221 2084 4293 μὴ

486 4316 639 4385 ζήτει
668 4315 761 4367 τὸν
789 4317 1015 4382 τρόπον.
1052 4316 1116 4367 Εἰ
1146 4316 1257 4386 γὰρ
1286 4316 1677 4386 ἀκατάληπτος
1724 4318 1756 4387 ἡ
1788 4318 1846 4370 ἐν
1874 4320 1941 4387 τῇ
1978 4318 2085 4386 μὴ’

483 4424 591 4480 τρᾳ
640 4408 952 4475 διάπλασις,
1002 4409 1503 4481 ἀκαταληπτοτέρα
1546 4412 1769 4473 πάντως
1814 4412 1846 4480 ὴ
1896 4412 1955 4463 ὲν
2008 4409 2086 4479 τῷ

486 4497 662 4554 ὓδατι.
719 4502 829 4553 Καὶ
876 4503 926 4553 εί
992 4502 1126 4573 περὶ
1185 4501 1403 4571 ἐκείνης
1454 4501 1556 4554 οὐκ
1620 4501 2081 4572 ἀμφιϐάλλομεν,

2175 2006 2342 2049 tatem
2377 2011 2440 2050 ac
2484 1996 2922 2065 magnitudinem
2960 2010 3321 2066 cognoscere,
3380 2004 3476 2049 aut
3526 1998 3775 2052 divinam

2181 2089 2457 2157 attingere
2494 2087 2835 2141 fruitiouetn.

2256 2375 2581 2445 Iutelligitur
2614 2384 2797 2428 autem
2837 2374 3060 2426 tetbum
3094 2372 3294 2435 dehis,
3320 2387 3411 2439 qur
3466 2380 3591 2441 post
3626 2372 3787 2426 Cbri-

2183 2482 2330 2522 stum
2365 2468 2700 2535 baptizatum
2732 2467 2976 2521 fuerunt.
3006 2464 3299 2534 Reliquum
3354 2475 3437 2519 est
3494 2466 3680 2536 igitur,
3736 2477 3797 2519 ut

2183 2562 2495 2630 ctapostoli
2534 2560 2839 2630 regenerati
2879 2560 2991 2613 sint
3016 2574 3113 2627 per
3154 2573 3353 2627 aquam
3403 2574 3535 2637 sane
3575 2574 3604 2611 a
3633 2558 3790 2613 Joan-

2184 2668 2273 2716 ne,
2304 2667 2402 2723 per
2435 2651 2703 2721 Spiritum
2738 2666 2887 2714 vero,
2922 2650 3048 2719 quia
3065 2651 3131 2704 ad
3160 2666 3255 2703 eos
3286 2653 3339 2703 in
3372 2652 3559 2720 specie
3606 2654 3800 2721 ignita-

2186 2761 2309 2799 rum
2378 2746 2610 2799 advenit
2643 2745 2975 2815 linguarum.
3748 2731 3756 2767 Ὺ

2264 2840 2529 2893 Scribunt
2561 2850 2748 2893 autem
2778 2839 3003 2907 quidam
3029 2839 3402 2909 apostolorum
3456 2838 3802 2907 temporibus

2188 2931 2447 3002 proximi,
2478 2932 2624 2999 quod
2657 2930 2913 2985 Christus
2952 2931 3175 2985 Petrum
3229 2946 3293 2983 ac
3350 2930 3641 2999 Virginem
3686 2930 3802 2983 Ma-

2190 3032 2326 3076 trem
2380 3021 2765 3090 baptizaverit,
2823 3021 3019 3074 Petrus
3088 3033 3218 3074 vero
3274 3020 3517 3089 reliquos
3609 3035 3804 3073 omnes

2188 3116 2488 3185 apostolos.

2260 3207 2415 3262 Vcrs.
2448 3207 2499 3261 6.
2531 3204 2682 3271 Quod
2710 3236 2775 3245 —
2805 3215 2898 3259 est.
2940 3203 3065 3259 Non
3136 3206 3396 3271 carnalis,
3433 3205 3609 3275 inquit
3635 3222 3805 3277 gene-

2188 3304 2326 3357 ratio
2349 3311 2453 3368 est,
2487 3303 2583 3357 sed
2605 3301 2907 3370 spiritualis
2935 3318 2947 3366 ;
2987 3316 3110 3354 nam
3135 3300 3281 3369 quod
3315 3315 3382 3354 ex
3415 3315 3582 3353 carne
3609 3311 3797 3354 natum

2188 3406 2295 3460 cst,
2343 3395 2577 3448 carnalis
2604 3404 2685 3448 est
2712 3397 3005 3464 progenies
3041 3412 3053 3445 :
3092 3394 3240 3462 quod
3260 3403 3442 3446 autem
3491 3404 3678 3446 natum
3724 3403 3807 3447 est

2187 3504 2253 3542 ex
2284 3487 2515 3557 Spiritu,
2552 3487 2852 3555 Spiritualis
2886 3486 3169 3556 generatio
3200 3495 3307 3539 est.
3332 3485 3580 3539 Carualis
3618 3486 3807 3556 itaque

2188 3582 2445 3635 nativitas
2472 3589 2555 3633 est
2601 3581 2902 3642 sensibilis,
2930 3580 3235 3649 spiritualis
3282 3594 3434 3639 vero,
3466 3579 3808 3632 intellectua-

2190 3674 2277 3728 lis.
2312 3671 2423 3724 Nec
2450 3681 2689 3740 opertet,
2737 3670 2884 3740 quod
2941 3670 3313 3724 intellectuale
3342 3678 3445 3730 est,
3472 3670 3809 3723 sensibiliter

2191 3766 2448 3836 indagare
2480 3782 2492 3817 :
2524 3780 2703 3834 neque
2729 3766 2970 3818 humano
2994 3766 3158 3818 modo
3189 3780 3349 3833 Opus,
3393 3778 3503 3832 quo
3524 3766 3537 3815 l
3560 3764 3808 3818 divinum

2190 3869 2274 3912 est
2309 3875 2323 3922 ;
2358 3857 2628 3927 siquidem
2660 3874 2723 3911 ex
2754 3874 2863 3926 quo
2909 3858 3061 3927 prior
3094 3857 3379 3927 generatio
3405 3859 3546 3911 tacta
3580 3867 3661 3910 est
3690 3859 3812 3910 inu-

2196 3952 2329 4019 tilis,
2352 3952 2477 4007 data
2510 3964 2592 4007 est
2626 3952 2873 4007 secunda
2908 3953 3259 4024 regeneratio
3282 3952 3551 4006 excelsior
3584 3962 3639 4005 et
3704 3954 3806 4006 liu-

2195 4045 2520 4113 norabilior,
2555 4044 2648 4100 Dei
2674 4062 2815 4117 opus
2844 4055 2929 4101 est
2965 4047 3152 4117 prior;
3194 4046 3285 4100 Dei
3341 4062 3481 4115 opus
3509 4055 3596 4100 est
3642 4049 3809 4100 etiam

2196 4140 2473 4210 posterior
2502 4158 2514 4204 ;
2557 4141 2700 4194 Deus
2728 4142 2876 4194 enim
2912 4140 3153 4211 Spiritus
3182 4151 3286 4195 est.

2267 4233 2405 4289 Cum
2449 4235 2613 4305 igitur
2643 4233 2885 4287 audieris
2914 4234 3061 4303 quod
3098 4231 3337 4303 Spiritus
3383 4246 3696 4305 regenerat,
3745 4252 3813 4288 ne

2198 4328 2419 4383 modum
2446 4342 2680 4396 qureras.
2719 4326 2857 4380 Nam
2894 4327 2940 4381 si
2987 4326 3573 4397 incomprehensibilis
3620 4338 3706 4383 est
3758 4331 3815 4381 in

2198 4430 2359 4475 utero
2391 4420 2671 4485 formatio,
2739 4420 2901 4489 longe
2942 4420 3552 4488 incomprehensibilior
3586 4430 3811 4491 estque:

2199 4515 2253 4568 in
2283 4530 2423 4584 aqua
2456 4514 2514 4568 tit
2540 4534 2553 4568 :
2577 4514 2724 4585 quod
2752 4516 2795 4567 si
2828 4514 2897 4569 de
2927 4514 3017 4568 illa
3078 4530 3188 4567 non
3251 4514 3602 4581 ambigimus.
3632 4516 3811 4568 omni-

484 4597 554 4665 τῇ
578 4595 984 4667 παντοδυνάμῳ
1013 4595 1109 4648 τοῦ
1136 4595 1274 4649 Θεοῦ
1309 4596 1474 4665 σοφία
1498 4598 1879 4661 πιστεύοντες,
1907 4595 2092 4666 πολλῷ
2127 4601 2171 4657 ῐ)
2205 4623 2233 4677 ρ

2062 4595 2092 4666 ἱ)
2127 4601 2171 4657 D
2205 4608 2418 4677 potenti
2445 4606 2540 4661 Dei
2571 4608 2852 4677 sapientia:
2882 4608 3196 4671 credentes,
3220 4608 3286 4661 de
3314 4608 3416 4661 hac
3442 4609 3615 4661 multo
3639 4608 3811 4676 magis

492 4688 697 4757 μᾶλλον
724 4691 884 4743 τοῦτο
914 4691 1022 4760 χρὴ
1063 4692 1242 4742 ποιεῖν
1266 4695 1396 4760 περὶ
1424 4689 1655 4760 ταύτης.

568 4781 791 4854 Ὠσπερ
821 4782 880 4836 δὲ
919 4784 978 4834 tv
1011 4784 1157 4853 ἀρχῇ
1193 4781 1458 4835 ὑπέκειτο
1516 4784 1782 4853 στοιχεῖον
1823 4782 1856 4853 ἡ
1888 4783 1962 4851 γῆ
1983 4821 1999 4846 ,
2028 4782 2091 4835 τὸ

487 4886 598 4938 πᾶν
637 4884 695 4937 δι
727 4883 824 4937 τοῦ
871 4883 1297 4948 διαπλάττοντος
1350 4878 1419 4955 ἦν
1446 4900 1461 4914 ·
1495 4881 1641 4935 οὕτω
1686 4882 1781 4936 καὶ
1812 4880 1924 4935 νῦν
1955 4881 2091 4933 ὑπό-

488 4996 670 5034 κειται
724 4984 994 5052 στοιχεῖον
1050 4981 1113 5033 τὸ
1152 4979 1297 5050 ὓδωρ
1326 4995 1341 5009 ’
1388 4978 1451 5031 τδ
1504 4979 1614 5031 πᾶν
1660 4977 1718 5030 δὲ
1771 4974 1867 5028 τοῦ
1916 4972 2089 5027 Πνεύ-

493 5074 661 5143 ματός
696 5074 871 5126 ἐστιν.

571 5254 699 5307 ἐὰν
724 5254 1010 5326 ἐρωτήσῃς
1048 5270 1139 5326 με,
1167 5254 1321 5307 Διατί
1355 5254 1449 5307 νῦν
1482 5254 1543 5307 τὸ
1579 5252 1743 5325 ὕδωρ,
1774 5255 2093 5325 ἁντεπερω-

485 5350 639 5421 ¹ιήσω
664 5366 750 5418 σε,
777 5349 934 5405 Διατί
958 5350 1081 5405 τότε
1113 5352 1145 5423 ή
1168 5352 1239 5422 γῆ
1265 5367 1280 5417 ;
1308 5350 1418 5404 Καὶ
1447 5351 1571 5421 γὰρ’
1592 5349 1821 5419 ὴδύνατο
1850 5349 1944 5403 καὶ
1969 5347 2093 5419 δίχα

2199 4699 2429 4753 credere
2464 4708 2708 4768 Oportet.

2279 4791 2438 4845 Sicut
2465 4800 2649 4845 autent
2689 4792 2741 4846 iu
2776 4791 2954 4862 prima
2990 4792 3233 4847 hominis
3284 4791 3617 4845 formatione
3682 4793 3815 4846 sub-

2203 4882 2435 4937 servivit
2460 4890 2623 4936 terra:
2655 4884 3019 4948 elementum,
3078 4898 3205 4937 cum
3273 4884 3532 4938 universa
3587 4886 3639 4937 in
3696 4901 3811 4937 ma-

2202 4990 2277 5029 nu
2306 4987 2492 5029 essent
2538 4974 2841 5041 Creatoris,
2874 4977 2947 5031 ita
2977 4987 3033 5031 et
3072 4992 3221 5032 nunc
3267 4978 3602 5031 subservivit
3660 4992 3813 5046 aqu.e

2201 5068 2560 5133 elementum,
2588 5083 2715 5122 eum
2750 5072 3009 5125 universa
3040 5070 3155 5125 sint
3186 5071 3240 5123 in
3294 5070 3583 5125 voluntate
3632 5069 3812 5141 Spiri-

2206 5172 2314 5217 tus.

2276 5254 2434 5321 Quod
2464 5254 2506 5310 si
2540 5270 2629 5311 me
2661 5256 2985 5330 interroges,
3021 5257 3203 5324 Quare
3255 5274 3402 5311 nunc
3426 5274 3603 5327 aqua:
3634 5272 3663 5311 e
3729 5254 3816 5309 di-

2207 5364 2367 5405 verso
2399 5358 2451 5404 te
2482 5349 2861 5423 interregabo,
2924 5352 3106 5418 Quare
3140 5364 3271 5409 tunc
3322 5365 3464 5408 terta
3496 5353 3516 5405 ?
3592 5353 3819 5405 Poterat

1675 5562 1881 5624 Variis
1926 5560 2248 5625 lectiones
2293 5571 2355 5625 et
2401 5572 2594 5625 notua.

561 5664 678 5735 (l5)
717 5663 932 5721 Inclusa
959 5666 1165 5721 omittit
1199 5665 1259 5721 Β.

563 5737 677 5807 (tt)
711 5737 907 5807 Papias
938 5738 1194 5805 fortasse,
1225 5748 1323 5795 aut
1349 5737 1640 5811 Origenes,
1672 5754 1739 5795 ex
1771 5737 2093 5795 narratione
2116 5747 2431 5795 sanctarum
2462 5738 2791 5795 vetularum.

565 5900 645 5970 (ιι)
682 5899 919 5958 Occulte.
951 5903 1116 5959 Forte
1150 5901 1358 5955 occulta
1384 5915 1480 5957 seu
1526 5902 1771 5959 obscura.
1831 5903 1898 5959 Et
1934 5918 2084 5973 mox,
2120 5907 2380 5960 excitum.

818 5998 1100 6060 ΡΑτεοι..
1140 5999 1185 6057 G
1200 6018 1260 6061 ιι.
1303 6000 1566 6063 CXXIX.
