4430 6460
712 379 845 440 1167

1966 374 2348 440 ΕῘἼἯΥΜΙΙ
2393 372 2757 434 ZiGABENI

3865 369 4003 434 1168

706 510 768 547 ac
797 496 1001 546 docens
1034 508 1154 556 nos,
1186 508 1252 546 ne
1306 510 1431 547 tum
1486 508 1615 564 erga
1665 492 1879 561 aliquos
1934 493 2304 561 disputamus,
2339 498 2381 550 Α
2418 506 2455 556 ρ

2250 504 2304 551 ις,
2339 498 2381 550 Α
2418 488 2648 557 ρόμενος
2679 486 2777 541 καὶ
2804 489 3079 542 παιδεύων
3112 490 3281 559 ἡμᾶς,
3310 488 3440 541 ὅταν
3472 486 3611 559 πρός
3640 503 3793 550 τινας
3823 487 3999 542 διαλε-

706 582 929 651 indigne
985 579 1247 643 feramus,
1289 581 1615 644 claniemns,
1668 590 1763 634 aut
1809 595 2221 649 exasperentur,
2256 580 2299 632 si

704 687 814 723 non
855 668 1287 739 persuadeamus
1320 689 1334 738 ;
1366 687 1491 724 nam
1525 673 1618 724 irae
1639 670 1946 723 matcriaac
1972 669 2300 737 principium

701 762 907 813 ciamor
955 768 1075 824 est;
1118 762 1393 828 patienter
1426 776 1555 814 vero
1590 759 1927 829 respondere
1949 799 1964 823 ,
1998 766 2083 812 est
2112 758 2301 813 conari

700 858 755 899 ut
780 846 1041 900 credibile
1073 846 1263 909 facias,
1290 850 1437 916 quod
1476 848 1701 902 dixeris.

774 934 927 990 Veis.
954 929 1038 990 i2.
1062 937 1123 991 Si
1142 970 1203 979 —
1224 939 1442 991 credetis
1463 940 1488 992 .’
1506 937 1845 1009 Frequenter
1860 954 1984 992 cum
2023 938 2181 993 verba
2225 936 2302 989 fa-

694 1038 887 1082 cturus
908 1037 1011 1091 est,
1031 1045 1152 1098 qua
1184 1045 1296 1083 sua:
1319 1040 1624 1100 congruant
1654 1031 1950 1100 maiestati,
1977 1032 2059 1083 his
2079 1041 2301 1099 prOpter

688 1123 1007 1176 auditorum
1038 1123 1462 1176 crassitudinem
1494 1137 1559 1177 ac
1584 1122 2020 1177 imbecillitatem
2059 1124 2287 1187 relictis,

695 1213 984 1269 humiliora
1018 1213 1424 1283 dispensatorio
1442 1215 1606 1269 modo
1630 1214 2132 1269 condescendendo
2157 1230 2298 1284 pra:-

694 1305 840 1358 fert:
878 1305 1024 1373 quod
1060 1320 1194 1358 sane
1218 1305 1384 1358 etiam
1420 1319 1571 1357 nunc
1609 1303 1762 1360 fecit.
1802 1304 1938 1359 Nam
1972 1320 2038 1358 ex
2067 1320 2177 1375 quo
2232 1305 2298 1359 de

693 1397 961 1465 spirituali
989 1396 1341 1466 generatione
1378 1395 1591 1450 locutus
1611 1407 1696 1450 est
1737 1397 1913 1449 desua
1936 1396 2110 1465 ipsius
2128 1396 2295 1449 etiam

691 1486 1045 1555 generatione
1089 1498 1209 1551 quae
1252 1483 1355 1536 fuit
1389 1494 1517 1538 ante
1556 1485 1778 1549 secula,
1810 1500 2042 1554 quaeque
2072 1502 2295 1541 omnem

689 1590 743 1629 et
777 1589 1013 1629 mentem
1048 1589 1432 1629 etsei‘monetn
1465 1577 1702 1639 excedit,
1730 1577 1913 1631 dicere
1933 1578 2169 1633 volebat.
2206 1580 2295 1631 Vi-

692 1675 828 1721 ileiis
858 1680 1041 1721 autem
1060 1668 1420 1721 Nieodemum
1447 1683 1624 1737 neque
1655 1668 1995 1737 spiritualem
2018 1685 2183 1739 posse
2210 1671 2295 1723 iu—

693 1760 961 1828 telligere,
995 1758 1131 1811 nihil
1162 1759 1229 1813 de
1255 1759 1344 1811 illa
1372 1759 1530 1821 dicit,
1567 1760 1664 1813 sed
1690 1774 1913 1813 causam
1936 1742 2057 1815 talis
2090 1761 2294 1815 silentii

2408 582 2651 648 γόμενοι,
2688 581 2767 651 μὴ
2798 582 3099 649 πείθωμεν,
3138 580 3214 650 μὴ
3240 579 3619 649 δυσχεραίνειν
3641 619 3655 639 ,
3692 578 3829 647 μηδὲ
3859 579 3996 649 κράο

2406 670 2521 732 ζειν
2552 671 2645 723 καὶ
2681 670 2992 738 ἀγριαίνειν
3020 688 3033 701 ·
3064 670 3167 738 ὕλη
3194 670 3303 739 γὰρ
3331 670 3507 739 ὀργῆς
3536 672 3567 740 ὴ
3597 672 3813 740 κραυγή
3836 686 3849 699 ο
3880 670 4000 721 ἀλλ’

2405 762 2745 827 ἀνεξικάκως
2767 762 3192 832 ἀποκρίνεσθαι,
3214 761 3308 815 καὶ
3336 761 3630 831 πειρᾶσθαι
3660 763 3833 814 ποιεῖν
3853 761 4001 826 ἀξιό-

2406 868 2602 907 πιστον
2634 851 2693 905 τὸ
2730 851 3046 922 λεγόμενον.

2479 946 2547 997 El
2584 973 2657 984 —
2697 948 3091 1009 πιστεύσας
3138 945 3409 1007 Πολλάκις
3458 944 3673 1014 μιλλων
3724 944 4000 999 ἀπτεσοαι

2404 1038 2582 1105 λόγων
2619 1038 2789 1103 ἀξίων
2831 1039 2931 1107 τῆς
2984 1039 3387 1109 μεγαλωσύνης
3420 1037 3613 1103 αὑτοῦ,
3662 1042 4004 1110 παρατρέχει

2402 1132 2633 1195 τούτους
2680 1132 2770 1185 διά
2822 1134 2922 1204 τὴν
2968 1132 3081 1186 τῶν
3139 1132 3514 1202 ἀκροωμένων
3569 1129 3862 1201 παχύτητα
3909 1130 4005 1184 καὶ

2403 1226 2713 1291 ἀσθένειαν,
2753 1230 2848 1279 καὶ
2880 1227 3124 1296 προτιμᾷ
3158 1226 3283 1286 τοὺς
3315 1224 3757 1294 ταπεινοτέρους.
3791 1239 4002 1292 συγκα-

2402 1318 2718 1381 ταθατικῶς
2753 1335 2813 1370 τε
2849 1320 2944 1370 καὶ
2974 1314 3345 1384 οἰκονομικῶς
3370 1356 3385 1381 ,
3420 1316 3448 1369 δ
3477 1315 3542 1387 δὴ
3572 1315 3852 1370 κάνταῦθα
3884 1332 4002 1367 πε-

2402 1411 2659 1478 ποίηκεν.
2726 1410 2881 1461 Ἐπεὶ
2940 1408 3054 1480 (26)
3106 1389 3220 1479 γὰρ
3273 1409 3402 1477 περὶ
3458 1408 3557 1476 τῆς
3617 1409 4004 1479 πνευματικῆς

2402 1501 2711 1569 γεννήσεως
2742 1495 2920 1564 εἶπεν,
2950 1498 3206 1551 ἐϐούλετο
3248 1500 3349 1568 μὶν
3382 1499 3582 1562 είπείν,
3611 1499 3705 1551 καὶ
3738 1499 3869 1567 περ)⁵
3903 1499 4005 1568 τῆς

2398 1590 2596 1655 ἐαυτοῦ
2634 1593 2964 1660 γεννήσεως,
3004 1590 3104 1659 τῆς
3146 1590 3482 1660 προαιωνίου
3524 1590 3620 1643 καὶ
3650 1590 3832 1643 πάντα
3863 1589 3990 1641 νοῦν

2402 1686 2496 1737 καὶ
2525 1684 2683 1753 λόγον
2730 1683 3175 1754 ὑπερδαινούσης
3204 1702 3218 1715 ·
3270 1684 3398 1736 ίδὼν
3443 1684 3499 1734 δέ
3542 1683 3637 1734 τὸν
3685 1682 4002 1752 Νικόδημον

2405 1776 2544 1845 μηδέ
2600 1775 2699 1845 τὴν
2765 1776 3147 1844 πνευματικὴν
3207 1772 3624 1842 παραδέξασθαι
3673 1774 4001 1843 δυνάμενον,

685 1850 883 1913 docet,
911 1850 1056 1919 quod
1104 1849 1176 1903 sit
1206 1848 1462 1902 videlicet
1496 1862 1722 1919 propter
1754 1852 2073 1905 auditorum
2107 1852 2290 1906 incre-
2327 1874 2365 1927 ιι
2396 1886 2434 1919 οε

2252 1870 2290 1905 ⁵⁸
2327 1874 2365 1927 Β
2396 1868 2548 1920 οὐδὲν
2580 1868 2681 1936 μὲν
2713 1867 2863 1935 λέγει
2900 1868 3029 1936 περὶ
3060 1866 3302 1936 ἐκείνης,
3334 1866 3583 1918 διδάσκει
3609 1866 3668 1918 δέ
3693 1866 3791 1935 τὴν
3819 1867 4001 1919 αίτίαν

684 1938 995 1992 duhtateni.
1028 1938 1233 1992 llorum
1258 1953 1389 2010 ergo
1411 1939 1782 1995 incredulitati
1811 1951 1906 1995 aut
1928 1942 2288 1998 imbecillitati

686 2031 1041 2085 tribuendum
1075 2041 1180 2097 est,
1210 2032 1357 2101 quod
1376 2032 1578 2103 sapius
1611 2033 1913 2089 mediocria
1942 2045 2038 2089 aut
2061 2035 2289 2091 humilia

685 2128 965 2191 lo-lnatur.

753 2347 999 2401 Terrena
1032 2356 1215 2401 autem
1272 2347 1584 2420 intelligunt
1626 2349 1716 2405 hic
1750 2350 1973 2420 quidam
2010 2350 2078 2406 de
2123 2362 2289 2407 vento

670 2442 887 2494 dictum
919 2456 1065 2505 esse,
1112 2456 1175 2495 ac
1212 2446 1255 2494 si
1292 2443 1501 2497 diceret
1537 2439 1645 2497 {Si
1686 2454 1967 2498 terrenum
2023 2448 2285 2516 proposui

665 2537 1013 2605 meniplum,
1044 2548 1226 2591 etnon
1248 2537 1491 2600 creditis,
1518 2540 1794 2607 quomodo
1842 2540 1886 2592 si
1921 2540 2145 2596 cmicste
2184 2540 2287 2594 ali-

677 2630 806 2696 quid
870 2640 963 2682 aut
1024 2629 1316 2683 sublimius
1371 2630 1585 2695 dixero,
1646 2631 1929 2685 credetis?

758 2722 865 2774 Alii
928 2736 1081 2785 vero,
1151 2733 1386 2787 terrena,
1477 2725 1545 2775 de
1610 2722 2029 2793 regeneratione
2077 2720 2283 2777 dii-tum

672 2812 1569 2881 astruunt,interpretautes,quod
1602 2822 1876 2866 terrenam
1905 2814 2047 2867 hanc
2064 2813 2285 2877 dixerit,

671 2907 774 2959 etsi
807 2906 1050 2959 cwlestis
1083 2907 1154 2959 sit
1181 2922 1244 2958 ac
1271 2904 1489 2967 divina,
1551 2916 1811 2975 tanquam
1862 2922 2029 2975 super
2077 2918 2281 2961 terram

668 2999 920 3070 impleta,
961 3010 1014 3049 et
1044 2996 1419 3065 temparando
1449 2998 1515 3051 ad
1543 3011 1697 3051 suam
1718 2996 2059 3051 ineffabilem
2106 3013 2247 3070 geue
2274 3030 2277 3032 -

670 3093 964 3145 rationem.
1000 3090 1137 3144 Nam
1168 3090 1234 3144 ad
1269 3090 1418 3145 illius
1444 3090 1833 3146 celsitudinem
1888 3090 2004 3146 haec
2065 3102 2284 3147 terrena

657 3197 744 3238 est
772 3194 826 3237 et
845 3183 1088 3236 humilis.

2398 1964 2499 2032 τῆς
2554 1960 2814 2029 τοιαύτης
2872 1963 3056 2029 σιγῆς,
3118 1958 3203 2011 ὅτι
3260 1958 3351 2010 διὰ
3404 1958 3507 2029 τὴν
3569 1958 3836 2011 ἀπιστίαν
3891 1958 4003 2009 τῶν

2399 2051 2991 2122 ἁκροωμένιυν.”Ωστε.
3035 2051 3166 2103 ὅταν
3201 2051 3405 2120 μέτρια
3436 2049 3747 2118 φθέγγηται
3777 2052 3873 2101 καὶ
3898 2066 4001 2101 ταο

2399 2150 2561 2198 πεινᾷ
2591 2147 2685 2197 καὶ
2722 2145 2917 2211 ἀνάξια
2946 2145 3213 2207 πολλάκις
3242 2144 3339 2213 τῆς
3374 2143 3488 2212 (27)
3523 2142 3694 2197 αὑτοῦ
3721 2144 4001 2212 θεότητος,

2398 2240 2465 2308 τῇ
2500 2237 2730 2307 ἀπιστίᾳ
2758 2236 2855 2289 καὶ
2892 2236 3150 2307 ἀσθενείᾳ
3175 2236 3383 2291 τούτων
3413 2236 3696 2304 λογιστέον
3729 2236 3891 2289 αὑτά.

2484 2330 2731 2399 Ἐπίγεια
2760 2330 2817 2383 δέ
2851 2330 2949 2383 νῦν
2979 2328 3092 2401 (28)
3121 2346 3269 2392 τινες
3302 2330 3433 2400 περὶ
3465 2328 3557 2382 τοῦ
3588 2329 3799 2398 ἀνέμου
3831 2328 4002 2397 φασιν

2399 2422 2685 2493 είςκῆσθαιι
2719 2423 2824 2488 ὃτι,
2850 2422 2911 2473 ΕΙ
2945 2422 3190 2487 ἐπίγειον
3217 2419 3582 2490 παράδειγμα
3612 2413 3790 2481 εἷπον,
3823 2420 3915 2471 καὶ
3936 2418 3999 2471 οὐ

2398 2516 2709 2579 πιστεύετε,
2731 2516 2869 2579 πῶς,
2895 2514 2991 2567 ἐάν
3014 2513 3156 2566 είπω
3170 2512 3429 2583 οὐράνιόν
3446 2530 3497 2565 τι
3520 2516 3613 2567 καὶ
3639 2513 3998 2583 ὑψηλότερον,

2399 2609 2722 2659 πιστεύσετε
2749 2606 2895 2674 (‘29);

2467 2700 2625 2761 Τινὲς
2650 2699 2729 2765 δὲ,
2770 2698 3038 2767 Ἑπίγεια
3070 2697 3201 2768 περὶ
3239 2697 3339 2768 τῆς
3370 2697 3792 2767 ἀναγεννήσεως
3826 2696 4002 2767 ῥηθῆ-

2397 2810 2486 2846 ναι
2510 2793 2785 2861 λέγουσιν,
2820 2791 3222 2863 ἑρμηνεύοντες
3255 2792 3338 2844 ὅτι
3370 2792 3622 2857 ἐπίγειον
3656 2790 3813 2843 τοῦτο
3844 2786 3996 2855 εἷπε,

2398 2886 2575 2939 καίτοι
2616 2886 2873 2956 οὺράνιον
2906 2887 2999 2936 καὶ
3029 2883 3174 2936 θεῖον
3206 2882 3267 2935 ὃν
3294 2922 3308 2945 ,
3343 2885 3417 2944 ὡς
3451 2886 3548 2936 ἐπὶ
3596 2883 3699 2951 γῆς
3729 2883 3998 2953 τελούμε·

2397 2996 2487 3033 νον
2513 2996 2527 3007 ·
2556 2978 2589 3048 ἢ
2642 2978 2736 3032 καὶ
2781 2977 2920 3048 πρὸς
2955 2978 3248 3048 σύγκρισιν
3279 2978 3377 3045 τῆς
3412 2978 3863 3049 φρικωδεστάτης
3896 2980 3999 3031 αὑ-

2394 3068 2489 3123 τοῦ
2521 3072 2856 3139 γεννήσεως.
2888 3070 3033 3141 Πρὸς
3069 3071 3178 3140 γὰρ
3212 3069 3275 3123 τὸ
3302 3069 3436 3140 ὕψος
3463 3070 3705 3141 ἐκείνης,
3750 3072 3999 3140 ἐπίγειός

2396 3163 2545 3215 ἐστιν
2578 3161 2720 3232 αὕτη
2754 3164 2849 3215 καὶ
2884 3161 3165 3233 χθαμαλή.

746 3276 902 3332 \‘ers.
948 3278 1032 3331 l5.
1070 3276 1139 3331 Et
1171 3306 1239 3316 —
1262 3276 1354 3346 qui
1379 3276 1667 3331 descendit.
1698 3277 1834 3341 Ouia
1869 3280 2124 3349 superius
2151 3278 2285 3334 dixit
2312 3241 2358 3302 ϐ
2463 3254 2495 3309 λ

2247 3279 2285 3333 il
2312 3241 2358 3302 Ci
2463 3253 2578 3309 Καὶ
2603 3285 2673 3295 -
2706 3253 2991 3321 καταϐάς.
3041 3255 3195 3308 Ἐπεὶ
3241 3256 3535 3327 προλαδὼν
3564 3252 3720 3310 εἶπεν
3765 3256 3794 3309 ό
3828 3256 3996 3311 Νικό-

666 3372 1008 3426 Nieodeinus
1039 3388 1053 3422 :
1082 3370 1301 3424 Scimus
1332 3371 1475 3440 quod
1518 3386 1547 3423 a
1575 3370 1687 3425 Deo
1738 3373 2028 3425 venerisin
2082 3373 2285 3444 magis-

662 3474 809 3517 trum
853 3480 867 3529 ;
901 3466 1003 3517 hoc
1038 3464 1219 3533 ipsum
1257 3478 1405 3517 nunc
1440 3463 1691 3533 corrigit,
1726 3478 1790 3517 ac
1837 3464 1884 3517 si
1938 3464 2084 3519 dicat
2122 3480 2137 3518 ι
2172 3464 2285 3521 Nec

665 3574 757 3613 me
802 3557 965 3613 talem
997 3558 1279 3612 existimes
1322 3564 1743 3626 praceptorein,
1778 3557 1934 3625 quasi
1964 3572 2134 3611 unum
2184 3558 2285 3612 ali-

662 3667 829 3721 quem
859 3667 925 3707 ex
954 3651 1264 3722 prophetis.
1295 3650 1489 3705 Nullus
1513 3650 1788 3720 siquidem
1823 3640 2042 3705 illorum
2085 3668 2285 3708 ascen-

657 3746 739 3799 dit
772 3746 829 3798 in
862 3748 1083 3809 uelum,
1122 3746 1239 3799 sive
1267 3744 1552 3815 ingressus
1580 3752 1667 3798 est
1699 3744 1757 3797 in
1782 3743 2005 3807 malum,
2048 3746 2152 3800 nisi
2181 3763 2283 3818 ego

656 3839 753 3911 qui
790 3854 821 3894 e
860 3843 1002 3894 caelo
1026 3838 1568 3909 descendi,ideoque
1604 3836 1929 3891 sublimiora
1966 3836 2155 3893 defero
2187 3842 2284 3894 ilo-

654 3940 857 4004 gmata.

733 4027 854 4080 Alio
879 4035 1148 4095 praeterea
1181 4023 1347 4079 modo
1376 4022 1517 4078 dixit
1544 4042 1557 4078 :
1594 4021 1701 4089 Qui
1717 4024 1984 4079 descendit
2004 4024 2068 4078 de
2104 4023 2232 4077 coelo
2262 4040 2281 4079 :

654 4121 785 4190 quia
821 4123 872 4173 in
919 4119 1097 4172 Veteri
1161 4114 1517 4171 Testamento
1563 4116 1957 4183 diversitnode,
2014 4119 2276 4188 variaque

652 4212 1073 4283 dispensatione
1102 4211 1310 4265 dicitur
1332 4210 1480 4265 Deus
1507 4212 1811 4266 ascendere
1836 4227 1901 4267 ac
1918 4212 2278 4279 descendere,

654 4310 805 4363 velut
836 4320 919 4361 est
950 4306 1086 4360 illud
1114 4324 1128 4360 ι
1166 4305 1499 4359 Descendens
1530 4304 1733 4371 videbo,
1759 4309 1802 4359 si
1812 4305 2279 4375 juxtdclamorem

656 4392 872 4455 i(lorum
897 4400 1103 4469 operati
1138 4408 1260 4453 sunt
1288 4398 1359 4467 δ’,
1386 4406 1444 4453 et
1465 4399 1716 4452 Ascendit
1738 4396 1877 4453 Deus
1896 4399 1967 4451 ad
1981 4399 2280 4466 Abraham,

654 4506 709 4548 ut
745 4496 972 4549 cessavit
998 4494 1142 4564 loqui
1177 4492 1247 4546 ad
1278 4508 1399 4545 eum
1423 4491 1488 4559 “,
1512 4492 1793 4564 multaque
1822 4492 2047 4548 similia.

728 4676 885 4732 Vers.
925 4676 1013 4732 l5.
1048 4674 1219 4729 Filius
1247 4673 1501 4728 hominis.
1534 4672 1639 4739 Qui
1664 4674 1969 4730 secundum
2015 4674 2274 4729 Immani-

654 4780 825 4823 tatem
860 4767 1031 4821 Filius
1051 4776 1139 4821 est
1172 4766 1440 4821 hominis.

730 4863 887 4918 Scire
942 4874 1127 4915 autem
1183 4871 1423 4931 oportet,
1460 4862 1606 4932 quod
1654 4860 1996 4915 adivinitatc
2029 4860 2270 4929 seipsum

656 4959 977 5024 frequenter
1026 4956 1303 5018 nominat,
1358 4963 1415 5007 et
1470 4954 1635 5007 etiam
1696 4954 1898 5023 saepius
1955 4960 2024 5005 ab
2074 4953 2265 5005 liunia-

658 5054 853 5106 nitate.

734 5146 894 5203 Vers.
931 5148 1018 5203 l5.
1057 5147 1165 5213 Qui
1205 5178 1273 5188 —
1313 5144 1463 5202 calo.
1494 5147 1597 5213 Qui
1622 5148 1779 5219 juxta
1804 5146 2152 5203 divinitatem
2209 5148 2261 5199 in

758 5334 802 5363 δ’
853 5333 993 5387 Gen.
1031 5350 1182 5394 xvm,
1221 5335 1308 5387 2|.
1425 5334 1471 5364 ιο
1508 5330 1649 5387 Gen.
1694 5347 1828 5399 xvn,
1863 5332 1955 5385 2'2.

2390 3352 2585 3419 δημος,
2627 3352 2709 3403 ὅτι
2735 3351 2976 3419 Οῐδαμεν
3006 3347 3089 3400 ὅτι
3119 3348 3227 3402 ἀπὸ
3254 3348 3391 3401 Θεοῦ
3426 3342 3693 3417 ἐλήλυθας
3721 3349 3986 3404 διδάσκα-

2392 3444 2500 3507 λος,
2555 3441 2716 3494 τοῦτο
2747 3444 2879 3494 αὐτὸ
2923 3440 3239 3511 διορθοῦται
3274 3441 3392 3505 νῦν,
3430 3440 3637 3493 ὡσανεὶ
3666 3441 3863 3509 λέγων,
3897 3442 3991 3514 Μὴ

2389 3536 2619 3607 νομίσῃς
2654 3552 2721 3607 με
2755 3538 3001 3589 τοιοῦτον
3035 3536 3364 3588 διδάσκαλον
3395 3536 3470 3599 ὡς
3498 3536 3597 3589 ἕνα
3625 3536 3735 3589 τῶν
3769 3553 3991 3607 προφη-

2389 3630 2518 3683 τῶν.
2554 3630 2663 3681 Καὶ
2692 3628 2803 3700 γὰρ
2826 3628 3003 3691 οὐδεὶς
3035 3629 3263 3681 ἐκείνων
3294 3626 3643 3697 ἀναδέὁηκεν
3670 3630 3748 3690 είς
3781 3632 3873 3681 τὸν
3900 3630 3991 3681 οὐ·

2390 3726 2576 3797 ρανὸν,
2613 3724 2806 3796 [ἦγουν
2838 3724 2951 3793 (50)
2983 3723 3160 3791 ἐπέϐη
3190 3722 3287 3778 τοῦ
3320 3723 3606 3795 οὐρανοῦ.)
3641 3723 3688 3775 εί
3723 3724 3800 3794 μὴ
3826 3722 3939 3791 ἐγὼ
3961 3723 3991 3776 ό

2389 3821 2453 3871 ἐκ
2500 3818 2595 3871 τοῦ
2638 3816 2874 3889 οὐρανοῦ
2918 3816 3187 3879 καταϐάς.
3245 3816 3337 3869 Διὸ
3381 3818 3477 3869 καὶ
3529 3816 3713 3886 ὑψηλά
3740 3816 3989 3887 δόγματα

2390 3914 2625 3985 κομίζω.

2462 4012 2571 4061 Καὶ
2600 4008 2805 4079 ἑτέρως
2829 4007 2885 4061 δὲ
2915 4002 3093 4071 εἶπεν,
3125 4007 3208 4060 ὃτι
3256 4006 3320 4059 '0
3359 4006 3427 4059 ἐκ
3458 4006 3565 4061 τοῦ
3595 4008 3860 4075 οὐρανοῦ
3883 4024 3993 4061 xa-

2387 4103 2613 4169 ταὸάς’
2668 4102 2803 4154 διότι
2858 4102 3009 4171 παρὰ
3054 4103 3119 4169 τῇ
3165 4100 3382 4169 Παλαιᾷ.
3429 4100 3624 4170 Γραφῇ
3679 4102 3823 4154 κατά
3872 4102 3993 4156 δια-

2387 4202 2589 4270 φόρους
2624 4198 2942 4267 οἰκονομίας
2984 4201 3011 4249 ὁ
3052 4196 3187 4257 Θεὸς
3232 4195 3546 4263 καταϐῆναι
3581 4196 3675 4247 καὶ
3716 4196 3989 4265 ἀναϐῆναι

2386 4294 2629 4360 λέγεται,
2682 4292 2758 4354 ὡς
2810 4292 2906 4343 τό·
2944 4292 3223 4355 Κατασὰς
3267 4288 3515 4358 ὄψομαι,
3566 4289 3620 4341 εί
3674 4291 3828 4345 κατὰ
3876 4291 3992 4357 τὴν

2384 4387 2661 4455 κραυγὴν
2690 4385 2895 4441 αὐτῶν
2922 4384 3374 4440 συντελοῦνται
3396 4400 3408 4413 ο
3449 4384 3544 4437 καὶ
3574 4384 3636 4436 τό
3658 4399 3673 4414 ’
3722 4383 3923 4450 Ἀνέϐη
3956 4387 3989 4437 d

2387 4480 2530 4547 Θεὸς
2554 4480 2672 4534 ἀπὸ
2710 4479 2988 4547 Ἀϐραὰμ,
3007 4478 3192 4547 ἡνίκα
3219 4476 3534 4530 ἐπαύσατο
3557 4474 3771 4529 ..ια-λῶν
3801 4473 3984 4541 αὐτῷ,

2309 4598 2355 4657 D
2384 4578 2479 4628 καὶ
2505 4575 2675 4627 πολλά
2704 4572 2955 4628 τοιαῦτα.

2464 4670 2527 4720 '0
2563 4669 2687 4732 Υἱὸς
2730 4666 2837 4719 τοῦ
2874 4662 3214 4732 ἀνθρώπου.
3292 4662 3353 4716 '0
3392 4660 3536 4715 κατά
3567 4659 3668 4732 τὴν
3698 4660 3989 4730 ἀνθρωπῦ-

2375 4782 2514 4836 τητα
2544 4764 2696 4835 (Υἱὸς
2724 4762 2836 4833 (51)
2864 4760 2959 4814 τοῦ
2993 4759 3108 4830 (52)
3137 4756 3297 4812 Θεοῦ.

2451 4857 2574 4926 Χρὴ
2602 4855 2660 4906 δὲ
2691 4853 2989 4920 γινώσκειν
3030 4853 3115 4904 ὅτι
3148 4850 3417 4913 πολλάκις
3455 4850 3559 4920 μέν
3592 4849 3702 4903 ἀπὸ
3735 4849 3831 4919 τῆς
3866 4848 3985 4900 θεός

2376 4964 2535 5017 τητος
2557 4963 2572 4978 ο
2599 4946 2862 5009 πολλάκις
2891 4944 2947 4997 δὲ
2972 4944 3085 4997 ἀπὸ
3108 4944 3207 5013 τῆς
3236 4941 3693 5015 ἀνθρωπότητος]
3723 4942 3984 5012 όνομάςει

2378 5043 2597 5097 ἐαυτόν.

2470 5142 2512 5189 0
2544 5167 2615 5179 ——
2640 5134 2915 5204 Ὄὺρανῷ.
2958 5134 3015 5188 '0
3043 5133 3186 5187 κατὰ
3215 5132 3314 5206 τὴν
3342 5132 3579 5206 θεότητα
3604 5132 3683 5189 ὣν
3710 5133 3769 5186 ἐν
3792 5130 3871 5203 τῷ
3893 5130 3986 5183 οὐ·

1900 5489 2098 5550 Varim
2151 5489 2463 5551 lecliones
2512 5492 2573 5547 et
2621 5490 2815 5546 noue.

726 5671 840 5741 (26)
872 5668 1103 5739 Ἐπειδὴ

720 5740 834 5812 (ἳἹ)
862 5743 974 5811 Τῆς
1007 5740 1203 5794 ἑαυτοῦ
1238 5741 1299 5791 Α.

720 5820 834 5886 (28)
880 5816 1039 5877 Τινὲς
1072 5815 1137 5866 Α.

716 5893 833 5959 (29)
887 5887 1088 5939 [ita-.60
1132 5901 1224 5957 ητε
1258 5888 1323 5941 Δ.

2452 5662 2563 5734 (50)
2594 5662 2809 5718 inclusa
2847 5662 3046 5716 absunt
3080 5662 3143 5713 Α.

2452 5738 2563 5806 (El)
2596 5736 2807 5789 Inclusa
2848 5737 3052 5788 absunt
3116 5740 3179 5787 Α.

2450 5805 2562 5883 (32)
2596 5808 2824 5879 Corrige
2886 5806 3207 5877 ἀνθρώπου,
3241 5822 3294 5866 ιιι
3334 5805 3501 5863 habet
3541 5805 3869 5865 Ilentenius.
