4430 6460
739 401 866 465 li?!

1982 397 2360 459 EUTIIYMII
2414 398 2773 459 ZIGABENI

3875 396 4013 461 1172

728 532 855 572 esse
888 516 1151 580 ostendit,
1197 514 1355 584 cujus
1384 528 1534 568 mors
1570 522 1790 583 praestat
1825 514 1949 568 aliis
1965 514 2130 568 vitam
2166 521 2325 565 αξιοι·-
2357 517 2400 570 Α
2432 513 2477 563 ἐι

2263 526 2325 561 ξι·-
2357 517 2400 570 Α
2432 511 2698 582 ἐνέφηνεν
2740 512 2824 565 ὅτι
2875 504 2934 562 οῦ
2986 509 3013 559 δ
3063 508 3294 570 θάνατος
3329 508 3539 577 ἑτέροις
3592 509 3824 577 παρέχει
3865 512 4012 580 ζωὴν

726 623 873 660 nam.
907 607 1131 663 Moritur
1180 606 1450 674 siquidem
1474 615 1729 674 tanquam
1751 606 1934 666 homo,
1974 612 2315 673 praestatau-

727 706 835 751 tem
869 698 1032 750 vitam
1065 704 1327 750 u-ternam
1357 706 1616 765 tanquam
1646 696 1789 750 Deus
1830 714 1842 748 :
1871 705 1927 748 et
1957 694 2051 763 qui
2083 694 2316 747 aliorum

725 788 987 857 prohibet
1002 788 1390 857 perditionem,
1410 790 1525 859 ipse
1544 802 1892 856 nequaquam
1922 786 2102 855 perire
2114 793 2314 855 potest.

723 880 870 932 Crux
895 893 1027 949 ergo
1053 879 1177 933 vitae
1210 888 1433 934 eterna
1473 878 1597 933 fons
1631 887 1737 933 est.
1766 877 1946 943 Unde,
1976 876 2125 947 quod
2165 876 2312 946 cogi—

726 972 860 1026 tatio
883 986 991 1025 non
1014 970 1174 1026 facile
1197 971 1412 1039 recipit,
1437 969 1572 1023 ﬁdes
1594 969 1807 1038 recipit,
1832 983 1954 1038 qua
1974 966 2317 1038 cOgitationis

723 1064 1081 1119 imbecillitati
1104 1076 1305 1117 nervos
1334 1061 1504 1116 addit.
1532 1061 1835 1131 Patetergo
1856 1059 1977 1114 ﬁdei
2007 1059 2234 1113 utilitas.

789 1239 936 1294 Vcrs.
994 1240 1079 1294 l6.
1103 1236 1192 1293 Sic
1241 1270 1310 1284 —
1364 1249 1641 1293 intentam.
1686 1268 1753 1279 —
1808 1238 1952 1291 Deus
2001 1238 2082 1293 sic
2127 1238 2317 1292 dilexit

720 1330 1009 1392 mundum,
1041 1332 1155 1385 sive
1187 1330 1325 1386 adeo
1358 1331 1613 1385 homines
1645 1342 1817 1393 amat,
1850 1339 1908 1383 ut
1936 1345 2036 1399 pro
2066 1330 2312 1383 homini—

718 1421 820 1475 bus
850 1421 1042 1476 l‘ilium
1069 1439 1227 1476 suum
1252 1424 1508 1477 dilectum
1534 1424 1590 1476 in
1628 1432 1859 1476 mortem
1903 1421 2215 1486 tradiderit,
2260 1431 2316 1473 ut

714 1516 893 1569 omnis
912 1516 1005 1583 qui
1030 1515 1203 1570 credit
1225 1516 1281 1568 in
1307 1530 1456 1579 eum,
1482 1517 1626 1568 vivat
1652 1514 1972 1584 perenniter
1995 1514 2105 1566 vita
2128 1513 2315 1577 beata,

712 1622 833 1675 quae
855 1608 1059 1660 sanctis
1084 1607 1357 1677 congruit.
1390 1604 1648 1661 Ostendit
1676 1620 1833 1675 ergo.
1862 1604 2009 1673 quod
2035 1604 2103 1660 de
2134 1614 2317 1659 mente

714 1712 812 1750 sua
846 1697 987 1750 sicut
1018 1707 1068 1749 et
1098 1697 1274 1751 Patris
1318 1696 1485 1750 fuerit
1527 1696 1855 1754 cruciﬁxio:
1903 1710 2009 1749 una
2043 1695 2315 1764 siquidem

712 1789 1016 1857 eademque
1056 1789 1309 1847 voluntas
1364 1798 1450 1843 est
1495 1788 1673 1843 Patris
1703 1799 1758 1841 et
1810 1787 1929 1842 Filii
1982 1802 2047 1841 ac
2080 1785 2317 1856 Spiritus

710 1881 907 1935 sancti.
935 1878 1172 1934 Rursum
1203 1880 1350 1949 quod
1382 1879 1605 1934 additur
1638 1897 1650 1932 :
1690 1879 1753 1934 Ut
1782 1878 1977 1942 omnis,
2016 1878 2109 1947 qui
2139 1876 2317 1930 credit

710 1975 899 2027 incum
922 1990 1023 2027 non
1064 1974 1371 2042 pereat,sed
1388 1973 1576 2027 habeat
1596 1973 1760 2026 vitam
1794 1981 2072 2033 aternam,
2101 1967 2306 2025 contire

714 2068 884 2120 tnatio
916 2066 1065 2121 verbi
1095 2078 1198 2121 est.

784 2155 891 2213 Sed
906 2173 1070 2227 quam
1083 2158 1152 2212 ob
1169 2173 1391 2211 causam
1422 2157 1613 2211 dilexit
1636 2156 1780 2209 Deus
1807 2152 2119 2208 mundum?
2148 2151 2308 2222 plane

710 2253 781 2305 ub
810 2250 957 2304 aliud
994 2250 1152 2315 nihil,
1184 2264 1348 2320 quam
1380 2258 1604 2319 propter
1639 2247 1967 2301 immensam
2000 2245 2305 2299 bonitatem

711 2354 889 2397 suam.

781 2434 1188 2489 Erubeseamus
1216 2433 1386 2503 igitur
1418 2432 1698 2487 intuentes
1738 2431 1856 2499 ejus
1890 2427 2248 2484 dilectionem
2288 2444 2300 2479 :

708 2542 837 2582 nam
858 2526 974 2596 ipse
1012 2540 1190 2595 neque
1214 2524 1353 2579 Filio
1374 2540 1474 2581 suo
1494 2522 1778 2595 unigenito
1802 2522 2050 2592 pepercit
2074 2527 2305 2588 pr0pter

710 2635 832 2682 nos,
868 2628 922 2673 at
981 2634 1083 2673 nos
1114 2620 1279 2673 etiam
1310 2616 1558 2687 pecuniis
1598 2615 1894 2684 parcimus,
1925 2628 1993 2675 ne
2022 2628 2116 2667 eas
2169 2627 2301 2683 pro-

707 2722 831 2780 pter
857 2712 1032 2781 ipsum
1052 2727 1115 2765 ex
1130 2708 1431 2779 pendamus
1456 2725 1469 2760 :
1496 2706 1641 2775 quod
1666 2715 1815 2760 certe
1838 2719 2060 2759 omnem
2081 2702 2297 2757 excedit

708 2803 1181 2874 ingratitudinem,
1210 2811 1269 2855 ut
1290 2814 1430 2870 opus
1457 2800 1580 2869 ejus
1611 2799 1895 2852 immensae
1917 2797 1987 2852 sit
2009 2796 2300 2862 bonitatis,

706 2904 959 2951 nostrum
1080 2907 1213 2947 vero
1283 2892 1565 2946 immensae
1647 2887 2079 2959 ingratitudinis.
2160 2888 2302 2958 Erga

706 2991 915 3045 Filium
976 3004 1196 3059 quoque
1244 2978 1408 3042 simili
1473 2986 1678 3040 utimur
1768 2982 2015 3054 perﬁdia.
2081 2982 2300 3036 Homini

705 3099 944 3154 namque
965 3082 1057 3154 qui
1082 3098 1140 3137 se
1167 3097 1267 3151 pro
1291 3080 1451 3136 nobis
1473 3079 1730 3149 exposuit
1752 3076 2010 3149 periculo.
2043 3085 2296 3146 prompte

2420 602 2660 666 αίώνιον,
2700 603 2834 664 Θεός
2874 603 2993 655 ἐστι
3029 602 3283 661 πάντως·
3336 600 3516 652 θανὼν
3561 599 3661 668 μὲν
3698 600 3774 662 ὡς
3803 601 4014 669 ἀνθρω-

2422 711 2544 760 πος,
2574 694 2835 763 παρέχων
2865 692 2922 746 δέ
2954 691 3101 761 ζωὴν
3132 689 3349 745 αἰώνιον
3377 690 3452 753 ὡς
3482 690 3617 753 Θεός
3649 707 3661 716 ·
3698 693 3796 743 καὶ
3830 693 3859 743 ό
3897 709 4010 743 κω-

2421 785 2567 838 λύων
2634 786 2734 853 τὴν
2780 784 2985 854 ἐτέρων
3040 782 3320 837 ἀπίὺλειαν
3375 782 3478 834 οὐκ
3517 782 3583 835 ἀν
3632 798 3765 834 ποτε
3826 781 3994 844 αὐτὸς

2423 875 2729 929 ἀπολεῖται.
2794 876 2853 928 '0
2911 876 3142 945 σταυρὸς
3193 872 3288 927 οῦν
3334 874 3488 942 πηγὴ
3521 872 3668 938 ζωὴς
3699 873 3943 935 αἰωνίου.
3984 872 4012 925 δ

2428 968 2687 1038 λογισμδς
2734 967 2835 1038 μιν
2884 968 3085 1037 ῥαδίως
3142 966 3204 1018 οὐ
3257 964 3653 1035 παραδέχεται,
3710 966 3895 1027 πίστις
3952 965 4011 1017 δὲ

2423 1060 2791 1130 παραδέχεται
2813 1098 2828 1123 ,
2854 1059 3126 1127 νευροῦσα
3146 1056 3242 1109 τοῦ
3266 1055 3533 1125 λογισμοῦ
3562 1056 3664 1127 τὴν
3690 1058 4007 1111 ἀσθένειαν.

2425 1152 2601 1221 Χρεία
2651 1152 2837 1205 τοίνυν
2868 1151 3127 1212 πίστεως.

2496 1244 2697 1308 Οὕτως
2738 1272 2809 1285 --
2844 1242 3108 1295 αίώγιον.
3146 1240 3335 1304 Οὕτως
3364 1240 3657 1310 ἠγάπησεν
3697 1243 3725 1293 δ
3760 1239 3891 1302 Θεὸς
3919 1239 4011 1292 τὸν

2423 1334 2652 1402 κόσμον,
2687 1335 2857 1404 ἧγουν
2894 1332 3151 1389 τοσοῦτόν
3173 1335 3286 1388 ἐστι
3313 1332 3725 1402 φιλάνθρωπος.
3751 1332 3892 1385 ὥστε
3920 1332 4013 1383 τὸν

2422 1425 2552 1477 Υίὸν
2573 1425 2744 1478 αὑτοῦ
2772 1425 2865 1478 τὸν
2884 1424 3171 1494 ἀγαπητὸν
3188 1424 3453 1487 ἐξέδωκεν
3481 1424 3623 1492 ὺπέρ
3655 1423 3764 1477 τῶν
3795 1423 4011 1493 ἀνθρὼ-

2423 1534 2543 1570 πων
2574 1518 2655 1579 είς
2703 1516 2960 1583 θάνατον,
3013 1517 3102 1569 ἵνα
3145 1518 3251 1577 πᾶς
3284 1518 3313 1568 ὁ
3343 1514 3617 1568 πιστεύων
3646 1516 3725 1575 είς
3755 1516 3918 1570 αὑτὸν
3942 1516 4010 1583 ζῇ

2421 1606 2659 1671 αἰωνίως
2707 1608 2808 1678 τὴν
2860 1608 3149 1677 μακαρίαν
3193 1607 3361 1676 ζωὴν,
3413 1605 3513 1675 τὴν
3544 1606 3868 1675 πρέπουσαν
3898 1607 4013 1667 τοῖς

2423 1698 2625 1764 ἀγίοις.
2661 1698 2874 1761 Ἐδειξε
2908 1699 3094 1751 τοίνυν
3125 1701 3208 1753 ὅτι
3241 1699 3337 1752 καὶ
3379 1696 3458 1766 τῷ
3500 1697 3676 1766 ῐιατρὶ
3711 1698 3851 1749 κατά
3875 1696 4016 1763 γνὼ-

2427 1809 2536 1860 μην
2581 1792 2615 1862 ἠ
2652 1791 2983 1860 σταύρωσις.
3041 1793 3143 1846 Ἐν
3198 1793 3308 1863 γὰρ
3361 1793 3459 1846 καὶ
3505 1792 3571 1845 τὺ
3622 1792 3755 1846 αὐτὸ
3800 1790 4016 1860 θέλημα

2353 1846 2615 1953 θὴᾶτρί
2671 1846 2960 1955 καῖ’Υίιῖξ
3004 1886 3099 1938 και
3157 1846 3299 1954 ἀέιῴ
3365 1884 3672 1953 Πνεύματι.
3734 1846 4013 1935 Πάλινηδέ

2412 1982 2499 2042 τὸ,
2544 1979 2681 2032 Ἵνα
2722 1977 2843 2044 πᾶς
2898 1981 2929 2032 ό
2980 1978 3290 2031 πιστεύων
3313 1978 3403 2041 είς
3438 1977 3629 2029 αὐτὸν
3648 1972 3736 2043 μὴ
3783 1974 4013 2037 ἀπόλη-

2412 2066 2682 2135 ται,ά.λ.ι’
2700 2070 2811 2139 ἔχῃ
2840 2068 2991 2137 ζωὴν
3007 2071 3273 2131 αἰώνιον,
3302 2074 3381 2132 εις
3402 2067 3696 2138 βεϐαίωσιν
3712 2066 3804 2120 τοῦ
3826 2066 4004 2131 λόγου.

2502 2162 2663 2217 una
2698 2161 2843 2221 τίνος
2885 2161 3078 2214 ἕνεκεν
3114 2164 3141 2214 ό
3173 2162 3307 2223 Θεὸς
3336 2160 3596 2231 ἠγάπησε
3618 2160 3710 2211 τὸν
3760 2160 3966 2226 κόσμον
3993 2172 4008 2221 ;

2414 2254 2640 2315 Πάντως
2664 2250 2904 2305 διὀὑδέν
2931 2251 3121 2322 ἐτερον
3152 2251 3185 2321 ἢ
3216 2249 3283 2304 δι’
3309 2249 3621 2323 ὑπερϐολὴν
3644 2248 4009 2318 ἀγαθότητος.

2482 2434 2879 2505 Δίσχυνθῶμεν
2900 2431 2996 2490 οῦν
3047 2433 3214 2490 αὐτοῦ
3236 2433 3337 2505 τὴν
3380 2435 3627 2504 ἀγάπην.
3687 2431 3862 2495 Aitth
3910 2430 4009 2499 μιν

2410 2528 2520 2599 γὰρ
2540 2529 2662 2582 οὑδέ
2689 2527 2781 2581 τοῦ
2820 2528 2951 2582 Υίοῦ
2980 2528 3076 2582 τοῦ
3114 2525 3440 2598 μονογενοῦς
3472 2526 3727 2597 ἐφείσατο
3745 2525 3814 2579 δι’
3838 2526 4005 2594 ἡμᾶς’

2407 2621 2574 2690 ἡμεῖς
2631 2619 2687 2672 δὲ
2749 2620 2846 2672 καὶ
2914 2619 3216 2690 χρημάτων
3282 2618 3583 2689 φειδόμεθα
3640 2618 3706 2670 δι’
3733 2617 3939 2677 αὐτὸν,
3980 2614 4008 2666 δ

2408 2714 2589 2765 πᾶσαν
2653 2710 3039 2781 ὕπερδέὅηκεν
3095 2712 3263 2773 ὅντως
3314 2709 3677 2780 ἀχαριστίαν’
3742 2706 3817 2770 ὼς
3866 2702 4004 2758 εἶναι

2405 2803 2467 2857 τὸ
2514 2804 2730 2857 ἐκείνου
2792 2802 2893 2872 μὲν
2956 2800 3265 2872 ὑπερὸολὴν
3315 2800 3695 2870 ἀγαθότητος,
3754 2799 3816 2851 τὸ
3864 2798 4003 2867 ἡμέ-

2407 2911 2566 2967 τερον
2622 2896 2719 2961 δὲ,
2774 2894 3083 2965 ὑπερϐολὴν
3142 2893 3483 2965 ἀχαριστίας.
3531 2891 3692 2946 Ἀλλὰ
3754 2889 4005 2959 καὶπρὸς

2404 2991 2498 3042 τὸν
2558 2989 2683 3043 Υἰδν
2738 2990 2837 3058 τὴν
2891 2988 3013 3058 ίοην
3070 2986 3467 3057 ἀγνωμοσύνην
3528 2983 3822 3055 τηροῦμεν.
3884 2982 4003 3033 Ἀν-

2408 3081 2615 3153 θρώπῳ
2663 3082 2762 3152 μὲν
2815 3080 2924 3150 γὰρ
2981 3078 3121 3149 ὑπὲρ
3167 3078 3327 3149 ἡμῶν
3382 3074 3785 3138 κινδυνεύοντι,
3821 3073 4002 3125 πᾶσαν

703 3192 923 3230 omnem
976 3176 1249 3229 tradimus
1302 3171 1666 3227 substantiam
1704 3186 1717 3224 :
1760 3169 1983 3225 Christo
2015 3183 2143 3223 vero
2199 3168 2293 3237 qui
2328 3184 2372 3243 ο
2408 3195 2448 3229 π

2251 3168 2293 3221 αἱ
2328 3184 2372 3243 c
2408 3174 2705 3244 προθύμως
2735 3171 3076 3242 ἐπιδώσομεν
3104 3171 3172 3225 ἀν
3199 3171 3297 3240 τὴν
3328 3170 3549 3223 οὐσίαν·
3579 3167 3658 3239 τῷ
3690 3168 3747 3219 δὶ
3779 3163 4000 3236 Χριστῷ

708 3285 808 3337 pro
841 3268 1000 3323 nobis
1049 3275 1302 3321 mortuus
1342 3275 1445 3327 est,
1487 3279 1666 3335 neque
1715 3264 1856 3318 hanc
1889 3261 2293 3317 benevolentiae

706 3374 1024 3415 mensuram
1075 3358 1404 3415 exhibemus
1454 3373 1471 3413 :
1520 3356 1617 3412 sed
1664 3355 1859 3411 fratres
1881 3355 2002 3423 ejus
2035 3353 2296 3408 minimos

702 3454 1039 3523 despicimus
1057 3453 1387 3514 esurientes,
1407 3446 1624 3519 aliaque
1648 3449 1881 3519 plurima
1910 3445 2256 3501 sustinentes
2285 3464 2297 3497 :

704 3548 876 3617 magis
910 3556 1093 3601 autem
1122 3548 1322 3616 ipsum,
1358 3546 1453 3616 qui
1486 3544 1626 3599 mala
1663 3544 1878 3598 illorum
1908 3556 2009 3611 per
2046 3554 2300 3611 compas-

701 3642 916 3695 sionem
959 3656 1059 3710 pro
1092 3640 1210 3695 suis
1246 3640 1419 3695 ducit.

772 3826 926 3881 Vers.
968 3826 1053 3880 i7.
1085 3824 1207 3879 Non
1266 3854 1335 3867 -—
1389 3840 1531 3877 cum.
1566 3822 1742 3876 Aliam
1790 3835 2011 3890 quoque
2068 3819 2163 3875 Dei
2210 3834 2300 3874 os-

700 3918 874 3972 tendit
914 3917 1314 3971 humanitatem
1356 3930 1420 3970 ac
1466 3912 1803 3969 ineffabilem
1839 3927 2001 3979 quam
2043 3926 2169 3983 erga
2194 3926 2298 3965 nos

694 4010 838 4081 gerit
871 4025 1083 4065 curam.
1123 4008 1312 4077 Neque
1333 4008 1478 4063 enim
1510 4005 1689 4060 solum
1719 4004 1871 4059 dedit
1902 4003 2103 4058 Filium
2135 4020 2294 4059 suum

697 4105 1065 4175 unigenitum,
1095 4102 1189 4156 sed
1216 4110 1270 4155 ct
1290 4100 1563 4171 judicium
1588 4097 1799 4169 rejecit,
1820 4110 1883 4150 ac
1910 4095 1964 4149 in
1991 4096 2293 4152 secundum

695 4198 816 4266 ejus
843 4194 1055 4249 distuiit
1085 4193 1402 4248 adventum.

764 4289 882 4344 Duo
904 4286 1173 4355 siquidem
1192 4283 1395 4340 Christi
1417 4294 1545 4339 sunt
1565 4285 1857 4350 adventus,
1872 4285 1964 4355 qui
1986 4286 2099 4355 jam
2120 4285 2295 4340 factus

690 4390 776 4435 est
826 4390 883 4433 et
930 4379 1021 4447 qui
1086 4376 1309 4431 futurus
1367 4385 1469 4431 est.
1524 4374 1641 4429 Non
1681 4386 1811 4431 sunt
1862 4388 2047 4431 autem
2098 4376 2151 4431 hi
2187 4378 2294 4431 duo

688 4469 757 4524 ad
787 4468 1012 4525 eosdem
1046 4467 1219 4532 lines;
1252 4476 1338 4521 est
1371 4467 1518 4520 enim
1552 4468 1762 4536 primus
1791 4482 1901 4522 non
1934 4477 1989 4522 ut
2029 4468 2287 4538 inquirat,

690 4563 787 4618 sed
822 4574 878 4617 ut
901 4562 1149 4617 remittat
1182 4576 1304 4630 qua:
1337 4560 1404 4614 ab
1426 4560 1742 4616 hominibus
1777 4570 2088 4630 perpetrata
2113 4571 2243 4617 sunt
2274 4583 2286 4614 :

692 4655 973 4709 secundus
1006 4668 1136 4707 vero
1167 4668 1277 4707 non
1325 4665 1383 4707 ut
1439 4652 1708 4722 remittat,
1769 4653 1865 4709 sed
1919 4664 1977 4708 ut
2024 4654 2287 4725 inquirat.

688 4748 787 4803 llic
814 4763 947 4818 ergo
977 4748 1045 4801 de
1085 4747 1265 4816 primo
1296 4746 1569 4817 loquitur.

758 4844 923 4912 Atqui
949 4844 1115 4897 etiam
1142 4841 1354 4908 primus
1386 4842 1868 4897 condemnationis
1891 4853 2029 4900 erat.
2055 4844 2098 4897 si
2142 4843 2289 4912 quod

688 4952 882 4991 verum
927 4944 1012 4989 est
1064 4934 1223 4988 fateri
1280 4934 1564 4997 volumus;
1631 4950 1756 4988 nam
1812 4944 1939 4989 ante
1998 4935 2146 4989 hunc
2203 4935 2289 4990 lex

681 5030 955 5083 naturalis
980 5037 1119 5093 erat,
1148 5037 1201 5082 et
1235 5030 1319 5084 lex
1356 5030 1559 5099 scripta
1589 5043 1650 5081 ac
1680 5028 1984 5098 prophetae,
2020 5028 2288 5082 doctrina:

680 5134 735 5176 et
768 5123 1051 5192 signorum
1085 5122 1480 5182 exhibitiones,
1525 5122 1742 5190 aliaque
1780 5122 1953 5176 multa
1998 5137 2121 5191 quae
2157 5121 2286 5176 vita:

680 5214 934 5268 instituta
952 5213 1296 5284 eorrigerent
1320 5232 1331 5265 :
1351 5223 1406 5267 et
1436 5229 1792 5284 consequens
1810 5224 1930 5268 erat
1951 5224 2007 5267 ut
2033 5213 2279 5268 omnium

678 5308 1151 5377 transgressiones
1213 5308 1562 5380 punirentur.
1624 5307 1729 5362 Sed
1787 5325 1910 5365 cum
1979 5309 2276 5365 admodum

680 5402 960 5454 humanus
1020 5407 1188 5464 esset,
1263 5417 1371 5455 non
1436 5401 1721 5455 statimde
1804 5402 1963 5455 malis
2030 5403 2278 5472 inquire-

674 5495 792 5553 bat.
844 5495 941 5548 sed
992 5492 1347 5563 ignoscebat;
1403 5509 1529 5548 nam
1582 5494 1627 5549 si
1679 5494 2020 5564 inquisisset,
2084 5511 2279 5551 omnes

672 5590 837 5643 simul
896 5589 1113 5659 abrepti
1175 5597 1381 5652 essent,
1439 5604 1635 5645 omnes
1692 5589 1962 5661 siquidem
2014 5605 2277 5660 peccave-

671 5695 797 5737 rant
827 5685 893 5735 ⁸³.
923 5683 1078 5737 Nunc
1133 5697 1267 5752 ergo
1316 5685 1471 5737 venit
1494 5691 1554 5738 ut
1608 5685 1676 5740 de
1704 5684 2002 5755 prateritis
2054 5684 2269 5739 veniam

775 5872 821 5903 ³³
853 5869 1011 5925 Rom.
1054 5884 1112 5934 ιε,
1148 5868 1241 5923 9.5.

2404 3266 2473 3321 δι’
2520 3266 2672 3335 ἡμᾶς
2729 3262 3101 3327 ἀποθανόντι,
3145 3260 3270 3315 οὐδὲ
3325 3260 3483 3314 τοῦτο
3535 3260 3597 3314 τὸ
3651 3260 3851 3329 μέτρον
3904 3255 4002 3322 τῆς

2405 3356 2829 3427 εὐγνωμοσύνης
2878 3354 3243 3425 φυλάττομεν,
3296 3353 3431 3406 ἀλλά
3494 3350 3825 3421 παρορῶμεν
3872 3349 4000 3411 τοὺς

2412 3446 2679 3515 ἀδελφοὺς
2725 3446 2918 3510 αὑτοῦ,
2969 3449 3095 3510 τοὺς
3148 3446 3487 3516 ἐλαχίστους,
3553 3442 3855 3505 πεινῶντας
3905 3439 4002 3493 καὶ

2407 3539 2677 3609 διψῶντας
2709 3580 2725 3604 ,
2820 3539 2915 3592 καὶ
2993 3537 3161 3593 τᾶλλα
3241 3539 3429 3593 πάντα
3503 3534 3998 3597 κακοπαθοῦντας.

2411 3630 2611 3698 μᾶλλον
2644 3630 2703 3684 δὲ
2737 3629 2901 3682 αὑτὸν
2933 3631 3163 3694 ἐκεῖνον,
3196 3628 3287 3681 τὸν
3323 3628 3391 3682 τὰ
3416 3629 3642 3681 ἐκείνων
3694 3624 3997 3696 συμπαθῶς

2405 3727 2516 3777 οεκε
2529 3722 2610 3776 ιού
2620 3741 2803 3792 μενον.

2473 3820 2557 3874 οὐ
2584 3848 2653 3860 —-
2688 3817 2902 3873 αὐτοῦ.
2934 3818 3185 3871 Δείκνυσι
3210 3817 3303 3871 καὶ
3324 3816 3491 3887 ἀλλην
3512 3816 3607 3869 τοῦ
3636 3813 3773 3869 Θεοῦ
3806 3812 4000 3881 φιλαν-

2405 3913 2655 3984 θρωπίαν
2684 3912 2778 3965 καὶ
2810 3912 3150 3983 κηδεμονίαν
3180 3911 3409 3980 ἄφατον.
3452 3909 3526 3961 Οὐ
3562 3908 3723 3979 μόνον
3763 3908 3873 3978 γάρ
3907 3905 3998 3957 τὸν

2406 4008 2533 4061 Υίζν
2558 4005 2725 4061 αὐτοῦ
2755 4006 2845 4057 τὸν
2871 4004 3135 4076 μονογενῆ
3162 4004 3386 4066 ἔδωκεν,
3420 4002 3560 4055 ἀλλά
3599 4003 3697 4055 καὶ
3736 4000 3832 4071 τὴν
3868 3999 3993 4068 κρί-

2405 4118 2491 4153 σιν
2520 4098 2835 4162 ἀνεϐάλετο,
2855 4098 2949 4151 καὶ
2980 4098 3059 4161 είς
3090 4096 3189 4166 τὴν
3213 4094 3475 4166 δευτέραν
3494 4092 3797 4166 παρουσίαν
3824 4091 3995 4162 αὐτὴν

2401 4192 2786 4262 ἐταμιεύσατο.

2476 4284 2580 4337 Δύο
2605 4283 2716 4352 γάρ
2755 4282 2811 4335 αί
2844 4280 2940 4334 τοῦ
2983 4281 3219 4353 Χριστοῦ
3256 4279 3576 4351 παρουσίαι,
3614 4280 3649 4350 ἠ
3689 4279 3787 4350 ήδη
3833 4294 3995 4347 γεγε-

2400 4377 2609 4447 νημένη
2640 4374 2733 4427 καὶ
2765 4375 2797 4445 ἡ
2833 4373 3124 4445 μέλλουσα.
3169 4373 3285 4427 Οὐκ
3320 4372 3416 4427 ἐπὶ
3449 4374 3561 4435 τοῖς
3596 4372 3781 4435 αὐτοῖς
3838 4372 3890 4425 δὲ
3938 4372 3995 4423 αί

2398 4470 2511 4524 δύο.
2551 4468 2693 4522 Ἀλλ’
2727 4468 2761 4537 ἡ
2786 4467 2978 4539 πρώτη
3014 4466 3114 4536 μὶν
3146 4468 3246 4538 οὐχ
3271 4468 3360 4520 ἵνα
3393 4466 3623 4539 ἐξετάσῃ
3670 4467 3738 4521 τά
3782 4483 3994 4537 πεπραι

2403 4560 2579 4632 γμένα
2651 4560 2763 4622 τοῖς
2816 4558 3149 4629 ἀνθρώποις,
3188 4558 3303 4612 ἀλλ’
3362 4560 3449 4613 ἵνα
3523 4560 3634 4631 ἀφῇ
3680 4601 3693 4617 .
3768 4559 3997 4628 δευτέρα

2397 4656 2453 4710 δὲ
2488 4657 2585 4726 οὐχ
2622 4657 2708 4729 ἵνα
2732 4656 2867 4727 ἀφῇ,
2908 4654 3025 4709 ἀλλ’
3050 4654 3137 4709 ἴνα
3169 4654 3423 4727 ἐξετάσῃ.
3470 4655 3587 4709 Νῦν
3640 4654 3741 4726 τῆς
3770 4655 3997 4724 πρώτης

2389 4748 2483 4803 οὖν
2519 4750 2646 4819 πέρι
2684 4750 2838 4821 φησί.

2468 4845 2667 4898 Καίτοι
2695 4846 2791 4898 καὶ
2829 4847 2861 4914 ὴ
2905 4844 3097 4915 πρώτη
3122 4845 3359 4915 κρίσεως
3396 4841 3466 4918 ἦν
3519 4846 3585 4900 ἀν
3613 4846 3757 4900 κατὰ
3775 4847 3866 4899 τδν
3897 4847 3989 4899 τοῦ

2388 4937 2603 4991 δικαίου
2635 4937 2819 5006 λόγον,
2848 4938 2985 4992 διότι
3016 4938 3123 5009 πρὸ
3158 4939 3365 5010 ταύτης
3393 4940 3491 4994 καὶ
3517 4940 3681 5009 νόμος
3724 4936 3794 5011 ἦν
3832 4957 3990 5010 φυσι-

2390 5033 2483 5094 κὸς
2519 5032 2611 5083 καὶ
2635 5031 2798 5101 νόμος
2825 5032 3070 5103 γραπτὸς
3096 5034 3191 5087 καὶ
3214 5033 3487 5105 προφῆται
3520 5035 3614 5087 καὶ
3648 5032 3989 5086 διδασκαλίαι

2388 5124 2480 5177 καὶ
2510 5126 2755 5193 σημείων
2786 5125 3079 5189 ἐπιδείξεις
3095 5126 3198 5181 -καὶ
3247 5127 3416 5180 πολλά
3446 5128 3514 5180 τὰ
3545 5127 3862 5197 διορθοῦντα
3893 5126 3990 5197 τὴν

2385 5217 2691 5281 πολιτείαν,
2720 5218 2815 5269 καὶ
2850 5217 3147 5271 ἀκόλουθον
3176 5215 3245 5291 ἦν
3289 5220 3521 5285 εὐθύνας
3555 5220 3777 5275 πάντων
3820 5220 3991 5271 ἀπαι-

2384 5308 2639 5378 τηθῆναι’
2685 5308 2800 5361 ἀλλ’
2828 5308 2905 5371 ώς
2938 5308 3080 5379 ἄγαν
3130 5310 3541 5381 φιλάνθρωπος,
3589 5314 3690 5365 οὐκ
3738 5312 3899 5373 εὐθὺς
3931 5314 3990 5365 ἐν

2380 5404 2446 5471 τῇ
2507 5400 2697 5471 πρώτῃ
2754 5402 3051 5473 ἐποιήσατο
3103 5403 3387 5470 ἐξέτασιν,
3424 5405 3559 5459 ἀλλά
3608 5406 3982 5477 συγχώρησιν.

2393 5496 2453 5549 ΕΞ
2490 5496 2599 5568 γάρ
2645 5495 2906 5567 ἐξήτασε,
2942 5498 3143 5561 πάντες
3190 5500 3259 5553 ἂν
3291 5500 3488 5570 ἀθρόον
3525 5500 3983 5573 ἀνηρπάσθησαν.

2392 5590 2602 5651 Πάντες
2628 5590 2736 5659 γὰρ
2768 5589 3039 5659 ἥμαρτον,
3080 5591 3233 5660 φησί.
3267 5593 3380 5647 Νῦν
3424 5595 3524 5665 μὲν
3556 5591 3652 5649 οῦν
3691 5591 3818 5669 ἧκε,
3858 5615 3985 5668 συγ-

2386 5685 2587 5757 χωρῶν
2619 5688 2720 5756 μέν
2750 5686 2818 5739 τά
2845 5686 3115 5759 πρότερα,
3158 5690 3596 5765 ἀσφαλιζόμενος
3638 5694 3696 5748 δέ
3755 5694 3889 5766 πρὸς
3919 5695 3988 5748 τὰ
