4430 6460
796 407 933 473 1187

2031 397 2416 460 EUTHYMII
2458 397 2816 460 ZIGABENI

3948 389 4088 455 1188

784 517 1085 588 discipulos
1113 512 1493 585 exspectabat,
1522 510 1615 582 qui
1647 510 1897 565 abierant
1932 518 1994 565 ut
2022 510 2175 565 cibos
2218 523 2374 564 eme-
2403 521 2447 575 Α
2479 529 2533 565 τι

2340 535 2374 550 ι·
2403 521 2447 575 Α
2479 528 2574 565 ται
2601 511 2713 563 τῶν
2755 505 3122 579 ἀνθρωπίνων
3180 504 3454 577 σωμάτων
3476 518 3494 535 ο
3531 503 3653 573 ἅμα
3711 502 3769 557 δι
3829 504 3923 556 καὶ
3958 506 4089 566 τοὺς

779 619 924 663 rent.
972 606 1108 662 Vide
1173 615 1357 659 autem
1403 602 1751 673 evangelista
1794 600 2126 670 diligentiam
2163 614 2387 668 :neque

779 701 928 753 enim
981 698 1155 751 dixit:
1213 696 1355 750 liora
1421 703 1543 749 erat
1596 701 1799 757 sexta,
1856 692 1953 746 sed
2002 693 2167 762 {erm
2212 702 2387 752 sexta,

780 792 1058 842 instruens
1079 803 1198 848 nos.
1220 802 1289 841 ne
1318 789 1484 840 etiam
1522 785 1743 838 minima
1780 781 2267 852 parvipendamus,
2288 779 2382 833 sed

777 881 831 932 in
865 880 949 932 his
969 892 1089 947 quae
1124 893 1248 932 sese
1286 876 1529 931 oﬂ’erunt
1555 875 1843 927 veritatem
1870 884 2171 927 sectemur.
2205 872 2386 940 Siqui-

776 971 897 1021 dem
932 984 999 1021 ne
1032 969 1352 1020 atlirmando
1385 974 1616 1029 erraret,
1669 963 1969 1017 dictionem
2020 962 2283 1028 correxit,
2321 969 2377 1014 et

776 1059 1227 1127 conjecmraliter
1256 1057 1472 1110 locutus
1505 1066 1617 1108 est.

850 1236 1000 1289 Vers.
1038 1236 1087 1289 7.
1134 1234 1382 1287 Venit—
1410 1250 1634 1303 aquam.
1681 1232 1809 1285 Inde
1854 1233 2001 1285 enim
2055 1229 2385 1284 hauriebam.

776 1344 969 1395 aquam
1003 1344 1064 1380 ac
1098 1328 1388 1390 bibt-bant,
1421 1328 1513 1395 qui
1542 1327 1746 1379 dictam
1781 1326 2061 1378 civitatem
2092 1323 2381 1375 inhabita-

772 1421 925 1475 bant.
957 1436 1025 1473 eo
1053 1424 1195 1489 quod
1230 1420 1388 1489 pauci
1416 1420 1569 1488 juxta
1606 1419 1786 1471 locum
1822 1425 2015 1470 essent
2049 1415 2225 1484 putei.

833 1511 985 1565 Vers.
1024 1513 1073 1563 7.
1110 1512 1246 1561 Dicit
1276 1539 1342 1549 —-
1368 1518 1423 1560 ut
1452 1510 1645 1561 bibam.
1670 1506 2137 1572 Quemadmodum
2170 1506 2220 1556 in
2253 1503 2379 1567 ﬁcu,

771 1617 891 1669 quae
919 1604 1129 1653 exaruit
1148 1601 1212 1659 “.
1242 1600 1372 1652 ﬁcus
1395 1599 1710 1667 requirebat
1736 1611 1843 1650 non
1873 1605 2097 1665 prapter
2120 1598 2379 1656 esuriem,

772 1695 869 1745 sed
916 1691 1322 1756 dispensatorie
1376 1704 1566 1757 agens,
1602 1698 1661 1741 ut
1699 1696 1927 1754 accepta
1974 1686 2265 1739 occasione
2313 1685 2383 1738 ad

770 1783 1099 1835 miraculum
1129 1779 1444 1847 perveniret
1477 1798 1490 1831 ι
1528 1779 1604 1831 ita
1635 1787 1691 1831 et
1718 1792 1869 1830 nunc
1900 1777 1965 1830 de
1996 1776 2147 1828 fonte
2178 1790 2376 1843 aquam

770 1872 1032 1941 postulat,
1084 1886 1205 1945 non
1250 1871 1373 1923 sitis
1429 1884 1616 1932 causa,
1664 1871 1761 1922 sed
1804 1865 2236 1936 dispensatorie,
2268 1882 2376 1935 quo
2412 1868 2453 1925 ιι

772 1966 977 2011 nactus
1041 1959 1391 2010 occasionem
1451 1969 1577 2007 cum
1631 1953 1868 2007 muliere
1915 1953 2373 2021 colloqueretur;

771 2047 1091 2116 praesciehat
1154 2046 1299 2098 enim
1357 2046 1529 2113 ipsam
1587 2042 1922 2095 credituram
1972 2040 2377 2109 multorumque

769 2136 892 2189 ﬁdei
926 2150 1146 2188 causam
1178 2134 1418 2188 futuram
1454 2148 1468 2186 :
1508 2130 1745 2201 ideoque
1778 2138 1971 2186 exorta
2002 2130 2377 2185 collocutione

764 2241 966 2295 aquam
1006 2224 1247 2292 reliquit.

838 2314 993 2369 Vers.
1026 2314 1079 2367 8.
1116 2312 1377 2378 Discipuli
1405 2341 1478 2351 —
1506 2321 1562 2365 ut
1591 2321 1839 2365 emerent.
1878 2310 2163 2380 Siquidem
2212 2312 2376 2367 viati-

767 2422 892 2459 cum
947 2420 1059 2458 non
1106 2406 1491 2467 contulerant.
1530 2405 1713 2460 edocti
1763 2414 2011 2458 ventrem
2065 2404 2373 2473 despicere,

767 2514 870 2550 ncc
916 2501 1112 2549 anxius
1172 2497 1345 2566 ipsius
1406 2512 1598 2568 gerere
1662 2496 2039 2564 obsequium,
2092 2496 2187 2549 sed
2246 2506 2375 2550 tunc

771 2592 949 2642 Sultttu
1010 2589 1187 2658 ipsius
1218 2589 1423 2644 habere
1470 2605 1685 2653 curam,
1724 2604 1850 2643 cum
1903 2590 1971 2641 ad
2022 2588 2126 2642 hoc
2181 2601 2374 2641 natura

762 2692 1011 2752 cogeret.

834 2775 943 2826 Cur
964 2781 1149 2826 autem
1173 2781 1306 2826 tunc
1334 2772 1662 2826 miraculum
1697 2783 1962 2842 operatus
1986 2787 2094 2826 non
2119 2778 2202 2826 est
2230 2771 2373 2825 circa

762 2868 914 2919 cibos
949 2867 1346 2935 discipulorum
1375 2866 1397 2917 ?
1422 2866 1585 2931 Quia,
1622 2867 1667 2920 si
1703 2869 1894 2921 omnia
1939 2876 2198 2935 tanquam
2230 2867 2373 2920 Deus

755 2958 1090 3012 -tnirabihtcr
1117 2965 1381 3025 operatus
1404 2956 1622 3017 fuisset,
1655 2972 2003 3027 nequaquam
2042 2956 2209 3009 homo
2249 2971 2371 3010 esse

756 3050 1004 3104 creditus
1027 3051 1221 3103 luisset
1247 3066 1260 3113 ;
1288 3049 1751 3117 quemadmodum
1777 3065 1807 3103 e
1828 3050 2072 3113 diverso,
2093 3049 2138 3103 si
2159 3050 2367 3114 omnia,

757 3151 1023 3211 tanquam
1058 3145 1222 3196 homo
1258 3142 1502 3206 iecisset,
1530 3140 1710 3194 Deum
1740 3156 1864 3195 esse
1890 3142 2043 3195 nullo
2063 3140 2226 3195 modo
2253 3156 2371 3195 cre~

758 3206 1055 3290 ditiis-sent.
1128 3236 1257 3290 ldec
1320 3234 1654 3303 quandoque
1718 3243 1777 3287 ut
1850 3235 2018 3289 homo
2083 3206 2442 3303 operatumc

740 3330 1083 3405 .ostcndens,
1122 3328 1269 3395 quod
1316 3328 1479 3379 homo
1514 3328 1587 3380 sit
1625 3342 1640 3392 ;
1688 3328 1969 3381 interdum
2008 3342 2166 3390 vero,
2216 3326 2372 3395 quasi

764 3420 911 3473 Deus
937 3419 1211 3473 mirabilia
1240 3430 1524 3489 operatur.

834 3512 996 3565 Solus
1026 3520 1210 3564 autem
1241 3512 1468 3565 sedebat
1503 3510 1647 3564 circa
1679 3508 1909 3575 fontem,
1944 3524 2019 3566 ,ει
2060 3509 2167 3563 hoc
2202 3510 2369 3563 etiam

758 3605 1081 3667 ostendens,
1110 3605 1256 3673 quod
1288 3614 1436 3657 esset
1466 3619 1495 3656 a
1526 3602 1668 3656 fastu
1702 3604 1937 3657 alienus.

832 3695 985 3749 Vers.
1018 3696 1069 3749 9.
1104 3694 1245 3747 Dicit
1268 3722 1339 3732 —
1361 3693 1751 3748 Samaritanis.
1790 3693 1909 3747 Non
1968 3692 2367 3748 commercium

756 3791 983 3854 habent,
1014 3791 1133 3843 sive
1176 3804 1284 3843 non
1323 3789 1758 3853 communicant,
1789 3789 1937 3859 ipsos
1965 3788 2369 3850 abominantes,

754 3898 1014 3955 tanquam
1050 3888 1227 3939 solum
1254 3885 1307 3937 in
1341 3894 1498 3954 parte
1522 3885 1895 3954 judaizantes.

818 3979 925 4033 Sed
971 3979 1114 4030 unde
1151 3976 1404 4031 Judaeum
1449 3992 1573 4031 esse
1609 3977 1911 4046 cognovit?
1944 3977 2026 4031 Ab
2056 3976 2247 4031 habitu
2276 3985 2369 4030 aut

751 4072 915 4123 etiam
963 4087 992 4124 a
1028 4069 1271 4138 loquela.
1336 4066 1469 4123 Nam
1528 4069 1791 4123 Christus
1840 4070 2060 4138 quidem
2104 4081 2365 4139 tanquam

751 4176 861 4215 non
886 4161 1181 4230 vulgariter
1213 4159 1454 4225 Iudaeus,
1493 4161 1592 4214 sed
1621 4164 1789 4214 etiam
1826 4160 1996 4229 Deus,
2034 4171 2362 4233 contempta

753 4254 1072 4323 hujttsmodt
1114 4253 1492 4318 observantia,
1530 4252 1788 4322 captabat
1831 4267 1943 4307 non
1984 4253 2362 4309 Samaritano—

752 4359 872 4397 ium
908 4351 1120 4396 tantum
1154 4343 1615 4405 familiaritatem,
1644 4343 1740 4397 sed
1784 4349 1840 4397 et
1871 4354 2203 4400 cunctarum
2237 4344 2363 4399 nbi-

749 4451 859 4505 que
909 4438 1178 4507 gentium.
1253 4434 1607 4489 Samaritana
1660 4449 1795 4490 vero
1844 4437 2173 4510 esistimans
2230 4452 2357 4491 eum

2492 604 2745 673 μαθητὰς
2774 602 3044 670 ἀνέμενεν
3076 598 3418 659 ἀπελθόντας
3461 595 3540 658 είς
3586 594 3797 665 ἀγοράν
3834 593 4082 667 τροφῶν.

2490 697 2633 765 Ὅρα
2662 694 2720 747 δι
2754 693 2851 746 ⁴τοῦ
2890 689 3288 759 εὐαγγελιστοῦ
3347 692 3450 757 τὴν
3498 687 3788 757 ἀκρίϐειαν
3815 702 3829 717 ·
3877 688 3937 738 οὑ
3974 686 4086 754 γὰρ

2489 783 2665 849 εἶπεν,
2693 786 2837 855 Ὠρα
2852 779 2921 854 ἦν
2944 783 3103 853 ῑκτη,
3127 780 3244 835 ἀλλ’
3262 781 3408 834 ὡσεὶ
3430 781 3574 845 ἕκτη
3598 795 3613 810 ⁸
3641 778 3913 831 παιδεύων
3938 779 4088 847 ἡμᾶς

2490 876 2613 946 μηδ’
2640 875 2737 928 ἐπὶ
2766 877 2882 937 τοῖς
2932 872 3247 941 ἐλαχίστοις
3302 871 3652 938 ἀδιαφορεῐν,
3692 868 3831 922 ἀλλά
3866 870 3964 921 καὶ
4018 869 4081 920 ιν

2484 970 2599 1028 τοῖς
2633 964 2894 1035 τυχοῦσιν
2944 960 3296 1029 ἐπιτηδεύειν
3356 960 3646 1027 ἀλήθειαν.
3682 958 3802 1011 Ἰνα
3861 958 3969 1028 γὰρ
4005 958 4083 1026 μὴ

2488 1056 2927 1123 ἀποφαινόμενος
2951 1054 3083 1114 ίσως
3112 1049 3388 1121 ἀποτύχῃ,
3406 1050 3638 1104 ἐκόλασε
3661 1050 3761 1119 τὴν
3786 1050 3955 1115 λέξιν,
3987 1051 4083 1101 καὶ

2491 1145 2867 1215 στοχαστικῶς
2903 1144 3110 1208 ἔλεξεν.

2562 1240 2833 1306 Ἔρχεται
2865 1267 2933 1278 -
2958 1235 3136 1301 ὕδωρ.
3187 1232 3435 1286 Ἐκεῖθεν
3470 1232 3579 1301 γὰρ
3632 1233 3682 1284 oi
3719 1233 3815 1301 τῆς
3852 1232 4083 1301 εἰρημέ-

2486 1350 2585 1402 νης
2613 1332 2823 1393 πόλεως
2858 1328 3168 1396 ὑδρεύοντο,
3198 1326 3287 1377 διὰ
3317 1327 3378 1377 τὸ
3405 1323 3480 1393 μὴ
3508 1327 3678 1392 συχνὰ
3705 1324 3918 1391 φρέατα
3953 1322 4085 1392 περὶ

2486 1429 2578 1478 τὸν
2605 1426 2772 1477 τόπον
2805 1419 2971 1474 εἶναι.

2558 1516 2729 1585 Λέγει
2754 1544 2824 1553 -
2854 1514 3034 1568 πιεῖν.
3080 1512 3291 1582 Ὥσπερ
3322 1512 3416 1564 επὶ
3451 1508 3553 1577 τῆς
3586 1507 3948 1577 ξηρανθείσης
3986 1523 4085 1558 συ-

2488 1611 2589 1678 κῆς
2638 1610 2697 1660 ού
2750 1606 2952 1659 πεινῶν
2999 1606 3183 1673 ἐζήτει
3236 1604 3398 1666 σῦκα,
3444 1602 3563 1655 ἀλλ’
3608 1599 3949 1667 οίκινομῶν,
3997 1600 4085 1650 ῖια

2488 1699 2819 1766 εὑαςρόρμως
2850 1695 2946 1747 ἐπὶ
2976 1695 3075 1765 τὴν
3115 1694 3569 1764 θαυματουργίαν
3605 1691 3735 1763 ἔλθῃ
3763 1706 3779 1723 ο
3813 1690 3959 1742 οὕτω
3989 1692 4086 1742 καὶ

2486 1793 2581 1844 νῦν
2615 1791 2709 1843 ἐπὶ
2736 1793 2835 1860 τῆς
2870 1788 3053 1857 πηγῆς
3083 1789 3145 1839 ού
3172 1787 3342 1854 διψῶν
3374 1784 3559 1854 ἐζήτει
3600 1784 3769 1853 ὕδωρ,
3794 1779 3911 1834 ἀλλ’
3943 1783 4087 1834 cito-

2484 1881 2690 1950 νομῶν,
2718 1879 2807 1932 ἵνα
2835 1879 3169 1946 εύαφόρμως
3193 1880 3259 1945 τῇ
3290 1877 3512 1942 γυναικὶ
3538 1872 3821 1941 διαλεχθῇ.
3853 1874 4087 1941 Προιτί-

2482 1988 2663 2026 νωσκε
2698 1972 2808 2042 γὰρ
2847 1970 3019 2039 αὐτὴν
3059 1967 3467 2020 πιστεύσουσαν
3503 1967 3599 2018 καὶ
3634 1966 3854 2027 πολλοῖς
3892 1966 4083 2018 αἰτίαν

2484 2067 2721 2127 πίστεως
2757 2063 3145 2133 γενησομένην
3173 2076 3187 2089 ·
3218 2060 3301 2114 διὸ
3326 2062 3443 2126 καὶ,
3480 2059 3579 2129 τῆς
3618 2055 3911 2123 διαλέξεως
3944 2057 4089 2125 ἀ,ψά-

2484 2174 2669 2227 μενος,
2700 2156 2882 2225 ἀφῆκε
2913 2156 2977 2207 τὸ
3004 2154 3118 2223 (58)
3153 2154 3320 2225 ὓδωρ.

2556 2316 2621 2367 Ol
2679 2312 2790 2382 γὰρ
2839 2310 3103 2381 μαθηταὶ
3143 2340 3213 2352 -
3258 2310 3668 2380 ἀγοράσωσιν.
3713 2310 3825 2363 Οὐκ
3878 2312 4086 2379 ἐπεφίμ-

2483 2426 2639 2481 ροντο
2693 2407 2806 2479 (59)
2856 2406 2963 2477 γὰρ
3004 2404 3216 2473 ἑςόδια,
3269 2405 3659 2468 παιδευθέντες
3712 2408 4085 2473 καταφρονεῖν

2479 2498 2743 2568 γαστρὸς,
2782 2498 2877 2551 καὶ
2912 2496 2986 2566 μή
3029 2495 3513 2564 περισπούδαστον
3547 2494 3807 2563 ἡγεῖσθαι
3843 2496 3941 2564 τὴν
3974 2496 4085 2547 λε.-

2479 2590 2743 2661 τουργίαν
2800 2591 2995 2657 αὐτῆς,
3048 2588 3185 2640 ἀλλά
3239 2588 3360 2639 τότε
3424 2587 3586 2655 μόνον
3648 2587 4083 2655 ἐπιστρέφεσθαι

2475 2684 2704 2754 ταύτης,
2735 2686 2826 2737 ὅτε
2860 2682 3049 2735 λοιπὸν
3075 2684 3106 2750 ή
3144 2680 3307 2748 φύσις
3338 2680 3578 2745 ἐπείγοι.

2549 2777 2676 2839 Πῶς
2736 2770 2833 2828 οὖν
2900 2776 3003 2827 οὐκ
3056 2770 3559 2841 ὲθαυματούργησε
3616 2770 3713 2825 καὶ⁵
3769 2770 3894 2823 τότε
3948 2771 4083 2840 περὶ

2477 2870 2577 2933 τὰς
2602 2869 2810 2939 τροφὰς
2841 2866 2951 2919 τῶν
2982 2865 3283 2935 μαθητῶνς
3314 2866 3461 2918 Διότι
3496 2865 3593 2917 ιάν
3629 2864 3811 2919 πάντα
3840 2864 3917 2926 ὼς
3948 2862 4081 2925 Θεὸς

2475 2960 2904 3033 ἑτερατούργει,
2956 2959 3237 3029 ἠπιστήθη
3296 2957 3361 3010 ἂν
3416 2957 3497 3010 ὅτι
3557 2956 3851 3029 ἄνθρωπός
3902 2960 4079 3017 ἐστιν.

2476 3058 2672 3127 ῶσπερ
2718 3056 2886 3108 πάλιν
2935 3056 3031 3105 ἐὰν
3080 3053 3261 3107 πάντα
3312 3052 3389 3115 ὼς
3442 3050 3735 3120 ἄνθρωπος
3783 3052 4077 3122 ίπραττεν,

2474 3146 2795 3220 ήπιστήσθη
2832 3148 2897 3198 ἂν
2930 3147 3012 3198 ὅτι
3043 3144 3174 3205 Sed;
3208 3146 3348 3196 ἐστι.
3378 3144 3476 3197 Διά
3508 3144 3669 3197 τοῦτο
3701 3144 3833 3197 ποτε
3871 3145 3969 3212 μιν
4000 3144 4080 3206 ὡς

2478 3244 2773 3312 ἅνθρωπος
2832 3239 3093 3310 πράττει,
3156 3236 3396 3307 βεϐαιῶν
3450 3238 3533 3290 ὅτι
3582 3238 3873 3309 ἄνθρωπός
3926 3241 4076 3290 icst'

2479 3336 2614 3389 ποτε
2673 3334 2731 3386 δι
2788 3332 2863 3395 ὠς
2924 3331 3061 3397 Θεὸς
3114 3332 3497 3402 τερατουργεῖ,
3570 3331 3938 3399 πιστούμενος
3994 3331 4079 3382 ὅτι

2476 3427 2610 3489 θεός
2650 3428 2791 3479 ἑστι.
3230 3466 3235 3470 .

2548 3520 2723 3583 Μόνος
2752 3519 2811 3571 δὲ
2850 3518 3147 3583 ικαθέζετο
3186 3516 3337 3587 παρά
3367 3518 3434 3586 τῇ
3476 3519 3627 3588 πηγῇ
3665 3516 4076 3589 παιδεύων-καὶ

2473 3612 2540 3663 ὲκ
2574 3610 2764 3664 τούτου
2798 3610 2857 3661 τὸ
2889 3610 3116 3679 ἄτυφον.

2545 3705 2717 3774 Λέγει
2752 3734 2821 3744 -
2849 3704 3265 3771 Σαμαρείταις.
3296 3703 3371 3757 Οὐ
3404 3700 3776 3772 συγχρῶνται,
3810 3703 3979 3774 ήγουν
4009 3706 4071 3758 οὑ

2476 3799 2827 3863 κοινωνοῦσι,
2883 3796 3304 3869 βδελυττόμενοι
3342 3798 3568 3863 τούτους
3608 3797 3681 3861 ὼς
3719 3796 3777 3865 ιε
3812 3800 4075 3868 ἡμισείας

2476 3893 2874 3957 ἰουδαΐζοντας.

2560 3986 2722 4041 Ἀλλά
2775 3986 2941 4039 πόθεν
2994 3986 3139 4056 ἔγνω
3202 3985 3285 4039 ὅτι
3360 3984 3614 4049 Ἰουδαῖός
3674 3986 3867 4049 ὲστινς
3941 3984 4073 4038 Ἀπὸ

2469 4079 2563 4135 τοῦ
2616 4082 2921 4151 σχήματος,
2964 4078 2997 4149 ἢ
3037 4077 3132 4131 καὶ
3180 4076 3290 4131 ἀπὸ
3335 4079 3438 4147 τῆς
3484 4076 3803 4141 διαὶίεεως.
3861 4077 3921 4130 '0
3974 4077 4073 4147 μὲν

2467 4172 2564 4227 οῦν
2613 4172 2873 4244 Χριστὸς,
2937 4166 3024 4225 οἷα
3078 4170 3156 4241 μὴ
3207 4169 3397 4233 ἁπλῶς
3457 4170 3741 4234 Ἰουδαῖος,
3783 4170 3923 4224 ἀλλά
3976 4172 4072 4223 καὶ

2465 4265 2619 4331 Θεὸς,
2652 4262 2878 4333 παρεῖδε
2904 4264 3005 4333 τήν
3036 4261 3299 4332 τοιαύτην
3328 4263 3741 4333 παρατήρησιν,
3778 4277 4070 4334 προοιμια-

2464 4358 2694 4429 ζόμενος
2724 4356 2825 4427 τήν
2858 4356 3172 4420 οἱκείωσιν,
3206 4356 3268 4409 οὐ
3313 4357 3479 4425 μόνον
3513 4354 3626 4406 τῶν
3667 4352 4065 4424 Σαμαρειτῶν,

2463 4446 2601 4501 ἀλλά
2627 4446 2722 4499 καὶ
2749 4444 2861 4498 τῶν
2888 4442 3212 4513 ἁπανταχοῦ
3242 4442 3347 4512 γῆς
3374 4441 3567 4496 ιθνῶν.
3617 4440 3683 4495 Ἥ
3710 4441 3767 4495 δὲ
3795 4441 4070 4513 Σαμαρεῖ-

747 4545 1003 4599 peccare,
1053 4529 1412 4598 corripientis
1466 4544 1621 4583 more
1664 4528 1733 4582 ad
1780 4530 2102 4585 memoriam
2147 4530 2438 4620 reducitD
2465 4558 2493 4592 τ

2320 4530 2438 4620 ill)
2465 4558 2571 4606 τις,
2621 4538 2843 4610 οἰομένη
2891 4537 3086 4591 τοῦτον
3131 4535 3496 4606 ἁμαρτάνειν,
3542 4533 3857 4606 διορθοῦται
3903 4535 4065 4605 δῆθεν

745 4626 1225 4677 observationem.

826 4715 984 4769 Vers.
1023 4715 1113 4767 10.
1151 4714 1439 4787 Respondit
1468 4738 1536 4757 —
1570 4718 1769 4772 vivam.
1814 4713 1959 4772 Hinc
1986 4716 2149 4788 plane
2182 4719 2351 4772 mani-

746 4810 946 4865 festum
973 4820 1057 4864 est
1089 4810 1241 4879 quod
1277 4808 1425 4861 sitim
1457 4808 1833 4873 simulaverit,
1860 4818 1919 4862 ut
1964 4810 2029 4863 ad
2066 4823 2127 4863 se
2161 4824 2357 4863 erran-

747 4915 857 4957 tem
922 4905 1266 4966 attraheret,
1302 4917 1367 4957 ac
1410 4902 1710 4956 locutionis
1745 4900 1845 4955 reti
1894 4911 2204 4955 venaretur.
2269 4902 2357 4955 Si.

742 4997 915 5050 tiebat
967 5006 1138 5057 certe,
1203 4995 1299 5049 sed
1346 4995 1647 5049 errantium
1705 4994 2149 5060 conversionem,
2187 5010 2350 5064 quam

741 5090 910 5143 etiam
945 5090 999 5141 in
1058 5104 1316 5157 processu
1373 5103 1534 5143 suum
1594 5099 1753 5143 vocat
1816 5090 2023 5153 cibum,
2082 5087 2273 5144 dicens
2330 5106 2342 5142 :

740 5176 894 5231 Heus
920 5178 1067 5230 cibus
1094 5188 1194 5241 est,
1224 5187 1281 5231 ut
1314 5179 1516 5249 faciam
1556 5180 1888 5232 voluntatem
1920 5179 2055 5246 ejus,
2079 5179 2169 5248 qui
2200 5179 2344 5231 misit

737 5286 822 5323 me
861 5269 909 5301 “
941 5287 955 5335 ;
988 5286 1136 5323 nunc
1166 5286 1298 5324 vero
1343 5273 1420 5325 ait
1451 5288 1464 5323 :
1499 5269 1557 5325 Si
1588 5272 1751 5324 scires
1782 5272 1981 5327 donum
2010 5269 2129 5335 Dei,
2161 5272 2206 5326 si
2249 5286 2341 5325 co-

733 5379 1052 5437 gnosceres,
1098 5368 1364 5437 quidnam
1398 5368 1491 5433 sit,
1519 5367 1666 5436 quod
1698 5366 1864 5421 donat
1906 5369 2071 5423 Deus.
2115 5366 2344 5421 Dicebat

842 5507 889 5540 ⁸³
926 5506 1250 5576 Matthxu,
1281 5511 1392 5577 l8;
1431 5509 1597 5566 Marc.
1628 5527 1707 5577 ιι,
1747 5512 1833 5565 l2.

1947 5510 1991 5541 “
2015 5509 2177 5567 Joan.
2212 5526 2289 5576 tv,
2318 5511 2409 5567 36.

2466 4630 2975 4697 ὑπομιμνήσκουσα
3008 4626 3139 4696 περὶ
3173 4625 3275 4694 τῆς
3311 4628 3779 4696 παρατηρήσεως.

2545 4722 2864 4789 Ἀπεκρίθη
2896 4749 2967 4759 -
3002 4718 3134 4779 ζῶν.
3200 4718 3485 4771 Ἐντεῦθεν
3534 4719 3775 4789 μάλιστα
3823 4719 4065 4790 φανερὸν

2457 4813 2533 4876 ὼς
2562 4813 2834 4886 ὑπεκρίθη
2871 4813 2993 4866 τςτε
3028 4812 3128 4883 τὴν
3169 4812 3332 4881 δίψαν
3354 4852 3369 4877 ,
3407 4812 3495 4865 ίνα
3542 4814 3711 4881 ἔγγὺς
3740 4813 3926 4884 ἀγάγῃ
3960 4814 4057 4885 τήν

2458 4906 2847 4977 πλανωμένην,
2878 4907 2975 4959 καὶ
2996 4903 3245 4976 θηρεύσῃ
3276 4905 3355 4976 τῷ
3376 4906 3579 4973 δικτύῳ
3608 4906 3711 4975 τῆς
3738 4905 4053 4970 διαλέξεως.

2472 4996 2661 5067 Ἐδίψα
2730 4998 2831 5067 μὲν
2891 4998 3035 5068 γὰρ,
3105 4994 3243 5051 ἀλλά
3298 4998 3399 5068 τὴν
3455 4997 3564 5051 τῶν
3622 4998 4058 5068 πεπλανημένων

2458 5089 2803 5160 ἐπιστροφήν
2835 5107 2849 5121 ο
2898 5090 3025 5142 ἐπεὶ
3054 5090 3148 5142 καὶ
3186 5089 3425 5159 προῖὼν,
3456 5090 3589 5144 rem
3622 5090 3823 5163 βριῖιμα
3850 5092 4058 5164 ταύτην

2456 5179 2632 5247 καλεῖ,
2662 5179 2852 5251 Ιλέγων
2878 5197 2892 5211 ·
2956 5179 3138 5251 Ἐμὸν
3171 5180 3388 5253 ,βρῶμὰ
3424 5182 3618 5249 ἐστιν,
3661 5184 3763 5238 ἵνα
3811 5182 3960 5238 ποιῶ
3990 5184 4058 5239 τὸ

2452 5274 2685 5345 θέλημα
2740 5274 2848 5330 τοῦ
2900 5274 3257 5347 πέμψαντός
3310 5294 3410 5348 με.
3460 5276 3577 5331 Νῦν
3630 5279 3686 5331 δέ
3740 5294 3940 5349 φησιν’
3989 5278 4059 5331 El

2452 5370 2622 5439 ᾕδεις
2645 5369 2761 5438 τὴν
2806 5369 3039 5439 δωρεὰν
3079 5369 3188 5424 τοῦ
3224 5371 3374 5425 Θεοῦ
3398 5388 3413 5402 ο
3453 5373 3501 5424 εί
3548 5371 3849 5441 ἐγίνωσκες
3894 5374 4058 5426 ότοῗα

1941 5678 2140 5741 Variae
2172 5676 2491 5745 lectiones
2510 5686 2573 5742 et
2595 5688 2789 5741 noue.

805 5843 927 5916 (58)
967 5842 1230 5899 Τοιοῦτον
1265 5844 1567 5915 interponit
1606 5846 1668 5900 Α.

2524 5851 2636 5924 (59)
2677 5851 3013 5923 Ἐπεφὲρετο
3053 5854 3121 5906 Α.
