4430 6460
416 399 555 463 2209

495 512 803 579 Ἀπεκρίθη
844 540 914 551 -
958 513 1327 567 καταϐαίνει.
1376 514 1771 567 ’Υπώπτευσεν
1805 516 1887 567 ὅτι
1922 516 2007 566 διὰ
2045 524 2083 573 Α

412 605 570 657 τοῦτο
597 605 760 656 αὐτὸν
811 603 1065 673 ἠρώτησε
1117 602 1299 660 τοῦτο.
1326 604 1414 656 ἴνα
1466 606 1664 674 ἐλέγξῃ
1705 608 1795 658 διὰ
1838 605 2003 675 ῥᾳῧυ-

414 696 539 765 μίαν
572 698 899 766 προϊέμενον
931 695 1029 765 τὴν
1060 697 1226 759 τασιν,
1256 698 1287 767 ἧ
1321 700 1405 750 ὅτι
1435 698 1763 767 βουλόμενος
1812 717 2005 768 χρησι-

413 788 611 856 μεύσαι
644 791 780 859 προς
814 789 874 840 τὸ
908 789 1091 857 βαλεῖν
1118 790 1283 841 αὐτὸν
1326 792 1408 851 είς
1438 790 1535 859 τὴν
1586 791 2001 859 κολυμϐήθραν.

409 880 499 930 Διὸ
536 881 628 932 καὶ
656 882 1015 948 ἀπολογεῖται
1047 882 1131 932 ὅτι
1163 882 1317 951 παρά
1351 882 1411 933 τὸ
1441 882 1515 952 μὴ
1538 881 1683 951 ἔχειν
1712 882 2004 952 ἄνθρωπον

410 974 795 1041 ἀποτυγχάνει.

481 1064 662 1115 Εἰπὼν
692 1064 768 1127 δὲ,
802 1065 883 1117 ὅτι
940 1066 1035 1117 Ἐν
1067 1060 1116 1132 ᾧ
1155 1070 1404 1134 ἔρχομαι
1456 1066 1594 1135 ἐγὼ,
1642 1066 1834 1132 ἄλλος
1890 1068 2003 1134 πρὸ

408 1158 556 1226 ἐμοῦ
610 1160 991 1212 καταϐαίνει·
1044 1161 1216 1225 ἔδειξε
1286 1162 1385 1229 τὴν
1464 1162 1765 1230 καρτερίαν
1812 1162 1999 1223 αὐτοῦ,

409 1250 526 1310 πῶς
558 1252 614 1303 ἐν
655 1252 940 1314 τοσούτοις
972 1252 1153 1304 ἐτεσιν
1180 1254 1586 1321 ἀποτυγχάνων
1609 1253 1689 1305 ἔτι
1722 1256 2003 1321 παρέμενε

408 1344 499 1392 καὶ
525 1344 623 1394 οὐκ
671 1344 963 1408 ἀφίστατο,
990 1347 1083 1396 καὶ
1107 1343 1279 1396 ταῦτα
1308 1344 1368 1395 ού
1393 1345 1661 1413 ῥᾳθυμῶν
1691 1346 1828 1398 ἀλλὰ
1860 1362 2003 1415 παρ-

406 1434 848 1504 αγκωνιζόμενος
869 1452 929 1488 τε
982 1438 1079 1487 καὶ
1104 1435 1555 1506 ἐπηρεαζόμενος
1586 1439 1681 1491 καὶ
1710 1438 1831 1489 οὐδὲ
1855 1439 1999 1491 οὕτω

402 1524 644 1592 ναρκῶν.

486 1617 675 1683 Ἢμεϊξ
698 1617 775 1682 δέ,
796 1617 1007 1687 βραχύν
1030 1636 1156 1673 τινα
1204 1620 1399 1689 καιρὸν
1432 1618 1893 1689 προσεδρεύοντες
1924 1618 2001 1689 τῷ

401 1706 520 1775 Θεῴ
548 1708 875 1784 σπουδαίως,
918 1711 1014 1763 ἐὰν
1074 1711 1149 1782 μὴ
1203 1712 1482 1782 τύχωμεν,
1511 1712 1782 1780 ὀκνοῦμεν
1812 1712 2000 1765 λοιπον

401 1801 498 1851 καὶ
536 1802 948 1872 ἀποφοιτῶμεν,
969 1806 1063 1855 καὶ
1095 1804 1503 1874 άναπίπτομεν.
1534 1804 1679 1857 Ἀλλ’
1711 1805 1994 1871 ἐπίπονον,

404 1893 645 1963 (patrimi;
681 1895 940 1964 διηνεκὴς
994 1898 1307 1969 προσευχὴ·
1337 1899 1432 1951 καὶ
1491 1899 1619 1951 ποία
1676 1899 1847 1970 ἀρετὴ
1897 1899 1997 1951 οὐκ

397 1984 686 2051 ἐπίπονος,
711 1987 857 2039 Διοτι
874 1988 930 2040 δὲ
958 1988 1242 2054 ἐπίπονος,
1264 1988 1354 2042 διά
1370 1988 1531 2042 τοῦτο
1552 1990 1647 2041 καὶ
1678 1989 1994 2059 ἐπικερδής.

474 2161 641 2229 Λέγει
673 2192 740 2201 -
773 2164 1103 2230 περιπάτει.
1131 2166 1204 2217 Οὐ
1239 2164 1402 2230 μόνον
1416 2167 1726 2235 ἀνίστησν,
1749 2168 1883 2220 ἀ).λά
1904 2170 2000 2222 καὶ

397 2250 488 2301 τον
533 2251 846 2319 κράόὗατον
879 2248 1010 2319 ἆραι
1057 2254 1289 2315 κελεύει,
1318 2256 1406 2305 ἵνα
1442 2258 1685 2323 πιστωοῇ
1717 2258 1775 2305 τὸ
1810 2257 1998 2325 οαῦμα

398 2342 495 2393 καὶ
527 2344 602 2411 μὴ
638 2342 762 2413 δόξῃ
813 2344 1088 2411 φαντασία
1135 2360 1242 2407 τις.
1283 2342 1341 2396 Εἰ
1371 2346 1477 2414 γάρ
1509 2346 1583 2415 μὴ
1620 2349 1899 2417 συνεπάγη
1932 2352 1998 2404 τά

401 2433 539 2505 μέλη
571 2434 832 2504 βεϐαίως,
856 2436 957 2489 οὐκ
983 2436 1048 2489 ἂν
1079 2438 1171 2489 τὸν
1190 2437 1505 2509 κράὸὁατον
1526 2438 1759 2508 ἠδύνατο
1783 2443 1992 2513 φέρειν.

469 2612 640 2666 Τοῦτο
674 2612 728 2667 δὲ
756 2614 1029 2684 πολλαχοῦ
1079 2618 1404 2687 πεποίηκεν,
1435 2618 1808 2690 ἐπιστομίζων
1869 2624 1996 2687 τοὺς

395 2707 777 2774 ἀναισχυντεῖν
797 2707 1179 2779 βουλομένους.
1198 2711 1306 2764 Καὶ
1335 2710 1443 2782 γάρ
1480 2715 1573 2765 καὶ
1600 2713 1695 2765 ἐπὶ
1718 2714 1811 2766 τοῦ
1844 2716 1997 2785 παρά

394 2798 475 2867 τῷ
506 2798 772 2869 Ματοαίῳ
812 2801 1127 2872 παραλύτου
1178 2804 1382 2872 ὁμοίως
1414 2806 1707 2875 πεποιήκει
1734 2825 1745 2837 ’
1779 2806 1871 2859 καὶ
1902 2808 1995 2859 ἐπὶ

395 2889 504 2939 τῶν
539 2890 721 2960 ἄρτων
774 2890 863 2943 διὰ
900 2892 1059 2945 τοῦτο
1094 2894 1328 2963 λείψανα
1363 2894 1536 2948 πολλά
1574 2899 1996 2966 παρεσκεύασεν

400 2980 832 3051 ὑπολειφθῆναιο
870 2986 966 3037 καὶ
1005 2985 1081 3055 τῷ
1113 2986 1509 3057 καθαρισθέντι
1569 2989 1757 3060 λεπρῴ
1808 3009 1989 3061 προσ·

393 3070 553 3136 ἔταξε
570 3073 741 3140 δεῖξαι
768 3075 963 3130 ἑαυτὸν
996 3075 1073 3147 τῷ
1104 3080 1268 3148 ἱερεῖ·
1296 3080 1391 3131 καὶ
1422 3080 1481 3132 τδ
1518 3080 1665 3152 ὕδωρ
1690 3078 1833 3134 οἶνον
1871 3101 1993 3137 ποι-

1411 401 1803 464 COMMENT.
1848 402 1927 461 ΙΝ
1969 401 2349 462 ΙΟΑΝΝΕΜ.
2392 427 2461 441 -
2498 403 2657 461 CAP.
2706 404 2770 462 V.

3580 399 3716 463 1210

2191 515 2342 569 Vers.
2376 515 2429 567 7.
2464 514 2775 580 R:'8p02tdif.
2846 544 2914 553 —
2967 515 3253 567 descendit.
3321 513 3715 582 Suspicabatur

2110 606 2255 673 quod
2297 607 2402 658 hoc
2446 617 2739 674 propterea
2774 605 2952 672 ipsum
2996 606 3389 673 interrogabat,
3431 616 3486 658 ut
3515 621 3713 673 argue-

2110 706 2190 748 rct
2215 697 2359 763 quod
2380 713 2488 763 pro:
2507 697 2736 765 segnitie
2768 695 3125 749 frustraretur
3150 696 3421 748 sanitate:
3452 696 3713 762 autquod

2110 788 2164 840 in
2201 790 2302 840 hoe
2342 788 2604 856 prodesse
2628 789 2731 841 sibi
2762 789 2942 848 vellet,
2976 799 3033 841 ut
3068 803 3192 839 eum
3226 788 3277 838 in
3314 787 3577 853 piscinam
3608 787 3711 835 im-

2110 879 2356 932 mitteret
2383 897 2395 930 :
2430 880 2555 933 idco
2584 880 2748 932 etiam
2774 879 3092 947 respondet,
3125 878 3267 945 quod
3297 879 3365 929 oh
3398 878 3448 929 id
3480 878 3710 930 salutem

2109 983 2217 1020 non
2241 980 2695 1039 consequeretur,
2723 970 2848 1037 quia
2884 971 3162 1022 hominem
3190 986 3298 1021 non
3346 972 3590 1021 haberet.

2184 1061 2377 1116 D3cens
2410 1073 2589 1117 autem
2634 1080 2646 1115 :
2687 1063 2818 1115 Dum
2844 1065 2989 1115 uenio
3017 1080 3131 1130 ego,
3163 1061 3303 1114 alius
3350 1072 3475 1113 ante
3506 1078 3586 1111 me
3620 1062 3713 1112 de-

2107 1157 2332 1216 :cmdit,
2370 1171 2523 1209 suam
2562 1158 2803 1211 ostendit
2828 1155 3415 1225 perseverantiamqua
3450 1163 3523 1204 tot
3553 1156 3712 1205 annis

2110 1247 2423 1310 frustratus,
2456 1249 2631 1303 adhuc
2666 1260 2847 1301 tamen
2883 1251 3265 1318 perseverabat
3298 1257 3351 1299 et
3378 1263 3485 1299 non
3508 1248 3705 1312 despco

2110 1340 2284 1402 rabat,
2332 1340 2495 1409 idque
2524 1358 2633 1395 non
2674 1344 2876 1407 segnis,
2921 1342 3014 1394 sed
3062 1342 3318 1394 detrusus
3349 1352 3402 1392 et
3446 1341 3711 1403 offensus,

2110 1448 2209 1485 nec
2239 1432 2319 1486 sic
2355 1433 2715 1502 negligentior
2747 1433 3105 1486 effniebatur.

2177 1615 2287 1671 Nos
2318 1629 2500 1671 autem
2542 1620 2695 1673 brevi
2734 1621 2917 1688 aliquo
2956 1631 3207 1688 tempore
3254 1620 3551 1685 diligenter
3602 1619 3711 1670 Deo

2105 1718 2372 1774 astantes,
2412 1712 2456 1764 si
2487 1728 2596 1765 non
2625 1713 2976 1779 assequimur
3018 1713 3163 1780 quod
3200 1720 3476 1778 opnmms,
3515 1711 3702 1761 statim

2106 1804 2414 1857 omittimus
2447 1818 2511 1861 ac
2541 1805 2876 1865 recedimus,
2904 1804 3283 1872 pigrioresque
3317 1802 3619 1854 reddimur.
3647 1802 3711 1852 At

2109 1897 2444 1950 laboriosum
2486 1906 2590 1959 est,
2641 1899 2884 1966 inquies,
2938 1897 3201 1949 continue
3239 1910 3419 1947 orare.
3474 1892 3538 1943 Et
3586 1909 3711 1959 que

2104 1987 2279 2041 virtus
2306 2003 2412 2041 non
2431 1997 2513 2040 est
2533 1986 2841 2040 laboriosa?
2867 1984 3069 2039 Verum
3091 1986 3234 2038 sicut
3262 1985 3503 2037 laborem
3525 1984 3707 2047 habet,

2104 2078 2178 2132 ita
2213 2090 2281 2134 et-
2302 2080 2516 2133 lucrum
2552 2079 2732 2133 alfert.

2176 2172 2330 2226 Vcrs.
2359 2172 2413 2225 8.
2452 2173 2535 2223 Ait
2570 2200 2639 2212 —-
2673 2172 2913 2225 ambula.
2961 2172 3077 2223 Non
3115 2170 3291 2222 solum
3326 2168 3511 2237 erigit,
3541 2168 3636 2221 scd
3661 2174 3716 2220 et

2102 2260 2421 2331 grabbalum
2450 2260 2639 2313 tollere
2658 2261 2833 2329 jubet,
2856 2272 2913 2313 ut
2936 2262 3258 2312 miraculum
3290 2275 3411 2313 esse
3435 2262 3712 2323 credatur,

2102 2365 2156 2409 et
2188 2372 2298 2409 non
2328 2366 2585 2425 appareat
2612 2358 2897 2425 phantasia
2922 2356 3124 2422 aliqua.
3154 2353 3265 2406 Nisi
3290 2356 3435 2407 enim
3466 2356 3711 2407 membra

2103 2449 2332 2503 ﬁrmiter
2376 2458 2661 2516 compacta
2716 2448 2919 2511 forent,
2975 2464 3323 2517 nequaquam
3385 2450 3710 2519 grahhatum

2105 2540 2248 2595 ferre
2277 2550 2523 2610 possent.

2174 2630 2290 2685 Hoc
2315 2642 2499 2685 autem
2545 2630 2751 2699 pluries
2780 2630 2930 2691 fecit,
2976 2645 3167 2683 eorum
3208 2631 3298 2697 qui
3327 2629 3710 2698 impudentes

2102 2738 2223 2777 esse
2271 2722 2495 2782 vellent,
2530 2740 2624 2776 ora
2664 2725 2979 2777 obstrueus.
3021 2722 3153 2775 Nam
3182 2733 3236 2775 et
3288 2723 3339 2774 in
3385 2705 3706 2791 paralyticb,

2103 2820 2168 2869 de
2187 2832 2296 2886 quo
2316 2816 2462 2884 apud
2490 2815 2804 2869 Matthaeunt
2828 2816 2896 2877 ⁸ο,
2917 2816 3168 2869 similiter
3200 2815 3365 2879 fecit;
3391 2826 3440 2868 et
3470 2816 3522 2867 in
3555 2814 3713 2884 pani-

2102 2910 2207 2964 bus
2227 2908 2417 2964 eadem
2445 2910 2513 2963 de
2546 2925 2737 2972 causa,
2762 2918 2819 2962 ut
2847 2910 3082 2978 plurima
3106 2910 3406 2978 frngmcnu
3438 2910 3712 2975 relinque-

2101 3014 2315 3066 rentur,
2358 3003 2722 3068 ordinavit“;
2760 3013 2816 3057 ct
2856 3004 2903 3056 ei
2931 3004 3020 3072 qui
3052 3020 3080 3055 a
3109 3006 3253 3070 lepra
3286 3004 3581 3057 tuttudalus
3606 3014 3711 3067 est,

2098 3098 2285 3165 jussit,
2309 3105 2368 3150 ut
2394 3112 2451 3150 se
2482 3096 2754 3150 sacerdoti
2787 3095 3205 3157 ostenderet“;
3236 3104 3436 3147 etcum
3471 3110 3533 3146 ex
3568 3109 3709 3162 aqua

392 3164 555 3270 ήσας,
576 3162 730 3270 εἶπεν
758 3169 1027 3238 ἀντλῆσαι
1054 3172 1149 3223 καὶ
1179 3174 1427 3238 ἐνεγκεῖν
1457 3172 1533 3243 τῷ
1562 3174 1985 3249 ἀρχιτρικλίνῳ·
2019 3209 2064 3270 C

1974 3194 1985 3207 '
2019 3209 2064 3270 ς
2102 3193 2289 3245 vinum
2322 3192 2564 3254 fecisset,
2603 3191 2864 3260 praecepit
2918 3198 2976 3243 ut
3032 3189 3339 3252 haurirent,
3389 3188 3709 3258 ferrentque

394 3261 487 3310 καὶ
521 3261 717 3331 νεκρὸν
766 3265 1107 3334 ἀναστήσας,
1153 3267 1463 3321 ἐνετείλατο
1490 3266 1674 3321 δοῦναι
1705 3270 1856 3340 αύτῷ
1887 3290 1993 3339 φα-

393 3355 536 3418 γεῖν·
567 3353 657 3407 διὰ
681 3354 791 3408 τῶν
822 3357 1082 3411 τοιούτων
1120 3361 1343 3412 πάντων
1396 3360 1605 3412 πείθων
1653 3361 1781 3425 τοὺς
1833 3364 1997 3435 ἀνοή-

394 3466 522 3513 τους
587 3453 671 3503 ὅτι
726 3453 827 3505 οὐκ
886 3453 1035 3505 ἐστιν
1072 3452 1357 3517 ἀπατεὼν,
1390 3454 1527 3508 ἀλλά
1563 3455 1755 3526 Σωτὴρ
1786 3457 1998 3529 ἀληθὴς

393 3542 495 3613 τῆς
531 3544 719 3616 κοινῆς
747 3546 857 3600 τῶν
883 3547 1193 3616 ἀνθρώπων
1224 3550 1464 3617 φύσεως.

466 3640 577 3693 Καὶ
630 3669 681 3678 -
715 3641 1078 3707 περιεπάτει.
1108 3642 1173 3693 Ἀ
1188 3660 1265 3712 μα
1290 3660 1347 3695 τε
1376 3645 1604 3715 ἡκουσε,
1634 3650 1727 3701 καὶ
1753 3650 1871 3720 ἃμα
1898 3651 1996 3717 τῆς

396 3730 583 3797 ὑγείας
614 3730 942 3802 αίσθὸμενος
973 3734 1210 3804 ἠγέρθη,
1232 3738 1326 3788 καὶ
1356 3737 1544 3791 λοιπὸν
1593 3743 1763 3810 μηδὲν
1802 3743 1998 3796 ὑπολο-

391 3826 692 3895 γισάμενος
721 3822 823 3898 ἦρε
859 3828 951 3881 τὸν
981 3830 1300 3900 κράὸδατον
1328 3834 1495 3888 αὑτοῦ
1521 3838 1615 3889 καὶ
1644 3841 1994 3909 περιεπάτει.

462 3916 574 3976 Ἦν
600 3922 1004 3990 -περιπάτει.
1047 3925 1192 3995 Ὅρα
1220 3930 1536 4000 παρρησίαν
1561 3948 1574 3961 ·
1598 3933 1658 3983 οὐ
1684 3934 1856 4001 μόνον
1885 3937 1997 4005 γὰρ

390 4016 492 4067 olnt
543 4015 774 4088 ἐπείσθη
810 4016 1045 4093 τούτοις,
1112 4018 1253 4071 ἀλλὰ
1293 4022 1387 4072 καὶ
1420 4022 1512 4075 τὸν
1562 4024 1868 4097 εὐεργέτην
1900 4027 1997 4080 ἀν-

388 4109 650 4179 εκήρυξε,
686 4112 781 4161 καὶ
803 4111 1208 4182 προτιμότερον
1240 4114 1462 4167 πάντων
1484 4116 1762 4186 ἀπέφηνε,
1784 4118 1959 4188 λέγων
1979 4138 1992 4151 ·

406 4202 643 4268 Ἐκεῖνός
683 4222 776 4273 μοι
816 4202 993 4269 εἶπεν,
1020 4206 1216 4277 ἐκείνῳ
1248 4206 1537 4279 πείθομαι,
1565 4212 1675 4263 Καὶ
1703 4213 1812 4282 γάρ
1846 4216 1993 4266 ἐκεῖ-

388 4296 478 4360 νός
526 4314 593 4367 με
630 4298 949 4369 ἰασάμενος,
980 4301 1194 4354 ἐκεῖνον
1225 4301 1455 4370 μείζονα
1494 4304 1718 4359 πάντων
1748 4308 1996 4377 νομίζειν

391 4391 837 4461 παρεσκεύασεν.

475 4485 826 4553 Ἠρώτησαν
857 4520 927 4530 --
959 4488 1143 4555 τόπῳ.
1190 4487 1345 4559 ’Δμα
1377 4489 1457 4560 τῷ
1511 4490 1855 4562 θεραπεῦσαι
1901 4498 1996 4548 τὸν

2102 3284 2539 3339 architriclino“
2565 3302 2578 3349 ;
2612 3294 2808 3339 etcum
2831 3292 3108 3337 mortuam
3138 3286 3482 3345 suscitassct,
3510 3298 3715 3351 prmcc-

2104 3380 2187 3449 pit
2230 3389 2286 3431 ut
2319 3379 2513 3431 darent
2548 3378 2620 3430 illi
2647 3378 2791 3446 quod
2824 3377 3072 3431 ederet“
3108 3394 3119 3429 :
3154 3380 3444 3431 insensntis
3472 3376 3710 3429 suadens

2109 3484 2207 3537 per
2241 3468 2425 3523 omnia
2460 3458 2798 3537 hlijusmodi,
2827 3482 2884 3520 se
2917 3482 3025 3519 non
3052 3482 3173 3520 esse
3203 3468 3579 3536 impostorem,
3612 3466 3708 3519 sed

2107 3578 2296 3615 verum
2330 3560 2675 3615 Salvatoretn
2711 3561 3021 3614 communis
3058 3561 3343 3613 hominum
3379 3569 3607 3613 naturas.

2178 3654 2334 3719 Vers,
2370 3653 2425 3708 9.
2476 3654 2541 3707 Et
2585 3686 2649 3699 -
2686 3653 3019 3707 ambulabat.
3084 3650 3262 3706 Simul
3295 3662 3348 3705 et
3395 3654 3621 3713 audivit.
3660 3662 3715 3707 et

2104 3750 2399 3805 sanitatem
2452 3750 2700 3804 sentiens
2741 3758 2960 3803 erectus
2984 3758 3106 3802 est:
3142 3747 3327 3814 itaque
3360 3746 3566 3800 nullius
3612 3747 3712 3799 ha-

2102 3844 2216 3899 bita
2250 3844 2486 3901 ratione.
2509 3842 2632 3897 tulit
2670 3842 2870 3896 lectum
2914 3857 3073 3895 suum
3108 3851 3161 3893 et
3192 3840 3532 3893 ambulabat.

2178 3937 2338 3992 Vers.
2376 3936 2407 3991 9
2444 3935 2579 3989 Erat
2610 3964 2678 3976 -—
2716 3933 2872 3989 Vers.
2911 3932 3274 3987 H.Ambula.
3326 3931 3461 3986 Vide
3489 3933 3717 3986 liberta-

2105 4042 2215 4086 tem
2268 4048 2282 4084 :
2329 4044 2506 4097 neque
2540 4029 2689 4082 enim
2721 4028 2896 4083 solum
2921 4042 3032 4080 non
3069 4026 3315 4079 obedivit
3348 4026 3472 4089 illis,
3510 4026 3604 4079 sed
3657 4038 3714 4079 ct

2104 4123 2353 4179 beneﬁcii
2413 4132 2696 4177 auctorem
2735 4120 3077 4191 praedicavit,
3148 4134 3213 4174 ac
3270 4122 3529 4175 omnibus
3574 4137 3716 4189 prre-

2102 4214 2426 4267 stantiorem
2448 4212 2851 4266 demonstravit
2878 4210 3092 4265 dicens.
3126 4211 3244 4280 lpse
3264 4211 3401 4265 mihi
3422 4211 3581 4274 dixit,
3613 4212 3714 4280 ipsi

2100 4307 2315 4362 obedivi
2344 4324 2357 4360 :
2395 4306 2662 4375 siquidem
2695 4321 2821 4359 eum
2854 4304 2946 4375 qui
2971 4320 3057 4360 me
3077 4319 3273 4358 sanum
3300 4303 3712 4374 fecitmajoi'em

2100 4399 2318 4455 cunctis
2336 4400 2539 4453 ducere
2564 4398 2810 4451 decrevi.

2181 4488 2334 4545 Vers.
2366 4491 2451 4544 12.
2490 4487 3230 4560 lnterrogaverunt—Vers.
3254 4488 3413 4542 Loco.
3448 4487 3624 4541 Simul
3647 4495 3708 4541 ut

388 4577 700 4649 ἄνθρωπον,
719 4579 972 4644 ἐξένευσε
998 4579 1088 4633 διὰ
1110 4582 1202 4633 τὸν
1228 4580 1410 4650 ὄχλον,
1432 4584 1592 4637 τοῦτο
1623 4585 1724 4653 μὲν
1770 4588 1995 4655 φεύγων
2033 4567 2073 4621 D
2105 4584 2137 4637 ιι

1958 4607 1995 4640 .v
2033 4567 2073 4621 θ
2105 4584 2387 4641 hominem
2412 4594 2723 4643 sanaverat.
2749 4584 3091 4638 subdurerat
3112 4599 3171 4637 se
3199 4595 3424 4653 propter
3445 4583 3659 4637 turbam
3694 4598 3707 4633 :

389 4672 483 4722 τὸν
516 4672 669 4741 παρά
717 4670 829 4724 τῶν
878 4673 1416 4745 εὐγνωμονεστέρων
1453 4675 1700 4741 ἔπαινον,
1746 4678 1909 4733 τοῦτο
1937 4680 1994 4733 δὲ

391 4764 747 4830 περικόπτων
782 4764 874 4815 τὸν
910 4766 1066 4833 παρά
1094 4764 1205 4817 τῶν
1239 4766 1748 4839 ἀγνωμονεστέρων
1778 4772 1994 4841 φοῦνον.

389 4858 565 4911 Εῖωῦε
600 4862 708 4931 γὰρ
748 4860 1015 4925 πολλάκις
1067 4860 1191 4932 ὄψις
1253 4865 1417 4934 μόνον
1468 4865 1565 4919 τοῦ
1611 4868 1991 4940 φθονουμένου

389 4949 594 5019 πολλὴν
625 4952 829 5003 ἐνιέναι
861 4951 1063 5019 φλόγα.
1843 5006 1850 5011 .

464 5047 630 5102 Μετὰ
654 5048 844 5101 ταῦτα
870 5078 938 5089 —-
968 5040 1234 5117 γένηται.
1263 5050 1747 5121 Παρακμάσαντος
1772 5054 1874 5127 ἤδη
1900 5063 1996 5109 καὶ

388 5142 483 5197 τοῦ
520 5143 800 5212 Θαύματος
834 5144 928 5196 καὶ
963 5142 1056 5196 τοῦ
1095 5143 1271 5215 Θυμοῦ
1308 5146 1416 5199 τῶν
1464 5147 1757 5213 Ἰουδαίων,
1800 5150 1995 5220 ἐντυγ-

387 5240 544 5309 χάνει
582 5237 767 5290 λοιπὸν
800 5236 879 5306 τῷ
911 5236 1335 5308 Θεραπευθέντι,
1371 5240 1543 5293 Θέλων
1574 5240 1868 5311 βελτιώσαι
1898 5241 1992 5295 καὶ

386 5332 488 5402 τὴν
541 5330 719 5400 ψυχὴν
784 5330 897 5401 (88)
957 5330 1147 5385 αὐτοῦ.
1200 5332 1463 5403 Εὑρίσκει
1498 5333 1551 5386 δὲ
1582 5334 1747 5386 αὑτὸν
1799 5336 1902 5387 οὐκ
1935 5337 1994 5388 ἐν

387 5428 571 5479 ἀνέσει
602 5426 697 5478 καὶ
730 5425 999 5496 ρᾳ’¹υ;ιίᾳ,
1030 5425 1145 5478 ἀλλ’
1176 5427 1234 5479 ἐν
1268 5426 1346 5498 τῷ
1371 5427 1505 5499 ἱερῷ
1526 5429 1993 5501 προσευχόμενον,

496 5605 541 5637 ⁸⁸
568 5603 759 5661 Matth.
801 5625 873 5673 Ix,
908 5607 960 5661 ϐ.
1054 5610 1097 5641 ⁸¹
1160 5608 1349 5663 Matth.
1386 5628 1498 5677 xw,
1565 5609 1657 5666 ΞΟ.

1771 5608 1819 5641 ⁸·
1858 5608 2048 5665 Matth.
2117 5628 2231 5676 \‘tll,
2265 5613 2319 5666 ι.

2107 4678 2305 4749 partim
2350 4678 2573 4747 quidem
2623 4675 2865 4743 fugitans
2905 4677 3125 4731 laudem
3161 4692 3473 4747 equorum,
3508 4676 3709 4746 partim

2106 4787 2239 4827 vero
2296 4773 2557 4826 invidiam
2619 4764 2915 4843 amputans
2961 4775 3302 4844 iniquorum.
3365 4772 3518 4827 Solet
3562 4774 3711 4825 en'm

2106 4866 2425 4935 frequenter
2454 4866 2605 4921 solus
2645 4867 2766 4935 eius
2812 4880 3168 4937 conspectus,
3194 4866 3281 4923 cui
3312 4868 3437 4937 quis
3473 4866 3708 4929 invidet,

2108 4959 2337 5013 multam
2370 4958 2661 5013 infundere
2699 4959 2973 5014 ﬂaunnam
3018 4962 3136 5014 irte.

2181 5052 2337 5107 Vers.
2368 5052 2455 5106 14.
2485 5050 2728 5105 Postha’c
2762 5083 2834 5093 —
2871 5053 3169 5123 contingat.
3207 5051 3344 5107 Cum
3370 5052 3483 5121 jam
3521 5060 3577 5106 et
3610 5050 3713 5103 mi-

2107 5144 2278 5199 raculi
2332 5159 2521 5199 rumor
2576 5143 2871 5199 defecisset
2906 5156 2961 5199 et
3017 5156 3200 5199 tumor
3244 5144 3585 5205 Iudaeorum,
3620 5158 3714 5197 oc-

2105 5240 2281 5293 currit
2320 5238 2367 5293 ei
2392 5238 2486 5308 qui
2535 5246 2765 5294 sanatus
2793 5238 2993 5302 fuerat,
3022 5240 3215 5295 volens
3274 5240 3516 5293 animam
3569 5254 3712 5307 quo-

2103 5349 2211 5403 que
2236 5333 2377 5387 illius
2430 5333 2715 5388 meliorem
2788 5335 3042 5399 reddere,
3094 5335 3300 5406 reperit
3345 5349 3473 5389 eum
3516 5347 3627 5386 non
3655 5348 3711 5386 .n

2105 5428 2217 5483 otio
2247 5435 2301 5482 et
2342 5428 2601 5499 segnitie,
2628 5434 2723 5483 sed
2763 5429 2816 5482 in
2874 5430 3079 5501 templo
3150 5439 3425 5495 orantem,
3470 5437 3530 5482 ut
3590 5427 3714 5496 epi-

2430 5612 2477 5642 "
2517 5612 2678 5669 Joan.
2717 5631 2778 5680 ll,
2816 5615 2868 5670 8.
2903 5618 2946 5667 ιδ
2977 5614 3109 5671 Luc.
3134 5633 3252 5681 'tu,
3281 5617 3371 5670 .35.

1640 5802 1842 5865 Variae
1872 5801 2183 5870 lectiones
2219 5815 2281 5870 et
2326 5816 2519 5870 ηυιίυ.

467 5909 576 5969 ($3)
618 5907 843 5961 Ἐαιτνῖῦ
874 5908 931 5963 Β.
