4430 6460
711 381 848 446 1°22?

777 496 934 562 Quod
966 510 1098 563 ergo
1128 494 1242 547 ait:
1286 492 1662 545 Testimonium
1710 506 1883 543 meum
1942 505 2044 541 non
2094 497 2171 542 est
2221 494 2387 554 ιιι-Α

708 605 848 651 rum,
887 602 996 641 non
1028 584 1186 653 quasi
1208 582 1536 637 aﬁirmando
1571 580 1730 644 dixit,
1762 581 1858 635 scd
1894 580 2041 648 quod
2094 580 2168 633 illi
2198 580 2307 635 hoc

706 680 894 733 dicere
923 686 1204 747 pararent.
1243 674 1400 740 Quod
1460 682 1643 729 autem
1677 674 1795 727 haec
1821 673 1893 725 ita
1923 687 1983 727 se
2042 672 2299 737 habeant,

706 772 832 825 inde
877 770 1231 823 manifestum
1274 778 1380 823 est.
1443 767 1580 822 Cum
1629 765 1778 820 enim
1835 765 1890 817 in
1943 764 2303 833 sequentibus

703 863 919 916 locutus
948 860 1148 915 luisset
1200 861 1426 915 dicens:
1463 859 1573 927 Ego
1617 874 1735 911 sum
1764 856 1861 933 lux
1910 856 2093 909 mundi
2128 856 2201 919 ",
2225 854 2307 909 di-

701 952 956 1006 centibus
984 951 1316 1007 Pharisaeis:
1347 950 1419 1005 Tu
1441 950 1503 1003 de
1536 950 1701 1018 teipso
1750 949 2110 1001 testimonium
2131 947 2306 1016 perhi-

703 1047 809 1107 bes,
850 1046 1215 1098 testimonium
1241 1053 1390 1095 tuum
1414 1058 1518 1095 non
1552 1052 1628 1094 est
1660 1057 1843 1097 verum
1875 1042 1944 1105 ",
1970 1038 2305 1095 contradixit

700 1137 890 1189 dicens
924 1154 937 1190 :
974 1128 1093 1189 Etsi
1114 1150 1209 1204 ego
1258 1134 1625 1187 testimonium
1674 1132 1923 1202 per/abeo
1959 1131 2025 1183 de
2083 1132 2301 1198 meipso.

703 1226 1063 1279 testimonium
1088 1242 1261 1278 meum
1295 1240 1476 1277 verum
1519 1232 1594 1277 es'
1625 1224 1693 1276 θ’.
1750 1223 2105 1277 Manifestum
2173 1236 2304 1290 ergo

700 1327 803 1380 est,
863 1316 1011 1386 quod
1082 1316 1214 1371 illud
1261 1316 1624 1387 oppositionis
1679 1316 1897 1370 illorum
1964 1324 2129 1377 crat,
2198 1313 2303 1367 hoc

698 1418 885 1460 autem
942 1408 1256 1463 intellectus
1312 1409 1474 1478 ejus.‘
1509 1406 1798 1479 Siquidem
1889 1408 1963 1461 illi
2014 1406 2301 1477 putabant,

698 1516 825 1553 cum
864 1516 974 1553 non
1012 1516 1135 1555 esse
1175 1500 1281 1555 ﬁde
1323 1500 1577 1571 dignum,
1620 1502 1713 1569 qui
1771 1500 1841 1553 de
1883 1514 1943 1554 se
1986 1499 2105 1568 ipso
2134 1498 2304 1552 ferret

697 1591 1108 1654 testimonium,
1141 1600 1332 1661 utpote
1351 1592 1633 1646 hominem
1662 1610 1676 1655 ;
1710 1591 1830 1662 ipse
1858 1605 1989 1646 vero
2016 1605 2047 1645 e
2078 1590 2303 1647 diverso

695 1694 818 1734 sese
844 1680 954 1734 tide
985 1680 1218 1749 dignum
1252 1680 1414 1744 dixit,
1475 1688 1741 1750 tanquam
1786 1680 1984 1733 Deum.
2054 1676 2301 1733 Primum

694 1773 883 1841 itaque
909 1771 1166 1826 dissolvit
1182 1772 1554 1841 excogitatam
1582 1773 1831 1841 ipsorum
1855 1770 2296 1843 oppositionem,

1949 368 2331 434 EUTHYMII
2368 372 2727 434 ZIGABENI

3870 380 4010 447 1228

2483 489 2649 541 Ὥστε
2668 490 2748 553 τὸ,
2768 488 2830 543 Ἠ
2838 492 3137 558 μαρτυρία
3167 509 3287 560 μου
3309 494 3421 548 οὐκ
3438 494 3615 549 ἐστιν
3630 498 3789 565 dine
3799 497 3893 565 ἧς,
3911 500 4011 570 οὐχ

2408 580 2483 641 ὡς
2515 580 2956 649 ἀποφαινόμενος
2980 576 3156 645 εἶπεν,
3178 583 3292 635 ἀλλ’
3314 585 3392 649 ὼς
3407 586 3635 640 ἐκείνων
3651 587 3808 641 τοῦτο
3832 590 4013 643 εἰπεῖν

2409 670 2855 741 ἐνθυμουμένων.
2897 672 3019 724 Ὀτι
3082 672 3137 725 δὲ
3184 673 3365 745 ἀληθῆ
3401 678 3600 743 ταῦτα,
3630 678 3793 748 δῆλον
3822 680 4009 733 ἐντεῦ-

2410 762 2523 816 οεν.
2579 764 2732 815 Ἐπεὶ
2783 762 2893 834 γάρ
2945 764 3152 834 προῖὼν
3229 766 3459 836 ἐλάλησε
3535 768 3711 839 λέγων
3774 785 3789 801 ⁸
3863 770 4011 840 Ἐγώ

2407 855 2524 923 ειμι
2552 855 2617 907 τὸ
2654 852 2782 923 φῶς
2825 854 2934 910 τοῦ
2969 856 3232 925 κόσμου,
3283 860 3378 912 καὶ
3422 860 3492 913 τὰ
3523 862 3649 933 ἑξῆς
3691 878 3707 894 ·
3744 863 4011 917 εἰπόντων

2405 946 2515 999 τῶν
2570 948 2917 1018 Φαρισαίων,
2986 948 3071 1002 Σὺ
3121 950 3255 1017 περί
3304 955 3568 1008 σεαυτοῦ
3630 956 3954 1023 μαρτυρεῖς
3991 971 4007 985 ·

2406 1038 2443 1104 ἡ
2462 1023 2763 1107 βαρτυρία
2794 1043 3055 1120 σου-οὑκ
3088 1042 3263 1095 ἐστιν
3294 1042 3528 1111 ἀληθής
3549 1060 3564 1074 ο
3610 1048 3863 1111 ἀντεῖπε,
3886 1048 4012 1101 Κάν

2406 1126 2524 1197 ἐγὼ
2587 1128 2873 1197 μαρτυρῶ
2930 1130 3067 1198 περὶ
3118 1130 3418 1200 ἐμαυτοῦ,
3464 1134 3703 1203 ἀληθής
3750 1137 3923 1190 ἐστιν
3968 1139 4008 1202 ἡ

2402 1223 2702 1289 μαρτυρία
2739 1240 2881 1290 μου.
2936 1222 3216 1292 Πρόδηλον
3272 1219 3369 1277 οὖν
3417 1226 3500 1279 ὅτι
3550 1229 3731 1280 ἐκεῖνο
3768 1229 3866 1298 μέν
3908 1230 4012 1297 τῆς

2407 1314 2631 1365 ἐκείνων
2663 1313 2991 1377 ἀντιθέσεως
3019 1310 3085 1385 ἧν
3101 1330 3117 1347 ·
3134 1315 3311 1370 ,τοῦτο
3334 1315 3389 1369 δέ
3414 1316 3517 1387 τῆς
3542 1318 3736 1371 τούτου
3758 1318 4005 1387 γνώμης.

2421 1402 2651 1456 Ἐκεῖνοι
2685 1406 2785 1473 μὲν
2820 1405 2931 1473 γὰρ
2964 1402 3136 1475 ᾤοντο
3174 1406 3250 1475 μὴ
3298 1404 3620 1471 ἀξιόπιστον
3652 1408 3817 1461 αὒτδν
3865 1404 4011 1462 εἶναι

2409 1498 2539 1565 περὶ
2573 1494 2770 1547 ἑαυτοῦ
2815 1495 3203 1566 μαρτυροῦντα
3249 1497 3326 1561 ὡς
3376 1498 3704 1568 ἀνθρωπονο
3743 1493 3900 1563 οὗτος
3952 1502 4010 1553 δέ

2407 1587 2723 1640 τούναντίον
2756 1588 2943 1655 ἔλεγεν
2974 1587 3295 1653 ἀξιόπιστον
3325 1590 3521 1644 ἐαυτὸν
3546 1591 3623 1655 ὡς
3656 1592 3811 1649 Θεόν.
3846 1593 4010 1663 Πρῶ·

2404 1695 2499 1731 τον
2550 1677 2651 1747 μὲν
2700 1675 2793 1730 οῦν
2820 1678 3089 1732 κατέλυσε
3145 1680 3246 1750 τὴν
3297 1681 3687 1754 μελετωμόνην
3734 1684 4011 1738 ἀντίθεσιν

2406 1768 2609 1834 αὐτῶν,
2647 1768 2819 1821 εἰπὼν
2850 1770 2990 1839 ὅπερ
3025 1772 3203 1823 sli:er
3256 1772 3645 1842 ἐνεθυμοῦντο,
3695 1778 3790 1829 καὶ
3831 1774 4009 1840 δείξας

693 1864 888 1919 dicens
924 1863 980 1919 id
1031 1864 1179 1934 quod
1209 1864 1310 1934 ipsi
1345 1864 1534 1919 dicere
1594 1866 1883 1933 parabant,
1915 1874 1972 1919 et
2001 1863 2303 1919 ostendens
2337 1860 2380 1915 Β
2406 1862 2442 1914 δε

2259 1877 2303 1917 Is
2337 1860 2380 1915 Β
2406 1862 2488 1914 ὅτι
2508 1859 2770 1928 γινώσκει
2793 1860 2889 1924 τὰς
2923 1861 3165 1925 διανοίας
3196 1862 3380 1916 αὐτῶν
3406 1880 3419 1894 ο
3449 1859 3567 1917 εἶτα
3591 1867 3689 1920 καὶ
3721 1868 4008 1937 μάρτυρας

693 1956 837 2025 quod
865 1956 1227 2027 cogitationes
1258 1971 1452 2012 eorum
1477 1966 1859 2029 cognosceret.
1900 1955 2110 2012 Deinde
2131 1956 2301 2013 etiam

692 2058 863 2103 testes
894 2050 1123 2104 adducit
1148 2048 1497 2114 manifestos,
1530 2062 1586 2105 et
1614 2050 1819 2119 quibus
1849 2049 2159 2105 contradici
2189 2064 2299 2104 ne-

690 2154 859 2213 queat
884 2142 1211 2206 :Joannem.
1239 2158 1408 2213 opera
1434 2143 1680 2214 propria,
1702 2158 1766 2197 ac
1789 2124 2035 2198 Patrem.
2057 2143 2303 2198 Primum

689 2241 875 2287 autem
911 2232 1070 2302 ponit
1112 2231 1347 2286 debilius
1417 2232 1790 2287 testimonium
1852 2240 1983 2302 puta
2037 2227 2291 2287 Joannis.

762 2326 921 2383 Vers.
966 2329 1055 2383 32.
1090 2328 1245 2381 Alius
1274 2356 1347 2367 —
1377 2343 1479 2381 me.
1510 2326 1638 2382 Scio
1674 2328 1843 2390 hunc,
1899 2328 2103 2397 inquit,
2154 2326 2302 2398 quod

688 2421 834 2491 apud
883 2408 1078 2473 omnes
1116 2419 1189 2473 sit
1222 2419 1329 2473 ﬁde
1363 2418 1589 2490 dignus,
1612 2433 1814 2489 nempe
1876 2416 2145 2488 propheta
2178 2418 2299 2483 Dei,

690 2526 746 2568 «τι
771 2530 799 2567 a
830 2514 944 2567 Deo
980 2512 1287 2579 accipiens,
1314 2526 1438 2581 quae
1467 2511 1738 2581 loquitur.
1802 2508 2035 2575 Deinde,
2069 2526 2139 2565 ne
2171 2510 2300 2581 quis

687 2615 931 2676 opponat
958 2604 1190 2659 dicens:
1244 2603 1385 2669 Quid
1420 2604 1464 2658 si
1509 2604 1577 2658 ad
1626 2602 1867 2674 gratiam
1918 2603 2297 2671 testimonium

686 2697 1017 2768 perhibuit?
1052 2698 1197 2751 hanc
1222 2695 1391 2750 etiam
1426 2695 1565 2751 tollit
1626 2695 2001 2763 objectionem
2051 2695 2243 2750 dicens
2279 2713 2292 2749 :

762 2790 918 2845 Vers.
962 2790 1053 2845 55.
1104 2789 1197 2843 Vos
1234 2819 1300 2829 —
1335 2790 1568 2843 veritati.
1600 2788 1660 2843 in
1687 2788 2006 2859 primordiis
2040 2788 2293 2858 Evange—

684 2884 741 2938 lii
772 2883 855 2938 sui
879 2892 1002 2955 post
1038 2895 1354 2936 sermonem
1381 2880 1451 2936 de
1487 2879 1597 2935 Deo
1644 2882 1915 2947 habitum,
1946 2880 2087 2935 dixit
2126 2896 2297 2935 evan-

682 2977 877 3049 gelista
910 2975 1205 3029 :Miserunt
1233 2966 1412 3026 Jitdwi
1438 2972 1507 3025 ab
1569 2972 1959 3042 Hierosolymis
1993 2974 2295 3027 sacerdotes

678 3083 731 3127 et
767 3072 955 3125 levitas
993 3078 1051 3122 ut
1088 3069 1483 3139 interrogarent
1518 3084 1637 3121 eum
1673 3084 1691 3121 :
1738 3067 1812 3122 Tu
1839 3070 1955 3139 quis
1980 3085 2034 3123 es
2056 3071 2083 3125 7
2110 3078 2167 3124 et
2189 3085 2296 3125 can-

682 3163 887 3221 tcra”.
916 3163 1075 3218 Tunc
1108 3175 1241 3233 ergo
1271 3160 1445 3215 multa
1476 3170 1533 3215 ct
1583 3176 1782 3231 magna
1836 3160 2164 3216 testiﬁcatus
2210 3169 2295 3216 est
2320 3192 2366 3255 ο

679 3259 749 3312 de
790 3256 1032 3312 Christo.
1070 3255 1202 3309 Ideo
1238 3268 1387 3308 nunc
1419 3254 1553 3310 dicit
1591 3270 1607 3309 :
1647 3253 1756 3308 Vos
1819 3254 2053 3309 misistis
2102 3253 2171 3308 ad
2200 3252 2288 3309 Jo-

678 3365 903 3417 annem,
934 3349 1343 3419 interrogantes
1371 3362 1497 3401 eum
1528 3365 1541 3400 :
1588 3362 1699 3401 non
1760 3358 1947 3402 autem
1974 3346 2289 3411 misissetis,

674 3442 786 3497 nisi
841 3455 969 3495 eum
1027 3440 1136 3494 ﬁde
1161 3440 1392 3511 dignum
1416 3440 1824 3511 c0gnovissetis
1874 3441 2289 3505 ;testimonium

678 3546 809 3603 ergo
838 3532 962 3603 ejus
990 3530 1245 3586 refellere
1270 3547 1382 3586 non
1418 3532 1671 3601 potestis.

751 3710 910 3766 Vers.
943 3711 1034 3764 54.
1074 3702 1189 3780 Ego
1222 3740 1291 3755 -
1322 3709 1550 3777 accipio.
1582 3703 1701 3762 Hoc
1726 3717 1834 3773 est,
1903 3708 2149 3762 humano
2209 3717 2291 3761 te-

676 3805 951 3862 stimonio
976 3820 1090 3859 non
1120 3804 1361 3875 indigeo,
1410 3818 1537 3859 cum
1566 3801 1670 3856 siin
1706 3801 1871 3856 Deus.
1914 3799 1981 3855 Et
2011 3803 2291 3871 quomodo

672 3901 729 3953 iu
757 3898 1139 3954 testimonium
1166 3896 1397 3951 adduxit
1427 3895 1725 3960 Joannem,
1750 3896 1844 3965 qui
1902 3893 2070 3949 homo
2124 3903 2245 3948 erat
2270 3895 2292 3947 ἳ

671 3991 924 4048 Primum
965 3991 1216 4061 quidem,
1244 3989 1375 4058 quia
1405 3989 1786 4043 testimonium
1848 3990 1971 4057 ejus
2000 4003 2110 4043 non
2168 3998 2291 4043 erat

669 4087 869 4158 ipsius,
897 4086 992 4141 sed
1020 4083 1142 4139 Dei.
1169 4084 1263 4137 Ait
1288 4082 1439 4137 enim
1472 4099 1485 4135 :
1526 4080 1632 4146 Qui
1696 4082 1841 4135 misit
1876 4098 1960 4135 me
2015 4082 2087 4135 ad
2111 4083 2291 4152 bapti-

668 4178 983 4233 sandumlu
1014 4192 1181 4245 aqua,
1215 4176 1330 4245 ipse
1362 4175 1495 4227 mihi
1530 4175 1665 4228 dixit
1686 4175 1751 4229 ”.
1779 4173 1991 4230 Deinde
2026 4185 2082 4229 et
2123 4178 2285 4231 aliain

668 4274 831 4343 ponit
856 4286 1107 4327 causam.
1134 4270 1273 4325 Vide
1300 4269 1471 4323 cnim.

743 4364 906 4420 Vers.
934 4364 1029 4419 δέ.
1064 4362 1169 4417 Sed
1205 4392 1275 4401 —
1303 4361 1439 4415 salvi
1478 4364 1613 4417 sitis.
1649 4360 1769 4418 Non
1804 4362 1951 4433 quod
2018 4363 2283 4431 humano,

667 4458 869 4529 inquit,
897 4470 1091 4528 egeam
1131 4455 1479 4521 testimonio,
1516 4457 1613 4511 sed
1637 4457 1707 4511 de
1768 4454 2007 4511 Joannis
2032 4457 2283 4512 testimo-

2410 1952 2661 2023 παράγει
2700 1954 2895 2021 σαφεῖς
2925 1954 3019 2006 καὶ
3051 1956 3489 2025 ἀναπιρρήτους
3525 1960 3707 2029 τρεῖς,
3745 1960 3837 2011 τὸν
3899 1961 4014 2013 Ἰω-

2408 2046 2603 2115 άννην,
2633 2046 2703 2099 τὰ
2742 2046 2921 2099 οίκεῖα
2945 2046 3105 2116 ἔργα,
3129 2049 3225 2101 καὶ
3258 2049 3350 2101 τὸν
3396 2049 3641 2122 Πατέρα.
3682 2051 3913 2123 Πρώτην
3954 2052 4013 2105 δέ

2406 2138 2591 2208 τίθησι
2623 2136 2720 2210 τὴν
2745 2137 2955 2193 ἐλάττω
2985 2139 3318 2210 μαρτυρίαν,
3355 2140 3455 2213 τὴν
3498 2144 3773 2197 Ἰωάννου.

2486 2327 2705 2391 Ἀλλος
2737 2356 2808 2366 -
2837 2326 3006 2396 ἐμοῦ.
3056 2324 3190 2381 Οἶδα
3234 2326 3416 2393 τοῦτο,
3470 2332 3630 2398 φησι,
3686 2332 3822 2383 διότι
3861 2332 4013 2402 παρά

2402 2420 2623 2473 πάντων
2662 2420 2773 2489 ἔχει
2802 2419 2861 2472 τὸ
2902 2420 3247 2487 ἀξιόπιστον,
3271 2421 3349 2484 ὡς
3397 2424 3688 2494 προφήτης
3726 2424 3863 2477 Θεοῦ
3914 2428 4012 2478 καὶ

2403 2514 2509 2566 ὑπὸ
2554 2513 2691 2567 Θεοῦ
2745 2513 3111 2584 ἐνηχούμενος
3163 2514 3199 2569 ἃ
3258 2515 3579 2584 φθέγγεται.
3614 2513 3747 2569 Εἶτα
3800 2519 3885 2573 τνα
3932 2521 4011 2590 μὴ

2400 2608 2685 2677 ἀντιΟήσει
2745 2624 2869 2669 τις·
2934 2609 2997 2659 Τί
3054 2607 3171 2671 οῦν,
3206 2610 3253 2660 εί
3310 2610 3447 2677 πρὸς
3498 2610 3663 2680 χάριν
3722 2613 4007 2681 μεμαρτύ-

2403 2717 2540 2771 ρηκε
2566 2718 2581 2765 ;
2608 2703 2937 2771 προαναιρεῖ
2970 2703 3065 2754 καὶ
3096 2704 3307 2772 ταύτην
3336 2702 3437 2773 τὴν
3483 2705 3777 2773 ἀντίθεσιν,
3812 2703 4008 2774 λέγων·

2505 2789 2713 2859 Ὑμεῖς
2748 2820 2818 2830 -
2848 2791 3132 2859 ἀληθείᾳ.
3191 2792 3283 2848 Ἐν
3333 2794 3668 2864 προοιμίοις,
3722 2797 3863 2867 μετά
3910 2798 4012 2866 τὴν

2400 2881 2684 2950 θεολογίαν
2736 2884 2900 2955 φησὶν
2926 2886 2955 2936 ὁ
2982 2883 3418 2955 εὐαγγελιστής,
3451 2886 3539 2940 ὅτε
3571 2888 3683 2959 (ii)
3722 2889 4012 2943 Ἀπέστει-

2398 2978 2520 3029 .lar
2545 2978 2599 3029 οἱ
2636 2977 2913 3031 Ἰουδαῖοι
2942 2976 3013 3041 ἐξ
3048 2978 3499 3049 Ἰεροσολύμων
3525 2980 3705 3049 ιερδῖς
3735 2982 3832 3036 καί
3864 2989 4013 3038 Aev-

2405 3066 2539 3132 ττας
2590 3068 2693 3120 ἵνα
2742 3068 3135 3136 ἐρωτήσωσιν
3180 3070 3392 3137 αὐτὸν,
3436 3073 3523 3126 Σὺ
3557 3074 3649 3139 τίς
3681 3069 3769 3139 εις
3802 3076 3899 3128 καὶ
3943 3078 4013 3128 τά

2400 3156 2529 3227 ἑξῆς
2550 3173 2563 3187 ·
2597 3158 2718 3211 τότε
2752 3157 2845 3211 οὖν
2877 3157 3237 3230 ἐμαρτύρησε
3270 3161 3400 3231 περὶ
3428 3160 3523 3213 τοῦ
3551 3161 3795 3231 Χριστοῦ
3841 3164 4014 3219 πολλά

2403 3253 2499 3303 καὶ
2544 3250 2779 3320 μεγάλα.
2824 3252 2925 3304 Διά
2952 3250 3114 3307 τοῦτο
3155 3252 3304 3321 λέγει
3350 3252 3470 3316 νῦν,
3504 3253 3699 3322 Ὑμεῖς
3739 3257 4014 3312 ἀπεστάλ-

2399 3359 2535 3395 κατε
2596 3342 2731 3413 πρὸς
2774 3340 3030 3415 Ἰωάννην
3080 3345 3399 3415 ἐρωτῶντες
3440 3362 3456 3376 ’
3517 3347 3620 3399 οὐκ
3669 3346 3740 3400 ἂν
3792 3347 3851 3401 δέ
3878 3349 4015 3412 ,ἀπο

2398 3434 2773 3499 εστείλατε,εἰ
2812 3436 2887 3507 μὴ
2917 3436 3236 3501 ἀξιόπιστον
3273 3438 3439 3491 αὑτὸν
3484 3436 3840 3506 ἐγινώσκετε.
3889 3442 4015 3495 Δοι-

2398 3528 2501 3580 my
2532 3526 2625 3580 οὖν
2673 3528 2734 3581 οὐ
2771 3528 3009 3582 δύνασθε
3049 3528 3528 3600 παραγράψασθαι
3558 3529 3661 3602 τὴν
3697 3532 4013 3603 μαρτυρίαν

2396 3635 2463 3669 αυ
2474 3636 2587 3670 του.

2485 3711 2635 3780 Ἐγὼ
2659 3740 2729 3750 —
2751 3712 3058 3781 λαμϐάνω.
3119 3711 3457 3779 Τουτέστιν,
3508 3714 3613 3768 οὐκ
3661 3714 4013 3786 ἀνθρωπίνης

2401 3806 2715 3876 μαρτυρίας
2750 3806 2944 3875 δέομαι
2979 3806 3112 3872 Θεὸς
3146 3808 3244 3869 ὢν.
3296 3810 3406 3863 Καὶ
3429 3808 3549 3873 πῶς
3596 3809 3691 3863 τὸν
3754 3811 4015 3881 Ἰωάννην

2400 3898 2660 3969 μάρτυρα
2711 3900 3010 3970 παράγεις,
3063 3902 3360 3972 ἄνθρωπον
3408 3901 3573 3970 δντα;
3626 3902 3828 3973 upon
3888 3906 4012 3974 μιν,

2394 3987 2533 4039 διότι
2562 3990 2596 4059 ὴ
2630 3990 2914 4061 μαρτυρία
2942 3990 3108 4046 αὐτοῦ
3133 3994 3235 4045 οὐκ
3260 3988 3328 4064 ἦν
3348 3993 3540 4061 αὑτοῦ,
3567 3994 3708 4047 ἀλλά
3734 3993 3828 4047 τοῦ
3849 3994 4009 4049 Θεοῦ.

2396 4076 2533 4133 Eius
2567 4083 2700 4153 γὰρ,
2739 4085 2820 4136 ὅτι
2864 4085 2919 4137 '0
2957 4085 3204 4154 πέμψας
3239 4086 3659 4155 paginuler
3692 4088 3766 4141 ἐν
3813 4088 4009 4155 ὕδατι,

2392 4170 2628 4236 ἐκεῖνός
2670 4189 2775 4242 μοι
2819 4170 3013 4230 εἶπεν.
3052 4176 3287 4230 Ἔπειτα
3335 4177 3390 4231 δέ
3437 4176 3627 4249 τίθησι
3686 4181 3782 4232 καὶ
3835 4178 4009 4249 ἀλλην

2394 4265 2597 4321 αίτίαν,
2636 4266 2783 4339 Ὅρα
2812 4269 2938 4339 γάρ.

2480 4361 2672 4416 Ἀλλά
2718 4392 2788 4402 —
2829 4363 3090 4433 σωθῆτε.
3130 4366 3247 4419 Οὐκ
3293 4364 3653 4439 ἀνθρωπίνης
3698 4365 4008 4437 μαρτυρίας

2390 4452 2609 4524 δέομαι,
2640 4458 2830 4527 φησὶν,
2854 4458 2993 4511 ἀλλά
3024 4462 3091 4513 τὰ
3112 4459 3247 4529 περὶ
3276 4462 3377 4532 τῆς
3409 4462 3724 4533 μαρτυρίας
3752 4461 3849 4515 τοῦ
3892 4459 4007 4514 Ἰω-

666 4550 762 4605 uio
794 4548 1206 4619 dispensatorie
1244 4548 1483 4618 loquor:
1508 4556 1567 4603 ut
1623 4548 1673 4603 ei
1732 4548 2048 4615 credentes,
2097 4550 2193 4619 qui
2229 4561 2283 4605 et
2320 4553 2362 4608 D
2393 4546 2415 4597 ά

2257 4561 2283 4603 ιι
2320 4553 2362 4608 D
2393 4546 2555 4598 ἀννου
2576 4545 2721 4615 λέγω
2745 4550 3136 4620 οἰκονομικῶς,
3161 4554 3249 4605 ίνα
3266 4552 3345 4625 τῷ
3372 4552 3469 4605 καὶ
3496 4553 3615 4607 δντι
3640 4558 3736 4607 καί
3754 4552 4006 4608 δοκοῦντι

665 4652 775 4709 cst,
806 4653 862 4696 et
886 4641 1043 4697 vobis
1111 4647 1344 4711 apparet
1379 4639 1486 4694 ﬁde
1517 4639 1738 4710 dignus,
1756 4639 1891 4695 salvi
1916 4640 2058 4695 sitis.

742 4736 897 4791 Vers.
934 4736 1025 4789 '55.
1053 4732 1161 4788 Ille
1190 4763 1261 4773 —
1280 4732 1482 4788 lucem.
1514 4732 1767 4789 Lucerna
1781 4748 2019 4809 accensa
2040 4748 2071 4788 a
2093 4732 2281 4789 divino

664 4826 898 4897 Spiritu,
930 4825 1195 4881 etlucens
1220 4826 1306 4880 his
1337 4826 1429 4895 qui
1458 4826 1513 4879 in
1546 4826 1796 4881 tenebris
1824 4834 1987 4880 erant
2040 4826 2277 4895 peccati.

663 4919 977 4974 Lucernam
1001 4928 1188 4973 autem
1213 4934 1340 4973 cum
1378 4919 1595 4973 vocavit
1624 4930 1887 4989 tanquam
1920 4920 2277 4975 obscuratum

660 5011 956 5068 excellenti
1009 5012 1216 5067 lumine
1246 5012 1390 5067 Solis
1436 5012 1690 5082 iustitiae.
1730 5013 1855 5083 ipse
1886 5013 2159 5083 siquidem
2206 5014 2275 5069 de

658 5107 886 5163 Christo
923 5107 1185 5165 dicebat:
1242 5106 1409 5161 Illum
1440 5117 1646 5176 oportet
1683 5123 1916 5161 crescere
1938 5147 1952 5172 ,
1988 5124 2069 5161 me
2094 5117 2275 5161 autem

659 5201 831 5257 minui
855 5200 895 5256 ¹.

727 5389 907 5443 Aliam
941 5405 1168 5461 quoque
1198 5392 1271 5445 ob
1300 5406 1526 5447 causam
1578 5391 1881 5461 appellavit
1904 5406 2032 5445 eum
2080 5391 2267 5447 lucer-

654 5498 808 5550 nam,
830 5483 959 5554 quia
992 5484 1251 5542 videlicet
1280 5501 1389 5540 non
1424 5500 1492 5540 es
1522 5500 1583 5540 se
1624 5484 1911 5540 doctrina:
1951 5483 2131 5539 lucem
2164 5487 2265 5539 ha-

761 5624 1120 5693 "Joanmu,
1158 5624 1247 5680 12.
1326 5623 1649 5680 "Ibid.15.
1765 5623 1808 5655 ’⁷
1846 5622 1985 5677 Ibid.
2015 5622 2103 5677 ls'.

2220 5623 2265 5655 "
2320 5621 2485 5679 Joan.
2509 5624 2547 5693 Ι,
2581 5628 2666 5685 19.

2392 4638 2522 4708 ὑμῖν
2557 4639 2860 4713 ἀξιοπίστῳ
2890 4644 3206 4714 πειθόμενοι
3236 4645 3473 4717 σωθῆτε.

2472 4732 2741 4800 Ἐκεῖνος
2791 4764 2861 4773 -
2905 4738 3161 4806 φαίνων.
3220 4738 3281 4794 ’0
3320 4738 3538 4810 λύχνος,
3584 4740 3615 4793 δ
3662 4739 4004 4811 ἀνακαιόμε-

2386 4842 2479 4888 νος
2509 4826 2589 4897 τῷ
2625 4829 2762 4899 πυρὶ
2792 4828 2888 4883 τοῦ
2931 4830 3081 4885 θείου
3132 4832 3461 4904 Πνεύματος
3506 4833 3600 4888 καὶ
3646 4835 3857 4903 φαίνων
3884 4838 4002 4899 τοῖς

2388 4920 2446 4971 ἐν
2470 4918 2549 4989 τῷ
2578 4920 2761 4974 σκότει
2794 4924 2897 4993 τῆς
2923 4925 3227 4995 ἁμαρτίας.
3268 4925 3480 4997 Λύχνον
3505 4926 3563 4979 δέ
3586 4925 3753 4982 αὐτὸν
3792 4927 3991 4981 ἐκάλε-

2390 5032 2509 5079 σεν,
2557 5014 2632 5079 ὡς
2683 5016 3089 5087 ἀμαυρωθιντα
3134 5020 3214 5092 τῷ
3258 5019 3658 5091 ὑπερϐάλλοντι
3711 5021 3852 5090 φωτὶ
3903 5019 3999 5073 τοῦ

2402 5108 2585 5161 Ἡλίου
2621 5108 2723 5179 τῆς
2756 5109 3130 5184 δικαιοσύνης.
3169 5115 3317 5185 Ἔφη
3354 5114 3465 5189 γάρ
3516 5115 3684 5178 αὐτὸς
3727 5114 3858 5185 περὶ
3901 5112 3997 5167 τοῦ

2386 5205 2628 5275 Χριστοῦ
2649 5246 2663 5271 ,
2700 5205 2782 5261 ὅτι
2818 5207 3089 5263 Ἐκεῖνον
3109 5208 3208 5263 δεῖ
3227 5209 3545 5275 αὐξάνειν,
3579 5208 3687 5273 ἐμὲ
3713 5206 3783 5262 δὲ
3818 5207 3996 5263 ἐλατ-

2384 5302 2656 5358 τοῦσθαι.

2447 5398 2560 5450 Καὶ
2596 5399 2903 5484 ἐτέρωςβέ
2957 5401 3155 5474 λύχνον
3202 5402 3369 5457 αὐτὸν
3416 5401 3728 5474 ὠνόμασεν.
3784 5400 3863 5463 ὡς
3916 5399 3993 5470 μὴ

2368 5491 2584 5546 οῐχοοεν
2611 5494 2805 5567 ἔχοντα
2835 5496 2897 5550 τδ
2930 5498 3048 5567 φῶς
3078 5496 3182 5570 τῆς
3216 5495 3594 5563 διδασκαλίας,
3632 5496 3756 5551 ἀλλ’
3789 5495 3857 5551 ἐκ
3893 5494 3993 5569 τῆς

2785 5630 2830 5664 ⁸⁸
2865 5632 3008 5689 Ibid.
3034 5633 3125 5689 '55.
3244 5635 3259 5663 '
3292 5632 3454 5691 Joan.
3491 5647 3577 5701 ιιι,
3609 5628 3704 5688 50.

1880 5785 2075 5849 Varini
2107 5782 2419 5850 lectiones
2452 5794 2513 5849 et
2555 5805 2747 5853 noue.

716 5866 833 5931 (21)
860 5868 981 5921 Ὀτι
1014 5863 1075 5919 Β.
