  <div class='ocr_page' id='page_1' title='image "/cluster/home/n/w/nwhite01/storage/ocr_20150623/129/nnc1.0046979913/662.png"; bbox 0 0 4430 6460; ppageno 0'>
   <div class='ocr_carea' id='block_1_1' title="bbox 428 443 562 507">
    <p class='ocr_par' dir='ltr' id='par_1_1' title="bbox 428 443 562 507">
     <span class='ocr_line' id='line_1_1' title="bbox 428 443 562 507; baseline 0 -1"><span class='ocrx_word' id='word_1_1' title='bbox 428 443 562 507; x_wconf 72' lang='lat'><strong>1231</strong></span> 
     </span>
    </p>
   </div>
   <div class='ocr_carea' id='block_1_2' title="bbox 1374 424 2755 492">
    <p class='ocr_par' dir='ltr' id='par_1_2' title="bbox 1374 424 2755 492">
     <span class='ocr_line' id='line_1_2' title="bbox 1374 424 2755 492; baseline -0.004 0"><span class='ocrx_word' id='word_1_2' title='bbox 1374 429 1764 492; x_wconf 75' lang='lat' dir='ltr'><strong>COMMENT.</strong></span> <span class='ocrx_word' id='word_1_3' title='bbox 1812 429 1889 489; x_wconf 76' lang='lat' dir='ltr'><strong>1N</strong></span> <span class='ocrx_word' id='word_1_4' title='bbox 1929 427 2313 488; x_wconf 68' lang='lat' dir='ltr'><strong>JOANNEM.</strong></span> <span class='ocrx_word' id='word_1_5' title='bbox 2348 450 2413 462; x_wconf 90' lang='lat'><strong>-</strong></span> <span class='ocrx_word' id='word_1_6' title='bbox 2456 426 2615 486; x_wconf 79' lang='lat' dir='ltr'><strong>CAP.</strong></span> <span class='ocrx_word' id='word_1_7' title='bbox 2652 424 2755 486; x_wconf 82' lang='lat' dir='ltr'><strong>VI.</strong></span> 
     </span>
    </p>
   </div>
   <div class='ocr_carea' id='block_1_3' title="bbox 3572 422 3707 495">
    <p class='ocr_par' dir='ltr' id='par_1_3' title="bbox 3572 422 3707 495">
     <span class='ocr_line' id='line_1_3' title="bbox 3572 422 3707 495; baseline 0.03 -12"><span class='ocrx_word' id='word_1_8' title='bbox 3572 422 3707 495; x_wconf 77' lang='lat'><strong>19.38</strong></span> 
     </span>
    </p>
   </div>
   <div class='ocr_carea' id='block_1_4' title="bbox 424 538 2173 627">
    <p class='ocr_par' dir='ltr' id='par_1_4' title="bbox 424 547 2173 627">
     <span class='ocr_line' id='line_1_4' title="bbox 424 547 2173 627; baseline -0.01 -13"><span class='ocrx_word' id='word_1_9' title='bbox 424 558 553 626; x_wconf 76' lang='grc' dir='ltr'>τοῖς</span> <span class='ocrx_word' id='word_1_10' title='bbox 592 555 708 627; x_wconf 75' lang='lat'><strong>(50)</strong></span> <span class='ocrx_word' id='word_1_11' title='bbox 734 595 750 621; x_wconf 95' lang='lat'><strong>,</strong></span> <span class='ocrx_word' id='word_1_12' title='bbox 789 556 872 609; x_wconf 83' lang='grc' dir='ltr'><strong>Οὐ</strong></span> <span class='ocrx_word' id='word_1_13' title='bbox 931 553 1140 623; x_wconf 68' lang='grc' dir='ltr'>χρείαν</span> <span class='ocrx_word' id='word_1_14' title='bbox 1183 550 1443 619; x_wconf 67' lang='grc' dir='ltr'>ἔχουσιν</span> <span class='ocrx_word' id='word_1_15' title='bbox 1508 548 1834 604; x_wconf 67' lang='grc' dir='ltr'>ἀπελθεῖν-ο</span> <span class='ocrx_word' id='word_1_16' title='bbox 1876 547 2014 602; x_wconf 82' lang='grc' dir='ltr'><strong>δότε</strong></span> <span class='ocrx_word' id='word_1_17' title='bbox 2044 553 2089 609; x_wconf 78' lang='grc' dir='ltr'><strong>Α</strong></span> <span class='ocrx_word' id='word_1_18' title='bbox 2120 548 2173 599; x_wconf 70' lang='grc' dir='ltr'><strong>εἰ</strong></span> 
     </span>
    </p>
   </div>
   <div class='ocr_carea' id='block_1_5' title="bbox 1962 538 3711 627">
    <p class='ocr_par' dir='ltr' id='par_1_5' title="bbox 1962 538 3711 609">
     <span class='ocr_line' id='line_1_5' title="bbox 1962 538 3711 609; baseline -0.005 -9"><span class='ocrx_word' id='word_1_19' title='bbox 1962 563 2014 600; x_wconf 79' lang='grc' dir='ltr'>τε</span> <span class='ocrx_word' id='word_1_20' title='bbox 2044 553 2089 609; x_wconf 78' lang='grc' dir='ltr'><strong>Α</strong></span> <span class='ocrx_word' id='word_1_21' title='bbox 2120 548 2195 599; x_wconf 86' lang='lat' dir='ltr'><strong>eis</strong></span> <span class='ocrx_word' id='word_1_22' title='bbox 2219 562 2237 599; x_wconf 92' lang='lat'><strong><em>:</em></strong></span> <span class='ocrx_word' id='word_1_23' title='bbox 2266 544 2385 599; x_wconf 77' lang='lat' dir='ltr'><strong>Non</strong></span> <span class='ocrx_word' id='word_1_24' title='bbox 2412 554 2487 597; x_wconf 80' lang='lat' dir='ltr'><strong>est</strong></span> <span class='ocrx_word' id='word_1_25' title='bbox 2527 543 2636 597; x_wconf 84' lang='lat' dir='ltr'><strong>illis</strong></span> <span class='ocrx_word' id='word_1_26' title='bbox 2670 556 2872 595; x_wconf 83' lang='lat' dir='ltr'><strong>necesse</strong></span> <span class='ocrx_word' id='word_1_27' title='bbox 2899 538 3097 609; x_wconf 78' lang='lat' dir='ltr'><strong>egredi,</strong></span> <span class='ocrx_word' id='word_1_28' title='bbox 3130 540 3253 592; x_wconf 79' lang='lat' dir='ltr'><strong>date</strong></span> <span class='ocrx_word' id='word_1_29' title='bbox 3280 554 3365 591; x_wconf 81' lang='lat' dir='ltr'><strong>uns</strong></span> <span class='ocrx_word' id='word_1_30' title='bbox 3418 539 3523 592; x_wconf 82' lang='lat' dir='ltr'><strong>illis</strong></span> <span class='ocrx_word' id='word_1_31' title='bbox 3572 541 3711 607; x_wconf 81' lang='lat' dir='ltr'><strong>quod</strong></span> 
     </span>
    </p>
   </div>
   <div class='ocr_carea' id='block_1_6' title="bbox 425 645 1111 718">
    <p class='ocr_par' dir='ltr' id='par_1_6' title="bbox 425 645 1111 718">
     <span class='ocr_line' id='line_1_6' title="bbox 425 645 1111 718; baseline -0.012 -11"><span class='ocrx_word' id='word_1_32' title='bbox 425 650 632 717; x_wconf 80' lang='grc' dir='ltr'>αὐτοῖς</span> <span class='ocrx_word' id='word_1_33' title='bbox 668 648 841 718; x_wconf 77' lang='grc' dir='ltr'><strong>ὑμεῖς</strong></span> <span class='ocrx_word' id='word_1_34' title='bbox 871 645 1111 717; x_wconf 70' lang='grc' dir='ltr'>φαγεῖν.</span> 
     </span>
    </p>
   </div>
   <div class='ocr_carea' id='block_1_7' title="bbox 504 734 2016 807">
    <p class='ocr_par' dir='ltr' id='par_1_7' title="bbox 504 734 2016 807">
     <span class='ocr_line' id='line_1_7' title="bbox 504 734 2016 807; baseline -0.007 -11"><span class='ocrx_word' id='word_1_35' title='bbox 504 741 687 796; x_wconf 77' lang='grc' dir='ltr'>Τοῦτο</span> <span class='ocrx_word' id='word_1_36' title='bbox 713 769 785 779; x_wconf 91' lang='grc'><strong>-</strong></span> <span class='ocrx_word' id='word_1_37' title='bbox 810 740 869 791; x_wconf 77' lang='grc' dir='ltr'><strong>τί</strong></span> <span class='ocrx_word' id='word_1_38' title='bbox 895 738 1118 807; x_wconf 63' lang='grc' dir='ltr'><strong>ἔμελλε</strong></span> <span class='ocrx_word' id='word_1_39' title='bbox 1146 734 1364 790; x_wconf 68' lang='grc' dir='ltr'>ποιεῖν.</span> <span class='ocrx_word' id='word_1_40' title='bbox 1412 736 1566 789; x_wconf 73' lang='grc' dir='ltr'>Ἐκεῖ</span> <span class='ocrx_word' id='word_1_41' title='bbox 1590 735 1686 789; x_wconf 73' lang='grc' dir='ltr'>καὶ</span> <span class='ocrx_word' id='word_1_42' title='bbox 1728 736 1859 803; x_wconf 82' lang='grc' dir='ltr'>περὶ</span> <span class='ocrx_word' id='word_1_43' title='bbox 1890 749 2016 786; x_wconf 89' lang='grc' dir='ltr'>του-</span> 
     </span>
    </p>
   </div>
   <div class='ocr_carea' id='block_1_8' title="bbox 427 824 2017 899">
    <p class='ocr_par' dir='ltr' id='par_1_8' title="bbox 427 824 2017 899">
     <span class='ocr_line' id='line_1_8' title="bbox 427 824 2017 899; baseline -0.004 -15"><span class='ocrx_word' id='word_1_44' title='bbox 427 849 522 884; x_wconf 83' lang='grc' dir='ltr'><strong>του</strong></span> <span class='ocrx_word' id='word_1_45' title='bbox 554 829 981 899; x_wconf 75' lang='grc' dir='ltr'>διασεσάφητιι.</span> <span class='ocrx_word' id='word_1_46' title='bbox 1033 828 1110 880; x_wconf 83' lang='lat' dir='ltr'><strong>Tb</strong></span> <span class='ocrx_word' id='word_1_47' title='bbox 1141 827 1223 891; x_wconf 75' lang='grc' dir='ltr'><strong>δι,</strong></span> <span class='ocrx_word' id='word_1_48' title='bbox 1252 826 1544 895; x_wconf 69' lang='grc' dir='ltr'><strong>πειράζων</strong></span> <span class='ocrx_word' id='word_1_49' title='bbox 1566 824 1776 892; x_wconf 76' lang='grc' dir='ltr'>αὑτὸν,</span> <span class='ocrx_word' id='word_1_50' title='bbox 1804 824 2017 895; x_wconf 76' lang='grc' dir='ltr'>ἀνθρω-</span> 
     </span>
    </p>
   </div>
   <div class='ocr_carea' id='block_1_9' title="bbox 430 916 2019 995">
    <p class='ocr_par' dir='ltr' id='par_1_9' title="bbox 430 916 2019 995">
     <span class='ocr_line' id='line_1_9' title="bbox 430 916 2019 995; baseline -0.005 -18"><span class='ocrx_word' id='word_1_51' title='bbox 430 922 737 995; x_wconf 82' lang='grc' dir='ltr'>ποπρεπῶς</span> <span class='ocrx_word' id='word_1_52' title='bbox 765 919 867 990; x_wconf 75' lang='grc' dir='ltr'><strong>μὶν</strong></span> <span class='ocrx_word' id='word_1_53' title='bbox 900 923 1105 974; x_wconf 74' lang='grc' dir='ltr'>νοεῖται</span> <span class='ocrx_word' id='word_1_54' title='bbox 1146 918 1292 973; x_wconf 77' lang='grc' dir='ltr'>κατὰ</span> <span class='ocrx_word' id='word_1_55' title='bbox 1315 921 1416 989; x_wconf 75' lang='grc' dir='ltr'>τὴν</span> <span class='ocrx_word' id='word_1_56' title='bbox 1445 920 1563 972; x_wconf 67' lang='grc' dir='ltr'>εκεῖ</span> <span class='ocrx_word' id='word_1_57' title='bbox 1597 918 1859 989; x_wconf 73' lang='grc' dir='ltr'><strong>ῥηθεῖσαν</strong></span> <span class='ocrx_word' id='word_1_58' title='bbox 1894 916 2019 989; x_wconf 67' lang='grc' dir='ltr'><strong>ἑξή-</strong></span> 
     </span>
    </p>
   </div>
   <div class='ocr_carea' id='block_1_10' title="bbox 430 1009 2019 1085">
    <p class='ocr_par' dir='ltr' id='par_1_10' title="bbox 430 1009 2019 1085">
     <span class='ocr_line' id='line_1_10' title="bbox 430 1009 2019 1085; baseline -0.003 -18"><span class='ocrx_word' id='word_1_59' title='bbox 430 1031 617 1085; x_wconf 77' lang='grc' dir='ltr'>γησιν,</span> <span class='ocrx_word' id='word_1_60' title='bbox 646 1013 967 1083; x_wconf 77' lang='grc' dir='ltr'>θεοπρεπῶς</span> <span class='ocrx_word' id='word_1_61' title='bbox 1011 1013 1089 1075; x_wconf 72' lang='grc' dir='ltr'><strong>δι,</strong></span> <span class='ocrx_word' id='word_1_62' title='bbox 1123 1012 1246 1066; x_wconf 76' lang='grc' dir='ltr'>ἀντὶ</span> <span class='ocrx_word' id='word_1_63' title='bbox 1274 1010 1394 1074; x_wconf 78' lang='grc' dir='ltr'>τοῦ,</span> <span class='ocrx_word' id='word_1_64' title='bbox 1425 1012 1505 1075; x_wconf 74' lang='grc' dir='ltr'><strong>είς</strong></span> <span class='ocrx_word' id='word_1_65' title='bbox 1533 1011 1773 1080; x_wconf 77' lang='grc' dir='ltr'><strong>ἀπορίαν</strong></span> <span class='ocrx_word' id='word_1_66' title='bbox 1809 1009 2019 1080; x_wconf 69' lang='grc' dir='ltr'><strong>εμσέιλ-</strong></span> 
     </span>
    </p>
   </div>
   <div class='ocr_carea' id='block_1_11' title="bbox 431 1100 2020 1175">
    <p class='ocr_par' dir='ltr' id='par_1_11' title="bbox 431 1100 2020 1175">
     <span class='ocr_line' id='line_1_11' title="bbox 431 1100 2020 1175; baseline -0.005 -14"><span class='ocrx_word' id='word_1_67' title='bbox 431 1108 543 1161; x_wconf 90' lang='grc' dir='ltr'>λων</span> <span class='ocrx_word' id='word_1_68' title='bbox 566 1107 754 1170; x_wconf 77' lang='grc' dir='ltr'>αὐτὸν,</span> <span class='ocrx_word' id='word_1_69' title='bbox 777 1108 889 1170; x_wconf 78' lang='grc' dir='ltr'>ἵνα,</span> <span class='ocrx_word' id='word_1_70' title='bbox 907 1106 1007 1174; x_wconf 74' lang='grc' dir='ltr'>τὴν</span> <span class='ocrx_word' id='word_1_71' title='bbox 1039 1104 1280 1175; x_wconf 77' lang='grc' dir='ltr'><strong>ἀπορίαν</strong></span> <span class='ocrx_word' id='word_1_72' title='bbox 1302 1102 1671 1173; x_wconf 79' lang='grc' dir='ltr'>ὁμολογήσας.</span> <span class='ocrx_word' id='word_1_73' title='bbox 1694 1100 2020 1173; x_wconf 71' lang='grc' dir='ltr'>ἀκριϐέστε-</span> 
     </span>
    </p>
   </div>
   <div class='ocr_carea' id='block_1_12' title="bbox 439 1194 2025 1271">
    <p class='ocr_par' dir='ltr' id='par_1_12' title="bbox 439 1194 2025 1271">
     <span class='ocr_line' id='line_1_12' title="bbox 439 1194 2025 1271; baseline -0.003 -18"><span class='ocrx_word' id='word_1_74' title='bbox 439 1217 537 1271; x_wconf 85' lang='grc' dir='ltr'><strong>ρον</strong></span> <span class='ocrx_word' id='word_1_75' title='bbox 588 1200 884 1269; x_wconf 78' lang='grc' dir='ltr'><strong>καταμάθῃ</strong></span> <span class='ocrx_word' id='word_1_76' title='bbox 912 1198 1009 1252; x_wconf 80' lang='grc' dir='ltr'><strong>τού</strong></span> <span class='ocrx_word' id='word_1_77' title='bbox 1043 1196 1333 1269; x_wconf 69' lang='grc' dir='ltr'>μέλλοντος</span> <span class='ocrx_word' id='word_1_78' title='bbox 1362 1194 1618 1264; x_wconf 68' lang='grc' dir='ltr'>γενέσθαι</span> <span class='ocrx_word' id='word_1_79' title='bbox 1650 1194 1932 1265; x_wconf 79' lang='grc' dir='ltr'>θαύματος</span> <span class='ocrx_word' id='word_1_80' title='bbox 1964 1194 2025 1249; x_wconf 84' lang='grc' dir='ltr'>τδ</span> 
     </span>
    </p>
   </div>
   <div class='ocr_carea' id='block_1_13' title="bbox 436 1284 2025 1360">
    <p class='ocr_par' dir='ltr' id='par_1_13' title="bbox 436 1284 2025 1360">
     <span class='ocr_line' id='line_1_13' title="bbox 436 1284 2025 1360; baseline -0.001 -18"><span class='ocrx_word' id='word_1_81' title='bbox 436 1290 690 1359; x_wconf 74' lang='grc' dir='ltr'>μέγεθος.</span> <span class='ocrx_word' id='word_1_82' title='bbox 721 1290 780 1342; x_wconf 82' lang='lat' dir='ltr'><strong>El</strong></span> <span class='ocrx_word' id='word_1_83' title='bbox 812 1290 923 1360; x_wconf 78' lang='grc' dir='ltr'>γὰρ</span> <span class='ocrx_word' id='word_1_84' title='bbox 950 1287 1141 1349; x_wconf 78' lang='grc' dir='ltr'>ἁπλῶς</span> <span class='ocrx_word' id='word_1_85' title='bbox 1171 1287 1415 1353; x_wconf 68' lang='grc' dir='ltr'>ἐγένετο,</span> <span class='ocrx_word' id='word_1_86' title='bbox 1444 1287 1546 1339; x_wconf 81' lang='grc' dir='ltr'>οὐκ</span> <span class='ocrx_word' id='word_1_87' title='bbox 1574 1284 1641 1339; x_wconf 73' lang='grc' dir='ltr'>ἂν</span> <span class='ocrx_word' id='word_1_88' title='bbox 1674 1288 1848 1360; x_wconf 63' lang='grc' dir='ltr'>εφανη</span> <span class='ocrx_word' id='word_1_89' title='bbox 1872 1287 2025 1358; x_wconf 76' lang='grc' dir='ltr'>τηλι-</span> 
     </span>
    </p>
   </div>
   <div class='ocr_carea' id='block_1_14' title="bbox 434 1376 2028 1451">
    <p class='ocr_par' dir='ltr' id='par_1_14' title="bbox 434 1376 2028 1451">
     <span class='ocr_line' id='line_1_14' title="bbox 434 1376 2028 1451; baseline 0.001 -20"><span class='ocrx_word' id='word_1_90' title='bbox 434 1379 628 1432; x_wconf 77' lang='grc' dir='ltr'>κοῦτον</span> <span class='ocrx_word' id='word_1_91' title='bbox 646 1396 662 1410; x_wconf 78' lang='grc'><em>’</em></span> <span class='ocrx_word' id='word_1_92' title='bbox 688 1378 767 1443; x_wconf 81' lang='grc' dir='ltr'><strong>ὡς</strong></span> <span class='ocrx_word' id='word_1_93' title='bbox 784 1379 919 1443; x_wconf 75' lang='grc' dir='ltr'><strong>Θεὸς</strong></span> <span class='ocrx_word' id='word_1_94' title='bbox 943 1378 1053 1451; x_wconf 84' lang='grc' dir='ltr'>γὰρ</span> <span class='ocrx_word' id='word_1_95' title='bbox 1076 1378 1367 1446; x_wconf 74' lang='grc' dir='ltr'>ιγὶνωσκε,</span> <span class='ocrx_word' id='word_1_96' title='bbox 1388 1376 1441 1430; x_wconf 84' lang='grc' dir='ltr'><strong>τί</strong></span> <span class='ocrx_word' id='word_1_97' title='bbox 1465 1376 1746 1447; x_wconf 80' lang='grc' dir='ltr'>εμελλενιό</span> <span class='ocrx_word' id='word_1_98' title='bbox 1760 1379 2028 1445; x_wconf 60' lang='grc' dir='ltr'>Φίλιππος</span> 
     </span>
    </p>
   </div>
   <div class='ocr_carea' id='block_1_15' title="bbox 434 1471 831 1544">
    <p class='ocr_par' dir='ltr' id='par_1_15' title="bbox 434 1471 831 1544">
     <span class='ocr_line' id='line_1_15' title="bbox 434 1471 831 1544; baseline 0 -19"><span class='ocrx_word' id='word_1_99' title='bbox 434 1471 831 1544; x_wconf 82' lang='grc' dir='ltr'>ἀποκριθῆναι.</span> 
     </span>
    </p>
   </div>
   <div class='ocr_carea' id='block_1_16' title="bbox 509 1643 2032 1716">
    <p class='ocr_par' dir='ltr' id='par_1_16' title="bbox 509 1643 2032 1716">
     <span class='ocr_line' id='line_1_16' title="bbox 509 1643 2032 1716; baseline 0.002 -18"><span class='ocrx_word' id='word_1_100' title='bbox 509 1646 649 1699; x_wconf 69' lang='grc' dir='ltr'>Φασὶ</span> <span class='ocrx_word' id='word_1_101' title='bbox 693 1645 750 1699; x_wconf 78' lang='grc' dir='ltr'><strong>δέ</strong></span> <span class='ocrx_word' id='word_1_102' title='bbox 780 1662 929 1708; x_wconf 86' lang='grc' dir='ltr'>τινες</span> <span class='ocrx_word' id='word_1_103' title='bbox 963 1645 1047 1697; x_wconf 82' lang='grc' dir='ltr'>ὅτι</span> <span class='ocrx_word' id='word_1_104' title='bbox 1091 1643 1315 1712; x_wconf 75' lang='grc' dir='ltr'>λίγειαι</span> <span class='ocrx_word' id='word_1_105' title='bbox 1344 1646 1374 1697; x_wconf 82' lang='grc' dir='ltr'>ὀ</span> <span class='ocrx_word' id='word_1_106' title='bbox 1403 1644 1537 1709; x_wconf 81' lang='grc' dir='ltr'>Θεδς</span> <span class='ocrx_word' id='word_1_107' title='bbox 1583 1647 1869 1716; x_wconf 77' lang='grc' dir='ltr'><strong>πειράζειν</strong></span> <span class='ocrx_word' id='word_1_108' title='bbox 1909 1647 2032 1701; x_wconf 63' lang='grc' dir='ltr'>τινὰ</span> 
     </span>
    </p>
   </div>
   <div class='ocr_carea' id='block_1_17' title="bbox 442 1733 2032 1807">
    <p class='ocr_par' dir='ltr' id='par_1_17' title="bbox 442 1733 2032 1807">
     <span class='ocr_line' id='line_1_17' title="bbox 442 1733 2032 1807; baseline 0.001 -20"><span class='ocrx_word' id='word_1_109' title='bbox 442 1735 584 1789; x_wconf 72' lang='grc' dir='ltr'>κατὰ</span> <span class='ocrx_word' id='word_1_110' title='bbox 608 1734 703 1787; x_wconf 81' lang='grc' dir='ltr'>δύο</span> <span class='ocrx_word' id='word_1_111' title='bbox 730 1736 988 1804; x_wconf 81' lang='grc' dir='ltr'>τρόπους,</span> <span class='ocrx_word' id='word_1_112' title='bbox 1011 1734 1043 1805; x_wconf 79' lang='grc' dir='ltr'>ἢ</span> <span class='ocrx_word' id='word_1_113' title='bbox 1078 1734 1167 1787; x_wconf 83' lang='grc' dir='ltr'>ῐνα</span> <span class='ocrx_word' id='word_1_114' title='bbox 1197 1733 1434 1807; x_wconf 70' lang='grc' dir='ltr'><strong>[ιλέγξῃ</strong></span> <span class='ocrx_word' id='word_1_115' title='bbox 1464 1734 1580 1806; x_wconf 77' lang='lat'><strong>(5|)</strong></span> <span class='ocrx_word' id='word_1_116' title='bbox 1614 1737 1715 1807; x_wconf 79' lang='grc' dir='ltr'>τὴν</span> <span class='ocrx_word' id='word_1_117' title='bbox 1742 1735 2032 1790; x_wconf 82' lang='grc' dir='ltr'>ἀσθένειαν</span> 
     </span>
    </p>
   </div>
   <div class='ocr_carea' id='block_1_18' title="bbox 441 1826 2031 1902">
    <p class='ocr_par' dir='ltr' id='par_1_18' title="bbox 441 1826 2031 1902">
     <span class='ocr_line' id='line_1_18' title="bbox 441 1826 2031 1902; baseline 0.002 -22"><span class='ocrx_word' id='word_1_118' title='bbox 441 1827 611 1881; x_wconf 80' lang='grc' dir='ltr'>αὐτοῦ</span> <span class='ocrx_word' id='word_1_119' title='bbox 656 1827 850 1899; x_wconf 80' lang='grc' dir='ltr'>ὥσπερ</span> <span class='ocrx_word' id='word_1_120' title='bbox 888 1826 986 1882; x_wconf 77' lang='grc' dir='ltr'><strong>νῦν</strong></span> <span class='ocrx_word' id='word_1_121' title='bbox 1033 1828 1127 1881; x_wconf 66' lang='grc' dir='ltr'><strong>επὶ</strong></span> <span class='ocrx_word' id='word_1_122' title='bbox 1165 1827 1263 1882; x_wconf 76' lang='grc' dir='ltr'>τοῦ</span> <span class='ocrx_word' id='word_1_123' title='bbox 1308 1829 1608 1895; x_wconf 60' lang='grc' dir='ltr'>Φιλίππου,</span> <span class='ocrx_word' id='word_1_124' title='bbox 1655 1829 1689 1899; x_wconf 75' lang='grc' dir='ltr'>ἢ</span> <span class='ocrx_word' id='word_1_125' title='bbox 1727 1828 1851 1902; x_wconf 78' lang='grc' dir='ltr'>ἵνα]</span> <span class='ocrx_word' id='word_1_126' title='bbox 1883 1830 2031 1900; x_wconf 75' lang='grc' dir='ltr'>δείξῃ</span> 
     </span>
    </p>
   </div>
   <div class='ocr_carea' id='block_1_19' title="bbox 2122 636 2369 689">
    <p class='ocr_par' dir='ltr' id='par_1_19' title="bbox 2122 636 2369 689">
     <span class='ocr_line' id='line_1_19' title="bbox 2122 636 2369 689; baseline -0.004 0"><span class='ocrx_word' id='word_1_127' title='bbox 2122 638 2287 689; x_wconf 76' lang='lat' dir='ltr'><strong>edant</strong></span> <span class='ocrx_word' id='word_1_128' title='bbox 2327 636 2369 688; x_wconf 85' lang='lat'><strong>‘.</strong></span> 
     </span>
    </p>
   </div>
   <div class='ocr_carea' id='block_1_20' title="bbox 2195 720 3710 793">
    <p class='ocr_par' dir='ltr' id='par_1_20' title="bbox 2195 720 3710 793">
     <span class='ocr_line' id='line_1_20' title="bbox 2195 720 3710 793; baseline -0.003 -15"><span class='ocrx_word' id='word_1_129' title='bbox 2195 725 2351 781; x_wconf 73' lang='lat' dir='ltr'><strong>Vera.</strong></span> <span class='ocrx_word' id='word_1_130' title='bbox 2384 727 2439 781; x_wconf 84' lang='lat'><strong>6.</strong></span> <span class='ocrx_word' id='word_1_131' title='bbox 2484 726 2594 780; x_wconf 84' lang='lat' dir='ltr'><strong>Hoc</strong></span> <span class='ocrx_word' id='word_1_132' title='bbox 2622 754 2691 767; x_wconf 90' lang='lat'><em>-</em></span> <span class='ocrx_word' id='word_1_133' title='bbox 2725 726 2850 793; x_wconf 80' lang='lat' dir='ltr'><strong>quid</strong></span> <span class='ocrx_word' id='word_1_134' title='bbox 2871 733 3003 777; x_wconf 80' lang='lat' dir='ltr'><strong>esset</strong></span> <span class='ocrx_word' id='word_1_135' title='bbox 3027 724 3288 792; x_wconf 78' lang='lat' dir='ltr'><strong>facturus.</strong></span> <span class='ocrx_word' id='word_1_136' title='bbox 3356 720 3435 775; x_wconf 89' lang='lat' dir='ltr'><strong>Ibi</strong></span> <span class='ocrx_word' id='word_1_137' title='bbox 3488 736 3710 790; x_wconf 88' lang='lat' dir='ltr'><strong>quoque</strong></span> 
     </span>
    </p>
   </div>
   <div class='ocr_carea' id='block_1_21' title="bbox 2125 811 3715 887">
    <p class='ocr_par' dir='ltr' id='par_1_21' title="bbox 2125 811 3715 887">
     <span class='ocr_line' id='line_1_21' title="bbox 2125 811 3715 887; baseline -0.006 -14"><span class='ocrx_word' id='word_1_138' title='bbox 2125 818 2194 873; x_wconf 91' lang='lat' dir='ltr'><strong>de</strong></span> <span class='ocrx_word' id='word_1_139' title='bbox 2226 817 2330 872; x_wconf 87' lang='lat' dir='ltr'><strong>hoc</strong></span> <span class='ocrx_word' id='word_1_140' title='bbox 2360 817 2697 887; x_wconf 90' lang='lat' dir='ltr'><strong>disputatum</strong></span> <span class='ocrx_word' id='word_1_141' title='bbox 2744 824 2846 869; x_wconf 88' lang='lat' dir='ltr'><strong>est.</strong></span> <span class='ocrx_word' id='word_1_142' title='bbox 2880 812 3037 880; x_wconf 83' lang='lat' dir='ltr'><strong>Quod</strong></span> <span class='ocrx_word' id='word_1_143' title='bbox 3102 821 3285 865; x_wconf 76' lang='lat' dir='ltr'><strong>autem</strong></span> <span class='ocrx_word' id='word_1_144' title='bbox 3339 811 3415 865; x_wconf 87' lang='lat' dir='ltr'><strong>ait</strong></span> <span class='ocrx_word' id='word_1_145' title='bbox 3446 851 3461 875; x_wconf 90' lang='lat'><strong>,</strong></span> <span class='ocrx_word' id='word_1_146' title='bbox 3504 819 3715 864; x_wconf 67' lang='lat' dir='ltr'><strong>tentari:</strong></span> 
     </span>
    </p>
   </div>
   <div class='ocr_carea' id='block_1_22' title="bbox 2126 901 3715 975">
    <p class='ocr_par' dir='ltr' id='par_1_22' title="bbox 2126 901 3715 975">
     <span class='ocr_line' id='line_1_22' title="bbox 2126 901 3715 975; baseline -0.004 -15"><span class='ocrx_word' id='word_1_147' title='bbox 2126 924 2267 970; x_wconf 80' lang='lat' dir='ltr'><strong>eum,</strong></span> <span class='ocrx_word' id='word_1_148' title='bbox 2295 906 2539 960; x_wconf 89' lang='lat' dir='ltr'><strong>humano</strong></span> <span class='ocrx_word' id='word_1_149' title='bbox 2586 905 2807 975; x_wconf 84' lang='lat' dir='ltr'><strong>quidem</strong></span> <span class='ocrx_word' id='word_1_150' title='bbox 2842 905 3005 959; x_wconf 89' lang='lat' dir='ltr'><strong>modo</strong></span> <span class='ocrx_word' id='word_1_151' title='bbox 3060 902 3380 971; x_wconf 75' lang='lat' dir='ltr'><strong>intelligitur</strong></span> <span class='ocrx_word' id='word_1_152' title='bbox 3408 902 3561 971; x_wconf 78' lang='lat' dir='ltr'><strong>juxta</strong></span> <span class='ocrx_word' id='word_1_153' title='bbox 3615 901 3715 954; x_wconf 85' lang='lat' dir='ltr'><strong>da-</strong></span> 
     </span>
    </p>
   </div>
   <div class='ocr_carea' id='block_1_23' title="bbox 2130 993 3721 1059">
    <p class='ocr_par' dir='ltr' id='par_1_23' title="bbox 2130 993 3721 1059">
     <span class='ocr_line' id='line_1_23' title="bbox 2130 993 3721 1059; baseline -0.004 -9"><span class='ocrx_word' id='word_1_154' title='bbox 2130 1006 2240 1051; x_wconf 83' lang='lat' dir='ltr'><strong>tam</strong></span> <span class='ocrx_word' id='word_1_155' title='bbox 2289 998 2363 1052; x_wconf 91' lang='lat' dir='ltr'><strong>ibi</strong></span> <span class='ocrx_word' id='word_1_156' title='bbox 2425 997 2876 1051; x_wconf 85' lang='lat' dir='ltr'><strong>enarrationem:</strong></span> <span class='ocrx_word' id='word_1_157' title='bbox 2933 996 3121 1049; x_wconf 82' lang='lat' dir='ltr'><strong>divino</strong></span> <span class='ocrx_word' id='word_1_158' title='bbox 3172 1002 3354 1048; x_wconf 86' lang='lat' dir='ltr'><strong>autem</strong></span> <span class='ocrx_word' id='word_1_159' title='bbox 3422 993 3603 1059; x_wconf 87' lang='lat' dir='ltr'><strong>modo,</strong></span> <span class='ocrx_word' id='word_1_160' title='bbox 3660 1000 3721 1045; x_wconf 91' lang='lat' dir='ltr'><strong>ut</strong></span> 
     </span>
    </p>
   </div>
   <div class='ocr_carea' id='block_1_24' title="bbox 2132 1084 3721 1155">
    <p class='ocr_par' dir='ltr' id='par_1_24' title="bbox 2132 1084 3721 1155">
     <span class='ocr_line' id='line_1_24' title="bbox 2132 1084 3721 1155; baseline -0.004 -11"><span class='ocrx_word' id='word_1_161' title='bbox 2132 1088 2471 1144; x_wconf 84' lang='lat' dir='ltr'><strong>tantumdem</strong></span> <span class='ocrx_word' id='word_1_162' title='bbox 2504 1090 2596 1155; x_wconf 88' lang='lat' dir='ltr'><strong>sit,</strong></span> <span class='ocrx_word' id='word_1_163' title='bbox 2631 1104 2695 1145; x_wconf 91' lang='lat' dir='ltr'><strong>ac</strong></span> <span class='ocrx_word' id='word_1_164' title='bbox 2725 1089 2770 1143; x_wconf 87' lang='lat' dir='ltr'><strong>si</strong></span> <span class='ocrx_word' id='word_1_165' title='bbox 2794 1088 3009 1143; x_wconf 80' lang='lat' dir='ltr'><strong>dicatur</strong></span> <span class='ocrx_word' id='word_1_166' title='bbox 3060 1106 3072 1140; x_wconf 93' lang='lat'>:</span> <span class='ocrx_word' id='word_1_167' title='bbox 3103 1086 3161 1140; x_wconf 85' lang='lat' dir='ltr'><strong>In</strong></span> <span class='ocrx_word' id='word_1_168' title='bbox 3199 1086 3638 1155; x_wconf 77' lang='lat' dir='ltr'><strong>desperationem</strong></span> <span class='ocrx_word' id='word_1_169' title='bbox 3655 1084 3721 1137; x_wconf 89' lang='lat' dir='ltr'><strong>de</strong></span> 
     </span>
    </p>
   </div>
   <div class='ocr_carea' id='block_1_25' title="bbox 2132 1178 3719 1250">
    <p class='ocr_par' dir='ltr' id='par_1_25' title="bbox 2132 1178 3719 1250">
     <span class='ocr_line' id='line_1_25' title="bbox 2132 1178 3719 1250; baseline -0.005 -14"><span class='ocrx_word' id='word_1_170' title='bbox 2132 1182 2378 1237; x_wconf 85' lang='lat' dir='ltr'><strong>remedio</strong></span> <span class='ocrx_word' id='word_1_171' title='bbox 2409 1198 2536 1237; x_wconf 90' lang='lat' dir='ltr'><strong>eum</strong></span> <span class='ocrx_word' id='word_1_172' title='bbox 2570 1182 2905 1250; x_wconf 85' lang='lat' dir='ltr'><strong>eonjielens.</strong></span> <span class='ocrx_word' id='word_1_173' title='bbox 2928 1190 2985 1233; x_wconf 91' lang='lat' dir='ltr'><strong>ut</strong></span> <span class='ocrx_word' id='word_1_174' title='bbox 3018 1179 3463 1249; x_wconf 86' lang='lat' dir='ltr'><strong>desperationem</strong></span> <span class='ocrx_word' id='word_1_175' title='bbox 3521 1178 3719 1240; x_wconf 48' lang='lat' dir='ltr'><strong>fassus,</strong></span> 
     </span>
    </p>
   </div>
   <div class='ocr_carea' id='block_1_26' title="bbox 2133 1271 3725 1345">
    <p class='ocr_par' dir='ltr' id='par_1_26' title="bbox 2133 1271 3725 1345">
     <span class='ocr_line' id='line_1_26' title="bbox 2133 1271 3725 1345; baseline -0.005 -14"><span class='ocrx_word' id='word_1_176' title='bbox 2133 1275 2448 1345; x_wconf 76' lang='lat' dir='ltr'><strong>diligentius</strong></span> <span class='ocrx_word' id='word_1_177' title='bbox 2477 1284 2851 1343; x_wconf 73' lang='lat' dir='ltr'><strong>cognosceret,</strong></span> <span class='ocrx_word' id='word_1_178' title='bbox 2877 1274 3045 1327; x_wconf 76' lang='lat' dir='ltr'><strong>fuisse</strong></span> <span class='ocrx_word' id='word_1_179' title='bbox 3075 1272 3418 1333; x_wconf 75' lang='lat' dir='ltr'><strong>miraculum,</strong></span> <span class='ocrx_word' id='word_1_180' title='bbox 3440 1271 3583 1340; x_wconf 91' lang='lat' dir='ltr'><strong>quod</strong></span> <span class='ocrx_word' id='word_1_181' title='bbox 3611 1272 3725 1338; x_wconf 78' lang='lat' dir='ltr'><strong>ipse</strong></span> 
     </span>
    </p>
   </div>
   <div class='ocr_carea' id='block_1_27' title="bbox 2136 1362 3723 1433">
    <p class='ocr_par' dir='ltr' id='par_1_27' title="bbox 2136 1362 3723 1433">
     <span class='ocr_line' id='line_1_27' title="bbox 2136 1362 3723 1433; baseline -0.004 -14"><span class='ocrx_word' id='word_1_182' title='bbox 2136 1364 2385 1421; x_wconf 83' lang='lat' dir='ltr'><strong>facturus</strong></span> <span class='ocrx_word' id='word_1_183' title='bbox 2418 1375 2575 1433; x_wconf 88' lang='lat' dir='ltr'><strong>erat;</strong></span> <span class='ocrx_word' id='word_1_184' title='bbox 2610 1381 2736 1420; x_wconf 89' lang='lat' dir='ltr'><strong>nam</strong></span> <span class='ocrx_word' id='word_1_185' title='bbox 2775 1364 2822 1419; x_wconf 91' lang='lat' dir='ltr'><strong>si</strong></span> <span class='ocrx_word' id='word_1_186' title='bbox 2854 1375 3137 1433; x_wconf 88' lang='lat' dir='ltr'><strong>utcunque</strong></span> <span class='ocrx_word' id='word_1_187' title='bbox 3160 1362 3366 1418; x_wconf 79' lang='lat' dir='ltr'><strong>factum</strong></span> <span class='ocrx_word' id='word_1_188' title='bbox 3400 1371 3568 1419; x_wconf 77' lang='lat' dir='ltr'><strong>esset.</strong></span> <span class='ocrx_word' id='word_1_189' title='bbox 3624 1375 3723 1413; x_wconf 85' lang='lat' dir='ltr'><strong>uc-</strong></span> 
     </span>
    </p>
   </div>
   <div class='ocr_carea' id='block_1_28' title="bbox 2137 1453 3729 1529">
    <p class='ocr_par' dir='ltr' id='par_1_28' title="bbox 2137 1453 3729 1529">
     <span class='ocr_line' id='line_1_28' title="bbox 2137 1453 3729 1529; baseline -0.005 -17"><span class='ocrx_word' id='word_1_190' title='bbox 2137 1471 2414 1528; x_wconf 83' lang='lat' dir='ltr'><strong>quaquam</strong></span> <span class='ocrx_word' id='word_1_191' title='bbox 2443 1459 2550 1513; x_wconf 83' lang='lat' dir='ltr'><strong>tale</strong></span> <span class='ocrx_word' id='word_1_192' title='bbox 2590 1458 2955 1529; x_wconf 84' lang='lat' dir='ltr'><strong>apparuisset.</strong></span> <span class='ocrx_word' id='word_1_193' title='bbox 2982 1456 3263 1526; x_wconf 77' lang='lat' dir='ltr'><strong>Siquidem</strong></span> <span class='ocrx_word' id='word_1_194' title='bbox 3299 1466 3558 1523; x_wconf 84' lang='lat' dir='ltr'><strong>tanquam</strong></span> <span class='ocrx_word' id='word_1_195' title='bbox 3586 1453 3729 1506; x_wconf 78' lang='lat' dir='ltr'><strong>Deus</strong></span> 
     </span>
    </p>
   </div>
   <div class='ocr_carea' id='block_1_29' title="bbox 2138 1549 3464 1621">
    <p class='ocr_par' dir='ltr' id='par_1_29' title="bbox 2138 1549 3464 1621">
     <span class='ocr_line' id='line_1_29' title="bbox 2138 1549 3464 1621; baseline -0.005 -16"><span class='ocrx_word' id='word_1_196' title='bbox 2138 1560 2392 1615; x_wconf 79' lang='lat' dir='ltr'><strong>noverat.</strong></span> <span class='ocrx_word' id='word_1_197' title='bbox 2423 1552 2554 1620; x_wconf 84' lang='lat' dir='ltr'><strong>quid</strong></span> <span class='ocrx_word' id='word_1_198' title='bbox 2587 1566 2951 1621; x_wconf 86' lang='lat' dir='ltr'><strong>responsurus</strong></span> <span class='ocrx_word' id='word_1_199' title='bbox 2980 1560 3130 1604; x_wconf 88' lang='lat' dir='ltr'><strong>esset</strong></span> <span class='ocrx_word' id='word_1_200' title='bbox 3159 1549 3464 1617; x_wconf 86' lang='lat' dir='ltr'><strong>Philippus.</strong></span> 
     </span>
    </p>
   </div>
   <div class='ocr_carea' id='block_1_30' title="bbox 2213 1642 3729 1713">
    <p class='ocr_par' dir='ltr' id='par_1_30' title="bbox 2213 1642 3729 1713">
     <span class='ocr_line' id='line_1_30' title="bbox 2213 1642 3729 1713; baseline -0.004 -15"><span class='ocrx_word' id='word_1_201' title='bbox 2213 1644 2385 1699; x_wconf 82' lang='lat' dir='ltr'><strong>Aiunt</strong></span> <span class='ocrx_word' id='word_1_202' title='bbox 2424 1654 2608 1699; x_wconf 86' lang='lat' dir='ltr'><strong>autem</strong></span> <span class='ocrx_word' id='word_1_203' title='bbox 2655 1644 2905 1713; x_wconf 81' lang='lat' dir='ltr'><strong>quidam,</strong></span> <span class='ocrx_word' id='word_1_204' title='bbox 2937 1643 3084 1713; x_wconf 90' lang='lat' dir='ltr'><strong>quod</strong></span> <span class='ocrx_word' id='word_1_205' title='bbox 3125 1642 3268 1697; x_wconf 88' lang='lat' dir='ltr'><strong>Deus</strong></span> <span class='ocrx_word' id='word_1_206' title='bbox 3300 1642 3537 1710; x_wconf 90' lang='lat' dir='ltr'><strong>aliquem</strong></span> <span class='ocrx_word' id='word_1_207' title='bbox 3604 1650 3729 1693; x_wconf 87' lang='lat' dir='ltr'><strong>ten--</strong></span> 
     </span>
    </p>
   </div>
   <div class='ocr_carea' id='block_1_31' title="bbox 2145 1733 3734 1792">
    <p class='ocr_par' dir='ltr' id='par_1_31' title="bbox 2145 1733 3734 1792">
     <span class='ocr_line' id='line_1_31' title="bbox 2145 1733 3734 1792; baseline -0.005 -1"><span class='ocrx_word' id='word_1_208' title='bbox 2145 1747 2264 1791; x_wconf 86' lang='lat' dir='ltr'><strong>tare</strong></span> <span class='ocrx_word' id='word_1_209' title='bbox 2301 1736 2506 1792; x_wconf 90' lang='lat' dir='ltr'><strong>dicitur</strong></span> <span class='ocrx_word' id='word_1_210' title='bbox 2537 1737 2753 1791; x_wconf 91' lang='lat' dir='ltr'><strong>duobus</strong></span> <span class='ocrx_word' id='word_1_211' title='bbox 2800 1735 3015 1789; x_wconf 90' lang='lat' dir='ltr'><strong>modis:</strong></span> <span class='ocrx_word' id='word_1_212' title='bbox 3070 1735 3155 1789; x_wconf 80' lang='lat' dir='ltr'><strong>vel</strong></span> <span class='ocrx_word' id='word_1_213' title='bbox 3190 1743 3245 1788; x_wconf 94' lang='lat' dir='ltr'><strong>ut</strong></span> <span class='ocrx_word' id='word_1_214' title='bbox 3302 1733 3734 1788; x_wconf 71' lang='lat' dir='ltr'><strong>imbecillitatem</strong></span> 
     </span>
    </p>
   </div>
   <div class='ocr_carea' id='block_1_32' title="bbox 2144 1826 3739 1900">
    <p class='ocr_par' dir='ltr' id='par_1_32' title="bbox 2144 1826 3739 1900">
     <span class='ocr_line' id='line_1_32' title="bbox 2144 1826 3739 1900; baseline -0.004 -15"><span class='ocrx_word' id='word_1_215' title='bbox 2144 1831 2267 1899; x_wconf 86' lang='lat' dir='ltr'><strong>ejus</strong></span> <span class='ocrx_word' id='word_1_216' title='bbox 2289 1837 2501 1900; x_wconf 79' lang='lat' dir='ltr'><strong>arguat,</strong></span> <span class='ocrx_word' id='word_1_217' title='bbox 2532 1829 2675 1884; x_wconf 87' lang='lat' dir='ltr'><strong>sicut</strong></span> <span class='ocrx_word' id='word_1_218' title='bbox 2724 1844 2872 1883; x_wconf 90' lang='lat' dir='ltr'><strong>nunc</strong></span> <span class='ocrx_word' id='word_1_219' title='bbox 2940 1828 2995 1881; x_wconf 90' lang='lat' dir='ltr'><strong>in</strong></span> <span class='ocrx_word' id='word_1_220' title='bbox 3040 1827 3338 1897; x_wconf 84' lang='lat' dir='ltr'><strong>Philippo;</strong></span> <span class='ocrx_word' id='word_1_221' title='bbox 3378 1827 3462 1880; x_wconf 75' lang='lat' dir='ltr'><strong>vel</strong></span> <span class='ocrx_word' id='word_1_222' title='bbox 3496 1836 3551 1879; x_wconf 91' lang='lat' dir='ltr'><strong>ut</strong></span> <span class='ocrx_word' id='word_1_223' title='bbox 3592 1826 3739 1879; x_wconf 86' lang='lat' dir='ltr'><strong>illius</strong></span> 
     </span>
    </p>
   </div>
   <div class='ocr_carea' id='block_1_33' title="bbox 441 1907 2190 1992">
    <p class='ocr_par' dir='ltr' id='par_1_33' title="bbox 441 1907 2190 1992">
     <span class='ocr_line' id='line_1_33' title="bbox 441 1907 2190 1992; baseline 0.003 -20"><span class='ocrx_word' id='word_1_224' title='bbox 441 1919 540 1989; x_wconf 79' lang='grc' dir='ltr'>τὴν</span> <span class='ocrx_word' id='word_1_225' title='bbox 564 1919 819 1989; x_wconf 76' lang='grc' dir='ltr'>ἀνδρείαν</span> <span class='ocrx_word' id='word_1_226' title='bbox 852 1919 1045 1985; x_wconf 82' lang='grc' dir='ltr'>αὑτοῦ,</span> <span class='ocrx_word' id='word_1_227' title='bbox 1079 1919 1272 1990; x_wconf 80' lang='grc' dir='ltr'>ὥσπερ</span> <span class='ocrx_word' id='word_1_228' title='bbox 1304 1920 1474 1975; x_wconf 78' lang='grc' dir='ltr'>πάλαι</span> <span class='ocrx_word' id='word_1_229' title='bbox 1500 1921 1594 1973; x_wconf 70' lang='grc' dir='ltr'><strong>επὶ</strong></span> <span class='ocrx_word' id='word_1_230' title='bbox 1622 1919 1719 1975; x_wconf 80' lang='grc' dir='ltr'>τοῦ</span> <span class='ocrx_word' id='word_1_231' title='bbox 1761 1919 2037 1992; x_wconf 70' lang='grc' dir='ltr'>Ἁϐραάμ.</span> <span class='ocrx_word' id='word_1_232' title='bbox 2069 1907 2117 1967; x_wconf 77' lang='grc' dir='ltr'><strong>Β</strong></span> <span class='ocrx_word' id='word_1_233' title='bbox 2149 1925 2190 1977; x_wconf 83' lang='lat' dir='ltr'><strong>l&#39;c</strong></span> 
     </span>
    </p>
   </div>
   <div class='ocr_carea' id='block_1_34' title="bbox 1987 1907 3736 1992">
    <p class='ocr_par' dir='ltr' id='par_1_34' title="bbox 1987 1907 3736 1991">
     <span class='ocr_line' id='line_1_34' title="bbox 1987 1907 3736 1991; baseline -0.004 -15"><span class='ocrx_word' id='word_1_234' title='bbox 1987 1939 2037 1991; x_wconf 77' lang='grc' dir='ltr'>μ..</span> <span class='ocrx_word' id='word_1_235' title='bbox 2069 1907 2117 1967; x_wconf 80' lang='grc' dir='ltr'><strong>Β</strong></span> <span class='ocrx_word' id='word_1_236' title='bbox 2149 1923 2525 1977; x_wconf 80' lang='lat' dir='ltr'><strong>fortitudinem</strong></span> <span class='ocrx_word' id='word_1_237' title='bbox 2542 1923 2817 1988; x_wconf 87' lang='lat' dir='ltr'><strong>ostendat,</strong></span> <span class='ocrx_word' id='word_1_238' title='bbox 2842 1920 3305 1990; x_wconf 87' lang='lat' dir='ltr'><strong>quemadmodum</strong></span> <span class='ocrx_word' id='word_1_239' title='bbox 3332 1918 3459 1972; x_wconf 90' lang='lat' dir='ltr'><strong>olim</strong></span> <span class='ocrx_word' id='word_1_240' title='bbox 3480 1917 3534 1969; x_wconf 90' lang='lat' dir='ltr'><strong>in</strong></span> <span class='ocrx_word' id='word_1_241' title='bbox 3566 1915 3736 1970; x_wconf 80' lang='lat' dir='ltr'><strong>Abra-</strong></span> 
     </span>
    </p>
   </div>
   <div class='ocr_carea' id='block_1_35' title="bbox 443 2007 2037 2081">
    <p class='ocr_par' dir='ltr' id='par_1_35' title="bbox 443 2007 2037 2081">
     <span class='ocr_line' id='line_1_35' title="bbox 443 2007 2037 2081; baseline 0 -20"><span class='ocrx_word' id='word_1_242' title='bbox 443 2009 759 2080; x_wconf 79' lang='grc' dir='ltr'>Γὲγραπται</span> <span class='ocrx_word' id='word_1_243' title='bbox 781 2009 893 2079; x_wconf 80' lang='grc' dir='ltr'><strong>γὰρ</strong></span> <span class='ocrx_word' id='word_1_244' title='bbox 907 2010 989 2063; x_wconf 80' lang='grc' dir='ltr'>ὅτι</span> <span class='ocrx_word' id='word_1_245' title='bbox 1011 2012 1105 2063; x_wconf 66' lang='grc' dir='ltr'>καὶ</span> <span class='ocrx_word' id='word_1_246' title='bbox 1120 2010 1413 2081; x_wconf 73' lang='grc' dir='ltr'>ιπείραζεν</span> <span class='ocrx_word' id='word_1_247' title='bbox 1430 2010 1458 2063; x_wconf 81' lang='grc' dir='ltr'><strong>ὸ</strong></span> <span class='ocrx_word' id='word_1_248' title='bbox 1480 2009 1613 2073; x_wconf 81' lang='grc' dir='ltr'><strong>Θεὸς</strong></span> <span class='ocrx_word' id='word_1_249' title='bbox 1635 2010 1726 2062; x_wconf 79' lang='grc' dir='ltr'>τὸν</span> <span class='ocrx_word' id='word_1_250' title='bbox 1757 2007 2037 2080; x_wconf 75' lang='grc' dir='ltr'><strong>Ἀϐραὰμ,</strong></span> 
     </span>
    </p>
   </div>
   <div class='ocr_carea' id='block_1_36' title="bbox 450 2101 2038 2173">
    <p class='ocr_par' dir='ltr' id='par_1_36' title="bbox 450 2101 2038 2173">
     <span class='ocr_line' id='line_1_36' title="bbox 450 2101 2038 2173; baseline 0 -17"><span class='ocrx_word' id='word_1_251' title='bbox 450 2103 541 2156; x_wconf 81' lang='grc' dir='ltr'>ὅτε</span> <span class='ocrx_word' id='word_1_252' title='bbox 571 2102 776 2172; x_wconf 70' lang='grc' dir='ltr'>δηλαδὴ</span> <span class='ocrx_word' id='word_1_253' title='bbox 806 2101 1128 2171; x_wconf 72' lang='grc' dir='ltr'><strong>ἀνενεγκεῖν</strong></span> <span class='ocrx_word' id='word_1_254' title='bbox 1160 2102 1310 2173; x_wconf 85' lang='grc' dir='ltr'><strong>αύτῷ</strong></span> <span class='ocrx_word' id='word_1_255' title='bbox 1340 2102 1433 2155; x_wconf 72' lang='grc' dir='ltr'><strong>τὸν</strong></span> <span class='ocrx_word' id='word_1_256' title='bbox 1465 2101 1581 2155; x_wconf 69' lang='lat' dir='ltr'><strong>tile</strong></span> <span class='ocrx_word' id='word_1_257' title='bbox 1614 2101 1783 2156; x_wconf 80' lang='grc' dir='ltr'>αὑτοῦ</span> <span class='ocrx_word' id='word_1_258' title='bbox 1814 2104 1894 2167; x_wconf 80' lang='grc' dir='ltr'><strong>είς</strong></span> <span class='ocrx_word' id='word_1_259' title='bbox 1919 2103 2038 2156; x_wconf 85' lang='grc' dir='ltr'>ὁλο-</span> 
     </span>
    </p>
   </div>
   <div class='ocr_carea' id='block_1_37' title="bbox 445 2194 1242 2265">
    <p class='ocr_par' dir='ltr' id='par_1_37' title="bbox 445 2194 1242 2265">
     <span class='ocr_line' id='line_1_37' title="bbox 445 2194 1242 2265; baseline 0 -16"><span class='ocrx_word' id='word_1_260' title='bbox 445 2194 736 2263; x_wconf 80' lang='grc' dir='ltr'>κάρπωσιν</span> <span class='ocrx_word' id='word_1_261' title='bbox 761 2194 1070 2248; x_wconf 67' lang='grc' dir='ltr'>ινετίλλετο</span> <span class='ocrx_word' id='word_1_262' title='bbox 1104 2194 1242 2265; x_wconf 75' lang='grc'><strong>(39).</strong></span> 
     </span>
    </p>
   </div>
   <div class='ocr_carea' id='block_1_38' title="bbox 530 2284 2044 2356">
    <p class='ocr_par' dir='ltr' id='par_1_38' title="bbox 530 2284 2044 2356">
     <span class='ocr_line' id='line_1_38' title="bbox 530 2284 2044 2356; baseline -0.001 -16"><span class='ocrx_word' id='word_1_263' title='bbox 530 2285 853 2354; x_wconf 79' lang='grc' dir='ltr'>’Δπεκρίθη</span> <span class='ocrx_word' id='word_1_264' title='bbox 883 2314 955 2326; x_wconf 93' lang='grc'><strong><em>-</em></strong></span> <span class='ocrx_word' id='word_1_265' title='bbox 1001 2285 1181 2355; x_wconf 67' lang='grc' dir='ltr'>λάϐῃ.</span> <span class='ocrx_word' id='word_1_266' title='bbox 1243 2284 1392 2356; x_wconf 89' lang='grc' dir='ltr'><strong>Ὀρα</strong></span> <span class='ocrx_word' id='word_1_267' title='bbox 1450 2284 1551 2356; x_wconf 79' lang='grc' dir='ltr'>τὴν</span> <span class='ocrx_word' id='word_1_268' title='bbox 1606 2286 1899 2341; x_wconf 69' lang='grc' dir='ltr'>ἀσθένειαν</span> <span class='ocrx_word' id='word_1_269' title='bbox 1943 2287 2044 2355; x_wconf 81' lang='grc' dir='ltr'>τῆς</span> 
     </span>
    </p>
   </div>
   <div class='ocr_carea' id='block_1_39' title="bbox 448 2374 2043 2451">
    <p class='ocr_par' dir='ltr' id='par_1_39' title="bbox 448 2374 2043 2451">
     <span class='ocr_line' id='line_1_39' title="bbox 448 2374 2043 2451; baseline 0.001 -22"><span class='ocrx_word' id='word_1_270' title='bbox 448 2375 691 2439; x_wconf 73' lang='grc' dir='ltr'>διανοίας</span> <span class='ocrx_word' id='word_1_271' title='bbox 721 2374 819 2429; x_wconf 81' lang='grc' dir='ltr'>τοῦ</span> <span class='ocrx_word' id='word_1_272' title='bbox 848 2374 1124 2429; x_wconf 59' lang='grc' dir='ltr'>Φιλίππου</span> <span class='ocrx_word' id='word_1_273' title='bbox 1168 2377 1243 2447; x_wconf 81' lang='grc' dir='ltr'><strong>μὴ</strong></span> <span class='ocrx_word' id='word_1_274' title='bbox 1288 2376 1627 2447; x_wconf 70' lang='grc' dir='ltr'>δυνηθέντος·</span> <span class='ocrx_word' id='word_1_275' title='bbox 1654 2378 1908 2449; x_wconf 71' lang='grc' dir='ltr'>ιννοῆσαι</span> <span class='ocrx_word' id='word_1_276' title='bbox 1943 2379 2043 2451; x_wconf 80' lang='grc' dir='ltr'>τὴν</span> 
     </span>
    </p>
   </div>
   <div class='ocr_carea' id='block_1_40' title="bbox 446 2466 1327 2537">
    <p class='ocr_par' dir='ltr' id='par_1_40' title="bbox 446 2466 1327 2537">
     <span class='ocr_line' id='line_1_40' title="bbox 446 2466 1327 2537; baseline 0.003 -16"><span class='ocrx_word' id='word_1_277' title='bbox 446 2467 682 2537; x_wconf 84' lang='grc' dir='ltr'>δύναμιν</span> <span class='ocrx_word' id='word_1_278' title='bbox 710 2467 811 2537; x_wconf 85' lang='grc' dir='ltr'>τῆς</span> <span class='ocrx_word' id='word_1_279' title='bbox 842 2466 1101 2537; x_wconf 74' lang='grc' dir='ltr'><strong>θεότητος</strong></span> <span class='ocrx_word' id='word_1_280' title='bbox 1133 2468 1327 2524; x_wconf 85' lang='grc' dir='ltr'>αὐτοῦ.</span> 
     </span>
    </p>
   </div>
   <div class='ocr_carea' id='block_1_41' title="bbox 523 2559 2046 2635">
    <p class='ocr_par' dir='ltr' id='par_1_41' title="bbox 523 2559 2046 2635">
     <span class='ocr_line' id='line_1_41' title="bbox 523 2559 2046 2635; baseline 0.003 -21"><span class='ocrx_word' id='word_1_281' title='bbox 523 2559 694 2630; x_wconf 78' lang='grc' dir='ltr'><strong>Λέγει</strong></span> <span class='ocrx_word' id='word_1_282' title='bbox 724 2590 797 2601; x_wconf 90' lang='grc'><strong><em>-</em></strong></span> <span class='ocrx_word' id='word_1_283' title='bbox 830 2562 1201 2630; x_wconf 61' lang='lat' dir='ltr'><strong>toa&#39;odtovd;</strong></span> <span class='ocrx_word' id='word_1_284' title='bbox 1255 2563 1344 2615; x_wconf 78' lang='grc' dir='ltr'>Ἑν</span> <span class='ocrx_word' id='word_1_285' title='bbox 1386 2563 1463 2632; x_wconf 82' lang='grc' dir='ltr'><strong>τῷ</strong></span> <span class='ocrx_word' id='word_1_286' title='bbox 1490 2564 1727 2635; x_wconf 76' lang='grc' dir='ltr'>εἰκοστῷ</span> <span class='ocrx_word' id='word_1_287' title='bbox 1766 2566 1910 2633; x_wconf 69' lang='grc' dir='ltr'>ἕκτῳ</span> <span class='ocrx_word' id='word_1_288' title='bbox 1953 2584 2046 2619; x_wconf 83' lang='grc' dir='ltr'><strong>κε-</strong></span> 
     </span>
    </p>
   </div>
   <div class='ocr_carea' id='block_1_42' title="bbox 451 2650 2043 2727">
    <p class='ocr_par' dir='ltr' id='par_1_42' title="bbox 451 2650 2043 2727">
     <span class='ocr_line' id='line_1_42' title="bbox 451 2650 2043 2727; baseline 0.002 -23"><span class='ocrx_word' id='word_1_289' title='bbox 451 2650 670 2721; x_wconf 77' lang='grc' dir='ltr'>φαλαίῳ</span> <span class='ocrx_word' id='word_1_290' title='bbox 709 2652 806 2705; x_wconf 82' lang='grc' dir='ltr'>τοῦ</span> <span class='ocrx_word' id='word_1_291' title='bbox 836 2652 1123 2706; x_wconf 77' lang='grc' dir='ltr'>Ματθαίου</span> <span class='ocrx_word' id='word_1_292' title='bbox 1158 2652 1275 2723; x_wconf 78' lang='grc'><strong>(55)</strong></span> <span class='ocrx_word' id='word_1_293' title='bbox 1312 2654 1409 2705; x_wconf 74' lang='grc' dir='ltr'>καὶ</span> <span class='ocrx_word' id='word_1_294' title='bbox 1444 2654 1575 2723; x_wconf 75' lang='grc' dir='ltr'>περὶ</span> <span class='ocrx_word' id='word_1_295' title='bbox 1608 2655 1804 2709; x_wconf 83' lang='grc' dir='ltr'>τούτου</span> <span class='ocrx_word' id='word_1_296' title='bbox 1841 2656 2043 2727; x_wconf 69' lang='grc' dir='ltr'>διείληι</span> 
     </span>
    </p>
   </div>
   <div class='ocr_carea' id='block_1_43' title="bbox 455 2744 2049 2823">
    <p class='ocr_par' dir='ltr' id='par_1_43' title="bbox 455 2744 2049 2823">
     <span class='ocr_line' id='line_1_43' title="bbox 455 2744 2049 2823; baseline 0.004 -25"><span class='ocrx_word' id='word_1_297' title='bbox 455 2760 611 2799; x_wconf 77' lang='grc' dir='ltr'>πται.</span> <span class='ocrx_word' id='word_1_298' title='bbox 647 2744 1024 2817; x_wconf 72' lang='grc' dir='ltr'>’Υψηλοτέραν</span> <span class='ocrx_word' id='word_1_299' title='bbox 1051 2746 1153 2816; x_wconf 72' lang='grc' dir='ltr'><strong>μὲν</strong></span> <span class='ocrx_word' id='word_1_300' title='bbox 1183 2745 1278 2800; x_wconf 78' lang='grc' dir='ltr'>οὖν</span> <span class='ocrx_word' id='word_1_301' title='bbox 1308 2747 1433 2816; x_wconf 69' lang='grc' dir='ltr'>ἔσχε</span> <span class='ocrx_word' id='word_1_302' title='bbox 1460 2748 1705 2802; x_wconf 75' lang='grc' dir='ltr'>διάνοιαν</span> <span class='ocrx_word' id='word_1_303' title='bbox 1738 2750 1768 2803; x_wconf 87' lang='grc' dir='ltr'>ὀ</span> <span class='ocrx_word' id='word_1_304' title='bbox 1791 2750 2049 2823; x_wconf 71' lang='grc' dir='ltr'>Ἀνδρέας</span> 
     </span>
    </p>
   </div>
   <div class='ocr_carea' id='block_1_44' title="bbox 458 2836 2049 2913">
    <p class='ocr_par' dir='ltr' id='par_1_44' title="bbox 458 2836 2049 2913">
     <span class='ocr_line' id='line_1_44' title="bbox 458 2836 2049 2913; baseline 0.007 -24"><span class='ocrx_word' id='word_1_305' title='bbox 458 2836 608 2907; x_wconf 76' lang='grc' dir='ltr'>παρὰ</span> <span class='ocrx_word' id='word_1_306' title='bbox 636 2836 728 2891; x_wconf 75' lang='grc' dir='ltr'><strong>τὸν</strong></span> <span class='ocrx_word' id='word_1_307' title='bbox 755 2837 1045 2891; x_wconf 66' lang='grc' dir='ltr'>Φίλιππον·</span> <span class='ocrx_word' id='word_1_308' title='bbox 1086 2839 1190 2893; x_wconf 81' lang='grc' dir='ltr'>οὐκ</span> <span class='ocrx_word' id='word_1_309' title='bbox 1230 2840 1437 2911; x_wconf 62' lang='grc' dir='ltr'>ἔφθασε</span> <span class='ocrx_word' id='word_1_310' title='bbox 1462 2842 1520 2895; x_wconf 72' lang='grc' dir='ltr'><strong>δὲ</strong></span> <span class='ocrx_word' id='word_1_311' title='bbox 1563 2842 1701 2913; x_wconf 77' lang='grc' dir='ltr'>πρὸς</span> <span class='ocrx_word' id='word_1_312' title='bbox 1730 2843 1790 2895; x_wconf 86' lang='grc' dir='ltr'>τδ</span> <span class='ocrx_word' id='word_1_313' title='bbox 1819 2844 2049 2900; x_wconf 76' lang='grc' dir='ltr'>τέλειον.</span> 
     </span>
    </p>
   </div>
   <div class='ocr_carea' id='block_1_45' title="bbox 467 2930 2051 3005">
    <p class='ocr_par' dir='ltr' id='par_1_45' title="bbox 467 2930 2051 3005">
     <span class='ocr_line' id='line_1_45' title="bbox 467 2930 2051 3005; baseline 0.004 -22"><span class='ocrx_word' id='word_1_314' title='bbox 467 2930 721 2999; x_wconf 82' lang='grc' dir='ltr'>Ἑνόμισε</span> <span class='ocrx_word' id='word_1_315' title='bbox 776 2931 887 3004; x_wconf 76' lang='grc' dir='ltr'><strong>γὰρ</strong></span> <span class='ocrx_word' id='word_1_316' title='bbox 939 2934 1025 2987; x_wconf 74' lang='grc' dir='ltr'>ὃτι</span> <span class='ocrx_word' id='word_1_317' title='bbox 1083 2934 1196 2988; x_wconf 79' lang='grc' dir='ltr'>ἀπὸ</span> <span class='ocrx_word' id='word_1_318' title='bbox 1259 2934 1360 3005; x_wconf 74' lang='grc' dir='ltr'><strong>μιν</strong></span> <span class='ocrx_word' id='word_1_319' title='bbox 1424 2935 1726 2989; x_wconf 74' lang='grc' dir='ltr'>ιλαττόνων</span> <span class='ocrx_word' id='word_1_320' title='bbox 1788 2936 2051 2990; x_wconf 71' lang='grc' dir='ltr'>ἐλάττονα</span> 
     </span>
    </p>
   </div>
   <div class='ocr_carea' id='block_1_46' title="bbox 456 3023 2055 3099">
    <p class='ocr_par' dir='ltr' id='par_1_46' title="bbox 456 3023 2055 3099">
     <span class='ocr_line' id='line_1_46' title="bbox 456 3023 2055 3099; baseline 0.007 -23"><span class='ocrx_word' id='word_1_321' title='bbox 456 3023 831 3092; x_wconf 68' lang='grc' dir='ltr'>ποιήσει,ἀπὸ</span> <span class='ocrx_word' id='word_1_322' title='bbox 870 3024 928 3079; x_wconf 67' lang='grc' dir='ltr'><strong>δὲ</strong></span> <span class='ocrx_word' id='word_1_323' title='bbox 960 3026 1230 3081; x_wconf 83' lang='grc' dir='ltr'>πλειόνων</span> <span class='ocrx_word' id='word_1_324' title='bbox 1278 3027 1503 3081; x_wconf 81' lang='grc' dir='ltr'>πλείονα</span> <span class='ocrx_word' id='word_1_325' title='bbox 1554 3029 1692 3099; x_wconf 63' lang='grc'><strong>(34).</strong></span> <span class='ocrx_word' id='word_1_326' title='bbox 1743 3028 1843 3083; x_wconf 79' lang='grc' dir='ltr'><strong>Διὰ</strong></span> <span class='ocrx_word' id='word_1_327' title='bbox 1891 3030 2055 3087; x_wconf 82' lang='grc' dir='ltr'>τοῦτο</span> 
     </span>
    </p>
   </div>
   <div class='ocr_carea' id='block_1_47' title="bbox 455 3112 2052 3187">
    <p class='ocr_par' dir='ltr' id='par_1_47' title="bbox 455 3112 2052 3187">
     <span class='ocr_line' id='line_1_47' title="bbox 455 3112 2052 3187; baseline 0.007 -22"><span class='ocrx_word' id='word_1_328' title='bbox 455 3112 820 3185; x_wconf 66' lang='grc' dir='ltr'><strong>προσέθηκεν⁸</strong></span> <span class='ocrx_word' id='word_1_329' title='bbox 863 3114 1054 3171; x_wconf 68' lang='grc' dir='ltr'>Ἀλλὰ</span> <span class='ocrx_word' id='word_1_330' title='bbox 1082 3116 1271 3171; x_wconf 84' lang='grc' dir='ltr'>ταῦτα</span> <span class='ocrx_word' id='word_1_331' title='bbox 1290 3119 1350 3172; x_wconf 82' lang='grc' dir='ltr'><strong>τί</strong></span> <span class='ocrx_word' id='word_1_332' title='bbox 1375 3119 1550 3172; x_wconf 82' lang='grc' dir='ltr'>ἐστιν</span> <span class='ocrx_word' id='word_1_333' title='bbox 1573 3121 1659 3183; x_wconf 82' lang='grc' dir='ltr'><strong>εις</strong></span> <span class='ocrx_word' id='word_1_334' title='bbox 1686 3120 2052 3187; x_wconf 82' lang='grc' dir='ltr'>τοσούτους;</span> 
     </span>
    </p>
   </div>
   <div class='ocr_carea' id='block_1_48' title="bbox 524 3296 2053 3372">
    <p class='ocr_par' dir='ltr' id='par_1_48' title="bbox 524 3296 2053 3372">
     <span class='ocr_line' id='line_1_48' title="bbox 524 3296 2053 3372; baseline 0.001 -18"><span class='ocrx_word' id='word_1_335' title='bbox 524 3296 672 3356; x_wconf 66' lang='lat' dir='ltr'><strong>Eis:</strong></span> <span class='ocrx_word' id='word_1_336' title='bbox 710 3329 780 3341; x_wconf 94' lang='lat'><strong><em>—</em></strong></span> <span class='ocrx_word' id='word_1_337' title='bbox 807 3300 1318 3370; x_wconf 70' lang='grc' dir='ltr'>πεντακισχίλιοι.</span> <span class='ocrx_word' id='word_1_338' title='bbox 1351 3300 1443 3353; x_wconf 82' lang='grc' dir='ltr'>Ἐν</span> <span class='ocrx_word' id='word_1_339' title='bbox 1489 3299 1567 3372; x_wconf 78' lang='grc' dir='ltr'>τῷ</span> <span class='ocrx_word' id='word_1_340' title='bbox 1615 3300 1915 3372; x_wconf 73' lang='grc' dir='ltr'>δηλωθέντι</span> <span class='ocrx_word' id='word_1_341' title='bbox 1960 3320 2053 3356; x_wconf 64' lang='grc' dir='ltr'>κει</span> 
     </span>
    </p>
   </div>
   <div class='ocr_carea' id='block_1_49' title="bbox 459 3391 2056 3465">
    <p class='ocr_par' dir='ltr' id='par_1_49' title="bbox 459 3391 2056 3465">
     <span class='ocr_line' id='line_1_49' title="bbox 459 3391 2056 3465; baseline 0 -18"><span class='ocrx_word' id='word_1_342' title='bbox 459 3394 679 3464; x_wconf 74' lang='grc' dir='ltr'>φαλαίῳ</span> <span class='ocrx_word' id='word_1_343' title='bbox 709 3393 1054 3463; x_wconf 77' lang='grc' dir='ltr'>πλατύτερον</span> <span class='ocrx_word' id='word_1_344' title='bbox 1098 3392 1232 3465; x_wconf 80' lang='grc' dir='ltr'>περὶ</span> <span class='ocrx_word' id='word_1_345' title='bbox 1272 3391 1483 3446; x_wconf 82' lang='grc' dir='ltr'>τούτων</span> <span class='ocrx_word' id='word_1_346' title='bbox 1512 3393 1753 3463; x_wconf 72' lang='grc' dir='ltr'>εἴρηται.</span> <span class='ocrx_word' id='word_1_347' title='bbox 1783 3394 1898 3447; x_wconf 81' lang='grc' dir='ltr'><strong>Οὐκ</strong></span> <span class='ocrx_word' id='word_1_348' title='bbox 1935 3394 2056 3447; x_wconf 84' lang='grc' dir='ltr'>ὲθο-</span> 
     </span>
    </p>
   </div>
   <div class='ocr_carea' id='block_1_50' title="bbox 461 3484 2056 3559">
    <p class='ocr_par' dir='ltr' id='par_1_50' title="bbox 461 3484 2056 3559">
     <span class='ocr_line' id='line_1_50' title="bbox 461 3484 2056 3559; baseline 0 -19"><span class='ocrx_word' id='word_1_349' title='bbox 461 3487 781 3559; x_wconf 79' lang='grc' dir='ltr'>ρυθήθησαν</span> <span class='ocrx_word' id='word_1_350' title='bbox 808 3486 866 3539; x_wconf 70' lang='grc' dir='ltr'><strong>δὲ</strong></span> <span class='ocrx_word' id='word_1_351' title='bbox 905 3489 956 3540; x_wconf 86' lang='grc' dir='ltr'><strong>οί</strong></span> <span class='ocrx_word' id='word_1_352' title='bbox 994 3484 1277 3559; x_wconf 72' lang='grc' dir='ltr'>μαθηταὶ,</span> <span class='ocrx_word' id='word_1_353' title='bbox 1305 3484 1423 3539; x_wconf 77' lang='grc' dir='ltr'>ἀλλ’</span> <span class='ocrx_word' id='word_1_354' title='bbox 1455 3485 1659 3539; x_wconf 82' lang='grc' dir='ltr'>αὐτίκα</span> <span class='ocrx_word' id='word_1_355' title='bbox 1722 3486 1943 3553; x_wconf 80' lang='grc' dir='ltr'>γνόντες</span> <span class='ocrx_word' id='word_1_356' title='bbox 1975 3487 2056 3540; x_wconf 64' lang='grc' dir='ltr'><strong>ᾶιι</strong></span> 
     </span>
    </p>
   </div>
   <div class='ocr_carea' id='block_1_51' title="bbox 460 3577 1963 3652">
    <p class='ocr_par' dir='ltr' id='par_1_51' title="bbox 460 3577 1963 3652">
     <span class='ocr_line' id='line_1_51' title="bbox 460 3577 1963 3652; baseline -0.002 -16"><span class='ocrx_word' id='word_1_357' title='bbox 460 3579 953 3652; x_wconf 75' lang='grc' dir='ltr'>θαυματουργῆσαι</span> <span class='ocrx_word' id='word_1_358' title='bbox 989 3578 1200 3650; x_wconf 69' lang='grc' dir='ltr'>μέλλεν,</span> <span class='ocrx_word' id='word_1_359' title='bbox 1235 3577 1580 3643; x_wconf 70' lang='grc' dir='ltr'>ἅδιστὰκτως</span> <span class='ocrx_word' id='word_1_360' title='bbox 1619 3580 1963 3651; x_wconf 82' lang='grc' dir='ltr'>ὑπήκουσαν.</span> 
     </span>
    </p>
   </div>
   <div class='ocr_carea' id='block_1_52' title="bbox 535 3763 2057 3839">
    <p class='ocr_par' dir='ltr' id='par_1_52' title="bbox 535 3763 2057 3839">
     <span class='ocr_line' id='line_1_52' title="bbox 535 3763 2057 3839; baseline 0.002 -19"><span class='ocrx_word' id='word_1_361' title='bbox 535 3766 753 3821; x_wconf 72' lang='grc' dir='ltr'>ἐλαϐε</span> <span class='ocrx_word' id='word_1_362' title='bbox 784 3795 855 3807; x_wconf 91' lang='lat'><em>—</em></span> <span class='ocrx_word' id='word_1_363' title='bbox 893 3763 1143 3835; x_wconf 71' lang='grc' dir='ltr'>ἤθελον.</span> <span class='ocrx_word' id='word_1_364' title='bbox 1194 3764 1284 3820; x_wconf 83' lang='grc' dir='ltr'><strong>Ἐν</strong></span> <span class='ocrx_word' id='word_1_365' title='bbox 1309 3764 1508 3839; x_wconf 67' lang='grc' dir='ltr'>δκείνῳ</span> <span class='ocrx_word' id='word_1_366' title='bbox 1549 3768 1646 3821; x_wconf 82' lang='grc' dir='ltr'>καὶ</span> <span class='ocrx_word' id='word_1_367' title='bbox 1671 3764 1804 3838; x_wconf 82' lang='grc' dir='ltr'>περὶ</span> <span class='ocrx_word' id='word_1_368' title='bbox 1851 3768 2057 3823; x_wconf 87' lang='grc' dir='ltr'>τούτων</span> 
     </span>
    </p>
   </div>
   <div class='ocr_carea' id='block_1_53' title="bbox 459 3866 743 3936">
    <p class='ocr_par' dir='ltr' id='par_1_53' title="bbox 459 3866 743 3936">
     <span class='ocr_line' id='line_1_53' title="bbox 459 3866 743 3936; baseline 0.004 -18"><span class='ocrx_word' id='word_1_369' title='bbox 459 3866 743 3936; x_wconf 80' lang='grc' dir='ltr'><strong>εὑρήσεις.</strong></span> 
     </span>
    </p>
   </div>
   <div class='ocr_carea' id='block_1_54' title="bbox 542 3954 2057 4029">
    <p class='ocr_par' dir='ltr' id='par_1_54' title="bbox 542 3954 2057 4029">
     <span class='ocr_line' id='line_1_54' title="bbox 542 3954 2057 4029; baseline 0.002 -17"><span class='ocrx_word' id='word_1_370' title='bbox 542 3958 638 4025; x_wconf 85' lang='grc' dir='ltr'>Ὠς</span> <span class='ocrx_word' id='word_1_371' title='bbox 665 3987 737 3999; x_wconf 92' lang='grc'><strong><em>-</em></strong></span> <span class='ocrx_word' id='word_1_372' title='bbox 764 3958 1172 4027; x_wconf 77' lang='grc' dir='ltr'><strong>βεϐρωκόσιν.</strong></span> <span class='ocrx_word' id='word_1_373' title='bbox 1224 3954 1460 4028; x_wconf 84' lang='grc' dir='ltr'>Ὁμοίως</span> <span class='ocrx_word' id='word_1_374' title='bbox 1500 3957 1597 4012; x_wconf 72' lang='grc' dir='ltr'>καὶ</span> <span class='ocrx_word' id='word_1_375' title='bbox 1648 3957 1781 4029; x_wconf 79' lang='grc' dir='ltr'>περὶ</span> <span class='ocrx_word' id='word_1_376' title='bbox 1824 3958 2057 4015; x_wconf 84' lang='grc' dir='ltr'>τούτων.</span> 
     </span>
    </p>
   </div>
   <div class='ocr_carea' id='block_1_55' title="bbox 460 4051 2059 4123">
    <p class='ocr_par' dir='ltr' id='par_1_55' title="bbox 460 4051 2059 4123">
     <span class='ocr_line' id='line_1_55' title="bbox 460 4051 2059 4123; baseline 0.001 -18"><span class='ocrx_word' id='word_1_377' title='bbox 460 4051 752 4105; x_wconf 72' lang='grc' dir='ltr'>Ἐκίλευσε</span> <span class='ocrx_word' id='word_1_378' title='bbox 828 4052 888 4105; x_wconf 64' lang='grc' dir='ltr'><strong>δὲ</strong></span> <span class='ocrx_word' id='word_1_379' title='bbox 926 4052 1277 4123; x_wconf 72' lang='grc' dir='ltr'><strong>¹συναγαγεῖν</strong></span> <span class='ocrx_word' id='word_1_380' title='bbox 1326 4051 1398 4105; x_wconf 77' lang='grc' dir='ltr'>τὰ</span> <span class='ocrx_word' id='word_1_381' title='bbox 1449 4051 1922 4123; x_wconf 83' lang='grc' dir='ltr'>περισσεύσαντα,</span> <span class='ocrx_word' id='word_1_382' title='bbox 1958 4053 2059 4107; x_wconf 77' lang='grc' dir='ltr'>οὐκ</span> 
     </span>
    </p>
   </div>
   <div class='ocr_carea' id='block_1_56' title="bbox 460 4145 2060 4221">
    <p class='ocr_par' dir='ltr' id='par_1_56' title="bbox 460 4145 2060 4221">
     <span class='ocr_line' id='line_1_56' title="bbox 460 4145 2060 4221; baseline 0.001 -20"><span class='ocrx_word' id='word_1_383' title='bbox 460 4145 776 4213; x_wconf 62' lang='grc' dir='ltr'>ἔπιδείξεως</span> <span class='ocrx_word' id='word_1_384' title='bbox 805 4146 1153 4215; x_wconf 79' lang='grc' dir='ltr'>ῑνεκεν,ἀλλ⁹</span> <span class='ocrx_word' id='word_1_385' title='bbox 1183 4145 1274 4200; x_wconf 82' lang='grc' dir='ltr'>ἵνα</span> <span class='ocrx_word' id='word_1_386' title='bbox 1307 4145 1383 4217; x_wconf 79' lang='grc' dir='ltr'><strong>μὴ</strong></span> <span class='ocrx_word' id='word_1_387' title='bbox 1415 4146 1547 4221; x_wconf 72' lang='grc' dir='ltr'><strong>δόξῃ</strong></span> <span class='ocrx_word' id='word_1_388' title='bbox 1576 4148 1855 4216; x_wconf 77' lang='grc' dir='ltr'>φαντασία</span> <span class='ocrx_word' id='word_1_389' title='bbox 1883 4165 1969 4212; x_wconf 84' lang='grc' dir='ltr'><strong>τις</strong></span> <span class='ocrx_word' id='word_1_390' title='bbox 1998 4148 2060 4203; x_wconf 84' lang='grc' dir='ltr'>τὸ</span> 
     </span>
    </p>
   </div>
   <div class='ocr_carea' id='block_1_57' title="bbox 460 4232 2060 4313">
    <p class='ocr_par' dir='ltr' id='par_1_57' title="bbox 460 4232 2060 4313">
     <span class='ocr_line' id='line_1_57' title="bbox 460 4232 2060 4313; baseline 0.001 -20"><span class='ocrx_word' id='word_1_391' title='bbox 460 4240 779 4311; x_wconf 85' lang='grc' dir='ltr'>γενόμενον.</span> <span class='ocrx_word' id='word_1_392' title='bbox 822 4238 922 4305; x_wconf 79' lang='grc' dir='ltr'><strong>Ἐξ</strong></span> <span class='ocrx_word' id='word_1_393' title='bbox 964 4239 1344 4311; x_wconf 76' lang='grc' dir='ltr'>ὑποκειμινης</span> <span class='ocrx_word' id='word_1_394' title='bbox 1386 4240 1443 4293; x_wconf 65' lang='grc' dir='ltr'><strong>δὲ</strong></span> <span class='ocrx_word' id='word_1_395' title='bbox 1483 4232 1618 4309; x_wconf 79' lang='grc' dir='ltr'>ὕλης</span> <span class='ocrx_word' id='word_1_396' title='bbox 1654 4240 1930 4313; x_wconf 68' lang='grc' dir='ltr'>ἐπλήθυνε</span> <span class='ocrx_word' id='word_1_397' title='bbox 1963 4240 2060 4295; x_wconf 80' lang='grc' dir='ltr'>καὶ</span> 
     </span>
    </p>
   </div>
   <div class='ocr_carea' id='block_1_58' title="bbox 458 4331 2059 4404">
    <p class='ocr_par' dir='ltr' id='par_1_58' title="bbox 458 4331 2059 4404">
     <span class='ocr_line' id='line_1_58' title="bbox 458 4331 2059 4404; baseline -0.001 -16"><span class='ocrx_word' id='word_1_398' title='bbox 458 4335 586 4399; x_wconf 76' lang='grc' dir='ltr'>τοὺς</span> <span class='ocrx_word' id='word_1_399' title='bbox 632 4334 831 4404; x_wconf 76' lang='grc' dir='ltr'>ἄρτους</span> <span class='ocrx_word' id='word_1_400' title='bbox 871 4333 968 4386; x_wconf 65' lang='grc' dir='ltr'>καὶ</span> <span class='ocrx_word' id='word_1_401' title='bbox 1031 4334 1160 4397; x_wconf 82' lang='grc' dir='ltr'>τοὺς</span> <span class='ocrx_word' id='word_1_402' title='bbox 1201 4331 1393 4404; x_wconf 74' lang='grc' dir='ltr'>ἰχθύας</span> <span class='ocrx_word' id='word_1_403' title='bbox 1420 4371 1435 4397; x_wconf 86' lang='grc'><em>,</em></span> <span class='ocrx_word' id='word_1_404' title='bbox 1472 4332 1540 4387; x_wconf 82' lang='grc' dir='ltr'><strong>δι’</strong></span> <span class='ocrx_word' id='word_1_405' title='bbox 1584 4333 1719 4386; x_wconf 84' lang='grc' dir='ltr'>αύτὸ</span> <span class='ocrx_word' id='word_1_406' title='bbox 1761 4350 1821 4386; x_wconf 85' lang='grc' dir='ltr'>τε</span> <span class='ocrx_word' id='word_1_407' title='bbox 1873 4333 2059 4401; x_wconf 82' lang='grc' dir='ltr'>τοῦτο,</span> 
     </span>
    </p>
   </div>
   <div class='ocr_carea' id='block_1_59' title="bbox 461 4424 2058 4499">
    <p class='ocr_par' dir='ltr' id='par_1_59' title="bbox 461 4424 2058 4499">
     <span class='ocr_line' id='line_1_59' title="bbox 461 4424 2058 4499; baseline 0 -18"><span class='ocrx_word' id='word_1_408' title='bbox 461 4430 555 4482; x_wconf 75' lang='grc' dir='ltr'>καὶ</span> <span class='ocrx_word' id='word_1_409' title='bbox 570 4428 660 4481; x_wconf 72' lang='grc' dir='ltr'><strong>ινα</strong></span> <span class='ocrx_word' id='word_1_410' title='bbox 680 4428 943 4499; x_wconf 70' lang='grc' dir='ltr'>ίμφραγῇ</span> <span class='ocrx_word' id='word_1_411' title='bbox 959 4426 1031 4480; x_wconf 82' lang='grc' dir='ltr'>τὰ</span> <span class='ocrx_word' id='word_1_412' title='bbox 1049 4426 1299 4497; x_wconf 83' lang='grc' dir='ltr'>στόματα</span> <span class='ocrx_word' id='word_1_413' title='bbox 1319 4425 1429 4479; x_wconf 85' lang='grc' dir='ltr'>τῶν</span> <span class='ocrx_word' id='word_1_414' title='bbox 1455 4425 1897 4495; x_wconf 78' lang='grc' dir='ltr'>Μαρκιωνιστῶν</span> <span class='ocrx_word' id='word_1_415' title='bbox 1916 4424 2058 4497; x_wconf 77' lang='grc'><strong>(55),</strong></span> 
     </span>
    </p>
   </div>
   <div class='ocr_carea' id='block_1_60' title="bbox 458 4518 2060 4592">
    <p class='ocr_par' dir='ltr' id='par_1_60' title="bbox 458 4518 2060 4592">
     <span class='ocr_line' id='line_1_60' title="bbox 458 4518 2060 4592; baseline 0 -17"><span class='ocrx_word' id='word_1_416' title='bbox 458 4522 661 4585; x_wconf 81' lang='grc' dir='ltr'>οἵτινες</span> <span class='ocrx_word' id='word_1_417' title='bbox 701 4520 1055 4575; x_wconf 73' lang='grc' dir='ltr'>διαϐάλλουσι</span> <span class='ocrx_word' id='word_1_418' title='bbox 1096 4519 1198 4592; x_wconf 77' lang='grc' dir='ltr'>τὴν</span> <span class='ocrx_word' id='word_1_419' title='bbox 1243 4518 1448 4585; x_wconf 87' lang='grc' dir='ltr'>κτίσιν,</span> <span class='ocrx_word' id='word_1_420' title='bbox 1499 4518 1805 4592; x_wconf 82' lang='grc' dir='ltr'>ληροῦντες</span> <span class='ocrx_word' id='word_1_421' title='bbox 1844 4521 1928 4575; x_wconf 81' lang='grc' dir='ltr'>ὅτι</span> <span class='ocrx_word' id='word_1_422' title='bbox 1956 4522 2060 4575; x_wconf 81' lang='grc' dir='ltr'>οὐκ</span> 
     </span>
    </p>
   </div>
   <div class='ocr_carea' id='block_1_61' title="bbox 458 4613 1354 4689">
    <p class='ocr_par' dir='ltr' id='par_1_61' title="bbox 458 4613 1354 4689">
     <span class='ocr_line' id='line_1_61' title="bbox 458 4613 1354 4689; baseline 0.001 -20"><span class='ocrx_word' id='word_1_423' title='bbox 458 4616 612 4671; x_wconf 82' lang='grc' dir='ltr'>ιστιν</span> <span class='ocrx_word' id='word_1_424' title='bbox 640 4614 786 4689; x_wconf 74' lang='grc' dir='ltr'>αὕτη</span> <span class='ocrx_word' id='word_1_425' title='bbox 814 4615 1034 4688; x_wconf 81' lang='grc' dir='ltr'>ποίημα</span> <span class='ocrx_word' id='word_1_426' title='bbox 1065 4614 1162 4669; x_wconf 79' lang='grc' dir='ltr'>τοῦ</span> <span class='ocrx_word' id='word_1_427' title='bbox 1193 4613 1354 4670; x_wconf 80' lang='grc' dir='ltr'>Θεοῦ.</span> 
     </span>
    </p>
   </div>
   <div class='ocr_carea' id='block_1_62' title="bbox 540 4796 2065 4871">
    <p class='ocr_par' dir='ltr' id='par_1_62' title="bbox 540 4796 2065 4871">
     <span class='ocr_line' id='line_1_62' title="bbox 540 4796 2065 4871; baseline -0.003 -15"><span class='ocrx_word' id='word_1_428' title='bbox 540 4803 709 4856; x_wconf 82' lang='grc' dir='ltr'>οι-</span> <span class='ocrx_word' id='word_1_429' title='bbox 736 4800 991 4870; x_wconf 74' lang='grc' dir='ltr'>κόσμον.</span> <span class='ocrx_word' id='word_1_430' title='bbox 1022 4799 1088 4853; x_wconf 82' lang='grc' dir='ltr'>Ὢ</span> <span class='ocrx_word' id='word_1_431' title='bbox 1123 4796 1400 4871; x_wconf 80' lang='grc' dir='ltr'>προδήλου</span> <span class='ocrx_word' id='word_1_432' title='bbox 1438 4798 1921 4870; x_wconf 76' lang='grc' dir='ltr'>γαστριμαργίαςι</span> <span class='ocrx_word' id='word_1_433' title='bbox 1962 4817 2065 4871; x_wconf 82' lang='grc' dir='ltr'><strong>μυ-</strong></span> 
     </span>
    </p>
   </div>
   <div class='ocr_carea' id='block_1_63' title="bbox 462 4894 2061 4971">
    <p class='ocr_par' dir='ltr' id='par_1_63' title="bbox 462 4894 2061 4971">
     <span class='ocr_line' id='line_1_63' title="bbox 462 4894 2061 4971; baseline -0.002 -20"><span class='ocrx_word' id='word_1_434' title='bbox 462 4897 554 4971; x_wconf 89' lang='grc' dir='ltr'><strong>ρία</strong></span> <span class='ocrx_word' id='word_1_435' title='bbox 596 4896 698 4968; x_wconf 64' lang='grc' dir='ltr'><strong>μιν</strong></span> <span class='ocrx_word' id='word_1_436' title='bbox 728 4896 999 4968; x_wconf 77' lang='grc' dir='ltr'>πρότερον</span> <span class='ocrx_word' id='word_1_437' title='bbox 1030 4894 1461 4967; x_wconf 83' lang='grc' dir='ltr'>θαυμαστότερα</span> <span class='ocrx_word' id='word_1_438' title='bbox 1494 4894 1691 4948; x_wconf 86' lang='grc' dir='ltr'>τούτου</span> <span class='ocrx_word' id='word_1_439' title='bbox 1725 4894 2061 4965; x_wconf 81' lang='grc' dir='ltr'>θεασάμενοι</span> 
     </span>
    </p>
   </div>
   <div class='ocr_carea' id='block_1_64' title="bbox 458 4988 2061 5062">
    <p class='ocr_par' dir='ltr' id='par_1_64' title="bbox 458 4988 2061 5062">
     <span class='ocr_line' id='line_1_64' title="bbox 458 4988 2061 5062; baseline -0.004 -15"><span class='ocrx_word' id='word_1_440' title='bbox 458 4990 617 5047; x_wconf 67' lang='grc' dir='ltr'>οὐδὲν</span> <span class='ocrx_word' id='word_1_441' title='bbox 658 4991 908 5045; x_wconf 78' lang='grc' dir='ltr'>τοιοῦτον</span> <span class='ocrx_word' id='word_1_442' title='bbox 947 4990 1349 5062; x_wconf 73' lang='grc' dir='ltr'>ὡμολόγησαν,⁶</span> <span class='ocrx_word' id='word_1_443' title='bbox 1403 4990 1493 5043; x_wconf 83' lang='grc' dir='ltr'>ὅτε</span> <span class='ocrx_word' id='word_1_444' title='bbox 1546 4989 1605 5042; x_wconf 67' lang='grc' dir='ltr'><strong>δὲ</strong></span> <span class='ocrx_word' id='word_1_445' title='bbox 1651 4988 2061 5061; x_wconf 68' lang='grc' dir='ltr'>ἐνεπλήθησαν,</span> 
     </span>
    </p>
   </div>
   <div class='ocr_carea' id='block_1_65' title="bbox 458 5077 2057 5153">
    <p class='ocr_par' dir='ltr' id='par_1_65' title="bbox 458 5077 2057 5153">
     <span class='ocr_line' id='line_1_65' title="bbox 458 5077 2057 5153; baseline -0.003 -13"><span class='ocrx_word' id='word_1_446' title='bbox 458 5087 583 5140; x_wconf 65' lang='grc' dir='ltr'>τότε</span> <span class='ocrx_word' id='word_1_447' title='bbox 612 5083 808 5139; x_wconf 82' lang='grc' dir='ltr'>τοῦτον</span> <span class='ocrx_word' id='word_1_448' title='bbox 848 5077 993 5137; x_wconf 71' lang='grc' dir='ltr'>εἶναι</span> <span class='ocrx_word' id='word_1_449' title='bbox 1042 5082 1136 5138; x_wconf 71' lang='grc' dir='ltr'>τὸν</span> <span class='ocrx_word' id='word_1_450' title='bbox 1176 5082 1468 5153; x_wconf 80' lang='grc' dir='ltr'>προφήτην</span> <span class='ocrx_word' id='word_1_451' title='bbox 1514 5081 1728 5151; x_wconf 73' lang='grc' dir='ltr'>ελεγον,</span> <span class='ocrx_word' id='word_1_452' title='bbox 1760 5082 1855 5135; x_wconf 77' lang='grc' dir='ltr'>τὸν</span> <span class='ocrx_word' id='word_1_453' title='bbox 1884 5099 2057 5153; x_wconf 82' lang='grc' dir='ltr'>προσ-</span> 
     </span>
    </p>
   </div>
   <div class='ocr_carea' id='block_1_66' title="bbox 458 5174 1982 5251">
    <p class='ocr_par' dir='ltr' id='par_1_66' title="bbox 458 5174 1982 5251">
     <span class='ocr_line' id='line_1_66' title="bbox 458 5174 1982 5251; baseline 0 -18"><span class='ocrx_word' id='word_1_454' title='bbox 458 5177 774 5251; x_wconf 78' lang='grc' dir='ltr'>δοκώμενον</span> <span class='ocrx_word' id='word_1_455' title='bbox 804 5176 993 5242; x_wconf 77' lang='grc' dir='ltr'>αὐτοῖς</span> <span class='ocrx_word' id='word_1_456' title='bbox 1027 5175 1139 5231; x_wconf 79' lang='grc' dir='ltr'><strong>ἀπὸ</strong></span> <span class='ocrx_word' id='word_1_457' title='bbox 1166 5176 1266 5248; x_wconf 80' lang='grc' dir='ltr'>τῆς</span> <span class='ocrx_word' id='word_1_458' title='bbox 1293 5175 1579 5240; x_wconf 70' lang='grc' dir='ltr'><strong>Μωῦσέως</strong></span> <span class='ocrx_word' id='word_1_459' title='bbox 1615 5174 1982 5247; x_wconf 65' lang='grc' dir='ltr'>ἐπαγγελίας.</span> 
     </span>
    </p>
   </div>
   <div class='ocr_carea' id='block_1_67' title="bbox 566 5338 1589 5408">
    <p class='ocr_par' dir='ltr' id='par_1_67' title="bbox 566 5338 1589 5408">
     <span class='ocr_line' id='line_1_67' title="bbox 566 5338 1589 5408; baseline -0.003 -11"><span class='ocrx_word' id='word_1_460' title='bbox 566 5342 588 5374; x_wconf 84' lang='grc'><strong><em>⁸</em></strong></span> <span class='ocrx_word' id='word_1_461' title='bbox 611 5340 807 5398; x_wconf 78' lang='lat' dir='ltr'><strong>Matth.</strong></span> <span class='ocrx_word' id='word_1_462' title='bbox 829 5357 940 5408; x_wconf 77' lang='lat' dir='ltr'><strong>xw,</strong></span> <span class='ocrx_word' id='word_1_463' title='bbox 964 5338 1057 5398; x_wconf 76' lang='grc'><strong>16.</strong></span> <span class='ocrx_word' id='word_1_464' title='bbox 1166 5339 1188 5372; x_wconf 89' lang='lat'>&#39;</span> <span class='ocrx_word' id='word_1_465' title='bbox 1206 5338 1347 5397; x_wconf 85' lang='lat' dir='ltr'><strong>Gen.</strong></span> <span class='ocrx_word' id='word_1_466' title='bbox 1375 5355 1513 5406; x_wconf 74' lang='lat' dir='ltr'><strong>uti,</strong></span> <span class='ocrx_word' id='word_1_467' title='bbox 1540 5341 1589 5395; x_wconf 78' lang='lat' dir='ltr'><strong>l.</strong></span> 
     </span>
    </p>
   </div>
   <div class='ocr_carea' id='block_1_68' title="bbox 2148 2009 3740 2085">
    <p class='ocr_par' dir='ltr' id='par_1_68' title="bbox 2148 2009 3740 2085">
     <span class='ocr_line' id='line_1_68' title="bbox 2148 2009 3740 2085; baseline -0.006 -16"><span class='ocrx_word' id='word_1_468' title='bbox 2148 2016 2275 2069; x_wconf 82' lang='lat' dir='ltr'><strong>ham</strong></span> <span class='ocrx_word' id='word_1_469' title='bbox 2310 2031 2325 2081; x_wconf 89' lang='lat'><strong>;</strong></span> <span class='ocrx_word' id='word_1_470' title='bbox 2380 2015 2642 2085; x_wconf 83' lang='lat' dir='ltr'><strong>scriptum</strong></span> <span class='ocrx_word' id='word_1_471' title='bbox 2700 2024 2785 2067; x_wconf 90' lang='lat' dir='ltr'><strong>est</strong></span> <span class='ocrx_word' id='word_1_472' title='bbox 2844 2014 3015 2074; x_wconf 81' lang='lat' dir='ltr'><strong>enim,</strong></span> <span class='ocrx_word' id='word_1_473' title='bbox 3056 2010 3203 2080; x_wconf 89' lang='lat' dir='ltr'><strong>quod</strong></span> <span class='ocrx_word' id='word_1_474' title='bbox 3238 2011 3405 2066; x_wconf 71' lang='lat' dir='ltr'><strong>etiam</strong></span> <span class='ocrx_word' id='word_1_475' title='bbox 3442 2009 3740 2063; x_wconf 79' lang='lat' dir='ltr'><strong>tentaveiit</strong></span> 
     </span>
    </p>
   </div>
   <div class='ocr_carea' id='block_1_69' title="bbox 2147 2093 3742 2172">
    <p class='ocr_par' dir='ltr' id='par_1_69' title="bbox 2147 2093 3742 2172">
     <span class='ocr_line' id='line_1_69' title="bbox 2147 2093 3742 2172; baseline -0.004 -11"><span class='ocrx_word' id='word_1_476' title='bbox 2147 2093 2613 2172; x_wconf 47' lang='lat' dir='ltr'><strong>Dcus&#39;Abraham,</strong></span> <span class='ocrx_word' id='word_1_477' title='bbox 2652 2123 2777 2163; x_wconf 91' lang='lat' dir='ltr'><strong>cum</strong></span> <span class='ocrx_word' id='word_1_478' title='bbox 2808 2105 3010 2161; x_wconf 84' lang='lat' dir='ltr'><strong>oﬂ&#39;erre</strong></span> <span class='ocrx_word' id='word_1_479' title='bbox 3054 2106 3101 2160; x_wconf 90' lang='lat' dir='ltr'><strong>ei</strong></span> <span class='ocrx_word' id='word_1_480' title='bbox 3144 2104 3316 2159; x_wconf 83' lang='lat' dir='ltr'><strong>lilium</strong></span> <span class='ocrx_word' id='word_1_481' title='bbox 3344 2119 3504 2158; x_wconf 89' lang='lat' dir='ltr'><strong>suum</strong></span> <span class='ocrx_word' id='word_1_482' title='bbox 3532 2103 3585 2156; x_wconf 91' lang='lat' dir='ltr'><strong>iu</strong></span> <span class='ocrx_word' id='word_1_483' title='bbox 3643 2102 3742 2155; x_wconf 85' lang='lat' dir='ltr'><strong>ho-</strong></span> 
     </span>
    </p>
   </div>
   <div class='ocr_carea' id='block_1_70' title="bbox 2146 2201 2797 2271">
    <p class='ocr_par' dir='ltr' id='par_1_70' title="bbox 2146 2201 2797 2271">
     <span class='ocr_line' id='line_1_70' title="bbox 2146 2201 2797 2271; baseline 0 -16"><span class='ocrx_word' id='word_1_484' title='bbox 2146 2201 2453 2256; x_wconf 82' lang='lat' dir='ltr'><strong>locaustum</strong></span> <span class='ocrx_word' id='word_1_485' title='bbox 2477 2202 2743 2271; x_wconf 65' lang='lat' dir='ltr'><strong>praecepit</strong></span> <span class='ocrx_word' id='word_1_486' title='bbox 2778 2203 2797 2232; x_wconf 85' lang='lat'><strong>&#39;</strong></span> 
     </span>
    </p>
   </div>
   <div class='ocr_carea' id='block_1_71' title="bbox 2220 2282 3739 2363">
    <p class='ocr_par' dir='ltr' id='par_1_71' title="bbox 2220 2282 3739 2363">
     <span class='ocr_line' id='line_1_71' title="bbox 2220 2282 3739 2363; baseline -0.01 -14"><span class='ocrx_word' id='word_1_487' title='bbox 2220 2294 2377 2349; x_wconf 81' lang='lat' dir='ltr'><strong>Vers.</strong></span> <span class='ocrx_word' id='word_1_488' title='bbox 2427 2295 2480 2347; x_wconf 89' lang='lat'><strong>7.</strong></span> <span class='ocrx_word' id='word_1_489' title='bbox 2536 2289 3154 2363; x_wconf 82' lang='lat' dir='ltr'><strong>Respondit—accipiat.</strong></span> <span class='ocrx_word' id='word_1_490' title='bbox 3201 2287 3338 2341; x_wconf 79' lang='lat' dir='ltr'><strong>Vide</strong></span> <span class='ocrx_word' id='word_1_491' title='bbox 3387 2282 3739 2339; x_wconf 78' lang='lat' dir='ltr'><strong>imbecillita-</strong></span> 
     </span>
    </p>
   </div>
   <div class='ocr_carea' id='block_1_72' title="bbox 2151 2376 3743 2457">
    <p class='ocr_par' dir='ltr' id='par_1_72' title="bbox 2151 2376 3743 2457">
     <span class='ocr_line' id='line_1_72' title="bbox 2151 2376 3743 2457; baseline -0.009 -13"><span class='ocrx_word' id='word_1_492' title='bbox 2151 2399 2260 2443; x_wconf 89' lang='lat' dir='ltr'><strong>tem</strong></span> <span class='ocrx_word' id='word_1_493' title='bbox 2295 2388 2498 2442; x_wconf 89' lang='lat' dir='ltr'><strong>mentis</strong></span> <span class='ocrx_word' id='word_1_494' title='bbox 2526 2387 2785 2456; x_wconf 86' lang='lat' dir='ltr'><strong>Philippi,</strong></span> <span class='ocrx_word' id='word_1_495' title='bbox 2812 2386 2902 2457; x_wconf 89' lang='lat' dir='ltr'><strong>qui</strong></span> <span class='ocrx_word' id='word_1_496' title='bbox 2957 2384 3218 2437; x_wconf 77' lang='lat' dir='ltr'><strong>virtutem</strong></span> <span class='ocrx_word' id='word_1_497' title='bbox 3279 2378 3591 2435; x_wconf 75' lang='lat' dir='ltr'><strong>divinitatis</strong></span> <span class='ocrx_word' id='word_1_498' title='bbox 3621 2376 3743 2446; x_wconf 85' lang='lat' dir='ltr'><strong>ejus</strong></span> 
     </span>
    </p>
   </div>
   <div class='ocr_carea' id='block_1_73' title="bbox 2153 2481 2875 2549">
    <p class='ocr_par' dir='ltr' id='par_1_73' title="bbox 2153 2481 2875 2549">
     <span class='ocr_line' id='line_1_73' title="bbox 2153 2481 2875 2549; baseline -0.008 -14"><span class='ocrx_word' id='word_1_499' title='bbox 2153 2481 2463 2549; x_wconf 74' lang='lat' dir='ltr'><strong>intelligere</strong></span> <span class='ocrx_word' id='word_1_500' title='bbox 2493 2496 2603 2535; x_wconf 89' lang='lat' dir='ltr'><strong>non</strong></span> <span class='ocrx_word' id='word_1_501' title='bbox 2634 2487 2875 2549; x_wconf 81' lang='lat' dir='ltr'><strong>poterat.</strong></span> 
     </span>
    </p>
   </div>
   <div class='ocr_carea' id='block_1_74' title="bbox 2222 2563 3752 2633">
    <p class='ocr_par' dir='ltr' id='par_1_74' title="bbox 2222 2563 3752 2633">
     <span class='ocr_line' id='line_1_74' title="bbox 2222 2563 3752 2633; baseline -0.008 -5"><span class='ocrx_word' id='word_1_502' title='bbox 2222 2574 2384 2631; x_wconf 65' lang='grc' dir='ltr'><strong>ἵει-ε.</strong></span> <span class='ocrx_word' id='word_1_503' title='bbox 2443 2574 2499 2629; x_wconf 92' lang='lat'><strong>8.</strong></span> <span class='ocrx_word' id='word_1_504' title='bbox 2560 2570 2976 2626; x_wconf 69' lang='lat' dir='ltr'><strong>Dicit—Vers.</strong></span> <span class='ocrx_word' id='word_1_505' title='bbox 3037 2568 3091 2623; x_wconf 88' lang='lat'><strong>9.</strong></span> <span class='ocrx_word' id='word_1_506' title='bbox 3150 2568 3394 2633; x_wconf 58' lang='lat' dir='ltr'><strong>mullos:</strong></span> <span class='ocrx_word' id='word_1_507' title='bbox 3471 2563 3752 2619; x_wconf 76' lang='lat' dir='ltr'><strong>Vicesimo</strong></span> 
     </span>
    </p>
   </div>
   <div class='ocr_carea' id='block_1_75' title="bbox 2154 2657 3747 2738">
    <p class='ocr_par' dir='ltr' id='par_1_75' title="bbox 2154 2657 3747 2738">
     <span class='ocr_line' id='line_1_75' title="bbox 2154 2657 3747 2738; baseline -0.011 -13"><span class='ocrx_word' id='word_1_508' title='bbox 2154 2678 2311 2725; x_wconf 81' lang='lat' dir='ltr'><strong>sexto</strong></span> <span class='ocrx_word' id='word_1_509' title='bbox 2342 2664 2821 2738; x_wconf 79' lang='lat' dir='ltr'><strong>capiteEvangclii</strong></span> <span class='ocrx_word' id='word_1_510' title='bbox 2869 2664 3023 2733; x_wconf 74' lang='lat' dir='ltr'><strong>juxta</strong></span> <span class='ocrx_word' id='word_1_511' title='bbox 3083 2660 3400 2715; x_wconf 74' lang='lat' dir='ltr'><strong>Mattbreum</strong></span> <span class='ocrx_word' id='word_1_512' title='bbox 3456 2658 3620 2712; x_wconf 83' lang='lat' dir='ltr'><strong>etiam</strong></span> <span class='ocrx_word' id='word_1_513' title='bbox 3679 2657 3747 2731; x_wconf 63' lang='lat' dir='ltr'><strong>dp</strong></span> 
     </span>
    </p>
   </div>
   <div class='ocr_carea' id='block_1_76' title="bbox 2155 2738 3751 2831">
    <p class='ocr_par' dir='ltr' id='par_1_76' title="bbox 2155 2738 3751 2831">
     <span class='ocr_line' id='line_1_76' title="bbox 2155 2738 3751 2831; baseline -0.01 -14"><span class='ocrx_word' id='word_1_514' title='bbox 2155 2765 2260 2818; x_wconf 93' lang='lat' dir='ltr'><strong>hoc</strong></span> <span class='ocrx_word' id='word_1_515' title='bbox 2300 2762 2639 2831; x_wconf 85' lang='lat' dir='ltr'><strong>disputatum</strong></span> <span class='ocrx_word' id='word_1_516' title='bbox 2690 2769 2793 2814; x_wconf 90' lang='lat' dir='ltr'><strong>est.</strong></span> <span class='ocrx_word' id='word_1_517' title='bbox 2836 2755 3209 2811; x_wconf 73' lang='lat' dir='ltr'><strong>Excelsiorem</strong></span> <span class='ocrx_word' id='word_1_518' title='bbox 3273 2752 3458 2822; x_wconf 89' lang='lat' dir='ltr'><strong>itaque</strong></span> <span class='ocrx_word' id='word_1_519' title='bbox 3510 2738 3751 2803; x_wconf 80' lang='lat' dir='ltr'><strong>mentem</strong></span> 
     </span>
    </p>
   </div>
   <div class='ocr_carea' id='block_1_77' title="bbox 2156 2843 3753 2921">
    <p class='ocr_par' dir='ltr' id='par_1_77' title="bbox 2156 2843 3753 2921">
     <span class='ocr_line' id='line_1_77' title="bbox 2156 2843 3753 2921; baseline -0.011 -10"><span class='ocrx_word' id='word_1_520' title='bbox 2156 2855 2395 2911; x_wconf 83' lang='lat' dir='ltr'><strong>habebat</strong></span> <span class='ocrx_word' id='word_1_521' title='bbox 2450 2853 2697 2908; x_wconf 80' lang='lat' dir='ltr'><strong>Andreas</strong></span> <span class='ocrx_word' id='word_1_522' title='bbox 2756 2866 2925 2921; x_wconf 88' lang='lat' dir='ltr'><strong>quam</strong></span> <span class='ocrx_word' id='word_1_523' title='bbox 2948 2847 3288 2918; x_wconf 84' lang='lat' dir='ltr'><strong>Philippus:</strong></span> <span class='ocrx_word' id='word_1_524' title='bbox 3344 2845 3411 2900; x_wconf 89' lang='lat' dir='ltr'><strong>ad</strong></span> <span class='ocrx_word' id='word_1_525' title='bbox 3454 2843 3503 2897; x_wconf 92' lang='lat' dir='ltr'><strong>id</strong></span> <span class='ocrx_word' id='word_1_526' title='bbox 3543 2852 3753 2902; x_wconf 84' lang='lat' dir='ltr'><strong>tamen,</strong></span> 
     </span>
    </p>
   </div>
   <div class='ocr_carea' id='block_1_78' title="bbox 2158 2936 3756 3021">
    <p class='ocr_par' dir='ltr' id='par_1_78' title="bbox 2158 2936 3756 3021">
     <span class='ocr_line' id='line_1_78' title="bbox 2158 2936 3756 3021; baseline -0.013 -14"><span class='ocrx_word' id='word_1_527' title='bbox 2158 2951 2305 3021; x_wconf 85' lang='lat' dir='ltr'><strong>quod</strong></span> <span class='ocrx_word' id='word_1_528' title='bbox 2373 2947 2685 3021; x_wconf 77' lang='lat' dir='ltr'><strong>perfectum</strong></span> <span class='ocrx_word' id='word_1_529' title='bbox 2751 2954 2892 3006; x_wconf 82' lang='lat' dir='ltr'><strong>erat,</strong></span> <span class='ocrx_word' id='word_1_530' title='bbox 2954 2959 3063 2998; x_wconf 77' lang='lat' dir='ltr'><strong>nun</strong></span> <span class='ocrx_word' id='word_1_531' title='bbox 3103 2940 3428 3011; x_wconf 77' lang='lat' dir='ltr'><strong>attingebat.</strong></span> <span class='ocrx_word' id='word_1_532' title='bbox 3467 2936 3756 3008; x_wconf 78' lang='lat' dir='ltr'><strong>COgitabat</strong></span> 
     </span>
    </p>
   </div>
   <div class='ocr_carea' id='block_1_79' title="bbox 2157 3028 3755 3110">
    <p class='ocr_par' dir='ltr' id='par_1_79' title="bbox 2157 3028 3755 3110">
     <span class='ocr_line' id='line_1_79' title="bbox 2157 3028 3755 3110; baseline -0.011 -14"><span class='ocrx_word' id='word_1_533' title='bbox 2157 3042 2305 3097; x_wconf 91' lang='lat' dir='ltr'><strong>enim</strong></span> <span class='ocrx_word' id='word_1_534' title='bbox 2332 3039 2480 3110; x_wconf 89' lang='lat' dir='ltr'><strong>quod</strong></span> <span class='ocrx_word' id='word_1_535' title='bbox 2552 3054 2619 3093; x_wconf 79' lang='lat' dir='ltr'><strong>ex</strong></span> <span class='ocrx_word' id='word_1_536' title='bbox 2663 3036 3019 3107; x_wconf 82' lang='lat' dir='ltr'><strong>paucioribus</strong></span> <span class='ocrx_word' id='word_1_537' title='bbox 3088 3030 3349 3102; x_wconf 79' lang='lat' dir='ltr'><strong>pauciora</strong></span> <span class='ocrx_word' id='word_1_538' title='bbox 3408 3028 3634 3090; x_wconf 80' lang='lat' dir='ltr'><strong>faceret,</strong></span> <span class='ocrx_word' id='word_1_539' title='bbox 3687 3042 3755 3080; x_wconf 73' lang='lat' dir='ltr'><strong>ex</strong></span> 
     </span>
    </p>
   </div>
   <div class='ocr_carea' id='block_1_80' title="bbox 2158 3119 3755 3205">
    <p class='ocr_par' dir='ltr' id='par_1_80' title="bbox 2158 3119 3755 3205">
     <span class='ocr_line' id='line_1_80' title="bbox 2158 3119 3755 3205; baseline -0.011 -15"><span class='ocrx_word' id='word_1_540' title='bbox 2158 3134 2419 3205; x_wconf 84' lang='lat' dir='ltr'><strong>pluribus</strong></span> <span class='ocrx_word' id='word_1_541' title='bbox 2452 3129 2642 3188; x_wconf 88' lang='lat' dir='ltr'><strong>autem</strong></span> <span class='ocrx_word' id='word_1_542' title='bbox 2684 3133 2865 3202; x_wconf 88' lang='lat' dir='ltr'><strong>plura.</strong></span> <span class='ocrx_word' id='word_1_543' title='bbox 2918 3128 3047 3183; x_wconf 89' lang='lat' dir='ltr'><strong>Ideo</strong></span> <span class='ocrx_word' id='word_1_544' title='bbox 3094 3126 3261 3181; x_wconf 86' lang='lat' dir='ltr'><strong>etiam</strong></span> <span class='ocrx_word' id='word_1_545' title='bbox 3298 3124 3583 3179; x_wconf 87' lang='lat' dir='ltr'><strong>addebat:</strong></span> <span class='ocrx_word' id='word_1_546' title='bbox 3652 3119 3755 3175; x_wconf 79' lang='lat' dir='ltr'><strong>Sed</strong></span> 
     </span>
    </p>
   </div>
   <div class='ocr_carea' id='block_1_81' title="bbox 2160 3220 3188 3297">
    <p class='ocr_par' dir='ltr' id='par_1_81' title="bbox 2160 3220 3188 3297">
     <span class='ocr_line' id='line_1_81' title="bbox 2160 3220 3188 3297; baseline -0.005 -17"><span class='ocrx_word' id='word_1_547' title='bbox 2160 3230 2291 3291; x_wconf 73' lang='lat' dir='ltr'><strong>Iwc,</strong></span> <span class='ocrx_word' id='word_1_548' title='bbox 2324 3227 2450 3297; x_wconf 79' lang='lat' dir='ltr'><strong>quid</strong></span> <span class='ocrx_word' id='word_1_549' title='bbox 2470 3235 2591 3280; x_wconf 85' lang='lat' dir='ltr'><strong>sunt</strong></span> <span class='ocrx_word' id='word_1_550' title='bbox 2626 3224 2763 3277; x_wconf 85' lang='lat' dir='ltr'><strong>inter</strong></span> <span class='ocrx_word' id='word_1_551' title='bbox 2790 3232 2899 3276; x_wconf 83' lang='lat' dir='ltr'><strong>lant</strong></span> <span class='ocrx_word' id='word_1_552' title='bbox 2936 3220 3130 3275; x_wconf 82' lang='lat' dir='ltr'><strong>multos</strong></span> <span class='ocrx_word' id='word_1_553' title='bbox 3164 3221 3188 3275; x_wconf 80' lang='lat'><strong>.’</strong></span> 
     </span>
    </p>
   </div>
   <div class='ocr_carea' id='block_1_82' title="bbox 2238 3306 3761 3385">
    <p class='ocr_par' dir='ltr' id='par_1_82' title="bbox 2238 3306 3761 3385">
     <span class='ocr_line' id='line_1_82' title="bbox 2238 3306 3761 3385; baseline -0.01 -13"><span class='ocrx_word' id='word_1_554' title='bbox 2238 3318 2394 3375; x_wconf 83' lang='lat' dir='ltr'><strong>Vers.</strong></span> <span class='ocrx_word' id='word_1_555' title='bbox 2439 3319 2525 3374; x_wconf 78' lang='lat' dir='ltr'><strong>i0.</strong></span> <span class='ocrx_word' id='word_1_556' title='bbox 2576 3316 2731 3370; x_wconf 73' lang='lat' dir='ltr'><strong>Dixit</strong></span> <span class='ocrx_word' id='word_1_557' title='bbox 2758 3346 2825 3356; x_wconf 90' lang='lat'><strong>—</strong></span> <span class='ocrx_word' id='word_1_558' title='bbox 2856 3313 3136 3385; x_wconf 79' lang='lat' dir='ltr'><strong>quinquies</strong></span> <span class='ocrx_word' id='word_1_559' title='bbox 3166 3311 3333 3365; x_wconf 81' lang='lat' dir='ltr'><strong>mille.</strong></span> <span class='ocrx_word' id='word_1_560' title='bbox 3364 3306 3636 3363; x_wconf 68' lang='lat' dir='ltr'><strong>Prmdieto</strong></span> <span class='ocrx_word' id='word_1_561' title='bbox 3666 3321 3761 3360; x_wconf 86' lang='lat' dir='ltr'><strong>ca-</strong></span> 
     </span>
    </p>
   </div>
   <div class='ocr_carea' id='block_1_83' title="bbox 2158 3404 3760 3483">
    <p class='ocr_par' dir='ltr' id='par_1_83' title="bbox 2158 3404 3760 3483">
     <span class='ocr_line' id='line_1_83' title="bbox 2158 3404 3760 3483; baseline -0.01 -16"><span class='ocrx_word' id='word_1_562' title='bbox 2158 3413 2275 3483; x_wconf 91' lang='lat' dir='ltr'><strong>pite</strong></span> <span class='ocrx_word' id='word_1_563' title='bbox 2309 3412 2472 3467; x_wconf 88' lang='lat' dir='ltr'><strong>latius</strong></span> <span class='ocrx_word' id='word_1_564' title='bbox 2504 3412 2573 3465; x_wconf 85' lang='lat' dir='ltr'><strong>de</strong></span> <span class='ocrx_word' id='word_1_565' title='bbox 2610 3410 2696 3463; x_wconf 92' lang='lat' dir='ltr'><strong>his</strong></span> <span class='ocrx_word' id='word_1_566' title='bbox 2729 3408 2937 3463; x_wconf 90' lang='lat' dir='ltr'><strong>dictum</strong></span> <span class='ocrx_word' id='word_1_567' title='bbox 2972 3414 3073 3460; x_wconf 86' lang='lat' dir='ltr'><strong>est.</strong></span> <span class='ocrx_word' id='word_1_568' title='bbox 3105 3404 3223 3458; x_wconf 82' lang='lat' dir='ltr'><strong>Non</strong></span> <span class='ocrx_word' id='word_1_569' title='bbox 3258 3412 3388 3457; x_wconf 92' lang='lat' dir='ltr'><strong>sunt</strong></span> <span class='ocrx_word' id='word_1_570' title='bbox 3424 3409 3606 3454; x_wconf 87' lang='lat' dir='ltr'><strong>autem</strong></span> <span class='ocrx_word' id='word_1_571' title='bbox 3643 3407 3760 3451; x_wconf 87' lang='lat' dir='ltr'><strong>tur-</strong></span> 
     </span>
    </p>
   </div>
   <div class='ocr_carea' id='block_1_84' title="bbox 2160 3490 3764 3573">
    <p class='ocr_par' dir='ltr' id='par_1_84' title="bbox 2160 3490 3764 3573">
     <span class='ocr_line' id='line_1_84' title="bbox 2160 3490 3764 3573; baseline -0.013 -12"><span class='ocrx_word' id='word_1_572' title='bbox 2160 3505 2269 3561; x_wconf 84' lang='lat' dir='ltr'><strong>bati</strong></span> <span class='ocrx_word' id='word_1_573' title='bbox 2305 3502 2587 3573; x_wconf 72' lang='lat' dir='ltr'><strong>discipuli,</strong></span> <span class='ocrx_word' id='word_1_574' title='bbox 2620 3500 2715 3556; x_wconf 86' lang='lat' dir='ltr'><strong>sed</strong></span> <span class='ocrx_word' id='word_1_575' title='bbox 2750 3499 3004 3571; x_wconf 88' lang='lat' dir='ltr'><strong>protinus</strong></span> <span class='ocrx_word' id='word_1_576' title='bbox 3032 3496 3256 3568; x_wconf 74' lang='lat' dir='ltr'><strong>cognito</strong></span> <span class='ocrx_word' id='word_1_577' title='bbox 3313 3492 3461 3563; x_wconf 91' lang='lat' dir='ltr'><strong>quod</strong></span> <span class='ocrx_word' id='word_1_578' title='bbox 3522 3490 3764 3544; x_wconf 81' lang='lat' dir='ltr'><strong>miracu-</strong></span> 
     </span>
    </p>
   </div>
   <div class='ocr_carea' id='block_1_85' title="bbox 2160 3583 3761 3667">
    <p class='ocr_par' dir='ltr' id='par_1_85' title="bbox 2160 3583 3761 3667">
     <span class='ocr_line' id='line_1_85' title="bbox 2160 3583 3761 3667; baseline -0.011 -14"><span class='ocrx_word' id='word_1_579' title='bbox 2160 3598 2273 3653; x_wconf 87' lang='lat' dir='ltr'><strong>lum</strong></span> <span class='ocrx_word' id='word_1_580' title='bbox 2303 3608 2641 3667; x_wconf 80' lang='lat' dir='ltr'><strong>operaturus</strong></span> <span class='ocrx_word' id='word_1_581' title='bbox 2673 3601 2842 3656; x_wconf 86' lang='lat' dir='ltr'><strong>esset,</strong></span> <span class='ocrx_word' id='word_1_582' title='bbox 2875 3591 3086 3661; x_wconf 89' lang='lat' dir='ltr'><strong>absque</strong></span> <span class='ocrx_word' id='word_1_583' title='bbox 3122 3589 3229 3643; x_wconf 89' lang='lat' dir='ltr'><strong>ulla</strong></span> <span class='ocrx_word' id='word_1_584' title='bbox 3268 3584 3582 3641; x_wconf 67' lang='lat' dir='ltr'><strong>haesitantia</strong></span> <span class='ocrx_word' id='word_1_585' title='bbox 3622 3583 3761 3638; x_wconf 87' lang='lat' dir='ltr'><strong>obe-</strong></span> 
     </span>
    </p>
   </div>
   <div class='ocr_carea' id='block_1_86' title="bbox 2160 3690 2440 3745">
    <p class='ocr_par' dir='ltr' id='par_1_86' title="bbox 2160 3690 2440 3745">
     <span class='ocr_line' id='line_1_86' title="bbox 2160 3690 2440 3745; baseline -0.007 0"><span class='ocrx_word' id='word_1_586' title='bbox 2160 3690 2440 3745; x_wconf 80' lang='lat' dir='ltr'><strong>diverutit.</strong></span> 
     </span>
    </p>
   </div>
   <div class='ocr_carea' id='block_1_87' title="bbox 2234 3771 3761 3849">
    <p class='ocr_par' dir='ltr' id='par_1_87' title="bbox 2234 3771 3761 3849">
     <span class='ocr_line' id='line_1_87' title="bbox 2234 3771 3761 3849; baseline -0.008 -12"><span class='ocrx_word' id='word_1_587' title='bbox 2234 3782 2393 3839; x_wconf 81' lang='lat' dir='ltr'><strong>Vers.</strong></span> <span class='ocrx_word' id='word_1_588' title='bbox 2433 3783 2525 3837; x_wconf 79' lang='lat' dir='ltr'><strong>il.</strong></span> <span class='ocrx_word' id='word_1_589' title='bbox 2582 3780 2867 3849; x_wconf 81' lang='lat' dir='ltr'><strong>Accepit—</strong></span> <span class='ocrx_word' id='word_1_590' title='bbox 2888 3776 3156 3831; x_wconf 81' lang='lat' dir='ltr'><strong>volebant.</strong></span> <span class='ocrx_word' id='word_1_591' title='bbox 3192 3776 3247 3830; x_wconf 94' lang='lat' dir='ltr'><strong>ln</strong></span> <span class='ocrx_word' id='word_1_592' title='bbox 3280 3788 3347 3829; x_wconf 90' lang='lat' dir='ltr'><strong>eo</strong></span> <span class='ocrx_word' id='word_1_593' title='bbox 3376 3772 3563 3843; x_wconf 79' lang='lat' dir='ltr'><strong>capite</strong></span> <span class='ocrx_word' id='word_1_594' title='bbox 3593 3771 3761 3826; x_wconf 86' lang='lat' dir='ltr'><strong>etiam</strong></span> 
     </span>
    </p>
   </div>
   <div class='ocr_carea' id='block_1_88' title="bbox 2165 3875 2650 3933">
    <p class='ocr_par' dir='ltr' id='par_1_88' title="bbox 2165 3875 2650 3933">
     <span class='ocr_line' id='line_1_88' title="bbox 2165 3875 2650 3933; baseline -0.012 0"><span class='ocrx_word' id='word_1_595' title='bbox 2165 3878 2233 3933; x_wconf 90' lang='lat' dir='ltr'><strong>de</strong></span> <span class='ocrx_word' id='word_1_596' title='bbox 2259 3877 2347 3932; x_wconf 89' lang='lat' dir='ltr'><strong>his</strong></span> <span class='ocrx_word' id='word_1_597' title='bbox 2378 3875 2650 3931; x_wconf 85' lang='lat' dir='ltr'><strong>invenies.</strong></span> 
     </span>
    </p>
   </div>
   <div class='ocr_carea' id='block_1_89' title="bbox 2237 3960 3768 4034">
    <p class='ocr_par' dir='ltr' id='par_1_89' title="bbox 2237 3960 3768 4034">
     <span class='ocr_line' id='line_1_89' title="bbox 2237 3960 3768 4034; baseline -0.007 -9"><span class='ocrx_word' id='word_1_598' title='bbox 2237 3972 2395 4027; x_wconf 75' lang='lat' dir='ltr'><strong>Vers.</strong></span> <span class='ocrx_word' id='word_1_599' title='bbox 2441 3972 2525 4026; x_wconf 70' lang='grc'><strong>12.</strong></span> <span class='ocrx_word' id='word_1_600' title='bbox 2641 3968 3071 4025; x_wconf 75' lang='lat' dir='ltr'><strong>L’t—\&#39;crs.l3.</strong></span> <span class='ocrx_word' id='word_1_601' title='bbox 3152 3967 3242 4034; x_wconf 87' lang='lat' dir='ltr'><strong>qui</strong></span> <span class='ocrx_word' id='word_1_602' title='bbox 3298 3960 3768 4018; x_wconf 81' lang='lat' dir='ltr'><strong>romederant.Si—</strong></span> 
     </span>
    </p>
   </div>
   <div class='ocr_carea' id='block_1_90' title="bbox 2164 4061 3770 4131">
    <p class='ocr_par' dir='ltr' id='par_1_90' title="bbox 2164 4061 3770 4131">
     <span class='ocr_line' id='line_1_90' title="bbox 2164 4061 3770 4131; baseline -0.007 -9"><span class='ocrx_word' id='word_1_603' title='bbox 2164 4068 2371 4122; x_wconf 89' lang='lat' dir='ltr'><strong>militer</strong></span> <span class='ocrx_word' id='word_1_604' title='bbox 2404 4066 2547 4121; x_wconf 89' lang='lat' dir='ltr'><strong>etde</strong></span> <span class='ocrx_word' id='word_1_605' title='bbox 2588 4064 2693 4119; x_wconf 90' lang='lat' dir='ltr'><strong>his.</strong></span> <span class='ocrx_word' id='word_1_606' title='bbox 2721 4063 2894 4119; x_wconf 80' lang='lat' dir='ltr'><strong>Jussit</strong></span> <span class='ocrx_word' id='word_1_607' title='bbox 2944 4072 3128 4117; x_wconf 89' lang='lat' dir='ltr'><strong>autem</strong></span> <span class='ocrx_word' id='word_1_608' title='bbox 3181 4061 3361 4131; x_wconf 76' lang='lat' dir='ltr'><strong>colligi</strong></span> <span class='ocrx_word' id='word_1_609' title='bbox 3412 4076 3533 4130; x_wconf 82' lang='lat' dir='ltr'><strong>quae</strong></span> <span class='ocrx_word' id='word_1_610' title='bbox 3574 4073 3770 4127; x_wconf 87' lang='lat' dir='ltr'><strong>supcr-</strong></span> 
     </span>
    </p>
   </div>
   <div class='ocr_carea' id='block_1_91' title="bbox 2166 4153 3769 4227">
    <p class='ocr_par' dir='ltr' id='par_1_91' title="bbox 2166 4153 3769 4227">
     <span class='ocr_line' id='line_1_91' title="bbox 2166 4153 3769 4227; baseline -0.007 -11"><span class='ocrx_word' id='word_1_611' title='bbox 2166 4160 2411 4223; x_wconf 80' lang='lat' dir='ltr'><strong>iuerant,</strong></span> <span class='ocrx_word' id='word_1_612' title='bbox 2447 4174 2557 4214; x_wconf 93' lang='lat' dir='ltr'><strong>non</strong></span> <span class='ocrx_word' id='word_1_613' title='bbox 2589 4158 2982 4213; x_wconf 85' lang='lat' dir='ltr'><strong>ostentationis</strong></span> <span class='ocrx_word' id='word_1_614' title='bbox 3007 4156 3208 4227; x_wconf 77' lang='lat' dir='ltr'><strong>gratia,</strong></span> <span class='ocrx_word' id='word_1_615' title='bbox 3240 4155 3335 4209; x_wconf 90' lang='lat' dir='ltr'><strong>sed</strong></span> <span class='ocrx_word' id='word_1_616' title='bbox 3368 4169 3439 4208; x_wconf 90' lang='lat' dir='ltr'><strong>ne</strong></span> <span class='ocrx_word' id='word_1_617' title='bbox 3475 4153 3769 4223; x_wconf 83' lang='lat' dir='ltr'><strong>phantasia</strong></span> 
     </span>
    </p>
   </div>
   <div class='ocr_carea' id='block_1_92' title="bbox 2165 4246 3769 4323">
    <p class='ocr_par' dir='ltr' id='par_1_92' title="bbox 2165 4246 3769 4323">
     <span class='ocr_line' id='line_1_92' title="bbox 2165 4246 3769 4323; baseline -0.008 -15"><span class='ocrx_word' id='word_1_618' title='bbox 2165 4262 2476 4323; x_wconf 85' lang='lat' dir='ltr'><strong>appareret,</strong></span> <span class='ocrx_word' id='word_1_619' title='bbox 2505 4251 2653 4321; x_wconf 91' lang='lat' dir='ltr'><strong>quod</strong></span> <span class='ocrx_word' id='word_1_620' title='bbox 2703 4249 2914 4305; x_wconf 79' lang='lat' dir='ltr'><strong>factum</strong></span> <span class='ocrx_word' id='word_1_621' title='bbox 2983 4248 3227 4304; x_wconf 79' lang='lat' dir='ltr'><strong>erat.Ex</strong></span> <span class='ocrx_word' id='word_1_622' title='bbox 3284 4246 3531 4317; x_wconf 80' lang='lat' dir='ltr'><strong>subjecta</strong></span> <span class='ocrx_word' id='word_1_623' title='bbox 3583 4254 3769 4298; x_wconf 86' lang='lat' dir='ltr'><strong>autem</strong></span> 
     </span>
    </p>
   </div>
   <div class='ocr_carea' id='block_1_93' title="bbox 2164 4342 3770 4417">
    <p class='ocr_par' dir='ltr' id='par_1_93' title="bbox 2164 4342 3770 4417">
     <span class='ocr_line' id='line_1_93' title="bbox 2164 4342 3770 4417; baseline -0.006 -16"><span class='ocrx_word' id='word_1_624' title='bbox 2164 4347 2390 4402; x_wconf 84' lang='lat' dir='ltr'><strong>materia</strong></span> <span class='ocrx_word' id='word_1_625' title='bbox 2419 4346 2527 4417; x_wconf 84' lang='lat' dir='ltr'><strong>(qq)</strong></span> <span class='ocrx_word' id='word_1_626' title='bbox 2569 4356 2625 4400; x_wconf 85' lang='lat' dir='ltr'><strong>et</strong></span> <span class='ocrx_word' id='word_1_627' title='bbox 2657 4360 2826 4414; x_wconf 89' lang='lat' dir='ltr'><strong>panes</strong></span> <span class='ocrx_word' id='word_1_628' title='bbox 2862 4343 3251 4414; x_wconf 75' lang='lat' dir='ltr'><strong>multiplicavit</strong></span> <span class='ocrx_word' id='word_1_629' title='bbox 3278 4351 3333 4397; x_wconf 88' lang='lat' dir='ltr'><strong>et</strong></span> <span class='ocrx_word' id='word_1_630' title='bbox 3381 4342 3563 4413; x_wconf 77' lang='lat' dir='ltr'><strong>pisces</strong></span> <span class='ocrx_word' id='word_1_631' title='bbox 3604 4357 3619 4393; x_wconf 91' lang='lat'><strong>:</strong></span> <span class='ocrx_word' id='word_1_632' title='bbox 3658 4354 3770 4393; x_wconf 89' lang='lat' dir='ltr'><strong>non</strong></span> 
     </span>
    </p>
   </div>
   <div class='ocr_carea' id='block_1_94' title="bbox 2163 4438 3773 4511">
    <p class='ocr_par' dir='ltr' id='par_1_94' title="bbox 2163 4438 3773 4511">
     <span class='ocr_line' id='line_1_94' title="bbox 2163 4438 3773 4511; baseline -0.008 -15"><span class='ocrx_word' id='word_1_633' title='bbox 2163 4441 2309 4511; x_wconf 89' lang='lat' dir='ltr'><strong>quod</strong></span> <span class='ocrx_word' id='word_1_634' title='bbox 2367 4439 2597 4495; x_wconf 89' lang='lat' dir='ltr'><strong>materia</strong></span> <span class='ocrx_word' id='word_1_635' title='bbox 2660 4438 2949 4509; x_wconf 81' lang='lat' dir='ltr'><strong>indigeret,</strong></span> <span class='ocrx_word' id='word_1_636' title='bbox 3012 4438 3157 4492; x_wconf 89' lang='lat' dir='ltr'><strong>sicut</strong></span> <span class='ocrx_word' id='word_1_637' title='bbox 3191 4451 3373 4505; x_wconf 85' lang='lat' dir='ltr'><strong>neque</strong></span> <span class='ocrx_word' id='word_1_638' title='bbox 3409 4444 3534 4504; x_wconf 89' lang='lat' dir='ltr'><strong>post</strong></span> <span class='ocrx_word' id='word_1_639' title='bbox 3593 4448 3773 4486; x_wconf 87' lang='lat' dir='ltr'><strong>resur-</strong></span> 
     </span>
    </p>
   </div>
   <div class='ocr_carea' id='block_1_95' title="bbox 2164 4521 3776 4604">
    <p class='ocr_par' dir='ltr' id='par_1_95' title="bbox 2164 4521 3776 4604">
     <span class='ocr_line' id='line_1_95' title="bbox 2164 4521 3776 4604; baseline -0.009 -15"><span class='ocrx_word' id='word_1_640' title='bbox 2164 4535 2465 4591; x_wconf 82' lang='lat' dir='ltr'><strong>rectioitem</strong></span> <span class='ocrx_word' id='word_1_641' title='bbox 2514 4548 2656 4604; x_wconf 90' lang='lat' dir='ltr'><strong>opus</strong></span> <span class='ocrx_word' id='word_1_642' title='bbox 2700 4533 2775 4586; x_wconf 90' lang='lat' dir='ltr'><strong>illi</strong></span> <span class='ocrx_word' id='word_1_643' title='bbox 2822 4531 2927 4587; x_wconf 77' lang='lat' dir='ltr'><strong>fuit</strong></span> <span class='ocrx_word' id='word_1_644' title='bbox 2960 4530 3211 4595; x_wconf 89' lang='lat' dir='ltr'><strong>materia,</strong></span> <span class='ocrx_word' id='word_1_645' title='bbox 3270 4528 3367 4583; x_wconf 90' lang='lat' dir='ltr'><strong>scd</strong></span> <span class='ocrx_word' id='word_1_646' title='bbox 3397 4536 3459 4582; x_wconf 87' lang='lat' dir='ltr'><strong>ut</strong></span> <span class='ocrx_word' id='word_1_647' title='bbox 3502 4540 3597 4579; x_wconf 90' lang='lat' dir='ltr'><strong>ora</strong></span> <span class='ocrx_word' id='word_1_648' title='bbox 3627 4521 3776 4576; x_wconf 79' lang='lat' dir='ltr'><strong>Mar-</strong></span> 
     </span>
    </p>
   </div>
   <div class='ocr_carea' id='block_1_96' title="bbox 2091 4612 3776 4695">
    <p class='ocr_par' dir='ltr' id='par_1_96' title="bbox 2091 4612 3776 4695">
     <span class='ocr_line' id='line_1_96' title="bbox 2091 4612 3776 4695; baseline -0.009 -12"><span class='ocrx_word' id='word_1_649' title='bbox 2091 4612 2136 4667; x_wconf 79' lang='lat' dir='ltr'><strong>D</strong></span> <span class='ocrx_word' id='word_1_650' title='bbox 2164 4626 2525 4683; x_wconf 88' lang='lat' dir='ltr'><strong>cionistarum</strong></span> <span class='ocrx_word' id='word_1_651' title='bbox 2584 4625 2919 4689; x_wconf 82' lang='lat' dir='ltr'><strong>Obstrueret,</strong></span> <span class='ocrx_word' id='word_1_652' title='bbox 2954 4625 3047 4695; x_wconf 87' lang='lat' dir='ltr'><strong>qui</strong></span> <span class='ocrx_word' id='word_1_653' title='bbox 3092 4633 3403 4679; x_wconf 84' lang='lat' dir='ltr'><strong>creaturam</strong></span> <span class='ocrx_word' id='word_1_654' title='bbox 3435 4617 3776 4676; x_wconf 74' lang='lat' dir='ltr'><strong>calumniari-</strong></span> 
     </span>
    </p>
   </div>
   <div class='ocr_carea' id='block_1_97' title="bbox 2170 4711 3705 4779">
    <p class='ocr_par' dir='ltr' id='par_1_97' title="bbox 2170 4711 3705 4779">
     <span class='ocr_line' id='line_1_97' title="bbox 2170 4711 3705 4779; baseline -0.006 -6"><span class='ocrx_word' id='word_1_655' title='bbox 2170 4729 2260 4773; x_wconf 89' lang='lat' dir='ltr'><strong>tur</strong></span> <span class='ocrx_word' id='word_1_656' title='bbox 2288 4717 2611 4779; x_wconf 88' lang='lat' dir='ltr'><strong>delirantes,</strong></span> <span class='ocrx_word' id='word_1_657' title='bbox 2644 4717 2943 4778; x_wconf 80' lang='lat' dir='ltr'><strong>asserenda</strong></span> <span class='ocrx_word' id='word_1_658' title='bbox 2972 4732 3082 4770; x_wconf 89' lang='lat' dir='ltr'><strong>non</strong></span> <span class='ocrx_word' id='word_1_659' title='bbox 3115 4730 3241 4771; x_wconf 72' lang='lat' dir='ltr'><strong>esse</strong></span> <span class='ocrx_word' id='word_1_660' title='bbox 3266 4729 3296 4768; x_wconf 92' lang='lat' dir='ltr'><strong>a</strong></span> <span class='ocrx_word' id='word_1_661' title='bbox 3329 4714 3444 4769; x_wconf 90' lang='lat' dir='ltr'><strong>Deo</strong></span> <span class='ocrx_word' id='word_1_662' title='bbox 3481 4711 3705 4771; x_wconf 83' lang='lat' dir='ltr'><strong>factam.</strong></span> 
     </span>
    </p>
   </div>
   <div class='ocr_carea' id='block_1_98' title="bbox 2242 4801 3776 4874">
    <p class='ocr_par' dir='ltr' id='par_1_98' title="bbox 2242 4801 3776 4874">
     <span class='ocr_line' id='line_1_98' title="bbox 2242 4801 3776 4874; baseline -0.006 -13"><span class='ocrx_word' id='word_1_663' title='bbox 2242 4805 2403 4863; x_wconf 81' lang='lat' dir='ltr'><strong>Vcrs.</strong></span> <span class='ocrx_word' id='word_1_664' title='bbox 2434 4806 2524 4862; x_wconf 72' lang='grc'><strong>14.</strong></span> <span class='ocrx_word' id='word_1_665' title='bbox 2555 4805 3006 4863; x_wconf 82' lang='lat' dir='ltr'><strong>Illi—mundum.</strong></span> <span class='ocrx_word' id='word_1_666' title='bbox 3039 4804 3084 4860; x_wconf 92' lang='grc' dir='ltr'><strong>Ο</strong></span> <span class='ocrx_word' id='word_1_667' title='bbox 3114 4804 3469 4860; x_wconf 79' lang='lat' dir='ltr'><strong>manifestam</strong></span> <span class='ocrx_word' id='word_1_668' title='bbox 3505 4801 3776 4874; x_wconf 78' lang='lat' dir='ltr'><strong>gulosita-</strong></span> 
     </span>
    </p>
   </div>
   <div class='ocr_carea' id='block_1_99' title="bbox 2168 4889 3778 4967">
    <p class='ocr_par' dir='ltr' id='par_1_99' title="bbox 2168 4889 3778 4967">
     <span class='ocr_line' id='line_1_99' title="bbox 2168 4889 3778 4967; baseline -0.006 -15"><span class='ocrx_word' id='word_1_669' title='bbox 2168 4896 2329 4953; x_wconf 85' lang='lat' dir='ltr'><strong>tem!</strong></span> <span class='ocrx_word' id='word_1_670' title='bbox 2391 4912 2518 4950; x_wconf 89' lang='lat' dir='ltr'><strong>eum</strong></span> <span class='ocrx_word' id='word_1_671' title='bbox 2580 4897 2875 4951; x_wconf 89' lang='lat' dir='ltr'><strong>innumera</strong></span> <span class='ocrx_word' id='word_1_672' title='bbox 2944 4896 3101 4967; x_wconf 87' lang='lat' dir='ltr'><strong>prius</strong></span> <span class='ocrx_word' id='word_1_673' title='bbox 3137 4894 3434 4957; x_wconf 77' lang='lat' dir='ltr'><strong>vidissent,</strong></span> <span class='ocrx_word' id='word_1_674' title='bbox 3491 4907 3615 4963; x_wconf 75' lang='lat' dir='ltr'><strong>qua:</strong></span> <span class='ocrx_word' id='word_1_675' title='bbox 3672 4889 3778 4944; x_wconf 87' lang='lat' dir='ltr'><strong>hoc</strong></span> 
     </span>
    </p>
   </div>
   <div class='ocr_carea' id='block_1_100' title="bbox 2168 4987 3775 5057">
    <p class='ocr_par' dir='ltr' id='par_1_100' title="bbox 2168 4987 3775 5057">
     <span class='ocr_line' id='line_1_100' title="bbox 2168 4987 3775 5057; baseline -0.006 -11"><span class='ocrx_word' id='word_1_676' title='bbox 2168 5002 2329 5047; x_wconf 86' lang='lat' dir='ltr'><strong>erant</strong></span> <span class='ocrx_word' id='word_1_677' title='bbox 2373 4991 2737 5057; x_wconf 87' lang='lat' dir='ltr'><strong>mirabiliora,</strong></span> <span class='ocrx_word' id='word_1_678' title='bbox 2792 4991 2932 5046; x_wconf 89' lang='lat' dir='ltr'><strong>nihil</strong></span> <span class='ocrx_word' id='word_1_679' title='bbox 2984 4991 3097 5045; x_wconf 88' lang='lat' dir='ltr'><strong>tale</strong></span> <span class='ocrx_word' id='word_1_680' title='bbox 3140 4987 3385 5045; x_wconf 74' lang='lat' dir='ltr'><strong>confessi</strong></span> <span class='ocrx_word' id='word_1_681' title='bbox 3423 4996 3554 5042; x_wconf 87' lang='lat' dir='ltr'><strong>sunt</strong></span> <span class='ocrx_word' id='word_1_682' title='bbox 3599 5004 3612 5040; x_wconf 92' lang='lat'>:</span> <span class='ocrx_word' id='word_1_683' title='bbox 3650 5000 3775 5039; x_wconf 81' lang='lat' dir='ltr'><strong>cum</strong></span> 
     </span>
    </p>
   </div>
   <div class='ocr_carea' id='block_1_101' title="bbox 2170 5078 3777 5156">
    <p class='ocr_par' dir='ltr' id='par_1_101' title="bbox 2170 5078 3777 5156">
     <span class='ocr_line' id='line_1_101' title="bbox 2170 5078 3777 5156; baseline -0.006 -15"><span class='ocrx_word' id='word_1_684' title='bbox 2170 5096 2356 5141; x_wconf 83' lang='lat' dir='ltr'><strong>autem</strong></span> <span class='ocrx_word' id='word_1_685' title='bbox 2385 5086 2594 5156; x_wconf 86' lang='lat' dir='ltr'><strong>impleti</strong></span> <span class='ocrx_word' id='word_1_686' title='bbox 2627 5099 2779 5151; x_wconf 88' lang='lat' dir='ltr'><strong>sunt,</strong></span> <span class='ocrx_word' id='word_1_687' title='bbox 2818 5094 2951 5141; x_wconf 92' lang='lat' dir='ltr'><strong>tuue</strong></span> <span class='ocrx_word' id='word_1_688' title='bbox 2976 5086 3125 5140; x_wconf 89' lang='lat' dir='ltr'><strong>hunc</strong></span> <span class='ocrx_word' id='word_1_689' title='bbox 3160 5098 3283 5139; x_wconf 88' lang='lat' dir='ltr'><strong>esse</strong></span> <span class='ocrx_word' id='word_1_690' title='bbox 3315 5081 3643 5155; x_wconf 88' lang='lat' dir='ltr'><strong>prophetam</strong></span> <span class='ocrx_word' id='word_1_691' title='bbox 3693 5078 3777 5133; x_wconf 85' lang='lat' dir='ltr'><strong>di-</strong></span> 
     </span>
    </p>
   </div>
   <div class='ocr_carea' id='block_1_102' title="bbox 2172 5174 3778 5252">
    <p class='ocr_par' dir='ltr' id='par_1_102' title="bbox 2172 5174 3778 5252">
     <span class='ocr_line' id='line_1_102' title="bbox 2172 5174 3778 5252; baseline -0.007 -17"><span class='ocrx_word' id='word_1_692' title='bbox 2172 5190 2394 5249; x_wconf 80' lang='lat' dir='ltr'><strong>xerunt,</strong></span> <span class='ocrx_word' id='word_1_693' title='bbox 2430 5180 2529 5252; x_wconf 88' lang='lat' dir='ltr'><strong>qui</strong></span> <span class='ocrx_word' id='word_1_694' title='bbox 2556 5195 2626 5235; x_wconf 83' lang='lat' dir='ltr'><strong>ex</strong></span> <span class='ocrx_word' id='word_1_695' title='bbox 2657 5180 2825 5236; x_wconf 80' lang='lat' dir='ltr'><strong>Mosis</strong></span> <span class='ocrx_word' id='word_1_696' title='bbox 2858 5178 3232 5251; x_wconf 88' lang='lat' dir='ltr'><strong>promissione</strong></span> <span class='ocrx_word' id='word_1_697' title='bbox 3264 5176 3333 5232; x_wconf 86' lang='lat' dir='ltr'><strong>ab</strong></span> <span class='ocrx_word' id='word_1_698' title='bbox 3377 5174 3460 5231; x_wconf 90' lang='lat' dir='ltr'><strong>eis</strong></span> <span class='ocrx_word' id='word_1_699' title='bbox 3488 5180 3778 5242; x_wconf 80' lang='lat' dir='ltr'><strong>exspecta-</strong></span> 
     </span>
    </p>
   </div>
   <div class='ocr_carea' id='block_1_103' title="bbox 2174 5276 2356 5332">
    <p class='ocr_par' dir='ltr' id='par_1_103' title="bbox 2174 5276 2356 5332">
     <span class='ocr_line' id='line_1_103' title="bbox 2174 5276 2356 5332; baseline 0.005 -1"><span class='ocrx_word' id='word_1_700' title='bbox 2174 5276 2356 5332; x_wconf 87' lang='lat' dir='ltr'><strong>batur.</strong></span> 
     </span>
    </p>
   </div>
   <div class='ocr_carea' id='block_1_104' title="bbox 1667 5408 2570 5476">
    <p class='ocr_par' dir='ltr' id='par_1_104' title="bbox 1667 5408 2570 5476">
     <span class='ocr_line' id='line_1_104' title="bbox 1667 5408 2570 5476; baseline 0.007 -7"><span class='ocrx_word' id='word_1_701' title='bbox 1667 5408 1871 5472; x_wconf 69' lang='grc' dir='ltr'>ναι-ξω</span> <span class='ocrx_word' id='word_1_702' title='bbox 1912 5410 2225 5475; x_wconf 87' lang='lat' dir='ltr'><strong>lectiones</strong></span> <span class='ocrx_word' id='word_1_703' title='bbox 2268 5420 2329 5475; x_wconf 89' lang='lat' dir='ltr'><strong>et</strong></span> <span class='ocrx_word' id='word_1_704' title='bbox 2377 5422 2570 5476; x_wconf 70' lang='lat' dir='ltr'><strong>notas.</strong></span> 
     </span>
    </p>
   </div>
   <div class='ocr_carea' id='block_1_105' title="bbox 530 5540 1824 5623">
    <p class='ocr_par' dir='ltr' id='par_1_105' title="bbox 530 5540 1824 5623">
     <span class='ocr_line' id='line_1_105' title="bbox 530 5540 1824 5623; baseline -0.002 0"><span class='ocrx_word' id='word_1_705' title='bbox 530 5540 959 5623; x_wconf 65' lang='grc' dir='ltr'><strong>(ἕρ).ΑῆτῷΑ·</strong></span> <span class='ocrx_word' id='word_1_706' title='bbox 1023 5609 1075 5623; x_wconf 91' lang='grc'><strong>..</strong></span> <span class='ocrx_word' id='word_1_707' title='bbox 1284 5613 1297 5623; x_wconf 91' lang='grc'><strong>.</strong></span> <span class='ocrx_word' id='word_1_708' title='bbox 1374 5613 1419 5623; x_wconf 90' lang='grc'>-.</span> <span class='ocrx_word' id='word_1_709' title='bbox 1557 5612 1572 5623; x_wconf 89' lang='grc'><strong>.</strong></span> <span class='ocrx_word' id='word_1_710' title='bbox 1646 5611 1679 5623; x_wconf 54' lang='grc'>.-</span> <span class='ocrx_word' id='word_1_711' title='bbox 1814 5610 1824 5620; x_wconf 92' lang='grc'><strong>.</strong></span> 
     </span>
    </p>
   </div>
   <div class='ocr_carea' id='block_1_106' title="bbox 524 5609 2045 5740">
    <p class='ocr_par' dir='ltr' id='par_1_106' title="bbox 524 5609 2045 5740">
     <span class='ocr_line' id='line_1_106' title="bbox 524 5609 2045 5740; baseline -0.001 -73"><span class='ocrx_word' id='word_1_712' title='bbox 524 5609 643 5740; x_wconf 54' lang='lat' dir='ltr'><strong>git)</strong></span> <span class='ocrx_word' id='word_1_713' title='bbox 673 5609 885 5669; x_wconf 75' lang='lat' dir='ltr'><strong>Inclusa</strong></span> <span class='ocrx_word' id='word_1_714' title='bbox 917 5609 1247 5669; x_wconf 79' lang='lat' dir='ltr'><strong>exciderunt</strong></span> <span class='ocrx_word' id='word_1_715' title='bbox 1271 5613 1335 5669; x_wconf 78' lang='grc' dir='ltr'>Δ.</span> <span class='ocrx_word' id='word_1_716' title='bbox 1374 5613 1493 5669; x_wconf 72' lang='lat' dir='ltr'><strong>Mox</strong></span> <span class='ocrx_word' id='word_1_717' title='bbox 1557 5611 1757 5685; x_wconf 75' lang='lat' dir='ltr'><strong>legitur</strong></span> <span class='ocrx_word' id='word_1_718' title='bbox 1814 5610 2045 5680; x_wconf 90' lang='lat' dir='ltr'><strong>ibidem,</strong></span> 
     </span>
     <span class='ocr_line' id='line_1_107' title="bbox 525 5684 967 5740; baseline 0 -3"><span class='ocrx_word' id='word_1_719' title='bbox 525 5727 537 5737; x_wconf 93' lang='lat'><strong>.</strong></span> <span class='ocrx_word' id='word_1_720' title='bbox 574 5694 691 5739; x_wconf 77' lang='lat' dir='ltr'><strong>stet</strong></span> <span class='ocrx_word' id='word_1_721' title='bbox 719 5684 967 5740; x_wconf 74' lang='grc' dir='ltr'>ἀνδρίαν.</span> 
     </span>
    </p>
   </div>
   <div class='ocr_carea' id='block_1_107' title="bbox 456 5684 1122 5829">
    <p class='ocr_par' dir='ltr' id='par_1_107' title="bbox 456 5684 1122 5829">
     <span class='ocr_line' id='line_1_108' title="bbox 456 5684 967 5809; baseline -0.002 -71"><span class='ocrx_word' id='word_1_722' title='bbox 456 5684 622 5750; x_wconf 72' lang='grc' dir='ltr'>δείξει</span> <span class='ocrx_word' id='word_1_723' title='bbox 634 5694 691 5739; x_wconf 85' lang='lat' dir='ltr'><strong>et</strong></span> <span class='ocrx_word' id='word_1_724' title='bbox 719 5684 967 5809; x_wconf 52' lang='lat' dir='ltr'><strong>avdiit“.</strong></span> 
     </span>
     <span class='ocr_line' id='line_1_109' title="bbox 529 5756 1122 5829; baseline 0 -19"><span class='ocrx_word' id='word_1_725' title='bbox 529 5756 645 5829; x_wconf 75' lang='grc'><strong>(52)</strong></span> <span class='ocrx_word' id='word_1_726' title='bbox 682 5756 806 5810; x_wconf 82' lang='grc' dir='ltr'><strong>Ἐντ</strong></span> <span class='ocrx_word' id='word_1_727' title='bbox 839 5756 1027 5812; x_wconf 85' lang='grc' dir='ltr'>λλεται</span> <span class='ocrx_word' id='word_1_728' title='bbox 1057 5757 1122 5812; x_wconf 79' lang='grc' dir='ltr'>Δ.</span> 
     </span>
    </p>
   </div>
   <div class='ocr_carea' id='block_1_108' title="bbox 2238 5532 3123 5607">
    <p class='ocr_par' dir='ltr' id='par_1_108' title="bbox 2238 5532 3123 5607">
     <span class='ocr_line' id='line_1_110' title="bbox 2238 5532 3123 5607; baseline 0.003 -11"><span class='ocrx_word' id='word_1_729' title='bbox 2238 5543 2353 5607; x_wconf 80' lang='lat'><strong>(35)</strong></span> <span class='ocrx_word' id='word_1_730' title='bbox 2422 5544 2531 5597; x_wconf 84' lang='grc' dir='ltr'><strong>Τοῦ</strong></span> <span class='ocrx_word' id='word_1_731' title='bbox 2566 5545 2707 5598; x_wconf 78' lang='grc' dir='ltr'>κατὰ</span> <span class='ocrx_word' id='word_1_732' title='bbox 2738 5532 3019 5597; x_wconf 80' lang='grc' dir='ltr'>Ματθαῖον</span> <span class='ocrx_word' id='word_1_733' title='bbox 3057 5544 3123 5599; x_wconf 85' lang='grc' dir='ltr'>Δ.</span> 
     </span>
    </p>
   </div>
   <div class='ocr_carea' id='block_1_109' title="bbox 2236 5614 2933 5687">
    <p class='ocr_par' dir='ltr' id='par_1_109' title="bbox 2236 5614 2933 5687">
     <span class='ocr_line' id='line_1_111' title="bbox 2236 5614 2933 5687; baseline 0.003 -22"><span class='ocrx_word' id='word_1_734' title='bbox 2236 5614 2348 5687; x_wconf 52' lang='grc' dir='ltr'>(σε)</span> <span class='ocrx_word' id='word_1_735' title='bbox 2424 5616 2648 5687; x_wconf 73' lang='grc' dir='ltr'>Ποεήσει</span> <span class='ocrx_word' id='word_1_736' title='bbox 2682 5615 2835 5671; x_wconf 82' lang='lat' dir='ltr'><strong>addit</strong></span> <span class='ocrx_word' id='word_1_737' title='bbox 2869 5614 2933 5667; x_wconf 81' lang='grc' dir='ltr'>Δ.</span> 
     </span>
    </p>
   </div>
   <div class='ocr_carea' id='block_1_110' title="bbox 2234 5686 2892 5773">
    <p class='ocr_par' dir='ltr' id='par_1_110' title="bbox 2234 5686 2892 5773">
     <span class='ocr_line' id='line_1_112' title="bbox 2234 5686 2892 5773; baseline 0.003 -34"><span class='ocrx_word' id='word_1_738' title='bbox 2234 5686 2346 5773; x_wconf 64' lang='grc' dir='ltr'><strong>(ξὸ)</strong></span> <span class='ocrx_word' id='word_1_739' title='bbox 2371 5686 2802 5757; x_wconf 75' lang='grc' dir='ltr'>Μαρκιανιστῶν</span> <span class='ocrx_word' id='word_1_740' title='bbox 2829 5690 2892 5741; x_wconf 80' lang='grc' dir='ltr'>Α.</span> 
     </span>
    </p>
   </div>
   <div class='ocr_carea' id='block_1_111' title="bbox 553 5868 3768 5949">
    <p class='ocr_par' dir='ltr' id='par_1_111' title="bbox 553 5868 3768 5949">
     <span class='ocr_line' id='line_1_113' title="bbox 553 5868 3768 5949; baseline -0.003 -18"><span class='ocrx_word' id='word_1_741' title='bbox 553 5875 640 5945; x_wconf 82' lang='lat' dir='ltr'><strong>qq)</strong></span> <span class='ocrx_word' id='word_1_742' title='bbox 682 5877 801 5931; x_wconf 80' lang='lat' dir='ltr'><strong>Non</strong></span> <span class='ocrx_word' id='word_1_743' title='bbox 831 5881 971 5949; x_wconf 70' lang='lat' dir='ltr'><strong>quod</strong></span> <span class='ocrx_word' id='word_1_744' title='bbox 998 5907 1071 5919; x_wconf 91' lang='lat'><strong>-—</strong></span> <span class='ocrx_word' id='word_1_745' title='bbox 1105 5879 1333 5931; x_wconf 82' lang='lat' dir='ltr'><strong>materia</strong></span> <span class='ocrx_word' id='word_1_746' title='bbox 1391 5874 1455 5932; x_wconf 74' lang='lat' dir='ltr'><strong>Et</strong></span> <span class='ocrx_word' id='word_1_747' title='bbox 1484 5884 1709 5949; x_wconf 81' lang='lat' dir='ltr'><strong>propter</strong></span> <span class='ocrx_word' id='word_1_748' title='bbox 1752 5875 1856 5932; x_wconf 87' lang='lat' dir='ltr'><strong>hoc</strong></span> <span class='ocrx_word' id='word_1_749' title='bbox 1892 5874 2191 5946; x_wconf 86' lang='lat' dir='ltr'><strong>ipsummet</strong></span> <span class='ocrx_word' id='word_1_750' title='bbox 2215 5884 2273 5931; x_wconf 90' lang='lat' dir='ltr'><strong>ut</strong></span> <span class='ocrx_word' id='word_1_751' title='bbox 2309 5888 2501 5931; x_wconf 70' lang='lat' dir='ltr'><strong>ora...</strong></span> <span class='ocrx_word' id='word_1_752' title='bbox 2532 5874 2648 5929; x_wconf 76' lang='lat' dir='ltr'><strong>Alia</strong></span> <span class='ocrx_word' id='word_1_753' title='bbox 2679 5873 2769 5931; x_wconf 87' lang='lat' dir='ltr'><strong>hic</strong></span> <span class='ocrx_word' id='word_1_754' title='bbox 2800 5872 2853 5930; x_wconf 89' lang='lat' dir='ltr'><strong>ir.</strong></span> <span class='ocrx_word' id='word_1_755' title='bbox 2892 5888 2995 5930; x_wconf 86' lang='lat' dir='ltr'><strong>suo</strong></span> <span class='ocrx_word' id='word_1_756' title='bbox 3045 5871 3287 5939; x_wconf 76' lang='lat' dir='ltr'><strong>codices,</strong></span> <span class='ocrx_word' id='word_1_757' title='bbox 3340 5870 3485 5925; x_wconf 78' lang='lat' dir='ltr'><strong>haud</strong></span> <span class='ocrx_word' id='word_1_758' title='bbox 3514 5868 3768 5927; x_wconf 66' lang='lat' dir='ltr'><strong>absurda,</strong></span> 
     </span>
    </p>
   </div>
   <div class='ocr_carea' id='block_1_112' title="bbox 462 5947 1298 6029">
    <p class='ocr_par' dir='ltr' id='par_1_112' title="bbox 462 5947 1298 6029">
     <span class='ocr_line' id='line_1_114' title="bbox 462 5947 1298 6029; baseline -0.002 -24"><span class='ocrx_word' id='word_1_759' title='bbox 462 5947 677 6005; x_wconf 67' lang='lat' dir='ltr'><strong>videtur</strong></span> <span class='ocrx_word' id='word_1_760' title='bbox 698 5947 980 6009; x_wconf 78' lang='lat' dir='ltr'><strong>invenisse</strong></span> <span class='ocrx_word' id='word_1_761' title='bbox 1003 5949 1298 6029; x_wconf 78' lang='lat' dir='ltr'><strong>interpres.</strong></span> 
     </span>
    </p>
   </div>
  </div>
