4430 6460
372 393 511 457 1253

1326 381 1716 443 COMMENT.
1758 380 1838 440 IN
1878 378 2261 441 ΙΟᾹΝΝΕΜ.
2298 402 2369 416 -
2400 378 2559 438 CAP.
2603 377 2705 437 VI.

3534 376 3673 439 1254

366 510 543 563 ταῦτα
597 508 726 577 περὶ
760 503 955 559 ἑαυτοῦ
987 500 1266 571 διαφόρως
1323 496 1466 564 εἷπε,
1509 502 1577 568 τῇ
1618 497 1873 567 συνεχείᾳ
1902 496 1973 549 δι·
2003 504 2048 559 Α
2078 499 2115 551 S

1920 498 1973 549 ῑι-
2003 504 2048 559 Α
2078 496 2349 565 Superius
2366 510 2587 565 quoque
2618 494 2762 548 idem
2788 494 2854 547 de
2878 494 3061 562 seipse
3079 493 3247 548 variis
3274 492 3327 546 in
3348 494 3480 548 locis
3513 499 3669 559 dixit.

370 599 640 669 ερεοίζων
685 597 883 657 αὐτοὺς
931 594 1012 656 εἰς
1054 593 1116 644 τὸ
1161 590 1434 660 ἐρωτῆσαι
1468 589 1585 650 πῶς
1633 589 1796 656 ἄρτος
1842 590 1959 639 ἐστὶ

370 691 605 759 ζωηρὸς,
640 688 736 741 καὶ
774 687 890 749 πῶς
929 689 991 737 ix
1024 684 1119 737 τοῦ
1151 680 1384 751 οὐρανοῦ
1414 678 1820 747 καταόἑὸηκενο
1848 678 1965 730 ἀλλ’

371 786 571 835 ἐκεῖνοι
603 780 740 850 πρὸς
776 779 949 847 μόνην
976 778 1216 846 ὁρῶντες
1240 776 1339 842 τὴν
1401 771 1705 841 θεραπείαν
1738 772 1838 838 τῆς
1868 787 1969 835 γα-

373 874 558 943 στρδς.
596 872 773 924 πάντα
808 868 977 922 τᾶλλα
1010 866 1243 938 περιττά
1290 864 1566 934 ἐνόμιζονο
1595 862 1671 925 ὡς
1705 862 1967 931 προειῴῦ

373 982 575 1033 καμεν.

458 1055 602 1109 Ἐὰν
649 1082 719 1095 α-
749 1050 973 1107 ἀίῶνα.
1021 1049 1150 1103 Ἐάν
1189 1065 1275 1110 τις
1306 1062 1555 1119 μετασχῃ
1582 1049 1683 1116 τῆς
1712 1046 1970 1098 διδασκα-

374 1147 493 1210 λίας
520 1145 710 1200 αὑτοῦ.
758 1145 961 1196 Ἐσθίει
1002 1144 1112 1213 γὰρ
1143 1141 1205 1205 ἐξ
1260 1139 1432 1193 αὑτοῦ
1459 1141 1488 1191 ὀ
1532 1138 1969 1208 μεταλαμϐάνων

374 1239 602 1310 ταύτης·
640 1236 844 1307 βρῶσις
892 1237 1002 1306 γὰρ
1060 1236 1157 1287 καὶ
1208 1232 1375 1300 αὕτη,
1411 1232 1691 1302 τρέφουσα
1728 1229 1830 1299 τὴν
1870 1230 1972 1299 ψυ-

375 1332 498 1399 χήν.
558 1331 818 1397 ἰήσεται
867 1326 935 1379 δὲ
986 1326 1075 1391 είς
1128 1324 1239 1377 τὸν
1269 1322 1477 1386 αιώνα,
1532 1323 1712 1374 εῖτουν
1742 1321 1853 1383 ἀεὶ,
1895 1320 1972 1382 ὡς

379 1419 654 1491 μηδέποτε
688 1418 1055 1487 ἀποθνήσκων
1088 1415 1182 1467 τὸν
1234 1413 1470 1484 ψυχικὸν
1507 1411 1760 1466 θάνατον.
1792 1411 1971 1481 Ψυχιο

377 1513 472 1574 κὸς
504 1510 561 1563 δὶ
611 1510 845 1571 θάνατος
884 1510 913 1561 ό
946 1508 1057 1561 ἀπὸ
1110 1505 1207 1559 τοῦ
1243 1505 1380 1558 Θεοῦ
1438 1504 1747 1576 χωρισμός·
1777 1503 1973 1574 ὥσπερ

378 1606 475 1655 καὶ
500 1604 818 1672 σωματικδς
849 1602 1083 1661 θάνατος
1113 1600 1142 1652 δ
1179 1599 1289 1651 ἀπ’)
1322 1599 1421 1666 τῆς
1454 1598 1636 1667 ψυχῆς
1660 1597 1965 1667 χωρισμός.

377 1697 516 1749 Ζωοῖ
545 1695 654 1764 γὰρ
684 1694 745 1747 τὸ
778 1693 939 1764 σῶμα
963 1695 1065 1763 μὲν
1096 1693 1131 1761 ή
1154 1691 1323 1761 ψυχή’
1354 1690 1454 1761 τὴν
1481 1690 1661 1761 ψυχὴν
1691 1689 1747 1741 δὲ
1768 1692 1795 1742 ὁ
1817 1689 1971 1751 Θεός.

452 1787 563 1839 Καὶ
610 1784 718 1856 μὴν
758 1785 947 1838 πολλοὶ
993 1781 1299 1853 μετέλασον
1355 1783 1459 1851 τῆς
1492 1779 1843 1842 διδασκαλίας
1877 1780 1971 1833 τοῦ

380 1874 619 1945 Χριστοῦ
640 1872 867 1943 animi)
902 1872 1186 1926 ἀπώλοντο
1205 1887 1219 1901 ·
1265 1868 1402 1923 ἄλλά
1431 1869 1620 1932 κακῶς
1674 1870 1980 1940 ὶχρήσαντο

378 1972 447 2040 τῇ
487 1967 819 2038 μεταλήψει·
862 1965 959 2020 νῦν
996 1966 1054 2019 δὲ
1090 1966 1223 2037 περὶ
1272 1964 1384 2018 τῶν
1429 1964 1612 2027 καλῶς
1658 1964 1798 2035 αὐτῇ
1868 1962 1979 2033 (65)

382 2062 683 2144 χρωμένων
710 2065 738 2114 ό
768 2062 947 2128 λόγος,
975 2060 1037 2113 οὐ
1066 2061 1194 2129 περὶ
1218 2059 1328 2113 τῶν
1352 2057 1788 2129 διαφθειράντων
1809 2057 1983 2125 αὐτὴν

383 2153 637 2225 ἐπιμιξίᾳ
664 2153 954 2222 δογμάτων
992 2150 1249 2223 πονηρῶν
1274 2150 1309 2223 ἢ
1351 2149 1652 2219 φαυλότητι
1682 2148 1982 2210 πολιτείας.

388 2246 630 2309 Ἐδειξεν
684 2241 779 2299 οὖν
830 2246 914 2298 ὅτι
972 2245 1261 2313 κρείττονα
1305 2244 1473 2314 ἄρτον
1529 2242 1742 2304 τούτοις
1802 2241 1986 2294 δίδωσι

386 2340 539 2408 παρὰ
560 2337 620 2390 τὸ
651 2336 829 2407 μάννα
875 2335 904 2388 δ
951 2336 1159 2406 ῑφαγον
1212 2336 1263 2390 οῖ
1318 2336 1559 2405 πατέρες
1600 2333 1784 2387 αὐτῶν
1837 2334 1985 2402 εντῇ

385 2430 603 2500 ἐρήμῳ.
644 2430 856 2482 Ἐκεῖνο
883 2429 983 2498 μιν
1010 2430 1121 2500 γὰρ
1155 2430 1205 2482 οί
1254 2428 1527 2498 φαγόντες
1569 2428 1883 2492 ἀπέθανον,
1924 2426 1990 2479 ἑκ

386 2524 576 2576 τούτου
603 2520 661 2573 δὲ
682 2522 731 2572 οί
756 2517 1062 2590 τρώγοντες
1101 2518 1357 2589 ζήσονται
1385 2518 1479 2583 είς,
1497 2516 1603 2577 τὸν
1622 2514 1817 2570 αίῶνα.

458 2688 570 2744 Kal
600 2718 671 2729 —
700 2686 857 2741 ἐστί.
914 2684 1071 2739 Κατὰ
1118 2684 1212 2738 δύο
1256 2683 1493 2755 τρόπους
1544 2683 1709 2754 ἄρτος
1762 2681 1913 2735 εστὶν
1962 2683 1991 2735 δ

391 2782 650 2854 Χριστὸς,
685 2781 830 2835 κατά
871 2796 932 2832 τε
979 2778 1080 2850 τὴν
1126 2778 1359 2847 θεότητμ
1412 2778 1509 2828 καὶ
1558 2776 1703 2829 κατὰ
1742 2778 1843 2846 τὴν
1898 2777 1994 2828 ἀν·-

395 2873 753 2945 θρωπότητα.
793 2871 1021 2937 Διδάξας
1079 2867 1175 2922 οὒν
1218 2868 1350 2939 περὶ
1400 2866 1497 2920 τοῦ
1555 2868 1696 2919 κατὰ
1737 2866 1838 2937 τὴν
1874 2866 1994 2920 θεό-

394 2983 557 3037 τητα,
576 2964 669 3017 νῦν
699 2962 944 3017 διδάσκει
980 2963 1077 3015 καὶ
1109 2961 1240 3030 περὶ
1263 2958 1358 3013 τοῦ
1390 2961 1533 3012 κατά
1568 2958 1669 3030 τὴν
1704 2959 1993 3029 ἅνθρωπός

394 3076 557 3129 τητα.
774 3070 777 3073 ’

468 3153 589 3207 Οὐκ
620 3146 744 3204 εἶπε
778 3149 858 3216 δὲ,
890 3147 973 3202 ὅτι
1009 3149 1107 3201 Ὃν
1136 3146 1350 3217 δίδωμι,
1387 3145 1639 3208 ὰ).λ’,’ὃτι
1668 3147 1779 3199 Ὃν
1794 3143 1989 3197 δώσω.

402 3242 639 3313 Ἔμελλε
675 3242 785 3313 γὰρ
814 3241 980 3295 αὑτὸν
1010 3239 1205 3292 δώσειν
1241 3241 1299 3292 εν
1327 3237 1407 3308 τῷ
1439 3238 1738 3307 τελευταίῳ
1769 3236 1992 3305 δείπνῳ,

397 3338 485 3390 ὅτε
511 3333 695 3388 λαόὡν
732 3333 825 3387 τὸν
873 3334 1039 3402 ἄρτον
1086 3331 1184 3383 καὶ
1231 3330 1635 3400 εὐχαριστήσας
1667 3327 1779 3400 (66)
1799 3327 1995 3379 ἔκλεισε

401 3430 496 3482 καὶ
524 3429 696 3481 ἐδίδου
716 3429 831 3490 τοῖς
854 3425 1126 3496 μαθηταῖς
1157 3423 1253 3475 καὶ
1284 3418 1405 3474 εἶπε
1426 3438 1440 3453 ο
1470 3420 1716 3487 Λάϐετε,
1740 3420 1958 3490 φάγετε
1978 3435 1995 3452 ·

400 3522 583 3577 τοῦτό
617 3524 751 3575 ἐστι
773 3522 843 3573 τὸ
869 3517 1045 3587 σῶμά
1068 3534 1211 3587 μου.
1233 3579 1236 3583 ν

474 3614 724 3683 Ζήτήσον
752 3610 847 3664 οὖν
868 3610 929 3663 τὸ
954 3585 1252 3678 ἐξηποστδν
1281 3585 1543 3677 τέταρτον
1576 3602 1878 3674 κεφάλαιον
1902 3602 1999 3657 τοῦ

2071 588 2362 641 iteratione
2406 587 2621 640 exitans
2651 601 2767 644 eos.
2822 595 2879 639 ut
2935 586 3358 654 interrogarent,
3393 591 3672 656 quomodo

2070 689 2218 730 esset
2245 677 2400 745 panis
2430 677 2587 729 vivus
2618 690 2715 729 seu
2744 674 3046 739 viviﬁcans,
3077 686 3134 727 et
3162 691 3398 742 quonam
3424 678 3587 733 modo
3606 680 3673 732 de

2071 770 2211 823 cmlo
2238 770 2640 822 descendisset.
2679 765 2883 819 Verum
2922 766 2995 818 illi
3032 767 3202 819 solam
3240 770 3449 822 ventris
3483 786 3671 823 curam

2072 871 2407 928 Spectantes,
2440 870 2633 914 caetera
2657 858 2839 911 omnia
2862 856 3135 925 superﬂua
3164 859 3457 922 ducebant,
3478 877 3673 928 quem-

2073 953 2365 1007 admodum
2401 953 2774 1021 praediximus.

2146 1043 2303 1099 \‘ers.
2331 1045 2418 1096 5|.
2454 1042 2513 1097 Si
2543 1072 2611 1081 ——
2643 1054 2920 1096 a’tcrnum.
2959 1041 3013 1095 Si
3043 1042 3168 1111 quis
3216 1042 3481 1095 doctrinas
3532 1043 3679 1098 illius

2077 1136 2350 1204 particeps
2375 1134 2559 1188 fuerit.
2594 1134 2727 1187 Nam
2762 1135 2852 1203 qui
2894 1150 3013 1187 eam
3053 1133 3365 1203 participat,
3399 1148 3464 1187 ex
3485 1149 3551 1189 eo
3580 1150 3675 1190 co—

2077 1228 2283 1280 medit:
2318 1229 2586 1294 siquidem
2609 1236 2663 1281 et
2694 1228 2807 1295 ipsa
2838 1226 2995 1281 cibus
3017 1236 3100 1279 est
3127 1228 3365 1279 animam
3400 1230 3679 1282 nutriens.

2078 1319 2287 1374 Vivetiu
2308 1329 2583 1386 ostentum,
2620 1320 2734 1374 sive
2766 1335 3004 1388 semper,
3031 1328 3218 1388 utpote
3252 1335 3531 1389 nunquam
3555 1336 3668 1376 mtr-

2077 1414 2283 1465 riturus
2316 1423 2490 1467 morte
2510 1412 2729 1476 animm;
2779 1428 2927 1466 mors
2967 1423 3149 1465 autem
3182 1412 3380 1466 anime
3406 1423 3488 1466 est
3514 1430 3677 1483 sepa-

2079 1503 2217 1558 ratio
2244 1520 2272 1558 a
2305 1505 2435 1569 Deo,
2466 1506 2928 1575 quemadmodum
2959 1506 3123 1559 etiam
3146 1522 3293 1559 mors
3324 1509 3573 1576 corporis
3592 1518 3677 1561 est

2081 1596 2255 1665 ipsius
2292 1598 2360 1651 ab
2391 1598 2572 1650 anima
2601 1599 2895 1667 separatio.
2939 1597 3072 1651 Nam
3110 1598 3226 1667 ipsa
3261 1599 3443 1651 anima
3476 1614 3680 1668 corpus

2078 1688 2337 1752 viviﬁcat,
2360 1692 2599 1744 animam
2637 1706 2766 1744 vero
2794 1694 2959 1744 Deus.
3629 1760 3635 1769 Α

2157 1783 2326 1852 Atqui
2383 1784 2573 1852 plures
2628 1784 2937 1852 perierunt,
2994 1798 3086 1851 qui
3150 1783 3416 1836 doctrina:
3474 1782 3679 1835 Christi

2084 1874 2309 1931 [uerunt
2340 1877 2655 1946 participes,
2689 1877 2784 1931 sed
2827 1877 2906 1929 ilii
2940 1877 3031 1929 tali
3078 1875 3503 1945 participatione
3543 1875 3683 1928 male

2087 1971 2169 2025 usi
2216 1978 2388 2035 sunt;
2432 1986 2581 2024 nunc
2624 1981 2809 2025 autem
2858 1970 2927 2025 de
2968 1970 3052 2023 bis
3100 1977 3185 2022 est
3231 1984 3433 2031 sermo,
3484 1970 3577 2039 qui
3616 1983 3685 2023 ea

2088 2062 2232 2117 bene
2266 2064 2347 2117 usi
2385 2072 2536 2127 sunt,
2568 2079 2678 2117 non
2702 2065 2768 2118 de
2800 2064 2907 2117 illis
2935 2063 3028 2132 qui
3056 2077 3178 2116 eam
3206 2077 3501 2131 pravorum
3534 2076 3685 2115 com-

2086 2154 2344 2208 mistione
2384 2155 2724 2225 dogmatum.
2775 2163 2870 2209 aut
2923 2153 3369 2223 conversationis
3408 2152 3682 2222 pravitate

2088 2253 2473 2311 corruperunt.
2533 2242 2789 2297 Ostendit
2847 2242 3198 2312 ergo,»quod
3246 2244 3684 2311 praestantiorem

2090 2325 2197 2380 illis
2220 2327 2405 2380 cibum
2433 2328 2657 2387 tribuat.
2682 2343 2844 2397 quam
2868 2325 3034 2381 fuerit
3056 2341 3279 2390 manna.
3328 2326 3473 2395 quod
3498 2340 3683 2397 come-

2091 2414 2296 2469 derunt
2351 2424 2535 2485 patres
2596 2394 2787 2470 eorum
2850 2418 2904 2468 in
2956 2416 3219 2469 deserto:
3258 2394 3359 2468 illi,
3389 2394 3683 2484 siquidem,

2092 2512 2388 2573 postquam
2442 2502 2825 2567 comederunt,
2888 2503 3088 2558 mortui
3130 2515 3280 2568 sunt,
3320 2502 3413 2572 qui
3457 2518 3587 2557 vero
3620 2518 3689 2557 ex

2094 2592 2199 2647 hoc
2231 2594 2423 2659 edunt,
2467 2594 2654 2649 vivent
2686 2595 2741 2648 in
2776 2604 3068 2650 aeternum.

2166 2684 2325 2741 Vers.
2349 2687 2442 2741 5t.
2470 2686 2537 2739 Et
2554 2698 2733 2742 ——-est.
2755 2689 2979 2743 Duobus
3009 2689 3187 2744 modis
3210 2690 3468 2745 Christus
3489 2676 3694 2744 dicitu‘r

2094 2793 2216 2833 esse
2258 2783 2436 2849 panis,
2474 2783 2781 2836 secundum
2824 2782 3170 2837 divinitatem
3211 2782 3467 2837 videlicet
3498 2790 3553 2836 et
3586 2780 3691 2835 hu-

2096 2876 2433 2930 manitatem.
2494 2877 2787 2945 Postquam
2844 2891 2977 2947 ergo
3032 2876 3216 2931 docuit
3269 2878 3337 2931 de
3384 2878 3546 2931 modo
3598 2877 3693 2947 qui

2097 2968 2403 3021 secundum
2468 2967 2815 3023 divinitatem
2868 2978 2973 3031 est,
3003 2983 3153 3023 nunc
3194 2967 3359 3023 etiam
3413 2968 3572 3023 docet
3628 2970 3696 3023 de

2099 3060 2261 3114 modo
2281 3062 2373 3131 qui
2402 3072 2488 3115 est
2514 3060 2818 3115 secundum
2848 3062 3272 3115 humanitatem.

2173 3150 2297 3204 Non
2326 3162 2508 3205 autem
2533 3152 2706 3206 dixit:
2740 3151 2914 3217 Quem
2946 3150 3047 3217 do,
3076 3151 3171 3205 sed
3206 3167 3361 3221 quem
3378 3150 3514 3203 dabo
3536 3150 3697 3204 datu-

2100 3260 2194 3297 rus
2227 3258 2464 3311 namque
2495 3251 2613 3295 erat
2640 3242 2694 3294 in
2723 3241 2911 3294 ultima
2943 3256 3132 3305 cmna,
3167 3241 3388 3310 quando
3416 3251 3696 3310 sumptum

2100 3350 2297 3405 panem
2314 3335 2452 3389 actis
2474 3335 2662 3405 gratiis
2681 3333 2862 3404 fregit,
2882 3334 3141 3403 deditque
3170 3333 3480 3403 discipulis,
3500 3343 3557 3389 et
3582 3336 3658 3388 ait
3679 3351 3703 3392 ε

2101 3428 2359 3497 Accipite,
2396 3427 2648 3480 comedite
2671 3443 2691 3492 ;
2713 3426 2810 3479 hoc
2838 3434 2914 3480 est
2943 3442 3131 3496 corpus
3161 3443 3337 3480 meum
3355 3426 3423 3481 “.

2168 3620 2366 3687 Quare
2383 3634 2515 3691 ergo
2534 3617 2937 3690 sexagesimum
2956 3626 3214 3688 quartum
3238 3629 3404 3690 caput
3423 3620 3707 3693 Evangelii

403 3708 547 3763 κατὰ
574 3704 881 3773 Ματθαῖον,
909 3702 1004 3757 καὶ
1036 3702 1162 3772 (67),
1182 3699 1313 3755 ῖνθα
1349 3700 1528 3753 κεῖται
1556 3700 1617 3752 τὸ
1643 3701 1751 3763 Εις
1778 3697 2004 3768 ἄφεσιν
2105 3730 2152 3770 ,ε

1953 3716 2004 3753 ιν
2105 3713 2410 3770 secundum
2432 3712 2783 3777 Iatthzum;
2821 3711 2985 3765 etubi
3006 3710 3243 3781 positum
3269 3720 3377 3773 est.
3419 3714 3477 3768 in
3513 3717 3702 3770 remis-

408 3799 735 3871 ἁμαρτιῶν,
755 3797 1035 3868 ἀνάγνωθι
1060 3795 1164 3869 τήν
1204 3796 1471 3866 ίξήτησιν
1504 3793 1636 3865 ὅλην
1658 3833 1677 3861 ,
1720 3795 1822 3847 ‘xal.
1838 3794 2005 3866 εὑρή-

408 3909 524 3957 σεις
558 3894 679 3956 πῶς
708 3894 825 3945 ἐστι
855 3892 918 3944 τὸ
946 3889 1107 3960 σῶμα
1139 3887 1310 3943 αὑτοῦ
1340 3887 1529 3960 ἄρτος.

484 3990 601 4043 Ἦν
621 4017 693 4027 -
725 3984 898 4053 ζωῆς.
946 3983 1137 4050 Δώσω,
1164 3984 1245 4046 εις
1273 3980 1528 4034 θάνατον.
1576 3978 1847 4033 Ἐνταῦθα
1894 3978 2005 4047 γὰρ

407 4081 507 4152 τὴν
540 4080 847 4152 σταύρωσιν
880 4076 1049 4132 αὑτοῦ
1079 4073 1476 4147 προσημαίνει.
1512 4072 1588 4125 Τὸ
1613 4070 1694 4137 δὲ,
1733 4072 1849 4126 Ἦν
1887 4070 2005 4142 ἐγὼ

408 4177 607 4243 δώσω,
638 4178 701 4229 τὸ
730 4174 983 4229 ικούσιον
1026 4169 1289 4244 ἐμφαίνει
1336 4168 1433 4223 τοῦ
1475 4167 1726 4223 τοιούτου
1770 4166 2003 4232 πάθους.

496 4363 917 4434 Ἑμάχοντο-
945 4361 1201 4433 φαγεῖν-ς
1267 4361 1665 4432 Ἐταράττοντο
1720 4356 1798 4432 μὴ
1848 4357 2011 4414 δυνά-

414 4474 568 4527 μενοι
609 4456 890 4510 πιστεύειν
943 4455 1023 4527 τῷ
1066 4456 1213 4526 λόγῳ
1257 4453 1348 4509 διά
1390 4455 1453 4509 τδ
1496 4454 1677 4509 δοκεῖν
1720 4454 2004 4512 ἀδύνατον.

2102 3810 2301 3863 sionem
2332 3815 2671 3877 peccatorum
2700 3807 2771 3873 ε’,
2803 3804 2923 3876 lege
2955 3813 3125 3859 totam
3156 3806 3595 3873 enarrationem,
3641 3824 3707 3865 ac

2106 3903 2355 3957 invenies
2385 3901 2663 3972 quomodo
2692 3914 2893 3970 corpus
2928 3899 3050 3970 ejus
3074 3901 3148 3956 sit
3178 3900 3360 3971 panis.

2179 3994 2333 4049 νοτε.
2380 3993 2470 4048 51.
2511 3992 2689 4057 Quam
2730 4021 2802 4032 —
2843 3992 2979 4047 vita.
3017 3991 3168 4047 Dabo
3207 3993 3263 4047 in
3304 4002 3563 4049 mortem.
3607 3993 3707 4049 llic

2109 4086 2259 4142 enim
2280 4086 2694 4142 crneitixionem
2717 4100 2875 4139 suam
2902 4084 3219 4155 prcsignat.
3244 4084 3447 4140 Dicens
3478 4097 3661 4140 autem
3691 4103 3709 4141 :

2112 4178 2288 4246 Quam
2315 4195 2409 4249 ego
2431 4177 2592 4245 dabo,
2625 4178 2933 4234 ultroneam
2985 4176 3157 4233 fuisse
3201 4177 3473 4249 signiﬁcat
3518 4178 3714 4250 hujus-

2112 4271 2257 4326 ωοΛί
2292 4270 2627 4342 passionem.

2186 4365 2340 4423 ἵει-ε.
2375 4364 2465 4423 ὸῖ.
2503 4365 2857 4421 [κτενιαὸαηι
2901 4394 2973 4407 -ρ
3002 4366 3071 4420 ad
3106 4366 3485 4421 comedendum
3513 4367 3539 4421 7
3568 4366 3714 4420 Tur-

2112 4461 2407 4524 babantur,
2431 4475 2541 4515 non
2574 4468 2828 4530 potentes
2854 4458 3098 4512 sermoni
3131 4458 3383 4518 credere,
3417 4459 3563 4526 quod
3610 4458 3716 4512 hoc

414 4552 606 4606 Πάντα
665 4552 776 4622 γὰρ
827 4551 971 4604 κατὰ
1025 4550 1190 4619 φύσιν
1243 4548 1790 4617 ἑξετάζοντες,οὑδὶν
1845 4548 2012 4623 ὕπερ-
2042 4554 2163 4621 Din

1963 4569 2012 4623 p-
2042 4564 2086 4621 ι)
2115 4552 2473 4624 impossibile-
2497 4552 2799 4606 videretur.
2838 4551 2976 4605 Nam
3014 4565 3142 4606 cum
3180 4551 3368 4605 omnia
3408 4551 3712 4606 secundum

413 4645 548 4714 φυδς
564 4644 929 4716 παρεδέχοντο
960 4640 1095 4713 (68).

485 4830 678 4888 Εἶπεν
699 4862 767 4871 -
791 4831 1051 4897 ἑαυτοῖς.
1112 4831 1341 4885 Ἐκεῖνοι
1388 4831 1491 4901 μὶν
1544 4831 1809 4887 άδᾶνστον
1843 4833 2014 4887 ,τοῦτο

415 4926 803 4995 ὑπελάμϐανον
829 4942 843 4955 ·
904 4926 1066 4990 αὐτὸς
1111 4925 1171 4979 δὲ
1214 4927 1491 4981 δείκνυσιν
1545 4928 1678 4981 αὐτὸ
1736 4930 1832 4981 καὶ
1882 4929 2015 4999 σφό-

412 5021 517 5091 δρα
544 5020 771 5074 δυνατόν
805 5019 919 5091 (69)
937 5036 952 5049 ο
980 5022 1074 5072 καὶ
1094 5020 1155 5072 οὐ
1186 5019 1346 5073 τοῦτο
1370 5020 1534 5089 μόνον
1553 5020 1691 5073 ἀλλὰ
1712 5022 1807 5075 καὶ
1836 5023 2010 5089 ἀναγ-

415 5115 592 5179 καῖον,
618 5114 757 5182 ὅπερ
786 5114 884 5167 καὶ
912 5115 1006 5167 επὶ
1038 5113 1133 5167 τοῦ
1157 5114 1472 5185 Νικοδήμου
1506 5117 1800 5187 πεποίηκε.
1835 5118 2011 5186 Προσο-

523 5296 792 5357 ".Ilatth.
820 5316 968 5366 xm,
1002 5300 1097 5355 26.
1208 5301 1255 5334 ⁸·
1284 5300 1417 5356 ibid.
1445 5298 1537 5356 28.

2114 4657 2368 4707 naturam
2375 4645 2754 4715 inquirerent,
2775 4643 2913 4699 nihil
2936 4645 3085 4713 quod
3108 4660 3280 4715 supra
3300 4654 3551 4699 naturam
3573 4656 3713 4710 erat.

2114 4740 2506 4797 admittebant.
2779 4740 2783 4745 ”

2190 4836 2350 4891 Vers.
2374 4835 2465 4890 55.
2497 4832 2645 4887 Dixit
2675 4861 2749 4873 —
2776 4832 2943 4886 vobis.
2986 4831 3067 4885 Illi
3109 4831 3335 4902 quidem
3368 4832 3715 4905 hoc‘impos-

2116 4926 2276 4983 sibile
2296 4917 2640 4997 judicabant,
2670 4925 2789 4996 ipse
2821 4939 2953 4981 vero
2978 4927 3209 4980 omnino
3239 4927 3505 4996 possibile
3532 4938 3718 4983 osten-

2118 5021 2233 5087 dit;
2264 5020 2513 5091 neqneid
2541 5028 2777 5083 tantum,
2804 5019 2901 5074 sed
2918 5019 3487 5084 etiamfneeessarium
3516 5036 3531 5075 :
3566 5022 3715 5091 quod

2120 5114 2470 5171 etiachcit
2516 5116 2586 5170 ad
2642 5114 3223 5171 Nieodemum.-Addit
3252 5123 3485 5171 autem:
3534 5114 3600 5169 Et
3654 5118 3719 5171 de

1638 5460 1841 5525 Vario
1892 5459 2208 5525 lectiones
2251 5468 2313 5523 et
2354 5470 2525 5524 noue

491 5657 604 5727 (63)
676 5656 872 5712 Πολλοὶ
901 5658 1001 5729 μὶν
1025 5657 1222 5713 Ελαδον
1253 5658 1321 5716 Δ.

489 5729 606 5801 (65)
638 5730 801 5785 Forte
854 5732 1245 5802 χρησαμένων,
1276 5737 1335 5785 ut
1370 5737 1564 5798 antea,
1627 5736 1683 5786 et
1737 5746 1862 5787 mox
1896 5729 1986 5785 δια

420 5800 782 5872 φθειράντωνο

494 5874 605 5947 (66)
641 5875 861 5934 Etenim
891 5875 1300 5949 εὐχαριστήσας
1326 5874 1423 5935 illo
1440 5876 1494 5933 in
1526 5876 1671 5947 loco,
1712 5892 1825 5936 non
1858 5878 2013 5935 εὐλος

2117 5661 2315 5734 γήσας,
2347 5662 2554 5717 habent
2575 5662 2738 5717 codd.
2778 5661 3037 5734 Eutnym.
3068 5670 3124 5718 et
3143 5664 3237 5720 alii
3265 5666 3547 5733 permulti.

2189 5732 2302 5877 267)
2364 5735 2473 5788 Καί
2508 5735 2663 5789 abest
2693 5737 2765 5789 Α.

2354 5805 2684 5877 ’Υπερφυῶς
2717 5821 2765 5857 πη

2217 5804 2309 5877 68)
2354 5805 2684 5877 ’Υπερφυῶς
2717 5806 3123 5877 παραδέχονται
3157 5809 3225 5862 Α.

2199 5876 2314 5951 (69)
2339 5876 2554 5951 Σφόδρα
2584 5876 2847 5936 ἀδύνατον
2880 5877 2941 5932 Β.
