4430 6460
728 422 754 476 1
767 412 875 476 259

810 526 969 580 Vers.
1010 522 1098 577 66.
1140 520 1219 573 Ex
1251 548 1317 559 —
1340 510 1714 567 ambulabant.
1746 536 1815 545 —
1846 504 1925 557 Ex
1971 506 2087 565 hoc,
2120 503 2172 554 id
2216 509 2321 561 est,
2356 508 2397 561 Α

737 619 805 672 ab
853 631 919 670 eo
960 625 1225 682 tempore,
1269 608 1514 659 abierunt
1564 610 1876 660 retrorsum,
1925 595 2029 647 hoc
2053 603 2159 657 est,
2215 590 2323 642 Ab-

739 709 895 764 scissi
923 714 1051 761 sunt
1085 703 1153 756 ab
1181 714 1269 763 eo,
1297 696 1391 766 qui
1421 693 1670 747 videlicet
1696 695 1856 741 antea
1885 683 2319 738 murmurabant.

742 801 1061 855 Retrorsum
1094 800 1277 847 autem
1308 785 1547 856 intelligo
1577 779 1731 842 mihi,
1764 778 1835 832 ad
1864 777 2029 830 vitam
2058 775 2322 845 priorem,

740 894 809 947 ad
840 903 1000 958 quam
1036 881 1239 938 reversi
1269 888 1421 934 sunt.

812 956 970 1034 vers.
995 976 1084 1029 67.
1115 975 1201 1026 Ait
1231 1000 1302 1011 —-
1332 966 1523 1021 abire!
1551 960 1671 1015 Non
1701 958 1837 1014 dixit
1873 975 1886 1011 :
1921 956 2080 1011 Abite
2106 962 2163 1009 et
2192 968 2325 1018 vos;

747 1088 869 1128 nam
918 1071 969 1123 id
1020 1064 1337 1135 repellentis
1373 1066 1540 1118 esset,
1574 1053 1669 1108 sed
1706 1051 1904 1107 blande
1948 1046 2327 1116 interrogavit,

745 1163 1043 1219 ostendens
1094 1158 1196 1211 sibi
1232 1168 1368 1223 opus
1405 1165 1516 1203 non
1560 1161 1681 1201 esse
1728 1140 2037 1198 ministerio
2088 1139 2329 1201 illorum,

744 1270 926 1325 neque
979 1267 1037 1305 sc
1106 1245 1521 1302 circumducere
1575 1238 1695 1291 illos
1758 1230 2328 1293 adositentationeui,

747 1322 1005 1418 quodque
1035 1339 1246 1395 nullum
1283 1334 1414 1387 velit
1455 1330 1686 1384 invitum
1720 1326 1980 1380 retinere.
2015 1322 2122 1375 Sed
2156 1332 2332 1388 neque

742 1414 886 1511 aegre
911 1414 1035 1491 tulit
1053 1442 1147 1488 aut
1168 1426 1445 1499 redarguit
1462 1424 1601 1487 illos,
1628 1421 1720 1490 qui
1739 1426 2040 1473 retrorsum
2059 1414 2331 1475 abierant,

742 1506 909 1589 veluti
936 1530 1114 1585 facere
1150 1524 1416 1583 solemus,
1448 1518 1713 1572 ducentes
1744 1508 2061 1580 huiusmodi
2098 1506 2329 1570 factum,

737 1631 1121 1691 contemptum
1142 1624 1236 1669 aut
1262 1611 1518 1681 injuriam
1549 1604 1707 1675 :quia
1731 1600 1914 1656 omnia
1937 1596 2122 1670 gloriae
2150 1607 2336 1649 amore

742 1721 1097 1861 “uti...
1447 1820 1517 1830 —
1870 1781 2070 1837 νειτυε

1978 386 2365 450 ΕΗΤΗῩΜΠ
2405 377 2769 443 ZlGABENI

3885 368 4023 433 19.59

2514 498 2609 548 Ἐκ
2638 524 2709 534 —-
2738 492 3161 560 περιεπάτουν.
3196 514 3264 527 -
3306 487 3402 541 Ἐκ
3439 489 3692 551 τούτου,
3751 489 3873 540 ἀντὶ
3924 489 4022 540 τοῦ

2432 590 2618 641 ἐκτοτε
2640 602 2654 614 ·
2713 585 2994 651 ἀπῆλθον
3014 584 3070 636 δέ
3097 583 3186 645 είς
3218 582 3288 635 τὰ
3317 581 3534 645 ὀπίσω,
3578 580 3757 632 είτουν
3794 581 4026 648 ἀπεσχί-

2434 680 2640 749 σθησαν
2681 678 2731 729 οἱ
2778 676 3041 745 ἀνωτέρω
3093 673 3488 741 γογγὺσαντες.
3545 671 3759 724 Ὀπίσω
3800 670 3858 722 δέ
3910 674 4023 723 νόει

2436 788 2528 843 μοι
2582 772 2675 822 καὶ
2722 770 2815 822 τὸν
2889 767 3157 837 πρότερον
3208 762 3325 833 βίον
3373 761 3595 827 αὐτῶν,
3635 762 3718 825 είς
3761 760 3822 813 δν
3857 760 4025 814 πάλιν

2435 861 2805 929 ὑπέστρεψαν.

2506 950 2693 1007 Εἶπεν
2734 982 2803 992 -
2842 950 3134 1021 ὐπὰγσιν·;
3183 949 3300 1002 Οὐκ
3352 943 3509 1001 εἶπεν
3531 963 3547 978 ο
3583 946 3878 999 ’Δπέλθετε
3929 947 4024 1000 καὶ

2437 1048 2596 1116 ὑμεῖς
2622 1062 2637 1077 ο
2688 1044 2849 1098 τοῦτο
2885 1044 2996 1113 γὰρ
3050 1041 3451 1109 ἀπωθουμένου
3496 1034 3597 1108 ἦν·
3642 1039 3759 1091 ἀλλ’
3806 1038 4027 1109 ὁμαλῶς

2436 1136 2714 1205 ἠρώτησε,
2746 1133 2957 1194 δεικνὺς
2986 1134 3069 1185 δτι
3087 1132 3146 1183 οὺ
3174 1131 3345 1183 δεῖται
3376 1130 3475 1197 τῆς
3506 1128 3788 1189 διακονίας
3817 1126 4022 1190 αὐτῶν,

2437 1227 2560 1279 οὐδὲ
2588 1227 2842 1297 περιάγει
2860 1225 3108 1286 τούτους,
3131 1220 3611 1288 ἐπιδεικνύμενος,
3644 1221 3740 1270 καὶ
3759 1219 3845 1269 δτι
3871 1217 4024 1268 οὐδέ-

2439 1335 2506 1371 να
2568 1320 2643 1387 μὴ
2680 1318 3005 1387 βουλόμενον
3045 1314 3298 1385 βούλεται
3330 1312 3606 1381 κατέχειν.
3638 1309 3779 1363 Οὖτε
3805 1309 3863 1363 δέ
3893 1312 4030 1362 ἐδει-

2440 1411 2773 1481 νοπάθησεν,
2797 1409 2934 1481 οὔτεΔ
2952 1406 3306 1476 κατηγόρησε
3332 1408 3442 1458 τῶν
3472 1402 3820 1456 ἀπελθόντων
3849 1402 3929 1461 el;
3959 1402 4028 1452 τά

2441 1476 2649 1572 ὀπίσω,
2686 1504 2825 1574 ὅπερ
2869 1476 3045 1556 ποιεῖν
3080 1499 3353 1569 εἰώθαμεν
3398 1498 3582 1566 ἡμεῖς,
3620 1494 4030 1564 καταφρόνησιν

2442 1597 2539 1650 καὶ
2569 1596 2731 1667 ὓϐριν
2755 1595 2817 1649 τὸ
2858 1595 3096 1662 πρᾶγμα
3128 1592 3441 1660 κρίνοντες·
3474 1588 3611 1641 διότι
3650 1586 3793 1656 μετά
3820 1584 4031 1653 φιλοδο-

2446 1688 2564 1752 ξίας
2597 1687 2812 1741 ἃπαντα
2838 1686 3175 1756 πράττομεν.

2519 1778 2836 1845 ’Δπεκρίθη
2867 1806 2935 1818 -
2959 1773 3424 1841 ἀπελευσόμεθα
3448 1786 3469 1835 ;
3501 1765 3562 1823 '0
3584 1766 3794 1836 Πέτρος
3817 1766 3845 1817 0
3874 1761 4005 1831 φιλά

744 1911 979 1959 amator.
1008 1909 1109 1965 pro
1137 1855 1399 1945 fratribus
1436 1882 1691 1938 omnibus
1711 1874 2007 1945 respondet
2039 1888 2054 1924 :
2088 1870 2332 1931 Domine,
2368 1860 2412 1918 Β

2323 1908 2332 1930 ,
2368 1860 2412 1918 Β
2440 1869 2631 1937 δελφος
2652 1855 3148 1939 ὑπεραπολογεῐται
3167 1866 3388 1919 πάντων
3406 1862 3515 1914 τῶν
3531 1857 3782 1924 ἀδελφῶν
3800 1876 3812 1888 ·
3834 1857 4031 1923 Κύριε,

746 1995 819 2048 ad
841 2006 993 2060 quem
1012 1980 1310 2039 abibimus?
1340 1976 1725 2030 vehementem
1749 1982 1877 2037 erga
1904 1965 2062 2020 illum
2088 1974 2337 2016 amorem

745 2053 1157 2139 demonstrans,
1213 2069 1360 2141 quod
1432 2064 1690 2122 videlicet
1739 2058 2018 2114 neminem
2077 2053 2340 2111 habeant.

747 2370 962 2412 omnes.
1000 2347 1209 2404 Deinde
1238 2358 1306 2397 ne
1340 2342 1443 2395 hoc
1474 2336 1679 2391 dixisse
1724 2332 2000 2392 videatur,
2032 2324 2187 2396 quasi
2230 2337 2342 2378 non

747 2450 836 2513 sit,
868 2445 959 2516 qui
1002 2457 1098 2495 eos
1134 2434 1421 2503 suscipiat,
1452 2428 1773 2497 subjunxit:

818 2508 977 2593 'V'e'rs.
1009 2531 1098 2587 68.
1142 2528 1311 2581 Verba
1364 2552 1429 2564 ——
1483 2520 1666 2573 habes.
1720 2514 1935 2577 Verba,
1994 2524 2118 2580 qua
2170 2508 2337 2561 vitam

751 2629 1052 2688 concilient
1088 2632 1378 2677 cternam.
1435 2612 1616 2673 Vides,
1652 2606 1795 2677 quod
1833 2603 1997 2663 verba
2029 2615 2141 2653 non
2181 2607 2343 2652 erant

747 2738 867 2794 quae
888 2718 1238 2791 praebuerant
1258 2704 1672 2763 oﬂendiculum,
1700 2698 1798 2751 sed
1824 2694 2136 2749 auditorum
2165 2689 2347 2759 segni-

752 2782 903 2878 t-ies,‘
947 2820 1001 2864 et
1043 2806 1171 2875 quia
1202 2800 1492 2857 carnaliter
1532 2809 1597 2847 ea
1634 2788 2035 2857 intelligebant,
2074 2798 2183 2837 non
2230 2782 2344 2851 spi—

752 2905 1043 2962 ritualiter.
1064 2874 1423 2963 Consequens
1444 2887 1649 2942 etenim
1671 2897 1731 2936 ac
1754 2876 2126 2934 necessarium
2146 2874 2344 2937 fuerat,

754 3010 815 3055 ut
871 2998 962 3052 illa
1010 2971 1329 3049 dicerentur
1383 2988 1608 3051 propter
1662 2973 1975 3028 Judaeorum
2026 2970 2092 3022 de
2147 2978 2347 3020 manna

750 3102 1088 3149 sermonem.
1116 3078 1374 3151 Oportuit
1416 3082 1599 3127 autem
1630 3065 1914 3121 auditores
1944 3070 2042 3115 aut
2086 3060 2347 3130 spiritua-

746 3188 877 3240 liter
903 3196 967 3235 ea
1000 3174 1332 3243 intelligere,
1369 3172 1485 3229 aut,
1514 3163 1559 3217 si
1592 3161 1647 3215 id
1677 3157 1917 3213 necdum
1950 3161 2228 3225 poterant.
2262 3151 2348 3204 his

2444 1962 2593 2030 πρὸς
2612 1961 2749 2014 τινα
2776 1959 3238 2027 ἀπελευσόμεθα
3262 1972 3279 2020 ;
3307 1956 3380 2008 Τὸ
3398 1953 3534 2023 πρὸς
3556 1952 3724 2005 αὑτὸν
3749 1948 4033 2017 φιλόστορ-

2444 2073 2540 2125 γον
2566 2054 2853 2125 ἐμφαίνων
2880 2054 2962 2106 ὅτι
2990 2053 3090 2104 οὐκ
3125 2051 3307 2119 ἔχουσι
3338 2050 3531 2120 ἓτερον
3566 2044 3899 2116 τιμιώτερον
3934 2042 4032 2094 αὖ·

2323 2182 2337 2205 ν
2443 2146 2562 2210 τοῦ,
2610 2144 2673 2199 οὐ
2706 2146 2906 2214 γονεῖς,
2935 2144 2995 2197 οὐ
3022 2144 3331 2210 συγγενεῖς,
3358 2141 3417 2193 οὐ
3464 2138 3676 2207 φίλους,
3702 2136 3802 2204 οὐχ
3848 2132 4036 2194 ἀπλῶς

2446 2256 2579 2293 τινα·
2598 2238 2708 2292 τῶν
2742 2237 3026 2291 ἀπάντων.
3060 2230 3197 2288 Εἶτα
3232 2232 3319 2286 ῐνα
3356 2232 3431 2303 μὴ
3461 2232 3595 2301 δοκῇ
3636 2228 3798 2281 τοῦτο
3823 2227 4035 2289 εἰπεῖν,

2446 2332 2519 2395 ὡς
2564 2332 2664 2385 οὐκ
2697 2330 2850 2393 ὄντος
2890 2328 2985 2382 τοῦ
3038 2324 3436 2396 ὑποδεξομένου
3482 2322 3703 2388 αὐτοὺς,
3758 2319 4030 2389 ἐπήγαγε·

2530 2499 2789 2569 Ῥήματα
2834 2526 2906 2538 -—-
2946 2496 3131 2564 ἔχεις.
3182 2493 3434 2561 Ῥήματα
3466 2487 3618 2558 ζωὴν
3648 2484 3869 2539 αἰώνιον
3891 2499 4029 2553 προ-

2450 2592 2729 2659 ξενοῦντα.
2776 2591 2941 2662 Ὀρᾷς
2976 2590 3057 2641 ὅτι
3088 2587 3149 2639 οὗ
3180 2586 3249 2639 τά
3285 2586 3510 2655 ῥήματα
3545 2578 3612 2651 ἦν
3651 2580 3718 2633 τά
3757 2576 4044 2630 σκανδαλί-

2449 2686 2635 2749 ζοντα,
2673 2682 2826 2752 ἀλλ’ἢ
2858 2679 3161 2751 ἀπροσεξία
3190 2679 3299 2731 τῶν
3333 2676 3664 2740 ἀκουόντων,
3696 2672 3793 2723 καὶ
3822 2670 3882 2721 τὸ
3910 2685 4047 2734 σαρ-

2449 2779 2622 2841 κικῶς
2652 2779 2794 2830 νοεῖν
2833 2776 2996 2835 αὐτὰ,
3030 2775 3127 2826 καὶ
3176 2771 3251 2841 μὴ
3288 2768 3673 2836 πευματικῶς.
3719 2762 4043 2816 Ἀκόλουθον

2452 2871 2553 2939 μὲν
2599 2869 2709 2938 γὰρ
2755 2868 2850 2921 καὶ
2882 2866 3183 2932 ἀναγκαῖον
3224 2858 3297 2932 ἢν
3321 2862 3507 2912 ἐκεῖνα
3553 2855 3788 2927 ῥηθῆναι
3832 2852 3919 2905 διὰ
3954 2852 4045 2903 τὸν

2449 2964 2581 3034 περὶ
2605 2960 2700 3014 τοῦ
2730 2959 2909 3028 μάννα
2937 2958 3095 3025 λόγον
3134 2952 3241 3007 τῶν
3298 2949 3571 3005 Ἰουδαίων
3598 2964 3613 2979 ·
3658 2946 3764 2999 ἔδει
3820 2944 3875 2996 δέ
3917 2941 4043 3004 τοὺς

2450 3054 2751 3113 ἀκούοντας
2783 3047 3232 3121 ἢπνευματικῶς
3256 3044 3478 3097 ἀκούειν
3515 3040 3675 3104 αὐτὰ,
3717 3037 3748 3108 ἢ
3784 3036 3857 3105 μὴ
3890 3034 4047 3087 τοῦτο

2450 3146 2813 3216 δυναμένους,
2836 3140 3089 3212 δέχεσθαι
3121 3138 3219 3208 μέν
3251 3136 3449 3201 ταῦτα,
3473 3133 3701 3203 ὕστερον
3729 3130 3786 3183 δὲ
3814 3128 4045 3198 φιλομα-

621 3296 639 3313 -
746 3215 1735 3349 postmodum
1787 3252 1856 3305 de
1913 3215 1999 3304 his
2057 3215 2419 3315 diligenterc

2327 3260 2350 3297 r
2370 3215 2419 3278 ε
2456 3238 2562 3301 θῶς
2588 3237 2863 3311 ἐρωτῆσαι
2892 3234 3025 3301 περὶ
3050 3229 3276 3283 τούτων.

752 3378 1108 3437 interrogare.

823 3427 989 3518 νς»νεῖ
1014 3455 1102 3511 69.
1136 3450 1202 3505 Et
1230 3478 1299 3490 -
1327 3445 1452 3501 vivi.
1484 3438 1789 3495 Tricesimo
1813 3434 1980 3490 tertio
2020 3432 2176 3502 juxta
2205 3427 2346 3483 lat-

753 3560 955 3616 thauin
987 3548 1164 3619 capite
1197 3541 1332 3597 dixit
1360 3539 1506 3594 idem
1540 3551 1555 3588 :
1594 3531 1673 3586 Tu
1701 3547 1755 3585 es
1777 3527 2017 3585 Christus
2039 3524 2209 3578 Filius
2255 3520 2354 3575 Dei

756 3648 867 3706 nisi
900 3644 968 3697 ”.
1006 3616 1117 3695 Se‘l
1168 3646 1301 3690 tunc
1350 3628 1571 3700 quidem
1626 3622 1882 3677 Christus
1934 3618 2084 3671 illum
2134 3616 2351 3669 beatum

754 3731 1075 3811 praedicavit
1098 3736 1323 3800 propter
1346 3730 1570 3776 causam
1606 3712 1684 3767 ibi
1710 3711 1915 3767 dictam
1952 3724 1967 3760 :
2002 3721 2153 3760 nunc
2199 3720 2351 3766 vero,

754 3802 885 3907 quia
918 3821 1292 3886 communiter
1325 3812 1462 3870 dixit
1498 3828 1513 3865 :
1549 3807 1661 3863 Nos
1697 3802 2033 3860 credidimus
2062 3810 2115 3853 et
2150 3813 2354 3868 cogno-

756 3888 960 3986 vimus,
1012 3920 1233 3988 separat
1284 3907 1354 3963 ab
1401 3903 1510 3960 illis
1561 3896 1885 3960 lscarioten,
1924 3903 2192 3961 tanquam
2242 3888 2354 3959 jam

758 4020 1143 4076 ﬂuctuantem.

828 4112 982 4167 Vers.
1026 4104 1114 4160 70.
1147 4094 1432 4167 Respondit
1490 4117 1564 4131 -—
1616 4084 1797 4157 elegi!
1826 4079 1942 4136 Hoc
1970 4077 2355 4148 interrogative

761 4202 1061 4278 legendum
1093 4203 1202 4251 est.

829 4319 991 4374 Yers.
1048 4312 1140 4368 70.
1194 4305 1259 4361 Et
1308 4333 1377 4345 ——
1412 4298 1575 4354 Vers.
1603 4296 1692 4350 'll.
1742 4290 2036 4347 duodecim.
2072 4316 2140 4327 ——
2166 4284 2357 4340 Nonne

756 4432 852 4491 ego
878 4430 990 4475 vos,
1020 4404 1219 4476 inquit,
1248 4394 1527 4455 duodecim
1556 4390 1688 4460 elegi
1714 4388 1739 4441 .’
1781 4395 1833 4441 et
1888 4395 2070 4439 tamen
2124 4398 2260 4435 unus
2292 4393 2359 4434 ea:

755 4472 901 4564 nobis
934 4472 989 4557 in
1046 4472 1199 4553 nullo
1229 4506 1351 4546 mea
1386 4487 1611 4555 adjutus
1640 4478 1932 4542 electione,
1974 4482 2164 4544 utpote
2216 4472 2356 4527 libe-

756 4616 880 4657 rum
923 4597 1135 4651 habens
1162 4584 1449 4642 arbitrium
1493 4576 1559 4631 ad
1600 4576 1859 4628 virtutem
1886 4577 1942 4623 et
1976 4568 2189 4630 vitium,
2240 4566 2359 4617 Δία-
2392 4584 2435 4639 D

764 4694 919 4747 bolus
1013 4692 1110 4748 est,
1168 4681 1283 4734 sive
1349 4671 1676 4731 diabolicus,
1734 4672 1790 4719 et
1843 4661 2046 4717 diaboli
2089 4658 2359 4713 minister.

760 4781 1045 4854 Signiﬁcat
1081 4777 1264 4843 itaque
1298 4770 1353 4822 in
1401 4763 1681 4819 voluntate
1710 4772 1773 4812 ac
1803 4754 2074 4811 electione
2120 4750 2362 4805 hominis

756 5155 1054 5223 eligeretur
1078 5144 1279 5197 bonam
1301 5129 1558 5189 habuerit
1574 5126 1932 5183 voluntatem,
1953 5128 2140 5190 postea
2180 5124 2362 5169 autem

760 5212 1217 5303 sitvimmutatus,
1250 5240 1521 5298 tanquam
1550 5222 1724 5276 libero
1749 5229 1883 5272 usus
1907 5212 2152 5268 arbitrio.

830 5338 971 5408 Cap.
1006 5329 1118 5388 VII.
1177 5328 1334 5383 Ven.
1376 5317 1531 5375 l.Et
1579 5345 1651 5356 —
1708 5303 2167 5379 interﬁcere.Non
2217 5302 2362 5357 enim

760 5441 995 5505 poterat,
1026 5426 1079 5481 id
1118 5433 1219 5486 est,
1252 5433 1365 5474 non
1390 5421 1511 5470 erat
1562 5420 1817 5470 securus,
1851 5412 1912 5457 ut
1962 5408 2277 5454 versaretur
2310 5409 2363 5447 in

758 5489 947 5585 indm
986 5489 1035 5574 ﬁ:
1117 5527 1377 5587 tanquam
1435 5506 1506 5561 de
1549 5499 1774 5557 homine
1844 5494 1991 5551 enim
2068 5492 2172 5545 hoc
2223 5489 2361 5543 dixit

865 5669 911 5700 ³⁸
942 5662 1139 5719 Matth.
1170 5674 1282 5720 xvi,
1309 5652 1395 5706 ιδ.

835 5867 950 5933 (78)
990 5864 1080 5923 Εἰς
1133 5855 1339 5929 ἀρετήν

831 5923 945 6002 (ῖυὶ
992 5934 1079 5998 Δέ,
1118 5923 1419 5993 interponit
1452 5923 1517 5974 Α.

2535 3422 2644 3478 Kal
2684 3449 2756 3461 —
2788 3416 3029 3481 ζῶντος.
3070 3413 3181 3467 Καὶ
3216 3414 3275 3466 ἐν
3304 3410 3381 3482 τῷ
3412 3406 3721 3483 τριακοστῷ
3752 3404 3921 3477 τρίτῳ
3953 3419 4051 3455 κε-

2458 3518 2677 3588 φαλαίῳ
2723 3511 2820 3566 τοῦ
2865 3510 3010 3564 κατά
3064 3506 3345 3561 Ματθαῖον
3385 3502 3444 3554 τδ
3475 3502 3609 3553 αὐτὸ
3657 3495 3814 3552 εἷπε·
3865 3497 3946 3567 Σὺ
3996 3492 4058 3551 sI

2457 3614 2489 3665 ό
2528 3606 2805 3679 Χριστὸς,
2834 3604 2864 3655 0
2884 3601 3028 3663 ’Υἱὸς
3062 3598 3154 3653 τοῦ
3186 3594 3323 3649 Θεοῦ
3359 3594 3452 3647 τοῦ
3482 3593 3684 3656 ζῶντος
3707 3609 3721 3623 ·
3760 3592 3897 3643 ἀλλά
3928 3592 4051 3641 τότε

2460 3704 2561 3775 μὲν
2589 3700 2926 3773 ἐμακάρισεν
2952 3694 3115 3749 αὑτὸν
3144 3694 3171 3745 0
3200 3691 3434 3761 Χριστός
3467 3689 3556 3742 διά
3590 3688 3689 3758 τὴν
3721 3688 3838 3739 ἐκεί
3872 3685 4055 3757 ῥηθεί-

2461 3816 2560 3852 σαν
2622 3794 2842 3850 αἰτίαν·
2912 3789 3008 3844 νῦν
3070 3787 3165 3851 δέ,
3225 3782 3413 3853 ἐπειδὴ
3488 3781 3687 3842 κοινῶς
3755 3776 3909 3831 εἶπεν
3969 3776 4052 3830 ὅτι

2458 3889 2917 3958 Πεπιστεύκαμεν
2944 3884 3039 3939 καὶ
3066 3881 3418 3951 ἐγνώκαμεν,
3442 3873 3746 3931 διαστέλλει
3768 3875 3859 3927 τὸν
3881 3872 4052 3925 Ἰσκα·

2463 3988 2665 4061 ριώτην
2695 3984 2791 4037 ἀπ’
2819 3980 3001 4036 αὐτῶν
3030 3978 3131 4049 ἢδη
3163 3974 3548 4043 σαλευόμενον.

2541 4076 2850 4148 Ἀπεκρίθη
2878 4104 2950 4115 -
2977 4069 3359 4138 ἐξελεξάμην
3375 4082 3395 4132 ;
3423 4064 3596 4119 Τοῦτο
3630 4062 3753 4117 κατ’
3780 4059 4055 4131 ἐρώτησιν

2458 4172 2861 4245 ἀναγνωστέον.

2530 4269 2640 4324 Kal
2670 4296 2743 4311 —-
2766 4263 3016 4318 δώδεκα.
3038 4289 3113 4302 —-
3145 4261 3269 4313 Οὐκ
3310 4256 3445 4327 ἐγὼ,
3478 4254 3667 4326 φησὶν,
3719 4251 3876 4322 ὑμᾶς
3912 4250 4053 4315 τοὺς

2459 4356 3124 4431 δώδεκαιὲξελεξάμηκ
3145 4354 3245 4408 καί
3274 4353 3423 4423 ὅμως
3457 4350 3526 4414 ἐξ
3558 4346 3730 4417 ὑμῶν
3751 4342 3863 4413 οἷς,
3899 4346 4053 4399 οὐδὲν

2460 4458 2561 4529 τῆς
2592 4456 2726 4528 παρ’
2756 4451 2892 4525 ἐμοῦ
2925 4450 3158 4520 ἐκλογῆς
3180 4447 3549 4517 ἀπονείμενος,
3587 4443 3663 4506 ὡς
3698 4440 4048 4505 αὺτεξοὺσιος

2466 4551 2579 4623 (78)
2615 4548 2751 4620 πρὸς
2782 4545 2983 4617 ἀρετὴν
3012 4543 3110 4597 καὶ
3142 4541 3365 4605 κακίαν,
3405 4537 3651 4601 διάϐολός
3681 4538 3854 4599 ἐστιν,
3886 4536 4054 4605 ἤγουν

2462 4642 2796 4706 διαδολικὸς,
2829 4637 2925 4691 τοῦ
2953 4634 3207 4690 διαϐόλου
3233 4630 3532 4700 ὑπουργός.
3568 4628 3741 4699 Δῆλον
3766 4625 3859 4679 οὖν
3888 4624 3970 4677 ὅτι
3997 4627 4057 4675 ἐν

2460 4739 2525 4809 τῇ
2580 4732 2905 4803 προαιρέσει
2946 4726 3042 4781 τοῦ
3102 4723 3394 4795 ἀνθρώπου
3444 4721 3623 4773 κεῖται
3673 4718 3735 4770 τὸ
3785 4714 4058 4779 σώζεσθαι

2462 4830 2496 4903 ἢ
2528 4825 2889 4883 ἀπόλλυσθαι.

2534 4918 2691 4982 Τινές
2740 4917 2797 4971 δὲ
2850 4911 3098 4969 διάϐολον
3156 4909 3252 4964 νῦν
3308 4909 3403 4962 τὸν
3462 4902 3756 4959 ἐπίϐουλον
3804 4900 4059 4972 ἐνόησαν.

2465 5012 2633 5067 Οὐδὲν
2663 5010 2776 5082 (79)
2806 5006 2900 5063 οὖν
2928 5007 3115 5061 καινὸν
3149 5006 3207 5057 ἐν
3242 5000 3320 5073 τῷ
3352 4996 3677 5069 ἐκλέγεσθαι
3711 4996 3810 5066 μέν
3844 4991 4059 5061 ἀγαθὴν

2467 5106 2792 5179 προαίρεσιν
2826 5101 2971 5172 ἐχειν
3004 5099 3096 5153 τὸν
3144 5096 3353 5151 Ἰούδαν
3374 5134 3391 5161 ,
3427 5092 3657 5163 ὕστερον
3686 5090 3745 5143 δέ
3785 5086 4059 5159 μετασληο

2467 5202 2629 5272 θῆναι
2658 5196 2847 5251 τοῦτον
2874 5195 2950 5258 ὡς
2973 5192 3343 5257 αὐτεξούσιον.

2538 5297 2646 5355 Καὶ
2676 5321 2737 5333 -
2760 5287 3129 5345 ἀποκτεῖναι.
3171 5284 3248 5338 Οΰ
3277 5282 3388 5354 γὰρ
3439 5275 3589 5352 εἶχεν
3619 5276 3733 5347 (80)
3772 5272 4023 5341 ἐξουσίαν
4044 5312 4060 5336 ,

2466 5389 2635 5459 {now
2664 5385 2765 5437 οὐκ
2795 5376 2941 5450 εἶχεν
2966 5378 3154 5432 ἀδειαν
3173 5376 3231 5429 ἐν
3258 5376 3324 5445 τῇ
3343 5372 3574 5443 Ἰουδαίᾳ
3601 5368 3923 5440 περιπατεῖν
3944 5380 3957 5393 '
3985 5365 4064 5429 ὡς

2472 5484 2601 5556 περὶ
2626 5478 2919 5554 ἀνθρώπου
2950 5475 3059 5548 γάρ
3095 5472 3255 5527 τοῦτο
3286 5465 3443 5523 εἶπεν
3468 5470 3499 5523 0
3526 5464 3922 5535 εὐαγγελιστής
3943 5478 3959 5493 ο
3987 5461 4065 5525 ὼς

1993 5699 2187 5763 Variae
2222 5695 2523 5758 lectiones
2556 5700 2617 5753 et
2660 5697 2851 5751 noue.

2548 5822 3273 5896 (80)_lnterprctatur_grgo
3323 5814 3615 5871 lectionem
3664 5801 4069 5896 Chrysostomi,

2472 5882 2622 5968 ε’ίίεν
2644 5882 2916 5958 ἐξουσίαν,
2949 5906 3049 5960 pro
3104 5882 3290 5961 ἠθελε,
3310 5904 3475 5959 quam
3510 5896 3661 5941 recte
3698 5885 3801 5935 huc
3832 5882 3950 5933 loco
3981 5890 4070 5928 re-
