4430 6460
437 404 575 463 1261
1373 404 1760 465 COMMENT.
1808 405 1889 465 IN
1932 406 2315 467 JOANNEM.
2358 433 2423 444 --
2467 409 2627 470 CAP.
2672 409 2810 469 VII.
3572 412 3708 473 1262

432 517 540 584 γὰρ
557 514 840 585 ἄνθρωπος
876 515 1234 569 ὑπεστέλλετο
1256 515 1372 578 νῦν,
1404 516 1464 567 οὐ
1489 516 1708 585 φεύγων
1740 518 1830 568 τὸν
1856 516 2022 570 θάνα-
2056 524 2097 579 Α
2128 534 2181 571 ev

1959 535 2022 570 α-
2056 524 2097 579 Α
2128 519 2457 589 evangelista
2522 538 2535 571 :
2571 535 2694 572 nam
2729 518 2869 573 sicut
2899 520 3062 573 homo
3094 535 3239 574 nunc
3296 522 3570 587 formidat,
3603 540 3708 575 non

430 622 544 672 τον,
572 608 711 660 ἀλλὰ
730 607 1043 677 φειδόμενος
1058 608 1165 660 τῶν
1188 611 1414 677 φονέων,
1441 610 1535 661 καὶ
1560 609 1641 661 ὅτι
1665 608 1818 661 οὔπω
1839 613 2025 679 καιρὸς
2132 625 2179 662 m

1962 613 2025 671 ὡς
2132 620 2366 662 mortem
2411 608 2650 679 fugiens,
2690 610 2783 662 sed
2839 610 3127 663 liomicidis
3170 626 3426 679 parcens,
3479 623 3534 665 et
3590 615 3711 681 quin

432 693 501 767 ἦν
538 698 633 751 τοῦ
664 699 882 775 πάθους
914 697 1101 753 αὐτοῦ.
1144 700 1291 751 Ἔδει
1323 700 1430 767 γὰρ
1460 700 1621 751 αὑτὸν
1653 700 1782 752 ποτὲ
1814 700 1916 770 μὲν
1949 701 2027 763 ὡς
2132 710 2181 752 ιε

1964 701 2027 763 bc
2132 710 2348 768 tempus
2374 715 2488 754 sua
2520 702 2792 770 passionis
2820 702 3064 754 nondum
3090 703 3409 757 advenerat.
3436 703 3713 772 Siquidrni

430 788 566 843 Θεὸν
598 791 780 859 μένειν
811 792 1135 861 ἁχείρωτον,
1174 790 1309 843 ποτε
1361 790 1417 843 δὲ
1454 790 1529 853 ὡς
1564 791 1854 861 ἄνθρωπον
1885 792 2023 845 ύπο-
2126 807 2179 860 οι

1964 810 2023 845 ο-
2126 792 2415 860 oportebat
2438 808 2565 847 eum
2588 793 2861 847 interdum
2891 796 3112 863 quidem
3137 810 3359 849 manere
3378 796 3712 865 inexpugna-

431 882 629 951 χωρεῖν
661 883 1044 954 οἰκονομικῶς.
2130 880 2180 934 bi

2130 880 2318 946 bilem,
2355 890 2545 951 utpote
2576 880 2771 947 Deum,
2809 884 3146 953 quandoque
3181 900 3306 939 vero
3336 895 3594 954 tanquam
3619 886 3714 939 Ιιοο

2129 975 2338 1028 minem
2368 975 2770 1045 dispensatorie
2799 977 3013 1031 cedere.

514 1063 717 1123 *Ην-ρ-
741 1071 1150 1138 Σκηνοκηγία.
1181 1068 1332 1139 Αὕτη
1361 1069 1666 1138 ἑωρτάζετο
1690 1071 1770 1131 εἰς
1803 1072 2025 1141 μνήμην
2202 1064 2263 1120 Vt

1966 1089 2025 1141 ην
2202 1064 2355 1120 Vers.
2379 1066 2435 1119 οὶ.
2476 1065 2610 1120 Erat
2643 1100 2711 1109 —
2739 1065 3079 1137 Sceuopegia.
3109 1068 3234 1124 Haec
3264 1070 3715 1125 celebrabaturin

436 1160 538 1229 τῆς
600 1164 837 1232 ἡμέρας,
897 1160 1022 1213 καθ’
1080 1162 1147 1231 ἢν
1200 1162 1229 1214 6
1273 1161 1511 1230 Μωῦσῆς
1578 1161 1749 1233 ἔπηξε
1808 1163 2025 1233 πρῶτον
2128 1173 2181 1211 ω

1967 1183 2025 1219 ον
2128 1160 2453 1213 memoriam
2498 1159 2631 1223 diei,
2669 1175 2779 1227 quo
2814 1162 3053 1229 primum
3100 1160 3277 1215 Moses
3323 1164 3570 1216 divinum
3604 1164 3716 1216 fixit

437 1254 539 1320 τὴν
606 1253 1150 1307 κατασκευασθεῖσαν
1222 1254 1328 1307 ὑπὸ
1388 1253 1484 1307 τοῦ
1547 1254 1812 1325 Βεσελεηλ
1872 1255 2026 1310 θείαν
2129 1258 2183 1306 te

1700 1255 1812 1325 ιεηλ
1872 1255 2026 1310 θείαν
2129 1252 2449 1317 tentorium,
2482 1256 2629 1321 quod
2654 1267 2685 1306 a
2718 1252 2959 1307 Beseleel
2992 1252 3319 1307 fabricatum
3346 1265 3449 1307 est.

438 1346 667 1414 σκηνήν.

515 1434 712 1489 Εἶπον
738 1468 806 1479 —-
838 1436 1050 1491 αὐτοῦ.
1086 1438 1149 1490 Οί
1180 1436 1279 1490 τοῦ
1322 1437 1523 1505 Ἰωσὴφ
1570 1438 1673 1491 υῖοὶ
1694 1477 1709 1503 ,
1750 1438 1845 1491 τοῦ
1877 1437 2026 1492 θέσει
2204 1432 2264 1489 νε

1973 1456 2026 1492 ει
2204 1432 2355 1489 Vers.
2408 1436 2462 1489 3.
2516 1433 2781 1489 Dixerunt
2842 1463 2913 1475 -—
2972 1435 3109 1502 ejus.
3166 1434 3288 1488 Filii
3339 1435 3569 1506 Josepli,
3631 1441 3722 1508 qui

434 1529 640 1597 πατρὸς
672 1528 861 1581 αὑτοῦ.
2129 1540 2183 1579 ac

2129 1526 2423 1594 adaptione
2446 1537 2599 1595 pater
2624 1528 2742 1596 ejus
2768 1537 2903 1581 erat.

504 1619 803 1684 Μετάϐηθι
865 1649 934 1660 -
990 1620 1207 1685 ποιεῖς.
1271 1619 1707 1687 Προσποιοῦνται
1770 1622 1869 1690 μὲν
1935 1621 2024 1683 ιη’
2205 1622 2247 1676 V

1978 1621 2024 1673 η’
2205 1622 2361 1676 Vers.
2387 1623 2442 1676 5.
2480 1622 2670 1676 Transi
2692 1652 2758 1661 —
2787 1625 2936 1692 facis.
2988 1622 3229 1696 Fingunt
3272 1625 3493 1696 quidem
3526 1627 3727 1679 utiliter

437 1711 633 1782 ἀγαθῷ
664 1710 1077 1779 συμϐουλεύειν,
1104 1711 1179 1774 ὡς
1198 1715 1486 1779 συγγενεῖς
1517 1712 1680 1780 δῆθεν
1711 1712 1809 1765 καὶ
1829 1714 2026 1766 οῖκειό-
2135 1728 2186 1767 st

1981 1716 2026 1766 5-
2135 1716 2372 1768 suadere
2408 1722 2667 1783 tauquam
2696 1716 2919 1785 cognati
2954 1726 3010 1769 et
3040 1718 3203 1770 amici
3249 1717 3572 1780 familiares,
3609 1718 3730 1770 linis

438 1822 618 1858 τατοιο
655 1806 855 1867 σκοπὸς
886 1808 942 1859 δὲ
972 1807 1156 1869 αὐτοῖς
1183 1805 1446 1875 πονηρὸς,
1476 1806 1540 1857 εκ
1566 1805 1763 1875 φθόνου
1788 1806 2022 1875 τεχθείς.
2056 1866 2098 1877 _
2133 1820 2187 1859 νε

1980 1822 2022 1867 ς.
2056 1866 2098 1877 _
2133 1820 2265 1859 vero
2304 1820 2495 1860 eorum
2550 1822 2756 1875 pravus
2803 1818 2941 1873 erat,
2979 1809 3048 1862 ab
3102 1809 3307 1863 invidia
3366 1810 3670 1877 procedens
3718 1827 3729 1861 :

437 1899 777 1967 ιίειρώμενοι
814 1900 921 1968 γὰρ
951 1866 1286 1968 μεταγαγεῖν
1306 1866 1499 1949 τοῦτον
1531 1866 1609 1960 είς
1634 1898 1734 1965 τὴν
1754 1866 2023 1950 Ἰούδαίαν
2056 1866 2101 1922 Β
2130 1909 2186 1950 cc

1982 1866 2023 1949 Ly
2056 1866 2101 1922 Β
2130 1895 2475 1950 conabamur
2524 1866 2794 1965 siquidem
2842 1866 2993 1952 mam
3034 1900 3089 1951 in
3148 1866 3392 1953 Juda'am
3455 1900 3731 1968 pellicere,

437 1988 524 2040 ῖνα
575 1990 836 2060 ἀναιρεθῇ
878 1990 1029 2057 παρὰ
1064 1988 1172 2041 τῶν
1204 1987 1516 2059 ζητούντων
1564 1988 1886 2040 ἀποκτεῖναι
1922 1988 2023 2039 αύ-
2134 1996 2186 2039 ul

1983 2010 2023 2036 ι-
2134 1996 2195 2039 ut
2224 1987 2293 2040 ab
2323 1986 2428 2039 illis
2456 1988 2825 2051 occideretur,
2858 1989 2950 2058 qui
3000 2004 3126 2043 eum
3174 1991 3497 2058 quaerebant
3526 1991 3732 2044 interfi-

434 2079 549 2143 τὸν,
584 2080 977 2150 προϐάλλονται
1009 2080 1068 2131 τὸ
1092 2079 1205 2132 δεῖν
1238 2080 1334 2133 καὶ
1365 2081 1493 2142 τοὺς
1520 2079 1701 2131 ίκεῖσε
1732 2078 1895 2141 ὄντας
1921 2094 2029 2148 μαι
2132 2093 2183 2133 (‘t

1985 2094 2029 2129 ιο
2132 2093 2281 2133 cere.
2312 2078 2547 2135 Causam
2590 2091 2776 2135 autem
2812 2082 3213 2151 prasternebant,
3257 2084 3404 2152 quod
3455 2094 3734 2153 oporteret

436 2172 605 2242 θητάς
652 2172 842 2237 αὑτοῦ,
898 2175 1019 2243 ἢτοι
1058 2175 1187 2235 τοὺς
1240 2171 1451 2243 δχλους,
1496 2172 1623 2235 τοὺς
1682 2173 1742 2224 ἐν
1794 2160 2029 2241 Ἰοῦδαίᾳ.
2133 2171 2184 2226 di

1983 2172 2029 2241 ἰᾳ.
2133 2171 2435 2242 discipulos
2471 2187 2692 2242 quoque
2721 2173 2865 2242 eius,
2899 2173 2992 2242 qui
3025 2173 3097 2228 ibi
3144 2186 3326 2239 erant,
3357 2176 3472 2230 sive
3529 2176 3732 2239 turbas,

440 2263 867 2332 παρεπομένους
908 2260 1083 2333 αὐτῷ,
1119 2262 1347 2332 θεωρεῖν
1407 2261 1477 2315 τὰ
1527 2263 1733 2331 σημεῖα
1778 2260 1815 2315 6.
1864 2263 2024 2315 ποιεῖ.
2138 2281 2189 2336 qi

1988 2263 2024 2315 ῖ.
2138 2281 2261 2336 quae
2319 2267 2471 2320 illum
2528 2267 2581 2319 in
2625 2264 2813 2320 iud-aia
2864 2266 3262 2337 sequebantur,
3304 2269 3507 2322 intueri
3561 2269 3737 2338 signa,

2136 2376 2258 2430 quae
2288 2360 2405 2430 ipse
2443 2360 2651 2414 ederet.

506 2449 719 2516 Οὐδείς
746 2478 818 2490 -
849 2445 1024 2503 εῖναι.
1060 2447 1218 2503 Κατὰ
1252 2449 1349 2520 μὶν
1377 2448 1439 2502 τὸ
1464 2450 1773 2520 προχείρως
1800 2450 2030 2520 νοούμε-
2210 2450 2252 2505 ν

1991 2468 2030 2502 ;-
2210 2450 2365 2505 Vera.
2418 2451 2471 2505 ι.
2529 2450 2699 2503 Nemo
2750 2480 2819 2489 —
2857 2466 2985 2505 esse.
3027 2447 3190 2504 Juxta
3243 2449 3546 2505 faciliorem
3580 2451 3740 2505 intel-

440 2561 533 2597 νον
554 2542 776 2596 δοκοῦσι
811 2540 1177 2614 παρακνίζειν
1208 2542 1373 2596 αὑτὸν
1400 2542 1488 2595 ἵνα
1522 2543 1737 2613 μεταδῇ
1761 2559 1772 2571 ·
1802 2544 1946 2596 κατὰ
1975 2543 2033 2595 δι
2136 2543 2188 2597 le

1992 2543 2033 2595 ει
2136 2543 2340 2597 lectum
2369 2550 2426 2595 et
2455 2542 2548 2611 qui
2572 2542 2625 2595 in
2668 2554 2925 2612 promptu
2961 2551 3068 2607 est,
3101 2542 3360 2597 videntur
3406 2543 3557 2613 illum
3606 2547 3741 2598 inci-

444 2634 505 2687 τὺ
557 2632 855 2704 βαθύτερον
905 2631 1388 2697 ἀποσκώπτουσιν,
1416 2632 1493 2696 ὡς
1542 2632 1715 2686 δειλὸν
1773 2633 1892 2704 ἅμα
1939 2634 2036 2687 καὶ
2141 2646 2193 2689 ta

1991 2634 2036 2687 εὶ
2141 2646 2258 2689 tare
2288 2644 2347 2688 ut
2402 2635 2849 2704 transeat;juxta
2896 2633 3313 2704 profundiorem
3371 2649 3522 2697 vero,
3566 2651 3740 2690 εεοιιι-

442 2726 740 2796 φιλόδοξον.
780 2726 853 2778 T6
884 2726 984 2795 μὶν
1016 2728 1125 2797 γὰρ
1154 2730 1213 2779 ὲν
1248 2726 1482 2796 κρυπτῷ
1533 2744 1588 2779 τι
1619 2729 1794 2780 ποιεῖν
1825 2726 2035 2791 δειλοῦ,
2143 2744 2191 2782 m

1995 2728 2035 2791 ὃ,
2143 2738 2290 2782 mata
2324 2728 2378 2781 in
2412 2742 2539 2781 eum
2565 2728 2873 2794 iaciebant,
2908 2736 3167 2795 tanquam
3207 2727 3262 2780 in
3298 2729 3556 2783 timidum
3584 2704 3744 2786 sinuil

444 2821 591 2874 s66!
625 2822 807 2890 ζητεῖν
834 2823 892 2873 ιν
917 2821 1201 2892 παῤῥησίᾳ
1242 2816 1406 2885 εἶναι,
1448 2819 1568 2889 ἢτοι
1601 2820 1861 2889 φανερὸν,
1905 2819 2034 2871 ἀπό-
2144 2832 2193 2877 et

1995 2819 2034 2871 5-
2144 2832 2202 2877 et
2251 2822 2436 2891 gloria:
2484 2821 2770 2891 cupidum.
2824 2820 3109 2889 Siquidem
3150 2821 3206 2874 in
3244 2823 3466 2877 occulto
3524 2824 3744 2891 quidem

450 2914 707 2979 ϐλεπτον,
738 2914 1037 2983 φιλοδόξου.
2142 2930 2199 2983 qt

2142 2914 2426 2983 quidpiam
2463 2912 2663 2978 facere,
2691 2913 2869 2966 timidi
2902 2922 2986 2966 est
3025 2931 3037 2965 :
3082 2928 3328 2982 quaerere
3357 2923 3540 2968 autem
3568 2916 3742 2983 palam

2143 3006 2432 3069 esse,;sive
2456 3004 2808 3058 manifestum
2821 3015 2871 3059 et
2893 3004 3210 3075 gloriosam,
3229 3005 3415 3073 gloria
3434 3006 3619 3075 cupidi
3644 3016 3749 3059 est.

519 3104 587 3153 El
621 3130 689 3140 —
724 3101 947 3167 κόσμῳ.
987 3101 1048 3152 Εί
1075 3098 1251 3152 ταῦτα
1285 3099 1352 3150 τὰ
1388 3102 1591 3168 σημεῖα
1619 3099 1818 3160 ποιεῖς,
1851 3098 1946 3149 καὶ
1974 3097 2037 3149 ού
2219 3097 2268 3152 γε

1999 3097 2037 3148 ιῦ
2219 3097 2373 3152 Vers.
2428 3096 2482 3150 ι.
2526 3094 2607 3150 Si"
2640 3126 2708 3135 —-
2750 3097 2967 3149 mundo.
3027 3094 3081 3149 Si
3131 3096 3248 3151 haec
3296 3098 3449 3167 signa
3510 3112 3637 3150 vere
3697 3107 3748 3150 et

456 3190 793 3261 φαντάζεις,
848 3192 1170 3261 φανέρωσον
1232 3191 1462 3244 σεαυτὸν
1520 3194 1685 3243 πᾶσιν
1739 3189 2113 3263 Ἱουὸαίοις.(]
2150 3206 2205 3244 η(

1999 3206 2041 3251 ς.
2068 3201 2113 3263 C
2150 3206 2258 3244 non
2306 3199 2638 3261 apparenter
2664 3189 2822 3253 facis,
2867 3188 3164 3243 manifesta
3196 3190 3434 3258 teipsum
3484 3191 3748 3244 omnibus

460 3286 815 3339 ’Υπώπτευον
844 3286 953 3356 γὰρ
985 3286 1081 3337 καὶ
1113 3284 1226 3354 (81)
1255 3285 1320 3337 τὰ
1354 3285 1557 3353 σημεῖα
1589 3282 1666 3346 ὡς
1702 3282 2037 3351 φαντασίαν.
2143 3283 2209 3339 Ju

2004 3298 2037 3334 ι.
2143 3283 2369 3339 Judzeis.
2406 3281 2841 3353 Suspicabantur
2876 3296 3115 3352 namque
3147 3283 3303 3353 signa
3364 3282 3482 3337 hac
3524 3284 3753 3354 phanta-

2146 3378 2288 3432 stice
2320 3378 2461 3432 fieri.

518 3474 687 3544 Δῆλον
720 3469 814 3528 οὖν
855 3473 1109 3527 ἐντεῦθεν
1153 3476 1235 3527 δτι
1279 3474 1483 3543 σημεῖα
1527 3470 1753 3541 εποίησε
1788 3471 1969 3537 κάκεῖ,
2008 3469 2045 3524 ἃ.
2224 3471 2267 3526 Η

2008 3469 2045 3524 ἃ.
2224 3471 2367 3526 Hinc
2402 3486 2534 3544 ergo
2570 3469 2924 3526 manifestum
2954 3480 3056 3533 est,
3092 3468 3238 3539 quod
3273 3469 3440 3524 etiam
3477 3469 3550 3525 ibi
3586 3471 3754 3525 mira-

450 3570 631 3622 ⁴πάντα
687 3567 1043 3637 παρέδραμεν
1098 3567 1125 3618 6
1195 3567 1473 3633 Ἰωάννης.
1534 3564 1726 3635 ὥσπερ
1771 3566 1865 3619 καὶ
1910 3564 2047 3618 ἄλλα
2149 3580 2199 3617 οι

2003 3582 2047 3616 ,α
2149 3564 2272 3618 cula
2321 3564 2575 3628 ediderit,
2633 3564 2769 3634 qua?
2825 3562 3009 3617 omnia
3058 3564 3442 3632 praetercnrrit
3488 3562 3752 3633 Joannes,

449 3658 621 3711 πολλά
648 3700 661 3721 ,
700 3658 948 3711 σπεύδων
984 3656 1189 3727 μᾶλλον
1228 3657 1321 3709 ἐπὶ
1356 3657 1426 3709 τὰ
1467 3656 1704 3727 φέροντα
1740 3655 1900 3725 ξένην
1928 3655 2050 3708 τινὰ
2152 3672 2198 3727 (ιι

2002 3655 2050 3708 νά
2152 3657 2615 3727 quemadmodum
2650 3658 2753 3710 alia
2815 3657 3011 3720 multa,
3048 3654 3316 3712 festinans
3348 3659 3517 3729 magis
3557 3659 3650 3713 'ad
3687 3674 3751 3713 ea

449 3752 726 3821 διήγησιν,
759 3753 852 3805 καὶ
895 3745 971 3805 ὧν
1003 3752 1051 3803 οί
1096 3750 1247 3804 ἄλλοι
1274 3751 1376 3802 οὐκ
1420 3748 1871 3820 ἐπεμνήσθησαν.
1913 3745 2050 3802 Εἶτα
2157 3765 2190 3820 q

2016 3767 2050 3802 α
2157 3765 2281 3820 qua:
2334 3766 2539 3805 novam
2580 3750 2820 3821 aliquam
2869 3751 3175 3805 aﬂ'crebant
3244 3753 3645 3816 narrationem,
3710 3764 3761 3807 et

450 3846 601 3916 λέγει
634 3845 732 3900 καὶ
760 3847 820 3899 τὺ
850 3845 1027 3898 αῖτιον
1053 3845 1152 3913 τῆς
1176 3844 1435 3913 τοιαύτης
1470 3844 1731 3914 ὑποψίας.
2157 3861 2199 3916 q

2157 3861 2392 3916 quorum
2444 3845 2537 3899 alii
2583 3845 2793 3899 nullam
2843 3845 3094 3899 fecerant
3141 3848 3500 3901 mentionem.
3552 3845 3762 3901 Deinde

2159 3953 2381 3994 causam
2412 3941 2580 3993 etiam
2605 3938 2739 3993 dicit
2772 3939 2893 3991 talis
2927 3940 3282 4007 suspicionis.

536 4036 691 4091 Οὐδὰ
719 4065 789 4076 -
819 4038 1029 4109 αὐτόν.
1066 4034 1192 4089 Οὐδ’
1234 4032 1392 4087 αὐτοὶ
1422 4033 1712 4087 ἐπίστευον
1751 4036 1831 4097 είς
1862 4033 2051 4098 αὑτὸν,
2236 4032 2285 4084 ν

2016 4052 2051 4098 ι,
2236 4032 2392 4087 Vers.
2430 4032 2481 4087 5.
2511 4030 2693 4103 Neque
2719 4062 2792 4071 —
2822 4049 2964 4085 eum.
3007 4031 3195 4101 Neque
3226 4033 3333 4102 ipsi
3379 4033 3680 4087 credebant
3708 4033 3765 4088 in

452 4128 530 4183 di:
561 4131 641 4191 είς
675 4127 834 4179 Θεόν.
868 4125 1015 4179 Ἀλλ’
1043 4128 1193 4197 ὅμως
1223 4128 1272 4179 οί
1303 4124 1399 4179 νῦν
1433 4125 1668 4179 τοιοῦτοι
1713 4126 1941 4195 μεγάλοι
1976 4142 2061 4192 γε·
2164 4141 2195 4180 ε

2019 4143 2061 4179 ε·
2164 4141 2315 4191 eum,
2348 4135 2608 4196 tanquam
2643 4126 2698 4179 in
2732 4126 2925 4178 Deum.
2962 4128 3217 4179 Attamen
3252 4126 3305 4179 lii
3338 4127 3428 4195 qui
3468 4138 3600 4181 tunc
3630 4128 3768 4182 tales

457 4222 686 4289 γόνασιν
712 4220 840 4273 ῦστε
850 4237 963 4288 ρον,
988 4220 1275 4274 καὶπολλὰ
1300 4220 1454 4290 παρὰ
1480 4219 1694 4273 πολλῶν
1718 4219 1863 4290 ὑπὲρ
1893 4218 2060 4273 αὑτοῦ
2166 4236 2206 4274 e1

2019 4218 2060 4273 ιῦ
2166 4229 2347 4283 erant,
2396 4220 2576 4289 magni
2610 4219 2965 4289 postmodum
3008 4204 3189 4270 effecti
3224 4227 3373 4283 sunt,
3423 4218 3707 4285 multaque
3736 4233 3768 4273 a

455 4318 814 4379 πεπόνθασιν,
852 4314 1105 4378 Ἰάκωϐος
1131 4315 1226 4367 καὶ
1269 4313 1493 4377 Ἰούδας.
1525 4313 1591 4365 Τί
1622 4309 1715 4368 οὖν
1744 4316 1772 4367 6
1799 4315 1899 4377 τὰς
1925 4332 2064 4384 καρο
2169 4328 2204 4365 ll

2017 4332 2064 4366 ευ
2169 4310 2357 4366 multis
2378 4326 2475 4378 pro
2495 4310 2588 4363 illo
2606 4309 2751 4380 passi
2775 4316 2929 4374 sunt,
2954 4307 3195 4362 Jacobus
3220 4308 3476 4361 videlicet
3500 4319 3554 4362 et
3576 4306 3766 4361 Judas.

452 4410 571 4473 δίας
599 4410 781 4463 αὐτῶν
811 4407 1001 4474 εἰδώς;
1031 4408 1151 4460 (οὐκ
1176 4407 1406 4479 ἦλεγξεν
1441 4408 1642 4470 αὐτοὺς
1666 4408 1942 4479 πονηροὺς
1969 4408 2067 4461 καὶ
2171 4400 2201 4468 ς

2021 4408 2067 4461 sl.
2171 4400 2316 4468 Quid
2343 4415 2477 4469 ergo
2515 4399 2584 4463 is,
2617 4398 2711 4469 qui
2744 4413 2935 4453 eorum
2975 4398 3142 4453 corda
3193 4402 3462 4452 noverat?
3509 4400 3632 4453 Non
3684 4415 3770 4453 re-

456 4502 805 4566 επιδούλους,
842 4501 981 4556 ἀλλὰ
1006 4503 1382 4572 μακροθύμως
1406 4500 1771 4571 ἀποκρίνεται
1801 4490 1939 4571 πρδς
1971 4501 2064 4553 τὸν
2174 4510 2205 4564 ι)

2020 4515 2064 4553 ›ν
2174 4493 2471 4564 prehendit
2498 4491 2642 4556 illos,
2683 4499 2938 4560 tanquam
2981 4489 3155 4543 malos
3174 4498 3230 4542 et
3262 4488 3637 4553 insidiatores,
3672 4492 3769 4544 sed

456 4598 659 4652 σκοπὸν
696 4597 897 4651 αὐτῶν.
2099 4573 2140 4628 D
2170 4603 2201 4654 p

2099 4573 2140 4628 υ
2170 4588 2447 4654 patienter
2477 4583 2777 4654 respondet
2811 4582 2877 4636 ad
2920 4582 3280 4637 intentionem
3320 4582 3585 4651 ipsorum.

527 4689 702 4759 Λέγει
757 4718 827 4729 -
872 4686 1188 4756 πάρεστιν.
1252 4687 1311 4738 ὐ
1358 4685 1549 4755 καιρὸς
1594 4688 1622 4739 δ
1670 4686 1825 4756 ὲμδς,
1864 4689 1899 4757 6
1954 4686 2047 4741 τοῦ
2221 4682 2276 4733 Vt

2025 4686 2047 4739 5
2221 4682 2380 4737 νει-ε.
2406 4680 2460 4733 6.
2486 4679 2573 4731 Ait
2597 4708 2661 4718 —
2693 4684 2863 4730 adest.
2919 4677 3181 4745 Tempus,
3237 4692 3347 4745 quo
3401 4678 3679 4744 convenit,
3716 4687 3774 4732 ut

456 4783 711 4837 ἀπελθεῖν
757 4800 824 4852 με
862 4783 942 4843 είς
982 4782 1080 4850 τὴν
1128 4779 1389 4833 Ἰουδαίαν
1414 4780 1941 4851 ἁναιρεθησόμενον,
1974 4780 2051 4843 ὡς
2151 4790 2205 4847 eg

2027 4798 2051 4843 ς
2151 4790 2253 4847 ego
2278 4776 2330 4829 in
2356 4773 2598 4829 Iudaeam
2631 4767 2824 4826 vadam
2848 4770 3205 4833 occidendus,
3242 4769 3307 4824 ad
3331 4771 3593 4841 quodyos
3624 4774 3776 4827 labo-

459 4874 824 4938 σπουδάζετε,
858 4873 1015 4927 οῦπω
1049 4876 1284 4944 πάρεστι
1307 4892 1322 4907 ο
1364 4874 1415 4925 τί
1450 4890 1515 4941 με
1552 4873 1916 4941 κατεπείγετε
1947 4872 2053 4943 πρὸ
2156 4889 2208 4927 ra

2029 4872 2053 4925 δ
2156 4872 2317 4936 ratis,
2370 4869 2617 4924 nondum
2643 4866 2831 4920 adest:
2879 4866 3010 4935 quid
3047 4881 3134 4920 me
3167 4870 3374 4937 urgetis
3424 4876 3551 4920 ante
3584 4868 3778 4938 hujus-

457 4966 550 5018 τοῦ
576 4966 817 5018 τοιούτου
843 4966 1040 5037 καιροῦ
1067 4984 1083 5034 ;
2159 4984 2206 5022 m

849 4966 1040 5037 καιροῦ
1067 4984 1083 5034 ;
2159 4966 2306 5022 modi
2334 4963 2598 5032 tempus?

543 5059 609 5111 Ὀ
642 5057 712 5112 δὲ
750 5059 959 5128 καιρὸς
1004 5088 1076 5099 -
1105 5057 1365 5127 ἕτοιμος.
1414 5061 1473 5112 ὐ
1506 5058 1693 5129 καιρὸς
1724 5059 1752 5111 6
1790 5057 2058 5129 ὑμέτερος
2244 5060 2292 5113 νι

2013 5073 2058 5119 ις
2244 5060 2398 5114 Vers.
2431 5057 2485 5111 6.
2516 5055 2739 5127 Tempus
2762 5062 2940 5108 autem
2960 5082 3033 5096 —-
3056 5062 3333 5125 paratum.
3381 5052 3626 5123 Tempus
3651 5068 3762 5123 quo

462 5154 490 5205 6
523 5153 617 5206 τοῦ
647 5153 903 5209 ἀπελθεῖν
929 5155 1075 5225 ὑμᾶς
1103 5156 1184 5217 είς
1211 5155 1312 5225 τὴν
1346 5154 1615 5207 Ἰουδαίαν
1641 5152 1875 5207 πάντοτέ
1911 5153 2061 5203 εστιν
2172 5174 2211 5206 γε

2033 5168 2061 5201 ν
2172 5168 2272 5210 vos
2307 5154 2360 5207 in
2407 5151 2649 5205 Judzcain
2717 5149 2948 5215 abeatis,
3022 5163 3241 5218 semper
3294 5149 3348 5201 in
3390 5158 3645 5219 promptu
3676 5158 3779 5213 est,

462 5248 717 5320 εὐχερής.
766 5248 923 5320 Ἐμοὶ
963 5248 1064 5319 μὶν
1110 5249 1217 5319 γὰρ
1279 5248 1563 5319 ἐμποδίζει
1613 5246 1676 5300 τὸ
1706 5249 1874 5317 μήπω
1908 5262 2057 5317 παρο
2175 5266 2210 5305 η

2031 5276 2057 5289 ο
2175 5249 2308 5305 mihi
2338 5246 2732 5317 impedimento
2760 5254 2837 5298 est
2868 5253 3107 5313 tempus,
3132 5242 3281 5311 quod
3316 5242 3557 5295 nondum
3583 5240 3739 5295 adest
3768 5260 3780 5293 :

464 5344 605 5397 εῖναι
654 5342 823 5398 αὐτόν
870 5359 887 5377 °
966 5343 1098 5415 ὑμῖν
1145 5342 1203 5398 δὲ
1256 5342 1441 5409 ούδὶν,
1500 5339 1910 5414 συμφρονοῦσιν
1964 5340 2069 5411 ήδη
2181 5358 2207 5393 v

2036 5357 2069 5411 η
2181 5341 2337 5396 vobis
2379 5349 2563 5393 autent
2595 5338 2734 5391 nihil
2764 5346 2850 5391 est
2902 5334 3319 5406 impedimento,
3363 5350 3487 5388 cum
3532 5335 3642 5404 jam
3678 5348 3785 5387 una

464 5438 577 5501 τοῖς
621 5435 899 5491 Ἰουδαίοις
2177 5451 2213 5489 c

2177 5451 2300 5489 eiut
2336 5432 2541 5489 Iudaeis
2574 5430 2847 5485 sentiatis.
3186 5415 3194 5422 ”

1692 5614 1895 5677 Varias
1934 5612 2249 5677 lectiones
2290 5621 2347 5672 ct
2382 5623 2575 5674 noun.

470 5794 722 5864 pudiavit
748 5792 1219 5866 Theopliylactus.
1252 5789 1781 5866 Flumeuoratiouis
1818 5788 1908 5843 liic
1927 5788 2080 5866 abri:
2193 5801 2219 5840 ε

1566 5789 1781 5844 ationis
1818 5788 1908 5843 liic
1927 5788 2080 5866 abrif
2193 5783 2538 5866 explicandis
2562 5782 2728 5866 il_lis,_
2746 5783 2849 5837 οὐκ
2873 5776 3315 5854 εἶχενίξουσίαν.

472 5854 595 5937 puit
624 5854 1111 5937 Citrysostum'um,
1156 5866 1453 5936 deceptum
1484 5861 1871 5937 lor_t_asse_loeo
1910 5860 2076 5937 simili
2267 5854 2380 5927 (8|)
2411 5858 2516 5933 lia!
2549 5860 2657 5924 γὰρ
2690 5854 2751 5907 Β.

477 5931 649 5997 Marc.
686 5931 759 6003 vi,
795 5940 848 5992 fi.
875 5931 1103 6004 Largior
1165 5931 1316 5993 certe
1358 5944 1478 5991 erat
1543 5932 1760 5988 dicendi
1822 5933 2076 5998 materia,
