4430 6460
728 413 861 477 1271

1978 416 2365 478 EUTHYMII
2405 417 2769 481 ZIGABENI

3869 412 4008 475 1272

720 533 918 587 tantes,
954 523 1049 578 sed
1078 523 1145 577 ad
1170 538 1259 578 res
1295 524 1463 594 ipsas.
1498 524 1634 581 Item
1661 536 1717 583 et
1741 528 1933 582 aliter:
1957 524 2324 583 Circumeisio
2351 531 2397 587 Δ
2428 546 2469 598 μ

2306 531 2397 587 DA
2428 529 2531 598 μιν
2557 530 2831 601 περιτομὴ
2884 530 3114 601 σημεῖον
3171 523 3243 600 ἦν
3280 528 3447 599 μόνον
3512 526 3771 598 Ἑϐραίου
3795 540 3812 557 ·
3856 524 3917 577 τὸ
3946 525 4005 576 δι
4048 514 4055 522 ’

717 615 940 685 quidem
976 615 1153 669 solum
1188 614 1436 671 Hebrteis
1471 618 1684 687 signum
1711 628 1852 674 erat:
1881 617 2026 689 quod
2060 628 2242 671 autem
2279 631 2311 671 ι

718 724 805 763 me
844 708 1043 762 factum
1072 718 1175 789 est,
1208 710 1419 782 integra
1445 711 1547 766 fuit
1590 714 1799 768 sanitas
1832 727 1897 768 ac
1927 712 2131 768 veritas
2168 712 2311 783 ejus,

716 801 860 869 quod
888 801 1316 870 signiﬁcabatur.

793 889 945 944 νει-ς.
976 892 1068 944 25.
1104 891 1363 945 Dicebant
1395 922 1463 932 —
1494 893 1646 947 Vers.
1669 892 1762 947 26.
1799 894 2000 948 dicunt.
2039 891 2311 965 siquidem

718 979 1001 1035 silentium
1040 982 1147 1035 illis
1179 984 1535 1051 imposuerat.

790 1071 947 1127 Vers.
980 1072 1074 1127 26.
1109 1072 1254 1127 Num
1285 1104 1354 1114 —
1386 1073 1629 1129 Christus
1653 1076 1678 1129 .’
1705 1074 1861 1131 Tunc
1886 1076 2032 1130 enim
2072 1084 2126 1130 et
2154 1071 2313 1144 prius

715 1162 869 1232 cipes
908 1166 963 1217 in
1001 1165 1158 1219 turba
1198 1173 1379 1220 erant.

787 1253 945 1308 Vers.
981 1256 1076 1309 27.
1105 1256 1213 1311 Sed
1244 1288 1310 1298 -
1347 1260 1467 1313 erit.
1527 1259 1691 1328 Atqui
1728 1259 2003 1330 principes
2029 1257 2198 1313 vestri
2226 1258 2314 1313 in-

716 1348 979 1417 terrogati
1009 1349 1078 1402 ab
1107 1346 1341 1413 Herode,
1371 1350 1462 1405 ubi
1494 1351 1807 1405 nasciturus
1855 1359 2002 1404 esset
2030 1349 2310 1414 Christus,

715 1438 978 1493 dixerunt
1019 1441 1108 1493 ei:
1159 1440 1229 1494 In
1261 1443 1527 1497 Bethleem
1570 1442 1838 1497 ludere”
1868 1457 1884 1495 :
1916 1441 2049 1511 quin
2086 1451 2142 1495 et
2186 1456 2313 1511 pro-

712 1530 979 1599 pbetiam,
1002 1547 1122 1602 qua:
1152 1531 1257 1587 hoc
1280 1533 1630 1603 signiﬁcaret,
1660 1533 2008 1589 addiderunt:
2037 1532 2315 1603 quomodo

712 1635 844 1691 ergo
876 1623 1179 1691 nugamini,
1215 1624 1465 1681 dicentes
1500 1625 1646 1694 quod
1678 1624 1918 1681 Christus
1947 1642 2065 1678 cum
2090 1625 2310 1687 venerit,

714 1729 863 1766 nemo
891 1717 1153 1784 cognoscit
1186 1718 1325 1769 unde
1360 1719 1491 1771 erit?
1535 1717 1829 1778 Praeterea,
1858 1718 1904 1771 si
1944 1718 2090 1770 hunc
2134 1716 2315 1770 nostis

714 1804 857 1857 unde
889 1805 980 1869 sit,
1016 1806 1288 1875 quomodo
1330 1807 1550 1875 quidam
1604 1824 1669 1862 ex
1703 1806 1861 1861 vobis
1916 1807 2124 1863 dicunt:
2155 1805 2313 1861 llunc

713 1896 1073 1963 noninovimus
1096 1898 1229 1951 unde
1244 1902 1310 1953 sit
1323 1897 1406 1951 “1
1436 1897 1549 1953 Hoc
1566 1900 1726 1955 modo
1750 1900 1951 1955 malitia
1972 1915 2080 1955 non
2112 1899 2314 1955 intelli-

710 1983 807 2051 git,
842 1985 987 2052 quod
1024 1986 1126 2039 sibi
1165 1986 1266 2056 ipsi
1301 1989 1643 2044 contradicat
1672 2005 1736 2045 ac
1780 1993 1945 2061 plane
1988 1992 2310 2047 mentiatur:

712 2090 839 2128 nam
882 2088 964 2131 est
996 2080 1243 2147 quardam
1292 2081 1491 2135 anima:
1530 2082 1791 2137 ebrietas.

765 2169 919 2234 Quod
954 2172 998 2224 si
1019 2172 1141 2239 quis
1172 2172 1375 2228 dictum
1406 2174 1535 2230 illud
1565 2192 1578 2226 :
1605 2176 1748 2231 Unde
1772 2178 1865 2238 sit.
1886 2192 1993 2233 non
2014 2180 2081 2234 de
2114 2179 2234 2234 loco
2259 2188 2313 2232 et

710 2264 909 2333 patria,
947 2266 1043 2319 sed
1078 2267 1145 2321 de
1179 2282 1383 2337 genere
1422 2278 1480 2323 et
1523 2282 1675 2337 patre
1727 2271 2083 2337 intellexerit,
2115 2274 2313 2329 dicere

710 2358 933 2427 poterit,
954 2374 1052 2413 cos
1072 2362 1279 2415 dixisse
1304 2378 1318 2413 :
1350 2361 1524 2433 Hujus
1556 2364 1777 2433 quidem
1810 2380 1984 2436 genus
2014 2375 2072 2420 et
2102 2375 2309 2436 patrem

710 2453 987 2515 novimus,
1016 2462 1141 2522 puta
1182 2451 1412 2523 Ioseph.
1440 2455 1514 2525 ut!
1543 2456 1891 2511 credebatur:
1935 2457 2139 2512 Christi
2180 2474 2312 2514 vero

709 2561 883 2616 genus
915 2558 970 2601 et
1003 2548 1217 2602 Patrem
1258 2540 1749 2620 nemo'cognoscit,
1777 2566 1843 2606 eo
1874 2552 2019 2622 quod
2050 2568 2161 2608 non
2200 2555 2311 2608 sint

709 2637 829 2691 bare
866 2638 1065 2692 litteris
1105 2640 1341 2708 prodita,
1383 2641 1569 2695 utdici
1602 2643 1835 2710 possint.

783 2729 939 2786 Vers.
973 2730 1367 2787 28.Clamabat
1395 2764 1460 2776 -
1488 2737 1609 2788 sim.
1638 2734 1938 2798 Clamabat,
1966 2736 2312 2793 confundens

706 2839 826 2889 eos,
866 2824 994 2877 dum
1064 2825 1138 2877 illi
1167 2824 1233 2878 de
1289 2824 1559 2879 industria
1614 2827 1753 2879 male
1810 2836 2033 2895 agerent
2078 2846 2090 2880 :
2146 2830 2310 2882 simul

706 2919 869 2969 etiam
909 2917 1169 2972 omnibus
1213 2916 1601 2979 manifestans,
1637 2935 1757 2987 qua:
1802 2920 1870 2971 ab
1913 2920 2041 2987 ipsis
2093 2920 2312 2975 occulte

708 3012 1061 3065 dicebantur.
1104 3010 1247 3064 Dicit
1305 3020 1487 3065 autem
1532 3029 1545 3065 :
1581 3012 1646 3065 Et
1682 3029 1759 3065 me
1796 3015 1979 3076 nostis,
2018 3014 2135 3082 quis
2186 3016 2307 3077 sim,

706 3104 835 3172 quia
873 3103 1055 3168 Dens;
1096 3113 1145 3157 et
1183 3105 1345 3157 nostis
1385 3106 1521 3158 unde
1561 3107 1682 3167 sim,
1719 3106 1844 3173 quia
1881 3123 1907 3159 a
1946 3105 2105 3161 Patre
2136 3107 2244 3162 Dco
2295 3126 2305 3161 :

2418 620 2551 688 παρ’
2585 618 2721 690 ιμοῦ
2749 621 3017 691 ἂργασθὶν
3061 619 3363 691 ὁλόκληρος
3418 620 3581 689 ὑγεία
3620 618 3715 672 τοῦ
3749 632 4001 686 σεσημα-

2419 712 2639 784 σμινου.

2492 902 2755 971 Ἔλεγον
2785 930 2851 942 -
2880 900 3156 969 λέγουσι.
3211 898 3323 950 Καὶ
3355 894 3465 967 γὰρ
3510 894 3877 963 ἐπεστόμισεν
3906 892 4007 944 αὖ.

2415 1008 2560 1054 τους.

2489 1083 2820 1151 Μήποτσ-
2850 1081 3145 1150 Χριστός;
3187 1079 3276 1133 ’Ev
3303 1079 3381 1150 τῷ
3403 1078 3551 1150 ὄχλῳ
3579 1077 3689 1147 γὰρ
3728 1076 3777 1129 οἱ
3806 1073 4003 1145 ἄρχον-

2416 1194 2508 1240 τες
2540 1171 2683 1244 ἦσαν
2718 1177 2861 1230 τότε.

2489 1264 2677 1319 Ἀλλὰ
2701 1294 2773 1304 -
2803 1264 2956 1328 ἐστι.
2991 1263 3101 1317 Καὶ
3145 1262 3253 1339 μὴν
3283 1261 3331 1313 οἱ
3364 1258 3629 1329 ἄρχοντες
3686 1256 3843 1325 ὑμῶν
3867 1255 4007 1324 ἰρωο

2416 1356 2672 1426 τηθὲντες
2706 1354 2860 1425 παρὰ
2911 1353 3316 1425 Ἡρώδουρποῦ
3345 1355 3373 1405 ὸ
3425 1349 3664 1419 Χριστὸς
3721 1347 4005 1414 γεννᾶται.

2417 1440 2572 1500 εἷπον
2595 1446 2768 1516 αὐτῷ·
2800 1448 2905 1500 Ἔν
2932 1444 3208 1513 Βηθλεὲμ
3233 1442 3344 1509 τῆς
3368 1438 3658 1505 ἰουδαίας
3682 1454 3698 1470 ο
3720 1438 3816 1490 καὶ
3846 1451 4009 1505 προσ-

2418 1539 2624 1606 έθηκαν
2656 1538 2751 1592 καὶ
2813 1536 2915 1608 τὴν
2944 1535 3104 1589 τοῦτο
3134 1535 3403 1604 δηλοῦσαν
3454 1529 3727 1602 προφητεῐ
3740 1545 3808 1581 αν
3842 1544 3855 1559 ·
3889 1526 4008 1587 πῶς

2418 1632 2511 1687 οὖν
2551 1632 2846 1701 φλυαριῐτε
2876 1632 2960 1685 ὃτι
2998 1631 3065 1684 '0
3096 1629 3375 1699 Χριστὸς,
3414 1627 3562 1681 ὅταν
3602 1626 3873 1694 ἔρχηται,
3902 1623 4006 1675 οὐ·

2417 1721 2544 1786 ὄεὶς
2567 1720 2843 1791 γινώσκει
2862 1721 3049 1775 κόθεν
3075 1719 3249 1773 ἐστίν
3271 1734 3285 1782 ;
3317 1717 3479 1771 Ἀλλὰ
3505 1716 3600 1768 καὶ
3634 1715 3683 1767 ει
3710 1712 3897 1765 τοῦτον
3927 1710 4004 1780 (3)

2418 1812 2598 1865 οἴδατε
2630 1810 2796 1864 πόθεν
2824 1809 2963 1874 ἐστὶ,
2986 1809 3106 1873 πῶς
3147 1807 3208 1873 ἐξ
3245 1809 3401 1877 ὑμῶν
3455 1804 3610 1860 ἄλλοι
3644 1802 3897 1871 λιγουσιν
3923 1800 4006 1852 ὅτι

2428 1901 2655 1957 Τοῦτον
2698 1903 2810 1957 οὐκ
2844 1898 3095 1969 οἴδαμεν
3126 1900 3316 1952 πόθεν
3361 1898 3534 1962 ἐστις
3563 1894 3821 1951 Τοιοῦτον
3850 1894 3881 1960 ἡ
3913 1906 4009 1943 πο-

2422 1996 2608 2066 νηρία,
2640 1992 3094 2062 ἔναντιολογοῦσα
3125 1993 3220 2046 καὶ
3250 1990 3563 2061 ψευδομένη
3593 1986 3914 2059 προφανῶς,
3946 1984 4007 2036 οὐ

2425 2088 2642 2157 συνίησι
2678 2128 2691 2142 .
2732 2085 2887 2155 Μέθη
2919 2085 3027 2155 γὰρ
3053 2085 3148 2137 καὶ
3178 2084 3318 2149 αῦτη
3344 2082 3546 2151 ψυχῆς.

2494 2182 2556 2234 El
2585 2180 2643 2233 δέ
2680 2196 2765 2243 τις
2803 2178 2864 2232 τὸ
2891 2178 3087 2233 Πόθεν
3120 2177 3181 2229 οὐ
3214 2176 3345 2245 περὶ
3377 2174 3546 2226 τόπου
3575 2172 3668 2223 καὶ
3725 2168 4007 2239 πατρίδος,

2422 2274 2560 2327 ἀλλὰ
2594 2274 2723 2343 περὶ
2753 2276 2944 2339 γένους
2972 2268 3070 2323 καὶ
3113 2266 3321 2337 πατρὸς
3381 2265 3574 2335 νοήσῃ,
3625 2262 3773 2314 εἴποι
3811 2260 3879 2313 ἂν
3906 2260 4010 2311 aii-

2422 2369 2550 2432 τοὺς
2580 2367 2762 2435 λέγειν
2792 2365 2875 2419 ὅτι
2932 2362 3140 2418 Τούτου
3187 2362 3287 2432 μὲν
3334 2359 3560 2428 οἴδαμεν
3623 2356 3682 2409 τὸ
3729 2356 3883 2421 γένος
3916 2350 4013 2405 καὶ

2420 2464 2510 2517 τὸν
2547 2460 2780 2530 πατέρα,
2811 2457 3036 2531 [δηλαδὴ
3070 2457 3162 2510 τὸν
3186 2454 3263 2525 (ι)
3310 2452 3535 2521 Ἰωσὴφ,
3570 2450 3647 2512 ὡς
3672 2449 3848 2501 ἐδόκει
3870 2461 3884 2475 ο
3916 2444 4011 2496 τοῦ

2420 2556 2472 2608 δὲ
2507 2554 2745 2624 Χριστοῦ
2785 2551 2846 2604 τὸ
2881 2551 3039 2617 γένος
3068 2547 3164 2601 καὶ
3197 2546 3290 2599 τὸν
3345 2542 3589 2613 Πατέρα]
3620 2540 3798 2603 οὐδεὶς
3846 2535 4013 2605 γινὼ-

2424 2666 2567 2710 σκει,
2600 2647 2689 2700 διὰ
2730 2646 2791 2698 τὸ
2823 2647 2898 2717 μὴ
2936 2641 3116 2713 ῥητῶς
3150 2637 3595 2707 ἀναγεγράφθαι.

2496 2739 2797 2806 Ἔκραξεν
2828 2765 2895 2777 -
2931 2735 3070 2803 ειμι.
3122 2730 3423 2801 Ἔκραξεν,
3473 2727 3757 2797 ἐντρέπων
3814 2721 4013 2783 αὐτοὺς

2422 2837 2494 2896 ὡς
2535 2830 3021 2892 ἑθεὶοκακοῦντας,
3062 2827 3181 2895 ἆμα
3220 2825 3277 2877 δὲ
3326 2823 3421 2875 καὶ
3468 2824 3607 2873 πᾶσι
3662 2815 3913 2885 φανερῶν
3945 2814 4014 2864 τὰ

2424 2928 2671 2997 κρυφίως
2708 2925 2843 2993 παρ’
2886 2921 3067 2975 αὐτῶν
3096 2916 3393 2985 λεγόμενα.
3433 2914 3598 2978 Λέγει
3640 2910 3696 2962 δὲ
3732 2910 3814 2962 ὅτι
3854 2906 4017 2972 Κάμὲ

2419 3021 2619 3076 cloare
2650 3020 2739 3083 τίς
2762 3020 2900 3087 ειμι,
2946 3016 3027 3067 ὅτι
3067 3012 3201 3074 Θεός
3227 3026 3240 3037 ·
3270 3009 3380 3064 Καὶ
3404 3006 3607 3060 οἴδατε
3636 3005 3823 3057 πόθεν
3868 3002 4011 3069 ειμι.

2419 3118 2501 3170 ὅτι
2531 3116 2595 3166 ὲκ
2626 3113 2842 3181 Πατρὸς
2887 3107 3049 3172 Θεοῦ,
3085 3108 3132 3159 ει
3164 3105 3242 3173 (5)
3300 3105 3395 3157 καὶ
3446 3106 3509 3154 ὲκ
3552 3099 3627 3169 (ὓ)
3653 3097 3745 3151 τοῦ
3817 3094 4013 3162 Ἰωσὴφ

706 3211 1024 3264 quanquam
1088 3211 1175 3249 vos
1221 3196 1361 3249 scire
1410 3196 1647 3267 (iugatis,
1681 3198 1822 3266 quod
1866 3214 1895 3251 a
1942 3197 2146 3269 Joseplt
2205 3201 2307 3254 sim
2341 3234 2385 3292 Ο
2420 3227 2455 3261 ιη

2265 3216 2307 3253 [τι
2341 3234 2385 3292 C
2420 3208 2621 3262 εἰδέναι
2657 3221 2721 3275 με
2784 3198 3201 3273 προσποιεῖσθε.
3244 3197 3463 3250 Εἱδὲναι
3493 3193 3549 3245 δὲ
3607 3192 3772 3244 αὑτὸν
3815 3186 4014 3292 αὐτοὺὲ

708 3288 1047 3357 progenitus.
1081 3288 1305 3343 Dicebat
1339 3298 1544 3353 autem,
1605 3290 1750 3358 quod
1786 3290 1858 3345 illi
1917 3292 2094 3361 ipsum
2145 3309 2311 3347 nove-

708 3387 834 3432 rant
872 3394 900 3431 a
936 3380 1253 3432 test‘monio
1303 3378 1557 3443 Joannis,
1617 3378 1686 3434 de
1740 3395 1849 3449 quo
1905 3380 2042 3435 dixit
2084 3401 2097 3434 :
2158 3382 2311 3436 Alius

706 3480 804 3536 est,
852 3471 942 3539 qui
992 3471 1352 3522 testimonium
1399 3470 1633 3539 perhibet
1674 3473 1737 3525 de
1787 3488 1866 3525 me
1894 3471 1972 3538 ";
2006 3472 2075 3527 ab
2123 3474 2311 3542 operi-

708 3563 812 3615 bus
850 3561 991 3624 suis,
1029 3562 1097 3615 de
1128 3561 1326 3630 quibus
1360 3563 1437 3615 ait
1471 3581 1483 3615 :
1521 3561 1646 3629 Ipsa
1699 3578 1881 3631 opera,
1923 3578 2041 3632 qua:
2086 3580 2180 3633 ego
2226 3566 2310 3635 fa-

706 3658 787 3709 cio
824 3656 1183 3708 tcstimonium
1221 3655 1492 3723 perhibent
1523 3657 1586 3707 de
1610 3671 1691 3707 me
1722 3654 1765 3685 ³⁸
1789 3673 1803 3720 ;
1827 3663 1882 3709 et
1921 3670 1949 3708 a
1984 3653 2307 3725 Scripturts,

705 3748 773 3801 de
800 3748 1001 3817 quibus
1049 3747 1303 3801 similiter
1337 3750 1414 3801 ait
1455 3765 1467 3801 :
1503 3746 1620 3802 Ille
1651 3756 1773 3801 sunt
1807 3764 1924 3817 qua
1948 3750 2310 3803 testimonium

708 3840 979 3907 perhibent
1007 3852 1071 3893 ae
1092 3855 1173 3893 me
1198 3840 1264 3895 ".

781 3931 846 3984 Et
881 3932 1165 4002 quomodo
1196 3931 1334 3987 dixit
1371 3932 1635 3986 vicesimo
1674 3932 1830 4001 juxta
1865 3932 2180 3988 Mattltatum
2214 3949 2308 3988 ca-

704 4028 817 4097 pite
853 4044 867 4079 :
923 4024 1095 4079 Nemo
1128 4027 1270 4079 novit
1321 4026 1518 4079 Filium
1553 4028 1655 4079 nisi
1716 4025 1882 4080 Pater
1905 4027 1987 4080 ⁵θῖ
2011 4028 2149 4093 Quia
2178 4029 2309 4084 illud

704 4126 770 4174 de
811 4128 1006 4174 natura
1027 4119 1350 4174 divininatis
1378 4133 1492 4174 sua:
1514 4119 1668 4184 dixit,
1695 4120 1797 4174 hoc
1826 4129 2009 4174 autem
2044 4119 2312 4190 simplici-

704 4225 788 4268 ter
817 4215 883 4269 de
916 4212 1132 4278 notitia,
1173 4213 1320 4282 quod
1358 4211 1502 4268 Deus
1532 4212 1605 4267 sit
1646 4210 1854 4282 Deique
1887 4211 2087 4268 Filius.

782 4404 936 4457 Vers.
972 4400 1067 4455 28.
1106 4398 1172 4453 Et
1203 4430 1273 4441 --
1298 4402 1436 4454 veni.
1476 4399 1651 4455 Etiam
1711 4400 2079 4472 lioc,,inquit,
2106 4406 2308 4470 nostis;

702 4514 829 4552 nam
867 4506 923 4550 ct
950 4496 999 4548 id
1033 4493 1289 4564 prmdicta
1325 4492 1529 4547 docent
1572 4494 1908 4560 testimonia,
1954 4506 2011 4551 et
2041 4500 2304 4561 maxime,

2417 3303 2605 3369 ἔλεγεν
2649 3296 2758 3351 ἀπό
2801 3312 2861 3349 τι
2900 3294 3001 3363 τῆς
3070 3292 3380 3363 μαρτυρξα;
3456 3287 3724 3347 Ἰωάννου,
3783 3282 3914 3352 περὶ
3949 3274 4012 3332 οὗ

2415 3394 2638 3462 εἴρηκεν
2677 3392 2759 3442 bri
2792 3388 3017 3450 ’Ἄλλος
3045 3382 3217 3437 ἐστὶν
3245 3384 3277 3435 ό
3293 3375 3615 3449 μαρτυρῶν
3647 3375 3782 3442 περὶ
3838 3370 4011 3439 ἐμοῦ·

2411 3490 2522 3544 ἀπό
2556 3504 2617 3540 τε
2646 3486 2757 3539 τῶν
2785 3483 2965 3554 ἔργων
2994 3479 3183 3545 αὑτοῦ,
3223 3477 3352 3549 περὶ
3382 3469 3458 3529 ὧν
3508 3468 3666 3526 εἶπεν
3704 3471 3792 3525 ὅτι
3848 3466 4015 3523 Αῠτά

2412 3582 2486 3635 τὰ
2515 3580 2661 3651 ἔργα
2716 3577 2755 3631 d
2794 3577 2909 3646 ἐγὼ
2967 3571 3139 3634 ποιῶ,
3174 3567 3468 3641 μαρτυρεῖ
3523 3565 3658 3633 περὶ
3691 3560 3839 3633 ἐμοῦ
3864 3573 3895 3591 ο·
3922 3558 4015 3651 καὶ

2416 3674 2523 3728 ἀπὸ
2556 3649 2663 3725 τῶν
2691 3667 2946 3738 Γραφῶν,
2984 3667 3114 3735 περὶ
3148 3655 3224 3717 ὧν
3277 3660 3481 3731 ὁμοίως
3537 3656 3641 3727 εφη
3690 3656 3773 3709 ὅτι
3805 3649 3997 3706 Ἐκεῖ-

2414 3768 2516 3823 ναί
2544 3766 2704 3819 εἰσιν
2730 3765 2789 3815 at
2814 3757 3227 3833 μαρτυροῦσαι
3255 3753 3389 3823 περὶ
3416 3750 3585 3821 ἐμοῦ.

2491 3943 2598 3997 Καὶ
2631 3940 2749 4002 πῶς
2783 3940 2842 3990 ὲν
2872 3934 2953 4006 τῷ
2984 3928 3218 3999 εἰκοστῷ
3250 3924 3537 3996 κεφαλαίῳ
3571 3920 3667 3977 τοῦ
3690 3919 3832 3974 κατὰ
3860 3918 4015 3973 Ματ-

2418 4037 2568 4091 οαῐον
2610 4034 2833 4103 εἴρηκεν
2882 4031 2967 4083 ὅτι
3020 4024 3235 4087 Οὐδεὶς
3269 4018 3654 4088 ἐπιγινώσκει
3709 4015 3817 4068 τὸν
3854 4013 4014 4077 flor,

2414 4128 2623 4197 ειμὴό
2649 4123 2888 4191 Πατήρ;
2926 4122 3051 4173 Ὀτι
3090 4118 3270 4171 ὲκεῖνο
3292 4115 3390 4183 μὲν
3422 4109 3545 4165 εἷπε
3590 4110 3723 4180 περὶ
3764 4108 3867 4178 τῆς
3906 4105 4015 4176 φύ-

2418 4237 2558 4283 σεως
2595 4221 2689 4289 τῆς
2724 4218 2981 4285 θεότητος
3006 4208 3175 4265 αὑτοῦ
3200 4224 3215 4241 ο
3250 4207 3412 4259 τοῦτο
3464 4205 3522 4257 δὶ
3562 4204 3697 4273 περὶ
3752 4200 3846 4255 τοῦ
3878 4200 4015 4254 εἰδέ-

2417 4333 2506 4369 ναι
2542 4312 2727 4374 ἁπλῶς
2752 4313 2834 4363 ὅτι
2865 4310 2985 4363 ἐστὶ
3011 4307 3144 4370 Θεὸς
3166 4305 3262 4358 καὶ
3303 4304 3425 4365 Υἱὸς
3460 4300 3621 4353 Θεοῦ.

2494 4409 2600 4463 Καὶ
2626 4436 2695 4447 -
2719 4403 3014 4471 ἐλήλυθα.
3078 4401 3275 4454 Οἴδατε
3322 4397 3417 4452 καὶ
3452 4394 3635 4456 τοῦτο,
3692 4391 3827 4462 φησι
3868 4408 3882 4423 ·
3921 4389 4015 4443 καὶ

2418 4502 2579 4556 τοῦτο
2623 4500 2733 4570 γὰρ
2779 4501 2833 4551 αἱ
2894 4495 3227 4565 δη).ωθεῖσαι
3294 4490 3604 4562 μαρτυρίαι
3642 4487 4014 4546 διδάσκουσιν,

699 4594 827 4661 quia
864 4589 1103 4645 Gloriatu
1134 4587 1411 4654 propriam
1447 4603 1549 4639 non
1574 4602 1773 4656 quwro,
1796 4590 1887 4642 sed
1912 4590 2140 4660 gloriam
2168 4594 2306 4663 ejus,
2343 4597 2387 4653 ι)
2416 4600 2448 4653 ἃ

2265 4611 2306 4662 Ι,
2343 4597 2387 4653 D
2416 4598 2593 4659 ἄλλως
2628 4612 2709 4658 τε,
2728 4594 2821 4646 καὶ
2843 4591 2918 4662 (7)
2942 4590 3023 4643 ὃτι
3063 4590 3147 4642 Οὐ
3178 4588 3292 4653 τὴν
3318 4584 3510 4645 δόξαν
3528 4577 3821 4649 τὴνὶδιαν
3840 4574 4014 4644 ζητῶ,

701 4688 790 4758 qui
828 4687 969 4739 misit
1006 4701 1085 4738 me
1113 4685 1175 4737 “.

778 4781 930 4833 νει-ε.
961 4780 1052 4833 28.
1098 4777 1203 4833 Sed
1227 4810 1293 4819 —
1320 4796 1420 4832 me.
1447 4776 1613 4832 Pater
1634 4792 1697 4832 ac
1730 4777 1893 4842 Deus,
1925 4779 2019 4849 qui
2058 4780 2311 4838 videlicet

698 4875 853 4928 misit
884 4888 991 4936 nm,
1030 4872 1172 4925 sicut
1220 4872 1550 4940 promiserat
1600 4886 1697 4940 per
1746 4869 2044 4941 prophetas
2096 4889 2109 4926 :
2161 4874 2309 4944 quod

696 4968 738 5020 si
795 4982 956 5019 \‘erax
1008 4973 1115 5023 est.
1174 4964 1265 5032 qui
1299 4963 1468 5027 misit,
1527 4964 1714 5034 utique
1757 4973 1813 5017 et
1871 4980 2035 5019 verax
2084 4974 2167 5021 est
2214 4969 2307 5038 qui

697 5062 901 5115 missus
919 5070 1023 5120 cst,
1058 5073 1182 5112 cum
1216 5057 1463 5127 ejusdem
1494 5056 1605 5111 sint
1638 5067 1870 5113 natura.

768 5152 927 5207 νει-ε.
953 5154 1045 5208 28.
1078 5150 1245 5218 Quem
1267 5182 1339 5191 —
1362 5152 1597 5207 novistis.
1630 5152 1832 5211 Utnote
1861 5164 2127 5226 negantes
2150 5155 2302 5210 illum

695 5249 979 5317 operibus.
1016 5248 1105 5300 Ait
1157 5247 1303 5300 enim
1359 5257 1417 5301 et
1467 5246 1752 5316 apostolus
1796 5261 1813 5301 :
1869 5244 2203 5317 Conﬁtentur
2251 5266 2306 5304 se

694 5359 844 5396 nosse
884 5341 1076 5406 Deum,
1107 5342 1264 5410 factis
1296 5350 1475 5395 autem
1504 5351 1698 5410 negant
1722 5342 1790 5396 δ’.

805 5484 849 5513 ³⁸
882 5482 1077 5539 Matth.
1137 5500 1195 5547 ιι,
1231 5483 1285 5538 5.
1402 5483 1447 5515 ⁸⁸
1474 5481 1635 5537 Joan.
1674 5497 1750 5543 ix,
1790 5480 1878 5537 29.

694 5555 735 5586 ”
768 5553 929 5609 Joan.
975 5573 1071 5621 vn,
1110 5555 1198 5608 i8.
1314 5554 1361 5585 δ’
1390 5552 1502 5608 Tit.
1536 5570 1575 5620 ι,
1614 5551 1706 5609 16.

1994 5484 2037 5517 ³⁷
2080 5481 2237 5539 Joan.
2293 5500 2346 5549 v,
2396 5482 2484 5537 32.

2414 4690 2577 4747 ἀλλὰ
2606 4691 2719 4755 τὴν
2743 4685 2935 4748 δόξαν
2964 4680 3067 4737 τοῦ
3093 4675 3452 4748 πέμψαντός
3470 4691 3565 4744 με.

2504 4784 2651 4838 Αλλ⁹
2682 4808 2751 4820 --
2773 4794 2871 4849 με.
2920 4776 2979 4831 Ὀ
3016 4774 3207 4846 Πατὴρ
3238 4776 3335 4827 καὶ
3362 4771 3517 4832 Θεὸς,
3560 4769 3635 4830 ὡς
3665 4764 3887 4833 πέμψεις
3921 4780 4015 4830 με,

2411 4874 2594 4937 καθὼς
2620 4871 2707 4926 διὰ
2745 4869 2854 4923 τῶν
2889 4865 3188 4940 προφητῶν
3220 4861 3597 4933 ἐπηγγείλατο
3625 4875 3637 4888 °
3674 4860 3722 4911 si
3769 4855 3825 4909 δὲ
3883 4854 4014 4921 ἀλη-

2413 4970 2557 5033 Θινδς
2582 4969 2609 5020 ὁ
2638 4964 2883 5036 πέμψας.
2905 4963 3158 5033 ἀληθινὸς
3179 4961 3288 5032 ἄρα
3308 4958 3403 5012 καὶ
3438 4958 3467 5010 ὁ
3490 4953 3787 5026 πεμφθεὶς,
3817 4951 3913 5020 τῆς
3936 4948 4013 5017 (8t

2413 5059 2581 5114 αὑτοῦ
2611 5057 2828 5126 φύσεως
2852 5054 2949 5110 ὢν.

2491 5156 2601 5206 Ὃν
2627 5181 2698 5191 -
2725 5150 2950 5205 οιόατε.
2994 5147 3081 5210 Ὠς
3115 5147 3228 5209 τοῖς
3253 5143 3439 5215 ῐργοις
3462 5136 3793 5209 ἀρνούμενοι
3823 5133 4011 5188 αὐτόν.

2412 5248 2551 5317 Φησὶ
2582 5245 2695 5316 γὰρ
2729 5247 2823 5297 καὶ
2845 5244 2873 5296 δ
2923 5239 3247 5300 Ἀπόστολος
3289 5236 3374 5289 ὅτι
3400 5232 3551 5287 Θεὸν
3603 5224 4013 5301 ὁμολογοῦσιν

2413 5338 2661 5403 ειδέναι,
2680 5336 2805 5403 τοῖς
2838 5334 2905 5389 δὲ
2934 5335 3135 5403 ἔργοις
3168 5328 3519 5401 ἀρνοῦνται.

2600 5482 2644 5514 ³⁸
2677 5482 2810 5537 ibid.
2851 5479 2943 5535 '56.
3058 5478 3102 5509 ”
3136 5474 3266 5531 ibid.
3302 5474 3393 5529 39.
3506 5471 3553 5501 δ’
3580 5468 3770 5525 Matth.
3805 5480 3877 5519 ιτ.
3916 5461 4009 5518 73.

1913 5620 2109 5685 Variis
2160 5620 2469 5684 lectiones
2503 5627 2566 5682 et
2600 5631 2783 5681 notae.

768 5775 846 5889 (3)
880 5774 1055 5827 Τοῦτο
1099 5772 1158 5827 Β.
1230 5843 1240 5854 _

768 5848 817 5889 Η
878 5846 1088 5889 Ini-luga
1125 5860 1240 5889 eum

766 5843 845 5915 (il
878 5846 1090 5900 Inclusa
1125 5843 1451 5900 exciderunt
1482 5844 1549 5896 Α.

764 5918 845 5992 (5)
868 5918 936 5973 Δί
963 5918 1083 5975 loco
1125 5917 1242 5980 καί,
1277 5915 1335 5973 Β,

2492 5765 2566 5830 (6)
2596 5764 2812 5817 Εἱδέναι
2848 5778 2915 5829 με
2950 5760 3017 5814 ἐκ
3066 5759 3159 5813 τοῦ
3215 5759 3416 5830 Ἰωσὴφ
3470 5757 3861 5831 προσποιεῖσθε
3940 5761 4007 5814 Δ.

2490 5836 2567 5901 (7)
2603 5837 2727 5888 Ὀτι
2756 5836 2911 5889 abest
2942 5833 3009 5887 A.

2486 5909 2564 5979 (Β)
2600 5908 2711 5979 Τῆς
2746 5906 2921 5977 αὐτῆς
2950 5904 3016 5973 Α,
3072 5905 3219 5978 quod
3253 5904 3561 5962 Hentcnius
3595 5902 3760 5959 etiam
3825 5903 4010 5959 habet.
