4430 6460
426 405 567 473 1273

490 518 642 588 ἐγὼ
676 548 745 560 -
775 520 917 589 σιμί.
946 520 1094 575 Διότι
1134 522 1194 588 ἐξ
1216 523 1387 578 αὐτοῦ
1420 527 1564 595 ειμι,
1600 527 1660 590 ἐξ
1703 529 1873 583 αὐτοῦ

418 609 712 679 γέννημσι.
746 611 855 665 Καὶ
886 610 1064 667 ὀπίσω
1100 613 1157 666 δὲ
1196 615 1444 684 εἴρηκεν.
1475 618 1588 686 Οὐχ
1614 615 1705 671 ὄτι
1739 620 1850 673 τὸν
1891 624 2009 675 Πα-

416 700 559 766 τέρα
588 717 676 765 τις
697 701 980 769 ἑώρακεν,
1010 705 1063 757 si
1076 702 1162 772 μὴ
1189 706 1223 758 ό
1245 704 1331 757 ὢν
1351 706 1511 775 παρὰ
1530 707 1636 763 τοῦ
1669 710 1841 764 Θεοῦ.

488 883 774 949 Eduich
800 900 878 951 με
898 885 1241 940 ἀπέστειλε.
1270 888 1519 959 Συπχῶς
1540 890 1688 959 λέγει
1730 895 1862 964 περὶ
1901 896 2006 963 τῆς

415 976 741 1041 ἀποστολῆς,
811 976 1143 1047 βουλόμενος
1193 982 1381 1033 πείσαι
1443 983 1646 1046 αὐτοὺς
1674 984 1757 1037 ὅτι
1809 984 1875 1039 ἑκ
1910 985 2008 1039 τοῦ

413 1065 551 1119 Θεοῦ
583 1068 947 1132 ἀπέσταλται,
987 1072 1080 1123 καὶ
1135 1070 1237 1124 οὐκ
1280 1070 1429 1125 ἔστιν
1472 1075 1721 1138 ἀντίθεος
1760 1074 1836 1140 ὡς
1871 1094 2012 1147 προ-

414 1157 673 1221 λαϐόντες
705 1163 1030 1231 ιίρήκαμιν.
1069 1162 1223 1234 Ἀμα
1247 1164 1423 1218 δὲκαὶ
1454 1168 1535 1229 sl;
1570 1167 1873 1237 θεραπείαν
1896 1168 2007 1222 τῶν

414 1254 872 1320 προσισταμένων
900 1253 1083 1315 αὐτοῖς
1112 1254 1441 1325 θεοπρεπῶν
1471 1259 1740 1326 ῥημάτων
1761 1258 1798 1313 ἀ
1836 1277 2008 1327 παρι-

415 1341 609 1411 μίγνυι
648 1344 906 1409 πολλάκις
933 1348 1045 1409 τοῖς
1072 1347 1608 1419 ἀνθρωποπρεπέσιν
1643 1352 1830 1406 αὐτοῦ.

486 1435 770 1502 Ἐζήτουν
800 1468 868 1478 --
892 1438 1131 1494 πιάσαι.
1184 1441 1539 1512 Ἐπλήγησαν
1571 1444 1682 1513 γὰρ
1732 1444 2007 1499 ἀκούσανο

407 1544 500 1593 τις
532 1531 612 1583 ὅτι
648 1532 757 1582 ‘Or
795 1532 968 1599 ὑμεῖς
995 1532 1109 1586 οὐκ
1129 1530 1353 1589 οἴδατε.

483 1712 592 1766 Καὶ
619 1742 689 1752 —-
728 1713 941 1784 zsi’paJ
974 1714 1291 1786 Ἐπτίχοντο
1323 1717 1434 1788 γὰρ
1482 1719 1729 1787 ἀοράτως
1766 1720 1872 1775 ὑπὸ
1903 1722 2005 1792 τῆς

412 1804 643 1873 ἐνούσης
676 1807 753 1873 (9)
784 1805 936 1876 αὐτῷ
970 1806 1121 1871 θείας
1144 1807 1454 1879 δυνάμεως.

479 1896 699 1948 Ὀτι-
725 1896 934 1952 αὑτοῦ.
984 1897 1053 1951 Ἦ
1089 1898 1188 1953 τοῦ
1241 1899 1625 1971 συλληφθῆναι
1670 1905 1767 1957 καὶ
1804 1904 2001 1957 παθεῖν

410 1988 616 2040 αὐτόνυ

478 2080 705 2136 Πολλοί
736 2110 805 2122 --
826 2082 1036 2137 αὐτόν.
1075 2082 1215 2136 ’Υπό
1242 2100 1303 2137 τε
1333 2085 1443 2137 τῶν
1476 2086 1870 2155 προλαϐόντων
1898 2106 1995 2160 ση-

411 2174 602 2245 μείων,
642 2175 749 2227 ὑπό
772 2191 830 2228 τε
858 2174 969 2228 τῶν
996 2175 1123 2245 ἀρτι
1156 2178 1434 2246 ῥηθέντων
1451 2178 1634 2257 λόγων
1662 2181 1997 2249 ἐαλωκότες.

474 2270 583 2323 Καὶ
636 2300 705 2309 -
756 2267 1088 2336 ἐποίησεν;
1116 2271 1179 2323 El
1232 2274 1324 2323 καὶ
1353 2273 1712 2338 ἐπίστευσαν,
1751 2277 1869 2329 ἀλλ’
1903 2279 2003 2349 οὐχ

404 2358 595 2429 ὑγιῶς.
627 2362 888 2424 Εἰπόντος
941 2364 1047 2432 γάρ
1098 2364 1181 2417 δτι
1218 2363 1283 2417 ⁸0
1314 2368 1571 2432 Χριστὸς
1627 2369 1777 2422 ὅταν
1812 2370 1999 2439 ἔλθῃ.

402 2454 613 2521 ιδειξαν
639 2456 722 2509 ὅτι
748 2456 848 2510 οὐκ
873 2459 1204 2511 ιπίστιυσαν
1238 2458 1479 2528 βεϐαίως
1506 2462 1673 2515 αὐτὸν
1715 2458 1859 2517 εἶναι
1908 2466 2001 2517 τὸν

404 2544 665 2616 Χριστὸν,
704 2547 822 2600 ἀλλ’
856 2549 1202 2617 ἀμφισόλως,
1239 2550 1314 2614 ὼς
1344 2552 1595 2620 ἀγελαῖοι
1640 2555 1738 2608 καὶ
1778 2556 1999 2625 κοῦφοι.

477 2730 546 2786 Ἦ
582 2733 674 2786 καὶ
699 2730 824 2785 καθ’
853 2732 1114 2786 ὑπόθεσιν
1141 2733 1303 2787 τοῦτο
1322 2730 1499 2800 εἷπον,
1535 2738 1619 2789 ὅτι
1643 2737 1859 2808 Θῶμιν,
1882 2741 2002 2795 ἑτι-

406 2842 501 2895 ρον
532 2822 673 2879 εἶναι
705 2825 797 2879 τὸν
832 2828 1091 2897 Χριστὸν.
1126 2827 1203 2890 ὡς
1246 2830 1295 2881 οί
1335 2830 1601 2899 ἄρχοντες
1622 2831 1877 2900 λέγουσιν
1901 2849 1914 2862 ⁸
1973 2837 2003 2889 ὁ

404 2920 639 2989 Χριστὸς
668 2919 726 2971 ὃν
760 2920 915 2973 αὐτοί
959 2936 1153 2987 φασιν,
1180 2920 1313 2974 ὅταν
1350 2922 1503 2993 ἔλθῃ,
1543 2925 1618 2993 μή
1654 2942 1711 2977 τι
1755 2925 2003 2980 δυνατώο

399 3030 559 3083 τερος
590 3014 744 3066 ἔσται
780 3012 977 3066 τούτου
1004 3031 1018 3079 ;
1044 3013 1189 3085 οὐχί,

1359 414 1751 480 COMMENT.
1811 419 1897 481 IN
1954 420 2336 492 JOANNEM.
2374 458 2447 469 -
2494 437 2652 499 CAP.
2695 441 2826 503 ΠΙ.

3581 448 3716 515 1274

1918 537 2087 630 ἴτε-Δ
2192 540 2347 597 Vers.
2401 544 2494 599 29.
2546 546 2898 618 Ego—sim.
2967 554 3101 622 Qeia
3152 574 3218 613 ex
3269 559 3386 630 ipso
3442 576 3587 624 sum.
3645 580 3712 619 ex

2120 631 2242 699 ipso
2287 643 2449 689 natus
2503 654 2647 695 sum.
2710 641 2844 695 Nam
2883 655 2935 700 et
2991 648 3044 700 in
3093 651 3475 718 superioribus
3517 654 3649 707 dixit
3696 674 3708 710 :

2115 721 2236 776 Non
2267 728 2407 788 quod
2440 727 2658 784 Patrem
2692 736 2963 803 quispiam
2989 740 3193 803 uiderit,
3230 743 3335 795 nisi
3358 744 3400 796 is
3429 745 3518 811 qui
3545 762 3577 797 α
3604 745 3713 799 Deo

2114 825 2191 869 est
2224 815 2291 870 ".

2189 908 2345 964 Vcrs.
2372 910 2464 965 29.
2506 911 2571 964 Et
2603 914 2694 968 ille
2729 934 2809 971 me
2844 921 3005 974 misit.
3039 923 3311 978 Continuo
3340 924 3407 979 de
3447 928 3713 981 missione

2114 1002 2378 1069 loquitor,
2444 1004 2635 1060 volens
2689 1009 2795 1063 illis
2856 1013 3208 1081 persuadere,
3265 1016 3412 1083 quod
3487 1032 3517 1070 a
3603 1018 3713 1071 Deo

2111 1096 2316 1151 missus
2345 1108 2515 1161 esset,
2547 1114 2649 1154 nec
2685 1102 2793 1155 Deo
2827 1105 3140 1157 contrarius
3172 1116 3337 1168 esset.
3375 1107 3518 1161 sicut
3548 1120 3709 1164 antea

2112 1189 2396 1253 diximus:
2434 1194 2597 1248 simul
2627 1196 2790 1249 etiam
2825 1196 2891 1250 ad
2938 1196 3266 1250 medendum
3298 1198 3500 1253 divinis
3531 1200 3712 1254 verbis

2109 1283 2310 1352 quibus
2343 1284 2464 1338 illos
2498 1284 2827 1349 oﬂenderat,
2862 1302 2983 1355 quae
3026 1286 3343 1355 frequenter
3373 1288 3555 1344 verbis
3611 1291 3712 1343 hu-

2110 1389 2277 1427 mano
2312 1388 2466 1427 more
2493 1373 2653 1429 dictis
2686 1377 3074 1444 permiscebat.

2185 1465 2341 1521 Vers.
2398 1467 2502 1523 50.
2579 1467 2901 1539 Ωιιῳτεὸαπι
2965 1499 3033 1507 —
3086 1471 3497 1535 apprehendere.
3574 1467 3708 1523 Nam

2108 1574 2252 1629 δἐι-θ
2303 1562 2591 1616 audierant
2648 1560 2919 1615 dicentem
2976 1578 2990 1615 :
3054 1560 3222 1624 Quem
3276 1577 3363 1613 vos
3441 1576 3545 1614 non
3614 1577 3710 1614 no-

2111 1651 2279 1703 uiuis.

2184 1741 2435 1797 νει-850.
2471 1742 2537 1796 Et
2567 1772 2635 1781 —
2660 1757 2901 1794 manum.
2944 1739 3298 1793 Tenebantur
3336 1740 3609 1809 siquidem
3644 1740 3712 1793 ab

2111 1832 2263 1885 unita
2311 1832 2409 1901 ipsi
2460 1833 2642 1886 divina
2678 1833 2898 1885 virtute.

2181 1924 2347 1977 Vcrs.
2413 1925 2519 1978 50.
2582 1922 2720 1988 Quia
2768 1952 2838 1962 -—
2877 1922 3015 1990 ejus.
3071 1918 3190 1984 Qua
3250 1920 3427 1975 teneri
3480 1936 3543 1975 ac
3602 1925 3712 1990 pati

2107 2016 2450 2070 decreverat.

2180 2106 2337 2163 Vers:
2376 2109 2465 2161 51.
2509 2105 2955 2159 Multi—ilium.
3000 2107 3039 2155 A
3073 2102 3350 2171 prsedictis
3403 2103 3597 2175 signis,
3654 2114 3711 2158 et

2109 2218 2137 2256 a
2169 2200 2519 2255 sermonibus
2554 2199 2715 2252 modo
2755 2196 2915 2251 dictis
2949 2196 3115 2265 capti.

2180 2292 2334 2346 Vers.
2379 2293 2468 2346 51.
2511 2291 2577 2344 Et
2604 2321 2676 2330 —
2706 2291 2863 2360 fecit?
2906 2288 3277 2343 Crediderunt
3306 2286 3551 2354 quidem,
3602 2302 3707 2340 nou

2107 2395 2289 2441 tamen
2353 2384 2596 2455 perfecte
2645 2399 2852 2437 z-nam
2932 2383 3177 2435 dicentes
3227 2398 3239 2433 :
3301 2380 3537 2435 Christus
3592 2396 3709 2432 cunt

2107 2482 2326 2539 venerit,
2381 2478 2747 2532 ostendebant
2814 2492 2872 2530 se
2924 2491 3035 2530 non
3100 2475 3330 2528 firmiter
3386 2474 3707 2537 credidisse,

2106 2590 2233 2627 eum
2268 2588 2390 2627 esse
2437 2572 2741 2631 Christum.
2790 2570 2885 2625 sed
2935 2570 3103 2623 dubio
3142 2568 3326 2634 modo,
3378 2575 3571 2639 utpOte
3613 2568 3713 2622 ab-

2106 2667 2232 2737 jecti
2269 2677 2324 2720 et
2353 2666 2519 2719 leves.

2182 2760 2291 2812 Aut
2350 2758 2401 2811 id
2463 2773 2529 2811 ex
2592 2756 2974 2825 suppositione
3046 2754 3304 2808 dixerunt
3360 2770 3375 2806 :
3437 2731 3712 2805 Ponamds

2108 2853 2456 2925 postmodum
2490 2861 2782 2904 venturum
2813 2864 2937 2903 esse
2981 2847 3290 2908 Christum,
3322 2848 3486 2901 veluti
3522 2847 3713 2901 dicunt

2107 2944 2383 3014 principes
2439 2943 2790 2995 sacerdotum
2849 2938 3160 2994 :Christus
3207 2938 3317 3002 ille,
3372 2952 3537 3006 quem
3608 2936 3710 3005 ipsi

2108 3037 2473 3095 dicunt,eum
2513 3033 2750 3095 venerit,
2798 3047 2931 3085 num
2985 3033 3088 3085 hoc
3129 3030 3301 3100 magis
3354 3028 3710 3083 admirandus

2109 3126 2253 3180 erit?
2285 3140 2653 3195 nequaquam.

477 3183 798 3236 Ἤκουσαν
829 3180 1157 3282 ᾖταῦτα..
1191 3182 1477 3236 Ἤκουσαν
1516 3184 1573 3235 ιν
1610 3185 1777 3257 ἑτέρᾳ
1813 3188 2003 3260 ἡμέρᾳ
2032 3222 2077 3282 c
2183 3217 2222 3270 V

1970 3206 2003 3260 ᾳ
2032 3222 2077 3282 C
2183 3217 2339 3271 Vers.
2374 3180 2464 3271 :32.
2486 3180 2804 3270 'Audierunt
2837 3243 2903 3255 --
2935 3217 3065 3268 hac.
3118 3214 3429 3267 Audierunt
3460 3211 3712 3281 sequenti

401 3274 671 3347 δηλονότι.
707 3275 746 3327 Γ
749 3274 1079 3343 ογγύζοντος
1112 3274 1192 3340 δὲ,
1239 3276 1409 3346 ἤγουν

405 3368 547 3423 κατά
582 3370 689 3421 τῶν
723 3368 1002 3439 ἀρχόντων
1034 3366 1314 3435 λέγοντος.

475 3462 585 3515 Kal
618 3490 689 3501 —
721 3462 933 3515 αὐτόν.
978 3462 1067 3525 Ὠς
1101 3462 1479 3532 ἀποσχίζοντα
1501 3466 1592 3518 τὸν
1614 3465 1766 3520 λαόν.
1814 3468 1879 3519 Ὠ
1904 3467 2007 3538 τῆς

407 3554 628 3625 μανίας,
694 3554 899 3625 μᾶλλον
963 3555 1020 3607 δὲ
1073 3555 1174 3625 τῆς
1236 3556 1460 3620 ἀνοίαςί
1516 3560 1679 3612 Αὐτοὶ
1738 3559 2005 3624 πολλάκις

412 3650 876 3719 ιπιχειρήσαντες
907 3650 1005 3701 καὶ
1034 3649 1138 3701 οὐκ
1171 3650 1497 3721 ἰσχύσαντες
1537 3654 1654 3715 τοῖς
1690 3653 2005 3722 ὑπηρέταις

405 3742 465 3795 τὸ
494 3742 731 3813 πρᾶγμα
778 3740 1118 3811 ἐπέτρεψαν,
1168 3744 1260 3796 τόν
1304 3760 1365 3797 τε
1408 3744 1584 3814 θυμὸν
1639 3746 2006 3817 παραμυθού-

408 3851 583 3906 μενοι,
615 3838 709 3888 καὶ
760 3836 857 3905 τὴν
901 3836 1193 3889 ἀσθένειαν
1233 3837 1447 3890 ἑαυτῶν
1500 3838 2003 3906 συγκαλύπτοντες.

477 4020 668 4080 εἶπεν
696 4055 762 4067 -—
788 4027 927 4100 ειμι.
961 4025 1162 4094 Ἔλεγε
1196 4027 1297 4096 μὶν
1343 4026 1481 4097 πρὸς
1512 4028 1572 4081 τδ
1592 4028 1827 4100 πλῆθος,
1857 4032 2006 4084 ἀττε-

406 4121 615 4175 τείνττο
669 4121 726 4174 δὲ
768 4120 905 4192 πρὸς
954 4120 1085 4184 τοὺς
1136 4122 1579 4187 ἀποστείλαντας
1638 4125 1768 4189 τοὺς
1801 4126 2008 4198 ὑπηρέ-

406 4230 525 4277 τας.
560 4215 959 4284 Δυσωπητικδν
982 4214 1041 4267 δὲ
1068 4214 1133 4269 τὸ
1163 4214 1319 4286 ῥῆμα
1344 4214 1485 4285 πρὸς
1519 4217 1876 4291 καταστολὴν
1904 4222 2008 4291 τῆς

408 4308 609 4379 μανίας
663 4306 850 4360 αὐτῶν
876 4323 892 4338 °
938 4308 1072 4363 Ἔτι
1116 4308 1341 4378 μικρὸν
1392 4311 1622 4379 χρόνον
1666 4312 1796 4379 μεθ’
1841 4313 2010 4381 ὑμῶν

401 4403 544 4473 ειμι,
581 4403 677 4455 τὸν
725 4401 856 4471 ἀχρι
913 4399 1007 4455 τοῦ
1060 4401 1255 4473 Πάσχα
1317 4400 1498 4473 δηλῶν
1530 4418 1547 4435 ο
1596 4402 1789 4457 τοῦτον
1849 4406 2010 4460 ιιόνον

401 4498 507 4553 ἀνα
515 4516 579 4567 με
590 4496 761 4551 ίνατι.

475 4593 587 4649 Καὶ
616 4621 689 4632 -
727 4608 828 4661 με.
863 4592 996 4647 Ὅτι
1041 4590 1343 4664 ἀναληφθῶ
1374 4593 1455 4659 τίς
1487 4593 1582 4647 τὸν
1610 4592 1864 4665 οὐρανόν.

478 4778 791 4847 Ζητήσετέ
818 4809 889 4821 -
924 4780 1243 4850 εὑρήσετε.
1290 4779 1453 4844 Εἰκὸς
1494 4781 1605 4852 γάρ
1657 4781 1895 4844 πολλοὺς
1952 4782 2013 4847 ἐξ

406 4874 593 4928 αὐτῶν
632 4892 738 4945 μνη
749 4873 1002 4945 μονεύτιν
1026 4874 1221 4940 αὑτοῦ,
1261 4875 1358 4929 καὶ
1387 4874 1574 4945 ζητεῖν
1596 4875 1762 4929 αὐτὸν
1788 4876 2010 4947 βοηθὸν,

406 4970 503 5024 καὶ
544 4967 751 5038 μᾶλλον
779 4968 1162 5039 ἁλισκομένων
1196 4968 1309 5023 τῶν
1377 4968 1797 5041 Ἰεροσολύμων.

488 5158 593 5217 Καὶ
632 5189 703 5200 -
731 5158 957 5216 ἐλθεῖν.
984 5158 1161 5215 Ὀπου
1188 5158 1308 5231 τιμὶ
1334 5158 1482 5217 τότε.
1514 5159 1678 5230 Δηλοῖ
1702 5160 1760 5215 δὲ
1787 5160 1890 5234 τὴν
1920 5164 2014 5217 ἐπὶ

415 5254 515 5309 τοῦ
548 5254 785 5325 οὐρανοῦ
812 5255 870 5309 ιν
898 5253 1051 5326 δεξιᾷ
1094 5253 1192 5307 τοῦ
1227 5254 1452 5326 Πατρδς
1488 5254 1787 5328 καθέδραν.

484 5345 678 5405 εἷπον
703 5379 776 5388 -
801 5348 1039 5415 “mir;
1103 5347 1355 5404 Ἐπαθόν
1397 5366 1451 5404 τι
1481 5349 1621 5421 πρὸς
1642 5352 1782 5415 ,τοὺς
1817 5352 2012 5424 λόγους

412 5443 609 5513 αὐτοῦ,
666 5442 1091 5515 δυσωπηθέντες
1147 5444 1374 5510 αὐτοὺς,
1425 5444 1523 5497 καὶ
1584 5444 1814 5515 ζητοῦσι
1873 5453 2011 5519 πρὸς

522 5629 567 5661 ⁸⁸
600 5628 757 5685 Jom.
790 5646 866 5697 vI,
890 5631 982 5699 46.

1458 3276 1556 3329 σὺν
1589 3281 1896 3351 γογγυσμῷ
1926 3283 2004 3354 τῷ
2042 3276 2077 3282 Ψ
2110 3307 2367 3362 videlicet
2406 3308 2513 3361 die.
2570 3306 3004 3360 Murmurantem
3048 3320 3199 3367 vero,

1962 3283 2004 3354 ᾦ
2110 3307 2367 3362 videlicet
2406 3308 2513 3361 die.
2570 3306 3004 3360 Murmurantem
3048 3320 3199 3367 vero,
3241 3305 3357 3358 sive
3396 3319 3521 3358 cum
3557 3320 3711 3356 mur-

2111 3418 2269 3457 mure
2300 3402 2565 3455 adversus
2604 3399 2885 3469 principes
2927 3400 3239 3467 loquentem

2188 3496 2339 3550 Vers.
2396 3493 2488 3548 .32.
2542 3492 2872 3546 Et—eum.
2935 3488 3221 3558 Tanquam
3275 3497 3713 3542 commoventem

2111 3588 2373 3660 populum
2416 3586 2482 3639 ad
2515 3585 2865 3640 seditionem.
2899 3581 2943 3637 Ο
2982 3582 3342 3637 dementiam.
3390 3579 3563 3646 magis
3615 3594 3716 3632 au-

2112 3692 2222 3737 tem
2259 3678 2561 3733 insaniam!
2598 3677 2736 3731 Cum
2762 3676 2864 3747 ipsi
2896 3676 3210 3744 frequenter
3247 3682 3574 3737 tentassent,
3612 3686 3717 3725 nec

2112 3774 2445 3845 potuissent,
2497 3772 2767 3825 ministris
2828 3784 2942 3824 rem
3007 3767 3459 3821 commiserunt:
3538 3774 3596 3819 ut
3651 3764 3720 3819 de

2113 3867 2302 3920 furore
2335 3864 2772 3918 consolationem
2802 3861 3140 3930 acciperent,
3183 3872 3339 3913 suam
3397 3866 3581 3911 autem
3613 3855 3719 3909 im-

2114 3959 2471 4015 becillitatem
2526 3957 2898 4012 occultarent.

2184 4052 2349 4108 Vers.
2396 4052 2488 4106 53.
2524 4050 2761 4104 Dixit—
2794 4064 2933 4101 sum.
2993 4042 3330 4099 Multitudini
3372 4041 3593 4112 quidem
3635 4042 3721 4094 lo-

2114 4148 2448 4220 quebatur:
2507 4142 2835 4200 intendebat
2898 4149 3082 4193 autem
3142 4138 3209 4192 ad
3272 4137 3576 4195 ministros.
3628 4134 3722 4204 qui

2115 4243 2268 4299 missi
2300 4249 2460 4297 erant
2496 4259 2510 4295 :
2540 4249 2624 4294 est
2665 4238 2814 4294 enim
2862 4233 3192 4307 placationis
3225 4232 3452 4286 verbum
3481 4231 3547 4285 ad
3600 4245 3723 4284 cor-

2115 4335 2431 4406 ruptionem
2464 4331 2694 4388 insaniae
2726 4329 2944 4383 illorum
2986 4341 3000 4381 :
3036 4325 3217 4379 ΑάΙιιιι
3244 4321 3451 4378 modico
3491 4334 3724 4387 tempore

2115 4430 2383 4483 vobiscum
2414 4444 2551 4485 sum,
2612 4421 2930 4495 signiﬁcans
2987 4426 3206 4489 tempus
3265 4431 3441 4487 usque
3497 4415 3566 4469 ad
3616 4412 3722 4467 Pa-

2117 4518 2249 4574 scha
2306 4534 2320 4572 :
2373 4519 2479 4573 hoc
2517 4531 2649 4588 ergo
2681 4514 2857 4569 solum
2888 4510 3227 4581 exspectate.

2040 4578 2091 4639 Β
2190 4609 2346 4666 Vers.
2412 4611 2505 4665 55.
2574 4578 2640 4662 ἐι
2684 4636 2756 4647 —-
2801 4621 2904 4660 me.
2984 4578 3123 4657 Cum
3184 4616 3434 4656 assumar
3500 4600 3557 4654 in
3608 4614 3722 4654 eo:-

2138 4721 2250 4760 um.

2138 4721 2250 4760 um.

2114 4707 2129 4761 I
2188 4794 2349 4851 νει-ε.
2379 4796 2471 4851 54.
2501 4792 2763 4859 Ωιιωνειίι
2809 4821 2873 4831 -
2899 4790 3197 4844 invenietis.
3229 4786 3515 4857 Siquidem
3578 4783 3726 4839 veri-

2116 4889 2294 4945 simile
2348 4898 2455 4951 est,
2511 4886 2659 4955 quod
2722 4883 2879 4939 multi
2956 4896 3148 4937 eorum
3227 4879 3500 4934 recordati
3556 4877 3729 4947 ipsius

2120 4983 2461 5053 quaesierunt
2514 4995 2641 5034 eum
2707 4976 3116 5042 auxiliatorem,
3176 4984 3231 5029 et
3290 4972 3531 5027 maxime
3597 4971 3726 5025 dum

2124 5075 2505 5147 Hierosolyma
2541 5079 2898 5143 caperentur.

2200 5169 2355 5226 Vers.
2390 5170 2480 5224 54.
2526 5167 2595 5221 Et
2626 5196 2694 5207 —-
2720 5167 2921 5221 venire.
2957 5163 3053 5219 Ubi
3084 5171 3215 5216 tunc
3269 5175 3387 5216 ero.
3445 5156 3732 5230 Signiﬁcat

2121 5274 2305 5321 autem
2343 5264 2647 5319 sessionem
2692 5261 2760 5316 ad
2789 5261 3070 5315 dexteram
3102 5255 3302 5309 Patris.

2195 5359 2355 5415 Vere.
2416 5356 2507 5412 55.
2567 5354 2828 5411 Dixerunt
2880 5383 2950 5393 —
2997 5349 3157 5405 Vers.
3204 5347 3294 5403 56.
3361 5346 3580 5401 venire?
3639 5342 3733 5397 Af-

2124 5453 2250 5509 fecti
2297 5450 2707 5521 quodammodo
2745 5457 2871 5505 sunt
2917 5447 2983 5501 ad
3016 5458 3310 5501 sermones
3339 5442 3482 5513 ejus,
3533 5439 3734 5510 quibus

1594 5721 1798 5784 Variae
1828 5720 2141 5784 lectiones
2188 5727 2251 5783 et
2295 5728 2491 5783 notes.

492 5901 565 5971 (9)
650 5897 908 5966 ἐν’,ύσης
941 5899 1007 5957 Α.
1056 5899 1183 5954 Tale
1228 5902 1357 5971 quid
1437 5903 1657 5958 videtur
1713 5903 1988 5975 reperisse
2022 5900 2241 5958 llcntcn

1837 5903 1988 5959 eris-se
2022 5900 2353 5958 llcntcuius.
2392 5898 2499 5960 Sed
2545 5900 2621 5957 ita
2656 5899 3044 5971 corrigendum
3090 5909 3237 5957 esset
3265 5899 3586 5971 ίνωοιίτης.
