4430 6460
430 389 451 451 1
464 388 568 456 285

1345 394 1733 456 COMMENT.
1778 392 1858 452 IN
1898 391 2281 456 JOANNEM.
2325 420 2394 435 -
2432 400 2588 461 CAP.
2636 404 2800 463 VIII.

3561 425 3696 490 i288

420 506 515 572 χοῦ
543 504 691 572 λέγει
721 506 809 559 διά
842 504 941 576 τὴν
974 507 1262 562 ἀσθένειαν
1296 510 1498 573 αὐτῶν,
1529 511 1614 562 ἵνα
1651 513 1881 572 ἐκείνοις
1908 514 2006 581 μὲν
2039 515 2079 567 Λ
2111 527 2169 578 (ιι

1950 514 2006 564 ὲν
2039 515 2079 567 Λ
2111 513 2301 578 quitur
2330 527 2555 586 propter
2585 533 2774 573 corum
2812 521 3241 581 imbecillitatem
3271 541 3351 593 ,ut
3413 534 3520 589 illis
3572 544 3696 607 qui.

418 596 505 665 εἴη
558 599 877 666 ἁσυμφανῆ,
932 601 1045 662 τοῖς
1093 599 1490 671 δυνατωτέροις
1549 602 1606 654 δὲ
1657 605 2007 671 Χριστιανοῖς

420 689 663 755 ἐμφανῆ.
705 688 829 740 Ἐπὶ
856 689 1079 743 πάντων
1104 687 1198 745 οὖν
1228 690 1341 745 τῶν
1377 693 1636 747 τοιούτων
1664 695 1873 766 ταύτην
1921 699 2008 767 γί-

420 795 597 831 νωσκε
628 778 726 848 τὴν
755 782 844 832 αίτ
854 782 959 835 ίαν.

489 869 640 940 Ἐγὼ
662 872 1033 942 -ἐμαυτοῦ,
1070 876 1240 931 Πάλιν
1262 879 1398 949 πρὸς
1423 879 1509 932 τόο
1540 880 1622 933 Σὺ
1649 882 1783 949 περὶ
1818 899 2007 938 σεαυ-

415 961 525 1015 τοῦ
546 965 886 1032 μαρτυρεῖς,
903 970 1134 1021 ποιεῖται
1153 970 1246 1021 τδν
1265 970 1447 1040 λόγον,
1474 972 1619 1041 Ἐγώ
1642 977 1780 1041 εἰμι.
1806 975 2003 1041 λέγων,

416 1055 451 1105 ό
474 1055 795 1122 μαρτυρῶν
821 1061 954 1127 περὶ
982 1062 1267 1130 ἐμαυτοῦ,
1294 1064 1342 1115 ει
1373 1064 1467 1116 καὶ
1501 1065 1680 1129 οὐδεὶς
1735 1072 2007 1137 μαρτυρεῖ

416 1148 544 1211 περὶ
578 1147 774 1201 ἑαυτοῦ
804 1168 819 1181 ο
858 1152 969 1221 ἐγὼ
1028 1155 1130 1223 μὲν
1162 1155 1271 1228 γὰρ
1304 1156 1381 1220 ὡς
1432 1158 1587 1223 Θεὸς,
1614 1159 1789 1224 οὐδεὶς
1833 1163 1889 1215 δὲ
1928 1164 2004 1229 ὡς

414 1238 719 1307 ἄνθρωπος.

482 1424 591 1477 Καὶ
625 1455 691 1466 -
722 1428 944 1497 Πατήρ.
978 1430 1041 1484 Ei
1075 1431 1150 1499 μὴ
1178 1430 1290 1500 ἐγὼ
1320 1433 1461 1489 δοκῶ
1489 1436 1619 1505 ὑμῖν
1661 1438 1999 1503 ἀξιόπιστος.

411 1517 700 1586 Μαρτυρεῖ
744 1520 854 1593 γάρ
889 1521 979 1574 διά
1010 1522 1105 1576 τοῦ
1146 1533 1428 1596 προφήτου
1485 1529 1686 1596 λέγων’
1730 1532 1863 1587 ἰδοὺ
1908 1536 1999 1589 τέ-

411 1608 570 1662 θεικά
605 1627 664 1662 σε
694 1612 773 1675 είς
795 1614 912 1680 φῶς
937 1614 1129 1680 ἐθνῶν,
1159 1616 1351 1687 [ἦγουν
1380 1620 1494 1689 (55)
1523 1622 1603 1683 είς
1626 1623 1688 1675 τὸ
1710 1620 1855 1678 εἶναι
1886 1627 2001 1693 φῶς

412 1698 632 1769 vivam]
667 1702 1003 1773 Προείρηται
1032 1705 1091 1758 δὶ
1127 1709 1224 1759 καὶ
1260 1710 1319 1762 ὲν
1355 1710 1435 1781 τῷ
1461 1711 1677 1783 ἑϐδόμῳ
1711 1717 1998 1787 κεφαλαίῳ

411 1795 526 1856 πῶς
557 1797 585 1847 ὀ
616 1798 805 1868 Πατὴρ
842 1804 1114 1871 μαρτυρεῖ
1147 1803 1280 1874 περὶ
1312 1804 1501 1871 αὑτοῦ,
1531 1807 1666 1861 ἔνθα
1706 1812 1885 1863 κεῖται
1910 1811 1993 1873 τὸ,

407 1885 515 1936 Καὶ
546 1888 579 1936 d
616 1884 860 1955 πέμψας
879 1906 957 1957 με
982 1893 1187 1963 Πατὴρ
1208 1894 1346 1965 (34),
1380 1898 1564 1964 αὐτὸς
1581 1902 2000 1969 μεμαρτύρηκε

407 1973 543 2039 περὶ
566 1974 736 2042 ἐμοῦ.

482 2066 735 2136 Ἔλεγον
763 2097 837 2113 -—
872 2074 1027 2141 σοῦ;
1080 2077 1308 2148 Ἔλεγον
1342 2082 1504 2135 τοῦτο
1534 2085 1998 2153 προσποιούυιενοι

404 2157 619 2227 ἀγνοεῖν
652 2164 775 2219 τίνα
804 2166 953 2235 λέγει
977 2170 1217 2241 Πατέρα,
1241 2174 1335 2226 καὶ
1363 2176 1737 2246 πειράζοντες.

398 2346 399 2349 “
489 2348 797 2421 Ἀπεκρίθη
856 2385 931 2396 -
990 2376 1129 2427 μου.
1192 2359 1327 2434 [Ὦς
1386 2364 1499 2435 (35)
1564 2371 1996 2438 προσπυιεισθεο

405 2443 472 2511 τῇ
500 2442 731 2514 ἀληθείᾳ
763 2447 875 2519 γὰρ
905 2449 1109 2517 οἴδατε,
1138 2454 1325 2519 καθὼς
1350 2460 1447 2512 καὶ
1473 2459 1735 2530 ἀνωτέρω
1758 2462 1995 2532 δεδήλω-

404 2550 516 2588 ται.
549 2538 618 2589 Ἢ
646 2537 809 2591 τοῦτο
838 2536 960 2595 εἷπε
981 2586 995 2608 ,
1032 2544 1170 2597 διότι
1236 2551 1666 2617 προσεποιοῦντο
1705 2556 1997 2621 γινώσκειν

404 2627 565 2680 αὐτὸν
598 2630 713 2683 υἱὸν
748 2632 843 2685 τοῦ
873 2635 1075 2706 Ἰωσὴφ
1096 2677 1110 2700 ,
1142 2639 1316 2705 λέγων
1338 2658 1352 2673 ·
1382 2643 1445 2694 Εἰ
1476 2641 1651 2708 οὕτως
1681 2647 1886 2712 οἴδατε,
1918 2649 1995 2713 ὡς

403 2725 813 2790 προσποιεῖσθε,
836 2728 985 2782 οὔτε
1014 2731 1121 2799 ἐμὲ
1138 2732 1341 2787 οἴδατε
1360 2750 1374 2764 ⁸
1401 2737 1463 2789 ού
1488 2739 1596 2807 γὰρ
1622 2741 1734 2807 ἐγὼ
1762 2743 1875 2805 υἱὸς
1898 2743 1994 2796 τοῦ

404 2810 643 2882 Ἰωσήφ·
695 2817 835 2871 οὔτε
882 2820 991 2874 τὸν
1038 2823 1271 2892 Πατέρα
1308 2845 1467 2896 μου·
1522 2830 1634 2901 (36)
1690 2834 1752 2886 ού
1804 2834 1915 2906 γάρ
1967 2836 1997 2890 δ

415 2901 608 2974 Ἰωσὴφ
634 2911 819 2980 πατήρ
844 2929 971 2980 μου.

476 2999 544 3050 ει
564 3028 635 3037 -
657 3000 854 3067 ᾔδειτε
872 3002 970 3057 ἄν.
994 3006 1141 3071 Μιᾶς
1159 3008 1269 3079 γὰρ
1292 3009 1596 3083 ἀμφότεροι
1621 3014 1856 3083 φύσεως.
1882 3018 1995 3072 Καὶ

400 3088 459 3139 ιν
488 3088 566 3158 τῷ
600 3092 981 3167 ἑκκαιδεκάτῳ
1013 3096 1070 3149 δι
1104 3100 1392 3173 κεφαλαίῳ
1426 3106 1566 3174 πρὸς
1598 3108 1692 3161 τὸν
1719 3111 1992 3165 Φίλιππον

2110 603 2233 657 dem
2254 609 2465 662 occulta
2497 610 2628 671 sint.
2652 613 3053 670 robustioribus
3080 634 3208 675 vero
3229 622 3556 683 Christianis
3585 648 3697 686 ma-

2108 697 2331 754 nifesta.
2376 701 2437 755 In
2465 704 2720 760 omnibus
2746 723 2878 777 ergo
2918 710 3200 768 similibus
3259 734 3483 773 causam
3550 724 3693 779 lianc

2109 790 2417 857 agnoscito.

2180 877 2339 936 Vcrs.
2368 883 2457 938 18.
2486 883 2597 954 Ego
2620 917 2688 926 —
2711 891 2925 959 meipso.
2954 891 3191 949 Rursum
3227 900 3290 952 ad
3324 900 3403 965 id,
3430 908 3570 970 quod
3614 910 3695 962 ili-

2109 982 2345 1028 xerant:
2388 978 2461 1028 Τιι
2495 980 2852 1036 testimonium
2890 988 3125 1049 perhibes
3199 990 3264 1045 de
3311 997 3493 1063 teipso,
3546 1004 3692 1057 hunc

2110 1060 2240 1116 facit
2270 1079 2585 1122 sermonem
2628 1070 2819 1126 dicens
2848 1091 2861 1126 :
2895 1074 3005 1145 Ego
3038 1060 3401 1137 testimonium
3452 1060 3695 1154 per/imo

2107 1156 2168 1208 de
2196 1159 2409 1223 meipso,
2443 1161 2657 1217 etiamsi
2699 1181 2860 1221 nemo
2896 1170 3178 1236 perliibcat
3202 1177 3270 1229 de
3325 1181 3507 1247 seipso
3538 1201 3551 1248 ;
3592 1201 3692 1257 ego

2106 1248 2376 1316 siquidem
2412 1261 2674 1323 tanquam
2717 1256 2861 1313 Deus
2894 1300 2908 1325 ,
2980 1278 3143 1318 nemo
3192 1276 3374 1322 autem
3432 1248 3687 1344 tanquaiu

2108 1340 2295 1396 homo.

2178 1432 2344 1489 νει-ε.
2382 1434 2466 1491 18.
2505 1438 2572 1490 Et
2596 1468 2665 1478 —
2696 1438 2881 1497 Pater.
2916 1445 2969 1499 Si
3007 1463 3107 1517 ego
3134 1451 3287 1504 vobis
3338 1455 3442 1507 title
3498 1458 3693 1527 dignus

2104 1526 2451 1581 nonvideor.
2519 1526 2650 1583 Fert
2674 1540 2857 1586 autem
2924 1538 3300 1595 testimonium
3358 1526 3687 1618 dicensiper

2105 1615 2431 1683 prophetam
2464 1635 2476 1671 :
2507 1618 2669 1671 Posui
2697 1624 2824 1676 tein
2880 1625 3047 1679 lucem
3097 1635 3332 1698 gentium
3359 1637 3425 1699 ",
3472 1615 3603 1691 sive-
3636 1653 3693 1693 ut

2106 1704 2196 1757 lus
2237 1706 2313 1760 sis
2341 1708 2611 1777 gentium.
2675 1710 3009 1771 Pra-dictum
3081 1733 3163 1775 est
3226 1736 3408 1778 autem
3464 1732 3693 1797 septimo

2106 1796 2270 1847 etiam
2307 1798 2506 1865 capite.
2539 1803 2817 1868 quomodo
2849 1803 3009 1860 Pater
3036 1810 3104 1864 dc
3134 1812 3252 1882 ipso
3275 1814 3418 1869 ferat
3447 1796 3693 1873 testimo-

2109 1884 2284 1948 nium,
2321 1886 2413 1940 ubi
2447 1887 2650 1944 dicitur
2684 1910 2695 1945 :
2734 1891 2801 1944 Et
2860 1899 2950 1963 qui
3008 1901 3150 1952 misit
3213 1921 3295 1957 me
3344 1908 3529 1972 Pater,
3587 1912 3695 1978 ipsc

2105 1979 2463 2033 testimonium
2482 1983 2740 2050 perhibuit
2760 1986 2824 2039 de
2852 2005 2932 2041 me
2958 1990 3026 2044 ⁵³.

2178 2069 2453 2128 \'ers.19.
2511 2073 3058 2135 Dixerunt—tuus?
3114 2084 3375 2145 Dicebant
3430 2093 3533 2149 hoc
3589 2097 3694 2151 ﬁn—

2100 2175 2311 2235 gentes,
2345 2180 2405 2220 se
2431 2165 2684 2237 ignorare
2714 2185 3011 2239 quemnam
3044 2177 3253 2234 diceret
3312 2181 3553 2253 Patrem,
3624 2205 3687 2244 ac

2101 2263 2406 2315 tentantes.
3282 2284 3291 2295 '

2171 2351 2329 2408 Vers.
2377 2354 2463 2409 19.
2510 2354 2799 2426 Respondit
2848 2389 2918 2399 —
2978 2378 3175 2417 meum.
3220 2364 3692 2430 Quemadmodum

2100 2444 2376 2500 simulatis
2421 2467 2433 2501 :
2466 2465 2589 2503 nam
2629 2452 2682 2503 in
2725 2453 2956 2508 veritate
2996 2457 3194 2521 nostis,
3219 2462 3689 2527 quemadmodum

2101 2538 2363 2605 superius
2394 2547 2683 2595 ostensum
2713 2553 2819 2598 est.
2851 2548 2961 2601 Aut
2992 2548 3098 2602 hoc
3161 2550 3316 2616 dixit,
3343 2553 3470 2621 quia
3521 2557 3697 2612 simu-

2099 2626 2285 2681 labant
2308 2644 2368 2682 se
2398 2632 2538 2684 scire
2565 2633 2710 2701 quod
2750 2634 2893 2690 ﬁlius
2934 2648 3080 2693 esset
3107 2639 3337 2710 Ioseph.
3360 2644 3649 2717 Dicitergo
3672 2665 3704 2739 εἱ

2102 2717 2156 2739 ω
2195 2733 2280 2739 φ,
2856 2728 2929 2739 ...
3015 2730 3071 2739 ..

2102 2717 2158 2772 Si
2194 2733 2283 2773 me
2315 2720 2387 2774 ita
2424 2724 2781 2792 cognoscitis,
2813 2737 2871 2779 ut
2900 2728 3125 2800 ﬁngitis,
3166 2748 3331 2801 neque
3388 2752 3468 2789 me
3486 2744 3645 2792 nostis
3674 2717 3706 2807 ;“

2099 2829 2211 2867 non
2246 2831 2366 2868 sum
2388 2815 2539 2871 enim
2575 2817 2978 2890 ﬁliusJoseph:
3016 2841 3182 2895 neque
3204 2826 3418 2883 Patrem
3482 2849 3696 2901 meum;

2098 2921 2227 2959 nam
2264 2905 2472 2977 Joseph
2510 2924 2621 2963 non
2650 2921 2737 2965 est
2771 2923 2927 2982 pater
2953 2931 3135 2972 meus.

2174 2998 2331 3053 νει-ε.
2370 3001 2457 3055 19.
2496 2999 2557 3055 Si
2582 3031 2655 3041 —
2686 3005 2869 3074 utique
2899 3011 3290 3079 cognovissetis.
3352 3012 3485 3070 Nam
3532 3021 3696 3074 anius

2099 3104 2293 3144 sumus
2326 3092 2491 3147 ambo
2525 3102 2761 3150 naturae.
2788 3096 2843 3149 In
2875 3098 3272 3185 decimosexto
3300 3105 3465 3160 etiam
3515 3112 3697 3179 capite

399 3180 657 3251 εἴρηκενθ
708 3186 773 3239 ’0
821 3187 1096 3257 ἑωρακὼς
1143 3192 1273 3261 ἐμὲ,
1307 3194 1530 3263 ἑώρακε
1578 3202 1687 3253 τὸν
1735 3206 1990 3273 Πατέρα.
2019 3198 2068 3263 C
2098 3182 2148 3237 di

1943 3221 1990 3268 π.
2019 3198 2068 3263 c
2098 3182 2236 3238 dixit
2261 3185 2330 3239 ad
2362 3186 2675 3258 Philippum
2711 3208 2723 3242 :
2756 3188 2861 3254 Qui
2888 3194 3017 3245 vidit
3040 3180 3141 3261 me,
3160 3198 3289 3250 vidit
3312 3208 3361 3251 et
3381 3197 3602 3255 Patrem
3626 3205 3692 3270 ",

400 3270 571 3341 ἧγουν
598 3276 625 3327 ὀ
659 3277 955 3347 νενοηκὼς,
982 3282 1011 3331 ό
1051 3282 1237 3348 γνούς.
1268 3284 1491 3355 Εῖδησιν
1514 3290 1625 3361 γὰρ
1651 3292 1747 3345 καὶ
1796 3270 1990 3365 ὅρασιν

399 3362 501 3413 οὐκ
558 3362 824 3436 αἰσθητήν
890 3386 1079 3439 φησιν,
1111 3372 1249 3425 ἀλλά
1296 3376 1519 3447 νοητήν.
1586 3379 1735 3435 Ἐπεὶ
1784 3362 1841 3437 δέ
1889 3389 1992 3457 ἔμε

400 3457 793 3524 προσποιεῖσθε
828 3459 904 3531 μὴ
931 3463 1154 3525 ειδέναι.
1186 3466 1501 3533 ἀκολούθως
1530 3470 1626 3524 καὶ
1653 3473 1749 3528 τὸν
1771 3478 1992 3549 Πατέρα

402 3565 505 3616 μου
533 3553 927 3617 προσποιεῖσθε
963 3557 1039 3626 μὴ
1081 3558 1308 3615 ειδέναι.

475 3642 666 3695 Ταῦτα
685 3644 1204 3718 -γαζοςουλακίμ
1223 3652 1409 3708 Ταῦτα
1426 3658 1493 3710 τά
1515 3659 1989 3730 παρῤησιαστικά.

417 3733 825 3808 Επεσημήνατο
860 3740 968 3811 γὰρ
997 3743 1090 3796 τὸν
1120 3746 1304 3812 τόπον,
1336 3748 1601 3805 δεικνύων
1642 3752 1741 3824 τὴν
1776 3757 1995 3828 παρρη-

403 3829 524 3882 σίαν
548 3830 645 3885 τοῦ
675 3832 1024 3891 διδασκάλου.
1067 3839 1481 3909 Γαζοφυλάκιον
1508 3846 1587 3911 δὲ,
1614 3846 1677 3901 τὸ
1713 3848 1994 3921 θησαυροο

402 3922 692 3992 φυλάκιον,
720 3928 850 3997 περὶ
884 3923 946 3982 οὗ
974 3929 1316 4004 πλατύτερον
1340 3936 1397 3989 εν
1442 3936 1521 4008 τῷ
1562 3945 1992 4019 τεσσαρακοστῷ

402 4016 605 4088 πρώτῳ
630 4018 913 4087 κεφαλαίῳ
927 4021 1023 4076 τοῦ
1054 4026 1200 4079 κατά
1228 4028 1457 4099 Μάρκον
1480 4033 1810 4103 εἰρήκαμεν.

472 4200 785 4259 Διδάσκων
827 4204 899 4259 ἂν
928 4205 1013 4273 ενῷ
1058 4207 1214 4277 ίερῷ.
1245 4211 1493 4285 Δημοείίι
1514 4228 1535 4246 ο
1564 4213 1624 4267 ιν
1655 4214 1836 4287 τούτῳ
1870 4217 1994 4291 -γάρ

401 4289 469 4367 ἦν
491 4298 587 4349 καὶ
614 4296 673 4350 τὸ
700 4294 1133 4369 γαζοφυλάκιον.

472 4390 583 4444 Καὶ
606 4419 678 4429 -
701 4393 910 4448 αὐτόν.
943 4392 1103 4475 Οὕτω
1126 4397 1668 4472 παρρησιαζόμενον.

2100 3276 2217 3331 sive
2243 3279 2524 3348 cognovit,
2560 3281 2852 3339 intellexit.
2885 3284 3019 3338 Nam
3050 3286 3315 3344 visionem
3348 3296 3698 3364 etcognitio-

2100 3383 2227 3422 nem
2276 3371 2408 3424 dicit
2467 3387 2577 3426 non
2610 3373 2949 3439 sensibilem,
2982 3376 3079 3431 sed
3114 3378 3535 3449 intelligibilem.
3589 3384 3696 3441 Sed

2101 3463 2231 3531 quia
2262 3478 2351 3517 me
2382 3478 2492 3517 non
2522 3481 2688 3521 nosse
2715 3482 2812 3521 vos
2838 3468 3131 3534 simulatis,
3162 3486 3506 3544 consequens
3529 3479 3695 3534 etiam

2102 3562 2187 3608 est
2218 3564 2279 3608 ut
2310 3564 2362 3609 et
2401 3555 2618 3611 Patrem
2648 3574 2832 3614 mcum
2866 3575 2965 3615 vos
2995 3578 3107 3615 non
3158 3578 3319 3619 nosse
3345 3565 3589 3636 (iugatis.

2175 3646 2337 3703 Vers.
2372 3649 2464 3704 20.
2503 3650 2628 3705 Hac
2650 3682 2721 3693 —
2746 3655 3153 3725 gazophylacio.
3189 3656 3316 3712 Haec
3347 3662 3512 3715 verba
3560 3662 3699 3719 libe-

2104 3755 2165 3795 re
2248 3741 2414 3798 dicta.
2477 3735 2817 3814 Signiﬁcavit
2882 3756 3067 3803 autem
3118 3749 3321 3817 locum,
3400 3756 3699 3821 ostendens

2105 3834 2325 3890 dicendi
2392 3836 2711 3893 libertatem
2780 3839 2958 3911 ipsius
3052 3842 3317 3899 doctoris.
3405 3844 3697 3921 Gamphy-

2105 3926 2303 3983 lacium
2335 3944 2466 3984 vero
2503 3931 2749 3987 thesauri
2819 3934 3211 4002 repositorium
3276 3948 3418 4003 erat,
3466 3940 3535 3996 de
3588 3957 3700 4012 quo

2105 4020 2269 4077 latius
2300 4023 2540 4079 diximus
2568 4026 2991 4097 quadragesimo
3045 4029 3220 4093 primo
3246 4030 3406 4100 juxta
3455 4031 3698 4090 Marcum

2104 4116 2308 4186 capite.
2543 4119 2551 4127 ’

2178 4208 2336 4264 νει-δ.
2362 4208 2454 4265 20.
2481 4208 2684 4265 Docens
2704 4210 2757 4263 in
2782 4212 2999 4281 templo.
3028 4212 3253 4271 Publice
3277 4232 3295 4284 ;
3319 4232 3450 4272 nam
3474 4218 3529 4275 in
3558 4231 3702 4276 tem-

2103 4304 2196 4376 plo
2224 4304 2390 4358 etiam
2424 4314 2546 4359 erat
2572 4306 3052 4376 gazophylacium.
3416 4378 3432 4403 ‘

2175 4396 2334 4453 Vers.
2364 4396 2455 4453 20.
2486 4397 2555 4452 Et
2595 4427 2667 4438 —
2718 4414 2860 4453 eum.
2916 4399 3057 4456 Cum
3108 4401 3184 4458 ita
3230 4396 3700 4479 libet-eloquere-

2108 4503 2217 4548 llll'.

475 4580 689 4633 Ὀτι-
714 4581 926 4637 αὐτοῦ.
960 4581 1029 4637 Ἦ
1055 4582 1147 4637 τοῦ
1182 4584 1557 4660 συλληφθῆναι
1581 4590 1677 4643 καὶ
1696 4592 1993 4666 ἀναιρεθῆ-
2033 4568 2079 4626 D
2178 4585 2219 4639 ν

1953 4595 1993 4666 γ-
2033 4568 2079 4626 θ
2178 4585 2337 4641 Vers.
2400 4585 2490 4640 20.
2540 4584 2678 4651 Quia
2719 4615 2792 4625 —
2838 4586 2973 4656 ejus.
3033 4589 3151 4655 Qua
3208 4593 3609 4663 comprehendi
3645 4606 3702 4652 et

404 4688 491 4724 ναι
519 4672 704 4725 αὐτόν.
738 4672 890 4727 Ἔδει
914 4673 1025 4746 γὰρ
1049 4674 1241 4730 τοῦτον
1265 4676 1347 4731 ἔτι
1369 4680 1870 4756 θαυματουργῆσαι
1897 4689 1996 4741 καὶ

404 4765 614 4830 διδάξαι
654 4768 749 4819 καὶ
800 4767 1032 4832 πολλοὺς
1076 4770 1157 4834 είς
1195 4772 1383 4825 πίστιν
1437 4774 1873 4843 ἐπισπάσασθαι,
1918 4780 1997 4844 ὡς

405 4864 498 4913 καὶ⁵
528 4860 896 4930 προλαϐόντες
923 4861 1251 4935 εἰρήκαμεν.
1280 4866 1535 4937 Συνεχῶς
1553 4868 1612 4921 δι
1638 4869 1805 4924 τοῦτο’
1821 4872 1994 4942 λέγει,

403 4950 622 5016 δεικνὺς
668 4954 752 5005 ὅτι
793 4952 1055 5020 πολλάκις
1087 4958 1548 5030 επιχειρήσαντες
1585 4961 1686 5016 οὐκ
1719 4963 1994 5047 ἠδυνήθη-

407 5059 532 5109 σαν,
587 5047 681 5099 καὶ
727 5045 809 5100 ὅτι
857 5047 969 5101 οὐδ’
1018 5049 1248 5122 ὕστερον
1300 5054 1617 5127 εκράτησαν
1674 5056 1743 5113 ἂν
1805 5045 1988 5130 αὑτὸν,

404 5138 455 5190 εί
490 5137 566 5209 μὴ
596 5138 705 5209 (57)
738 5138 901 5204 αὐτὸς
925 5139 1215 5214 ἠθέλησεν.

511 5400 558 5434 ’ί
591 5398 700 5456 lsa.
737 5417 888 5469 ms,
946 5402 999 5459 6.
1131 5404 1179 5438 ⁸⁸
1212 5404 1371 5463 Joan.
1404 5424 1456 5475 ν,
1492 5407 1582 5464 37.

2103 4681 2223 4750 capi
2257 4689 2467 4751 posset.
2499 4681 2697 4735 Adhuc
2724 4680 2873 4735 enim
2904 4670 3209 4751 oportebat
3245 4699 3373 4740 eum
3432 4689 3699 4744 miracula

2103 4776 2320 4847 operari
2351 4790 2416 4829 ac
2480 4774 2702 4837 docere.
2764 4768 3077 4845 multosque
3100 4776 3165 4831 ad
3199 4776 3361 4832 fidem
3396 4782 3701 4849 attrahere,

2104 4870 2249 4924 sicut
2276 4868 2328 4921 in
2384 4866 2827 4937 praecedentibus
2890 4866 3153 4924 diximus.
3183 4868 3459 4927 Continuo
3513 4882 3699 4928 autem

2107 4966 2210 5019 hoc
2272 4962 2425 5027 dicit,
2486 4959 2787 5016 ostendens
2832 4960 2984 5031 quod
3053 4960 3375 5033 frequenter
3456 4966 3510 5021 id
3581 4976 3702 5022 teu-

2105 5068 2288 5114 tantes
2307 5071 2419 5110 non
2462 5062 2785 5125 potuerunt,
2839 5063 2897 5109 et
2952 5055 3101 5125 quod
3166 5071 3449 5126 nunquam
3505 5065 3701 5128 poten-

2107 5153 2279 5208 tiores
2306 5149 2375 5206 ad
2398 5163 2525 5205 eum
2564 5146 3094 5219 apprehendendum
3130 5147 3385 5218 fuissent,
3444 5150 3549 5206 nisi
3584 5151 3700 5221 ipse

2109 5246 2397 5304 voluisset.

1694 5410 1741 5443 “
1764 5410 1926 5473 Joan.
1959 5433 2076 5483 xw,
2095 5416 2153 5473 9.

1614 5570 1819 5635 Variae
1850 5570 2160 5641 lectiones
2194 5578 2256 5635 et
2296 5579 2489 5636 noun.

482 5733 600 5802 (33)
632 5731 846 5787 Inclusa
879 5732 1204 5791 exciderunt
1226 5738 1285 5790 Δ,

480 5805 598 5876 (δι)
625 5806 798 5876 Αὐτὸς
829 5806 1031 5860 omittit
1060 5806 1119 5861 Β.

483 5875 595 5941 (35)
618 5875 831 5932 Inclusa
861 5877 1151 5947 absunt_A.

2178 5742 2291 5813 (56)
2323 5742 2441 5795 Mou
2469 5740 2647 5814 ᾔδειτε
2680 5743 2768 5805 ἂν,
2806 5741 3025 5799 caeteris
3050 5739 3272 5798 omissis
3313 5741 3377 5796 A.

2181 5816 2294 5888 (57)
2330 5815 2439 5870 Καί
2466 5817 2768 5885 interponit
2796 5817 2863 5870 Λ.
