4398 6462
751 362 891 432 1395

746 577 899 632 puta,
986 586 1093 624 non
1161 586 1281 642 post
1384 578 1615 631 multum
1678 590 1913 648 tempus.
1985 582 2325 651 cognoscetis

740 673 867 712 eum
910 672 968 714 ut
1012 675 1248 731 oportet,
1302 668 1391 722 ubi
1442 685 1607 741 super
1657 689 1749 728 vos
1810 672 2049 742 Spiritus
2096 684 2323 726 sanctus

741 751 1109 807 descenderit.

814 840 971 898 Vers.
1041 846 1091 899 7.
1163 848 1227 901 Et
1285 854 1487 907 vidistis
1552 870 1689 909 eum.
1778 855 1951 909 Etiam
2019 853 2321 923 potentiam

736 931 857 999 eius
910 934 1121 990 vidistis
1187 955 1285 1008 per
1333 957 1509 997 meam
1578 944 1903 1013 potentiam,
1971 960 2069 1013 per
2136 944 2319 998 divina

737 1022 915 1092 signa,
966 1041 1088 1097 qua
1140 1030 1285 1087 dedi.
1353 1032 1487 1087 Nam
1548 1049 1669 1103 qua:
1723 1051 1825 1106 ego
1888 1051 2134 1106 possum,
2207 1034 2323 1088 inec

736 1122 793 1166 et
826 1115 940 1170 ille.

806 1204 958 1262 Vera.
1009 1209 1061 1264 8.
1105 1210 1242 1266 Dicit
1274 1245 1344 1255 —
1383 1218 1549 1269 nobis.
1581 1248 1651 1257 ——
1684 1218 1750 1271 Et
1794 1219 1981 1286 stt/ﬁcit
2029 1220 2191 1281 vobis.
2259 1231 2320 1275 ut

733 1298 825 1366 qui
888 1314 941 1355 te
975 1303 1086 1372 jam
1136 1316 1295 1360 antea
1342 1312 1720 1377 cognovimus.
1761 1311 1896 1375 Quia
1943 1325 2075 1381 ergo
2120 1314 2319 1381 quarsi-

730 1391 809 1445 vit
863 1407 1027 1447 nosse
1092 1395 1331 1462 Patrem,
1380 1401 1619 1455 ostendit
1674 1401 1930 1456 Christus
1990 1403 2131 1472 quod
2191 1419 2317 1458 eum

727 1480 839 1550 jam
900 1495 1107 1541 nosset.

804 1570 957 1628 Vers.
996 1577 1050 1630 9.
1112 1579 1202 1631 Ait
1231 1609 1299 1618 ο-
1330 1580 1568 1651 Philippe
1591 1583 1616 1634 .’
1655 1582 2099 1652 interrogationis
2134 1591 2319 1637 sermo

726 1673 811 1719 est
865 1683 877 1718 :
940 1665 1111 1720 Tanto
1158 1679 1389 1733 tempore
1429 1673 1689 1725 vobiscum
1734 1689 1871 1737 sum,
1927 1673 2107 1728 divina
2167 1674 2315 1744 signa

726 1768 979 1823 operans,
1024 1758 1182 1812 etab
1226 1760 1311 1813 bis
1360 1776 1467 1815 non
1520 1763 1820 1831 cognovisti
1872 1777 1979 1825 me,
2034 1765 2157 1831 quis
2207 1764 2309 1819 sim

724 1845 988 1913 dignitate
1034 1858 1090 1901 et
1138 1852 1424 1918 potentia?
1479 1854 1625 1920 quod
1690 1853 1833 1907 Dens
1900 1854 2309 1923 omnipotens?

726 1936 873 1990 Sane
924 1938 1150 1993 omnino
1194 1943 1499 2011 cognovisti
1548 1959 1655 2007 me,
1698 1952 1753 1997 ct
1787 1958 2132 2014 consequens
2182 1962 2312 2015 ergo

718 2037 819 2081 cst.
865 2040 922 2082 ut
975 2038 1029 2083 et
1087 2030 1300 2087 Patrem
1362 2036 1683 2105 cognoveris
1726 2054 1739 2088 :
1796 2052 1921 2089 nam
1974 2038 2150 2108 imago
2213 2055 2311 2108 per

720 2122 900 2172 omnia
927 2121 1121 2177 similis
1175 2139 1294 2178 sum
1344 2140 1444 2196 ego
1485 2128 1681 2182 Patris.

801 2206 954 2263 Vers.
992 2218 1045 2265 9.
1114 2210 1289 2276 Qui—
1346 2214 1583 2268 Patrem.
1651 2215 1755 2282 Qui
1814 2233 1991 2273 meam
2058 2223 2309 2291 cognovit

717 2298 1035 2370 dignitatem
1114 2314 1169 2358 et
1249 2309 1590 2376 potentiam,
1652 2311 1911 2381 cognovit
2000 2323 2057 2367 et
2133 2314 2307 2369 Patris

716 2394 1035 2463 dignitatem
1092 2412 1155 2451 ac
1223 2402 1585 2468 potentiam:
1648 2417 1837 2457 sumus
1904 2420 2139 2475 namque
2210 2424 2306 2476 per

718 2484 899 2537 omnia
943 2486 1171 2551 similes,
1206 2498 1262 2544 et
1337 2506 1478 2546 unus
1532 2508 1627 2561 per
1674 2493 1906 2548 alterum
1953 2506 2144 2551 mutuo
2176 2512 2305 2569 cog-

716 2581 1015 2633 noscimur.

807 2668 964 2725 Vcrs.
1037 2674 1091 2729 9.
1150 2672 1219 2727 Et
1246 2706 1307 2716 —
1340 2675 1597 2731 Patrem?
1632 2678 1919 2744 Quomodo
1968 2698 2145 2753 cogno
2178 2701 2303 2739 cere

711 2764 889 2831 cupis,
953 2780 1113 2834 quem
1181 2768 1292 2836 jam
1349 2772 1693 2840 cognovisti?
1746 2776 2024 2842 quomodo
2077 2778 2299 2845 quartis,

707 2854 855 2921 quod
895 2853 1102 2911 habes?

778 2944 901 2999 Alio
936 2961 1156 3015 quoque
1193 2950 1357 3005 modo
1382 2952 1767 3023 intelliguntur
1806 2956 1921 3011 haec
1945 2959 2128 3022 verba,
2157 2963 2300 3029 quod

705 3038 984 3105 qnserebat
1019 3037 1300 3110 Philippus
1332 3043 1517 3099 videre
1540 3046 1754 3101 Patrem
1791 3050 2141 3108 sensibilibns
2164 3068 2296 3108 ocu-

1960 379 2341 440 EUTiIYMII
2419 386 2590 445 ZIGA
2604 389 2783 450 BEN!

816 476 1241 547 Chrysostomus
1300 500 1460 548 vero,
1512 486 1844 558 Cognoscetis
1898 489 2326 558 interpretatur,
2364 500 2404 551 Α

3870 400 4015 465 1396

2518 497 2577 550 Ὀ
2631 500 2687 551 δι
2745 502 3129 574 Χρυσόπομος
3179 508 3254 573 (6)
3316 512 3639 567 Γνώσεσθε
3683 514 4005 582 ἑρμηνεύειν

2432 588 2601 655 ἠγουν
2652 592 2778 643 ὅσον
2821 593 2974 647 οῦτυω
3029 596 3303 662 γνώσεαθε
3366 602 3549 666 αὑτὸν,
3580 605 3652 665 ὡς
3702 620 4007 673 προσηκον,

2430 681 2881 751 ἐπιφοιτήσαντος
2912 687 3041 755 ὑμῖν
3075 687 3168 739 τοῦ
3192 691 3349 756 ἁγίου
3380 693 3715 761 Πνεύματος.

2500 853 2607 903 Καί
2638 849 2936 915 ἑωράκατε
2970 853 3177 905 αὐτόν.
3214 854 3323 907 Καὶ
3376 857 3660 923 ἑωράκατε
3710 858 3806 925 τὴν
3837 858 4006 910 δύνα-

2430 960 2521 1011 μιν
2545 943 2714 995 αὐτοῦ
2744 942 2833 995 διὰ
2862 945 2961 1012 τῆς
2995 945 3133 1013 ἐμῆς
3170 945 3476 1014 δυνάμεως,
3520 948 3607 1000 διὰ
3636 950 3743 1000 τῶν
3775 948 4008 1018 Θεοπρε-

2428 1033 2544 1083 πῶν
2577 1034 2821 1101 σημείων
2873 1027 2949 1087 ὦν
2982 1035 3241 1105 ἐποίησα.
3304 1037 3370 1087 Ἀ
3422 1036 3531 1105 γὰρ
3582 1036 3694 1101 ἐγὼ
3740 1037 4002 1105 δύναμαι,

2427 1122 2602 1175 ταῦτα
2631 1126 2904 1186 κάκεῖνος.

2496 1213 2666 1280 Λέγει
2693 1244 2761 1253 -
2794 1214 2959 1282 ἡμῖν.
2989 1245 3057 1255 -
3089 1218 3194 1268 Καὶ
3229 1216 3402 1284 ἀρκεῖ
3440 1216 3607 1283 ἡμῖν,
3645 1220 3719 1278 ὼς
3756 1220 3811 1269 ai
3865 1218 4008 1277 τέως

2424 1308 2745 1371 ἐγνωκόπιν.
2802 1307 2952 1359 Ἐπεὶ
2984 1303 3075 1359 οὖν
3104 1308 3341 1378 ἐζήτησε
3374 1309 3579 1373 γνῶναι
3622 1310 3712 1360 τὸν
3758 1310 4003 1378 Πατέρα,

2422 1399 2700 1451 δείκνυσιν
2725 1402 2752 1451 ὁ
2782 1398 3018 1467 Χριστὸς
3053 1400 3136 1451 ὅτι
3174 1393 3317 1451 οἶδεν
3344 1401 3532 1452 αὐτόν.

2492 1582 2662 1650 Λέγει
2699 1611 2766 1620 -
2794 1582 3091 1642 ibamus;
3147 1581 3282 1633 Κατ’
3307 1580 3578 1649 ἐρώτησιν
3610 1582 3638 1632 6
3676 1582 3852 1647 λόγος.
3897 1579 4004 1633 το-

2419 1674 2648 1727 σοῦτον
2680 1673 2901 1739 χρόνον
2948 1672 3075 1739 μεθ’
3121 1670 3289 1739 ὑμῶν
3335 1674 3475 1739 ειμι,
3526 1673 3861 1739 θεοπημείας
3905 1674 4002 1739 ἐρ.

2418 1765 2739 1831 γαζόμενος,
2779 1763 2873 1815 καὶ
2896 1764 2995 1816 οὐκ
3042 1764 3290 1829 ἔγνωκάς
3356 1780 3423 1832 με
3482 1765 3590 1815 ἀπὸ
3633 1765 3859 1826 τούτων,
3916 1764 4005 1824 τίς

2416 1856 2531 1922 εἰμι
2558 1853 2654 1924 τὴν
2692 1853 2850 1915 ἀξίαν
2877 1854 2974 1905 καὶ
2999 1854 3096 1922 τὴν
3120 1852 3355 1921 δύναμιν
3387 1871 3401 1914 ;
3447 1854 3530 1905 ὅτι
3577 1854 3709 1914 Θεὸς
3740 1852 4004 1906 παντοδό-

2414 1962 2603 2013 ναμος.
2652 1945 2761 1996 Ναὶ
2792 1944 3013 2007 πάντως
3048 1943 3298 2008 εγνωκὰς
3332 1961 3434 2011 με’
3491 1946 3585 1995 καὶ
3642 1946 3694 1997 ei
3742 1944 3995 2012 ἔγνωκάς

2416 2057 2506 2108 με,
2551 2038 2738 2092 λοιπὸν
2771 2039 3019 2105 ἔγνωκας
3049 2040 3141 2091 τὸν
3167 2040 3384 2108 Πατέρα
3406 2055 3419 2068 ’
3455 2040 3621 2091 εἰκὼν
3654 2042 3761 2108 γὰρ
3806 2040 3999 2107 anap-

2412 2132 2677 2192 ἀλλακτος
2702 2131 2812 2196 ἐγὼ
2836 2130 2930 2182 τοῦ
2969 2131 3210 2199 Πατρός.

2495 2226 2557 2276 ⁸0
2588 2254 2657 2264 ——-
2683 2224 2935 2291 Πατέρα.
2980 2225 3040 2275 '0
3081 2223 3339 2291 ἐγνωκὼς
3387 2225 3486 2292 τὴν
3540 2224 3681 2292 ἐμὴν
3712 2222 3868 2287 ἀξίαν
3903 2222 4001 2273 καὶ

2409 2317 2661 2385 δύναμιν,
2697 2316 2900 2383 ἔγνωκε
2960 2317 3057 2386 τὴν
3122 2316 3216 2368 τοῦ
3277 2316 3529 2381 Πατρός·
3580 2316 3998 2385 ἀπαράλλακτοι

2410 2410 2517 2476 γᾶρ
2544 2410 2727 2477 ἡμεῖς,
2762 2409 2854 2460 καὶ
2879 2407 2946 2459 δι’
2976 2407 3224 2477 ἀλλήλων
3254 2408 3673 2477 γνωριζόμενοι.

2478 2692 2585 2745 Καὶ
2610 2722 2678 2729 —
2714 2691 2984 2755 Hatépa;
3013 2690 3136 2750 Πῶς
3172 2689 3347 2752 Θέλεις
3384 2693 3589 2755 γνῶναι
3619 2692 3675 2744 ὅν
3706 2693 3993 2760 ἔγνωκαςς

2405 2784 2523 2845 πῶς
2555 2783 2741 2851 ζητεῖς
2770 2782 2798 2834 ὃ
2826 2783 3007 2851 ﬁxere;

2471 2975 2735 3029 Νοοῦνται
2783 2975 2840 3027 δὲ
2888 2976 2980 3027 καὶ
3028 2950 3233 3044 ἑτέρως
3288 2974 3356 3027 τὰ
3411 2974 3575 3045 ῥητὰ,
3622 2976 3701 3027 ὅτι
3756 2975 3988 3043 ἐζήτησε

2406 3070 2503 3137 μὲν
2546 3071 2574 3121 ὁ
2619 3068 2887 3129 Φίλιππος
2947 3067 3075 3119 ἰδεῖν
3132 3068 3224 3119 τὸν
3279 3068 3496 3137 Πατέρα
3548 3070 3657 3127 τοῖς
3702 3068 3985 3136 αἰσθητοῖς

702 3128 789 3187 iis,
849 3131 1075 3184 audiens
1133 3132 1379 3200 fortassis
1424 3151 1453 3189 a
1508 3139 1695 3193 multis
1734 3139 2053 3209 frequenter
2113 3146 2291 3201 visum
2322 3172 2365 3231 ρ

2252 3164 2291 3201 Ἡ
2322 3172 2365 3231 C
2396 3128 2715 3229 οφθαλμοῖς,
2744 3128 2877 3219 ἴσως
2904 3158 3119 3212 ἀκούων
3144 3158 3411 3228 ὁραθῆναι
3431 3128 3440 3137 '
3459 3159 3674 3221 πολλοῖς
3720 3128 3989 3223 nonam;

700 3235 823 3274 esse
879 3223 1179 3292 prophetis,
1242 3227 1425 3290 specie
1465 3242 1530 3282 ac
1595 3229 1763 3301 figura
1804 3233 2063 3299 humana,
2120 3236 2297 3294 addit-

699 3327 806 3380 que
844 3328 858 3364 :
901 3311 965 3366 Et
1013 3317 1198 3383 sufﬁcit
1241 3320 1406 3379 nobis,
1466 3330 1522 3373 ut
1570 3323 1661 3391 qui
1714 3324 1891 3393 ipsum
1932 3326 2127 3381 Filium
2181 3331 2293 3399 jam

699 3405 912 3458 videret
960 3421 1021 3459 ac
1049 3419 1255 3464 nosset.
1302 3410 1561 3467 Christus
1609 3425 1791 3470 autem
1830 3421 2098 3481 ostendit.
2144 3427 2290 3490 quod

702 3510 881 3562 neque
913 3510 969 3549 se
1001 3498 1212 3551 vidisset
1234 3516 1414 3570 neque
1441 3514 1631 3559 nosset
1660 3509 1963 3564 secundum
1990 3512 2291 3569 divinitatis

699 3596 976 3641 naturam.
1011 3588 1148 3643 Dicit
1178 3608 1305 3663 ergo
1338 3596 1385 3648 ei
1436 3598 1644 3664 prolata
1678 3602 1931 3669 negative
1969 3607 2238 3661 sententia
2274 3626 2286 3660 :

696 3677 863 3730 Tanto
893 3687 1125 3744 tempore
1148 3686 1417 3738 vobiscum
1464 3704 1578 3741 sum
1616 3700 1667 3743 et
1699 3708 1799 3743 non
1835 3698 2120 3764 cognovisti
2188 3715 2285 3763 me,

702 3768 977 3835 Philippe;
1027 3786 1153 3825 nam
1210 3774 1393 3829 divina
1447 3788 1643 3834 natura
1696 3783 1863 3837 videri
1919 3800 2026 3838 non
2090 3797 2287 3855 potest,

689 3877 793 3916 nec
829 3863 1107 3934 cognosci.
1143 3863 1245 3930 Qui
1273 3870 1399 3921 vidit
1455 3888 1555 3934 me,
1611 3874 1739 3927 vidit
1786 3886 1837 3928 et
1883 3874 2102 3930 Patrem
2136 3895 2151 3941 ;
2193 3880 2282 3949 qui

684 3970 816 4010 vero
873 3972 960 4013 me
991 3958 1175 4014 videre
1228 3976 1339 4017 non
1380 3975 1579 4034 potest,
1617 3984 1797 4038 neque
1843 3968 2057 4025 Patrem
2100 3974 2286 4029 videre

686 4061 891 4118 potest.
940 4051 1006 4105 Et
1040 4056 1315 4124 quomodo
1359 4068 1415 4113 tu
1458 4060 1593 4115 dicis
1647 4077 1661 4114 :
1718 4061 1946 4118 Ostende
1996 4067 2140 4120 nobis
2175 4066 2284 4120 Pa-

684 4151 838 4206 trem,
874 4157 999 4196 cum
1039 4158 1143 4199 nec
1175 4161 1262 4200 me
1302 4148 1524 4215 videris,
1568 4165 1671 4205 nec
1720 4155 2064 4224 cognoveris.
2110 4172 2284 4225 quan-

680 4250 846 4305 quam
881 4245 933 4290 te
958 4238 1203 4307 opinaris
1230 4248 1284 4292 et
1313 4240 1512 4297 vidisse
1538 4254 1593 4297 et
1627 4246 1951 4314 cognovisse
1984 4248 2111 4302 me?

754 4347 912 4403 Vers.
956 4350 1041 4404 i0.
1099 4351 1316 4406 Non—
1346 4356 1480 4409 est.’
1533 4356 1690 4423 Quod
1750 4370 1943 4417 mutuo
2002 4378 2145 4419 unus
2186 4382 2281 4436 per

675 4438 911 4493 alterum
976 4443 1363 4512 cognoscimur
1441 4458 1700 4518 tanquam
1764 4453 1991 4507 omnino
2047 4456 2276 4512 similes.

2404 3256 2514 3305 τῶν
2546 3253 2850 3323 προφητῶν
2894 3253 2951 3303 ἐν
2998 3251 3332 3319 ἀνθρωπίνῳ
3386 3250 3514 3303 εἴδει
3568 3254 3661 3303 καὶ
3723 3252 3986 3321 σχήματι.

2405 3345 2515 3398 Καὶ
2576 3342 2915 3412 προσέθηκεν
2960 3342 3041 3394 ὄτι
3092 3341 3201 3393 Καὶ
3247 3341 3419 3408 ἀρκεῖ
3460 3342 3623 3408 ἡμῖν,
3684 3343 3759 3404 ὡς
3809 3343 3980 3393 αὲτὸν

2403 3440 2541 3497 τέως
2569 3435 2713 3505 ὀρῶν
2742 3435 2837 3486 καὶ
2868 3432 3045 3496 εἰδώς.
3073 3434 3328 3485 Δεὶκνυσι
3351 3434 3407 3485 δὲ
3437 3438 3463 3485 ὁ
3488 3435 3724 3503 Χριστὸς
3757 3436 3839 3486 ὅτι
3861 3435 3989 3486 οὔτε

2402 3529 2563 3583 αὐτὸν
2594 3523 2736 3579 εἶδεν
2768 3526 2892 3578 οὐδὲ
2920 3520 3027 3577 οἶδε
3056 3525 3201 3577 κατὰ
3231 3526 3329 3596 τὴν
3360 3525 3523 3593 φύσιν
3556 3527 3654 3593 τῆς
3704 3527 3984 3596 θεότητος.

2399 3623 2562 3689 Λέγει
2603 3616 2695 3673 οὖν
2728 3618 2877 3688 αὐτῷ
2904 3619 3047 3671 κατὰ
3077 3621 3380 3686 ἀπόφασιν·
3428 3618 3728 3671 Τοσοῦτον
3762 3622 3989 3687 χρόνον

2392 3714 2522 3785 μεθ’
2552 3714 2721 3783 ὑμῶν
2754 3717 2892 3783 ειμι,
2922 3714 3021 3765 καὶ
3076 3716 3185 3766 οὐκ
3236 3713 3504 3782 ἔγνωκάς
3558 3730 3655 3781 με,
3697 3714 3980 3766 Φίλιππε.

2410 3809 2665 3868 ’Λθέατος
2699 3807 2809 3877 γὰρ
2857 3810 2889 3875 ἡ
2935 3807 3054 3859 θεία
3108 3807 3267 3874 φύσις
3301 3808 3390 3857 καὶ
3424 3806 3724 3872 ἄγυωςτος.
3766 3807 3863 3877 ['0
3903 3808 3983 3873 (7)

2394 3900 2668 3969 ἑωρακὼς
2715 3899 2819 3968 ἐμὲ
2864 3898 3087 3967 ἑώρακε
3139 3901 3246 3952 τὸν
3292 3899 3560 3966 Πατέρα·
3596 3903 3621 3951 ὁ
3649 3898 3705 3950 δὲ
3765 3902 3862 3969 ἐμὲ
3898 3902 3975 3970 μὴ

2394 3996 2691 4064 δυνάμενος
2747 3994 2877 4046 ἰδεῖν
2926 3993 3047 4046 οὐδὲ
3112 3993 3203 4045 τὸν
3262 3995 3482 4061 Πατέρα
3547 3992 3771 4046 δύναται
3827 3992 3979 4046 ἰδεῖν.

2393 4090 2504 4143 Καὶ
2543 4089 2655 4151 πῶς
2700 4089 2761 4140 τὺ
2789 4087 2990 4153 λέγεις,
3023 4086 3231 4150 Δεῖξον
3260 4087 3406 4155 ἡμῖν
3432 4087 3541 4138 τὸν
3574 4087 3803 4155 Πατέρα
3828 4127 3841 4151 ,
3878 4085 3981 4170 ἐμ)

2395 4182 2470 4252 μὴ
2533 4181 2675 4245 ἰδὼν,
2727 4182 2863 4250 μήτε
2896 4180 3085 4247 γνοὺς,
3143 4180 3192 4232 ει
3247 4180 3341 4233 καὶ
3392 4179 3800 4249 ὑπολαμϐάνεις
3851 4179 3983 4232 ἰδεῖν

2394 4276 2487 4328 καὶ
2512 4276 2716 4341 γνῶναί
2745 4292 2808 4343 με
2826 4272 2868 4343 ;]

2464 4368 2546 4420 Οὐ
2584 4396 2653 4405 -—
2679 4366 2890 4429 ἐστιν;
2918 4367 3040 4419 Ὀτι
3065 4365 3131 4419 δι’
3177 4364 3425 4434 ἀλλήλων
3450 4362 3855 4433 γνωριζόμεθα,
3899 4362 3979 4424 ὡς

2389 4459 2827 4528 ἁπαράλλακτοι.
2866 4460 3113 4528 Ζήτησον
3159 4458 3214 4511 δι
3246 4457 3384 4527 πρὸς
3408 4456 3484 4525 τῷ
3508 4456 3652 4508 τέλει
3688 4455 3781 4507 τοῦ
3811 4455 3980 4508 δεκά-

676 4532 877 4597 ρυαετε
960 4543 1147 4590 autem
1212 4538 1357 4593 circa
1445 4538 1609 4595 linem
1679 4543 1877 4599 decimi
1932 4549 2126 4616 capitis
2186 4529 2413 4604 ιιδίοτ

2241 4550 2276 4603 )ἰ
2310 4529 2360 4589 D
2386 4568 2478 4604 του
2501 4551 2802 4618 κεφαλαίου
2830 4551 2889 4603 τό
2910 4566 2923 4579 ’
2966 4551 3101 4603 Ἵνα
3130 4546 3320 4615 γνῶτε
3341 4551 3438 4599 καὶ
3467 4547 3839 4613 πιστεύσητε
3887 4545 3978 4597 ὅτι

674 4622 877 4677 dicitur
930 4642 943 4679 :
1003 4623 1072 4679 Ut
1126 4630 1452 4699 cognoscatis
1518 4641 1567 4683 et
1636 4634 1890 4700 credatis,
1968 4639 2106 4699 quod
2160 4636 2275 4693 Pa-

674 4727 753 4771 ter
794 4718 848 4771 in
885 4735 966 4773 me
998 4730 1095 4787 est,
1140 4732 1192 4775 et
1237 4738 1331 4792 ego
1379 4725 1431 4776 in
1482 4741 1540 4777 eo
1570 4726 1637 4791 ³⁸,
1680 4735 1737 4781 et
1794 4728 1913 4800 lege
1966 4732 2085 4802 ejus
2117 4748 2280 4787 enar-

670 4810 965 4865 rationem.

744 4904 901 4959 Vers.
960 4907 1045 4960 tn.
1117 4905 1278 4961 Verba
1311 4938 1380 4950 —
1420 4911 1627 4983 loquor.
1665 4911 1771 4968 Sed
1813 4929 1841 4968 a
1895 4913 2087 4982 Patre;
2130 4920 2274 4988 quod

668 4994 714 5047 si
758 5010 785 5047 a
820 4994 999 5062 Patre,
1048 4998 1239 5067 utique
1273 5014 1302 5052 a
1340 5001 1570 5071 meipso;
1616 5018 1741 5057 nam
1774 5018 1895 5073 qua
1949 5020 2069 5059 mea
2120 5018 2269 5073 sunt,

666 5087 833 5141 etiam
891 5088 1036 5143 illius
1066 5101 1214 5157 sunt;
1261 5105 1316 5147 et
1361 5108 1482 5164 qua
1532 5094 1697 5160 illius,
1735 5097 1895 5151 etiam
1953 5115 2069 5153 mea
2116 5111 2265 5157 sunt.

664 5180 862 5235 Omnia
946 5182 1215 5252 siquidem
1268 5187 1583 5243 communia
1638 5198 1693 5245 et
1734 5190 1961 5260 aqualia
2016 5193 2266 5263 posside-

662 5292 807 5333 mus.
878 5274 1076 5334 Dic-ens
1116 5290 1299 5336 autem
1356 5282 1423 5337 de
1479 5285 1849 5352 sermonibus,
1911 5288 2044 5343 dicit
2098 5290 2261 5346 etiam

659 5372 727 5427 de
758 5370 1018 5441 operibus

770 5510 814 5542 "
847 5510 1005 5565 Joatt.
1040 5528 1094 5577 ι,
1120 5512 1209 5567 38.

2379 4646 2449 4698 ἐν
2480 4645 2609 4714 ἐμοὶ
2644 4648 2677 4698 ό
2725 4644 2953 4711 Πατὴρ,
3006 4642 3170 4712 κάγὼ
3212 4643 3283 4695 ἐν
3326 4638 3518 4703 αὐτῷ’
3570 4639 3665 4692 καὶ
3698 4638 4007 4708 ἀνάγνωθι·

2377 4741 2475 4810 τὴν
2516 4736 2783 4808 ἐξήγησιν
2814 4736 3005 4789 αὑτοῦ.

2457 4930 2531 4984 Τὰ
2550 4929 2794 5001 ῥήματα
2822 4959 2889 4970 -
2913 4927 3107 4983 λαλῶ.
3163 4928 3305 4981 Ἀλλ’
3337 4929 3447 4981 ἀπὸ
3468 4927 3563 4981 τοῦ
3597 4926 3831 4997 Πατρός.
3857 4928 3971 4980 Καὶ

2380 5024 2429 5076 εἰ
2461 5022 2571 5076 ἀπὸ
2601 5023 2695 5076 τοῦ
2732 5022 2967 5093 [ἰατρὸς.
3020 5022 3128 5093 ἄρα
3162 5024 3257 5076 ἀπ’
3290 5021 3534 5093 ἐμαυτοῦ
3561 5038 3572 5050 ·
3610 5023 3677 5073 τὰ
3707 5023 3813 5090 ἐμὰ
3861 5023 3973 5091 γὰρ

2377 5114 2611 5177 ἐκείνου,
2646 5115 2738 5167 καὶ
2779 5115 2845 5167 τὰ
2874 5116 3085 5166 ἐκείνου
3148 5116 3256 5183 ἐμά.
3280 5132 3293 5144 ·
3326 5113 3503 5166 πάντα
3539 5114 3648 5182 γὰρ
3682 5113 3839 5165 χοινὰ
3872 5114 3971 5165 καὶ

2374 5203 2466 5261 ἶσα
2496 5206 2841 5276 κεκτήμεθα.
2873 5205 3058 5259 Εἰπὼν
3110 5207 3165 5259 δὲ
3209 5207 3339 5278 περὶ
3394 5206 3505 5259 τῶν
3556 5206 3755 5275 λόγων,
3804 5205 3966 5274 ,λέγει

2371 5303 2465 5357 καὶ
2495 5300 2761 5371 περὶτῶν
2795 5300 2976 5371 ἔργων

1841 5588 2069 5683 [Varias
2098 5588 2405 5651 lectiones
2442 5595 2505 5651 et
2535 5597 2726 5651 noue.

728 5752 803 5819 (6)
841 5754 995 5809 Tom.
1030 5754 1167 5819 Vlll,
1202 5770 1253 5824 p.
1289 5755 1413 5809 £32.
1450 5755 1513 5811 C.
1553 5756 1720 5812 Recte
1755 5766 1939 5811 antem
1978 5757 2118 5813 dixit
2148 5758 2253 5813 hoc

651 5826 775 5884 loco
799 5830 1205 5898 interpretatur.
1230 5824 1468 5883 Facilius
1484 5828 1631 5885 enim
1648 5838 1766 5885 erat
1785 5829 1858 5885 ita
1876 5830 2250 5902 interpretari.

2366 5758 2509 5829 Ergo
2547 5768 2755 5814 textum
2793 5758 3027 5814 mutavit
3058 5757 3504 5829 Chrysostcmus.

2435 5826 2514 5902 (7)
2550 5829 2759 5887 Inclusa
2788 5830 2987 5889 desunt
3034 5831 3100 5887 A.
