  <div class='ocr_page' id='page_1' title='image "/cluster/home/n/w/nwhite01/storage/ocr_20150623/129/nnc1.0046979913/749.png"; bbox 0 0 4398 6462; ppageno 0'>
   <div class='ocr_carea' id='block_1_1' title="bbox 810 377 942 446">
    <p class='ocr_par' dir='ltr' id='par_1_1' title="bbox 810 377 942 446">
     <span class='ocr_line' id='line_1_1' title="bbox 810 377 942 446; baseline 0.03 -4"><span class='ocrx_word' id='word_1_1' title='bbox 810 377 942 446; x_wconf 73' lang='grc' dir='ltr'>ιιτι</span> 
     </span>
    </p>
   </div>
   <div class='ocr_carea' id='block_1_2' title="bbox 882 490 1972 561">
    <p class='ocr_par' dir='ltr' id='par_1_2' title="bbox 882 490 1972 561">
     <span class='ocr_line' id='line_1_2' title="bbox 882 490 1972 561; baseline 0.004 -16"><span class='ocrx_word' id='word_1_2' title='bbox 882 493 1039 545; x_wconf 78' lang='lat' dir='ltr'><strong>Vers.</strong></span> <span class='ocrx_word' id='word_1_3' title='bbox 1071 490 1125 545; x_wconf 88' lang='lat'><strong>6.</strong></span> <span class='ocrx_word' id='word_1_4' title='bbox 1155 493 1224 545; x_wconf 77' lang='lat' dir='ltr'><strong>Et</strong></span> <span class='ocrx_word' id='word_1_5' title='bbox 1254 519 1325 533; x_wconf 90' lang='lat'><strong>-—</strong></span> <span class='ocrx_word' id='word_1_6' title='bbox 1347 494 1648 561; x_wconf 64' lang='lat' dir='ltr'><strong>conjiciat.</strong></span> <span class='ocrx_word' id='word_1_7' title='bbox 1672 495 1972 551; x_wconf 71' lang='lat' dir='ltr'><strong>Gebennae.</strong></span> 
     </span>
    </p>
   </div>
   <div class='ocr_carea' id='block_1_3' title="bbox 875 582 2377 650">
    <p class='ocr_par' dir='ltr' id='par_1_3' title="bbox 875 582 2377 650">
     <span class='ocr_line' id='line_1_3' title="bbox 875 582 2377 650; baseline 0.008 -17"><span class='ocrx_word' id='word_1_8' title='bbox 875 582 1025 634; x_wconf 79' lang='lat' dir='ltr'><strong>Vers.</strong></span> <span class='ocrx_word' id='word_1_9' title='bbox 1050 584 1101 635; x_wconf 84' lang='lat'><strong>6.</strong></span> <span class='ocrx_word' id='word_1_10' title='bbox 1133 582 1199 637; x_wconf 85' lang='lat' dir='ltr'><strong>Et</strong></span> <span class='ocrx_word' id='word_1_11' title='bbox 1222 586 1498 640; x_wconf 71' lang='lat' dir='ltr'><strong>ardeount.</strong></span> <span class='ocrx_word' id='word_1_12' title='bbox 1526 586 2033 650; x_wconf 83' lang='lat' dir='ltr'><strong>lnﬂammabuntur,</strong></span> <span class='ocrx_word' id='word_1_13' title='bbox 2055 603 2165 642; x_wconf 88' lang='lat' dir='ltr'><strong>non</strong></span> <span class='ocrx_word' id='word_1_14' title='bbox 2196 600 2377 645; x_wconf 81' lang='lat' dir='ltr'><strong>tamen</strong></span> 
     </span>
    </p>
   </div>
   <div class='ocr_carea' id='block_1_4' title="bbox 801 673 2375 741">
    <p class='ocr_par' dir='ltr' id='par_1_4' title="bbox 801 673 2375 741">
     <span class='ocr_line' id='line_1_4' title="bbox 801 673 2375 741; baseline 0.006 -17"><span class='ocrx_word' id='word_1_15' title='bbox 801 673 1211 726; x_wconf 85' lang='lat' dir='ltr'><strong>comburentur.</strong></span> <span class='ocrx_word' id='word_1_16' title='bbox 1243 674 1357 726; x_wconf 80' lang='lat' dir='ltr'><strong>Non</strong></span> <span class='ocrx_word' id='word_1_17' title='bbox 1388 683 1669 728; x_wconf 81' lang='lat' dir='ltr'><strong>manentes</strong></span> <span class='ocrx_word' id='word_1_18' title='bbox 1694 686 1874 729; x_wconf 91' lang='lat' dir='ltr'><strong>autem</strong></span> <span class='ocrx_word' id='word_1_19' title='bbox 1901 680 1953 729; x_wconf 89' lang='lat' dir='ltr'><strong>in</strong></span> <span class='ocrx_word' id='word_1_20' title='bbox 1987 692 2071 741; x_wconf 83' lang='lat' dir='ltr'><strong>se,</strong></span> <span class='ocrx_word' id='word_1_21' title='bbox 2105 679 2241 733; x_wconf 88' lang='lat' dir='ltr'><strong>dicit</strong></span> <span class='ocrx_word' id='word_1_22' title='bbox 2264 694 2375 733; x_wconf 86' lang='lat' dir='ltr'><strong>non</strong></span> 
     </span>
    </p>
   </div>
   <div class='ocr_carea' id='block_1_5' title="bbox 800 766 2375 835">
    <p class='ocr_par' dir='ltr' id='par_1_5' title="bbox 800 766 2375 835">
     <span class='ocr_line' id='line_1_5' title="bbox 800 766 2375 835; baseline 0.003 -16"><span class='ocrx_word' id='word_1_23' title='bbox 800 780 895 819; x_wconf 82' lang='lat' dir='ltr'><strong>eos</strong></span> <span class='ocrx_word' id='word_1_24' title='bbox 927 767 1126 828; x_wconf 92' lang='lat' dir='ltr'><strong>solum,</strong></span> <span class='ocrx_word' id='word_1_25' title='bbox 1162 768 1251 833; x_wconf 98' lang='lat' dir='ltr'><strong>qui</strong></span> <span class='ocrx_word' id='word_1_26' title='bbox 1301 766 1369 819; x_wconf 84' lang='lat' dir='ltr'><strong>ab</strong></span> <span class='ocrx_word' id='word_1_27' title='bbox 1403 767 1495 818; x_wconf 92' lang='lat' dir='ltr'><strong>illo</strong></span> <span class='ocrx_word' id='word_1_28' title='bbox 1536 777 1665 818; x_wconf 86' lang='lat' dir='ltr'><strong>sunt</strong></span> <span class='ocrx_word' id='word_1_29' title='bbox 1710 768 1975 835; x_wconf 84' lang='lat' dir='ltr'><strong>amputati</strong></span> <span class='ocrx_word' id='word_1_30' title='bbox 2004 779 2098 822; x_wconf 84' lang='lat' dir='ltr'><strong>aut</strong></span> <span class='ocrx_word' id='word_1_31' title='bbox 2128 771 2375 835; x_wconf 76' lang='lat' dir='ltr'><strong>abscissi,</strong></span> 
     </span>
    </p>
   </div>
   <div class='ocr_carea' id='block_1_6' title="bbox 800 854 2374 926">
    <p class='ocr_par' dir='ltr' id='par_1_6' title="bbox 800 854 2374 926">
     <span class='ocr_line' id='line_1_6' title="bbox 800 854 2374 926; baseline 0.004 -21"><span class='ocrx_word' id='word_1_32' title='bbox 800 856 894 906; x_wconf 80' lang='lat' dir='ltr'><strong>sed</strong></span> <span class='ocrx_word' id='word_1_33' title='bbox 929 864 983 905; x_wconf 88' lang='lat' dir='ltr'><strong>et</strong></span> <span class='ocrx_word' id='word_1_34' title='bbox 1018 856 1139 907; x_wconf 85' lang='lat' dir='ltr'><strong>lllos</strong></span> <span class='ocrx_word' id='word_1_35' title='bbox 1172 856 1263 921; x_wconf 85' lang='lat' dir='ltr'><strong>qui</strong></span> <span class='ocrx_word' id='word_1_36' title='bbox 1311 870 1421 905; x_wconf 81' lang='lat' dir='ltr'><strong>non</strong></span> <span class='ocrx_word' id='word_1_37' title='bbox 1456 854 1686 906; x_wconf 80' lang='lat' dir='ltr'><strong>ﬁrmiter</strong></span> <span class='ocrx_word' id='word_1_38' title='bbox 1732 872 1857 909; x_wconf 78' lang='lat' dir='ltr'><strong>eum</strong></span> <span class='ocrx_word' id='word_1_39' title='bbox 1904 873 1970 910; x_wconf 90' lang='lat' dir='ltr'><strong>eo</strong></span> <span class='ocrx_word' id='word_1_40' title='bbox 2030 859 2374 926; x_wconf 88' lang='lat' dir='ltr'><strong>copulantur.</strong></span> 
     </span>
    </p>
   </div>
   <div class='ocr_carea' id='block_1_7' title="bbox 875 942 2369 1017">
    <p class='ocr_par' dir='ltr' id='par_1_7' title="bbox 875 942 2369 1017">
     <span class='ocr_line' id='line_1_7' title="bbox 875 942 2369 1017; baseline 0.005 -24"><span class='ocrx_word' id='word_1_41' title='bbox 875 944 1021 996; x_wconf 61' lang='grc' dir='ltr'><strong>γεγε.</strong></span> <span class='ocrx_word' id='word_1_42' title='bbox 1061 945 1109 996; x_wconf 92' lang='grc'><strong>7.</strong></span> <span class='ocrx_word' id='word_1_43' title='bbox 1144 942 1202 995; x_wconf 86' lang='lat' dir='ltr'><strong>Si</strong></span> <span class='ocrx_word' id='word_1_44' title='bbox 1239 974 1295 983; x_wconf 86' lang='lat'><strong>—-</strong></span> <span class='ocrx_word' id='word_1_45' title='bbox 1339 945 1499 996; x_wconf 76' lang='lat' dir='ltr'><strong>vobis.</strong></span> <span class='ocrx_word' id='word_1_46' title='bbox 1538 943 1679 997; x_wconf 82' lang='lat' dir='ltr'><strong>Nihil</strong></span> <span class='ocrx_word' id='word_1_47' title='bbox 1704 950 1851 999; x_wconf 89' lang='lat' dir='ltr'><strong>enim</strong></span> <span class='ocrx_word' id='word_1_48' title='bbox 1890 948 2169 1017; x_wconf 79' lang='lat' dir='ltr'><strong>indignum</strong></span> <span class='ocrx_word' id='word_1_49' title='bbox 2201 958 2369 1016; x_wconf 88' lang='lat' dir='ltr'><strong>petet,</strong></span> 
     </span>
    </p>
   </div>
   <div class='ocr_carea' id='block_1_8' title="bbox 799 1034 2376 1101">
    <p class='ocr_par' dir='ltr' id='par_1_8' title="bbox 799 1034 2376 1101">
     <span class='ocr_line' id='line_1_8' title="bbox 799 1034 2376 1101; baseline 0.006 -17"><span class='ocrx_word' id='word_1_50' title='bbox 799 1050 889 1101; x_wconf 77' lang='lat' dir='ltr'><strong>qui</strong></span> <span class='ocrx_word' id='word_1_51' title='bbox 924 1034 975 1083; x_wconf 89' lang='lat' dir='ltr'><strong>iu</strong></span> <span class='ocrx_word' id='word_1_52' title='bbox 1013 1034 1101 1084; x_wconf 83' lang='lat' dir='ltr'><strong>Dei</strong></span> <span class='ocrx_word' id='word_1_53' title='bbox 1145 1037 1426 1100; x_wconf 67' lang='grc' dir='ltr'>ρπεονριίε</span> <span class='ocrx_word' id='word_1_54' title='bbox 1462 1043 1738 1087; x_wconf 81' lang='lat' dir='ltr'><strong>versatur.</strong></span> <span class='ocrx_word' id='word_1_55' title='bbox 1773 1035 2070 1091; x_wconf 78' lang='lat' dir='ltr'><strong>Considera</strong></span> <span class='ocrx_word' id='word_1_56' title='bbox 2107 1054 2234 1092; x_wconf 77' lang='lat' dir='ltr'><strong>vero</strong></span> <span class='ocrx_word' id='word_1_57' title='bbox 2273 1040 2376 1093; x_wconf 86' lang='lat' dir='ltr'><strong>hoc</strong></span> 
     </span>
    </p>
   </div>
   <div class='ocr_carea' id='block_1_9' title="bbox 799 1124 2373 1198">
    <p class='ocr_par' dir='ltr' id='par_1_9' title="bbox 799 1124 2373 1198">
     <span class='ocr_line' id='line_1_9' title="bbox 799 1124 2373 1198; baseline 0.006 -24"><span class='ocrx_word' id='word_1_58' title='bbox 799 1138 918 1174; x_wconf 81' lang='lat' dir='ltr'><strong>esse</strong></span> <span class='ocrx_word' id='word_1_59' title='bbox 949 1124 1225 1175; x_wconf 68' lang='lat' dir='ltr'><strong>Clu-istum</strong></span> <span class='ocrx_word' id='word_1_60' title='bbox 1264 1127 1315 1176; x_wconf 87' lang='lat' dir='ltr'><strong>in</strong></span> <span class='ocrx_word' id='word_1_61' title='bbox 1348 1126 1631 1194; x_wconf 67' lang='lat' dir='ltr'><strong>discipulis</strong></span> <span class='ocrx_word' id='word_1_62' title='bbox 1672 1143 1919 1187; x_wconf 81' lang='lat' dir='ltr'><strong>manere,</strong></span> <span class='ocrx_word' id='word_1_63' title='bbox 1953 1130 2118 1183; x_wconf 84' lang='lat' dir='ltr'><strong>verba</strong></span> <span class='ocrx_word' id='word_1_64' title='bbox 2168 1132 2289 1198; x_wconf 91' lang='lat' dir='ltr'><strong>ejus</strong></span> <span class='ocrx_word' id='word_1_65' title='bbox 2317 1131 2373 1183; x_wconf 91' lang='lat' dir='ltr'><strong>in</strong></span> 
     </span>
    </p>
   </div>
   <div class='ocr_carea' id='block_1_10' title="bbox 797 1213 2143 1287">
    <p class='ocr_par' dir='ltr' id='par_1_10' title="bbox 797 1213 2143 1287">
     <span class='ocr_line' id='line_1_10' title="bbox 797 1213 2143 1287; baseline 0.007 -24"><span class='ocrx_word' id='word_1_66' title='bbox 797 1213 902 1264; x_wconf 80' lang='lat' dir='ltr'><strong>illis</strong></span> <span class='ocrx_word' id='word_1_67' title='bbox 934 1230 1177 1275; x_wconf 82' lang='lat' dir='ltr'><strong>manere,</strong></span> <span class='ocrx_word' id='word_1_68' title='bbox 1207 1230 1322 1268; x_wconf 75' lang='lat' dir='ltr'><strong>sive</strong></span> <span class='ocrx_word' id='word_1_69' title='bbox 1347 1218 1574 1279; x_wconf 85' lang='lat' dir='ltr'><strong>servari,</strong></span> <span class='ocrx_word' id='word_1_70' title='bbox 1618 1227 1712 1269; x_wconf 87' lang='lat' dir='ltr'><strong>aut</strong></span> <span class='ocrx_word' id='word_1_71' title='bbox 1740 1234 1904 1286; x_wconf 80' lang='lat' dir='ltr'><strong>opere</strong></span> <span class='ocrx_word' id='word_1_72' title='bbox 1934 1220 2143 1287; x_wconf 88' lang='lat' dir='ltr'><strong>perlici.</strong></span> 
     </span>
    </p>
   </div>
   <div class='ocr_carea' id='block_1_11' title="bbox 864 1398 2374 1473">
    <p class='ocr_par' dir='ltr' id='par_1_11' title="bbox 864 1398 2374 1473">
     <span class='ocr_line' id='line_1_11' title="bbox 864 1398 2374 1473; baseline 0.009 -24"><span class='ocrx_word' id='word_1_73' title='bbox 864 1398 1022 1451; x_wconf 83' lang='lat' dir='ltr'><strong>Vers.</strong></span> <span class='ocrx_word' id='word_1_74' title='bbox 1057 1401 1109 1452; x_wconf 84' lang='lat'><strong>8.</strong></span> <span class='ocrx_word' id='word_1_75' title='bbox 1141 1398 1203 1452; x_wconf 83' lang='lat' dir='ltr'><strong>In</strong></span> <span class='ocrx_word' id='word_1_76' title='bbox 1248 1428 1317 1438; x_wconf 93' lang='lat'><strong><em>—</em></strong></span> <span class='ocrx_word' id='word_1_77' title='bbox 1363 1401 1623 1467; x_wconf 72' lang='lat' dir='ltr'><strong>a/Teratis.</strong></span> <span class='ocrx_word' id='word_1_78' title='bbox 1669 1432 1739 1442; x_wconf 90' lang='lat'>—</span> <span class='ocrx_word' id='word_1_79' title='bbox 1776 1403 2113 1473; x_wconf 74' lang='lat' dir='ltr'><strong>Glori/ieatus</strong></span> <span class='ocrx_word' id='word_1_80' title='bbox 2143 1417 2236 1471; x_wconf 81' lang='lat' dir='ltr'><strong>est,</strong></span> <span class='ocrx_word' id='word_1_81' title='bbox 2270 1407 2374 1463; x_wconf 89' lang='lat' dir='ltr'><strong>hoc</strong></span> 
     </span>
    </p>
   </div>
   <div class='ocr_carea' id='block_1_12' title="bbox 791 1490 2369 1561">
    <p class='ocr_par' dir='ltr' id='par_1_12' title="bbox 791 1490 2369 1561">
     <span class='ocr_line' id='line_1_12' title="bbox 791 1490 2369 1561; baseline 0.006 -18"><span class='ocrx_word' id='word_1_82' title='bbox 791 1499 896 1552; x_wconf 89' lang='lat' dir='ltr'><strong>cst,</strong></span> <span class='ocrx_word' id='word_1_83' title='bbox 926 1491 1349 1543; x_wconf 83' lang='lat' dir='ltr'><strong>Gloriﬁcabitur.</strong></span> <span class='ocrx_word' id='word_1_84' title='bbox 1382 1490 1448 1545; x_wconf 91' lang='lat' dir='ltr'><strong>Ut</strong></span> <span class='ocrx_word' id='word_1_85' title='bbox 1477 1492 1739 1555; x_wconf 78' lang='lat' dir='ltr'><strong>aﬂ’eratis,</strong></span> <span class='ocrx_word' id='word_1_86' title='bbox 1769 1496 1820 1549; x_wconf 91' lang='lat' dir='ltr'><strong>id</strong></span> <span class='ocrx_word' id='word_1_87' title='bbox 1850 1512 1955 1561; x_wconf 86' lang='lat' dir='ltr'><strong>est,</strong></span> <span class='ocrx_word' id='word_1_88' title='bbox 1982 1498 2026 1551; x_wconf 89' lang='lat' dir='ltr'><strong>si</strong></span> <span class='ocrx_word' id='word_1_89' title='bbox 2056 1500 2369 1555; x_wconf 87' lang='lat' dir='ltr'><strong>attuleritis.</strong></span> 
     </span>
    </p>
   </div>
   <div class='ocr_carea' id='block_1_13' title="bbox 792 1582 2372 1658">
    <p class='ocr_par' dir='ltr' id='par_1_13' title="bbox 792 1582 2372 1658">
     <span class='ocr_line' id='line_1_13' title="bbox 792 1582 2372 1658; baseline 0.008 -26"><span class='ocrx_word' id='word_1_90' title='bbox 792 1582 956 1634; x_wconf 84' lang='lat' dir='ltr'><strong>Multa</strong></span> <span class='ocrx_word' id='word_1_91' title='bbox 1011 1583 1281 1649; x_wconf 89' lang='lat' dir='ltr'><strong>siquidem</strong></span> <span class='ocrx_word' id='word_1_92' title='bbox 1316 1592 1445 1636; x_wconf 88' lang='lat' dir='ltr'><strong>sunt</strong></span> <span class='ocrx_word' id='word_1_93' title='bbox 1498 1585 1642 1651; x_wconf 85' lang='lat' dir='ltr'><strong>apud</strong></span> <span class='ocrx_word' id='word_1_94' title='bbox 1678 1584 2017 1655; x_wconf 81' lang='lat' dir='ltr'><strong>Scripturam</strong></span> <span class='ocrx_word' id='word_1_95' title='bbox 2056 1590 2372 1658; x_wconf 70' lang='lat' dir='ltr'><strong>huiusmodi</strong></span> 
     </span>
    </p>
   </div>
   <div class='ocr_carea' id='block_1_14' title="bbox 790 1671 1070 1723">
    <p class='ocr_par' dir='ltr' id='par_1_14' title="bbox 790 1671 1070 1723">
     <span class='ocr_line' id='line_1_14' title="bbox 790 1671 1070 1723; baseline -0.004 -1"><span class='ocrx_word' id='word_1_96' title='bbox 790 1671 1070 1723; x_wconf 85' lang='lat' dir='ltr'><strong>idiomata.</strong></span> 
     </span>
    </p>
   </div>
   <div class='ocr_carea' id='block_1_15' title="bbox 861 1762 2366 1827">
    <p class='ocr_par' dir='ltr' id='par_1_15' title="bbox 861 1762 2366 1827">
     <span class='ocr_line' id='line_1_15' title="bbox 861 1762 2366 1827; baseline 0.009 -13"><span class='ocrx_word' id='word_1_97' title='bbox 861 1763 1013 1816; x_wconf 77' lang='lat' dir='ltr'><strong>Vers.</strong></span> <span class='ocrx_word' id='word_1_98' title='bbox 1049 1764 1099 1817; x_wconf 90' lang='grc'><strong>8.</strong></span> <span class='ocrx_word' id='word_1_99' title='bbox 1160 1762 1226 1815; x_wconf 82' lang='lat' dir='ltr'><strong>Et</strong></span> <span class='ocrx_word' id='word_1_100' title='bbox 1278 1794 1345 1803; x_wconf 92' lang='lat'><strong><em>—</em></strong></span> <span class='ocrx_word' id='word_1_101' title='bbox 1404 1765 1675 1827; x_wconf 74' lang='lat' dir='ltr'><strong>discipuli.</strong></span> <span class='ocrx_word' id='word_1_102' title='bbox 1732 1765 1968 1821; x_wconf 81' lang='lat' dir='ltr'><strong>Perfecti</strong></span> <span class='ocrx_word' id='word_1_103' title='bbox 2033 1768 2366 1827; x_wconf 83' lang='lat' dir='ltr'><strong>cl&#39;ilciamini.</strong></span> 
     </span>
    </p>
   </div>
   <div class='ocr_carea' id='block_1_16' title="bbox 2074 388 2867 450">
    <p class='ocr_par' dir='ltr' id='par_1_16' title="bbox 2074 388 2867 450">
     <span class='ocr_line' id='line_1_16' title="bbox 2074 388 2867 450; baseline 0.003 -2"><span class='ocrx_word' id='word_1_104' title='bbox 2074 388 2459 449; x_wconf 74' lang='lat' dir='ltr'><strong>EUTHYMII</strong></span> <span class='ocrx_word' id='word_1_105' title='bbox 2498 388 2867 450; x_wconf 79' lang='lat' dir='ltr'><strong>ZIGABENI</strong></span> 
     </span>
    </p>
   </div>
   <div class='ocr_carea' id='block_1_17' title="bbox 2409 500 3629 575">
    <p class='ocr_par' dir='ltr' id='par_1_17' title="bbox 2409 500 3629 575">
     <span class='ocr_line' id='line_1_17' title="bbox 2409 500 3629 575; baseline 0.006 -24"><span class='ocrx_word' id='word_1_106' title='bbox 2409 501 2462 559; x_wconf 75' lang='grc' dir='ltr'><strong>Α</strong></span> <span class='ocrx_word' id='word_1_107' title='bbox 2556 500 2663 552; x_wconf 78' lang='grc' dir='ltr'><strong>Καὶ</strong></span> <span class='ocrx_word' id='word_1_108' title='bbox 2688 500 3113 563; x_wconf 58' lang='grc' dir='ltr'><strong>-βάιιλουσμ</strong></span> <span class='ocrx_word' id='word_1_109' title='bbox 3147 502 3223 557; x_wconf 79' lang='grc' dir='ltr'>Τδ</span> <span class='ocrx_word' id='word_1_110' title='bbox 3255 504 3356 573; x_wconf 77' lang='grc' dir='ltr'>τῆς</span> <span class='ocrx_word' id='word_1_111' title='bbox 3383 505 3629 575; x_wconf 66' lang='grc' dir='ltr'>γαννης.</span> 
     </span>
    </p>
   </div>
   <div class='ocr_carea' id='block_1_18' title="bbox 3915 398 4060 464">
    <p class='ocr_par' dir='ltr' id='par_1_18' title="bbox 3915 398 4060 464">
     <span class='ocr_line' id='line_1_18' title="bbox 3915 398 4060 464; baseline -0.007 0"><span class='ocrx_word' id='word_1_112' title='bbox 3915 398 4060 464; x_wconf 71' lang='lat' dir='ltr'><strong>1H!</strong></span> 
     </span>
    </p>
   </div>
   <div class='ocr_carea' id='block_1_19' title="bbox 2551 590 4056 665">
    <p class='ocr_par' dir='ltr' id='par_1_19' title="bbox 2551 590 4056 665">
     <span class='ocr_line' id='line_1_19' title="bbox 2551 590 4056 665; baseline 0.007 -21"><span class='ocrx_word' id='word_1_113' title='bbox 2551 590 2659 644; x_wconf 72' lang='lat' dir='ltr'><strong>Kal</strong></span> <span class='ocrx_word' id='word_1_114' title='bbox 2679 591 2928 645; x_wconf 72' lang='grc' dir='ltr'>καίεται.</span> <span class='ocrx_word' id='word_1_115' title='bbox 2956 593 3067 645; x_wconf 78' lang='grc' dir='ltr'><strong>Καὶ</strong></span> <span class='ocrx_word' id='word_1_116' title='bbox 3087 593 3398 660; x_wconf 69' lang='grc' dir='ltr'>φλιγονται,</span> <span class='ocrx_word' id='word_1_117' title='bbox 3420 595 3483 648; x_wconf 79' lang='grc' dir='ltr'><strong>οὐ</strong></span> <span class='ocrx_word' id='word_1_118' title='bbox 3508 595 3615 665; x_wconf 79' lang='grc' dir='ltr'><strong>μὴν</strong></span> <span class='ocrx_word' id='word_1_119' title='bbox 3637 597 4056 656; x_wconf 73' lang='grc' dir='ltr'>κατακαίονται.</span> 
     </span>
    </p>
   </div>
   <div class='ocr_carea' id='block_1_20' title="bbox 2480 680 4056 755">
    <p class='ocr_par' dir='ltr' id='par_1_20' title="bbox 2480 680 4056 755">
     <span class='ocr_line' id='line_1_20' title="bbox 2480 680 4056 755; baseline 0.007 -24"><span class='ocrx_word' id='word_1_120' title='bbox 2480 680 2554 732; x_wconf 78' lang='grc' dir='ltr'><strong>Οὐ</strong></span> <span class='ocrx_word' id='word_1_121' title='bbox 2587 680 2849 749; x_wconf 74' lang='grc' dir='ltr'>μινοντας</span> <span class='ocrx_word' id='word_1_122' title='bbox 2880 682 2937 735; x_wconf 73' lang='grc' dir='ltr'>δι</span> <span class='ocrx_word' id='word_1_123' title='bbox 2972 683 3031 737; x_wconf 71' lang='grc' dir='ltr'><strong>ιν</strong></span> <span class='ocrx_word' id='word_1_124' title='bbox 3060 684 3209 753; x_wconf 76' lang='grc' dir='ltr'><strong>αὐτῷ</strong></span> <span class='ocrx_word' id='word_1_125' title='bbox 3237 684 3387 752; x_wconf 70' lang='grc' dir='ltr'>λέγω</span> <span class='ocrx_word' id='word_1_126' title='bbox 3427 686 3489 737; x_wconf 77' lang='grc' dir='ltr'><strong>οὒ</strong></span> <span class='ocrx_word' id='word_1_127' title='bbox 3533 686 3695 755; x_wconf 88' lang='grc' dir='ltr'>μόνον</span> <span class='ocrx_word' id='word_1_128' title='bbox 3736 688 3862 748; x_wconf 73' lang='grc' dir='ltr'>τοὺς</span> <span class='ocrx_word' id='word_1_129' title='bbox 3912 690 4056 741; x_wconf 60' lang='lat' dir='ltr'><strong>hce-</strong></span> 
     </span>
    </p>
   </div>
   <div class='ocr_carea' id='block_1_21' title="bbox 2480 772 4061 841">
    <p class='ocr_par' dir='ltr' id='par_1_21' title="bbox 2480 772 4061 841">
     <span class='ocr_line' id='line_1_21' title="bbox 2480 772 4061 841; baseline 0.007 -21"><span class='ocrx_word' id='word_1_130' title='bbox 2480 772 2748 833; x_wconf 71' lang='grc' dir='ltr'>κοπέντας</span> <span class='ocrx_word' id='word_1_131' title='bbox 2798 772 2829 841; x_wconf 77' lang='grc' dir='ltr'>ἢ</span> <span class='ocrx_word' id='word_1_132' title='bbox 2878 772 3311 841; x_wconf 66' lang='grc' dir='ltr'><strong>ἀποσχισθέντες</strong></span> <span class='ocrx_word' id='word_1_133' title='bbox 3360 775 3550 838; x_wconf 73' lang='grc' dir='ltr'>αὐτοῦ,</span> <span class='ocrx_word' id='word_1_134' title='bbox 3599 775 3737 829; x_wconf 87' lang='grc' dir='ltr'><strong>ἀλλά</strong></span> <span class='ocrx_word' id='word_1_135' title='bbox 3784 779 3879 829; x_wconf 79' lang='grc' dir='ltr'>καὶ</span> <span class='ocrx_word' id='word_1_136' title='bbox 3924 781 4061 841; x_wconf 83' lang='grc' dir='ltr'>τοὺς</span> 
     </span>
    </p>
   </div>
   <div class='ocr_carea' id='block_1_22' title="bbox 2482 861 3334 934">
    <p class='ocr_par' dir='ltr' id='par_1_22' title="bbox 2482 861 3334 934">
     <span class='ocr_line' id='line_1_22' title="bbox 2482 861 3334 934; baseline 0.008 -22"><span class='ocrx_word' id='word_1_137' title='bbox 2482 861 2728 928; x_wconf 83' lang='grc' dir='ltr'>μηδόλως</span> <span class='ocrx_word' id='word_1_138' title='bbox 2756 864 3131 930; x_wconf 66' lang='grc' dir='ltr'>συναφθιυιτας</span> <span class='ocrx_word' id='word_1_139' title='bbox 3163 866 3334 934; x_wconf 81' lang='grc' dir='ltr'>αὐτῷ.</span> 
     </span>
    </p>
   </div>
   <div class='ocr_carea' id='block_1_23' title="bbox 2562 952 4059 1028">
    <p class='ocr_par' dir='ltr' id='par_1_23' title="bbox 2562 952 4059 1028">
     <span class='ocr_line' id='line_1_23' title="bbox 2562 952 4059 1028; baseline 0.005 -23"><span class='ocrx_word' id='word_1_140' title='bbox 2562 952 2703 1005; x_wconf 75' lang='grc' dir='ltr'><strong>Ἐὰν</strong></span> <span class='ocrx_word' id='word_1_141' title='bbox 2733 982 2801 995; x_wconf 93' lang='grc'><strong>-</strong></span> <span class='ocrx_word' id='word_1_142' title='bbox 2834 954 2996 1021; x_wconf 75' lang='grc' dir='ltr'><strong>ὑμῖν.</strong></span> <span class='ocrx_word' id='word_1_143' title='bbox 3034 956 3201 1008; x_wconf 58' lang='grc' dir='ltr'>οὐδὲν</span> <span class='ocrx_word' id='word_1_144' title='bbox 3251 957 3360 1025; x_wconf 76' lang='grc' dir='ltr'><strong>γὰρ</strong></span> <span class='ocrx_word' id='word_1_145' title='bbox 3410 957 3630 1021; x_wconf 78' lang='grc' dir='ltr'>ἀνάξιον</span> <span class='ocrx_word' id='word_1_146' title='bbox 3698 959 3983 1028; x_wconf 78' lang='grc' dir='ltr'>αίτήσιται</span> <span class='ocrx_word' id='word_1_147' title='bbox 4029 963 4059 1013; x_wconf 83' lang='grc' dir='ltr'><strong>δ</strong></span> 
     </span>
    </p>
   </div>
   <div class='ocr_carea' id='block_1_24' title="bbox 2478 1044 4060 1117">
    <p class='ocr_par' dir='ltr' id='par_1_24' title="bbox 2478 1044 4060 1117">
     <span class='ocr_line' id='line_1_24' title="bbox 2478 1044 4060 1117; baseline 0.007 -24"><span class='ocrx_word' id='word_1_148' title='bbox 2478 1044 2597 1105; x_wconf 84' lang='grc' dir='ltr'>ταῖς</span> <span class='ocrx_word' id='word_1_149' title='bbox 2647 1044 2888 1107; x_wconf 69' lang='grc' dir='ltr'>ἐντολαῖς</span> <span class='ocrx_word' id='word_1_150' title='bbox 2915 1044 3008 1097; x_wconf 85' lang='grc' dir='ltr'><strong>τοῦ</strong></span> <span class='ocrx_word' id='word_1_151' title='bbox 3035 1046 3171 1098; x_wconf 73' lang='grc' dir='ltr'><strong>Θεοῦ</strong></span> <span class='ocrx_word' id='word_1_152' title='bbox 3220 1047 3737 1117; x_wconf 75' lang='grc' dir='ltr'>ιμπολιτιυόμενος.</span> <span class='ocrx_word' id='word_1_153' title='bbox 3771 1052 3972 1103; x_wconf 68' lang='grc' dir='ltr'>Σκόπει</span> <span class='ocrx_word' id='word_1_154' title='bbox 3997 1054 4060 1105; x_wconf 66' lang='grc' dir='ltr'>δὲ</span> 
     </span>
    </p>
   </div>
   <div class='ocr_carea' id='block_1_25' title="bbox 2480 1136 4061 1211">
    <p class='ocr_par' dir='ltr' id='par_1_25' title="bbox 2480 1136 4061 1211">
     <span class='ocr_line' id='line_1_25' title="bbox 2480 1136 4061 1211; baseline 0.007 -25"><span class='ocrx_word' id='word_1_155' title='bbox 2480 1136 2563 1186; x_wconf 77' lang='grc' dir='ltr'>ὅτι</span> <span class='ocrx_word' id='word_1_156' title='bbox 2588 1136 2748 1188; x_wconf 83' lang='grc' dir='ltr'>τοῦτό</span> <span class='ocrx_word' id='word_1_157' title='bbox 2785 1139 2899 1190; x_wconf 66' lang='grc' dir='ltr'>ἐστι</span> <span class='ocrx_word' id='word_1_158' title='bbox 2931 1138 2994 1190; x_wconf 74' lang='grc' dir='ltr'>τὸ</span> <span class='ocrx_word' id='word_1_159' title='bbox 3034 1140 3219 1207; x_wconf 77' lang='grc' dir='ltr'>μίνιιν</span> <span class='ocrx_word' id='word_1_160' title='bbox 3249 1140 3339 1191; x_wconf 78' lang='grc' dir='ltr'>τὸν</span> <span class='ocrx_word' id='word_1_161' title='bbox 3370 1141 3611 1209; x_wconf 70' lang='grc' dir='ltr'>Χριστὸν</span> <span class='ocrx_word' id='word_1_162' title='bbox 3645 1142 3705 1194; x_wconf 69' lang='grc' dir='ltr'><strong>ιν</strong></span> <span class='ocrx_word' id='word_1_163' title='bbox 3734 1144 3847 1203; x_wconf 77' lang='grc' dir='ltr'>τοῖς</span> <span class='ocrx_word' id='word_1_164' title='bbox 3877 1143 4061 1211; x_wconf 81' lang='grc' dir='ltr'>μαθη-</span> 
     </span>
    </p>
   </div>
   <div class='ocr_carea' id='block_1_26' title="bbox 2474 1228 4057 1299">
    <p class='ocr_par' dir='ltr' id='par_1_26' title="bbox 2474 1228 4057 1299">
     <span class='ocr_line' id='line_1_26' title="bbox 2474 1228 4057 1299; baseline 0.006 -23"><span class='ocrx_word' id='word_1_165' title='bbox 2474 1229 2615 1290; x_wconf 75' lang='grc' dir='ltr'>ταῖς,</span> <span class='ocrx_word' id='word_1_166' title='bbox 2641 1228 2700 1278; x_wconf 83' lang='grc' dir='ltr'>τὸ</span> <span class='ocrx_word' id='word_1_167' title='bbox 2727 1228 2794 1279; x_wconf 80' lang='grc' dir='ltr'>τὰ</span> <span class='ocrx_word' id='word_1_168' title='bbox 2833 1228 3057 1298; x_wconf 79' lang='grc' dir='ltr'>ῥήματα</span> <span class='ocrx_word' id='word_1_169' title='bbox 3082 1228 3249 1283; x_wconf 76' lang='grc' dir='ltr'>αὑτοῦ</span> <span class='ocrx_word' id='word_1_170' title='bbox 3286 1230 3469 1299; x_wconf 76' lang='grc' dir='ltr'>μένειν</span> <span class='ocrx_word' id='word_1_171' title='bbox 3517 1234 3576 1284; x_wconf 70' lang='grc' dir='ltr'>ιν</span> <span class='ocrx_word' id='word_1_172' title='bbox 3629 1234 3835 1296; x_wconf 77' lang='grc' dir='ltr'>αὐτοῖς,</span> <span class='ocrx_word' id='word_1_173' title='bbox 3871 1235 4057 1285; x_wconf 78' lang='grc' dir='ltr'>εῖτουν</span> 
     </span>
    </p>
   </div>
   <div class='ocr_carea' id='block_1_27' title="bbox 2474 1317 3187 1388">
    <p class='ocr_par' dir='ltr' id='par_1_27' title="bbox 2474 1317 3187 1388">
     <span class='ocr_line' id='line_1_27' title="bbox 2474 1317 3187 1388; baseline 0.008 -20"><span class='ocrx_word' id='word_1_174' title='bbox 2474 1317 2782 1384; x_wconf 77' lang='grc' dir='ltr'><strong>τηρεῖσθαι,</strong></span> <span class='ocrx_word' id='word_1_175' title='bbox 2823 1320 3187 1388; x_wconf 72' lang='grc' dir='ltr'>ἐνεργεῖσθαι.</span> 
     </span>
    </p>
   </div>
   <div class='ocr_carea' id='block_1_28' title="bbox 2561 1406 4057 1482">
    <p class='ocr_par' dir='ltr' id='par_1_28' title="bbox 2561 1406 4057 1482">
     <span class='ocr_line' id='line_1_28' title="bbox 2561 1406 4057 1482; baseline 0.006 -23"><span class='ocrx_word' id='word_1_176' title='bbox 2561 1406 2658 1460; x_wconf 77' lang='grc' dir='ltr'><em>Ἐν</em></span> <span class='ocrx_word' id='word_1_177' title='bbox 2680 1437 2751 1449; x_wconf 92' lang='lat'><strong>--</strong></span> <span class='ocrx_word' id='word_1_178' title='bbox 2772 1410 3011 1477; x_wconf 76' lang='grc' dir='ltr'>φέρητε.</span> <span class='ocrx_word' id='word_1_179' title='bbox 3047 1413 3119 1465; x_wconf 76' lang='grc' dir='ltr'><strong>Τὸ</strong></span> <span class='ocrx_word' id='word_1_180' title='bbox 3156 1413 3255 1482; x_wconf 74' lang='grc' dir='ltr'>μὲν</span> <span class='ocrx_word' id='word_1_181' title='bbox 3295 1413 3622 1480; x_wconf 70' lang='grc' dir='ltr'>ἐδοξάσθη,</span> <span class='ocrx_word' id='word_1_182' title='bbox 3673 1418 3792 1468; x_wconf 76' lang='grc' dir='ltr'>ἀντὶ</span> <span class='ocrx_word' id='word_1_183' title='bbox 3820 1415 3934 1479; x_wconf 75' lang='grc' dir='ltr'>τοῦ,</span> <span class='ocrx_word' id='word_1_184' title='bbox 3969 1416 4057 1468; x_wconf 83' lang='grc' dir='ltr'><strong>δο-</strong></span> 
     </span>
    </p>
   </div>
   <div class='ocr_carea' id='block_1_29' title="bbox 2477 1495 4055 1576">
    <p class='ocr_par' dir='ltr' id='par_1_29' title="bbox 2477 1495 4055 1576">
     <span class='ocr_line' id='line_1_29' title="bbox 2477 1495 4055 1576; baseline 0.005 -27"><span class='ocrx_word' id='word_1_185' title='bbox 2477 1495 2719 1559; x_wconf 72' lang='grc' dir='ltr'><strong>ξάζεται.</strong></span> <span class='ocrx_word' id='word_1_186' title='bbox 2752 1500 2825 1551; x_wconf 82' lang='grc' dir='ltr'><strong>Τὸ</strong></span> <span class='ocrx_word' id='word_1_187' title='bbox 2857 1502 2915 1553; x_wconf 78' lang='grc' dir='ltr'>δι</span> <span class='ocrx_word' id='word_1_188' title='bbox 2964 1502 3063 1553; x_wconf 77' lang='grc' dir='ltr'><strong>ἵνα</strong></span> <span class='ocrx_word' id='word_1_189' title='bbox 3115 1505 3356 1571; x_wconf 74' lang='grc' dir='ltr'>φέρητε,</span> <span class='ocrx_word' id='word_1_190' title='bbox 3387 1506 3508 1558; x_wconf 78' lang='grc' dir='ltr'>ἀντὶ</span> <span class='ocrx_word' id='word_1_191' title='bbox 3548 1505 3643 1559; x_wconf 83' lang='grc' dir='ltr'><strong>τοῦ</strong></span> <span class='ocrx_word' id='word_1_192' title='bbox 3689 1507 3785 1557; x_wconf 63' lang='grc' dir='ltr'><strong>ἑὰν</strong></span> <span class='ocrx_word' id='word_1_193' title='bbox 3824 1508 4055 1576; x_wconf 70' lang='grc' dir='ltr'>φέρητε.</span> 
     </span>
    </p>
   </div>
   <div class='ocr_carea' id='block_1_30' title="bbox 2478 1588 3878 1667">
    <p class='ocr_par' dir='ltr' id='par_1_30' title="bbox 2478 1588 3878 1667">
     <span class='ocr_line' id='line_1_30' title="bbox 2478 1588 3878 1667; baseline 0.007 -27"><span class='ocrx_word' id='word_1_194' title='bbox 2478 1588 2655 1641; x_wconf 80' lang='grc' dir='ltr'>[Ιολλά</span> <span class='ocrx_word' id='word_1_195' title='bbox 2688 1592 2799 1660; x_wconf 66' lang='grc' dir='ltr'><strong>γὰρ</strong></span> <span class='ocrx_word' id='word_1_196' title='bbox 2831 1590 3057 1646; x_wconf 81' lang='grc' dir='ltr'>τοιαῦτα</span> <span class='ocrx_word' id='word_1_197' title='bbox 3086 1594 3355 1663; x_wconf 79' lang='grc' dir='ltr'><strong>ἰδιώματα</strong></span> <span class='ocrx_word' id='word_1_198' title='bbox 3382 1599 3535 1665; x_wconf 88' lang='grc' dir='ltr'><strong>παρά</strong></span> <span class='ocrx_word' id='word_1_199' title='bbox 3569 1601 3635 1667; x_wconf 80' lang='grc' dir='ltr'>τῇ</span> <span class='ocrx_word' id='word_1_200' title='bbox 3664 1598 3878 1667; x_wconf 79' lang='grc' dir='ltr'>Γραφῇ.</span> 
     </span>
    </p>
   </div>
   <div class='ocr_carea' id='block_1_31' title="bbox 2544 1772 4056 1847">
    <p class='ocr_par' dir='ltr' id='par_1_31' title="bbox 2544 1772 4056 1847">
     <span class='ocr_line' id='line_1_31' title="bbox 2544 1772 4056 1847; baseline 0.002 -23"><span class='ocrx_word' id='word_1_201' title='bbox 2544 1773 2654 1824; x_wconf 81' lang='lat' dir='ltr'><strong>Kal</strong></span> <span class='ocrx_word' id='word_1_202' title='bbox 2679 1774 3040 1841; x_wconf 77' lang='grc' dir='ltr'>-μαθητσίο</span> <span class='ocrx_word' id='word_1_203' title='bbox 3074 1772 3210 1826; x_wconf 82' lang='grc' dir='ltr'>Ἀπσ</span> <span class='ocrx_word' id='word_1_204' title='bbox 3222 1775 3601 1844; x_wconf 81' lang='grc' dir='ltr'>ρτισθήσεσθι.</span> <span class='ocrx_word' id='word_1_205' title='bbox 3623 1776 4056 1847; x_wconf 73' lang='grc' dir='ltr'>Παρατηρητίον</span> 
     </span>
    </p>
   </div>
   <div class='ocr_carea' id='block_1_32' title="bbox 789 1830 2526 1936">
    <p class='ocr_par' dir='ltr' id='par_1_32' title="bbox 789 1830 2526 1921">
     <span class='ocr_line' id='line_1_32' title="bbox 789 1830 2526 1921; baseline 0.006 -18"><span class='ocrx_word' id='word_1_206' title='bbox 789 1847 1200 1903; x_wconf 77' lang='lat' dir='ltr'><strong>Observandum</strong></span> <span class='ocrx_word' id='word_1_207' title='bbox 1257 1851 1440 1919; x_wconf 81' lang='lat' dir='ltr'><strong>igitur,</strong></span> <span class='ocrx_word' id='word_1_208' title='bbox 1479 1852 1623 1918; x_wconf 90' lang='lat' dir='ltr'><strong>quod</strong></span> <span class='ocrx_word' id='word_1_209' title='bbox 1674 1852 1718 1905; x_wconf 91' lang='lat' dir='ltr'><strong>is</strong></span> <span class='ocrx_word' id='word_1_210' title='bbox 1759 1854 1852 1921; x_wconf 78' lang='lat' dir='ltr'><strong>qui</strong></span> <span class='ocrx_word' id='word_1_211' title='bbox 1906 1854 2151 1910; x_wconf 78' lang='lat' dir='ltr'><strong>fructum</strong></span> <span class='ocrx_word' id='word_1_212' title='bbox 2207 1859 2365 1914; x_wconf 75' lang='lat' dir='ltr'><strong>alfert</strong></span> <span class='ocrx_word' id='word_1_213' title='bbox 2404 1830 2443 1886; x_wconf 69' lang='grc' dir='ltr'><strong>Β</strong></span> <span class='ocrx_word' id='word_1_214' title='bbox 2472 1856 2526 1914; x_wconf 81' lang='grc' dir='ltr'><strong>οὗ</strong></span> 
     </span>
    </p>
   </div>
   <div class='ocr_carea' id='block_1_33' title="bbox 2317 1830 4054 1936">
    <p class='ocr_par' dir='ltr' id='par_1_33' title="bbox 2317 1830 4054 1936">
     <span class='ocr_line' id='line_1_33' title="bbox 2317 1830 4054 1936; baseline 0.004 -24"><span class='ocrx_word' id='word_1_215' title='bbox 2317 1870 2365 1914; x_wconf 93' lang='lat' dir='ltr'><strong>rt</strong></span> <span class='ocrx_word' id='word_1_216' title='bbox 2404 1830 2443 1886; x_wconf 70' lang='grc' dir='ltr'><strong>Β</strong></span> <span class='ocrx_word' id='word_1_217' title='bbox 2472 1856 2564 1914; x_wconf 82' lang='grc' dir='ltr'>οὖν</span> <span class='ocrx_word' id='word_1_218' title='bbox 2606 1863 2689 1914; x_wconf 82' lang='grc' dir='ltr'>ὅτι</span> <span class='ocrx_word' id='word_1_219' title='bbox 2722 1830 2998 1935; x_wconf 55' lang='grc' dir='ltr'>δ’καρτνὸν</span> <span class='ocrx_word' id='word_1_220' title='bbox 3035 1830 3443 1936; x_wconf 44' lang='grc' dir='ltr'>πολὺν-φέρων,</span> <span class='ocrx_word' id='word_1_221' title='bbox 3486 1863 3642 1930; x_wconf 77' lang='grc' dir='ltr'>οὗτος</span> <span class='ocrx_word' id='word_1_222' title='bbox 3685 1830 4054 1936; x_wconf 46' lang='grc' dir='ltr'>ἀπαρτίζεται</span> 
     </span>
    </p>
   </div>
   <div class='ocr_carea' id='block_1_34' title="bbox 789 1940 2363 2017">
    <p class='ocr_par' dir='ltr' id='par_1_34' title="bbox 789 1940 2363 2017">
     <span class='ocr_line' id='line_1_34' title="bbox 789 1940 2363 2017; baseline 0.006 -22"><span class='ocrx_word' id='word_1_223' title='bbox 789 1944 1093 2008; x_wconf 86' lang='lat' dir='ltr'><strong>c0piosum,</strong></span> <span class='ocrx_word' id='word_1_224' title='bbox 1127 1942 1213 1994; x_wconf 86' lang='lat' dir='ltr'><strong>hic</strong></span> <span class='ocrx_word' id='word_1_225' title='bbox 1249 1940 1524 2008; x_wconf 84' lang='lat' dir='ltr'><strong>perlectus</strong></span> <span class='ocrx_word' id='word_1_226' title='bbox 1553 1940 1783 1997; x_wconf 75' lang='lat' dir='ltr'><strong>eiiicitur</strong></span> <span class='ocrx_word' id='word_1_227' title='bbox 1814 1942 2018 1999; x_wconf 86' lang='lat' dir='ltr'><strong>Christi</strong></span> <span class='ocrx_word' id='word_1_228' title='bbox 2043 1946 2363 2017; x_wconf 85' lang='lat' dir='ltr'><strong>discipulus.</strong></span> 
     </span>
    </p>
   </div>
   <div class='ocr_carea' id='block_1_35' title="bbox 788 2030 2366 2105">
    <p class='ocr_par' dir='ltr' id='par_1_35' title="bbox 788 2030 2366 2105">
     <span class='ocr_line' id='line_1_35' title="bbox 788 2030 2366 2105; baseline 0.006 -21"><span class='ocrx_word' id='word_1_229' title='bbox 788 2030 1088 2085; x_wconf 82' lang='lat' dir='ltr'><strong>Gloriﬁcari</strong></span> <span class='ocrx_word' id='word_1_230' title='bbox 1122 2040 1303 2083; x_wconf 90' lang='lat' dir='ltr'><strong>autem</strong></span> <span class='ocrx_word' id='word_1_231' title='bbox 1333 2030 1472 2084; x_wconf 81' lang='lat' dir='ltr'><strong>dixit</strong></span> <span class='ocrx_word' id='word_1_232' title='bbox 1504 2030 1722 2086; x_wconf 86' lang='lat' dir='ltr'><strong>Patrem</strong></span> <span class='ocrx_word' id='word_1_233' title='bbox 1759 2043 1811 2087; x_wconf 90' lang='lat' dir='ltr'><strong>et</strong></span> <span class='ocrx_word' id='word_1_234' title='bbox 1864 2036 2121 2105; x_wconf 86' lang='lat' dir='ltr'><strong>gaudere,</strong></span> <span class='ocrx_word' id='word_1_235' title='bbox 2178 2040 2234 2092; x_wconf 92' lang='lat' dir='ltr'><strong>in</strong></span> <span class='ocrx_word' id='word_1_236' title='bbox 2270 2054 2366 2094; x_wconf 86' lang='lat' dir='ltr'><strong>co-</strong></span> 
     </span>
    </p>
   </div>
   <div class='ocr_carea' id='block_1_36' title="bbox 784 2119 2365 2196">
    <p class='ocr_par' dir='ltr' id='par_1_36' title="bbox 784 2119 2365 2196">
     <span class='ocr_line' id='line_1_36' title="bbox 784 2119 2365 2196; baseline 0.004 -22"><span class='ocrx_word' id='word_1_237' title='bbox 784 2122 937 2191; x_wconf 88' lang='lat' dir='ltr'><strong>piosa</strong></span> <span class='ocrx_word' id='word_1_238' title='bbox 962 2119 1385 2174; x_wconf 77' lang='lat' dir='ltr'><strong>l’ructilicatione</strong></span> <span class='ocrx_word' id='word_1_239' title='bbox 1430 2130 1486 2174; x_wconf 88' lang='lat' dir='ltr'><strong>et</strong></span> <span class='ocrx_word' id='word_1_240' title='bbox 1534 2121 1782 2189; x_wconf 82' lang='lat' dir='ltr'><strong>perfecto</strong></span> <span class='ocrx_word' id='word_1_241' title='bbox 1822 2123 2147 2193; x_wconf 84' lang='lat' dir='ltr'><strong>discipulatu</strong></span> <span class='ocrx_word' id='word_1_242' title='bbox 2176 2126 2365 2196; x_wconf 83' lang='lat' dir='ltr'><strong>ipsius,</strong></span> 
     </span>
    </p>
   </div>
   <div class='ocr_carea' id='block_1_37' title="bbox 785 2212 2364 2287">
    <p class='ocr_par' dir='ltr' id='par_1_37' title="bbox 785 2212 2364 2287">
     <span class='ocr_line' id='line_1_37' title="bbox 785 2212 2364 2287; baseline 0.006 -24"><span class='ocrx_word' id='word_1_243' title='bbox 785 2213 1085 2265; x_wconf 83' lang='lat' dir='ltr'><strong>adhortans</strong></span> <span class='ocrx_word' id='word_1_244' title='bbox 1115 2225 1209 2264; x_wconf 86' lang='lat' dir='ltr'><strong>eos</strong></span> <span class='ocrx_word' id='word_1_245' title='bbox 1259 2212 1324 2263; x_wconf 89' lang='lat' dir='ltr'><strong>ad</strong></span> <span class='ocrx_word' id='word_1_246' title='bbox 1360 2212 1503 2265; x_wconf 87' lang='lat' dir='ltr'><strong>hanc</strong></span> <span class='ocrx_word' id='word_1_247' title='bbox 1538 2227 1676 2277; x_wconf 91' lang='lat' dir='ltr'><strong>rem,</strong></span> <span class='ocrx_word' id='word_1_248' title='bbox 1715 2224 1970 2283; x_wconf 85' lang='lat' dir='ltr'><strong>tanquam</strong></span> <span class='ocrx_word' id='word_1_249' title='bbox 2017 2215 2085 2270; x_wconf 83' lang='lat' dir='ltr'><strong>ad</strong></span> <span class='ocrx_word' id='word_1_250' title='bbox 2115 2214 2168 2270; x_wconf 90' lang='lat' dir='ltr'><strong>id</strong></span> <span class='ocrx_word' id='word_1_251' title='bbox 2221 2219 2364 2287; x_wconf 90' lang='lat' dir='ltr'><strong>quod</strong></span> 
     </span>
    </p>
   </div>
   <div class='ocr_carea' id='block_1_38' title="bbox 786 2305 1389 2374">
    <p class='ocr_par' dir='ltr' id='par_1_38' title="bbox 786 2305 1389 2374">
     <span class='ocr_line' id='line_1_38' title="bbox 786 2305 1389 2374; baseline 0 -17"><span class='ocrx_word' id='word_1_252' title='bbox 786 2305 1015 2357; x_wconf 86' lang='lat' dir='ltr'><strong>Domino</strong></span> <span class='ocrx_word' id='word_1_253' title='bbox 1041 2314 1251 2374; x_wconf 74' lang='lat' dir='ltr'><strong>gratum</strong></span> <span class='ocrx_word' id='word_1_254' title='bbox 1284 2312 1389 2357; x_wconf 85' lang='lat' dir='ltr'><strong>est.</strong></span> 
     </span>
    </p>
   </div>
   <div class='ocr_carea' id='block_1_39' title="bbox 858 2391 2366 2467">
    <p class='ocr_par' dir='ltr' id='par_1_39' title="bbox 858 2391 2366 2467">
     <span class='ocr_line' id='line_1_39' title="bbox 858 2391 2366 2467; baseline 0.007 -22"><span class='ocrx_word' id='word_1_255' title='bbox 858 2391 1009 2447; x_wconf 85' lang='lat' dir='ltr'><strong>Vers.</strong></span> <span class='ocrx_word' id='word_1_256' title='bbox 1042 2394 1095 2447; x_wconf 88' lang='lat'><strong>9.</strong></span> <span class='ocrx_word' id='word_1_257' title='bbox 1128 2392 1277 2447; x_wconf 81' lang='lat' dir='ltr'><strong>Sicut</strong></span> <span class='ocrx_word' id='word_1_258' title='bbox 1330 2426 1400 2435; x_wconf 93' lang='lat'><strong>—</strong></span> <span class='ocrx_word' id='word_1_259' title='bbox 1446 2414 1555 2452; x_wconf 74' lang='lat' dir='ltr'><strong>vos.</strong></span> <span class='ocrx_word' id='word_1_260' title='bbox 1603 2397 1683 2452; x_wconf 82' lang='lat' dir='ltr'><strong>Eo</strong></span> <span class='ocrx_word' id='word_1_261' title='bbox 1718 2398 1882 2452; x_wconf 90' lang='lat' dir='ltr'><strong>modo</strong></span> <span class='ocrx_word' id='word_1_262' title='bbox 1916 2413 2025 2467; x_wconf 87' lang='lat' dir='ltr'><strong>quo</strong></span> <span class='ocrx_word' id='word_1_263' title='bbox 2057 2414 2143 2453; x_wconf 92' lang='lat' dir='ltr'><strong>me</strong></span> <span class='ocrx_word' id='word_1_264' title='bbox 2176 2400 2366 2455; x_wconf 80' lang='lat' dir='ltr'><strong>dilexit</strong></span> 
     </span>
    </p>
   </div>
   <div class='ocr_carea' id='block_1_40' title="bbox 782 2488 2361 2557">
    <p class='ocr_par' dir='ltr' id='par_1_40' title="bbox 782 2488 2361 2557">
     <span class='ocr_line' id='line_1_40' title="bbox 782 2488 2361 2557; baseline 0.005 -17"><span class='ocrx_word' id='word_1_265' title='bbox 782 2488 963 2551; x_wconf 86' lang='lat' dir='ltr'><strong>Pater,</strong></span> <span class='ocrx_word' id='word_1_266' title='bbox 1024 2498 1280 2557; x_wconf 81' lang='lat' dir='ltr'><strong>tanquam</strong></span> <span class='ocrx_word' id='word_1_267' title='bbox 1347 2491 1601 2545; x_wconf 78' lang='lat' dir='ltr'><strong>videlicet</strong></span> <span class='ocrx_word' id='word_1_268' title='bbox 1671 2490 1963 2545; x_wconf 80' lang='lat' dir='ltr'><strong>iacientem</strong></span> <span class='ocrx_word' id='word_1_269' title='bbox 2021 2493 2361 2548; x_wconf 82' lang='lat' dir='ltr'><strong>voluntatem</strong></span> 
     </span>
    </p>
   </div>
   <div class='ocr_carea' id='block_1_41' title="bbox 781 2580 2365 2652">
    <p class='ocr_par' dir='ltr' id='par_1_41' title="bbox 781 2580 2365 2652">
     <span class='ocr_line' id='line_1_41' title="bbox 781 2580 2365 2652; baseline 0.006 -22"><span class='ocrx_word' id='word_1_270' title='bbox 781 2594 979 2631; x_wconf 86' lang='lat' dir='ltr'><strong>suam:</strong></span> <span class='ocrx_word' id='word_1_271' title='bbox 1043 2580 1113 2633; x_wconf 87' lang='lat' dir='ltr'><strong>ita</strong></span> <span class='ocrx_word' id='word_1_272' title='bbox 1158 2588 1213 2632; x_wconf 90' lang='lat' dir='ltr'><strong>et</strong></span> <span class='ocrx_word' id='word_1_273' title='bbox 1248 2595 1347 2649; x_wconf 88' lang='lat' dir='ltr'><strong>ego</strong></span> <span class='ocrx_word' id='word_1_274' title='bbox 1426 2582 1590 2635; x_wconf 84' lang='lat' dir='ltr'><strong>dilexi</strong></span> <span class='ocrx_word' id='word_1_275' title='bbox 1659 2596 1774 2646; x_wconf 75' lang='lat' dir='ltr'><strong>vos,</strong></span> <span class='ocrx_word' id='word_1_276' title='bbox 1834 2592 2092 2652; x_wconf 86' lang='lat' dir='ltr'><strong>tauquam</strong></span> <span class='ocrx_word' id='word_1_277' title='bbox 2151 2585 2365 2640; x_wconf 86' lang='lat' dir='ltr'><strong>scilicet</strong></span> 
     </span>
    </p>
   </div>
   <div class='ocr_carea' id='block_1_42' title="bbox 780 2669 1633 2727">
    <p class='ocr_par' dir='ltr' id='par_1_42' title="bbox 780 2669 1633 2727">
     <span class='ocr_line' id='line_1_42' title="bbox 780 2669 1633 2727; baseline 0.005 -4"><span class='ocrx_word' id='word_1_278' title='bbox 780 2669 1040 2724; x_wconf 80' lang='lat' dir='ltr'><strong>facientes</strong></span> <span class='ocrx_word' id='word_1_279' title='bbox 1073 2671 1405 2725; x_wconf 81' lang='lat' dir='ltr'><strong>voluntatem</strong></span> <span class='ocrx_word' id='word_1_280' title='bbox 1436 2688 1633 2727; x_wconf 89' lang='lat' dir='ltr'><strong>meam.</strong></span> 
     </span>
    </p>
   </div>
   <div class='ocr_carea' id='block_1_43' title="bbox 849 2759 2366 2831">
    <p class='ocr_par' dir='ltr' id='par_1_43' title="bbox 849 2759 2366 2831">
     <span class='ocr_line' id='line_1_43' title="bbox 849 2759 2366 2831; baseline 0.008 -20"><span class='ocrx_word' id='word_1_281' title='bbox 849 2759 908 2812; x_wconf 88' lang='lat' dir='ltr'><strong>In</strong></span> <span class='ocrx_word' id='word_1_282' title='bbox 958 2762 1402 2830; x_wconf 67' lang='lat' dir='ltr'><strong>prmecdenlibus</strong></span> <span class='ocrx_word' id='word_1_283' title='bbox 1450 2764 1667 2831; x_wconf 83' lang='lat' dir='ltr'><strong>quidem</strong></span> <span class='ocrx_word' id='word_1_284' title='bbox 1706 2764 1829 2818; x_wconf 83' lang='lat' dir='ltr'><strong>data</strong></span> <span class='ocrx_word' id='word_1_285' title='bbox 1864 2773 1948 2821; x_wconf 90' lang='lat' dir='ltr'><strong>est</strong></span> <span class='ocrx_word' id='word_1_286' title='bbox 1982 2782 2012 2819; x_wconf 90' lang='lat' dir='ltr'><strong>a</strong></span> <span class='ocrx_word' id='word_1_287' title='bbox 2048 2766 2207 2821; x_wconf 85' lang='lat' dir='ltr'><strong>nobis</strong></span> <span class='ocrx_word' id='word_1_288' title='bbox 2256 2768 2366 2823; x_wconf 87' lang='lat' dir='ltr'><strong>dis-</strong></span> 
     </span>
    </p>
   </div>
   <div class='ocr_carea' id='block_1_44' title="bbox 782 2851 2363 2930">
    <p class='ocr_par' dir='ltr' id='par_1_44' title="bbox 782 2851 2363 2930">
     <span class='ocr_line' id='line_1_44' title="bbox 782 2851 2363 2930; baseline 0.006 -25"><span class='ocrx_word' id='word_1_289' title='bbox 782 2853 976 2905; x_wconf 87' lang='lat' dir='ltr'><strong>tinctio</strong></span> <span class='ocrx_word' id='word_1_290' title='bbox 1007 2851 1074 2905; x_wconf 91' lang='lat' dir='ltr'><strong>de</strong></span> <span class='ocrx_word' id='word_1_291' title='bbox 1105 2854 1264 2913; x_wconf 70' lang='lat' dir='ltr'><strong>sicut,</strong></span> <span class='ocrx_word' id='word_1_292' title='bbox 1314 2854 1755 2920; x_wconf 82' lang='lat' dir='ltr'><strong>quemadmodum</strong></span> <span class='ocrx_word' id='word_1_293' title='bbox 1796 2865 1851 2910; x_wconf 90' lang='lat' dir='ltr'><strong>et</strong></span> <span class='ocrx_word' id='word_1_294' title='bbox 1890 2858 2181 2923; x_wconf 83' lang='lat' dir='ltr'><strong>similibus,</strong></span> <span class='ocrx_word' id='word_1_295' title='bbox 2218 2862 2363 2930; x_wconf 89' lang='lat' dir='ltr'><strong>quod</strong></span> 
     </span>
    </p>
   </div>
   <div class='ocr_carea' id='block_1_45' title="bbox 776 2943 2365 3023">
    <p class='ocr_par' dir='ltr' id='par_1_45' title="bbox 776 2943 2365 3023">
     <span class='ocr_line' id='line_1_45' title="bbox 776 2943 2365 3023; baseline 0.006 -26"><span class='ocrx_word' id='word_1_296' title='bbox 776 2959 898 2997; x_wconf 92' lang='lat' dir='ltr'><strong>cum</strong></span> <span class='ocrx_word' id='word_1_297' title='bbox 917 2944 984 2998; x_wconf 91' lang='lat' dir='ltr'><strong>de</strong></span> <span class='ocrx_word' id='word_1_298' title='bbox 999 2943 1176 3005; x_wconf 81' lang='lat' dir='ltr'><strong>Patre,</strong></span> <span class='ocrx_word' id='word_1_299' title='bbox 1199 2945 1338 2998; x_wconf 84' lang='lat' dir='ltr'><strong>Filio</strong></span> <span class='ocrx_word' id='word_1_300' title='bbox 1370 2961 1433 2999; x_wconf 86' lang='lat' dir='ltr'><strong>ac</strong></span> <span class='ocrx_word' id='word_1_301' title='bbox 1454 2947 1661 3015; x_wconf 86' lang='lat' dir='ltr'><strong>Spiritu</strong></span> <span class='ocrx_word' id='word_1_302' title='bbox 1680 2958 1871 3003; x_wconf 86' lang='lat' dir='ltr'><strong>sancto</strong></span> <span class='ocrx_word' id='word_1_303' title='bbox 1888 2950 2165 3015; x_wconf 85' lang='lat' dir='ltr'><strong>dicuntur,</strong></span> <span class='ocrx_word' id='word_1_304' title='bbox 2184 2969 2365 3023; x_wconf 64' lang='lat' dir='ltr'><strong>aequa-</strong></span> 
     </span>
    </p>
   </div>
   <div class='ocr_carea' id='block_1_46' title="bbox 776 3036 2360 3111">
    <p class='ocr_par' dir='ltr' id='par_1_46' title="bbox 776 3036 2360 3111">
     <span class='ocr_line' id='line_1_46' title="bbox 776 3036 2360 3111; baseline 0.008 -23"><span class='ocrx_word' id='word_1_305' title='bbox 776 3036 983 3089; x_wconf 84' lang='lat' dir='ltr'><strong>litatem</strong></span> <span class='ocrx_word' id='word_1_306' title='bbox 1009 3037 1359 3106; x_wconf 79' lang='lat' dir='ltr'><strong>signiﬁcant;</strong></span> <span class='ocrx_word' id='word_1_307' title='bbox 1393 3052 1516 3091; x_wconf 90' lang='lat' dir='ltr'><strong>cum</strong></span> <span class='ocrx_word' id='word_1_308' title='bbox 1552 3055 1680 3092; x_wconf 85' lang='lat' dir='ltr'><strong>vero</strong></span> <span class='ocrx_word' id='word_1_309' title='bbox 1701 3042 1767 3093; x_wconf 89' lang='lat' dir='ltr'><strong>de</strong></span> <span class='ocrx_word' id='word_1_310' title='bbox 1806 3040 1915 3096; x_wconf 89' lang='lat' dir='ltr'><strong>Deo</strong></span> <span class='ocrx_word' id='word_1_311' title='bbox 1938 3051 1995 3097; x_wconf 89' lang='lat' dir='ltr'><strong>et</strong></span> <span class='ocrx_word' id='word_1_312' title='bbox 2030 3043 2360 3111; x_wconf 83' lang='lat' dir='ltr'><strong>hominibus,</strong></span> 
     </span>
    </p>
   </div>
   <div class='ocr_carea' id='block_1_47' title="bbox 776 3129 2361 3199">
    <p class='ocr_par' dir='ltr' id='par_1_47' title="bbox 776 3129 2361 3199">
     <span class='ocr_line' id='line_1_47' title="bbox 776 3129 2361 3199; baseline 0.006 -17"><span class='ocrx_word' id='word_1_313' title='bbox 776 3129 1188 3183; x_wconf 85' lang='lat' dir='ltr'><strong>similitudinem</strong></span> <span class='ocrx_word' id='word_1_314' title='bbox 1265 3130 1554 3199; x_wconf 81' lang='lat' dir='ltr'><strong>designant</strong></span> <span class='ocrx_word' id='word_1_315' title='bbox 1596 3147 1831 3187; x_wconf 81' lang='lat' dir='ltr'><strong>:verum</strong></span> <span class='ocrx_word' id='word_1_316' title='bbox 1887 3135 2189 3192; x_wconf 87' lang='lat' dir='ltr'><strong>similitudo</strong></span> <span class='ocrx_word' id='word_1_317' title='bbox 2250 3152 2361 3193; x_wconf 91' lang='lat' dir='ltr'><strong>non</strong></span> 
     </span>
    </p>
   </div>
   <div class='ocr_carea' id='block_1_48' title="bbox 773 3222 1735 3294">
    <p class='ocr_par' dir='ltr' id='par_1_48' title="bbox 773 3222 1735 3294">
     <span class='ocr_line' id='line_1_48' title="bbox 773 3222 1735 3294; baseline 0.004 -21"><span class='ocrx_word' id='word_1_318' title='bbox 773 3222 975 3292; x_wconf 85' lang='lat' dir='ltr'><strong>ubique</strong></span> <span class='ocrx_word' id='word_1_319' title='bbox 1006 3238 1103 3292; x_wconf 84' lang='lat' dir='ltr'><strong>per</strong></span> <span class='ocrx_word' id='word_1_320' title='bbox 1126 3224 1307 3277; x_wconf 85' lang='lat' dir='ltr'><strong>omnia</strong></span> <span class='ocrx_word' id='word_1_321' title='bbox 1340 3224 1569 3293; x_wconf 83' lang='lat' dir='ltr'><strong>quadrat</strong></span> <span class='ocrx_word' id='word_1_322' title='bbox 1596 3226 1735 3294; x_wconf 83' lang='lat' dir='ltr'><strong>(nn).</strong></span> 
     </span>
    </p>
   </div>
   <div class='ocr_carea' id='block_1_49' title="bbox 845 3312 2356 3393">
    <p class='ocr_par' dir='ltr' id='par_1_49' title="bbox 845 3312 2356 3393">
     <span class='ocr_line' id='line_1_49' title="bbox 845 3312 2356 3393; baseline 0.009 -28"><span class='ocrx_word' id='word_1_323' title='bbox 845 3312 1002 3368; x_wconf 80' lang='lat' dir='ltr'><strong>Vers.</strong></span> <span class='ocrx_word' id='word_1_324' title='bbox 1038 3314 1091 3368; x_wconf 90' lang='lat'><strong>9.</strong></span> <span class='ocrx_word' id='word_1_325' title='bbox 1124 3314 1331 3368; x_wconf 75' lang='lat' dir='ltr'><strong>llauete</strong></span> <span class='ocrx_word' id='word_1_326' title='bbox 1359 3344 1427 3355; x_wconf 89' lang='lat'><strong>—</strong></span> <span class='ocrx_word' id='word_1_327' title='bbox 1460 3332 1596 3369; x_wconf 87' lang='lat' dir='ltr'><strong>mea.</strong></span> <span class='ocrx_word' id='word_1_328' title='bbox 1628 3319 1866 3374; x_wconf 81' lang='lat' dir='ltr'><strong>Rursum</strong></span> <span class='ocrx_word' id='word_1_329' title='bbox 1917 3322 2171 3393; x_wconf 81' lang='lat' dir='ltr'><strong>astringit</strong></span> <span class='ocrx_word' id='word_1_330' title='bbox 2230 3324 2356 3379; x_wconf 90' lang='lat' dir='ltr'><strong>illos</strong></span> 
     </span>
    </p>
   </div>
   <div class='ocr_carea' id='block_1_50' title="bbox 773 3405 948 3459">
    <p class='ocr_par' dir='ltr' id='par_1_50' title="bbox 773 3405 948 3459">
     <span class='ocr_line' id='line_1_50' title="bbox 773 3405 948 3459; baseline -0.006 0"><span class='ocrx_word' id='word_1_331' title='bbox 773 3405 841 3459; x_wconf 90' lang='lat' dir='ltr'><strong>ad</strong></span> <span class='ocrx_word' id='word_1_332' title='bbox 868 3420 948 3459; x_wconf 86' lang='lat' dir='ltr'><strong>se.</strong></span> 
     </span>
    </p>
   </div>
   <div class='ocr_carea' id='block_1_51' title="bbox 846 3496 2360 3573">
    <p class='ocr_par' dir='ltr' id='par_1_51' title="bbox 846 3496 2360 3573">
     <span class='ocr_line' id='line_1_51' title="bbox 846 3496 2360 3573; baseline 0.009 -25"><span class='ocrx_word' id='word_1_333' title='bbox 846 3498 997 3551; x_wconf 85' lang='lat' dir='ltr'><strong>Vers.</strong></span> <span class='ocrx_word' id='word_1_334' title='bbox 1047 3498 1134 3552; x_wconf 82' lang='lat' dir='ltr'><strong>l0.</strong></span> <span class='ocrx_word' id='word_1_335' title='bbox 1162 3496 1223 3552; x_wconf 88' lang='lat' dir='ltr'><strong>Si</strong></span> <span class='ocrx_word' id='word_1_336' title='bbox 1261 3529 1328 3538; x_wconf 90' lang='lat'><strong><em>—</em></strong></span> <span class='ocrx_word' id='word_1_337' title='bbox 1382 3500 1679 3555; x_wconf 83' lang='lat' dir='ltr'><strong>dilectione.</strong></span> <span class='ocrx_word' id='word_1_338' title='bbox 1716 3503 1781 3556; x_wconf 87' lang='lat' dir='ltr'><strong>Et</strong></span> <span class='ocrx_word' id='word_1_339' title='bbox 1812 3505 2088 3573; x_wconf 92' lang='lat' dir='ltr'><strong>quomodo</strong></span> <span class='ocrx_word' id='word_1_340' title='bbox 2129 3508 2360 3563; x_wconf 89' lang='lat' dir='ltr'><strong>moreris</strong></span> 
     </span>
    </p>
   </div>
   <div class='ocr_carea' id='block_1_52' title="bbox 769 3586 2355 3659">
    <p class='ocr_par' dir='ltr' id='par_1_52' title="bbox 769 3586 2355 3659">
     <span class='ocr_line' id='line_1_52' title="bbox 769 3586 2355 3659; baseline 0.008 -19"><span class='ocrx_word' id='word_1_341' title='bbox 769 3586 919 3641; x_wconf 70' lang='lat' dir='ltr'><strong>velut</strong></span> <span class='ocrx_word' id='word_1_342' title='bbox 952 3588 1115 3642; x_wconf 87' lang='lat' dir='ltr'><strong>homo</strong></span> <span class='ocrx_word' id='word_1_343' title='bbox 1161 3604 1358 3644; x_wconf 87' lang='lat' dir='ltr'><strong>carens</strong></span> <span class='ocrx_word' id='word_1_344' title='bbox 1409 3594 1616 3645; x_wconf 84' lang='lat' dir='ltr'><strong>auxilio</strong></span> <span class='ocrx_word' id='word_1_345' title='bbox 1645 3593 1668 3646; x_wconf 80' lang='lat'><strong>?</strong></span> <span class='ocrx_word' id='word_1_346' title='bbox 1702 3592 1839 3659; x_wconf 83' lang='lat' dir='ltr'><strong>Quia</strong></span> <span class='ocrx_word' id='word_1_347' title='bbox 1870 3595 1986 3649; x_wconf 82' lang='lat' dir='ltr'><strong>vult</strong></span> <span class='ocrx_word' id='word_1_348' title='bbox 2036 3597 2141 3650; x_wconf 89' lang='lat' dir='ltr'><strong>hoc</strong></span> <span class='ocrx_word' id='word_1_349' title='bbox 2193 3599 2355 3653; x_wconf 82' lang='lat' dir='ltr'><strong>Pater</strong></span> 
     </span>
    </p>
   </div>
   <div class='ocr_carea' id='block_1_53' title="bbox 770 3680 2359 3759">
    <p class='ocr_par' dir='ltr' id='par_1_53' title="bbox 770 3680 2359 3759">
     <span class='ocr_line' id='line_1_53' title="bbox 770 3680 2359 3759; baseline 0.011 -31"><span class='ocrx_word' id='word_1_350' title='bbox 770 3685 828 3729; x_wconf 86' lang='lat' dir='ltr'><strong>et</strong></span> <span class='ocrx_word' id='word_1_351' title='bbox 858 3692 985 3746; x_wconf 87' lang='lat' dir='ltr'><strong>ego,</strong></span> <span class='ocrx_word' id='word_1_352' title='bbox 1023 3694 1126 3747; x_wconf 89' lang='lat' dir='ltr'><strong>pro</strong></span> <span class='ocrx_word' id='word_1_353' title='bbox 1185 3680 1470 3735; x_wconf 81' lang='lat' dir='ltr'><strong>hominum</strong></span> <span class='ocrx_word' id='word_1_354' title='bbox 1501 3683 1678 3738; x_wconf 81' lang='lat' dir='ltr'><strong>salute</strong></span> <span class='ocrx_word' id='word_1_355' title='bbox 1723 3685 1895 3753; x_wconf 85' lang='lat' dir='ltr'><strong>:quia</strong></span> <span class='ocrx_word' id='word_1_356' title='bbox 1948 3686 2087 3743; x_wconf 86' lang='lat' dir='ltr'><strong>hanc</strong></span> <span class='ocrx_word' id='word_1_357' title='bbox 2140 3703 2359 3759; x_wconf 86' lang='lat' dir='ltr'><strong>quoque</strong></span> 
     </span>
    </p>
   </div>
   <div class='ocr_carea' id='block_1_54' title="bbox 768 3768 2357 3847">
    <p class='ocr_par' dir='ltr' id='par_1_54' title="bbox 768 3768 2357 3847">
     <span class='ocr_line' id='line_1_54' title="bbox 768 3768 2357 3847; baseline 0.01 -27"><span class='ocrx_word' id='word_1_358' title='bbox 768 3782 883 3821; x_wconf 77' lang='lat' dir='ltr'><strong>rem</strong></span> <span class='ocrx_word' id='word_1_359' title='bbox 910 3768 1051 3823; x_wconf 93' lang='lat' dir='ltr'><strong>duco</strong></span> <span class='ocrx_word' id='word_1_360' title='bbox 1080 3770 1333 3840; x_wconf 77' lang='lat' dir='ltr'><strong>gloriam.</strong></span> <span class='ocrx_word' id='word_1_361' title='bbox 1369 3772 1521 3827; x_wconf 82' lang='lat' dir='ltr'><strong>Sicut</strong></span> <span class='ocrx_word' id='word_1_362' title='bbox 1554 3790 1682 3845; x_wconf 89' lang='lat' dir='ltr'><strong>ergo</strong></span> <span class='ocrx_word' id='word_1_363' title='bbox 1713 3791 1815 3847; x_wconf 84' lang='lat' dir='ltr'><strong>ego</strong></span> <span class='ocrx_word' id='word_1_364' title='bbox 1843 3776 2077 3834; x_wconf 77' lang='lat' dir='ltr'><strong>dilectus</strong></span> <span class='ocrx_word' id='word_1_365' title='bbox 2132 3795 2161 3833; x_wconf 90' lang='lat' dir='ltr'><strong>a</strong></span> <span class='ocrx_word' id='word_1_366' title='bbox 2198 3779 2357 3837; x_wconf 84' lang='lat' dir='ltr'><strong>Patre</strong></span> 
     </span>
    </p>
   </div>
   <div class='ocr_carea' id='block_1_55' title="bbox 769 3864 2353 3942">
    <p class='ocr_par' dir='ltr' id='par_1_55' title="bbox 769 3864 2353 3942">
     <span class='ocr_line' id='line_1_55' title="bbox 769 3864 2353 3942; baseline 0.011 -28"><span class='ocrx_word' id='word_1_367' title='bbox 769 3870 949 3916; x_wconf 87' lang='lat' dir='ltr'><strong>tamen</strong></span> <span class='ocrx_word' id='word_1_368' title='bbox 979 3879 1079 3933; x_wconf 88' lang='lat' dir='ltr'><strong>pro</strong></span> <span class='ocrx_word' id='word_1_369' title='bbox 1099 3864 1254 3919; x_wconf 75' lang='lat' dir='ltr'><strong>vobis</strong></span> <span class='ocrx_word' id='word_1_370' title='bbox 1286 3869 1511 3929; x_wconf 89' lang='lat' dir='ltr'><strong>morior.</strong></span> <span class='ocrx_word' id='word_1_371' title='bbox 1566 3869 1645 3923; x_wconf 89' lang='lat' dir='ltr'><strong>sic</strong></span> <span class='ocrx_word' id='word_1_372' title='bbox 1674 3880 1727 3923; x_wconf 91' lang='lat' dir='ltr'><strong>et</strong></span> <span class='ocrx_word' id='word_1_373' title='bbox 1752 3886 1847 3925; x_wconf 88' lang='lat' dir='ltr'><strong>vos</strong></span> <span class='ocrx_word' id='word_1_374' title='bbox 1881 3874 1952 3926; x_wconf 89' lang='lat' dir='ltr'><strong>ita</strong></span> <span class='ocrx_word' id='word_1_375' title='bbox 1980 3889 2009 3927; x_wconf 90' lang='lat' dir='ltr'><strong>a</strong></span> <span class='ocrx_word' id='word_1_376' title='bbox 2036 3890 2123 3930; x_wconf 88' lang='lat' dir='ltr'><strong>me</strong></span> <span class='ocrx_word' id='word_1_377' title='bbox 2146 3875 2353 3942; x_wconf 80' lang='lat' dir='ltr'><strong>dilecti,</strong></span> 
     </span>
    </p>
   </div>
   <div class='ocr_carea' id='block_1_56' title="bbox 768 3954 2351 4031">
    <p class='ocr_par' dir='ltr' id='par_1_56' title="bbox 768 3954 2351 4031">
     <span class='ocr_line' id='line_1_56' title="bbox 768 3954 2351 4031; baseline 0.011 -26"><span class='ocrx_word' id='word_1_378' title='bbox 768 3954 1076 4008; x_wconf 79' lang='lat' dir='ltr'><strong>inoriemiui</strong></span> <span class='ocrx_word' id='word_1_379' title='bbox 1115 3963 1294 4009; x_wconf 82' lang='lat' dir='ltr'><strong>tamen</strong></span> <span class='ocrx_word' id='word_1_380' title='bbox 1338 3972 1437 4025; x_wconf 89' lang='lat' dir='ltr'><strong>pro</strong></span> <span class='ocrx_word' id='word_1_381' title='bbox 1488 3974 1597 4014; x_wconf 81' lang='lat' dir='ltr'><strong>me.</strong></span> <span class='ocrx_word' id='word_1_382' title='bbox 1649 3960 1783 4013; x_wconf 76' lang='lat' dir='ltr'><strong>Nam</strong></span> <span class='ocrx_word' id='word_1_383' title='bbox 1838 3962 2148 4031; x_wconf 71' lang='lat' dir='ltr'><strong>huiusmodi</strong></span> <span class='ocrx_word' id='word_1_384' title='bbox 2204 3982 2351 4022; x_wconf 84' lang='lat' dir='ltr'><strong>mors</strong></span> 
     </span>
    </p>
   </div>
   <div class='ocr_carea' id='block_1_57' title="bbox 761 4045 2351 4115">
    <p class='ocr_par' dir='ltr' id='par_1_57' title="bbox 761 4045 2351 4115">
     <span class='ocr_line' id='line_1_57' title="bbox 761 4045 2351 4115; baseline 0.01 -19"><span class='ocrx_word' id='word_1_385' title='bbox 761 4045 914 4113; x_wconf 76' lang='lat' dir='ltr'><strong>juxta</strong></span> <span class='ocrx_word' id='word_1_386' title='bbox 928 4045 1333 4115; x_wconf 83' lang='lat' dir='ltr'><strong>beneplacitum</strong></span> <span class='ocrx_word' id='word_1_387' title='bbox 1359 4058 1462 4114; x_wconf 88' lang='lat' dir='ltr'><strong>est,</strong></span> <span class='ocrx_word' id='word_1_388' title='bbox 1484 4064 1591 4103; x_wconf 92' lang='lat' dir='ltr'><strong>non</strong></span> <span class='ocrx_word' id='word_1_389' title='bbox 1612 4064 1677 4103; x_wconf 88' lang='lat' dir='ltr'><strong>ex</strong></span> <span class='ocrx_word' id='word_1_390' title='bbox 1699 4052 1823 4106; x_wconf 89' lang='lat' dir='ltr'><strong>odio</strong></span> <span class='ocrx_word' id='word_1_391' title='bbox 1845 4064 1939 4107; x_wconf 87' lang='lat' dir='ltr'><strong>aut</strong></span> <span class='ocrx_word' id='word_1_392' title='bbox 1960 4055 2351 4112; x_wconf 79' lang='lat' dir='ltr'><strong>imbecillitate.</strong></span> 
     </span>
    </p>
   </div>
   <div class='ocr_carea' id='block_1_58' title="bbox 834 4301 2349 4372">
    <p class='ocr_par' dir='ltr' id='par_1_58' title="bbox 834 4301 2349 4372">
     <span class='ocr_line' id='line_1_58' title="bbox 834 4301 2349 4372; baseline 0.009 -15"><span class='ocrx_word' id='word_1_393' title='bbox 834 4303 989 4358; x_wconf 87' lang='lat' dir='ltr'><strong>Vers.</strong></span> <span class='ocrx_word' id='word_1_394' title='bbox 1022 4305 1107 4357; x_wconf 73' lang='lat' dir='ltr'><strong>li.</strong></span> <span class='ocrx_word' id='word_1_395' title='bbox 1144 4301 1345 4359; x_wconf 75' lang='grc' dir='ltr'><strong>Ηωσ-</strong></span> <span class='ocrx_word' id='word_1_396' title='bbox 1369 4316 1602 4359; x_wconf 84' lang='lat' dir='ltr'><strong>maneat.</strong></span> <span class='ocrx_word' id='word_1_397' title='bbox 1634 4304 1757 4362; x_wconf 63' lang='lat' dir='ltr'><strong>Hac</strong></span> <span class='ocrx_word' id='word_1_398' title='bbox 1789 4310 2149 4367; x_wconf 86' lang='lat' dir='ltr'><strong>consolatoria</strong></span> <span class='ocrx_word' id='word_1_399' title='bbox 2183 4316 2349 4372; x_wconf 86' lang='lat' dir='ltr'><strong>verba</strong></span> 
     </span>
    </p>
   </div>
   <div class='ocr_carea' id='block_1_59' title="bbox 761 4395 2348 4467">
    <p class='ocr_par' dir='ltr' id='par_1_59' title="bbox 761 4395 2348 4467">
     <span class='ocr_line' id='line_1_59' title="bbox 761 4395 2348 4467; baseline 0.009 -18"><span class='ocrx_word' id='word_1_400' title='bbox 761 4395 981 4451; x_wconf 82' lang='lat' dir='ltr'><strong>locutus</strong></span> <span class='ocrx_word' id='word_1_401' title='bbox 1037 4410 1159 4450; x_wconf 89' lang='lat' dir='ltr'><strong>sum</strong></span> <span class='ocrx_word' id='word_1_402' title='bbox 1216 4396 1389 4461; x_wconf 77' lang='lat' dir='ltr'><strong>vobis,</strong></span> <span class='ocrx_word' id='word_1_403' title='bbox 1423 4398 1514 4467; x_wconf 88' lang='lat' dir='ltr'><strong>qui</strong></span> <span class='ocrx_word' id='word_1_404' title='bbox 1577 4399 1647 4453; x_wconf 93' lang='lat' dir='ltr'><strong>ob</strong></span> <span class='ocrx_word' id='word_1_405' title='bbox 1703 4415 1881 4456; x_wconf 83' lang='lat' dir='ltr'><strong>meam</strong></span> <span class='ocrx_word' id='word_1_406' title='bbox 1939 4404 2348 4463; x_wconf 88' lang='lat' dir='ltr'><strong>discruciamlni</strong></span> 
     </span>
    </p>
   </div>
   <div class='ocr_carea' id='block_1_60' title="bbox 2473 1954 4054 2028">
    <p class='ocr_par' dir='ltr' id='par_1_60' title="bbox 2473 1954 4054 2028">
     <span class='ocr_line' id='line_1_60' title="bbox 2473 1954 4054 2028; baseline 0.001 -22"><span class='ocrx_word' id='word_1_407' title='bbox 2473 1954 2721 2025; x_wconf 77' lang='grc' dir='ltr'>μαθητὴς</span> <span class='ocrx_word' id='word_1_408' title='bbox 2765 1956 2859 2008; x_wconf 79' lang='grc' dir='ltr'><strong>τοῦ</strong></span> <span class='ocrx_word' id='word_1_409' title='bbox 2907 1956 3173 2027; x_wconf 79' lang='grc' dir='ltr'><strong>Χριστοῦ.</strong></span> <span class='ocrx_word' id='word_1_410' title='bbox 3207 1957 3538 2023; x_wconf 74' lang='grc' dir='ltr'>Δοξάζεσθαι</span> <span class='ocrx_word' id='word_1_411' title='bbox 3567 1960 3641 2017; x_wconf 68' lang='grc' dir='ltr'>δὲ,</span> <span class='ocrx_word' id='word_1_412' title='bbox 3674 1960 3791 2028; x_wconf 71' lang='grc' dir='ltr'>ἤτοι</span> <span class='ocrx_word' id='word_1_413' title='bbox 3834 1959 4054 2027; x_wconf 83' lang='grc' dir='ltr'>χαίρειν</span> 
     </span>
    </p>
   </div>
   <div class='ocr_carea' id='block_1_61' title="bbox 2469 2043 4057 2123">
    <p class='ocr_par' dir='ltr' id='par_1_61' title="bbox 2469 2043 4057 2123">
     <span class='ocr_line' id='line_1_61' title="bbox 2469 2043 4057 2123; baseline 0.002 -24"><span class='ocrx_word' id='word_1_414' title='bbox 2469 2047 2563 2099; x_wconf 81' lang='grc' dir='ltr'>τὸν</span> <span class='ocrx_word' id='word_1_415' title='bbox 2594 2048 2814 2117; x_wconf 78' lang='grc' dir='ltr'><strong>Πατέρα</strong></span> <span class='ocrx_word' id='word_1_416' title='bbox 2862 2043 3040 2114; x_wconf 79' lang='grc' dir='ltr'>εἶπεν,</span> <span class='ocrx_word' id='word_1_417' title='bbox 3074 2052 3132 2102; x_wconf 77' lang='grc' dir='ltr'>ὲν</span> <span class='ocrx_word' id='word_1_418' title='bbox 3156 2055 3221 2119; x_wconf 73' lang='grc' dir='ltr'>τῇ</span> <span class='ocrx_word' id='word_1_419' title='bbox 3257 2051 3426 2123; x_wconf 74' lang='grc' dir='ltr'>πολλῇ</span> <span class='ocrx_word' id='word_1_420' title='bbox 3461 2052 3813 2122; x_wconf 79' lang='grc' dir='ltr'>καρποφορίᾳ</span> <span class='ocrx_word' id='word_1_421' title='bbox 3843 2052 3938 2103; x_wconf 73' lang='grc' dir='ltr'>καὶ</span> <span class='ocrx_word' id='word_1_422' title='bbox 3965 2067 4057 2102; x_wconf 78' lang='grc' dir='ltr'><strong>τι-</strong></span> 
     </span>
    </p>
   </div>
   <div class='ocr_carea' id='block_1_62' title="bbox 2469 2138 4056 2212">
    <p class='ocr_par' dir='ltr' id='par_1_62' title="bbox 2469 2138 4056 2212">
     <span class='ocr_line' id='line_1_62' title="bbox 2469 2138 4056 2212; baseline 0.002 -23"><span class='ocrx_word' id='word_1_423' title='bbox 2469 2138 2590 2208; x_wconf 81' lang='grc' dir='ltr'>λείᾳ</span> <span class='ocrx_word' id='word_1_424' title='bbox 2625 2140 2897 2211; x_wconf 73' lang='grc' dir='ltr'>μαθητείᾳ</span> <span class='ocrx_word' id='word_1_425' title='bbox 2925 2141 3114 2206; x_wconf 78' lang='grc' dir='ltr'>αὑτοῦ,</span> <span class='ocrx_word' id='word_1_426' title='bbox 3149 2144 3595 2212; x_wconf 74' lang='grc' dir='ltr'>προτρεπόμενος</span> <span class='ocrx_word' id='word_1_427' title='bbox 3626 2143 3825 2205; x_wconf 75' lang='grc' dir='ltr'>αὐτοὺς</span> <span class='ocrx_word' id='word_1_428' title='bbox 3868 2143 3959 2193; x_wconf 66' lang='grc' dir='ltr'><strong>ἐπὶ</strong></span> <span class='ocrx_word' id='word_1_429' title='bbox 3988 2140 4056 2193; x_wconf 77' lang='grc' dir='ltr'>τὸ</span> 
     </span>
    </p>
   </div>
   <div class='ocr_carea' id='block_1_63' title="bbox 2470 2230 3623 2307">
    <p class='ocr_par' dir='ltr' id='par_1_63' title="bbox 2470 2230 3623 2307">
     <span class='ocr_line' id='line_1_63' title="bbox 2470 2230 3623 2307; baseline 0.008 -26"><span class='ocrx_word' id='word_1_430' title='bbox 2470 2232 2727 2300; x_wconf 80' lang='grc' dir='ltr'>πρᾶγμα,</span> <span class='ocrx_word' id='word_1_431' title='bbox 2752 2230 2828 2295; x_wconf 83' lang='grc' dir='ltr'><strong>ὡς</strong></span> <span class='ocrx_word' id='word_1_432' title='bbox 2850 2231 2947 2284; x_wconf 64' lang='grc' dir='ltr'><strong>ἰπὶ</strong></span> <span class='ocrx_word' id='word_1_433' title='bbox 2978 2231 3342 2285; x_wconf 80' lang='grc' dir='ltr'>εὑαπὸδεκτον</span> <span class='ocrx_word' id='word_1_434' title='bbox 3372 2234 3450 2303; x_wconf 80' lang='grc' dir='ltr'>τῷ</span> <span class='ocrx_word' id='word_1_435' title='bbox 3484 2235 3623 2307; x_wconf 76' lang='grc' dir='ltr'><strong>Θεῷ.</strong></span> 
     </span>
    </p>
   </div>
   <div class='ocr_carea' id='block_1_64' title="bbox 2538 2400 4057 2485">
    <p class='ocr_par' dir='ltr' id='par_1_64' title="bbox 2538 2400 4057 2485">
     <span class='ocr_line' id='line_1_64' title="bbox 2538 2400 4057 2485; baseline 0.007 -30"><span class='ocrx_word' id='word_1_436' title='bbox 2538 2400 2743 2468; x_wconf 81' lang='grc' dir='ltr'><strong>Καθὼς</strong></span> <span class='ocrx_word' id='word_1_437' title='bbox 2764 2432 2833 2441; x_wconf 89' lang='grc'><strong><em>-</em></strong></span> <span class='ocrx_word' id='word_1_438' title='bbox 2862 2401 3034 2472; x_wconf 80' lang='grc' dir='ltr'>ὑμᾶς.</span> <span class='ocrx_word' id='word_1_439' title='bbox 3068 2404 3165 2456; x_wconf 82' lang='grc' dir='ltr'>⁸ον</span> <span class='ocrx_word' id='word_1_440' title='bbox 3194 2406 3392 2476; x_wconf 84' lang='grc' dir='ltr'>τρόπον</span> <span class='ocrx_word' id='word_1_441' title='bbox 3415 2407 3671 2477; x_wconf 65' lang='grc' dir='ltr'>ἠγάπησά</span> <span class='ocrx_word' id='word_1_442' title='bbox 3699 2427 3766 2480; x_wconf 84' lang='grc' dir='ltr'>με</span> <span class='ocrx_word' id='word_1_443' title='bbox 3790 2414 3817 2464; x_wconf 83' lang='grc' dir='ltr'><strong><em>ὁ</em></strong></span> <span class='ocrx_word' id='word_1_444' title='bbox 3835 2412 4057 2485; x_wconf 73' lang='grc' dir='ltr'>Πατὴρ,</span> 
     </span>
    </p>
   </div>
   <div class='ocr_carea' id='block_1_65' title="bbox 2467 2495 4053 2575">
    <p class='ocr_par' dir='ltr' id='par_1_65' title="bbox 2467 2495 4053 2575">
     <span class='ocr_line' id='line_1_65' title="bbox 2467 2495 4053 2575; baseline 0.008 -28"><span class='ocrx_word' id='word_1_445' title='bbox 2467 2495 2542 2557; x_wconf 84' lang='grc' dir='ltr'>ὡς</span> <span class='ocrx_word' id='word_1_446' title='bbox 2579 2496 2833 2548; x_wconf 82' lang='grc' dir='ltr'>ποιοῦντα</span> <span class='ocrx_word' id='word_1_447' title='bbox 2881 2496 3087 2568; x_wconf 83' lang='grc' dir='ltr'>δηλαδὴ</span> <span class='ocrx_word' id='word_1_448' title='bbox 3120 2501 3178 2551; x_wconf 57' lang='grc' dir='ltr'>τι</span> <span class='ocrx_word' id='word_1_449' title='bbox 3208 2499 3423 2569; x_wconf 77' lang='grc' dir='ltr'>θέλημα</span> <span class='ocrx_word' id='word_1_450' title='bbox 3458 2502 3624 2555; x_wconf 82' lang='grc' dir='ltr'>αὑτοῦ</span> <span class='ocrx_word' id='word_1_451' title='bbox 3652 2519 3667 2535; x_wconf 73' lang='grc' dir='ltr'><strong>ο</strong></span> <span class='ocrx_word' id='word_1_452' title='bbox 3714 2504 3857 2558; x_wconf 70' lang='grc' dir='ltr'>οὕτω</span> <span class='ocrx_word' id='word_1_453' title='bbox 3888 2507 4053 2575; x_wconf 79' lang='grc' dir='ltr'>κάγὼ</span> 
     </span>
    </p>
   </div>
   <div class='ocr_carea' id='block_1_66' title="bbox 2467 2587 3845 2662">
    <p class='ocr_par' dir='ltr' id='par_1_66' title="bbox 2467 2587 3845 2662">
     <span class='ocr_line' id='line_1_66' title="bbox 2467 2587 3845 2662; baseline 0.009 -26"><span class='ocrx_word' id='word_1_454' title='bbox 2467 2588 2733 2655; x_wconf 74' lang='grc' dir='ltr'>ἠγάπησα</span> <span class='ocrx_word' id='word_1_455' title='bbox 2764 2588 2930 2656; x_wconf 80' lang='grc' dir='ltr'>ὑμᾶς,</span> <span class='ocrx_word' id='word_1_456' title='bbox 2973 2587 3049 2651; x_wconf 85' lang='grc' dir='ltr'><strong>ὡς</strong></span> <span class='ocrx_word' id='word_1_457' title='bbox 3076 2587 3366 2652; x_wconf 81' lang='grc' dir='ltr'><strong>ποιοῦντας</strong></span> <span class='ocrx_word' id='word_1_458' title='bbox 3394 2594 3456 2642; x_wconf 80' lang='grc' dir='ltr'>τὸ</span> <span class='ocrx_word' id='word_1_459' title='bbox 3484 2593 3695 2662; x_wconf 72' lang='grc' dir='ltr'>θέλημά</span> <span class='ocrx_word' id='word_1_460' title='bbox 3723 2612 3845 2662; x_wconf 85' lang='grc' dir='ltr'>μου.</span> 
     </span>
    </p>
   </div>
   <div class='ocr_carea' id='block_1_67' title="bbox 2539 2678 4056 2755">
    <p class='ocr_par' dir='ltr' id='par_1_67' title="bbox 2539 2678 4056 2755">
     <span class='ocr_line' id='line_1_67' title="bbox 2539 2678 4056 2755; baseline 0.009 -26"><span class='ocrx_word' id='word_1_461' title='bbox 2539 2678 2961 2747; x_wconf 78' lang='grc' dir='ltr'>Προδιέσταλται</span> <span class='ocrx_word' id='word_1_462' title='bbox 2980 2679 3034 2731; x_wconf 68' lang='grc' dir='ltr'>δὲ</span> <span class='ocrx_word' id='word_1_463' title='bbox 3051 2685 3180 2751; x_wconf 74' lang='grc' dir='ltr'>ημῖν</span> <span class='ocrx_word' id='word_1_464' title='bbox 3197 2683 3354 2734; x_wconf 84' lang='grc' dir='ltr'>ὅτιτὸ</span> <span class='ocrx_word' id='word_1_465' title='bbox 3370 2684 3566 2750; x_wconf 81' lang='grc' dir='ltr'>καθὼς</span> <span class='ocrx_word' id='word_1_466' title='bbox 3590 2688 3682 2737; x_wconf 71' lang='grc' dir='ltr'>καὶ</span> <span class='ocrx_word' id='word_1_467' title='bbox 3700 2687 3767 2739; x_wconf 87' lang='grc' dir='ltr'><strong>τά</strong></span> <span class='ocrx_word' id='word_1_468' title='bbox 3798 2688 4056 2755; x_wconf 78' lang='grc' dir='ltr'>τοιαῦτα,</span> 
     </span>
    </p>
   </div>
   <div class='ocr_carea' id='block_1_68' title="bbox 2466 2768 4053 2846">
    <p class='ocr_par' dir='ltr' id='par_1_68' title="bbox 2466 2768 4053 2846">
     <span class='ocr_line' id='line_1_68' title="bbox 2466 2768 4053 2846; baseline 0.008 -28"><span class='ocrx_word' id='word_1_469' title='bbox 2466 2768 2596 2819; x_wconf 84' lang='grc' dir='ltr'>ὅταν</span> <span class='ocrx_word' id='word_1_470' title='bbox 2624 2770 2723 2836; x_wconf 72' lang='grc' dir='ltr'>μὲν</span> <span class='ocrx_word' id='word_1_471' title='bbox 2755 2770 2852 2821; x_wconf 69' lang='grc' dir='ltr'><strong>ἐπὶ</strong></span> <span class='ocrx_word' id='word_1_472' title='bbox 2876 2770 2972 2822; x_wconf 84' lang='grc' dir='ltr'>τοῦ</span> <span class='ocrx_word' id='word_1_473' title='bbox 3002 2772 3214 2841; x_wconf 76' lang='grc' dir='ltr'>Πατρὸς</span> <span class='ocrx_word' id='word_1_474' title='bbox 3237 2773 3443 2825; x_wconf 77' lang='grc' dir='ltr'>καὶτοῦ</span> <span class='ocrx_word' id='word_1_475' title='bbox 3477 2774 3605 2827; x_wconf 86' lang='grc' dir='ltr'><strong>Υίοῦ</strong></span> <span class='ocrx_word' id='word_1_476' title='bbox 3635 2778 3728 2828; x_wconf 77' lang='grc' dir='ltr'><strong>καὶ</strong></span> <span class='ocrx_word' id='word_1_477' title='bbox 3758 2778 3850 2830; x_wconf 78' lang='grc' dir='ltr'>τοῦ</span> <span class='ocrx_word' id='word_1_478' title='bbox 3887 2778 4053 2846; x_wconf 82' lang='grc' dir='ltr'>ἀγίου</span> 
     </span>
    </p>
   </div>
   <div class='ocr_carea' id='block_1_69' title="bbox 2471 2856 4052 2934">
    <p class='ocr_par' dir='ltr' id='par_1_69' title="bbox 2471 2856 4052 2934">
     <span class='ocr_line' id='line_1_69' title="bbox 2471 2856 4052 2934; baseline 0.009 -27"><span class='ocrx_word' id='word_1_479' title='bbox 2471 2856 2789 2926; x_wconf 82' lang='grc' dir='ltr'>ιινεύματος</span> <span class='ocrx_word' id='word_1_480' title='bbox 2812 2860 3103 2927; x_wconf 72' lang='grc' dir='ltr'>λέγωνται,</span> <span class='ocrx_word' id='word_1_481' title='bbox 3131 2864 3353 2932; x_wconf 74' lang='grc' dir='ltr'>ἰσότητα</span> <span class='ocrx_word' id='word_1_482' title='bbox 3382 2865 3637 2934; x_wconf 82' lang='grc' dir='ltr'>δηλοῦσιν</span> <span class='ocrx_word' id='word_1_483' title='bbox 3664 2882 3677 2896; x_wconf 76' lang='grc'><strong>⁸</strong></span> <span class='ocrx_word' id='word_1_484' title='bbox 3703 2869 3834 2922; x_wconf 82' lang='grc' dir='ltr'>ὅταν</span> <span class='ocrx_word' id='word_1_485' title='bbox 3860 2867 3919 2922; x_wconf 74' lang='grc' dir='ltr'>δι</span> <span class='ocrx_word' id='word_1_486' title='bbox 3952 2870 4052 2921; x_wconf 68' lang='lat' dir='ltr'><strong>ini</strong></span> 
     </span>
    </p>
   </div>
   <div class='ocr_carea' id='block_1_70' title="bbox 2467 2945 4051 3033">
    <p class='ocr_par' dir='ltr' id='par_1_70' title="bbox 2467 2945 4051 3033">
     <span class='ocr_line' id='line_1_70' title="bbox 2467 2945 4051 3033; baseline 0.01 -33"><span class='ocrx_word' id='word_1_487' title='bbox 2467 2947 2603 3001; x_wconf 81' lang='grc' dir='ltr'><strong>Θεοῦ</strong></span> <span class='ocrx_word' id='word_1_488' title='bbox 2642 2952 2736 3003; x_wconf 76' lang='grc' dir='ltr'>καὶ</span> <span class='ocrx_word' id='word_1_489' title='bbox 2759 2952 3083 3022; x_wconf 85' lang='grc' dir='ltr'>ἀνθρώπων,</span> <span class='ocrx_word' id='word_1_490' title='bbox 3129 2945 3423 3026; x_wconf 79' lang='grc' dir='ltr'>ὁμοιότητα</span> <span class='ocrx_word' id='word_1_491' title='bbox 3468 2959 3847 3029; x_wconf 79' lang='grc' dir='ltr'>σημαίνουσινο</span> <span class='ocrx_word' id='word_1_492' title='bbox 3898 2964 3932 3033; x_wconf 75' lang='grc' dir='ltr'>ἡ</span> <span class='ocrx_word' id='word_1_493' title='bbox 3990 2962 4051 3015; x_wconf 62' lang='grc' dir='ltr'>δὲ</span> 
     </span>
    </p>
   </div>
   <div class='ocr_carea' id='block_1_71' title="bbox 2467 3040 3677 3117">
    <p class='ocr_par' dir='ltr' id='par_1_71' title="bbox 2467 3040 3677 3117">
     <span class='ocr_line' id='line_1_71' title="bbox 2467 3040 3677 3117; baseline 0.01 -26"><span class='ocrx_word' id='word_1_494' title='bbox 2467 3040 2725 3111; x_wconf 82' lang='grc' dir='ltr'><strong>ὁμοιότης</strong></span> <span class='ocrx_word' id='word_1_495' title='bbox 2759 3044 2819 3095; x_wconf 83' lang='grc' dir='ltr'>οὐ</span> <span class='ocrx_word' id='word_1_496' title='bbox 2864 3046 3212 3098; x_wconf 77' lang='grc' dir='ltr'>παντάπασιν</span> <span class='ocrx_word' id='word_1_497' title='bbox 3238 3047 3677 3117; x_wconf 81' lang='grc' dir='ltr'>ἀπαράλλακτος.</span> 
     </span>
    </p>
   </div>
   <div class='ocr_carea' id='block_1_72' title="bbox 2538 3320 3863 3402">
    <p class='ocr_par' dir='ltr' id='par_1_72' title="bbox 2538 3320 3863 3402">
     <span class='ocr_line' id='line_1_72' title="bbox 2538 3320 3863 3402; baseline 0.011 -28"><span class='ocrx_word' id='word_1_498' title='bbox 2538 3320 2797 3376; x_wconf 75' lang='grc' dir='ltr'>Μείνατσ</span> <span class='ocrx_word' id='word_1_499' title='bbox 2821 3352 2892 3364; x_wconf 92' lang='grc'><strong>--</strong></span> <span class='ocrx_word' id='word_1_500' title='bbox 2914 3322 3050 3394; x_wconf 74' lang='grc' dir='ltr'><strong>ἐμῆ.</strong></span> <span class='ocrx_word' id='word_1_501' title='bbox 3082 3326 3255 3381; x_wconf 87' lang='grc' dir='ltr'>Πάλιν</span> <span class='ocrx_word' id='word_1_502' title='bbox 3288 3330 3607 3402; x_wconf 64' lang='grc' dir='ltr'>δπισφίγγιι</span> <span class='ocrx_word' id='word_1_503' title='bbox 3646 3334 3863 3399; x_wconf 81' lang='grc' dir='ltr'>αὐτούς.</span> 
     </span>
    </p>
   </div>
   <div class='ocr_carea' id='block_1_73' title="bbox 2546 3486 4050 3571">
    <p class='ocr_par' dir='ltr' id='par_1_73' title="bbox 2546 3486 4050 3571">
     <span class='ocr_line' id='line_1_73' title="bbox 2546 3486 4050 3571; baseline 0.013 -29"><span class='ocrx_word' id='word_1_504' title='bbox 2546 3486 2775 3542; x_wconf 81' lang='grc' dir='ltr'><strong>Ἐὰν-</strong></span> <span class='ocrx_word' id='word_1_505' title='bbox 2806 3489 3025 3560; x_wconf 70' lang='grc' dir='ltr'>ἀγα-ιη.</span> <span class='ocrx_word' id='word_1_506' title='bbox 3061 3494 3167 3549; x_wconf 78' lang='grc' dir='ltr'><strong>Καὶ</strong></span> <span class='ocrx_word' id='word_1_507' title='bbox 3203 3497 3321 3558; x_wconf 74' lang='grc' dir='ltr'>πῶς</span> <span class='ocrx_word' id='word_1_508' title='bbox 3364 3498 3749 3571; x_wconf 64' lang='grc' dir='ltr'>ἀποθνήσκεις,</span> <span class='ocrx_word' id='word_1_509' title='bbox 3786 3504 3918 3559; x_wconf 80' lang='grc' dir='ltr'>ὡσεὶ</span> <span class='ocrx_word' id='word_1_510' title='bbox 3946 3508 4050 3562; x_wconf 82' lang='grc' dir='ltr'>ἀν-</span> 
     </span>
    </p>
   </div>
   <div class='ocr_carea' id='block_1_74' title="bbox 2462 3580 4049 3669">
    <p class='ocr_par' dir='ltr' id='par_1_74' title="bbox 2462 3580 4049 3669">
     <span class='ocr_line' id='line_1_74' title="bbox 2462 3580 4049 3669; baseline 0.013 -38"><span class='ocrx_word' id='word_1_511' title='bbox 2462 3580 2681 3650; x_wconf 76' lang='grc' dir='ltr'>Θρωπος</span> <span class='ocrx_word' id='word_1_512' title='bbox 2714 3582 3018 3653; x_wconf 72' lang='grc' dir='ltr'>ἀϐοήθητος</span> <span class='ocrx_word' id='word_1_513' title='bbox 3048 3603 3063 3653; x_wconf 86' lang='lat'><strong>;</strong></span> <span class='ocrx_word' id='word_1_514' title='bbox 3098 3590 3243 3641; x_wconf 80' lang='grc' dir='ltr'>Διότι</span> <span class='ocrx_word' id='word_1_515' title='bbox 3270 3588 3416 3669; x_wconf 50' lang='grc' dir='ltr'>θέλε-ι</span> <span class='ocrx_word' id='word_1_516' title='bbox 3458 3592 3617 3645; x_wconf 83' lang='grc' dir='ltr'>τοῦτο</span> <span class='ocrx_word' id='word_1_517' title='bbox 3652 3596 3746 3648; x_wconf 60' lang='grc' dir='ltr'><strong>καί⁸</strong></span> <span class='ocrx_word' id='word_1_518' title='bbox 3783 3597 3808 3649; x_wconf 71' lang='lat'><strong><em>5</em></strong></span> <span class='ocrx_word' id='word_1_519' title='bbox 3855 3582 4049 3669; x_wconf 74' lang='grc' dir='ltr'>Πατὴρ</span> 
     </span>
    </p>
   </div>
   <div class='ocr_carea' id='block_1_75' title="bbox 2461 3665 4043 3752">
    <p class='ocr_par' dir='ltr' id='par_1_75' title="bbox 2461 3665 4043 3752">
     <span class='ocr_line' id='line_1_75' title="bbox 2461 3665 4043 3752; baseline 0.013 -29"><span class='ocrx_word' id='word_1_520' title='bbox 2461 3672 2619 3739; x_wconf 77' lang='grc' dir='ltr'><strong>κάγὼ</strong></span> <span class='ocrx_word' id='word_1_521' title='bbox 2648 3674 2787 3742; x_wconf 66' lang='grc' dir='ltr'>ὑπὲρ</span> <span class='ocrx_word' id='word_1_522' title='bbox 2816 3674 2913 3743; x_wconf 82' lang='grc' dir='ltr'>τῆς</span> <span class='ocrx_word' id='word_1_523' title='bbox 2948 3677 3224 3747; x_wconf 76' lang='grc' dir='ltr'>σωτηρίας</span> <span class='ocrx_word' id='word_1_524' title='bbox 3272 3665 3405 3731; x_wconf 49' lang='grc' dir='ltr'>τῶν-</span> <span class='ocrx_word' id='word_1_525' title='bbox 3426 3682 3760 3752; x_wconf 78' lang='grc' dir='ltr'>ἀνθρώπων,</span> <span class='ocrx_word' id='word_1_526' title='bbox 3794 3689 3912 3741; x_wconf 67' lang='grc' dir='ltr'><strong>ἐπεὶ</strong></span> 
     </span>
    </p>
   </div>
   <div class='ocr_carea' id='block_1_76' title="bbox 2460 3764 4046 3848">
    <p class='ocr_par' dir='ltr' id='par_1_76' title="bbox 2460 3764 4046 3848">
     <span class='ocr_line' id='line_1_76' title="bbox 2460 3764 4046 3848; baseline 0.013 -31"><span class='ocrx_word' id='word_1_527' title='bbox 2460 3764 2619 3829; x_wconf 66' lang='grc' dir='ltr'>δὸξαν</span> <span class='ocrx_word' id='word_1_528' title='bbox 2676 3769 2736 3820; x_wconf 84' lang='grc' dir='ltr'>τὸ</span> <span class='ocrx_word' id='word_1_529' title='bbox 2777 3770 3011 3838; x_wconf 73' lang='grc' dir='ltr'>πρᾶγμα</span> <span class='ocrx_word' id='word_1_530' title='bbox 3046 3772 3283 3843; x_wconf 74' lang='grc' dir='ltr'>ἥγημαι.</span> <span class='ocrx_word' id='word_1_531' title='bbox 3330 3775 3541 3847; x_wconf 76' lang='grc' dir='ltr'>Ὠσπερ</span> <span class='ocrx_word' id='word_1_532' title='bbox 3570 3777 3665 3831; x_wconf 76' lang='grc' dir='ltr'>οὖν</span> <span class='ocrx_word' id='word_1_533' title='bbox 3698 3780 3833 3848; x_wconf 63' lang='grc' dir='ltr'><strong>ἐγὼ,</strong></span> <span class='ocrx_word' id='word_1_534' title='bbox 3868 3783 4046 3847; x_wconf 82' lang='grc' dir='ltr'>οὕτως</span> 
     </span>
    </p>
   </div>
   <div class='ocr_carea' id='block_1_77' title="bbox 2459 3859 4047 3945">
    <p class='ocr_par' dir='ltr' id='par_1_77' title="bbox 2459 3859 4047 3945">
     <span class='ocr_line' id='line_1_77' title="bbox 2459 3859 4047 3945; baseline 0.012 -34"><span class='ocrx_word' id='word_1_535' title='bbox 2459 3859 2834 3928; x_wconf 80' lang='grc' dir='ltr'>ἀγαπώμενος</span> <span class='ocrx_word' id='word_1_536' title='bbox 2874 3863 2978 3914; x_wconf 77' lang='grc' dir='ltr'><strong>ὑπὸ</strong></span> <span class='ocrx_word' id='word_1_537' title='bbox 3017 3864 3113 3915; x_wconf 81' lang='grc' dir='ltr'><strong>τοῦ</strong></span> <span class='ocrx_word' id='word_1_538' title='bbox 3151 3867 3385 3935; x_wconf 57' lang='grc' dir='ltr'>υατρὸτ,</span> <span class='ocrx_word' id='word_1_539' title='bbox 3414 3870 3567 3937; x_wconf 84' lang='grc' dir='ltr'>ὅμως</span> <span class='ocrx_word' id='word_1_540' title='bbox 3602 3873 3936 3945; x_wconf 76' lang='grc' dir='ltr'><strong>ἀποθνήσκω</strong></span> <span class='ocrx_word' id='word_1_541' title='bbox 3974 3879 4047 3929; x_wconf 77' lang='grc' dir='ltr'><strong>δι’</strong></span> 
     </span>
    </p>
   </div>
   <div class='ocr_carea' id='block_1_78' title="bbox 2458 3950 4044 4038">
    <p class='ocr_par' dir='ltr' id='par_1_78' title="bbox 2458 3950 4044 4038">
     <span class='ocr_line' id='line_1_78' title="bbox 2458 3950 4044 4038; baseline 0.013 -37"><span class='ocrx_word' id='word_1_542' title='bbox 2458 3950 2624 4020; x_wconf 79' lang='grc' dir='ltr'>ὑμᾶς·</span> <span class='ocrx_word' id='word_1_543' title='bbox 2655 3951 2800 4005; x_wconf 75' lang='grc' dir='ltr'>οὕτω</span> <span class='ocrx_word' id='word_1_544' title='bbox 2824 3954 2920 4006; x_wconf 79' lang='grc' dir='ltr'>καὶ</span> <span class='ocrx_word' id='word_1_545' title='bbox 2938 3954 3316 4024; x_wconf 77' lang='grc' dir='ltr'>ὑμείς,οὓτως</span> <span class='ocrx_word' id='word_1_546' title='bbox 3342 3960 3698 4032; x_wconf 72' lang='grc' dir='ltr'>ἀταπὼμινοι</span> <span class='ocrx_word' id='word_1_547' title='bbox 3724 3967 3853 4037; x_wconf 82' lang='grc' dir='ltr'>παρ’</span> <span class='ocrx_word' id='word_1_548' title='bbox 3880 3968 4044 4038; x_wconf 64' lang='grc' dir='ltr'>ἐμοῦ,</span> 
     </span>
    </p>
   </div>
   <div class='ocr_carea' id='block_1_79' title="bbox 2455 4043 4046 4133">
    <p class='ocr_par' dir='ltr' id='par_1_79' title="bbox 2455 4043 4046 4133">
     <span class='ocr_line' id='line_1_79' title="bbox 2455 4043 4046 4133; baseline 0.014 -39"><span class='ocrx_word' id='word_1_549' title='bbox 2455 4043 2606 4112; x_wconf 74' lang='grc' dir='ltr'>ὅμως</span> <span class='ocrx_word' id='word_1_550' title='bbox 2659 4046 3024 4100; x_wconf 77' lang='grc' dir='ltr'>ἀποθανεῐσθι</span> <span class='ocrx_word' id='word_1_551' title='bbox 3077 4049 3147 4101; x_wconf 79' lang='grc' dir='ltr'>δι’</span> <span class='ocrx_word' id='word_1_552' title='bbox 3196 4051 3321 4119; x_wconf 69' lang='grc' dir='ltr'><strong>ἐμέ.</strong></span> <span class='ocrx_word' id='word_1_553' title='bbox 3382 4053 3521 4107; x_wconf 77' lang='grc' dir='ltr'>Κατ’</span> <span class='ocrx_word' id='word_1_554' title='bbox 3558 4056 3810 4112; x_wconf 77' lang='grc' dir='ltr'><strong>εὐδοκίαν</strong></span> <span class='ocrx_word' id='word_1_555' title='bbox 3858 4062 3969 4133; x_wconf 78' lang='grc' dir='ltr'><strong>γὰρ</strong></span> <span class='ocrx_word' id='word_1_556' title='bbox 4015 4065 4046 4116; x_wconf 84' lang='grc' dir='ltr'><strong>δ</strong></span> 
     </span>
    </p>
   </div>
   <div class='ocr_carea' id='block_1_80' title="bbox 2454 4136 4045 4220">
    <p class='ocr_par' dir='ltr' id='par_1_80' title="bbox 2454 4136 4045 4220">
     <span class='ocr_line' id='line_1_80' title="bbox 2454 4136 4045 4220; baseline 0.014 -33"><span class='ocrx_word' id='word_1_557' title='bbox 2454 4137 2700 4200; x_wconf 76' lang='grc' dir='ltr'>τοιοῦτος</span> <span class='ocrx_word' id='word_1_558' title='bbox 2752 4136 3005 4204; x_wconf 73' lang='grc' dir='ltr'>θάνατος,</span> <span class='ocrx_word' id='word_1_559' title='bbox 3067 4142 3129 4193; x_wconf 81' lang='grc' dir='ltr'><strong>οὐ</strong></span> <span class='ocrx_word' id='word_1_560' title='bbox 3186 4143 3331 4198; x_wconf 83' lang='grc' dir='ltr'><strong>κατά</strong></span> <span class='ocrx_word' id='word_1_561' title='bbox 3380 4147 3738 4220; x_wconf 80' lang='grc' dir='ltr'>ἀποστροφὴν</span> <span class='ocrx_word' id='word_1_562' title='bbox 3797 4151 3829 4220; x_wconf 79' lang='grc' dir='ltr'>ἦ</span> <span class='ocrx_word' id='word_1_563' title='bbox 3874 4153 4045 4209; x_wconf 67' lang='grc' dir='ltr'>ἀσθέ-</span> 
     </span>
    </p>
   </div>
   <div class='ocr_carea' id='block_1_81' title="bbox 2455 4242 2631 4283">
    <p class='ocr_par' dir='ltr' id='par_1_81' title="bbox 2455 4242 2631 4283">
     <span class='ocr_line' id='line_1_81' title="bbox 2455 4242 2631 4283; baseline 0.023 -5"><span class='ocrx_word' id='word_1_564' title='bbox 2455 4242 2631 4283; x_wconf 82' lang='grc' dir='ltr'>νειαν.</span> 
     </span>
    </p>
   </div>
   <div class='ocr_carea' id='block_1_82' title="bbox 2530 4317 4045 4410">
    <p class='ocr_par' dir='ltr' id='par_1_82' title="bbox 2530 4317 4045 4410">
     <span class='ocr_line' id='line_1_82' title="bbox 2530 4317 4045 4410; baseline 0.012 -37"><span class='ocrx_word' id='word_1_565' title='bbox 2530 4317 2729 4376; x_wconf 84' lang='grc' dir='ltr'>Ταῦτα</span> <span class='ocrx_word' id='word_1_566' title='bbox 2774 4352 2845 4361; x_wconf 92' lang='grc'><strong><em>-</em></strong></span> <span class='ocrx_word' id='word_1_567' title='bbox 2890 4325 3092 4392; x_wconf 78' lang='grc' dir='ltr'>μείνῃ.</span> <span class='ocrx_word' id='word_1_568' title='bbox 3139 4325 3327 4380; x_wconf 79' lang='grc' dir='ltr'>Ταῦτα</span> <span class='ocrx_word' id='word_1_569' title='bbox 3373 4329 3441 4382; x_wconf 79' lang='grc' dir='ltr'>τὰ</span> <span class='ocrx_word' id='word_1_570' title='bbox 3476 4334 3910 4406; x_wconf 71' lang='grc' dir='ltr'>παραμυθητικά</span> <span class='ocrx_word' id='word_1_571' title='bbox 3940 4340 4045 4410; x_wconf 78' lang='grc' dir='ltr'><strong>ρή-</strong></span> 
     </span>
    </p>
   </div>
   <div class='ocr_carea' id='block_1_83' title="bbox 2456 4414 4042 4505">
    <p class='ocr_par' dir='ltr' id='par_1_83' title="bbox 2456 4414 4042 4505">
     <span class='ocr_line' id='line_1_83' title="bbox 2456 4414 4042 4505; baseline 0.013 -41"><span class='ocrx_word' id='word_1_572' title='bbox 2456 4429 2605 4482; x_wconf 87' lang='grc' dir='ltr'>ματα</span> <span class='ocrx_word' id='word_1_573' title='bbox 2666 4414 2943 4484; x_wconf 81' lang='grc' dir='ltr'><strong>λελάληκα</strong></span> <span class='ocrx_word' id='word_1_574' title='bbox 2998 4419 3127 4487; x_wconf 79' lang='grc' dir='ltr'>ὑμῖν</span> <span class='ocrx_word' id='word_1_575' title='bbox 3169 4421 3493 4490; x_wconf 69' lang='grc' dir='ltr'>ἀνιωμένοις</span> <span class='ocrx_word' id='word_1_576' title='bbox 3544 4427 3637 4477; x_wconf 70' lang='grc' dir='ltr'><strong>ἐπὶ</strong></span> <span class='ocrx_word' id='word_1_577' title='bbox 3692 4430 3771 4497; x_wconf 81' lang='grc' dir='ltr'>τῷ</span> <span class='ocrx_word' id='word_1_578' title='bbox 3822 4430 4042 4505; x_wconf 76' lang='grc' dir='ltr'>θανάτῳ</span> 
     </span>
    </p>
   </div>
   <div class='ocr_carea' id='block_1_84' title="bbox 759 4490 2496 4593">
    <p class='ocr_par' dir='ltr' id='par_1_84' title="bbox 759 4490 2496 4585">
     <span class='ocr_line' id='line_1_84' title="bbox 759 4490 2496 4585; baseline 0.01 -45"><span class='ocrx_word' id='word_1_579' title='bbox 759 4501 989 4541; x_wconf 86' lang='lat' dir='ltr'><strong>mortem</strong></span> <span class='ocrx_word' id='word_1_580' title='bbox 1026 4506 1039 4549; x_wconf 86' lang='lat'><strong>;</strong></span> <span class='ocrx_word' id='word_1_581' title='bbox 1077 4498 1134 4541; x_wconf 92' lang='lat' dir='ltr'><strong>ut</strong></span> <span class='ocrx_word' id='word_1_582' title='bbox 1160 4490 1445 4557; x_wconf 79' lang='lat' dir='ltr'><strong>gaudium,</strong></span> <span class='ocrx_word' id='word_1_583' title='bbox 1476 4491 1622 4559; x_wconf 92' lang='lat' dir='ltr'><strong>quod</strong></span> <span class='ocrx_word' id='word_1_584' title='bbox 1646 4502 1766 4546; x_wconf 87' lang='lat' dir='ltr'><strong>erat</strong></span> <span class='ocrx_word' id='word_1_585' title='bbox 1799 4506 2024 4564; x_wconf 84' lang='lat' dir='ltr'><strong>propter</strong></span> <span class='ocrx_word' id='word_1_586' title='bbox 2056 4512 2163 4565; x_wconf 82' lang='lat' dir='ltr'><strong>me,</strong></span> <span class='ocrx_word' id='word_1_587' title='bbox 2200 4502 2346 4570; x_wconf 87' lang='lat' dir='ltr'><strong>quod</strong></span> <span class='ocrx_word' id='word_1_588' title='bbox 2379 4530 2422 4585; x_wconf 71' lang='grc' dir='ltr'><strong>υ</strong></span> <span class='ocrx_word' id='word_1_589' title='bbox 2457 4526 2496 4579; x_wconf 80' lang='grc' dir='ltr'><strong>μ</strong></span> 
     </span>
    </p>
   </div>
   <div class='ocr_carea' id='block_1_85' title="bbox 2305 4490 4042 4593">
    <p class='ocr_par' dir='ltr' id='par_1_85' title="bbox 2305 4490 4042 4593">
     <span class='ocr_line' id='line_1_85' title="bbox 2305 4490 4042 4593; baseline 0.011 -35"><span class='ocrx_word' id='word_1_590' title='bbox 2305 4502 2346 4557; x_wconf 69' lang='grc' dir='ltr'>»ἀ</span> <span class='ocrx_word' id='word_1_591' title='bbox 2379 4530 2422 4585; x_wconf 73' lang='grc' dir='ltr'><strong>υ</strong></span> <span class='ocrx_word' id='word_1_592' title='bbox 2457 4525 2583 4579; x_wconf 87' lang='grc' dir='ltr'>μου,</span> <span class='ocrx_word' id='word_1_593' title='bbox 2624 4508 2712 4562; x_wconf 84' lang='grc' dir='ltr'>ἶνα</span> <span class='ocrx_word' id='word_1_594' title='bbox 2764 4512 2797 4581; x_wconf 78' lang='grc' dir='ltr'><strong>ἡ</strong></span> <span class='ocrx_word' id='word_1_595' title='bbox 2848 4512 2992 4581; x_wconf 83' lang='grc' dir='ltr'><strong>χαρά</strong></span> <span class='ocrx_word' id='word_1_596' title='bbox 3037 4514 3069 4582; x_wconf 84' lang='grc' dir='ltr'>ἡ</span> <span class='ocrx_word' id='word_1_597' title='bbox 3122 4512 3189 4564; x_wconf 79' lang='grc' dir='ltr'>δι’</span> <span class='ocrx_word' id='word_1_598' title='bbox 3228 4517 3348 4583; x_wconf 63' lang='grc' dir='ltr'>ἐμὴ,</span> <span class='ocrx_word' id='word_1_599' title='bbox 3390 4518 3457 4585; x_wconf 80' lang='grc' dir='ltr'>ἣν</span> <span class='ocrx_word' id='word_1_600' title='bbox 3502 4490 3752 4589; x_wconf 57' lang='grc' dir='ltr'>ὲχαίρεττ</span> <span class='ocrx_word' id='word_1_601' title='bbox 3787 4525 3873 4574; x_wconf 62' lang='grc' dir='ltr'><strong>ἔπ’</strong></span> <span class='ocrx_word' id='word_1_602' title='bbox 3914 4490 4042 4593; x_wconf 59' lang='grc' dir='ltr'>ἐμοὶ</span> 
     </span>
    </p>
   </div>
   <div class='ocr_carea' id='block_1_86' title="bbox 757 4581 2344 4662">
    <p class='ocr_par' dir='ltr' id='par_1_86' title="bbox 757 4581 2344 4662">
     <span class='ocr_line' id='line_1_86' title="bbox 757 4581 2344 4662; baseline 0.01 -29"><span class='ocrx_word' id='word_1_603' title='bbox 757 4581 825 4633; x_wconf 90' lang='lat' dir='ltr'><strong>de</strong></span> <span class='ocrx_word' id='word_1_604' title='bbox 852 4595 940 4634; x_wconf 92' lang='lat' dir='ltr'><strong>me</strong></span> <span class='ocrx_word' id='word_1_605' title='bbox 973 4582 1315 4651; x_wconf 86' lang='lat' dir='ltr'><strong>gaudebatis,</strong></span> <span class='ocrx_word' id='word_1_606' title='bbox 1376 4583 1554 4638; x_wconf 90' lang='lat' dir='ltr'><strong>donec</strong></span> <span class='ocrx_word' id='word_1_607' title='bbox 1610 4584 1943 4641; x_wconf 84' lang='lat' dir='ltr'><strong>advenirent</strong></span> <span class='ocrx_word' id='word_1_608' title='bbox 1976 4589 2094 4645; x_wconf 63' lang='lat' dir='ltr'><strong>hac</strong></span> <span class='ocrx_word' id='word_1_609' title='bbox 2145 4594 2344 4662; x_wconf 87' lang='lat' dir='ltr'><strong>tristia,</strong></span> 
     </span>
    </p>
   </div>
   <div class='ocr_carea' id='block_1_87' title="bbox 759 4677 2348 4745">
    <p class='ocr_par' dir='ltr' id='par_1_87' title="bbox 759 4677 2348 4745">
     <span class='ocr_line' id='line_1_87' title="bbox 759 4677 2348 4745; baseline 0.01 -20"><span class='ocrx_word' id='word_1_610' title='bbox 759 4688 871 4727; x_wconf 88' lang='lat' dir='ltr'><strong>non</strong></span> <span class='ocrx_word' id='word_1_611' title='bbox 903 4684 1325 4743; x_wconf 83' lang='lat' dir='ltr'><strong>corrumpatur;</strong></span> <span class='ocrx_word' id='word_1_612' title='bbox 1362 4677 1456 4730; x_wconf 88' lang='lat' dir='ltr'><strong>sed</strong></span> <span class='ocrx_word' id='word_1_613' title='bbox 1500 4677 1555 4730; x_wconf 89' lang='lat' dir='ltr'><strong>in</strong></span> <span class='ocrx_word' id='word_1_614' title='bbox 1589 4679 1742 4733; x_wconf 80' lang='lat' dir='ltr'><strong>\obis</strong></span> <span class='ocrx_word' id='word_1_615' title='bbox 1775 4692 2012 4745; x_wconf 85' lang='lat' dir='ltr'><strong>maneat,</strong></span> <span class='ocrx_word' id='word_1_616' title='bbox 2068 4699 2192 4739; x_wconf 88' lang='lat' dir='ltr'><strong>cum</strong></span> <span class='ocrx_word' id='word_1_617' title='bbox 2224 4702 2348 4741; x_wconf 82' lang='lat' dir='ltr'><strong>cer-</strong></span> 
     </span>
    </p>
   </div>
   <div class='ocr_carea' id='block_1_88' title="bbox 759 4766 2343 4846">
    <p class='ocr_par' dir='ltr' id='par_1_88' title="bbox 759 4766 2343 4846">
     <span class='ocr_line' id='line_1_88' title="bbox 759 4766 2343 4846; baseline 0.008 -27"><span class='ocrx_word' id='word_1_618' title='bbox 759 4768 925 4819; x_wconf 86' lang='lat' dir='ltr'><strong>tiores</strong></span> <span class='ocrx_word' id='word_1_619' title='bbox 950 4766 1077 4819; x_wconf 75' lang='lat' dir='ltr'><strong>facti</strong></span> <span class='ocrx_word' id='word_1_620' title='bbox 1120 4768 1257 4832; x_wconf 87' lang='lat' dir='ltr'><strong>sitis,</strong></span> <span class='ocrx_word' id='word_1_621' title='bbox 1291 4768 1435 4835; x_wconf 91' lang='lat' dir='ltr'><strong>quod</strong></span> <span class='ocrx_word' id='word_1_622' title='bbox 1465 4784 1569 4821; x_wconf 79' lang='lat' dir='ltr'><strong>non</strong></span> <span class='ocrx_word' id='word_1_623' title='bbox 1612 4770 1908 4841; x_wconf 83' lang='lat' dir='ltr'><strong>relinquam</strong></span> <span class='ocrx_word' id='word_1_624' title='bbox 1941 4790 2029 4829; x_wconf 80' lang='lat' dir='ltr'><strong>vos</strong></span> <span class='ocrx_word' id='word_1_625' title='bbox 2055 4778 2343 4846; x_wconf 75' lang='lat' dir='ltr'><strong>arplimws,</strong></span> 
     </span>
    </p>
   </div>
   <div class='ocr_carea' id='block_1_89' title="bbox 756 4859 1545 4913">
    <p class='ocr_par' dir='ltr' id='par_1_89' title="bbox 756 4859 1545 4913">
     <span class='ocr_line' id='line_1_89' title="bbox 756 4859 1545 4913; baseline 0 -2"><span class='ocrx_word' id='word_1_626' title='bbox 756 4859 849 4911; x_wconf 81' lang='lat' dir='ltr'><strong>sed</strong></span> <span class='ocrx_word' id='word_1_627' title='bbox 880 4859 1072 4910; x_wconf 82' lang='lat' dir='ltr'><strong>iterum</strong></span> <span class='ocrx_word' id='word_1_628' title='bbox 1103 4859 1309 4911; x_wconf 72' lang='lat' dir='ltr'><strong>veniam</strong></span> <span class='ocrx_word' id='word_1_629' title='bbox 1334 4859 1405 4910; x_wconf 85' lang='lat' dir='ltr'><strong>ad</strong></span> <span class='ocrx_word' id='word_1_630' title='bbox 1438 4876 1545 4913; x_wconf 77' lang='lat' dir='ltr'><strong>vos.</strong></span> 
     </span>
    </p>
   </div>
   <div class='ocr_carea' id='block_1_90' title="bbox 832 4948 2345 5027">
    <p class='ocr_par' dir='ltr' id='par_1_90' title="bbox 832 4948 2345 5027">
     <span class='ocr_line' id='line_1_90' title="bbox 832 4948 2345 5027; baseline 0.01 -27"><span class='ocrx_word' id='word_1_631' title='bbox 832 4948 986 5002; x_wconf 74' lang='lat' dir='ltr'><strong>Vera.</strong></span> <span class='ocrx_word' id='word_1_632' title='bbox 1036 4950 1118 5002; x_wconf 84' lang='lat' dir='ltr'><strong>ll.</strong></span> <span class='ocrx_word' id='word_1_633' title='bbox 1153 4948 1220 5000; x_wconf 80' lang='lat' dir='ltr'><strong>Et</strong></span> <span class='ocrx_word' id='word_1_634' title='bbox 1250 4977 1317 4991; x_wconf 88' lang='lat'><strong>-—-</strong></span> <span class='ocrx_word' id='word_1_635' title='bbox 1342 4956 1691 5019; x_wconf 80' lang='lat' dir='ltr'><strong>compleatur.</strong></span> <span class='ocrx_word' id='word_1_636' title='bbox 1738 4954 1803 5008; x_wconf 85' lang='lat' dir='ltr'><strong>Et</strong></span> <span class='ocrx_word' id='word_1_637' title='bbox 1840 4966 1897 5010; x_wconf 90' lang='lat' dir='ltr'><strong>ut</strong></span> <span class='ocrx_word' id='word_1_638' title='bbox 1931 4958 2187 5027; x_wconf 77' lang='lat' dir='ltr'><strong>gaudium</strong></span> <span class='ocrx_word' id='word_1_639' title='bbox 2245 4976 2345 5015; x_wconf 78' lang='lat' dir='ltr'><strong>ve-</strong></span> 
     </span>
    </p>
   </div>
   <div class='ocr_carea' id='block_1_91' title="bbox 755 5043 2345 5113">
    <p class='ocr_par' dir='ltr' id='par_1_91' title="bbox 755 5043 2345 5113">
     <span class='ocr_line' id='line_1_91' title="bbox 755 5043 2345 5113; baseline 0.008 -18"><span class='ocrx_word' id='word_1_640' title='bbox 755 5048 955 5101; x_wconf 83' lang='lat' dir='ltr'><strong>strum,</strong></span> <span class='ocrx_word' id='word_1_641' title='bbox 988 5043 1132 5110; x_wconf 88' lang='lat' dir='ltr'><strong>quod</strong></span> <span class='ocrx_word' id='word_1_642' title='bbox 1150 5043 1215 5095; x_wconf 89' lang='lat' dir='ltr'><strong>de</strong></span> <span class='ocrx_word' id='word_1_643' title='bbox 1237 5056 1324 5095; x_wconf 88' lang='lat' dir='ltr'><strong>me</strong></span> <span class='ocrx_word' id='word_1_644' title='bbox 1342 5055 1446 5106; x_wconf 87' lang='lat' dir='ltr'><strong>est,</strong></span> <span class='ocrx_word' id='word_1_645' title='bbox 1464 5048 1827 5113; x_wconf 86' lang='lat' dir='ltr'><strong>compleatur,</strong></span> <span class='ocrx_word' id='word_1_646' title='bbox 1858 5048 1997 5103; x_wconf 87' lang='lat' dir='ltr'><strong>sicut</strong></span> <span class='ocrx_word' id='word_1_647' title='bbox 2021 5050 2092 5105; x_wconf 80' lang='lat' dir='ltr'><strong>ab</strong></span> <span class='ocrx_word' id='word_1_648' title='bbox 2117 5054 2345 5108; x_wconf 89' lang='lat' dir='ltr'><strong>exordio</strong></span> 
     </span>
    </p>
   </div>
   <div class='ocr_carea' id='block_1_92' title="bbox 753 5135 2340 5209">
    <p class='ocr_par' dir='ltr' id='par_1_92' title="bbox 753 5135 2340 5209">
     <span class='ocr_line' id='line_1_92' title="bbox 753 5135 2340 5209; baseline 0.009 -25"><span class='ocrx_word' id='word_1_649' title='bbox 753 5135 874 5201; x_wconf 81' lang='lat' dir='ltr'><strong>ejus</strong></span> <span class='ocrx_word' id='word_1_650' title='bbox 905 5135 1325 5202; x_wconf 82' lang='lat' dir='ltr'><strong>exspectabatis,</strong></span> <span class='ocrx_word' id='word_1_651' title='bbox 1362 5146 1645 5205; x_wconf 86' lang='lat' dir='ltr'><strong>sperantes</strong></span> <span class='ocrx_word' id='word_1_652' title='bbox 1688 5153 1911 5209; x_wconf 78' lang='lat' dir='ltr'><strong>semper</strong></span> <span class='ocrx_word' id='word_1_653' title='bbox 1954 5156 2166 5197; x_wconf 86' lang='lat' dir='ltr'><strong>mecqu</strong></span> <span class='ocrx_word' id='word_1_654' title='bbox 2204 5159 2340 5200; x_wconf 87' lang='lat' dir='ltr'><strong>con-</strong></span> 
     </span>
    </p>
   </div>
   <div class='ocr_carea' id='block_1_93' title="bbox 751 5228 983 5279">
    <p class='ocr_par' dir='ltr' id='par_1_93' title="bbox 751 5228 983 5279">
     <span class='ocr_line' id='line_1_93' title="bbox 751 5228 983 5279; baseline 0.004 -3"><span class='ocrx_word' id='word_1_655' title='bbox 751 5228 983 5279; x_wconf 67' lang='lat' dir='ltr'><strong>versari.</strong></span> 
     </span>
    </p>
   </div>
   <div class='ocr_carea' id='block_1_94' title="bbox 828 5316 2333 5395">
    <p class='ocr_par' dir='ltr' id='par_1_94' title="bbox 828 5316 2333 5395">
     <span class='ocr_line' id='line_1_94' title="bbox 828 5316 2333 5395; baseline 0.012 -26"><span class='ocrx_word' id='word_1_656' title='bbox 828 5316 983 5372; x_wconf 83' lang='lat' dir='ltr'><strong>Vers.</strong></span> <span class='ocrx_word' id='word_1_657' title='bbox 1022 5319 1106 5371; x_wconf 73' lang='lat' dir='ltr'><strong>l2.</strong></span> <span class='ocrx_word' id='word_1_658' title='bbox 1144 5317 1262 5373; x_wconf 84' lang='lat' dir='ltr'><strong>Hoc</strong></span> <span class='ocrx_word' id='word_1_659' title='bbox 1312 5352 1379 5361; x_wconf 91' lang='lat'><strong><em>—</em></strong></span> <span class='ocrx_word' id='word_1_660' title='bbox 1413 5337 1521 5376; x_wconf 74' lang='lat' dir='ltr'><strong>vos.</strong></span> <span class='ocrx_word' id='word_1_661' title='bbox 1556 5322 1623 5379; x_wconf 87' lang='lat' dir='ltr'><strong>Ut</strong></span> <span class='ocrx_word' id='word_1_662' title='bbox 1661 5322 1899 5395; x_wconf 86' lang='lat' dir='ltr'><strong>diligatis</strong></span> <span class='ocrx_word' id='word_1_663' title='bbox 1945 5344 2041 5383; x_wconf 83' lang='lat' dir='ltr'><strong>vos</strong></span> <span class='ocrx_word' id='word_1_664' title='bbox 2095 5331 2333 5386; x_wconf 77' lang='lat' dir='ltr'><strong>invicem</strong></span> 
     </span>
    </p>
   </div>
   <div class='ocr_carea' id='block_1_95' title="bbox 749 5413 2335 5486">
    <p class='ocr_par' dir='ltr' id='par_1_95' title="bbox 749 5413 2335 5486">
     <span class='ocr_line' id='line_1_95' title="bbox 749 5413 2335 5486; baseline 0.008 -19"><span class='ocrx_word' id='word_1_665' title='bbox 749 5413 887 5467; x_wconf 72' lang='lat' dir='ltr'><strong>adeo</strong></span> <span class='ocrx_word' id='word_1_666' title='bbox 929 5414 1307 5479; x_wconf 87' lang='lat' dir='ltr'><strong>vehementer,</strong></span> <span class='ocrx_word' id='word_1_667' title='bbox 1344 5427 1402 5469; x_wconf 90' lang='lat' dir='ltr'><strong>ut</strong></span> <span class='ocrx_word' id='word_1_668' title='bbox 1435 5417 1600 5471; x_wconf 80' lang='lat' dir='ltr'><strong>etiam</strong></span> <span class='ocrx_word' id='word_1_669' title='bbox 1632 5434 1730 5486; x_wconf 88' lang='lat' dir='ltr'><strong>pro</strong></span> <span class='ocrx_word' id='word_1_670' title='bbox 1763 5420 1918 5475; x_wconf 84' lang='lat' dir='ltr'><strong>vobis</strong></span> <span class='ocrx_word' id='word_1_671' title='bbox 1946 5423 2180 5478; x_wconf 77' lang='lat' dir='ltr'><strong>invicem</strong></span> <span class='ocrx_word' id='word_1_672' title='bbox 2213 5441 2335 5479; x_wconf 86' lang='lat' dir='ltr'><strong>mo-</strong></span> 
     </span>
    </p>
   </div>
   <div class='ocr_carea' id='block_1_96' title="bbox 747 5504 2334 5587">
    <p class='ocr_par' dir='ltr' id='par_1_96' title="bbox 747 5504 2334 5587">
     <span class='ocr_line' id='line_1_96' title="bbox 747 5504 2334 5587; baseline 0.009 -30"><span class='ocrx_word' id='word_1_673' title='bbox 747 5504 964 5557; x_wconf 82' lang='lat' dir='ltr'><strong>riamini</strong></span> <span class='ocrx_word' id='word_1_674' title='bbox 1006 5523 1019 5559; x_wconf 91' lang='lat'>:</span> <span class='ocrx_word' id='word_1_675' title='bbox 1054 5519 1154 5577; x_wconf 87' lang='lat' dir='ltr'><strong>ego</strong></span> <span class='ocrx_word' id='word_1_676' title='bbox 1193 5508 1345 5562; x_wconf 89' lang='lat' dir='ltr'><strong>enim</strong></span> <span class='ocrx_word' id='word_1_677' title='bbox 1378 5508 1456 5564; x_wconf 84' lang='lat' dir='ltr'><strong>sic</strong></span> <span class='ocrx_word' id='word_1_678' title='bbox 1504 5509 1669 5564; x_wconf 86' lang='lat' dir='ltr'><strong>dilexi</strong></span> <span class='ocrx_word' id='word_1_679' title='bbox 1728 5526 1846 5578; x_wconf 79' lang='lat' dir='ltr'><strong>vos,</strong></span> <span class='ocrx_word' id='word_1_680' title='bbox 1902 5523 1961 5567; x_wconf 91' lang='lat' dir='ltr'><strong>ut</strong></span> <span class='ocrx_word' id='word_1_681' title='bbox 2014 5516 2178 5569; x_wconf 84' lang='lat' dir='ltr'><strong>etiam</strong></span> <span class='ocrx_word' id='word_1_682' title='bbox 2234 5533 2334 5587; x_wconf 90' lang='lat' dir='ltr'><strong>pro</strong></span> 
     </span>
    </p>
   </div>
   <div class='ocr_carea' id='block_1_97' title="bbox 2456 4602 4039 4684">
    <p class='ocr_par' dir='ltr' id='par_1_97' title="bbox 2456 4602 4039 4684">
     <span class='ocr_line' id='line_1_97' title="bbox 2456 4602 4039 4684; baseline 0.012 -33"><span class='ocrx_word' id='word_1_683' title='bbox 2456 4604 2621 4672; x_wconf 75' lang='grc' dir='ltr'>μέχρι</span> <span class='ocrx_word' id='word_1_684' title='bbox 2654 4602 2765 4656; x_wconf 82' lang='grc' dir='ltr'><strong>τῶν</strong></span> <span class='ocrx_word' id='word_1_685' title='bbox 2802 4604 3147 4675; x_wconf 82' lang='grc' dir='ltr'>σκυθρωπῶν</span> <span class='ocrx_word' id='word_1_686' title='bbox 3190 4607 3418 4671; x_wconf 81' lang='grc' dir='ltr'>τούτων,</span> <span class='ocrx_word' id='word_1_687' title='bbox 3449 4610 3525 4679; x_wconf 82' lang='grc' dir='ltr'>μὴ</span> <span class='ocrx_word' id='word_1_688' title='bbox 3575 4613 3872 4684; x_wconf 76' lang='grc' dir='ltr'>ἀφανισθῇ,</span> <span class='ocrx_word' id='word_1_689' title='bbox 3902 4618 4039 4670; x_wconf 75' lang='grc' dir='ltr'>ἀλλὰ</span> 
     </span>
    </p>
   </div>
   <div class='ocr_carea' id='block_1_98' title="bbox 2450 4696 4040 4776">
    <p class='ocr_par' dir='ltr' id='par_1_98' title="bbox 2450 4696 4040 4776">
     <span class='ocr_line' id='line_1_98' title="bbox 2450 4696 4040 4776; baseline 0.006 -28"><span class='ocrx_word' id='word_1_690' title='bbox 2450 4698 2510 4748; x_wconf 71' lang='grc' dir='ltr'>ιν</span> <span class='ocrx_word' id='word_1_691' title='bbox 2536 4696 2667 4763; x_wconf 79' lang='grc' dir='ltr'>ὑμῖν</span> <span class='ocrx_word' id='word_1_692' title='bbox 2714 4696 2877 4766; x_wconf 71' lang='grc' dir='ltr'>μείνῃ</span> <span class='ocrx_word' id='word_1_693' title='bbox 2910 4697 3421 4765; x_wconf 74' lang='grc' dir='ltr'>βεδαιωθιίσιν,ὃτι</span> <span class='ocrx_word' id='word_1_694' title='bbox 3458 4704 3581 4755; x_wconf 76' lang='grc' dir='ltr'><strong>Οὐκ</strong></span> <span class='ocrx_word' id='word_1_695' title='bbox 3628 4705 3847 4771; x_wconf 70' lang='grc' dir='ltr'>ἀφήσω</span> <span class='ocrx_word' id='word_1_696' title='bbox 3886 4707 4040 4776; x_wconf 72' lang='grc' dir='ltr'><strong>ὑμᾶς</strong></span> 
     </span>
    </p>
   </div>
   <div class='ocr_carea' id='block_1_99' title="bbox 2450 4787 3877 4866">
    <p class='ocr_par' dir='ltr' id='par_1_99' title="bbox 2450 4787 3877 4866">
     <span class='ocr_line' id='line_1_99' title="bbox 2450 4787 3877 4866; baseline 0.01 -29"><span class='ocrx_word' id='word_1_697' title='bbox 2450 4787 2775 4855; x_wconf 62' lang='grc' dir='ltr'>ὀρφανοὺς,</span> <span class='ocrx_word' id='word_1_698' title='bbox 2809 4789 2975 4843; x_wconf 66' lang='grc' dir='ltr'>ἀλλὰ</span> <span class='ocrx_word' id='word_1_699' title='bbox 3016 4790 3200 4845; x_wconf 66' lang='grc' dir='ltr'><em>πάλιν</em></span> <span class='ocrx_word' id='word_1_700' title='bbox 3229 4792 3478 4863; x_wconf 68' lang='grc' dir='ltr'>ἔρχομαι</span> <span class='ocrx_word' id='word_1_701' title='bbox 3519 4798 3670 4866; x_wconf 74' lang='grc' dir='ltr'>πρὸς</span> <span class='ocrx_word' id='word_1_702' title='bbox 3702 4800 3877 4865; x_wconf 83' lang='grc' dir='ltr'>ὑμας.</span> 
     </span>
    </p>
   </div>
   <div class='ocr_carea' id='block_1_100' title="bbox 2534 4976 4039 5061">
    <p class='ocr_par' dir='ltr' id='par_1_100' title="bbox 2534 4976 4039 5061">
     <span class='ocr_line' id='line_1_100' title="bbox 2534 4976 4039 5061; baseline 0.011 -34"><span class='ocrx_word' id='word_1_703' title='bbox 2534 4976 2645 5028; x_wconf 80' lang='lat' dir='ltr'><strong>Kal</strong></span> <span class='ocrx_word' id='word_1_704' title='bbox 2686 5006 2755 5017; x_wconf 91' lang='lat'><strong>-—</strong></span> <span class='ocrx_word' id='word_1_705' title='bbox 2804 4978 3117 5049; x_wconf 74' lang='grc' dir='ltr'>πληρωθῇ.</span> <span class='ocrx_word' id='word_1_706' title='bbox 3158 4982 3267 5034; x_wconf 69' lang='grc' dir='ltr'><strong>Καὶ</strong></span> <span class='ocrx_word' id='word_1_707' title='bbox 3308 4983 3392 5035; x_wconf 78' lang='grc' dir='ltr'>ἵνα</span> <span class='ocrx_word' id='word_1_708' title='bbox 3428 4986 3459 5055; x_wconf 78' lang='grc' dir='ltr'>ἡ</span> <span class='ocrx_word' id='word_1_709' title='bbox 3505 4986 3650 5059; x_wconf 80' lang='grc' dir='ltr'>χαρά</span> <span class='ocrx_word' id='word_1_710' title='bbox 3698 4988 3913 5061; x_wconf 77' lang='grc' dir='ltr'><strong>ὐμῶνή</strong></span> <span class='ocrx_word' id='word_1_711' title='bbox 3951 4990 4039 5042; x_wconf 70' lang='grc' dir='ltr'><strong>ἐπ’</strong></span> 
     </span>
    </p>
   </div>
   <div class='ocr_carea' id='block_1_101' title="bbox 2456 5069 4034 5148">
    <p class='ocr_par' dir='ltr' id='par_1_101' title="bbox 2456 5069 4034 5148">
     <span class='ocr_line' id='line_1_101' title="bbox 2456 5069 4034 5148; baseline 0.008 -25"><span class='ocrx_word' id='word_1_712' title='bbox 2456 5072 2580 5141; x_wconf 67' lang='grc' dir='ltr'>ιμοὶ</span> <span class='ocrx_word' id='word_1_713' title='bbox 2624 5069 2913 5139; x_wconf 72' lang='grc' dir='ltr'>πληρωθῇ,</span> <span class='ocrx_word' id='word_1_714' title='bbox 2963 5070 3041 5133; x_wconf 82' lang='grc' dir='ltr'>ὡς</span> <span class='ocrx_word' id='word_1_715' title='bbox 3100 5074 3159 5123; x_wconf 76' lang='grc' dir='ltr'>ἐν</span> <span class='ocrx_word' id='word_1_716' title='bbox 3217 5076 3361 5144; x_wconf 82' lang='grc' dir='ltr'>ἀρχῇ</span> <span class='ocrx_word' id='word_1_717' title='bbox 3422 5077 3594 5147; x_wconf 79' lang='grc' dir='ltr'>αὐτῆς</span> <span class='ocrx_word' id='word_1_718' title='bbox 3643 5081 4034 5148; x_wconf 73' lang='grc' dir='ltr'>προσεδοκᾶτε,</span> 
     </span>
    </p>
   </div>
   <div class='ocr_carea' id='block_1_102' title="bbox 2454 5165 3641 5235">
    <p class='ocr_par' dir='ltr' id='par_1_102' title="bbox 2454 5165 3641 5235">
     <span class='ocr_line' id='line_1_102' title="bbox 2454 5165 3641 5235; baseline 0.001 -16"><span class='ocrx_word' id='word_1_719' title='bbox 2454 5166 2769 5231; x_wconf 68' lang='grc' dir='ltr'>ἐλπίζοντες</span> <span class='ocrx_word' id='word_1_720' title='bbox 2798 5165 2885 5218; x_wconf 75' lang='grc' dir='ltr'><strong>ἀεί</strong></span> <span class='ocrx_word' id='word_1_721' title='bbox 2922 5182 3013 5235; x_wconf 88' lang='grc' dir='ltr'><strong>μοι</strong></span> <span class='ocrx_word' id='word_1_722' title='bbox 3055 5170 3315 5221; x_wconf 75' lang='grc' dir='ltr'>συνεῖναι.</span> <span class='ocrx_word' id='word_1_723' title='bbox 3636 5203 3641 5207; x_wconf 60' lang='grc' dir='ltr'><em>η</em></span> 
     </span>
    </p>
   </div>
   <div class='ocr_carea' id='block_1_103' title="bbox 2512 5333 4035 5413">
    <p class='ocr_par' dir='ltr' id='par_1_103' title="bbox 2512 5333 4035 5413">
     <span class='ocr_line' id='line_1_103' title="bbox 2512 5333 4035 5413; baseline 0.007 -26"><span class='ocrx_word' id='word_1_724' title='bbox 2512 5333 2670 5402; x_wconf 79' lang='grc' dir='ltr'>Αὕτη</span> <span class='ocrx_word' id='word_1_725' title='bbox 2725 5363 2795 5374; x_wconf 92' lang='lat'><strong>—-</strong></span> <span class='ocrx_word' id='word_1_726' title='bbox 2854 5334 3033 5403; x_wconf 82' lang='grc' dir='ltr'>ὑμᾶς.</span> <span class='ocrx_word' id='word_1_727' title='bbox 3079 5336 3196 5389; x_wconf 82' lang='grc' dir='ltr'>Ἵνα</span> <span class='ocrx_word' id='word_1_728' title='bbox 3258 5338 3511 5405; x_wconf 71' lang='grc' dir='ltr'>ἀγαπᾶτε</span> <span class='ocrx_word' id='word_1_729' title='bbox 3576 5343 3845 5413; x_wconf 77' lang='grc' dir='ltr'>ἀλλήλους</span> <span class='ocrx_word' id='word_1_730' title='bbox 3892 5344 4035 5398; x_wconf 77' lang='grc' dir='ltr'>οὕτω</span> 
     </span>
    </p>
   </div>
   <div class='ocr_carea' id='block_1_104' title="bbox 2446 5425 4036 5510">
    <p class='ocr_par' dir='ltr' id='par_1_104' title="bbox 2446 5425 4036 5510">
     <span class='ocr_line' id='line_1_104' title="bbox 2446 5425 4036 5510; baseline 0.008 -32"><span class='ocrx_word' id='word_1_731' title='bbox 2446 5426 2713 5496; x_wconf 70' lang='grc' dir='ltr'>σφοδρῶς,</span> <span class='ocrx_word' id='word_1_732' title='bbox 2729 5425 2805 5488; x_wconf 81' lang='grc' dir='ltr'><strong>ὡς</strong></span> <span class='ocrx_word' id='word_1_733' title='bbox 2823 5426 3068 5499; x_wconf 77' lang='grc' dir='ltr'>καὶὺπὲρ</span> <span class='ocrx_word' id='word_1_734' title='bbox 3090 5428 3340 5502; x_wconf 78' lang='grc' dir='ltr'>ἀλλήλων</span> <span class='ocrx_word' id='word_1_735' title='bbox 3355 5433 3746 5504; x_wconf 76' lang='grc' dir='ltr'>ἀποθνήσκειν·</span> <span class='ocrx_word' id='word_1_736' title='bbox 3769 5437 3912 5490; x_wconf 73' lang='grc' dir='ltr'>οὕτω</span> <span class='ocrx_word' id='word_1_737' title='bbox 3925 5442 4036 5510; x_wconf 65' lang='grc' dir='ltr'><strong>γὰρ</strong></span> 
     </span>
    </p>
   </div>
   <div class='ocr_carea' id='block_1_105' title="bbox 2452 5517 4036 5599">
    <p class='ocr_par' dir='ltr' id='par_1_105' title="bbox 2452 5517 4036 5599">
     <span class='ocr_line' id='line_1_105' title="bbox 2452 5517 4036 5599; baseline 0.012 -31"><span class='ocrx_word' id='word_1_738' title='bbox 2452 5517 2609 5587; x_wconf 53' lang='grc' dir='ltr'><strong>κάγὼ</strong></span> <span class='ocrx_word' id='word_1_739' title='bbox 2634 5518 2902 5587; x_wconf 72' lang='grc' dir='ltr'>ἠγάπησα</span> <span class='ocrx_word' id='word_1_740' title='bbox 2924 5521 3089 5591; x_wconf 77' lang='grc' dir='ltr'>ὑμᾶς,</span> <span class='ocrx_word' id='word_1_741' title='bbox 3111 5522 3187 5587; x_wconf 84' lang='grc' dir='ltr'><strong>ὡς</strong></span> <span class='ocrx_word' id='word_1_742' title='bbox 3211 5524 3306 5577; x_wconf 76' lang='grc' dir='ltr'>καὶ</span> <span class='ocrx_word' id='word_1_743' title='bbox 3325 5525 3465 5599; x_wconf 84' lang='grc' dir='ltr'>ὑπὲρ</span> <span class='ocrx_word' id='word_1_744' title='bbox 3482 5526 3637 5595; x_wconf 79' lang='grc' dir='ltr'>ὑμῶν</span> <span class='ocrx_word' id='word_1_745' title='bbox 3665 5530 4036 5596; x_wconf 72' lang='grc' dir='ltr'>ἀποθνήσκειν</span> 
     </span>
    </p>
   </div>
   <div class='ocr_carea' id='block_1_106' title="bbox 1956 5692 2835 5762">
    <p class='ocr_par' dir='ltr' id='par_1_106' title="bbox 1956 5692 2835 5762">
     <span class='ocr_line' id='line_1_106' title="bbox 1956 5692 2835 5762; baseline 0.01 -10"><span class='ocrx_word' id='word_1_746' title='bbox 1956 5692 2163 5755; x_wconf 69' lang='lat' dir='ltr'><strong>Varias</strong></span> <span class='ocrx_word' id='word_1_747' title='bbox 2200 5692 2516 5760; x_wconf 86' lang='lat' dir='ltr'><strong>lectiones</strong></span> <span class='ocrx_word' id='word_1_748' title='bbox 2548 5703 2612 5761; x_wconf 88' lang='lat' dir='ltr'><strong>et</strong></span> <span class='ocrx_word' id='word_1_749' title='bbox 2642 5706 2835 5762; x_wconf 70' lang='lat' dir='ltr'><strong>notis.</strong></span> 
     </span>
    </p>
   </div>
   <div class='ocr_carea' id='block_1_107' title="bbox 822 5811 1965 5885">
    <p class='ocr_par' dir='ltr' id='par_1_107' title="bbox 822 5811 1965 5885">
     <span class='ocr_line' id='line_1_107' title="bbox 822 5811 1965 5885; baseline 0.008 -18"><span class='ocrx_word' id='word_1_750' title='bbox 822 5814 936 5885; x_wconf 86' lang='lat' dir='ltr'><strong>(nn)</strong></span> <span class='ocrx_word' id='word_1_751' title='bbox 971 5811 1238 5878; x_wconf 80' lang='lat' dir='ltr'><strong>Quadral.</strong></span> <span class='ocrx_word' id='word_1_752' title='bbox 1268 5812 1501 5882; x_wconf 86' lang='lat' dir='ltr'><strong>Similis,</strong></span> <span class='ocrx_word' id='word_1_753' title='bbox 1531 5832 1639 5871; x_wconf 86' lang='lat' dir='ltr'><strong>non</strong></span> <span class='ocrx_word' id='word_1_754' title='bbox 1668 5818 1965 5876; x_wconf 82' lang='lat' dir='ltr'><strong>absimilis.</strong></span> 
     </span>
    </p>
   </div>
  </div>
