4398 6462
798 403 933 466 1483

2026 401 2399 462 ΕΗΤΗΥΜΙΙ
2443 403 2803 463 ZIGABENI

3902 414 4043 478 ιιδι

797 513 962 582 pedes
1016 512 1138 580 ejus
1191 513 1331 566 sicut
1370 512 1584 581 scripsit
1622 511 1909 567 Ilattbcus
1961 514 2028 575 “.
2085 513 2181 567 sed
2238 514 2529 572 tuncAtx

2306 526 2368 566 nc
2393 516 2441 572 Α
2468 514 2781 582 έκράτησαν
2819 514 2986 568 αὐτοῦ
3017 516 3141 579 τοὺς
3181 518 3369 581 πόδας,
3402 520 3474 582 ὡ,
3508 521 3796 589 ἱστόρησεν
3828 524 3859 574 ό
3887 525 4043 576 Ματ-

791 604 1010 671 quidetn
1051 618 1158 655 non
1202 600 1504 669 prohibuit.
1544 602 1871 671 permittens
1901 611 1960 656 ut
1988 602 2181 656 ﬂerent
2214 612 2358 657 tactu

792 694 1092 752 certiores.
1147 706 1255 746 non
1286 705 1407 745 esse
1446 690 1786 761 phantasma.
1824 692 1984 747 Nunc
2026 703 2210 748 autem
2248 709 2359 749 non

790 783 1078 854 permittit,
1110 782 1234 850 quia
1261 792 1317 836 et
1340 782 1567 837 visionis
1599 793 1654 837 et
1686 793 1863 838 tactus
1888 785 2055 839 oblita
2083 796 2222 854 erat,
2260 805 2361 843 nec

788 872 1122 928 crediderat.

855 962 1013 1017 Vers.
1056 962 1145 1015 Π.
1199 961 1303 1016 Sed
1352 966 1481 1017 vade
1515 993 1584 1003 —
1620 974 1868 1020 uestrum.
1912 968 2079 1037 Atqui
2112 984 2221 1023 non
2256 981 2357 1026 sta~

784 1056 881 1109 tim
912 1068 1248 1108 ascensurus
1298 1065 1437 1115 erat.
1467 1055 1563 1109 sed
1619 1066 1743 1125 post
1792 1059 2157 1131 quadraginta
2212 1062 2355 1129 dies;

783 1147 1060 1214 quomodo
1106 1160 1235 1215 ergo
1266 1146 1397 1199 dicit
1434 1163 1447 1197 :
1481 1148 1758 1202 Asceudo?
1791 1149 1989 1217 Utique
2025 1162 2083 1205 ut
2122 1155 2355 1223 amplius

785 1246 1025 1291 mentem
1062 1238 1183 1306 ejus
1212 1238 1265 1290 in
1300 1237 1537 1293 sublime
1564 1242 1819 1309 erigeret,
1852 1250 1909 1296 et
1940 1242 2119 1298 adhuc
2148 1245 2351 1300 contir-

782 1342 938 1381 tnans
988 1342 1047 1381 se
1088 1327 1466 1383 sublimiorem
1499 1345 1563 1384 ac
1601 1330 1923 1385 diviniorem
1957 1347 2101 1397 esse,
2134 1349 2199 1389 ac
2238 1346 2352 1389 stu-

781 1417 918 1470 dens
976 1426 1035 1470 ut
1090 1418 1354 1486 deinceps
1401 1420 1594 1486 majori
1650 1434 1776 1473 cum
1832 1423 2187 1478 veneratione
2234 1425 2351 1477 ani-

779 1522 927 1560 tuutn
969 1508 1017 1560 ei
1066 1507 1375 1562 intenderet
1404 1518 1459 1561 et
1489 1508 1841 1563 auscultaret.

848 1598 1119 1653 Praeterea
1166 1600 1393 1653 verbum
1426 1600 1683 1662 Ascendo,
1730 1599 1998 1670 signiﬁcat
2040 1602 2383 1667 Ascendere_

777 1690 922 1754 volo,
1002 1689 1145 1758 quod
1206 1696 1386 1742 tamen
1436 1689 1505 1742 ad
1581 1688 1796 1759 longius
1861 1699 2077 1759 tempus
2132 1695 2350 1750 extendi

775 1788 977 1845 potest.

850 1868 1141 1937 Discipulis
1183 1878 1363 1923 autem
1399 1869 1469 1924 ad
1506 1870 1821 1925 memoriam
1864 1884 2085 1929 revocat
2118 1875 2170 1931 id
2201 1876 2348 1945 quod
2378 1853 2424 1911 Β

773 1960 1117 2028 frequenter,
1173 1962 1493 2029 priusquam
1548 1962 1781 2015 traditus
1830 1976 1996 2031 esset,
2052 1966 2160 2022 illis
2190 1968 2346 2023 dixe—

774 2060 877 2104 rat.
913 2048 1132 2105 Fratres
1166 2066 1295 2106 vero
1335 2065 1466 2105 suos
1498 2052 1822 2117 nominavit,
1858 2065 2114 2124 tanquam
2145 2068 2201 2113 et
2229 2060 2348 2129 ipse

766 2142 958 2202 homo.
994 2153 1050 2196 et
1082 2154 1349 2213 cognatus
1384 2158 1575 2197 eorum
1607 2142 1764 2215 juxta
1796 2147 2214 2204 humanitatem.

842 2235 965 2287 Alio
996 2246 1179 2288 tamen
1211 2235 1375 2289 modo
1402 2233 1618 2290 Patrem
1654 2237 1794 2291 dixit
1824 2238 2040 2293 Patrem
2077 2256 2259 2306 suum,
2292 2252 2345 2297 et

766 2325 872 2379 a‘lio
927 2324 1331 2393 discipulorum
1384 2341 1398 2378 :
1455 2341 1616 2380 suum
1667 2328 1889 2396 quidem
1938 2338 2160 2393 natura,
2224 2340 2345 2385 tan-

764 2434 931 2488 quam
1014 2419 1262 2487 ejusdem
1329 2419 1688 2485 snbstantiaa;
1737 2421 2130 2491 discipulorum
2191 2439 2339 2489 vero,

762 2511 975 2564 ratione
1025 2511 1321 2565 creatiouis
1364 2526 1428 2565 ac
1464 2513 1844 2581 providentiae,
1882 2524 2138 2583 tanquam
2186 2531 2341 2571 crea-

767 2614 1013 2656 turarum
1045 2618 1115 2657 ac
1153 2603 1495 2670 providentia
1527 2605 1837 2675 dignorum.
1873 2604 2041 2659 Deum
2074 2616 2256 2663 autem
2288 2622 2342 2663 et

763 2710 921 2747 suum
960 2704 1015 2747 et
1056 2695 1473 2763 discipulorum,
1512 2705 1699 2765 utpote
1731 2697 2035 2751 hominum.

836 2788 919 2839 Et.
947 2801 1116 2855 quare
1155 2803 1263 2840 non
1314 2788 1636 2856 simpliciter
1674 2790 1855 2842 dixit:
1912 2788 1980 2843 Et
2029 2791 2193 2845 Deum
2245 2809 2341 2847 no-

761 2888 957 2941 strum,
992 2879 1087 2932 sed
1129 2880 1293 2931 etiam
1326 2879 1415 2932 hic
1459 2879 1748 2933 distinxit?
1792 2881 1952 2946 Quia,
1999 2884 2128 2939 licet
2173 2886 2338 2939 homo

756 2974 940 3027 Iactus
974 2981 1144 3025 estet
1196 2962 1365 3024 frater
1413 2986 1628 3030 eorum.
1684 2983 1875 3025 natura
1928 2975 2334 3034 humanitatis:

760 3066 969 3117 honore
998 3074 1179 3116 tamen
1219 3064 1514 3131 plurimum
1546 3064 1614 3115 ab
1658 3064 1738 3116 eis
1768 3064 2074 3126 dith-rebat,
2110 3077 2167 3121 et
2202 3068 2338 3121 divi-

754 3156 943 3209 nitatis
991 3156 1194 3208 unione
1236 3170 1301 3207 ac
1335 3155 1809 3223 itnpeccabilitatc.

827 3250 984 3303 Vers.
1024 3251 1110 3303 l8.
1153 3247 1304 3301 Venit
1336 3276 1405 3287 —-
1436 3249 1555 3301 sibi.
1592 3249 1659 3302 Et
1686 3249 1825 3317 quod
1852 3264 1914 3303 ea
1946 3251 2048 3305 sibi
2080 3252 2333 3314 dixisset.

755 3359 877 3413 qua
909 3343 1162 3396 videlicet
1192 3341 1239 3394 ei
1273 3342 1488 3395 locutus
1519 3341 1723 3402 fuerat,
1800 3353 1855 3396 et
1884 3346 2009 3411 quia
2044 3347 2335 3400 verisinnlc

754 3444 876 3489 erat
924 3433 1253 3501 discipulos,
1288 3448 1410 3485 cum
1442 3433 1558 3485 haec
1588 3433 1891 3499 audissent,
1943 3444 2039 3488 aut
2070 3450 2179 3488 non
2212 3452 2334 3490 cre-

755 3527 884 3581 dere
940 3525 1180 3588 mulieri,
1240 3526 1383 3577 sicut
1438 3540 1540 3578 nec
1603 3526 1757 3593 prius
1822 3543 1835 3578 :
1898 3540 1993 3579 aut
2047 3530 2335 3585 credentes

748 3620 973 3689 (nempe
1024 3632 1149 3671 cum
1206 3629 1453 3670 narraret
1496 3615 1801 3670 conformis
1854 3618 1939 3672 bis
1996 3637 2118 3689 qua:
2184 3623 2336 3677 vide-

754 3722 881 3765 rant
917 3708 1115 3763 Petrus
1154 3717 1212 3761 et
1238 3708 1481 3761 Joannes
1514 3709 1632 3776 (cc).
1667 3708 1876 3773 dolere,
1907 3713 2053 3778 quod
2092 3715 2194 3783 ipsi
2230 3716 2332 3769 hu-

751 3801 992 3872 jusmodi
1038 3809 1261 3869 aSpectu
1294 3799 1443 3869 digni
1479 3783 1662 3853 habiti
1681 3815 1789 3854 non
1822 3800 2057 3857 fuissent
2088 3822 2102 3857 :
2135 3806 2328 3861 eodem

749 3897 845 3949 die
877 3895 1043 3948 etiam
1078 3893 1184 3947 illis
1215 3902 1464 3961 apparet.
1512 3892 1701 3946 Primo
1728 3908 1965 3961 namque
1995 3896 2327 3953 desiderium

746 4001 941 4041 eorum
996 3984 1216 4037 exacuit
1270 3998 1285 4034 :
1340 3980 1539 4035 deinde
1591 3982 1673 4036 eis
1735 3983 2152 4041 desiderabilius
2208 4004 2331 4043 sese

747 4076 1003 4148 praebuit,
1032 4076 1145 4144 jam
1176 4074 1360 4128 videre
1390 4075 1938 4142 concupiscentibus.

822 4169 973 4222 Vers.
1025 4168 1109 4222 19.
1139 4164 1275 4219 Cum
1304 4182 1425 4235 ergo
1455 4182 1571 4219 sero
1600 4175 1732 4220 esset
1757 4196 1829 4207 —
1868 4169 2056 4221 medio.
2094 4170 2175 4225 Ad
2210 4185 2330 4226 ves-

748 4277 933 4332 peram
984 4261 1153 4321 tenit,
1202 4258 1423 4327 quando
1469 4261 1639 4330 magis
1672 4260 1957 4327 timebant,
1994 4273 2049 4316 et
2083 4279 2206 4318 cum
2254 4266 2329 4319 si-

745 4354 858 4410 mul
891 4362 1077 4409 essent
1110 4352 1445 4422 congregati,
1478 4361 1533 4406 et
1562 4351 1783 4421 quidem
1824 4354 2022 4423 januas
2063 4370 2173 4410 non
2208 4358 2328 4425 pul-

743 4448 908 4512 savit,
973 4461 1043 4499 ne
1094 4446 1468 4507 turbarentur,
1502 4443 1597 4498 sed
1637 4444 1838 4498 clausis
1894 4445 2000 4499 illis
2051 4447 2321 4513 introivit,

2395 3198 2408 3211 .
2443 3157 2637 3208 ἕνωσιν
2666 3157 2763 3221 τῆς
2794 3152 3045 3219 θεότητος
3086 3152 3177 3204 καὶ
3216 3151 3304 3204 διὰ
3340 3152 3398 3203 τὸ
3427 3149 3851 3221 ἀναμάρτητον.]

2464 601 2613 666 οαίος
2632 622 2645 635 ο
2674 604 2810 657 ἀλλὰ
2835 605 2957 658 τότε
2988 605 3086 674 μέν
3106 607 3208 660 οὐκ
3229 608 3550 661 ἀπεκώλυσε
3569 650 3586 673 ,
3612 611 3866 681 παρέχων
3896 612 4040 679 πλη-

2464 697 2836 765 ροφορηθῆναι
2861 699 2948 751 διά
2972 699 3074 767 τῆς
3115 699 3262 769 ἁφῆς
3296 702 3380 753 ὅτι
3406 704 3507 755 οὐκ
3536 704 3657 756 εστι
3680 706 3871 773 φάσμα
3892 721 3909 735 ·
3943 704 4043 758 νῦν

2460 786 2517 838 δε
2553 788 2614 838 οὐ
2649 791 2940 856 συγχωρεῖ,
2964 789 3101 842 διότι
3131 791 3227 859 τῆς
3249 794 3515 853 ὀπτασίας
3552 796 3768 863 ἐκείνης
3805 797 3900 849 καὶ
3937 798 4042 865 τῆς

2462 878 2603 945 ἁφῆς
2637 879 2932 933 έπελάθετο
2954 883 3053 935 καὶ
3083 884 3377 953 ὴπίστησε.

2531 968 2796 1034 Πορεύου
2852 969 2923 1023 δέ
2960 999 3031 1013 --
3072 970 3265 1040 ὑμῶν.
3320 974 3433 1026 Kal
3512 974 3619 1043 μὴν
3686 976 3785 1028 οὐκ
3831 974 4039 1037 εὐθέως

2460 1056 2683 1125 ἔμελλεν
2721 1058 3035 1112 ἀναϐαίνειν
3057 1102 3071 1124 ,
3106 1060 3241 1115 tm
3283 1064 3422 1131 μετὰ
3457 1066 3864 1134 τεσσαράκοντα
3900 1066 4040 1133 ὴμέ-

2461 1165 2562 1216 ρας
2584 1187 2601 1211 ,
2638 1148 2755 1211 πῶς
2786 1146 2880 1201 οὖν
2930 1152 3244 1204 Ἀναϐαίνω
3271 1152 3418 1220 λέγει
3444 1171 3458 1217 ;
3495 1154 3716 1218 Πάντως
3749 1155 3844 1207 επὶ
3875 1154 4043 1206 πλέον

2457 1234 2679 1301 ἀνάγων
2711 1239 2877 1305 αὐτῆς
2909 1239 3007 1308 τὴν
3038 1241 3295 1303 διάνοιιν,
3330 1243 3421 1293 καὶ
3452 1242 3531 1294 ἔτι
3572 1244 3649 1313 (9)
3682 1243 3917 1311 βεϐαιῶν
3952 1244 4039 1295 ὅτι

2458 1326 2785 1397 ὑψηλότερός
2825 1330 2942 1381 εστι
2980 1333 3073 1383 καὶ
3111 1331 3382 1401 θειότερος
3404 1372 3419 1395 ,
3457 1335 3552 1385 καὶ
3589 1334 3795 1386 πείθων
3831 1334 4040 1387 αἰδεσι-

2460 1419 2709 1492 μώτερον
2741 1422 2888 1491 αὑτῷ
2912 1421 3009 1475 τοῦ
3040 1421 3238 1475 λοιποῦ
3266 1423 3577 1492 προσέχειν.

2530 1600 2735 1662 Ι’Ἄλλως
2771 1618 2831 1653 τε
2875 1600 2987 1668 (10)
3017 1600 3077 1653 τὸ
3119 1599 3444 1653 Ἀναϐαίνω
3484 1599 3635 1663 δηλοῖ
3678 1600 3859 1653 καὶτὸ
3904 1598 4038 1652 Βού-

2453 1691 2616 1760 λομαι
2674 1691 3005 1753 άναδαίνειν,
3064 1691 3363 1760 δυνάμενον
3419 1693 3498 1754 είς
3560 1692 3783 1745 πλείονα
3840 1694 4034 1763 καιρὸν

2452 1784 2658 1837 έκτείνε
2667 1783 2813 1836 σθαι.

2535 1874 2967 1943 Ἀναμιμνήσκει
2996 1873 3052 1927 δέ
3076 1875 3199 1937 τοὺς
3228 1873 3477 1943 μαθητάς
3501 1866 3561 1925 οὗ
3589 1874 3844 1937 πολλάκις
3875 1869 4033 1927 εἶπεν

2450 1967 2633 2028 αὐτοῖς
2680 1967 2789 2035 πρὸ
2836 1965 2929 2018 τοῦ
2959 1965 3359 2032 παραδοθῆναι.
3414 1963 3703 2033 Ἀδελφοϋς
3735 1964 3793 2016 δέ
3833 1966 4033 2027 αὐτοὺς

2447 2055 2753 2121 ὠνόμασεν,
2805 2054 2880 2116 ὡς
2929 2054 3023 2106 καὶ
3063 2053 3223 2107 αὐτὸς
3260 2053 3572 2123 ἄνθρωπος,
3624 2054 3719 2106 καὶ
3758 2053 4031 2120 συγγενὴς

2449 2146 2629 2197 αὐτῶν
2672 2145 2813 2197 κατὰ
2843 2143 2904 2195 τὺ
2927 2144 3289 2211 ἀνθρώπινον.

2531 2234 2764 2303 Ἑτέρως
2805 2233 2859 2285 δὲ
2900 2232 3122 2300 Πατέρα
3154 2232 3349 2283 ἑαυτοῦ
3386 2233 3476 2283 τὸν
3508 2232 3726 2302 Πατέρα
3761 2225 3906 2293 εἷπε,
3933 2234 4031 2283 καὶ

2448 2327 2653 2396 ἑτέρως
2686 2325 2795 2377 τῶν
2838 2323 3093 2393 μαθητῶν
3122 2339 3135 2351 ·
3180 2322 3374 2375 ἑαυτοῦ
3403 2324 3499 2391 μὲν
3533 2323 3696 2393 φύσει
3725 2322 3800 2383 ὡς
3828 2324 3997 2389 όμοου
4016 2352 4027 2360 -

2449 2420 2565 2471 σίου
2590 2457 2606 2482 ,
2639 2418 2748 2470 τῶν
2778 2418 3035 2486 μαθητῶν
3066 2418 3124 2470 δὲ
3151 2416 3229 2487 τῷ
3256 2418 3395 2484 λόγῳ
3426 2416 3525 2484 τῆς
3553 2414 3909 2487 δημιουργίας
3929 2421 4028 2466 καὶ

2447 2512 2701 2579 προνοίας
2730 2510 2804 2572 ὼς
2835 2508 3334 2579 δημιουργημάτων
3369 2511 3463 2561 καὶ
3495 2508 3748 2578 προνοίας
3773 2507 4030 2574 άξιουμέ·

2446 2622 2549 2657 νων
2574 2619 2589 2633 ·
2619 2603 2773 2674 [Θεὸν
2806 2607 2821 2671 ζ
2837 2604 2852 2654 l
2873 2604 2918 2671 Ι)
2947 2601 3000 2653 δὲ
3033 2606 3123 2653 καῖ
3151 2600 3344 2653 ἑαυτοῦ
3381 2604 3475 2652 κα).
3500 2602 3607 2654 τῶν
3627 2599 3917 2671 μαθητῶν,
3947 2600 4029 2661 ὡς

2444 2698 2539 2751 ἀνθ
2548 2697 2763 2766 ρώπων.

2515 2792 2623 2843 Καὶ
2670 2792 2785 2851 πῶς
2829 2791 2924 2857 οὐχ
2966 2787 3151 2848 ἁπλῶς
3189 2783 3331 2851 εἷπε,
3364 2787 3473 2839 Kal
3504 2786 3635 2838 Θεὸν
3658 2785 3836 2854 ἡμῶν,
3887 2785 4025 2837 ἀλλὰ

2443 2880 2723 2935 κάνταῦθα
2750 2881 3043 2933 διέστειλεν
3074 2878 3299 2942 ἑαυτόνς
3332 2879 3498 2942 Διότι,
3533 2882 3581 2929 εἰ
3613 2874 3707 2930 καὶ
3735 2877 4023 2945 ἄνθρωπος

2442 2975 2630 3039 γέγονε
2666 2973 2761 3023 καὶ
2794 2971 3018 3037 ἁδελφὸς
3048 2971 3229 3023 αὐτῶν
3252 2951 3321 3037 ’τῇ
3354 2969 3513 3037 φύσει
3547 2972 3643 3039 τῆς
3668 2970 4021 3039 ἁνθρωτσότη-

2442 3081 2554 3124 τος,
2596 3062 2732 3113 ἀλλὰ
2767 3061 2903 3112 πολὺ
2943 3059 3401 3128 διέφεμναύτῶν
3430 3061 3493 3127 τῇ
3530 3061 3659 3126 τιμῇ
3708 3058 3797 3109 διά
3828 3076 3887 3111 τε
3920 3060 4021 3128 τὴν

2519 3248 2799 3315 Ἔρχεται
2840 3274 2911 3285 —
2951 3245 3129 3313 αὐτῇ.
3180 3246 3289 3299 Καὶ
3325 3246 3408 3297 ὅτι
3451 3244 3625 3297 ταῦτα
3672 3239 3826 3295 εἶπεν
3878 3221 4019 3309 αυτῇ

2440 3340 2745 3409 amomi
2794 3339 3089 3405 λελάληκεν
3137 3339 3298 3407 αὐτῇ.
3346 3336 3535 3406 (Ἐπεὶ
3578 3336 3690 3405 (12)
3737 3336 3794 3389 δὲ
3848 3336 4017 3411 εἰκὸς,

2439 3433 2565 3493 τοὺς
2594 3431 2841 3501 μαθητὰς
2865 3432 3209 3491 ἀκούσαντας
3238 3430 3408 3482 ταῦτα
3438 3430 3469 3496 ἢ
3497 3429 3804 3481 διαπιστεῖν
3828 3431 3893 3496 τῇ
3916 3444 4015 3492 γυ-

2441 3524 2611 3587 ναικὶ,
2646 3522 2897 3591 καοάπερ
2930 3523 3028 3574 καὶ
3064 3522 3329 3591 πρότερον
3351 3560 3365 3583 ,
3401 3520 3433 3589 ἢ
3468 3519 3891 3580 πιστεύσαντας,
3925 3515 4016 3571 οἷα

2439 3617 2531 3667 καὶ
2564 3601 2657 3667 τοῦ
2693 3614 2901 3682 Πέτρου
2939 3615 3033 3666 καὶ
3072 3613 3319 3665 Ἰωάννου
3352 3611 3774 3679 συντιθεμένων,
3806 3591 3899 3677 sgi'
3938 3603 4015 3662 ὧν

2438 3704 2578 3761 εἶδον
2608 3708 2814 3773 ἀλγεῖν,
2846 3708 2927 3759 ὅτι
2960 3706 3115 3758 αὐτοὶ
3144 3706 3241 3758 οὐκ
3272 3704 3585 3775 ἠξιώθησαν
3614 3703 3789 3771 Wst»;
3821 3701 4011 3764 αὑτοῦ,

2436 3796 2750 3866 αὐθημερὸν
2782 3795 3139 3865 ἐμφανίζεται
3160 3797 3254 3847 καὶ
3281 3796 3489 3857 αὐτοῖς.
3522 3794 3743 3863 Πρῶτον
3776 3792 3876 3861 μὲν
3904 3794 4013 3861 γὰρ

2437 3886 2712 3954 ἐγύμνισε
2748 3886 2840 3936 τὸν
2879 3884 3043 3937 ¹πόθον
3075 3882 3276 3949 αὐτῶν,
3317 3879 3439 3935 εῐτα
3476 3881 3851 3951 ποθεινότερον
3882 3880 4011 3931 εαυ-

2434 3984 2526 4033 τὺν
2563 3982 2837 4050 παρέσχεν
2869 3979 3073 4044 αὐτοῖς,
3110 3977 3338 4046 διψῶσιν
3368 3977 3470 4047 ἠδη
3495 3974 3706 4047 αὐτόν]

2456 4196 2459 4199 ν
2507 4172 2739 4237 Οὔσης-ι
2772 4167 2843 4223 ὗν
2871 4170 3054 4238 ὀψίας
3078 4198 3150 4210 -
3168 4169 3386 4238 μέσον.
3423 4168 3692 4238 Ἐσπέρας
3714 4164 3903 4238 ἦλθεν,
3924 4168 4011 4221 ὅτε

2433 4265 2635 4331 μᾶλλον
2679 4261 2973 4331 ἐφοϐοῦντο
3012 4262 3105 4314 καὶ
3146 4261 3234 4313 ὅτε
3277 4262 3597 4330 συνήγοντο.
3631 4260 3743 4314 Kal
3778 4262 3880 4322 τὰς
3909 4261 4010 4330 μὲν

2430 4357 2600 4427 θύρας
2624 4357 2723 4409 οὐκ
2742 4355 3029 4420 ἐπάταξεν,
3056 4355 3144 4409 ἵνα
3173 4354 3249 4425 μὴ
3271 4353 3666 4425 θορυόηθῶσιν,
3690 4353 4011 4421 κεκλεῖσμέ-

2430 4467 2537 4502 νων
2576 4450 2631 4501 δὲ
2666 4448 2935 4517 εἰσῆλθεν,
2981 4448 3055 4509 ὡς
3092 4447 3247 4511 Θεὸς,
3292 4448 3385 4499 καὶ
3415 4447 3492 4509 ὡς
3527 4445 3726 4499 λεπτοῦ
3766 4446 3870 4515 ἥδη
3916 4449 4008 4497 καὶ

744 4549 1003 4607 tanquam
1046 4535 1214 4597 Deus,
1269 4544 1323 4587 et
1356 4532 1511 4602 quasi
1568 4548 1802 4603 corpore
1832 4550 1933 4588 suo
1980 4536 2084 4589 levi
2117 4536 2229 4607 jam
2266 4548 2321 4592 et
2358 4530 2399 4582 ο
2429 4559 2481 4595 κε

2266 4548 2321 4592 et
2358 4530 2399 4582 ο
2429 4542 2635 4610 κούφου
2657 4544 2751 4594 καὶ
2779 4541 3058 4611 ἀκηράτου
3086 4540 3381 4607 γενομένου
3406 4539 3498 4591 τοῦ
3530 4540 3785 4606 σώματος
3817 4537 4003 4591 αὐτοῦ.

739 4627 925 4681 subtili
958 4642 1020 4680 ac
1054 4624 1343 4679 immortali
1376 4625 1600 4679 eﬂecto.
1634 4625 1796 4680 Stetit
1823 4636 2006 4682 autem
2035 4628 2089 4681 in
2118 4631 2320 4693 medio,

743 4723 801 4765 ut
833 4712 1089 4765 omnibus
1122 4720 1269 4763 esset
1298 4709 1653 4776 conspicuus.

817 4805 968 4856 Vers.
1009 4804 1093 4855 t9.
1148 4802 1214 4855 Et
1242 4831 1311 4841 —-
1341 4802 1503 4855 vobis.
1557 4801 1674 4856 Hoc
1712 4812 1816 4865 est,
1870 4818 1939 4857 ne
1998 4808 2319 4862 turbemini.

735 4896 913 4950 Etiam
948 4896 1186 4948 moriens
1229 4908 1419 4964 pacem
1457 4894 1563 4949 illis
1597 4896 1893 4966 reliquerat
1925 4913 1940 4950 :
1975 4895 2191 4962 Pacem,
2236 4902 2321 4955 in-

2427 4634 2600 4703 Ἐστη
2633 4632 2689 4684 δὲ
2720 4635 2799 4693 είς
2830 4632 2893 4685 τὸ
2926 4631 3113 4701 μέσον,
3150 4632 3235 4682 ἵνα
3269 4632 3437 4682 πᾶσιν
3463 4629 3549 4699 εἴη
3577 4630 3788 4692 θεατός.

2492 4809 2605 4863 Καὶ
2640 4840 2702 4849 —
2729 4807 2889 4871 ὑμῖν.
2919 4806 3226 4879 [Τουτέστι,
3263 4809 3376 4877 (13)
3409 4807 3485 4877 μὴ
3521 4807 3860 4876 ταράχθητε.
3895 4808 4006 4861 Καὶ

2420 4900 2780 4971 ἀποθνήσκων
2827 4900 2883 4952 δὲ
2931 4902 3157 4971 εἰρήνην
3204 4900 3417 4970 ἀφῆκεν
3467 4899 3682 4960 αὐτοῖς’
3743 4896 4007 4965 Εἰρήνην

733 4991 877 5060 quit,
916 5006 1090 5043 meam
1125 4988 1364 5058 relinquo
1389 4986 1531 5040 vobis
1567 4985 1637 5039 ".
1669 4984 1988 5041 Ilulieribus
2016 5003 2169 5059 ergo,
2194 5006 2317 5059 quae
2425 5010 2470 5061 γε

2264 5007 2317 5046 γει
2425 4992 2555 5063 γὰρ,
2595 4992 2783 5062 φησὶν,
2814 4991 3031 5062 ἀφίημι
3061 4990 3224 5062 ὑμῖν.
3255 4992 3390 5055 ταῖς
3416 4993 3517 5064 μὶν
3548 4985 3642 5044 οὗν
3673 4990 4001 5061 μαθητρίαις

731 5079 1015 5150 discipulae
1058 5087 1233 5141 erant,
1268 5080 1526 5149 gaudium
1559 5086 1686 5131 ante
1735 5092 1954 5131 omnem
2004 5093 2314 5136 sermonem

805 5218 851 5249 ”
883 5214 1079 5271 Matth.
1120 5231 1313 5281 xxvtu,
1341 5216 1397 5269 9.
1472 5216 1518 5246 ⁹⁸
1551 5212 1713 5268 Joan.
1746 5229 1856 5280 xiv,
1877 5212 1970 5267 27.

2427 5085 2601 5156 χαρὰν
2630 5085 2738 5154 πρὸ
2768 5084 2965 5149 παντὸς
2989 5086 3146 5154 λόγου
3172 5084 3408 5139 δέδωκεν
3441 5084 3652 5148 αὐταῖς.
3679 5083 3875 5151 Λύπην
3896 5084 4004 5152 γὰρ

1925 5372 2121 5436 Variae
2146 5373 2455 5437 lectiones
2498 5380 2557 5435 et
2589 5384 2775 5437 notua.

794 5550 880 5622 (9)
910 5546 1315 5622 Ἐπισεδαιῶν,
1338 5543 1544 5599 omisso
1566 5542 1658 5622 ξτιΔ
1674 5544 1736 5595 Δ.

798 5615 915 5693 (10)
943 5622 1184 5693 ᾼέηροει
1212 5632 1271 5693 τε
1304 5615 1606 5693 interponit
1632 5615 1696 5667 Α.

797 5688 910 5765 (Il)
946 5690 1159 5745 Inclusa
1181 5688 1379 5742 absunt
1416 5689 1479 5739 Λ.

2494 5535 2608 5614 (ῘΞ)
2644 5543 2858 5598 Inclusa
2898 5543 3098 5599 desunt
3120 5546 3188 5600 Α.

2494 5616 2608 5686 (15)
2651 5615 2863 5670 Inclusa
2904 5615 3105 5671 desunt
3132 5616 3194 5671 Α.

787 5852 896 5925 (σε)
950 5852 1149 5917 Nempe
1191 5880 1251 5889 —
1282 5848 1532 5904 Joannes.
1570 5847 1768 5919 Utpote
1824 5844 1983 5903 Petro
2027 5845 2189 5900 etiam
2243 5850 2299 5897 et
2327 5841 2536 5898 Joanne
2570 5836 3076 5910 comprobantibus,
3112 5832 3561 5892 assentientibus.
