4398 6462
304 412 440 478 1493
1199 409 1574 473 ΕΟΜΜΕΝΤ.
1621 410 1702 469 1N
1740 406 2034 468 JOANNE

1815 407 2118 471 DANNEM.
2147 434 2214 444 -
2254 409 2411 470 CAP.
2455 410 2617 470 XXI.
3418 409 3552 474 H94

376 527 481 580 Καὶ
511 527 624 579 οὐκ
674 526 763 579 ἔτι
799 554 867 567 -
904 526 1147 595 ιχούων.
1185 524 1445 584 ’Δπόντος
1487 522 1587 593 μὲν
1627 521 1722 574 τοῦ
1757 522 1874 575 Σωο
1904 528 1953 581 Α
2056 520 2113 574 ν.

1817 540 1874 575 υο
1904 528 1953 581 Α
2056 520 2205 575 Vers.
2237 522 2290 575 6.
2335 522 2400 575 Et
2414 526 2534 590 jam
2570 539 2672 576 non
2692 551 2759 562 —
2785 524 3029 593 piscium.
3062 523 3307 579 Absente
3335 525 3554 593 quidem

302 616 489 684 τῆρος,
517 616 670 669 οὐδέν
687 615 927 668 ἐπίασαν
954 654 971 680 ,
1030 613 1298 683 παρόντος
1355 613 1433 677 δὲ,
1476 613 1677 682 πλῆθος
1723 612 1875 665 συνέο
1985 609 2039 662 S:

1823 612 1875 665 ἐ·
1985 607 2266 665 Salvatore
2286 612 2423 665 nihil
2457 622 2742 681 ceperunt,
2780 623 3045 681 praesente
3074 629 3203 667 vero
3250 614 3558 669 multitudi-

304 707 567 768 κλυσαν,
610 706 697 758 ἵνα
745 703 965 773 γνῶμεν
1006 706 1088 757 ὅτι
1139 704 1311 773 χωρὶς
1345 704 1445 771 μέν
1502 701 1669 756 αὑτοῦ
1720 702 1877 754 οὐδὲν
1983 716 2041 754 ηε

1822 702 1877 753 ἐν
1983 716 2111 754 nem
2145 701 2559 767 concluserunt,
2615 712 2675 757 ut
2702 718 3094 773 cognoscamus
3131 702 3276 771 quod
3307 703 3426 757 sine
3465 702 3559 755 illo

302 796 581 863 ὼςδέλιμον
606 794 846 863 άνύομεν
872 833 889 856 ,
926 796 1023 847 σὺν
1045 794 1195 862 αὑτῷ
1217 794 1295 855 δὲ,
1318 792 1510 846 πολλά.
1545 793 1668 861 Χρὴ
1694 795 1879 845 τοίνυν
1981 792 2036 845 ni

1822 809 1879 845 υν
1981 790 2116 845 nihil
2138 795 2282 862 quod
2308 794 2436 847 utile
2465 795 2557 857 sit,
2590 794 2931 863 perlicimus:
2962 809 3087 847 cum
3114 808 3180 847 eo
3205 802 3411 854 autem,
3438 793 3559 859 plu-

302 884 422 943 ταῖς
454 882 699 943 ἐντολαῖς
731 881 897 933 αὐτοῦ
930 880 1290 949 πειθομένους
1323 883 1508 932 πονεῖν
1537 880 1631 932 καὶ
1662 879 1879 949 βάλλειν
1980 883 2039 935 rit

1813 897 1879 932 ιιν
1980 883 2137 936 rima.
2176 887 2402 954 Oportet
2429 898 2562 951 ergo
2592 892 2651 936 ut
2678 883 2963 951 praeceptis
2990 883 3110 951 ejus
3126 881 3444 935 obedientes
3471 880 3550 934 la-

306 976 383 1034 είς
406 972 473 1024 τά
501 972 648 1036 δεξιά
671 988 686 1002 ο
728 972 884 1024 τοῦτο
905 972 1013 1041 γάρ
1040 971 1101 1024 τὸ
1131 972 1299 1040 μέρος
1320 970 1627 1024 ἐπαινετόν.
1984 975 2043 1028 bc

1984 975 2264 1037 boremus,
2298 986 2352 1028 et
2386 973 2451 1028 ad
2475 975 2755 1028 dexteram
2789 975 3097 1043 iaciamus;
3130 990 3255 1028 nam
3294 975 3405 1027 luet-
3442 987 3564 1035 pars

1985 1066 2129 1120 laudi
2156 1067 2337 1120 datur.

380 1154 650 1220 [Ζήτησον
679 1152 791 1219 ('59)
835 1153 925 1203 καὶ
950 1152 1008 1203 ἐν
1043 1151 1120 1219 τῷ
1171 1150 1444 1221 ἐνδεκάτῳ
1474 1151 1757 1221 κεφαλαίῳ
1786 1152 1881 1205 τοῦ
2054 1157 2117 1219 Q'

1831 1152 1881 1205 »ὖ
2054 1157 2245 1219 Quaere
2266 1164 2442 1208 autem
2458 1164 2512 1208 et
2531 1154 2975 1221 nnderimojuxta
3000 1153 3196 1209 Lucam
3217 1155 3410 1223 capite.
3427 1152 3568 1219 quod

312 1243 451 1294 κατὰ
510 1244 726 1295 Λουκάν
786 1243 878 1306 τό·
921 1242 1168 1308 Ὁμοίως
1213 1241 1281 1293 δὲ
1323 1242 1421 1294 καί
1474 1244 1745 1296 Ἰάκωϐον
1784 1244 1883 1298 καί
1986 1244 2049 1298 dit

1835 1244 1883 1297 ul
1986 1241 2208 1298 dicitur:
2260 1246 2518 1299 Similiter
2585 1256 2762 1297 autem
2827 1255 2874 1297 et
2919 1245 3169 1297 Jacobum
3225 1254 3271 1297 et
3319 1244 3572 1297 Joannem

327 1331 625 1395 Ἰωάννην.
654 1330 820 1394 viain;
851 1329 1194 1392 Ζεσεδαίου,
1235 1330 1292 1382 οἵ
1318 1326 1480 1398 ἦσαν
1505 1335 1778 1387 κοινωνοί
1806 1334 1886 1399 τῷ
1990 1338 2064 1404 ﬁli

1840 1334 1886 1399 ᾧ
1990 1338 2125 1404 ﬁlios
2162 1338 2418 1401 Zebedwi,
2482 1340 2571 1404 qui
2596 1352 2743 1390 erant
2790 1340 2918 1390 socii
2956 1337 3187 1389 Simonis
3211 1338 3255 1397 ’,
3280 1345 3570 1395 ctcmtera,

313 1421 549 1487 Σίμωνι,
584 1421 676 1470 καὶ
713 1424 779 1473 τὰ
833 1419 983 1487 ἑξῆς,
1031 1419 1126 1472 καὶ
1159 1422 1434 1487 ἀνάγνωθι
1492 1423 1589 1491 τὴν
1624 1423 1887 1493 {Einan
1990 1442 2050 1480 ac

1842 1443 1887 1477 ,ν
1990 1442 2054 1480 ac
2089 1429 2305 1481 illorum
2349 1430 2465 1499 lege
2510 1430 2939 1482 enarrationem.
2979 1428 3233 1480 Invenies
3261 1427 3405 1479 enim
3438 1441 3571 1478 ana-

313 1510 514 1560 αὐτῶν.
553 1511 822 1581 Εὑρήσεις
853 1511 962 1579 γὰρ
997 1512 1313 1581 ἀναγωγὴν,
1349 1514 1493 1567 πάνυ
1528 1518 1644 1577 τοίς
1677 1518 1890 1587 παροῦ-
1992 1534 2050 1589 go

315 1617 399 1651 σιν
434 1601 828 1672 άρμὸζουσαν.]

1465 1533 1493 1565 υ
1528 1518 1644 1577 τοῖς
1677 1518 1890 1587 παροῦ-
1992 1520 2177 1589 gogica
2216 1522 2576 1588 przesentibus
2602 1521 2896 1574 admodum
2932 1534 3200 1588 congrua.

315 1617 399 1651 σιν
434 1604 798 1669 ἁρμόζουσαν.

385 1695 555 1760 Λέγει
588 1723 658 1733 —
689 1695 842 1747 ἐστι.
870 1694 1041 1747 Τοῦτο
1092 1696 1273 1756 συνεὶς
1308 1697 1417 1749 ἀπὸ
1457 1699 1557 1764 τῆς
1609 1701 1887 1769 εὐτυχίας,
2061 1698 2122 1753 Vt

1843 1720 1887 1766 ς,
2061 1698 2216 1753 Vers.
2249 1701 2300 1753 Ἰ.
2336 1697 2472 1751 Dicit
2506 1728 2575 1739 —
2599 1707 2695 1752 est.
2716 1696 2761 1751 Α
2791 1712 3055 1768 prospero
3084 1697 3135 1753 id
3172 1710 3371 1755 eventu
3419 1700 3580 1755 intel-

318 1782 410 1832 καὶ
441 1783 534 1834 τοῦ
564 1785 987 1851 συγκεκλεῖσθαι
1039 1785 1155 1854 (ιο)
1185 1788 1311 1849 τοὺς
1344 1788 1556 1857 ίχθύας,
1609 1790 1801 1861 ὥσπερ
1831 1792 1894 1857 ἐξ
1928 1848 1965 1861 _
1994 1792 2055 1861 Ιίε

1847 1792 1894 1857 LE
1928 1848 1965 1861 _
1994 1792 2187 1861 ligens.
2225 1800 2280 1843 et
2310 1789 2454 1858 quod
2501 1798 2755 1858 tanquam
2778 1805 2844 1842 ex
2868 1788 3011 1841 illius
3041 1788 3194 1856 jussu
3227 1790 3468 1845 conclusi
3493 1806 3584 1844 es-

318 1870 710 1940 ἐπιτάγματος.
1926 1848 1969 1903 Β
2002 1897 2055 1937 ιε

608 1890 710 1936 τος.
1926 1848 1969 1903 Β
2002 1892 2125 1937 sent
2153 1883 2345 1950 pisces.

389 1964 585 2030 Satur
616 1998 683 2007 —
708 1967 1051 2025 θάλασσαν.
1091 1974 1558 2044 Διορατικώτερος
1591 1975 1692 2044 μιν
1720 1977 1749 2030 ό
1784 1977 1896 2031 Ἰω-
2076 1972 2126 2026 νε

1848 1996 1896 2030 ι>-
2076 1972 2231 2026 Vers.
2253 1973 2303 2025 7.
2324 1968 2592 2025 Simon—
2616 1985 2784 2023 mare.
2813 1968 3187 2039 Pcrspicacior
3216 1970 3437 2040 quidem
3464 1980 3585 2023 erat

323 2052 489 2123 ἀννης
533 2060 825 2130 περιουσίᾳ
888 2062 1312 2132 καθαρότητος,
1373 2064 1704 2136 θερμότερος
1760 2068 1816 2120 δὲ
1870 2071 1897 2121 ό
2003 2066 2060 2121 10

1870 2071 1897 2121 ὁ
2003 2066 2241 2121 Joannes
2270 2061 2644 2132 magnitudine
2687 2062 2957 2129 puritatis.
2989 2062 3179 2118 Petrus
3204 2080 3330 2119 vero
3376 2065 3591 2119 ferven-

322 2143 527 2212 Ιιέτίοος
560 2150 884 2219 σφοδρότητι
913 2152 1159 2222 φίλτρου.
1194 2158 1286 2208 Διὸ
1316 2158 1577 2226 γνωρίζει
1604 2158 1701 2226 μὲν
1734 2161 1897 2212 αὐτὸν
2008 2159 2059 2210 tit

1853 2169 1897 2211 ιν
2008 2159 2119 2210 tior
2144 2156 2481 2209 vehementia
2508 2154 2730 2207 amoris:
2767 2154 2889 2207 ideo
2918 2154 3169 2223 agnoscit
3197 2158 3415 2222 quidem
3463 2170 3590 2207 cum

322 2234 350 2279 ὁ
387 2233 664 2305 Ἰωάννης,
697 2241 803 2307 πρὸ
845 2240 939 2292 τοῦ
984 2243 1191 2312 Πέτρου
1215 2260 1232 2278 ο
1275 2244 1445 2310 ἔξεισι
1471 2247 1528 2298 δέ
1570 2250 1707 2319 πρὸς
1734 2251 1899 2303 αὖτὶν
2006 2248 2059 2302 Jc

1854 2266 1899 2303 ιν
2006 2248 2244 2302 Joannes
2273 2256 2398 2300 ante
2437 2244 2680 2307 Petrum,
2708 2244 2801 2297 sed
2829 2246 3105 2314 egreditur
3132 2247 3194 2296 aut
3229 2261 3351 2297 eum
3398 2246 3591 2297 Petrus

324 2325 587 2397 όΠὲτρος
644 2330 751 2399 πρὸ
807 2332 900 2385 τοῦ
957 2334 1235 2388 Ἰωάννου.
1302 2336 1567 2401 ’Δκούσας
1596 2341 1705 2411 γὰρ
1740 2342 1900 2409 μόνον
2010 2357 2061 2394 at

1858 2361 1900 2395 ιν
2010 2351 2133 2394 ante
2156 2338 2442 2392 Joannem.
2474 2337 2575 2392 Ubi
2595 2338 2739 2389 enim
2766 2335 2942 2390 solum
2971 2338 3233 2402 audisset,
3256 2351 3285 2389 e
3320 2353 3376 2389 se
3408 2336 3595 2390 Domi-

326 2419 408 2470 ὅτι
438 2421 464 2470 ό
503 2421 707 2489 Κύριός
745 2426 882 2489 ἐστι,
926 2428 1112 2496 ῥίπτει
1140 2429 1208 2480 τὰ
1230 2431 1285 2482 ἐν
1315 2433 1502 2501 χερσὶν
1542 2432 1767 2497 εὐθέως,
1809 2437 1903 2489 καὶ
2012 2449 2063 2486 nt

1859 2437 1903 2489 ιι
2012 2448 2163 2496 num,
2210 2429 2493 2484 confestim
2524 2443 2644 2498 qua:
2683 2428 2737 2480 in
2766 2428 3017 2480 manibus
3040 2437 3215 2491 erant,
3246 2428 3596 2496 projicit,nec

332 2511 407 2581 μὴ
440 2514 740 2581 ἀναμείνας
777 2518 854 2587 τῷ
887 2519 1156 2590 πλοιαρίῳ
1185 2519 1443 2587 ἐξελθεῖν,
1490 2524 1672 2593 βάλλει
1710 2528 1904 2582 ἐαυτὸν
2012 2538 2069 2576 ευ

1856 2536 1904 2582 ιν
2012 2522 2290 2576 sustinens
2322 2529 2378 2573 ut
2397 2521 2610 2588 navigio
2634 2520 2698 2571 ad
2720 2533 2843 2571 cum
2871 2518 3201 2587 perveniret,
3223 2533 3342 2572 sese
3366 2518 3420 2571 in
3443 2534 3593 2573 mare

331 2604 409 2663 εἰς
433 2603 528 2673 τὴν
560 2606 836 2659 θάλασσαν
869 2610 955 2662 διὰ
988 2612 1046 2663 τὸ
1068 2615 1228 2680 τάχος
1263 2614 1359 2682 τῆς
1390 2613 1736 2678 ἐξελεύσεως.
2010 2615 2063 2682 ia

1079 2615 1228 2680 τάχος
1263 2614 1359 2682 τῆς
1390 2613 1736 2678 ἐξελεύσεως.
2010 2615 2142 2682 jacit
2174 2628 2281 2680 quo
2310 2612 2471 2665 citius
2513 2611 2816 2664 accederet.

407 2695 511 2746 Τὸν
546 2698 891 2767 ἐπενδύτην
935 2702 991 2754 δὲ
1032 2705 1283 2772 χιτώνιόν
1327 2708 1379 2758 τί
1412 2724 1580 2774 φασιν
1612 2710 1725 2781 (41)
1761 2714 1908 2781 άχει-
2101 2705 2144 2759 Ἕ

1871 2732 1908 2764 ι-
2101 2705 2427 2773 Ἐπενδύτην
2450 2715 2631 2757 autem
2662 2704 2784 2773 (pro
2804 2718 2911 2771 quo
2939 2703 3170 2754 tunicam
3196 2702 3477 2766 vertimus)
3510 2708 3608 2755 \o-I

341 2785 561 2852 ρίδωτον
584 2790 713 2858 ἄχρι
744 2794 987 2858 γονάτων
1011 2798 1385 2865 περιστέλλον.
1411 2801 1648 2871 Σύνηθες
1678 2804 1733 2855 δὲ
1752 2805 1911 2859 τοῦτο
2021 2813 2078 2851 an

1868 2823 1911 2859 το
2021 2807 2113 2851 ant
2146 2798 2439 2851 tuniculam
2480 2796 2765 2865 quamdam
2784 2795 3011 2847 manicis
3044 2802 3605 2861 carentcm,qu:ecor-

339 2879 451 2939 τοῖς
490 2878 942 2947 θαλαττεύουσιν,
975 2885 1294 2956 εὐκινησίαν
1349 2890 1467 2958 ἃμα
1502 2894 1595 2945 καὶ
1633 2894 1910 2963 εὐσχημοο
2022 2909 2076 2961 pt

1867 2915 1910 2948 ι·-
2022 2908 2123 2961 pus
2158 2891 2222 2945 ad
2251 2905 2421 2959 genua
2450 2903 2622 2953 usque
2640 2896 2890 2955 contegat
2921 2903 2935 2951 ;
2968 2897 3021 2938 et
3050 2885 3151 2937 hac
3182 2885 3492 2947 utebantur,
3514 2885 3604 2953 qui

341 2969 509 3038 σὺνην
567 2972 755 3035 αὐτοῖς
784 2976 937 3044 παρὰ
986 2978 1064 3044 τῷ
1100 2977 1253 3031 ὕδατι
1294 2982 1771 3051 περιποιούμενον.
1815 2986 1916 3037 Γυ-
2026 2984 2078 3036 in

1871 3006 1916 3037 ›-
2026 2984 2081 3036 in
2111 2983 2245 3035 mari
2270 2981 2555 3050 degebant.
2576 2977 2709 3031 Nam
2736 2977 2895 3031 simul
2920 2986 2974 3028 et
2998 2976 3380 3045 agilitatemeis
3407 2977 3608 3029 tribue-

349 3063 479 3129 μνὸς
513 3064 612 3132 μὲν
645 3065 736 3117 οὖν
760 3063 825 3137 ἦν
850 3070 948 3138 τῆς
994 3070 1157 3139 ἄλλης
1193 3072 1385 3141 στολῆς
1428 3076 1620 3141 αὑτοῦ,
1648 3078 1837 3130 τοῦτον
1859 3080 1915 3133 δέ
2027 3074 2086 3128 ba

1871 3080 1915 3133 5t
2027 3074 2136 3137 bat,
2163 3083 2218 3129 et
2253 3075 2395 3127 inter
2424 3085 2592 3138 aquas
2611 3078 2862 3122 ornatum
2893 3067 3011 3134 (ec).
3033 3068 3159 3119 Erat
3188 3068 3389 3136 quippe
3430 3067 3608 3121 nudus

348 3156 631 3256 pévov-tn‘t
662 3159 755 3211 τοῦ
786 3162 1041 3228 σώματος
1072 3166 1351 3219 ἐνεδέδυτο
1382 3168 1629 3230 ᾶζωστον
1654 3186 1668 3199 ·
1696 3172 1915 3237 ἀνάξιον
1946 3197 1993 3256 c
2028 3172 2085 3225 ali

1871 3191 1915 3227 ιν
1946 3197 1993 3256 c
2028 3172 2131 3225 alia
2161 3182 2352 3223 carens
2385 3179 2555 3231 reste;
2589 3179 2715 3218 nam
2748 3164 2851 3217 hac
2881 3160 2992 3215 sola
3013 3159 3078 3213 ad
3109 3175 3307 3228 corpus
3339 3160 3608 3215 discincta

344 3250 455 3319 γάρ
491 3246 632 3303 εἶναι
658 3252 825 3305 αὑτὸν
850 3256 1037 3325 πάντη
1075 3258 1281 3326 γυμνὸν
1334 3260 1423 3312 διὰ
1454 3261 1553 3331 τὴν
1597 3265 1922 3333 άσχημοσύ-
1954 3246 1993 3256 ⁷
2033 3267 2081 3319 in

1876 3266 1922 3317 'i-
1954 3246 1993 3256 ’
2033 3266 2258 3319 indutus
2296 3270 2434 3325 erat;
2472 3274 2653 3328 neque
2698 3258 2844 3311 enim
2878 3258 3256 3319 conveniebat,
3295 3264 3355 3309 ut
3385 3255 3613 3308 omnino

346 3355 465 3408 νην.
517 3342 796 3406 Ἐζώσατο
828 3347 883 3397 δὲ
910 3349 1074 3400 αὑτὸν
1096 3350 1238 3402 αιδοί
1263 3352 1355 3403 τοῦ
1388 3354 1617 3422 Κυρίου.
2032 3372 2083 3410 nt

2032 3355 2213 3410 nudus
2241 3362 2387 3408 esset
2420 3361 2639 3421 propter
2672 3348 3088 3419 turpitudinem;
3130 3347 3398 3403 succinxit
3433 3354 3612 3399 autem

2033 3447 2201 3507 illam,
2233 3445 2440 3514 pudore
2470 3442 2708 3495 Domini.

421 3526 484 3577 Ol
510 3524 577 3579 δὲ
597 3526 775 3581 ἄλλοι
802 3558 873 3569 —-
900 3532 1144 3598 ἰχθύων.
1173 3528 1378 3586 Ἦλθον
1415 3536 1768 3606 ἐφελκόμενοι
1801 3542 1927 3604 τοὺς
2109 3537 2147 3588 V

1876 3545 1927 3604 »ς
2109 3537 2270 3590 \‘crs.
2296 3534 2349 3587 8.
2379 3534 2571 3588 Ceteri
2597 3548 2716 3584 vero
2755 3561 2823 3572 —
2854 3532 3095 3599 piscium.
3133 3530 3416 3585 Venerunt
3444 3537 3613 3583 attra-

354 3615 621 3685 σύροντας
648 3620 707 3670 τὸ
733 3619 954 3672 δίκτυον
990 3624 1268 3691 σχοίνους.
2038 3630 2091 3683 In

2038 3628 2215 3683 hendo
2239 3628 2418 3690 funes,
2445 3626 2642 3694 quibus
2675 3633 2789 3679 rete
2818 3622 3154 3677 trahebatur.

436 3708 535 3773 Ὠς
566 3740 635 3749 -
664 3710 867 3777 ἄρτον.
896 3713 968 3764 Τὸ
996 3715 1095 3783 μὲν
1126 3715 1358 3785 ὀψάριον
1390 3718 1456 3785 τῇ
1496 3717 1773 3788 ἀνθρακία
1807 3721 1929 3771 ἐπι·
2108 3717 2173 3771 Vt

1882 3737 1929 3771 t-
2108 3717 2264 3771 Vers.
2300 3718 2352 3771 9.
2391 3716 2542 3772 Ut—
2567 3730 2780 3783 panem.
2810 3712 3016 3768 Pisccm
3038 3712 3258 3781 quidem
3290 3711 3482 3781 prunis
3518 3728 3615 3767 su-

354 3800 610 3869 κείμενον
637 3842 651 3865 ,
683 3802 774 3853 τὸν
821 3803 877 3854 δὲ
913 3804 1077 3873 ἄρτον
1127 3804 1234 3875 ἰδίᾳ
1288 3807 1718 3876 παρακείμενον,
1743 3808 1802 3873 ἐξ
1832 3809 1933 3860 οὑκ
2039 3827 2091 3883 pt

1884 3824 1933 3860 nt
2039 3811 2403 3883 perpositum,
2432 3823 2627 3879 panem
2674 3822 2806 3861 vero
2862 3820 3111 3860 seorsum
3141 3804 3395 3875 positum:
3435 3805 3621 3875 utique

357 3894 526 3946 ὄντων
573 3898 753 3947 πάντα
803 3898 1023 3959 πάντως
1070 3900 1426 3967 παρηγμὲνα,
1488 3900 1575 3953 ἵνα
1635 3901 1933 3953 κάντεῦθεν
2042 3922 2094 3976 pl

1882 3919 1933 3953 εν
2042 3905 2303 3976 producta
2332 3919 2396 3957 cx
2450 3903 2536 3955 his
2580 3916 2704 3961 qua:
2750 3912 2859 3953 non
2907 3906 3086 3953 erant:
3122 3905 3183 3951 ut
3236 3897 3365 3951 hinc
3405 3912 3619 3966 quoque

359 3986 512 4060 δείξῃ
537 3988 632 4057 τὴν
664 3988 895 4059 δύναμιν
932 3991 1126 4055 αὑτοῦ,
1176 3994 1271 4044 καὶ
1315 3994 1700 4063 πεπονηκότας
1735 3995 1937 4059 αὐτοὺς
2043 4012 2096 4051 su

1878 3996 1937 4059 ὺς
2043 4012 2197 4051 suam
2222 3998 2477 4050 ostendat
2507 3993 2828 4063 potentiam,
2866 4006 2931 4045 ac
2964 3988 3227 4044 benevole
3262 4002 3357 4042 eos
3405 4002 3502 4056 per
3532 3987 3615 4041 ci-

358 4080 738 4151 ἁνακτήσηται
767 4083 1138 4150 φιλοστόργως
1168 4084 1258 4136 διὰ
1286 4086 1517 4155 τρουῆς.
2044 4090 2095 4145 bl

1014 4100 1138 4150 »γως
1168 4084 1258 4136 διὰ
1286 4086 1517 4155 τροφῆς.
2044 4090 2173 4145 bum
2200 4089 2433 4143 alabore
2465 4085 2751 4140 reiocillct.

433 4174 607 4240 Λέγει
628 4202 701 4213 —
732 4174 869 4227 νῦν.
917 4173 1004 4238 Ὧς
1032 4174 1190 4238 εἰδὼς
1219 4176 1303 4228 ὅτι
1344 4177 1581 4230 ἐπίασαν
1614 4178 1786 4247 λέγει.
1827 4180 1939 4233 Καὶ
2117 4182 2170 4237 γ.

1887 4180 1939 4233 εὶ
2117 4182 2273 4238 Vers.
2306 4180 2392 4234 t0.
2432 4181 2521 4232 Ait
2546 4208 2612 4219 --
2650 4193 2808 4231 nunc.
2845 4173 3045 4244 Utpote
3074 4172 3275 4237 sciens,
3301 4172 3446 4242 quod
3474 4187 3624 4227 com—

363 4264 472 4335 γὰρ
496 4268 589 4316 καὶ
622 4267 751 4335 πρὶν
779 4265 854 4327 ὡς
881 4265 1039 4330 εἰδὼς
1077 4268 1160 4319 ὅτι
1184 4266 1473 4323 πιάσουσιν
1501 4265 1623 4322 εἷπε
1654 4286 1669 4301 '
1715 4269 1942 4325 Βάλετε
2047 4292 2100 4348 pl

1888 4288 1942 4324 τε
2047 4274 2489 4348 prehendissem.
2516 4270 2650 4324 Nam
2678 4278 2733 4323 et
2758 4266 2933 4338 prius,
2958 4277 3214 4338 tanquam
3243 4269 3446 4329 sciens,
3481 4265 3625 4335 quod

362 4356 450 4419 εις
481 4354 552 4407 τὰ
584 4356 752 4420 δεξιὰ
783 4358 936 4425 μέρη
986 4356 1093 4411 τοῦ
1145 4359 1365 4412 πλοίου
1420 4361 1487 4413 τὸ
1524 4359 1793 4426 δίκτυον,
1839 4362 1940 4415 καί
2049 4383 2099 4424 ο(

1890 4362 1940 4415 αι
2049 4363 2502 4437 comprehensuri
2524 4370 2731 4424 essent,
2773 4360 2984 4414 dixerat
3024 4358 3239 4414 :Jacitc
3274 4360 3330 4412 in
3358 4358 3627 4411 dexteram

364 4450 680 4517 εὑρήσετε,
706 4451 799 4502 καὶ
821 4449 909 4503 ἵνα
934 4452 1009 4521 μὴ
1035 4450 1310 4519 φαντασία
1338 4450 1466 4521 δόξῃ
1484 4452 1544 4505 τὸ
1567 4455 1822 4522 πρᾶγμα,
1848 4456 1942 4506 καὶ
2050 4477 2101 4528 pi

1896 4456 1942 4506 ιὶ
2050 4469 2254 4528 partem
2272 4457 2467 4525 navigii
2488 4467 2538 4510 et
2555 4454 2849 4508 invenietis.
2874 4452 2941 4507 Et
2963 4466 3031 4506 ne
3048 4452 3453 4522 phantasticum
3479 4451 3633 4505 vide-

366 4542 515 4604 ὅπως
562 4540 766 4604 ἰδόντες
817 4542 911 4593 καὶ
970 4542 1033 4593 τὸ
1066 4543 1275 4613 πλῆθος
1322 4546 1418 4599 καὶ
1455 4544 1516 4597 τὸ
1546 4544 1780 4614 μέγεθος
1835 4542 1945 4597 τῶν
1982 4547 2024 4601 ο
2054 4570 2103 4608 re

1898 4544 1945 4596 ὂν
1982 4547 2024 4601 D
2054 4563 2208 4608 retur
2234 4550 2543 4620 negotium,
2570 4557 2739 4614 utque
2764 4546 3015 4611 videntes
3066 4544 3292 4615 piscium
3324 4542 3635 4597 multitudi-

372 4632 610 4703 ίχθύων,
636 4634 819 4687 καὶτὸ
847 4634 965 4697 πῶς
1000 4634 1102 4689 οὐκ
1144 4637 1371 4709 ἐσχίσθη
1422 4637 1486 4691 τὸ
1524 4638 1763 4700 δίκτυον,
1807 4636 1943 4689 θαυ-
2044 4662 2109 4701 ne

1898 4652 1943 4687 ³·
2044 4661 2193 4705 nem.
2241 4659 2306 4699 ac
2336 4640 2764 4713 magnitudinem
2793 4647 2850 4694 et
2878 4638 3147 4707 quomodo
3177 4652 3285 4692 non
3314 4646 3462 4691 esset
3500 4636 3635 4689 scis-

376 4728 590 4796 μὰσωσι
619 4727 802 4781 πλέον.
2047 4757 2111 4798 ω

2047 4756 2170 4798 sum
2196 4748 2331 4801 rete.
2366 4738 2535 4811 magis
2559 4738 2723 4792 etiam
2752 4733 3171 4790 admirarentur.

451 4818 660 4886 Ἀνέση
693 4820 891 4888 Σίμων
910 4820 1152 4891 Πέτρος.
1172 4823 1403 4897 [Ἃνέϐη
1422 4822 1536 4895 (όΞ)
1554 4826 1633 4889 είς
1656 4825 1720 4877 τὸ
1737 4824 1944 4891 πλοῖον,
2121 4833 2188 4887 Vc

1900 4842 1944 4891 ν.
2121 4833 2279 4887 Vers.
2328 4830 2414 4884 ll.
2471 4829 2718 4884 Ascendit
2783 4826 2967 4881 Simon
3015 4827 3226 4879 Petrus.
3274 4821 3536 4876 Ascendit
3583 4822 3637 4875 in

371 4911 447 4976 ὡς
472 4911 895 4984 ἐμπειρότερος,
924 4915 1213 4986 ἑπομένων
1248 4915 1401 4986 αὐτῷ
1434 4916 1529 4971 καὶ
1569 4916 1745 4971 ἄλλων
1785 4917 1948 4989 δηλο-
2050 4940 2108 4982 ιιι

1901 4935 1948 4970 ³·
2050 4926 2255 4984 navim.
2278 4930 2536 4992 tanquam
2561 4921 2694 4974 artis
2716 4918 2968 4990 peritior,
2992 4917 3354 4987 sequentibus
3380 4916 3638 4970 videlicet

373 5001 534 5073 νότιῖ
1777 5008 1785 5015 ’
2062 5032 2110 5073 ει

1777 5008 1785 5015 ’
2062 5030 2190 5073 eum
2224 5014 2390 5069 etiam
2426 5010 2660 5066 caeteris.

442 5096 551 5152 Kal
577 5096 832 5152 εἵλκυσε
870 5128 927 5140 -
962 5096 1163 5167 τριιῖιν.
1200 5099 1339 5153 Osci
1367 5118 1515 5163 τινες
1569 5099 1661 5155 διὰ
1680 5100 1791 5155 τῶν
1822 5103 1953 5157 ἐκα-
2133 5105 2178 5162 V

1909 5118 1953 5157 t-
2133 5105 2292 5162 Vera.
2330 5102 2418 5155 ll.
2456 5099 2712 5156 Ettrazit
2747 5126 2820 5138 —-
2847 5098 3035 5152 tribus.
3077 5097 3280 5152 Dicunt
3307 5096 3498 5167 aliqui,
3548 5108 3646 5165 per

374 5190 468 5243 τὸν
493 5190 594 5259 μιν
653 5191 1057 5262 ὑποδηλοῦσθαι
1085 5195 1213 5260 τοὺς
1245 5195 1305 5261 ἐξ
1339 5195 1512 5251 ἐθνῶν
1543 5196 1954 5267 σαγηνευθησο-
2064 5212 2111 5254 α

1905 5213 1954 5249 ο·
2064 5206 2287 5254 centum
2311 5193 2532 5264 quidem
2561 5204 2659 5245 eos
2684 5188 2978 5261 designari,
2999 5189 3094 5261 qni
3121 5204 3188 5246 ex
3214 5189 3471 5261 gentibus
3505 5187 3642 5260 sagi-

446 5332 468 5364 '
510 5329 644 5387 Luc.
683 5350 737 5396 ν.
772 5331 859 5388 10.

1618 5395 1830 5459 Variis
1861 5395 2171 5462 lectiones
2216 5403 2280 5458 et
2310 5403 2497 5462 notae.

455 5577 566 5651 (39)
594 5574 813 5651 inclusa
834 5574 1038 5651 absunt
1060 5572 1123 5626 Δ.
2067 5586 2123 5642 p.
2150 5572 2190 5651 _7_
2203 5573 2254 5651 ll
2269 5612 2284 5627 .

597 5644 1043 5719 ΣυγκλείσθαιΑ.
1198 5711 1230 5719 _
1272 5713 1286 5719 _
1426 5714 1437 5719 _
1789 5711 1833 5719 η
1898 5713 1911 5719 _
2070 5641 2083 5642 ί
2142 5643 2189 5715 (4

1198 5711 1230 5719 -
1272 5713 1286 5719 -
1426 5714 1437 5719 _
1789 5711 1833 5719 __
1898 5713 1911 5719 _
2070 5641 2083 5642 ί
2142 5643 2256 5715 (42)
2286 5643 2497 5700 Inclusa
2526 5641 2727 5699 absunt
2750 5641 2815 5699 Δ.

453 5711 566 5790 (tt)
596 5711 770 5773 liabet
793 5718 934 5773 hanc
969 5729 1162 5771 vocem
1191 5711 1393 5771 Galeus
1426 5714 1484 5771 in
1536 5729 1732 5785 opusc.
1785 5711 1957 5785 Myth.

457 5874 554 5945 (ec)
581 5874 863 5930 Ornatam.
924 5872 1126 5937 Decus,
1156 5869 1491 5927 decentiam.
