4398 6462
351 423 483 495 ιωι

1251 416 1636 481 comm.
1677 413 1758 475 IN
1797 411 2175 477 IOANNH.
2204 438 2273 453 -
2308 415 2467 477 CAP.
2508 415 2672 477 XXI.

3435 417 3578 482 1502

345 539 581 604 έρχομαι
639 531 776 586 κατὰ
805 530 905 602 τὴν
932 529 1189 601 δευτέραν
1217 548 1319 601 μου
1348 530 1674 599 παρουσίαν,
1700 527 1752 582 τί
1780 526 1913 597 πρὸς
1938 522 1988 583 Α
2014 539 2082 579 ne

1839 522 2145 589 ab;Anere
2202 526 2377 582 donec
2431 528 2671 584 secundo
2747 528 2982 583 advent'u
3039 527 3273 594 veniam,
3329 531 3457 599 quid
3504 527 3576 586 illi

346 627 407 678 σὶ
438 623 649 687 κοινόνς

416 714 498 767 Σὺ
527 714 850 767 ἀκολούθει
888 728 1013 780 μοι.
1046 711 1120 763 Σὺ
1152 710 1246 762 τὸν
1283 709 1377 762 σὴν
1419 707 1651 763 θάνατον
1692 707 1907 771 cuius,

348 802 511 873 μηθέν
542 804 631 855 τὸν
658 802 868 854 έιείνου
906 799 1429 869 περιεργαζόμενος.

427 890 717 958 Ἐξῆλθεν
739 920 809 931 -
831 890 1150 958 ἀδελφούς.
1188 890 1341 948 Ποίας
1375 887 1567 953 λόγος;

419 986 548 1038 Ὀτι
567 1013 638 1024 -
655 982 1050 1049 ἀποθνήσκει.
1072 981 1233 1041 Eisth
1260 980 1368 1050 γὰρ
1386 979 1674 1040 ιὰιείνους
1692 975 1913 1031 ἀκούειν

348 1075 383 1129 ἃ
420 1076 553 1144 πρὸς
581 1075 673 1127 τὸν
694 1074 901 1143 Πέτρον
930 1071 1269 1143 ιρῥήθησαν.
1305 1068 1650 1139 Διεφημίσθη
1678 1068 1734 1121 δέ
1763 1069 1791 1121 ό
1820 1067 1911 1119 λό-

348 1182 443 1233 γος
470 1161 646 1230 οὗτος,
682 1166 851 1234 ἢγουν
880 1164 992 1234 (59)
1023 1165 1107 1217 ὅτι
1138 1162 1239 1215 οὐκ
1271 1161 1625 1229 ἀποθνήσκω,
1670 1161 1745 1223 ὡς
1783 1160 1915 1211 πλα·

348 1256 617 1323 νηθέντων
666 1254 865 1318 αὐτῶν,
920 1254 1015 1307 καὶ
1070 1254 1145 1324 μὴ
1196 1254 1621 1321 συνεωρακότων
1671 1252 1763 1304 τδν
1808 1250 1905 1304 τοῦ

349 1346 509 1411 λόγου
565 1345 790 1400 σκοπόν.
848 1341 980 1399 Εἶτα
1035 1342 1344 1414 διορθοῦται
1413 1343 1514 1413 τὴν
1567 1341 1915 1411 έσφαλμένην

350 1436 564 1504 φήμην·
1357 1488 1365 1501 ..

419 1525 530 1578 Kal
565 1554 637 1566 —
662 1526 775 1587 ad;
807 1526 987 1593 Ὅπερ
1014 1527 1074 1577 οὐ
1105 1525 1259 1593 δηλοῖ
1303 1526 1384 1577 ὅτι
1417 1524 1515 1576 οὐκ
1547 1522 1913 1593 ἀποθνήσκει,

350 1612 465 1665 ὀλλ⁹
508 1613 691 1682 έτιρον
738 1612 852 1681 Ιχει
902 1612 1128 1675 σκοπὸν,
1182 1612 1257 1674 ὡς
1287 1610 1630 1681 προείρηται.
1689 1610 1783 1672 Τίς
1821 1608 1916 1662 οὖν

349 1702 703 1753 ὑπολείπεται
739 1701 895 1767 λόγος
940 1702 1054 1763 τοῐς
1104 1700 1497 1769 ένισταμένοις,
1524 1700 1690 1752 ὅτιού
1727 1698 1918 1767 τέθνη-

352 1807 466 1855 κεν,
508 1790 675 1844 αὐτοῦ
719 1790 783 1860 δὴ
824 1791 1019 1842 τούτου
1058 1790 1356 1862 διαρρήδην
1394 1783 1623 1860 βοῶντος
1668 1791 1751 1843 δτι
1781 1790 1917 1844 πλαο

351 1879 549 1932 νῶνται
579 1880 629 1931 ol
666 1879 825 1932 τοῦτο
852 1880 1364 1948 ὑπολαμθάνοντεςς

422 1967 609 2034 Οὗτος
635 2000 703 2010 -
728 1969 935 2025 αὑτοῦ.
974 1971 1083 2024 Καὶ
1116 1971 1361 2037 οἴδαμεν,
1418 1983 1467 2023 ot
1514 1970 1713 2032 ειδότες
1756 1969 1917 2034 αὐτὰ,

348 2060 431 2113 δτι
478 2060 693 2129 ἀληθῶς
750 2063 1039 2131 μαρτυρεῖ.
1096 2062 1350 2115 Φαίνεται
1383 2062 1491 2130 γὰρ
1526 2062 1607 2113 ὅτι
1643 2062 1735 2115 καὶ
1768 2062 1919 2116 ἄλλοι

350 2147 517 2199 ταῦτα
547 2149 862 2216 ιγίνωσκον.
900 2150 983 2210 '0;
1016 2148 1109 2203 οὖν
1137 2151 1339 2220 σφόδρα
1361 2150 1581 2221 θαρρὦ
1602 2153 1670 2221 τῇ
1697 2150 1922 2222 ἀληθείᾳ

350 2234 511 2288 τοῦτό
572 2254 761 2307 φησιν.
800 2239 981 2304 Ἔγνω
1014 2239 1123 2308 γὰρ
1161 2242 1244 2293 ὅτι
1271 2240 1410 2306 δόξει
1437 2243 1578 2293 τισὶν
1624 2241 1755 2303 ίσως
1785 2240 1921 2293 ὕπο-

352 2341 462 2377 πτα
507 2326 708 2393 λέγειν,
739 2329 827 2380 διὰ
860 2330 921 2381 τὸ
970 2331 1045 2399 μὴ
1084 2332 1519 2402 μνημονευθῆναι
1557 2331 1736 2385 ταῦτα
1771 2333 1921 2403 παρὰ

350 2416 461 2467 τῶν
490 2415 666 2469 ἄλλων
696 2418 1121 2485 εὐαγγελιστῶν.

425 2591 592 2642 Ἐστι
614 2591 683 2643 δέ
706 2622 767 2632 -
794 2596 828 2646 ό
861 2596 1118 2663 Ἰησοῦς.
1154 2595 1348 2669 [Τοῦτο
1374 2598 1485 2669 (60)
1535 2602 1630 2654 καὶ
1662 2603 1920 2674 ἀνωτέρω

353 2682 481 2748 περὶ
509 2681 615 2734 τῶν
651 2685 893 2747 σημείων
923 2682 1096 2740 εἷπεν.
1122 2686 1141 2759 ]

424 2770 635 2825 'Artra
658 2802 723 2813 —
746 2774 979 2837 βιϐλία.
1010 2775 1109 2847 [Οὐ
1138 2779 1249 2847 (61)
1278 2786 1448 2853 χωρεῖ
1468 2784 1522 2836 δὲ
1554 2786 1693 2838 αὐτὰ
1718 2789 1745 2840 5
1767 2789 1919 2858 είρη-

356 2861 518 2929 μὲνος
562 2864 785 2931 κόσμος,
838 2867 931 2917 καὶ
976 2868 1101 2919 καθ’
1139 2871 1327 2939 ἕτερον
1376 2875 1552 2942 λόγον,
1580 2877 1641 2929 οὺ
1675 2878 1762 2932 διὰ
1805 2881 1920 2952 (62)

354 2956 558 3024 πλῆθος
587 2960 1059 3029 συγγραμμάτων,
1100 2963 1235 3017 ἀλλὰ
1276 2966 1363 3020 διὰ
1393 2970 1622 3037 μέγεθος
1654 2977 1918 3043 πραγμά-

350 3062 490 3101 τωνσ
522 3048 641 3101 οὐδὲ
670 3052 841 3119 τόπῳ,
872 3054 1007 3105 ἀλλὰ
1038 3056 1285 3128 τρόπῳ.)

2013 626 2191 671 tecum
2231 616 2286 671 in
2322 616 2427 671 hoc
2480 632 2769 673 commune
2795 620 2903 674 est?

2084 707 2234 763 Vera.
2272 707 2364 763 Ω.
2414 706 2490 762 τι
2518 724 2600 761 Ine
2627 725 2861 771 uouere.
2894 710 2974 764 τυ
2998 719 3153 765 tuam
3184 722 3415 767 mortem
3449 730 3581 767 con-

2008 796 2207 860 sidera,
2243 797 2381 852 nihil
2418 800 2485 854 de
2513 798 2657 854 illius
2682 810 2856 854 morte
2890 800 3239 869 investigans.

2079 885 2233 941 Vc-rs.
2261 887 2351 943 25.
2379 888 2525 942 Exiit
2556 921 2621 932 —
2646 892 2860 960 fratres.
2885 890 3017 955 Quis
3071 892 3289 945 sermo?

2080 976 2237 1033 Vera.
2292 978 2383 1034 23.
2440 978 2591 1046 Quod
2648 1012 2715 1023 -—
2780 992 3092 1037 moreretur.
3144 983 3449 1038 Verisimile
3500 996 3582 1040 cst

2010 1083 2245 1139 namque
2274 1080 2329 1125 et
2358 1086 2455 1149 eos
2483 1072 2723 1137 audisse,
2759 1088 2877 1141 qum
2911 1072 3070 1127 Petro
3102 1074 3243 1127 dicta
3276 1084 3449 1128 erant.
3494 1076 3583 1128 Di-

2012 1159 2262 1231 vulgatus
2300 1170 2383 1215 est
2416 1164 2498 1215 hic
2526 1177 2726 1229 sermo,
2761 1162 3032 1227 videlicet,
3065 1164 3207 1233 quod
3244 1179 3351 1218 non
3403 1180 3583 1219 more-

2012 1260 2198 1306 retur:
2246 1254 2372 1321 quia
2412 1254 2687 1317 errabant,
2718 1268 2819 1308 nec
2852 1255 3124 1308 sermonis
3153 1256 3589 1323 assequebantur

2015 1342 2395 1398 intentionem.
2436 1342 2642 1398 Deinde
2694 1344 2917 1415 corrigit
2960 1358 3235 1399 rumorem
3272 1360 3589 1399 erroneum.

2082 1516 2238 1570 Vera.
2254 1514 2348 1570 23.
2375 1514 2449 1571 Et.
2469 1544 2541 1555 —
2568 1516 2655 1569 te!
2681 1514 2835 1582 Quod
2863 1532 2973 1571 non
3000 1516 3287 1583 signiﬁcat,
3317 1532 3442 1571 eum
3469 1532 3581 1571 non

2016 1608 2367 1671 moriturum,
2421 1608 2514 1662 sed
2544 1608 2705 1661 aliam
2746 1607 2907 1661 habet
2941 1607 3326 1671 intentionem,
3360 1617 3420 1662 ut
3454 1622 3594 1679 pra:-

2016 1696 2219 1750 dictum
2276 1705 2378 1751 est.
2420 1695 2554 1760 Quis
2606 1710 2737 1766 ergo
2772 1696 3103 1765 relinquitur
3148 1711 3331 1751 sermo
3378 1712 3597 1751 asseve—

2017 1786 2285 1851 rantibus,
2304 1801 2431 1840 eum
2459 1801 2571 1840 non
2598 1802 2721 1843 esse
2746 1797 3041 1853 mortuum,
3071 1803 3195 1842 cum
3225 1789 3335 1857 iam
3365 1790 3597 1859 ipsemet

2018 1877 2323 1933 luculenter
2354 1879 2548 1933 clamet
2572 1879 2715 1947 quod
2738 1890 2944 1943 errent,
2972 1881 3063 1949 qui
3084 1881 3189 1935 hoc
3212 1880 3597 1949 suspicantur?

2090 1968 2249 2025 Vers.
2298 1969 2390 2023 24.
2443 1969 2545 2022 llic
2572 1996 2633 2007 —
2658 1971 2793 2039 ejus.
2846 1969 2913 2026 Et
2944 1972 3173 2036 scimus,
3206 1972 3297 2041 qui
3331 1987 3393 2026 ea
3439 1972 3598 2026 novi-

2022 2075 2167 2123 mus,
2207 2062 2352 2129 quod
2400 2076 2587 2115 verum
2637 2062 2924 2131 perhibeat
2975 2063 3370 2117 testimonium.
3422 2065 3601 2133 Appa-

2022 2160 2108 2207 ret
2165 2153 2333 2217 enim,
2387 2152 2530 2221 quod
2572 2161 2627 2205 et
2672 2154 2761 2206 alii
2796 2152 2901 2207 hoc
2949 2153 3344 2224 intelligebant.
3378 2154 3590 2223 Itaque,

2023 2251 2275 2311 tanquam
2302 2242 2653 2297 vehementer
2680 2242 2849 2298 fretus
2880 2244 3129 2307 veritate,
3162 2245 3264 2298 hoc
3297 2244 3457 2299 dicit:
3486 2244 3597 2299 No-

2018 2334 2071 2388 vi
2106 2334 2394 2404 siquidem.
2426 2334 2568 2404 quod
2598 2335 2869 2404 aliquibus
2899 2334 3171 2389 videbitur
3200 2333 3445 2388 fortassis
3479 2349 3601 2388 sus-

2022 2436 2175 2496 pecta
2210 2428 2412 2491 dicere,
2463 2444 2528 2483 eo
2564 2428 2707 2497 quod
2740 2429 2808 2482 ab
2845 2428 2967 2481 aliis
3005 2426 3351 2497 evangelistis
3405 2428 3601 2481 horum

2022 2534 2133 2574 non
2168 2522 2239 2575 sit
2270 2520 2409 2575 facta
2440 2522 2665 2575 mentio.

2094 2610 2247 2665 Vers.
2290 2614 2382 2667 25.
2434 2614 2567 2665 Sunt
2598 2623 2775 2665 autem
2814 2644 2881 2653 —
2927 2612 3098 2666 Iesus.
3144 2615 3268 2675 Hoc,
3302 2614 3468 2668 etiam
3504 2630 3597 2669 su-

2022 2702 2209 2771 perius
2239 2702 2375 2757 dixit
2399 2704 2468 2758 de
2496 2703 2683 2775 signis.

2093 2792 2252 2850 Vers.
2296 2792 2388 2847 25.
2424 2793 2555 2857 ρκω
2584 2822 2654 2833 —
2687 2793 2868 2847 libros.
2928 2792 3044 2846 Non
3096 2802 3315 2864 caperet
3376 2808 3470 2848 cos
3524 2792 3608 2847 di-

2024 2892 2147 2938 ctus
2218 2883 2479 2947 mundus,
2547 2884 2653 2938 alio
2702 2884 2875 2947 etiam
2939 2884 3135 2938 modo:
3198 2900 3309 2939 non
3372 2894 3597 2954 propter

2025 2975 2326 3027 litterarum
2365 2974 2795 3039 multitudinem,
2836 2974 2929 3029 sed
2966 2984 3189 3044 propter
3237 2990 3420 3030 rerum
3451 2990 3604 3046 mag-

2025 3063 2373 3118 nitudinem:
2409 3079 2585 3133 neque
2626 3065 2694 3119 de
2742 3066 2863 3119 loco
2905 3066 3165 3134 loquitur,
3200 3066 3295 3119 sed
3326 3066 3394 3120 de
3421 3067 3604 3120 modo.

424 3138 543 3193 Καθ
570 3142 896 3252 ,ὑπερθολὴν
924 3149 953 3199 ό
987 3147 1167 3250 λόγος,
1218 3152 1502 3220 έμφαίνων
1548 3157 1646 3226 τὴν
1688 3159 1923 3229 ὑπερσο-
1948 3192 1992 3252 c
2099 3155 2161 3223 ΠΣ

1867 3178 1992 3252 o.c
2099 3154 2505 3252 livper-bolicus
2559 3165 2644 3210 est
2694 3170 2897 3221 sermo,
2953 3156 3604 3252 ostendens-immensam

354 3231 451 3300 λὴν
506 3232 600 3287 τοῦ
656 3234 896 3304 πλήθους
944 3238 1055 3291 τῶν
1106 3244 1513 3313 πεπραγμένων
1577 3246 1654 3317 τῷ
1707 3248 1918 3319 Κυρίῳ.

354 3322 606 3392 Χρῶνται
647 3324 706 3379 δέ
762 3326 840 3395 τῷ
888 3328 1033 3399 λόγῳ
1082 3331 1181 3401 τῆς
1227 3334 1533 3405 ὑπερϐολῆς
1566 3342 1661 3392 καὶ
1690 3343 1740 3393 oi
1793 3343 1924 3411 γρά-

357 3429 574 3479 φοντες,
609 3416 703 3475 καὶ
742 3418 791 3469 οί
841 3417 1115 3486 λέγοντες,
1152 3422 1283 3475 ὅταν
1314 3425 1626 3497 ὑπερϐολὴν
1664 3432 1916 3500 πράγμα-

356 3520 447 3565 τος
477 3508 827 3575 παραστῆσαι
859 3510 1219 3582 βουληθῶσιν.
1258 3510 1427 3579 Οὗτος
1452 3517 1511 3571 δέ
1542 3520 1721 3573 καὶτὸ
1754 3518 1927 3591 Οἶμαι

358 3597 615 3668 προσθεὶς
640 3600 867 3654 έκόλασι
891 3604 991 3673 τὴν
1021 3605 1348 3677 ὑπερδολὴν,
1374 3610 1469 3662 καὶ
1498 3613 1927 3682 παρεμυθήσατο

354 3691 417 3743 τὸ
444 3691 635 3744 δοκοῦν
669 3692 955 3758 ἀπίθανον,
986 3696 1271 3767 ὑποδηλῶν
1298 3700 1378 3751 ὅτι
1400 3700 1488 3753 διὰ
1510 3702 1571 3753 τὸ
1601 3705 1927 3773 παμπληθὲς

357 3784 537 3835 αὐτῶν
590 3782 812 3854 εἴρηκεν
866 3786 1030 3841 οὕτω.
1093 3790 1201 3842 Καὶ
1255 3790 1391 3845 ἀλλα
1452 3792 1551 3861 μέν
1606 3788 1700 3846 οὖν
1759 3795 1928 3848 πολλὰ

360 3873 639 3944 έποίησεν,
668 3875 742 3939 ὡς
774 3878 949 3931 πάντα
977 3880 1306 3949 δυνάμενος·
1339 3886 1522 3955 ῥᾴδιον
1546 3887 1655 3956 γὰρ
1681 3888 1829 3957 αὐτῷ
1870 3890 1929 3940 τὸ

358 3966 534 4016 ποιεῖν
602 3964 635 4035 ἢ
671 3967 805 4035 ἡμῖν
844 3968 907 4019 τὸ
939 3967 1155 4037 λέγειν·
1215 3974 1351 4043 μόνα
1394 3975 1449 4028 δέ
1498 3977 1822 4047 έγράφησαν
1860 3980 1929 4031 τὰ

358 4055 494 4125 τρὸς
514 4056 796 4110 εὐσέϐειαν
840 4061 933 4111 καὶ
970 4061 1154 4115 πίστιν
1200 4068 1592 4137 χρησιμώτερα
1622 4070 1715 4121 καὶ
1746 4072 1931 4139 αναγ-

353 4148 651 4216 καιότερα,
689 4148 865 4201 έκεῖνο
939 4151 1051 4204 τῶν
1111 4158 1571 4227 συγγεγραφότων
1602 4160 1716 4229 (63)
1747 4162 1931 4228 έννοη-

360 4233 591 4299 σάντων,
630 4234 707 4300 ὡς
742 4239 771 4290 ό
798 4238 874 4308 μὴ
902 4240 1017 4303 τοις
1055 4247 1317 4313 γραφεῖσι
1349 4246 1622 4301 πιστεύων
1668 4250 1791 4303 οὐδέ
1818 4254 1931 4313 τοῖς

359 4326 573 4379 πλείοσι
604 4328 882 4399 προσέξει.
916 4330 975 4386 Ὀ
998 4332 1057 4386 ds
1096 4334 1270 4390 ταῦτα
1305 4336 1599 4409 δεξάμενος
1636 4342 1838 4412 έτέρων
1869 4342 1931 4395 οὐ

356 4416 702 4490 θεηθήσεται.

425 4592 642 4648 Γένοιτο
667 4596 725 4649 ιι
759 4597 927 4668 ἡμᾶς,
952 4598 1197 4663 τελείους
1226 4601 1568 4673 θεραπευτὰς
1600 4605 1699 4675 τῆς
1730 4623 1930 4661 παντε-

355 4684 503 4739 λείου
543 4685 776 4757 Τριὰὃος
805 4691 1203 4757 ἀναφανέντας,
1229 4694 1421 4766 ἁγαθῷ
1460 4696 1601 4750 τέλει
1642 4702 1933 4753 κατακλεῖ-

358 4795 450 4924 σλιι
474 4778 588 4851 (64)
611 4780 702 4833 τὸν
726 4780 859 4851 βίον,
892 4784 951 4836 έν
976 4785 1198 4856 Χριστῷ
1232 4787 1407 4858 Ἰησοῦ
1431 4789 1508 4861 τῷ
1532 4792 1719 4862 Κυρίῳ
1752 4791 1931 4863 ἡμῶν.

369 4872 383 4893 ⁹
436 4877 562 4924 ιιήν.
1800 4884 1805 4889 ’

512 4889 562 4926 ν.

512 4889 562 4926 ν.
1800 4884 1805 4889 ’

428 4877 519 5037 :23
541 4968 653 5039 (65)
679 4973 1002 5043 συντελεστῇ
1031 4972 1141 5026 τῶν
1168 4972 1351 5027 καλῶν
1372 4973 1491 5044 Θεῷ
1512 4974 1692 5046 χάρις.
1730 4974 1927 5047 ’Δμήν.

918 5084 1086 5149 Τέλος
1124 5086 1363 5140 πάντων.

2025 3246 2428 3300 multitudinem
2485 3261 2674 3300 eorum
2736 3262 2855 3316 quae
2909 3264 2941 3300 a
2974 3246 3203 3302 Domino
3260 3247 3402 3303 facta
3457 3258 3603 3301 sunt.

2026 3336 2269 3391 Utuntur
2301 3344 2484 3389 autem
2522 3351 2776 3391 sermone
2835 3337 3190 3407 hyperbolico
3232 3346 3286 3391 et
3331 3338 3420 3405 qui
3470 3338 3605 3392 scri-

2026 3428 2184 3489 bunt,
2211 3434 2267 3479 et
2306 3426 2399 3495 qui
2442 3426 2760 3494 loquuntur,
2802 3427 3021 3493 quando
3056 3426 3132 3479 rei
3178 3428 3608 3495 magnitudinem

2026 3518 2313 3573 ostendere
2361 3516 2741 3571 decreverunt.
2778 3516 2881 3571 Hic
2934 3526 3115 3571 autem
3176 3517 3388 3571 addens
3444 3518 3609 3571 etiam

2028 3610 2278 3673 verbum,
2309 3608 2526 3675 Opinor,
2554 3608 2805 3678 auxithh)
2830 3608 3185 3679 hyperbolen,
3233 3623 3297 3661 ac
3347 3608 3615 3662 snadibile

2031 3698 2181 3760 fecit,
2208 3696 2351 3765 quod
2407 3694 2729 3749 incredibile
2765 3695 3085 3750 videbatur:
3124 3696 3431 3757 insinuans,
3466 3694 3614 3763 quod

2029 3789 2100 3843 ob
2141 3790 2427 3841 maximam
2472 3800 2661 3839 eorum
2711 3786 3134 3853 multitudinem
3161 3785 3232 3839 ita
3262 3786 3479 3840 dixerit.
3522 3785 3613 3839 Si-

2029 3881 2248 3950 quidem
2302 3888 2357 3934 et
2409 3878 2512 3931 alia
2562 3878 2728 3930 multa
2780 3878 2929 3941 lecit,
2990 3888 3179 3947 utpote
3231 3880 3615 3948 omnipotens;

2031 3988 2155 4026 nam
2188 3972 2239 4025 ei
2271 3971 2482 4026 facilius
2509 3980 2627 4025 erat
2650 3970 2851 4036 facere,
2882 3985 3043 4039 quam
3078 3970 3237 4023 nobis
3256 3969 3458 4024 dicere.
3488 3969 3617 4024 Sola

2031 4072 2213 4117 autem
2245 4077 2307 4116 ea
2335 4062 2693 4130 scripserunt,
2724 4075 2845 4129 qua
2884 4060 2951 4113 ad
2987 4060 3302 4129 religionem
3350 4076 3416 4114 ac
3453 4060 3614 4113 fidem

2032 4154 2250 4209 utiliora
2292 4162 2470 4215 erant,
2497 4152 2775 4221 magisque
2799 4150 3108 4203 necessaria
3133 4165 3148 4202 :
3179 4148 3326 4219 quod
3360 4150 3462 4202 hoc
3484 4163 3619 4203 eon-

2033 4246 2343 4301 siderarent
2393 4244 2448 4297 bi
2496 4242 2590 4312 qui
2650 4242 3021 4311 scripserunt,
3053 4241 3198 4307 quod
3241 4240 3334 4308 qui
3369 4240 3453 4294 his
3485 4256 3611 4308 qua

2032 4337 2234 4406 scripta
2257 4345 2385 4390 sunt
2412 4349 2522 4388 non
2553 4335 2745 4397 credit,
2779 4345 2957 4402 neque
2981 4331 3225 4401 pluribus
3257 4330 3418 4386 fidem
3442 4331 3615 4385 babe-

2038 4427 2153 4481 bit:
2181 4426 2231 4480 ei
2275 4440 2426 4489 vero,
2461 4425 2552 4495 qui
2582 4426 2698 4480 hac
2729 4424 2979 4492 suscipit,
3016 4422 3119 4475 alia
3144 4421 3452 4476 necessaria
3492 4436 3605 4475 non

1958 4538 2006 4597 υ
2034 4528 2219 4572 erunt.

2099 4609 2319 4666 Utinam
2347 4617 2529 4671 autem
2557 4617 2612 4663 et
2646 4622 2745 4661 nos
2776 4605 3002 4676 perfecti
3029 4605 3259 4659 ministri
3285 4602 3616 4673 perfectissi-

2029 4718 2130 4758 ma
2166 4700 2445 4756 Trinitatis
2478 4700 2795 4771 habeamur,
2830 4714 2892 4751 ac
2924 4700 3087 4751 vitam
3135 4699 3277 4751 bono
3334 4696 3440 4750 ﬁne
3478 4710 3613 4749 con-

2028 4794 2335 4858 cludamus,
2362 4807 2457 4861 per
2485 4790 2759 4845 Christum
2794 4788 2982 4844 lesum
3015 4789 3303 4843 Dominum
3336 4789 3614 4842 nostrum.

2029 4889 2226 4939 Amen.

2638 5088 2787 5144 Finis
2814 5088 3081 5143 omnium.

1545 5267 1749 5329 Varia
1794 5268 2105 5332 lectiones
2137 5274 2198 5329 et
2234 5276 2421 5330 noue.

434 5452 546 5523 (59)
575 5454 780 5521 ’ίίγουν
806 5451 1009 5506 omittit
1045 5452 1105 5505 Α.

432 5522 543 5595 (θθ)
580 5524 793 5595 Inclusa
853 5523 1050 5578 absunt
1091 5523 1156 5577 Α.
1227 5522 1541 5594 Respicitnr
1614 5531 1795 5577 autem
1854 5523 1923 5578 ad

357 5594 513 5651 Joau.
552 5612 641 5656 xx.
681 5594 771 5650 50.

432 5665 543 5738 (6f)
571 5664 697 5722 ilcc
722 5666 775 5719 in
804 5665 1047 5735 margine
1081 5662 1245 5718 habet
1274 5668 1338 5717 Α.

2104 5452 2215 5521 (62)
2252 5453 2323 5506 Τό
2356 5451 2517 5507 addit
2544 5454 2605 5507 Α.

2104 5524 2216 5589 (65)
2249 5523 2685 5645 Συγγραφόντων
2715 5524 2779 5576 Α.

2104 5595 2219 5645 (δέ)
2245 5595 2398 5645 Κατα
2436 5611 2561 5645 υσαι
2596 5595 2657 5645 Α.
2693 5610 2779 5645 nm

2104 5595 2219 5663 (δέ)
2245 5593 2561 5665 καταλῦσαι
2596 5595 2657 5657 Α,
2693 5593 2839 5665 quod
2888 5593 3143 5665 usitatius
3173 5602 3277 5648 est.

2101 5665 2213 5737 (65)
2250 5663 2373 5719 llzc
2399 5664 2453 5718 in
2486 5663 2593 5721 nne
2615 5663 2823 5722 adlidit
2851 5664 3030 5721 scriba
3062 5664 3197 5721 Cod.
3229 5667 3296 5721 Α.

433 5828 544 5899 (Ioh)
588 5829 764 5883 Αιιαὲε.
819 5828 955 5892 Ιιιιο,
1014 5824 1316 5897 castigavit,
1368 5828 1704 5897 temperavit,
1770 5826 2057 5899 mitigavit.
