4180 6472
574 329 638 395 11
2095 326 2467 389 PREFATIO
3916 328 3982 387 i2

1763 664 2790 806 ΡΒίἘΡΑΤΙΟ

1558 926 2004 985 LECTORIBUS
2054 924 2310 982 DOCTIS
2362 926 2449 980 ET
2496 925 2888 982 BENEVOLIS
2941 928 2997 982 S.

642 1169 776 1225 Post
803 1169 888 1223 tot
908 1162 1196 1238 praeclara
1222 1175 1598 1218 summorum
1616 1159 1877 1215 virorum
1901 1157 1978 1213 de
2001 1156 2220 1212 horum
2250 1163 2296 1218 Α
2334 1155 2501 1212 bant.
2532 1155 2811 1212 Adhibita
2837 1171 2980 1226 ergo
3010 1157 3351 1221 attentione,
3386 1156 3710 1229 diligentia,
3738 1158 3972 1214 modes-

571 1254 1131 1318 Commentariorum
1143 1256 1380 1308 auctore
1389 1246 1873 1321 judicia,quibus
1886 1244 2220 1317 eiproprie-

568 1353 752 1405 tatem
801 1341 1116 1409 sermonis,
1165 1339 1519 1406 doctrinam,
1564 1352 1796 1401 curam,
1854 1334 2219 1405 diligentiam

568 1441 624 1494 et
647 1448 905 1494 acumen
929 1433 1241 1495 testantur,
1270 1443 1394 1484 non
1424 1442 1669 1483 necesse
1694 1426 1950 1487 videtur,
1985 1428 2046 1478 ut
2073 1421 2220 1477 mul-

568 1531 629 1584 ta
641 1523 845 1597 ejusin
856 1519 1100 1579 laudem
1115 1531 1605 1575 commemorem.
1624 1514 1773 1570 illud
1786 1517 2020 1570 tantum
2035 1510 2217 1577 addo,

567 1613 750 1681 nulla,
795 1615 894 1669 aut
922 1613 1076 1667 certe
1105 1605 1473 1680 paucissima
1510 1603 1860 1660 Litterarum
1912 1614 2218 1657 sacrarum

568 1701 877 1763 vocabula,
918 1715 1054 1771 quae
1093 1698 1154 1752 in
1200 1699 1460 1768 quatuor
1504 1690 1834 1760 Evangeliis
1881 1688 1973 1744 vel
2021 1687 2220 1743 minus

570 1796 793 1857 Graeca,
823 1788 919 1845 vel
942 1788 1217 1854 obscura,
1250 1786 1589 1844 occurrunt,
1618 1780 1697 1836 ab
1718 1779 1832 1835 hoc
1862 1776 2220 1850 praetermis-

552 1864 640 1939 i‘sa
664 1896 815 1949 esse,
846 1878 994 1951 quin
1010 1873 1323 1932 vocabulis
1347 1871 1542 1940 magis
1571 1867 1903 1942 perspicuis
1925 1870 1983 1922 ct
2005 1864 2220 1937 proba-

569 1968 885 2026 bilioribus
912 1962 1226 2037 explicarit.
1268 1964 1498 2016 Nexum
1528 1956 1817 2013 orationis
1845 1960 1903 2010 et
1929 1952 2221 2009 narratio-

571 2074 720 2115 num
732 2073 858 2114 cum
873 2052 1244 2125 singulorum
1255 2090 1270 2114 ,
1283 2052 1412 2105 tum
1426 2045 1688 2120 plurium
1703 2043 2219 2114 evangelistarum,

572 2148 918 2205 acutissime
935 2137 1348 2200 animadvertit
1364 2151 1433 2191 ac
1456 2138 1626 2190 notat
1644 2149 1662 2188 :
1680 2132 2021 2188 dissensum
2050 2127 2221 2186 facile

573 2241 629 2295 et
659 2233 948 2293 subtiliter
987 2227 1314 2302 componit.
1356 2224 1481 2282 Etsi
1513 2226 1717 2281 autem
1747 2221 1935 2278 multa
1969 2219 2224 2292 Chryso-

572 2332 789 2395 stomo,
822 2318 1314 2397 praestantissimo
1338 2314 1492 2371 inter
1514 2316 1758 2377 veteres,
1791 2326 1862 2368 ac
1884 2325 2037 2382 pene
2060 2308 2225 2397 dixe-

570 2417 709 2481 rim,
750 2396 853 2470 uni
882 2408 1184 2482 interpreti
1208 2405 1431 2462 debet:
1480 2402 1675 2458 multa
1712 2401 1852 2455 item
1899 2413 1973 2454 ex
2021 2396 2224 2454 multis

2329 1245 2430 1308 tia,
2459 1249 2536 1310 et,
2568 1258 2704 1318 qua:
2743 1246 2837 1301 his
2866 1246 3035 1302 libris
3066 1248 3126 1302 in
3158 1248 3366 1318 primis
3405 1247 3670 1310 debetur,
3718 1248 3836 1303 ﬁde
3872 1249 3974 1305 viri

2328 1333 2759 1393 honesti.baud
2772 1334 2925 1391 adeo
2950 1335 3263 1391 difﬁculter
3293 1352 3546 1391 veruma
3567 1336 3720 1392 falso
3746 1353 3978 1409 separa-

2329 1425 2441 1477 tur.
2480 1423 2595 1477 Etsi
2623 1428 2820 1478 autem
2853 1424 3237 1495 Euthymium
3270 1425 3412 1479 satis
3443 1424 3788 1493 diligentem
3833 1429 3891 1481 et
3914 1427 3976 1481 ti-

2327 1509 2523 1567 delem
2565 1512 2836 1581 cognovi,
2886 1518 3074 1568 tamen
3130 1514 3428 1569 interdum
3472 1513 3602 1568 loca
3646 1514 3971 1571 litterarum

2327 1612 2640 1657 sacrarum
2671 1612 2791 1656 non
2820 1618 2889 1656 ex
2916 1601 3105 1656 Libris
3126 1602 3333 1667 sacris,
3367 1601 3474 1658 sed
3496 1616 3567 1657 ex
3601 1606 3974 1658 Commenta-
4053 1631 4059 1637 -

2329 1687 2427 1742 riis
2450 1689 3071 1760 interpretumlaudat.
3097 1690 3226 1755 Qua
3250 1689 3324 1744 de
3347 1706 3407 1745 re
3430 1688 3747 1762 aliquoties
3770 1692 3975 1745 monui

2327 1775 2387 1831 in
2416 1776 3049 1833 animadversionibus.
3087 1778 3453 1849 Deprehendi
3480 1780 3658 1835 etiam
3689 1778 3976 1835 vocabula

2329 1865 2407 1921 ab
2439 1865 2568 1937 ipso
2598 1867 2853 1937 primum
2876 1866 3055 1931 illata,
3076 1867 3364 1922 nonnulla
3388 1867 3569 1922 etiam
3596 1868 3839 1934 omissa,
3872 1867 3974 1923 sed

2331 1954 2638 2026 pauciora.
2674 1955 2919 2010 Codices
2941 1955 3388 2024 Evangeliorum
3418 1961 3617 2011 autem
3644 1972 3782 2011 cum
3810 1957 3971 2011 Com-

2330 2044 2633 2099 mentariis
2679 2047 2733 2100 et
2764 2044 3003 2109 catenis,
3053 2043 3224 2099 sicuti
3268 2043 3741 2116 Theophylactus
3770 2045 3972 2111 etiam,

2331 2131 2407 2188 ad
2434 2148 2650 2189 manus
2692 2130 2903 2188 habuit
2942 2132 3257 2204 ejusmodi,
3289 2132 3630 2204 cujusmodi
3682 2138 3815 2188 sunt
3859 2132 3973 2188 mei

2330 2224 2711 2295 Mosquenses
2755 2238 2809 2277 a.
2838 2222 2899 2276 d.
2927 2237 2978 2277 e.
3013 2238 3074 2293 g.
3130 2226 3210 2285 t0,
3255 2220 3330 2277 de
3373 2221 3593 2294 quibus
3639 2221 3889 2294 exposui
3915 2222 3973 2276 in

2330 2311 2677 2367 Prmfatione
2696 2325 2843 2365 mea:
2862 2309 3005 2364 Novi
3025 2310 3379 2365 Testamenti
3401 2309 3674 2367 editionis
3697 2312 3773 2365 ad
3798 2313 3975 2365 Evan-

2334 2397 2555 2468 gelium
2602 2398 2802 2453 Marci.
2854 2400 3073 2453 Horum
3121 2398 3458 2454 simillimos
3505 2398 3562 2453 in
3619 2397 3978 2455 bibliotheca

574 2505 706 2561 aliis
733 2500 973 2557 hausit:
1001 2510 1214 2553 omnes
1242 2491 1404 2548 enim
1422 2492 1558 2546 ante
1588 2504 1649 2544 se
1670 2485 2045 2543 consuluisse
2070 2484 2225 2540 vide-
2254 2510 2303 2569 Β
2334 2486 2602 2542 Parisina
2634 2490 2692 2541 et
2738 2484 3176 2541 Vindobonensi
3224 2485 3464 2553 servari,
3511 2486 3760 2555 cognovi
3787 2503 3854 2541 ex
3886 2485 3978 2541 Ri-

574 2597 673 2649 tur
697 2591 1043 2661 interpretes
1068 2602 1080 2640 :
1110 2589 1309 2640 tamen
1330 2579 1392 2635 in
1417 2580 1703 2650 promptu
1728 2578 2032 2646 sunt,qure
2046 2573 2123 2629 ab
2140 2574 2221 2645 ip~

576 2680 703 2736 sius
735 2678 1027 2740 doctrina,
1064 2670 1260 2729 studio
1288 2673 1346 2724 et
1375 2666 1615 2736 ingenio
1645 2666 2045 2721 accesserunt.
2078 2662 2224 2727 Qui-

573 2771 692 2828 bus
720 2783 862 2840 ergo
891 2764 1086 2823 adhuc
1115 2762 1355 2831 ignotus
1384 2760 1472 2811 est
1502 2751 1871 2825 Euthymius,
1900 2752 2003 2815 eis,
2044 2755 2109 2805 ut
2138 2749 2225 2805 in-

574 2860 862 2923 notescat,
894 2850 1206 2914 suaserim,
1245 2850 1312 2902 ut
1340 2843 1550 2901 saltem
1586 2840 1796 2897 ultima
1824 2840 1937 2896 tria
1967 2840 2226 2911 Evange-

572 2948 633 3004 lii
661 2945 914 3004 Matthaei
953 2940 1142 3012 capita
1177 2935 1551 3009 perlustrent.
1586 2931 1746 2985 Hanc
1785 2929 1943 2984 enim
1974 2942 2223 2996 evange-

574 3038 702 3096 licae
746 3031 1107 3093 narrationis
1146 3031 1377 3100 partem
1416 3026 1475 3079 et
1514 3037 1552 3078 a
1603 3019 2052 3091 Chrysostomo,
2087 3020 2143 3073 et
2184 3033 2223 3074 a

575 3125 813 3200 Cyrillo,
867 3121 1025 3179 etab
1055 3118 1177 3173 aliis
1228 3111 1528 3170 veteribus
1572 3106 1973 3200 negligentius
2012 3109 2219 3200 tracta-

574 3195 699 3274 tam
719 3207 1104 3287 deprehendi.
1129 3209 1210 3261 Ex
1230 3200 1498 3272 Origenis
1514 3203 1736 3287 autem,
1766 3195 1991 3287 nescio,
2021 3198 2220 3287 utrum

571 3307 771 3364 dicam
799 3281 1291 3359 Commentariis,
1343 3305 1420 3346 an
1452 3284 1942 3350 cavillationibus,
1985 3281 2220 3338 etiamsi

571 3396 772 3454 omnia
800 3394 928 3465 ejus
957 3386 1172 3459 scripta
1210 3382 1288 3439 ad
1330 3394 1547 3436 manus
1574 3374 1867 3444 habuerit,
1911 3371 2058 3465 nihil
2086 3387 2221 3444 pro-

565 3489 742 3544 ﬁcere
763 3462 969 3556 potuit.
993 3480 1259 3536 Textum,
1287 3485 1468 3543 quem
1498 3462 2216 3556 vocant,AEvange_lior-um

567 3549 1050 3642 multo-quidem
1100 3559 1448 3623 modestius,
1498 3552 1836 3642 accuratius
1888 3555 1947 3605 et
1980 3549 2218 3605 ﬁdelius

567 3639 866 3722 tractavit,
896 3668 1083 3727 quam
1131 3642 1494 3704 consuetudo
1526 3640 1633 3696 fuit
1678 3639 1915 3727 illorum
1947 3642 2003 3692 et
2043 3652 2218 3727 supe-

566 3751 794 3806 riorum
841 3724 1179 3812 temporum
1231 3733 1640 3804 interpretum.
1702 3726 1984 3795 Origenes
2035 3724 2216 3789 enim,

2333 2575 2556 2631 chardo
2584 2573 2871 2640 Simonio,
2903 2573 3226 2639 Lambecio,
3245 2575 3601 2631 Trescbovio
3629 2581 3685 2631 et
3715 2574 3978 2646 nuperri-

2328 2681 2429 2720 me
2454 2680 2525 2719 ex
2556 2663 2768 2719 Altero.
2805 2663 3034 2719 Similes
3077 2663 3252 2718 etiam
3310 2664 3570 2718 Bircbius
3600 2664 3867 2719 adhibuit
3913 2665 3970 2718 in

2332 2753 2590 2809 editione
2630 2752 2972 2818 Hauniensi,
3023 2752 3104 2807 uti
3135 2768 3205 2807 ex
3242 2752 3544 2807 nonnullis
3586 2752 3665 2808 ab
3708 2768 3779 2808 eo
3808 2751 3979 2807 editis

2330 2840 2547 2911 colligo
2566 2839 2826 2897 scholiis.
2852 2842 2906 2898 Si
2930 2855 3073 2910 ergo
3096 2840 3449 2913 Euthymius
3465 2856 3602 2896 cum
3629 2841 3977 2914 hujusmodi

2331 2930 2652 2993 codicibus,
2675 2935 2776 2986 aut
2802 2946 2937 2985 cum
2963 2931 3396 3000 Cbrysostomo,
3421 2930 3676 3003 aliisque
3698 2931 3979 3002 interpre-

2333 3018 2488 3074 tibus
2517 3020 2826 3090 consentit,
2860 3019 2909 3090 ej
2922 3036 2989 3073 us
3018 3023 3227 3074 contra
3252 3018 3526 3074 meliores
3555 3018 3790 3074 codices
3818 3017 3977 3074 nulla

2330 3111 2525 3181 potest
2572 3122 2699 3162 esse
2730 3107 3068 3163 auctoritas.
3107 3105 3255 3161 Illud
3299 3106 3477 3161 etiam
3533 3106 3592 3161 in
3637 3107 3973 3178 Euthymio,

2331 3197 2499 3251 sicuti
2529 3196 2591 3251 in
2621 3195 2892 3268 pluribus
2939 3196 3150 3250 Graecis
3181 3199 3240 3249 et
3269 3194 3494 3250 Latinis
3536 3194 3975 3267 interpretibus,

2330 3284 2615 3357 displicet,
2660 3284 2822 3356 quod
2869 3286 3195 3357 ἀντιγράφων
3251 3283 3614 3339 vocabulum
3676 3283 3977 3339 indeﬁnite

2329 3375 2592 3443 adhibet,
2624 3390 2745 3429 non
2776 3373 2851 3428 de
2896 3372 3035 3429 solis
3070 3371 3214 3427 Novi
3250 3374 3601 3428 Testamenti
3651 3372 3973 3437 codicibus,

2328 3464 2424 3518 sed
2456 3463 2531 3518 de
2562 3463 2948 3532 interpretum
2978 3462 3157 3515 etiam
3186 3461 3648 3516 Commentariis.
3684 3460 3797 3516 Sed
3834 3459 3978 3515 illud

2327 3554 2533 3607 vitium
2572 3565 2891 3605 commune
2931 3549 3238 3620 quondam
3280 3549 3406 3604 fuit.
3443 3553 3523 3605 lta
3554 3549 3979 3604 recentioribus

2327 3642 2507 3695 etiam
2530 3638 2907 3710 temporibus.
2936 3639 3172 3694 inventa
3188 3642 3311 3693 arte
3330 3639 3785 3710 typographica,
3810 3637 3977 3693 multi

2328 3745 2397 3783 ex
2426 3729 2638 3784 criticis
2658 3732 2715 3783 et
2734 3727 3054 3782 editoribus
3076 3727 3268 3782 editos
3290 3728 3465 3783 etiam
3488 3727 3673 3783 libros
3700 3728 3978 3783 codicum

568 3840 816 3910 ejusque
833 3831 1056 3890 nimius
1078 3815 2215 3914 admiratoracimitator,Hieronymus,
2251 3858 2297 3917 Ο
2327 3822 2384 3872 et
2407 3816 2835 3888 exemplarium
2863 3816 3100 3873 nomine
3117 3816 3514 3888 appellarunt.
3547 3819 3613 3872 Ut
3631 3822 3830 3872 autem
3863 3817 3977 3873 hos

565 3902 629 3984 in
654 3902 857 3982 multis
884 3919 1109 3982 leviter,
1135 3915 1196 3970 in
1227 3910 1355 3969 aliis
1384 3904 1702 3981 perﬁdiose
1732 3902 1912 3958 etiam
1945 3904 2213 3970 egerunt.
2254 3902 2296 3917 “
2326 3906 2797 3962 Commentarios
2820 3906 3083 3973 ederem,
3115 3906 3173 3960 in
3205 3905 3407 3977 primis
3428 3922 3521 3961 me
3552 3910 3979 3978 permoverunt

567 3988 2215 4088 chrysostomusautem,abundantisfacundi‘wﬂumine
2323 4000 2407 4052 tot
2454 3994 2927 4051 doctissimorum
2960 3994 3246 4060 virorum,
3282 3995 3661 4067 maximeque
3706 3995 3978 4050 Richardi

564 4076 874 4175 abrépms,
912 4094 1132 4153 multos
1159 4089 1518 4160 scriptorum
1555 4093 1865 4175 sacrorum
1896 4076 2060 4175 locos
2082 4080 2216 4175 .t-l‘n‘f
2326 4084 2591 4149 Simonii,
2624 4084 2697 4139 de
2727 4084 2794 4139 iis
2818 4084 3046 4154 judicia
3058 4100 3079 4175 _;
3108 4082 3324 4137 deinde
3354 4083 3477 4138 duo
3499 4082 3978 4175 praestantissimi

559 4164 742 4258 bavit,
782 4185 1019 4261 disiecit
1061 4186 1119 4239 et
1165 4172 1480 4251 oppressit.
1526 4174 1606 4226 Ac
1648 4167 1945 4261 profecto,
1984 4166 2031 4261 si
2081 4164 2211 4219 libri
2321 4172 2557 4229 codices
2584 4173 3011 4261 Nosqugnses;
3040 4170 3297 4242 denique
3320 4187 3559 4261 gpmma
3583 4170 3763 4261 hum
3792 4170 3977 4227 “belli

558 4254 1061 4353 evangelistarum
1087 4274 1142 4329 et
1172 4263 1587 4341 apostolorum
1612 4272 1719 4353 per
1749 4254 1911 4353 solos
1931 4254 2211 4325 interpre-

2327 4262 2549 4318 raritas.
2582 4259 2823 4316 Mirabili
2873 4260 3032 4313 enim
3080 4274 3229 4313 casu
3277 4257 3512 4313 videtur
3561 4257 3876 4326 accidisse,
3912 4261 3979 4314 ut

557 4376 669 4438 tes,
698 4343 1092 4440 dogmaticos,
1129 4355 1438 4417 homiletas
1467 4354 1524 4406 et
1554 4350 1788 4404 ascetas
1822 4343 1897 4399 ad
1932 4357 2046 4440 nos
2072 4356 2204 4440 per-

2327 4349 2469 4405 inter
2498 4354 2582 4405 tot
2613 4346 2858 4404 Joannis
2896 4345 3154 4401 Hentenii
3204 4344 3496 4401 editiones
3539 4344 3829 4401 versionis
3869 4345 3978 4402 La-

557 4430 883 4521 ἧθῐίίεεθῖὶῑ,
915 4452 1148 4509 dudum
1174 4448 1237 4502 in
1271 4442 1456 4499 dUbiO
1482 4447 1877 4521 versaremur.
1906 4430 2051 4504 (μιίά
2082 4436 2208 4521 tfm-
2316 4439 2456 4495 tiniae
2485 4437 2587 4493 vix
2612 4451 2734 4492 una
2779 4435 3021 4507 reperiri
3074 4433 3283 4507 possit.
3339 4433 3626 4507 Equidem
3661 4435 3819 4491 certe
3868 4447 3979 4505 per

555 4548 696 4605 dem
736 4544 820 4600 illi
869 4518 1233 4612 scripserint.
1285 4533 1453 4587 Nunc
1500 4528 1698 4582 autem
1747 4520 1950 4593 plures
1999 4518 2206 4574 scriba
2315 4542 2501 4583 αοηοε
2531 4524 2849 4581 duodecim
2880 4522 3097 4580 frustra
3117 4522 3209 4578 vel
3239 4537 3429 4578 unum
3462 4520 3977 4593 mihiexempium

555 4638 829 4696 codicum
874 4611 1055 4693 docti,
1083 4622 1287 4682 attenti
1316 4624 1373 4676 et
1412 4612 1635 4679 ﬁdeles,
1669 4625 1880 4684 parum
1924 4611 2203 4664 curantes
2311 4615 2581 4689 quaesivi,
2609 4631 2678 4672 ac
2694 4616 2995 4687 postremo
3022 4613 3265 4668 tandem
3293 4611 3491 4677 didici,
3526 4611 3603 4668 ab
3634 4611 3767 4668 aliis
3790 4611 3976 4667 etiam

554 4728 636 4800 (a)
659 4720 1139 4795 dogmaticorum
1168 4716 1225 4768 et
1248 4707 1633 4780 interpretum
1664 4697 1758 4755 νε]
1788 4696 2203 4800 ΡξξῙθνίῑᾶΐρω
2310 4712 2463 4779 inter
2515 4703 2701 4800 libros
2749 4701 3004 4757 rariores
3060 4700 3279 4756 referri.
3310 4703 3418 4800 "in.
3450 4700 3752 4800 principio
3791 4699 3975 4769 hujus

552 4785 1075 4884 ei’uegiigentiam,
1106 4801 1201 4859 vel
1219 4814 1326 4874 per
1340 4795 1606 4884 fraudem
1634 4795 1694 4847 et
1717 4785 2030 4884 malitiam,
2062 4788 2199 4884 coh-
2310 4792 2583 4850 editionis
2605 4806 2747 4884 ergo
2779 4806 2925 4884 usus
3115 4794 3275 4845 tomo
3309 4786 3977 4884 XIX-.b-ibliutiigumi-ma-

549 4910 640 4963 tra
687 4873 959 4959 codicum
989 4893 1172 4951 ﬁdem
1221 4873 1278 4945 et
1306 4881 1713 4943 auctoritatem
1760 4876 1952 4934 illatas
2002 4873 2203 4930 lectio-
2307 4884 2484 4939 ximus
2518 4878 2929 4950 Lugdunensis
2956 4882 3107 4944 1677.
3142 4894 3321 4951 quem
3344 4877 3484 4933 mihi
3510 4893 3582 4933 ex
3612 4875 3977 4933 bibliotheca

549 5009 659 5053 nes
710 4996 767 5049 et
814 4983 1158 5049 sententiaS,
1200 4978 1283 5045 id.
1333 4971 1498 5048 (ῐοοά
1542 4970 1604 5027 in
1651 4967 1774 5023 ευίε
1816 4964 1962 5021 Νονί
2009 4964 2200 5018 Testa"
2309 4970 2660 5045 amplissimi
2695 4973 2938 5025 senatus
2972 4968 3290 5041 Lipsiensis
3321 4965 3977 5038 commodaveratper-

548 5051 734 5142 ttlenti
765 5075 1075 5136 COdiCibUS
1105 5065 1499 5141 reperiebam,
1528 5060 1586 5115 ίο
1618 5072 1817 5120 suum,
1851 5053 1909 5109 in
1942 5051 2195 5142 alimme
2307 5061 2549 5120 illustris
2585 5058 2879 5124 Mullerus,
2931 5058 3312 5114 serenissimo
3357 5056 3627 5113 Saxonica
3669 5055 3907 5111 electori
3938 5071 3977 5111 a

545 5138 884 5237 {ominum’
916 5164 977 5220 in
1008 5138 1283 5218 ane—Sim
1310 5167 1483 5209 “sum
1515 5146 1819 5221 Pumicnm
1852 5138 2199 5198 ῖτθιηεενίδθ·
2232 5196 2279 5237 n
2309 5149 2570 5209 consiliis
2614 5148 2843 5205 bellicis
2889 5147 3326 5212 secretioribus,
3400 5143 3771 5217 civitatisque
3834 5143 3976 5215 Lip-

2309 5330 2541 5386 bendos
2559 5344 2690 5383 esse
2723 5326 2950 5383 scribas
2982 5328 3258 5382 Codicum
3293 5323 3819 5393 Cantabrigiensis,
3851 5320 3976 5378 Cla-

2309 5400 2674 5463 romontani,
2712 5397 3270 5467 Sangermanensis,
3306 5397 3639 5467 Augiensis,
3670 5393 3977 5467 Boerneri-

2313 5474 2432 5539 ani,
2457 5464 2934 5545 ceterorumque
2968 5470 3098 5539 ejus
3130 5464 3638 5545 generis_._’Sedgde
3660 5464 3971 5545 Cantabri;

2311 5536 2503 5612 giensi
2544 5547 2599 5597 et
2651 5536 3067 5607 Boern'erian'o,
3123 5536 3170 5595 si
3231 5538 3581 5612 prodierint,
3615 5538 3817 5611 plures
3862 5536 3976 5590 viri

2311 5610 2466 5671 docti
2493 5614 2688 5669 verius
2718 5617 2776 5667 et
2802 5613 3136 5668 accuratius
3158 5610 3537 5682 iudicabunt.

618 5368 702 5439 (a)
728 5361 1048 5425 Recordor,
1087 5352 1310 5413 alicubi
1352 5350 1413 5405 in
1453 5343 1684 5418 scriptis
1709 5338 2197 5439 qieli‘n‘ei‘i'shliri

519 5414 1244 5498 -ne\1:iilustris—,hea'mdem
1275 5414 1618 5498 expressam
1648 5429 1777 5470 esse
1813 5414 2196 5498 sententiam;

592 5458 925 5498 eriuusms,
967 5458 1244 5487 cuwucm
1275 5458 1618 5494 caluum»...
1649 5458 1777 5470 υυυν
1815 5458 2194 5491 υυ-π-..--πή.

547 5458 667 5569 ἓθᾱ
695 5510 895 5566 locum
918 5504 1086 5561 illum
1115 5514 1275 5556 nunc
1296 5509 1417 5571 non
1444 5496 1715 5571 poteram
1746 5478 2199 5571 reperire._l'l:lu_d

548 5550 1396 5640 Eﬁieiﬁvd'r‘iiiéiEEuiiSFe's**et
1426 5550 1463 5620 εἰ
1487 5561 1747 5635 partium
1770 5550 2197 5640 studio‘aliLePi

544 5620 1368 5713 EEiB‘EiBEHésTEE'Héihm
1386 5620 1652 5692 numero
1680 5627 1845 5685 nullo
1869 5623 2053 5681 modo
2081 5620 2197 5676 ha-
