4180 6456
211 383 279 444 l3
1732 385 1886 441 PR/E

1996 383 2108 442 ΤΙΟ
3559 379 3625 440 η

213 512 428 568 siensis
453 510 678 567 consul.
711 511 888 582 Typis
912 510 1041 583 jam
1081 525 1365 582 expresso
1396 510 1536 568 folio
1581 515 1749 566 sexto
1781 511 1858 566 ad
1892 512 1938 565 A
1971 524 2093 582 quo
2124 513 2326 566 tamen
2358 507 2533 564 valde
2570 503 2803 563 dubito.
2846 505 3148 564 Parisinus
3176 505 3337 570 9401,
3365 522 3402 563 a
3439 522 3627 563 manu

215 601 502 673 paginam
533 599 617 655 96.
652 599 910 671 Ileynius
940 600 1139 665 etiam,
1170 600 1594 670 augustissimo
1635 603 1859 670 Magnas

216 688 520 744 Britannia:
564 687 683 756 regi
717 703 752 742 a
779 688 1040 743 consiliis
1091 688 1320 752 aulicis,
1355 689 1440 743 vir
1486 688 1859 760 perillustris,

216 778 293 832 ad
315 793 396 831 me
413 777 738 831 transmisit
762 776 1094 839 editionem,
1112 781 1173 831 ut
1197 777 1469 842 arbitror,
1505 777 1861 848 principem,

218 865 642 921 Lovaniensem
683 866 845 921 1544.
892 865 1207 920 Codicibus
1240 870 1423 919 textus
1457 866 1638 920 Graeci
1665 865 1865 919 adhuc

212 953 415 1008 inediti
449 969 588 1008 usus
620 970 744 1008 sum
788 953 1024 1008 duobus
1056 953 1533 1025 Mosquensibus,
1569 953 1867 1010 membra-

213 1041 437 1104 naceis,
465 1043 728 1096 auctoris
775 1047 944 1096 aetate
982 1043 1241 1112 scriptis.
1277 1042 1433 1097 Alter
1454 1045 1518 1095 A.
1548 1048 1635 1097 est
1658 1042 1868 1096 biblio-

216 1129 396 1186 thecze
423 1130 816 1201 typographei
866 1131 1169 1203 synodalis
1200 1130 1388 1184 in-fol.
1421 1147 1591 1187 num.
1624 1132 1676 1192 1.
1708 1145 1869 1184 com-

218 1218 474 1289 plectens
504 1217 644 1273 folia
674 1217 802 1275 274.
831 1218 987 1273 Alter
1027 1222 1066 1274 Β
1093 1224 1179 1272 est
1208 1217 1584 1274 bibliotheca:
1626 1220 1865 1274 sanctis-

219 1308 380 1362 simae
428 1308 639 1378 synodi
672 1307 731 1361 in
760 1307 856 1362 fol.
887 1324 1052 1362 num.
1105 1307 1261 1362 XLIX
1306 1307 1581 1363 foliorum
1629 1309 1753 1363 410.
1807 1308 1869 1360 In

218 1395 318 1450 illo
351 1399 543 1450 textus
568 1394 1014 1463 Evangeliorum
1049 1396 1300 1466 scriptus
1330 1402 1417 1450 est
1448 1395 1652 1449 litteris
1694 1393 1870 1461 paulo

219 1483 566 1552 majoribus,
583 1483 1055 1537 Commentarius
1072 1483 1421 1537 minoribus.
1441 1487 1498 1537 ln
1516 1484 1627 1537 hoc
1643 1482 1870 1538 eaedem

221 1579 360 1627 sunt
404 1571 605 1626 littera:
643 1571 701 1626 in
733 1576 894 1627 textu
923 1573 1052 1626 etin
1085 1571 1338 1632 scholiis,
1371 1571 1476 1626 sed
1513 1572 1638 1634 iste,
1681 1571 1868 1641 liquo—

217 1675 280 1715 re
307 1659 506 1726 rubro,
553 1660 702 1722 haec,
743 1665 1073 1714 atramento
1122 1661 1340 1729 scripta
1381 1667 1536 1714 sunt.
1583 1661 1764 1716 Istum
1811 1659 1870 1713 in

217 1763 353 1803 mea
391 1749 533 1803 Novi
560 1749 916 1803 Testamenti
947 1747 1203 1802 editione
1235 1748 1528 1818 appellavi
1555 1765 1615 1810 η,
1643 1750 1801 1803 hunc
1829 1749 1866 1802 ἱ.

1971 598 2284 655 recentiori
2329 597 2657 667 ascriptum
2687 597 2868 652 habet
2906 611 3123 652 nomen
3171 595 3385 654 Nicetis
3433 598 3627 655 Serra-

1971 703 2126 752 rum,
2159 688 2257 759 qui
2295 686 2469 753 vulgo
2488 684 2891 740 Heracleensis
2911 684 3264 756 appellatur.
3293 684 3450 739 Alter
3477 685 3627 740 Pari-

1974 778 2160 842 sinus,
2195 784 2256 830 ut
2288 775 2562 834 arbitror.
2597 773 2904 838 recentior,
2937 773 3136 828 tribuit
3164 772 3624 845 TheOphylacto,

1975 881 2154 936 quem
2223 863 2499 934 appellat,
2567 866 2655 912 τὸν
2719 864 2989 935 ἱερώτατον
3057 862 3393 936 Βουλγαρίας,
3453 862 3629 918 nimio

1974 969 2110 1010 rum
2177 957 2606 1025 ἀρχιεπίοκοπον.
2663 951 2830 1005 Meus
2874 953 2937 1005 Β.
2994 949 3128 1006 loco
3182 952 3400 1008 indicis
3448 951 3631 1006 habet

1977 1044 2232 1113 spatium
2258 1055 2534 1101 vacuum,
2569 1039 2702 1094 ideo
2724 1039 2997 1103 fortasse,
3033 1045 3092 1093 ut
3117 1045 3324 1110 postea
3348 1056 3383 1094 a
3405 1040 3628 1111 pictore

1978 1147 2148 1195 auro,
2179 1130 2382 1184 aliisve
2409 1128 2709 1184 coloribus
2741 1128 3060 1183 adderetur
3083 1134 3263 1199 atque
3295 1133 3624 1184 ornaretur.

1980 1219 2238 1274 Iudicem
2291 1218 2509 1272 codicis
2552 1217 2882 1286 Aexpressi
2913 1233 2972 1286 p.
3008 1219 3074 1271 10
3118 1215 3440 1271 Hentenius
3489 1216 3629 1271 nul-

1979 1306 2103 1362 lum
2137 1306 2362 1362 videtur
2391 1305 2705 1376 reperisse,
2741 1310 2803 1360 ut
2825 1321 2896 1359 ex
2928 1306 3060 1374 ejus
3092 1305 3435 1376 praefatione
3465 1311 3521 1361 et
3547 1307 3630 1360 in-

1979 1396 2391 1465 terpretatione
2423 1410 2479 1464 p.
2511 1395 2563 1458 9,
2616 1394 2812 1462 colligi
2855 1397 3074 1465 potest.
3107 1395 3170 1448 In
3201 1410 3273 1450 eo
3299 1401 3496 1449 autem
3536 1410 3627 1448 ve-

1978 1483 2285 1539 hementer
2314 1490 2470 1538 errat
2499 1480 2829 1540 Richardus
2862 1482 3188 1544 Simonius,
3213 1482 3372 1553 quod
3409 1482 3630 1540 litteras

1981 1573 2072 1644 ἀμ.
2116 1588 2224 1644 pro
2251 1572 2539 1642 Ἀμμώνιος
2581 1570 2826 1642 accepit.
2873 1573 3022 1626 Nam
3053 1572 3352 1626 Ammonii
3385 1586 3627 1635 nomen,

1978 1661 2140 1734 quod
2166 1660 2446 1732 frequens
2475 1664 2565 1715 est
2593 1660 2654 1715 in
2688 1659 2914 1715 catenis
2943 1661 3182 1726 Graecis,
3221 1663 3281 1715 in
3325 1660 3634 1715 codicibus

1979 1751 2224 1822 quidem
2255 1748 2706 1820 illosquensibus
2732 1763 3048 1820 nunquam
3078 1749 3274 1803 inveni
3303 1749 3631 1822 unoitsori-

226 1839 302 1892 De
330 1839 580 1908 utroque
599 1837 848 1908 exposui
875 1837 950 1891 ad
971 1836 1286 1907 epistolam
1319 1836 1478 1892 Pauli
1511 1837 1589 1891 ad
1624 1837 1867 1890 Thessa-
1907 1857 1950 1912 Β
1981 1845 2171 1911 ptum,
2219 1840 2328 1894 etsi
2375 1839 2525 1907 sigla
2583 1843 2760 1894 esset.
2801 1837 2920 1908 ’An.
2971 1853 3133 1905 ergo,
3160 1838 3324 1910 quod
3357 1839 3531 1893 etiam
3571 1839 3632 1892 in

222 1924 570 1990 lonicenses,
604 1940 664 1996 p.
708 1925 828 1988 202,
861 1927 986 1978 203.
1023 1925 1360 1996 Specimina
1399 1925 1721 1980 litterarum
1758 1940 1871 1979 mre

225 2029 506 2084 expressa
551 2013 796 2068 exhibui
830 2012 907 2068 ad
951 2013 1340 2081 Evangelium
1399 2014 1646 2068 Joannis
1705 2013 1874 2069 istius

229 2102 523 2159 editionis.
574 2101 774 2156 Codex
823 2100 888 2154 Β.
923 2101 1295 2170 praestantior
1335 2106 1421 2156 est
1463 2102 1645 2156 altero
1676 2101 1878 2156 ascri-

225 2191 306 2245 ba
332 2189 688 2258 diligentiori
717 2203 787 2241 ac
806 2186 1055 2241 ﬁdeliori
1086 2186 1361 2258 scriptus.
1389 2191 1533 2243 Nam
1566 2189 1712 2244 alter
1743 2189 1879 2243 scri-

226 2277 311 2332 ba
351 2277 568 2347 saepius
617 2274 916 2330 aberravit
971 2279 1027 2330 et
1070 2274 1126 2329 in
1173 2274 1410 2330 scholiis
1455 2275 1532 2330 ad
1585 2277 1880 2332 Joannem

227 2363 416 2419 multa
444 2363 536 2418 vel
575 2377 680 2434 per
709 2361 1028 2433 pigritiam,
1058 2360 1143 2416 vel
1194 2377 1299 2434 per
1337 2361 1611 2417 fraudem
1645 2368 1880 2434 prmter-

223 2452 400 2508 misit.
455 2453 519 2506 ln
560 2456 814 2522 utroque
869 2451 1092 2513 codice,
1150 2450 1321 2505 sicuti
1361 2451 1418 2505 in
1474 2451 1756 2506 Parisinis
1825 2456 1881 2507 et

224 2539 515 2606 Hentenii,
549 2540 737 2594 multa
775 2539 999 2594 scholia
1039 2538 1117 2593 ab
1147 2539 1358 2593 iisdem
1400 2539 1609 2594 scribis
1659 2540 1878 2612 scripta

225 2636 362 2684 sunt
385 2629 447 2684 in
480 2628 766 2697 margine,
805 2628 878 2683 de
905 2627 1112 2699 quoin
1158 2627 1302 2682 locis
1346 2627 1595 2698 singulis
1625 2627 1876 2684 lectores

223 2717 455 2774 monui.
483 2715 766 2772 Videntur
787 2720 986 2772 autem
1012 2715 1126 2771 ista
1156 2715 1383 2771 scholia
1401 2721 1640 2772 auctore
1665 2717 1877 2789 Euthy-

229 2807 350 2863 mio
378 2807 531 2878 ipso,
565 2810 694 2877 post
749 2805 879 2876 ejus
925 2805 1234 2877 repetitam
1277 2805 1602 2870 lectionem,
1651 2806 1881 2863 adlecta

232 2910 380 2955 esse,
404 2909 504 2964 per
523 2893 768 2950 eosdem
785 2891 1037 2948 scribas.
1065 2893 1125 2948 Id
1154 2893 1296 2948 satis
1319 2892 1384 2948 fit
1408 2893 1709 2965 probabile
1742 2910 1879 2950 cum

235 2997 307 3038 ex
335 2982 462 3038 aliis
507 2981 671 3048 locis,
729 2987 852 3036 tum
881 2996 954 3036 ex
991 2979 1217 3037 scholio
1261 2979 1336 3036 ad
1373 2983 1510 3036 Luc.
1542 2997 1622 3045 ix,
1656 2987 1740 3037 55.
1771 2981 1883 3036 Ad-

236 3070 350 3126 huc
375 3070 532 3126 enim
560 3071 621 3126 in
667 3069 973 3126 codicibus
1021 3068 1242 3126 desunt
1273 3070 1477 3125 omnia
1507 3069 1585 3126 ab
1620 3077 1719 3123 Καὶ
1747 3071 1883 3123 εἶπεν

237 3159 332 3210 οὐκ
375 3159 451 3214 ad
491 3157 616 3211 ἀλλὰ
653 3168 842 3212 σῶσαι.
893 3158 1028 3212 Haec
1088 3158 1250 3214 enim
1293 3158 1489 3228 primo
1533 3160 1884 3231 Euthymius

234 3248 586 3304 auctoritate
638 3246 1042 3319 Chrysostomi
1102 3248 1436 3303 excluserat
1475 3264 1487 3301 :
1521 3248 1583 3303 in
1635 3248 1888 3320 repetita

238 3341 439 3392 autem
470 3335 751 3401 lectione,
783 3338 848 3390 ut
878 3335 1022 3391 satis
1053 3333 1226 3390 docet
1271 3335 1566 3390 scholium
1601 3336 1674 3391 ad
1707 3336 1888 3396 istum

233 3423 458 3488 locum,
488 3423 753 3493 ejusdem
784 3422 1130 3482 auctoritate
1160 3421 1493 3478 addiderat.
1524 3423 1688 3479 Forte
1728 3424 1889 3481 hunc

235 3511 510 3567 laborem
565 3510 768 3573 etiam,
799 3509 970 3566 sicuti
1018 3508 1392 3581 Panopliam,
1419 3510 1658 3580 jubente
1688 3513 1890 3570 Alexio

239 3599 549 3654 Comneno
596 3597 877 3670 suscepit,
924 3613 993 3653 ac
1023 3597 1222 3669 plures
1249 3598 1892 3670 scribasimperatoriis

235 3686 531 3760 impensis
562 3686 889 3744 conductos
916 3685 1146 3742 habuit.
1195 3687 1309 3741 Sed
1351 3686 1413 3742 id
1445 3687 1662 3744 deinde
1691 3705 1894 3746 recen-

238 3778 414 3832 tiores
459 3775 637 3831 etiam
685 3773 897 3830 scribae
936 3774 1145 3831 imitati
1194 3779 1349 3844 sunt,
1385 3780 1449 3830 ut
1487 3792 1559 3831 ex
1607 3778 1892 3833 [lentenio

239 3865 505 3920 discitur.
536 3867 684 3919 Nam
715 3863 978 3919 Hentenii
1015 3862 1219 3929 codex,
1253 3864 1358 3918 etsi
1387 3864 1532 3919 satis
1560 3864 1778 3929 bonus,
1805 3866 1895 3936 ju-

243 3953 374 4010 dice
404 3954 585 4010 etiam
615 3951 1126 4018 Simonio,haberi
1156 3952 1354 4017 debet,
1383 3957 1583 4009 tamen
1617 3953 1747 4009 sine
1777 3954 1895 4012 ullo

245 4041 435 4098 dubio
466 4041 615 4097 meis
645 4040 755 4096 fuit
799 4040 1106 4095 recentior.
1141 4041 1371 4096 Etenim
1404 4040 1736 4100 Hentenius
1768 4043 1896 4113 ipse

247 4131 630 4204 conqueritur
657 4129 731 4185 de
774 4128 974 4186 multis
1019 4144 1090 4184 ac
1136 4127 1485 4184 difﬁcilibus
1540 4129 1725 4199 siglis,
1761 4146 1896 4202 quas

245 4236 454 4292 paucae
492 4224 548 4282 et
594 4222 745 4274 notas
787 4225 920 4272 sunt
961 4217 1022 4272 in
1073 4218 1248 4272 meis.
1303 4217 1589 4276 Praeterea
1635 4219 1897 4278 Hentenii

247 4307 615 4380 appendices
636 4307 810 4362 etiam
827 4305 1008 4362 habet
1024 4321 1093 4361 ex
1105 4305 1545 4378 Theophylacto
1567 4311 1622 4362 et
1643 4307 1898 4365 aliorum

249 4396 514 4460 scholiis,
551 4412 688 4469 qum
719 4395 779 4452 in
823 4399 1036 4451 neutro
1085 4409 1357 4451 meorum
1406 4401 1778 4467 comparent.
1808 4396 1900 4452 Ni-

246 4485 576 4542 hilominus
607 4490 806 4542 tamen
835 4483 1036 4540 multis
1060 4483 1119 4538 in
1165 4483 1310 4540 locis
1335 4485 1606 4541 versione
1631 4484 1902 4542 Hentenii

248 4590 362 4647 pro
385 4573 586 4629 codice
604 4574 687 4628 uti
705 4571 889 4644 potui.
917 4575 1062 4628 Eam
1082 4571 1261 4641 igitur
1280 4572 1392 4627 hac
1419 4572 1599 4628 etiam
1623 4573 1696 4628 de
1721 4588 1906 4630 causa
1939 4556 1984 4609 D

247 4664 534 4719 intactam
560 4660 770 4732 reliqui
804 4683 816 4715 :
847 4660 1042 4734 adjeci
1064 4664 1264 4716 tamen
1294 4660 1500 4732 partim
1540 4663 1598 4716 in
1627 4662 1904 4719 animad-

250 4750 651 4815 versionibus,
680 4749 896 4822 partim
936 4750 998 4804 in
1029 4747 1148 4804 ﬁne
1203 4749 1398 4820 operis
1429 4749 1750 4806 nonnullas
1783 4765 1908 4812 cor-

249 4841 569 4898 rectiones.
618 4841 730 4898 Sex
777 4844 976 4910 autem
1028 4837 1258 4896 codices
1295 4838 1479 4894 Graeci
1528 4841 1907 4902 Commenta-

251 4930 484 4986 riorum
523 4927 822 4998 Euthymii
853 4927 916 4982 in
946 4926 1270 4996 Evangelia
1313 4925 1460 4984 mihi
1500 4927 1702 4984 adhuc
1732 4927 1902 4986 inno-

254 5021 517 5074 tuerunt.
551 5019 676 5077 Duo
723 5018 1123 5088 Mosquenses,
1167 5013 1454 5083 Hentenii,
1498 5015 1616 5070 duo
1660 5014 1906 5070 Parisini

253 5107 401 5177 regii
435 5121 617 5176 num.
665 5108 802 5161 2393
847 5111 902 5158 et
941 5104 1100 5170 2401,
1147 5107 1203 5158 et
1242 5103 1322 5174 (ὁ)
1369 5103 1786 5160 Baroccianus.
1847 5106 1912 5158 lu

255 5195 423 5252 nullo
449 5195 669 5250 horum
688 5192 963 5248 codicum
989 5206 1211 5247 nomen
1230 5193 1502 5260 auctoris,
1523 5193 1634 5247 nisi
1664 5191 1812 5248 forte
1852 5191 1914 5248 in

255 5284 644 5348 Barocciano,
676 5298 858 5356 quem
907 5280 1118 5352 Millius
1162 5281 1451 5350 tractavit,
1480 5283 1789 5353 reperitur,
1839 5279 1915 5336 de

331 5483 408 5554 (b)
435 5481 652 5544 “illius
699 5479 917 5554 in___sua_
953 5479 1020 5554 Νἷ
1059 5477 1216 5554 Test.
1263 5475 1682 5554 editione‘aute
1723 5473 1917 5554 capita

257 5547 491 5610 Eusebii
520 5550 822 5620 Evangelii
868 5549 1137 5616 Matthaei,
1183 5548 1305 5602 duo
1340 5548 1467 5602 loca
1494 5547 1918 5620 Commentarii

257 5625 563 5697 Euthymii
591 5617 867 5697 ligabeui
885 5622 942 5674 in
976 5621 1538 5697 Hattbzeumunotat,
1558 5632 1691 5688 quae
1714 5617 1918 5697 legunt

257 5703 356 5756 tur
386 5687 447 5756 in
477 5698 591 5760 hac
621 5687 880 5752 editione
909 5709 968 5765 p.
1011 5696 1069 5747 l3
1109 5697 1163 5748 et
1188 5692 1276 5745 15.
1323 5693 1397 5744 Ea
1426 5687 1627 5746 autem
1669 5687 1918 5758 reperiri

1983 1944 2118 1984 meo
2156 1931 2205 1983 Α
2239 1928 2540 1998 reperitur,
2585 1931 2752 1982 notat
2789 1926 2949 1998 ἀμήν.
2995 1927 3072 1982 Ex
3118 1928 3210 1982 his
3240 1933 3507 2000 apparet,
3549 1928 3633 1992 ig-

1983 2021 2193 2071 notum
2231 2030 2359 2070 esse
2391 2029 2616 2072 nomen
2643 2016 2906 2071 auctoris
2932 2015 3144 2070 horum
3171 2016 3636 2071 Commentario-

1984 2119 2137 2159 rum.
2177 2103 2339 2158 Unde
2381 2117 2526 2170 ergo
2567 2104 2964 2172 cognoscitur,
3011 2103 3190 2158 fuisse
3218 2105 3636 2176 Euthyminm?

1990 2192 2300 2248 Scilicetex
2318 2192 2594 2260 ejusdem
2613 2193 3052 2250 Commentario
3069 2193 3128 2248 in
3152 2194 3438 2261 Psalmos,
3451 2208 3632 2266 quem

1992 2280 2346 2342 Hentenius,
2379 2279 2884 2343 Montefalconius,
2927 2296 3162 2351 nosque
3214 2281 3326 2352 ipsi
3373 2281 3636 2337 tractavi-

1989 2384 2143 2424 mus.
2172 2367 2486 2432 Quomodo
2513 2371 2713 2422 autem
2736 2369 2762 2421 ‘I
2787 2368 2981 2423 Primo
3017 2369 3284 2435 quidem,
3314 2385 3422 2424 nec
3451 2385 3634 2425 ovum

1987 2473 2103 2513 ovo
2150 2457 2231 2512 ita
2267 2460 2357 2512 est
2405 2454 2620 2520 simile,
2655 2460 2716 2510 ut
2756 2470 2896 2511 cum
2938 2457 3226 2512 Hentenio
3271 2457 3502 2529 loquar,
3554 2459 3636 2514 uti

1988 2544 2208 2601 similes
2233 2550 2369 2598 sunt
2386 2542 2886 2600 hiCommentarii
2914 2548 3370 2602 Commentariis
3396 2548 3455 2602 in
3477 2547 3637 2602 Psal-

1987 2649 2139 2689 mos.
2183 2630 2477 2696 Secundo,
2522 2632 2582 2688 in
2622 2631 2864 2687 scholiis
2891 2633 2965 2688 ad
2999 2634 3268 2690 Psalmos
3298 2635 3639 2706 frequenter

1986 2721 2166 2791 hujus
2203 2719 2626 2778 Commentarii
2659 2721 2728 2776 fit
2752 2721 2996 2785 mentio,
3028 2722 3111 2779 ita
3157 2729 3220 2779 ut
3255 2739 3514 2796 quorum
3556 2725 3636 2780 ibi

1989 2811 2093 2868 ﬁat
2130 2810 2374 2877 mentio,
2408 2825 2480 2865 ea
2507 2809 2605 2866 hic
2653 2811 3047 2882 reperiantur.
3087 2813 3295 2878 Tertio,
3325 2815 3640 2869 Commen-

1989 2899 2172 2955 tarius
2199 2899 2259 2952 in
2284 2896 2553 2954 Psalmos
2567 2913 2791 2955 nomen
2813 2900 3106 2972 Euthymii
3136 2902 3405 2958 additum
3437 2902 3638 2968 habet,

1991 2989 2097 3044 etsi
2127 3003 2250 3044 non
2285 2987 2347 3042 in
2373 2987 2654 3044 omnibus
2689 2987 3019 3044 codicibus.
3060 2991 3301 3046 Codices
3327 2994 3641 3048 Commen-

1992 3076 2268 3132 tariorum
2298 3076 2358 3130 in
2382 3075 2670 3139 Psalmos,
2701 3078 2806 3148 qui
2829 3077 3006 3147 vulgo
3037 3079 3359 3151 Euthymio
3387 3081 3648 3136 tribuun-

1921 3203 1962 3260 Ο
1995 3164 2194 3260 ιιινίίη
2226 3164 2685 3260 Mosquensibus
2703 3165 3083 3260 bibliothecis
3119 3171 3314 3225 inveni
3338 3170 3514 3226 duos.
3539 3173 3648 3227 Ac-

1997 3254 2154 3310 cedit
2193 3254 2393 3309 tertius
2441 3253 2553 3310 illis
2582 3253 2757 3310 valde
2802 3255 3033 3311 similis.
3081 3260 3160 3312 De
3197 3258 3292 3313 his
3343 3260 3493 3315 infra
3521 3276 3646 3315 mo-

1997 3343 2120 3398 nui.
2145 3342 2259 3400 Sed
2285 3358 2356 3398 ex
2386 3342 2480 3397 his
2501 3342 2642 3397 nihil
2666 3343 2936 3408 efficitur,
2952 3347 3116 3416 quod
3130 3350 3386 3402 auctoris
3403 3350 3647 3404 nomine

1999 3436 2218 3488 careat.
2243 3432 2665 3486 Verumtamen
2694 3430 2768 3485 de
2787 3431 3059 3503 Philippo
3082 3434 3280 3499 Saulo,
3299 3437 3402 3506 qui
3423 3436 3650 3506 primus

2002 3520 2211 3577 Latine
2226 3518 2883 3575 ediditCommentarios
2905 3520 2968 3575 in
2996 3520 3278 3587 Psalmos,
3302 3539 3527 3596 eosque
3548 3527 3653 3579 Eu-

2004 3608 2230 3675 thymio
2245 3607 2467 3676 tribuit,
2485 3607 2794 3678 probabile
2825 3608 3059 3666 videtur
3081 3625 3220 3667 eum
3237 3613 3536 3685 Euthymii
3551 3627 3653 3670 no-

2004 3715 2140 3756 men
2170 3699 2459 3770 reperisse
2490 3697 2550 3754 in
2581 3715 2701 3754 uno
2723 3703 2825 3753 aut
2859 3699 3135 3771 pluribus
3175 3704 3502 3764 codicibus.
3548 3708 3656 3760 Ac-

2003 3789 2160 3846 cedit
2180 3787 2327 3844 tides
2357 3787 2745 3844 etauctoritas
2770 3788 3230 3858 Montefalconii,
3257 3793 3356 3865 qui
3385 3794 3466 3850 ita
3486 3810 3655 3866 repe-

2002 3877 2080 3932 rit
2117 3877 2177 3932 in
2206 3876 2515 3932 codicibus
2559 3875 2958 3932 Coislinianis.
3022 3880 3106 3935 lta
3163 3882 3325 3936 enim
3371 3883 3545 3940 habet
3596 3884 3656 3938 in

2008 3966 2145 4023 Bibl.
2199 3965 2460 4029 Coislin.,
2512 3981 2573 4037 p.
2630 3966 2768 4020 178:
2805 3968 3110 4038 Eut/zyms’i
3164 3971 3478 4041 Zygadem'
3526 3973 3658 4043 (sic)

2008 4056 2421 4111 Commentariz'
2445 4055 2508 4108 in
2549 4055 2843 4110 Psalmos.
2873 4056 3037 4111 Adde
3066 4059 3350 4115 eumdem
3377 4077 3434 4132 p.
3471 4062 3536 4116 58
3558 4065 3663 4133 Zy-

2007 4145 2276 4216 gabenus
2303 4143 2658 4215 appellatur,
2693 4143 2837 4199 ibid.
2871 4161 2929 4216 p.
2975 4150 3080 4202 200
3106 4153 3160 4203 et
3180 4152 3304 4205 425.
3335 4149 3659 4206 Hentenius

2009 4249 2149 4289 eum
2169 4231 2536 4303 Zigabonum
2561 4232 2845 4304 appellat.
2873 4234 3098 4299 Quibus
3113 4239 3357 4293 nomina
3379 4239 3547 4309 plura
3578 4255 3664 4294 re-

2011 4322 2337 4376 centiorum
2351 4320 2694 4375 Grecorum
2709 4327 2851 4376 nota
2875 4330 3033 4386 sunt,
3060 4324 3096 4376 ii
3123 4331 3364 4389 norunt,
3379 4325 3661 4396 etymolo-

2013 4411 2174 4479 giam
2191 4409 2423 4463 illorum
2435 4408 2741 4462 nominum
2756 4407 3070 4464 valdeesse
3083 4411 3456 4482 impeditam.
3478 4417 3541 4471 In
3556 4415 3666 4472 hoc

2014 4498 2258 4554 nomine
2279 4502 2478 4552 autem
2503 4499 2542 4551 Y
2563 4495 2704 4550 oriri
2730 4497 2920 4566 potuit
2945 4514 3014 4553 ex
3047 4500 3226 4572 ζυγος.
3249 4505 3311 4558 ﬂ.
3332 4518 3403 4558 ex
3426 4503 3590 4575 βαίνω
3610 4512 3664 4559 Δ.

2016 4601 2088 4641 ex
2101 4582 2223 4641 δέω.
2259 4584 2457 4640 Undel
2471 4585 2705 4648 venerit,
2731 4601 2908 4642 nemo
2922 4587 3086 4644 facile
3098 4590 3504 4648 hariolabitur.
3523 4595 3671 4648 Prie-

2016 4681 2101 4731 ter
2125 4674 2360 4730 codices
2381 4676 2955 4732 Commentariorum
2987 4679 3281 4750 Euthymii
3299 4683 3358 4736 in
3381 4683 3666 4748 Psalmos,

2019 4767 2274 4834 MOSqum
2304 4763 2505 4820 inveni
2555 4763 2737 4822 etiam
2769 4765 3002 4821 codices
3041 4769 3307 4838 ejusdem
3351 4771 3666 4843 Panoplite.

2021 4856 2100 4908 De
2130 4853 2220 4908 his
2262 4851 2444 4924 paulo
2483 4851 2727 4908 inferius
2768 4854 2912 4909 dixi.
2962 4861 3130 4912 Anna
3180 4858 3528 4923 Commena,
3565 4861 3670 4915 lib.

2019 4955 2118 5002 xv,
2146 4954 2204 5011 p.
2261 4940 2385 5005 490,
2445 4940 2583 4995 edit.
2637 4941 2822 4998 Paris.
2855 4943 3015 5010 1651,
3046 4951 3103 5000 et
3152 4948 3265 5002 Leo
3303 4947 3551 5003 Allatius
3603 4951 3672 5004 de

2023 5043 2321 5084 consensu
2370 5029 2676 5101 utriusque
2721 5032 2992 5087 Ecclesiae
3039 5050 3184 5104 pag.
3237 5036 3370 5101 638,
3403 5053 3474 5092 ex
3535 5045 3675 5092 tunc

2025 5119 2309 5185 temporis
2357 5117 2510 5174 libro
2563 5119 2786 5174 inedito
2836 5121 2920 5176 ita
2994 5121 3218 5178 habent
3267 5141 3277 5178 :
3339 5132 3675 5199 ΙΙαραπέμπω

2022 5209 2136 5264 τοὺς
2186 5204 2532 5277 βουλομένους
2604 5213 2696 5264 τὴν
2768 5208 2887 5264 ὃλην
2959 5212 3160 5284 αἰρεσιν
3228 5222 3327 5264 τῶν
3385 5217 3676 5286 Βογομίλων

2027 5293 2311 5364 ὸιαγνώναι
2347 5296 2412 5354 εἰς
2461 5299 2519 5346 τὸ
2560 5296 2691 5346 οὕτω
2737 5296 3046 5369 καλθύμενον
3080 5299 3302 5371 βιϐλίον,
3349 5299 3678 5374 δογματικὴν

2027 5466 2206 5547 tradit
2232 5468 2290 5523 in
2314 5467 2518 5547 codice
2549 5468 2901 5547 Bodleiano.
2924 5542 2938 5547 _
2963 5474 3108 5530 Cum
3149 5491 3289 5547 vero
3324 5477 3383 5531 in
3412 5477 3679 5547 Prolego-

2029 5541 2209 5594 menis
2239 5540 2476 5594 nullam
2509 5541 2867 5597 mentionem
2915 5542 3114 5599 fecerit
3142 5546 3441 5602 Bodleiani
3463 5540 3682 5603 codicis

2033 5611 2350 5690 lﬂuthymii,
2400 5613 2678 5690 suspicio
2725 5613 3042 5690 subo_ritur,
3074 5618 3316 5690 Milium
3378 5636 3481 5690 pro
3539 5619 3682 5674 Bod-

2027 5682 2220 5740 leiano
2253 5681 2529 5740 voluisse
2545 5684 2803 5742 scribere
2838 5687 3228 5743 .Barocciano.
