4180 6446
518 379 588 435 15
2027 370 2171 427 PRA

2292 372 2411 429 .TlO
3858 370 3926 424 16

516 500 824 565 πανοπλίαν,
891 497 946 561 ἐξ
999 497 1251 567 έπιταγῆς
1306 495 1499 566 τούμοῦ
1547 498 1743 567 πατρὸς
1805 497 2159 551 συντεθεῖσαν.
2194 497 2237 551 Α

522 596 627 646 Καὶ
665 593 764 663 γὰρ
811 590 1043 661 μοναχὸν
1091 604 1205 636 τινα
1257 579 1562 654 Ζυγαδηνόν
1609 583 1942 655 καλοῦμενον,
1991 605 2165 656 γνωσ-

517 686 606 734 τόν
633 684 725 752 μὲν
758 685 820 750 τῇ
854 672 1103 745 δεσποίνῃ
1136 676 1227 724 καὶ
1271 675 1398 744 πρὸς
1436 675 1639 744 μητρὸς
1682 670 1779 744 έμῇ
1825 675 2039 746 μάμμῃ,
2073 680 2163 726 καὶ

515 776 647 824 πᾶσι
692 763 797 828 τοῖς
850 770 943 816 τοῦ
996 765 1260 836 ἱερατικοῦ
1316 759 1630 832 καταλόγου,
1680 769 2052 834 γραμματικῆς
2103 759 2164 815 δὲ

514 861 585 922 εἰς
610 859 770 931 ἄκρον
802 853 1093 913 ἑληλακότα
1122 856 1208 903 καὶ
1240 852 1523 926 ῥητορικῆς
1553 850 1647 902 οὐκ
1676 849 1985 923 ἀμελέτητον
2016 856 2158 917 ὄντα,

510 953 601 1001 καὶ
643 949 702 999 τό
757 941 936 1016 δόγμα
986 944 1056 1003 ὡς
1103 940 1197 992 οὐκ
1222 939 1367 1000 ἄλλος
1404 959 1485 1000 τις
1524 938 1882 1011 ἐπιστάμενον.
1914 947 2106 993 Τοῦτον
2136 941 2163 992 ό

512 1036 853 1109 αὐτοκράτωρ
935 1028 1397 1102 μεταπεμψάμενος
1480 1026 1715 1090 ἐπέταξεν
1781 1028 1991 1089 ἁπάσας
2074 1031 2164 1089 τὰς

513 1128 741 1200 αἱρέσεις
805 1120 1068 1189 ἐκθέσθαι,
1136 1116 1361 1174 ἑκάστην
1434 1114 1568 1188 ἰδίᾳ,
1647 1121 1738 1168 καὶ
1807 1116 1887 1188 ἐφ’
1965 1117 2159 1191 ἑκάστῃ

513 1217 532 1287 [
547 1215 753 1284 ἑκάστῳ
770 1209 910 1267 edit.
934 1207 1118 1263 Paris.
1136 1204 1302 1278 quod
1316 1205 1521 1277 ipsum
1534 1219 1780 1277 quoque
1794 1205 1927 1262 ferri
1941 1207 2157 1277 potest]

513 1306 604 1364 τὰς
639 1309 741 1355 τῶν
779 1299 939 1370 ἁγίων
997 1299 1236 1369 Πατέρων
1301 1292 1598 1368 ἀνατροπὰς
1658 1292 2048 1367 ἐγγράψασθαι.
2092 1324 2162 1335 -..

511 1396 718 1449 Ταὺτην
767 1392 856 1446 τὴν
928 1383 1108 1458 βίϐλον
1181 1380 1509 1455 δογμπικήν
1584 1382 1872 1434 πανοπλίαν
1933 1383 1961 1433 ό
2004 1382 2163 1435 αὐτο.

511 1483 721 1556 κράτωρ
796 1478 1080 1547 ὠνόμασεν.
1152 1469 1461 1543 Ζυγαδηνὸν
1517 1485 1660 1541 ergo
1736 1470 1917 1526 habet
1981 1470 2161 1527 editio

512 1569 800 1631 Parisina,
849 1563 1095 1622 Allatius
1124 1577 1197 1617 ex
1249 1559 1477 1625 codice,
1520 1575 1630 1615 nec
1670 1558 2163 1616 Montefalconius

512 1660 573 1717 in
617 1656 765 1715 bibl.
804 1652 1041 1711 Coislin.
1073 1667 1135 1723 p.
1199 1650 1305 1704 559
1355 1664 1428 1705 ex
1467 1663 1576 1704 suo
1631 1647 1837 1703 codice
1877 1647 1993 1703 hoc
2036 1647 2164 1704 loco

508 1745 742 1805 notavit
783 1743 1148 1799 dissensum.
1216 1735 1507 1811 Panoplia
1561 1736 1855 1808 Euthymii
1898 1736 2162 1808 primum

2413 501 2490 551 Τὰ
2518 501 2683 550 πάντα
2714 495 2785 563 δ’,
2818 502 2883 558 ὼς
2910 505 3045 571 χρὴ,
3073 504 3169 551 παὶ
3198 497 3365 557 καλῶς
3404 496 3693 569 ἐσκεμμένα
3725 513 3737 525 ·

2416 591 2513 638 Καί
2542 606 2591 637 τι
2618 585 2766 637 πλέον
2800 590 3034 661 φέροντα,
3060 586 3329 657 τολμήσας
3356 585 3488 655 λέγω
3512 600 3525 612 ⁶

2413 675 2582 746 Χάρις
2613 668 2671 724 δὲ
2695 678 2843 724 πᾶσα
2868 681 2938 743 τῷ
2972 681 3114 744 σοφῷ
3147 676 3530 746 Χρυσοστόμῳ.

2272 761 2386 814 llos
2416 776 2622 816 versus
2663 761 2949 817 Macarius
2994 760 3519 833 Chrysocephalus,
3552 760 3803 831 scriptor
3835 776 3921 814 re-

2270 847 2512 914 centior,
2543 849 2619 903 ita
2648 849 2707 904 in
2747 864 2887 903 suos
2916 866 3061 903 usus
3112 848 3409 913 convertit,
3448 852 3512 904 ut
3567 851 3801 903 constat
3846 862 3918 902 ex

2272 935 2542 1001 Fabricii,
2575 936 2727 994 Bibl.
2767 937 2863 993 Gr.
2898 941 2935 992 t.
2964 938 3079 1000 VII,
3110 953 3149 1009 p
3169 940 3293 992 772.

2282 1042 2291 1045 ‘
2414 1025 2617 1077 Πολλῶν
2649 1030 2812 1077 πόνων
2843 1028 3016 1100 ἔρανος
3045 1024 3419 1099 ἠκριϐωμένος,

2409 1116 2487 1166 Τὰ
2522 1116 2693 1167 πάντα
2717 1111 2790 1180 δ’,
2823 1117 2892 1175 ὡς
2921 1119 3055 1187 χρὴ,
3080 1119 3169 1167 καὶ
3189 1113 3353 1175 καλῶς
3383 1113 3693 1186 ὶσκεμμένα,

2414 1200 2582 1255 Οὐδὲν
2610 1206 2870 1276 περιττὸν,
2908 1201 3031 1255 οὐδὲ
3055 1202 3226 1255 λεῖπον
3257 1199 3462 1267 ἐνθάδε,

2411 1295 2679 1364 Μακάριος
2699 1292 2899 1363 συνῆψε
2929 1288 3310 1364 φιλαδελφίας.

2270 1399 2454 1456 Credo
2512 1406 2734 1464 autem,
2777 1398 2869 1455 Jo.
2934 1399 3422 1471 ChristOphorum
3479 1397 3797 1462 Wolﬁum,
3857 1397 3918 1453 in

2269 1487 2474 1543 codice
2487 1487 2849 1544 Barocciano
2873 1486 2985 1542 hos
3005 1502 3207 1542 versus
3229 1488 3311 1543 ita
3332 1485 3583 1558 scriptos
3601 1486 3915 1558 reperisse:

2415 1575 2616 1628 Πολλῶν
2638 1607 2705 1615 -
2736 1575 3086 1650 ἠκριϐωμένος
3115 1593 3128 1607 ·
3152 1571 3319 1628 Οὐδὲν
3342 1606 3407 1615 -
3430 1570 3632 1627 ἐνθάδε.

2413 1667 2489 1721 Τὰ
2530 1667 2701 1718 πάντα
2748 1697 2815 1705 -
2867 1664 3175 1737 ἐσκεμμένα.
3238 1665 3506 1736 Μακάριος
3562 1694 3630 1704 —
3679 1658 3917 1734 φιλαδελ-

3656 1750 3844 1825 [φείας.

510 1837 672 1895 edita
695 1836 785 1891 est
830 1829 1029 1888 Latine
1072 1843 1147 1883 ex
1190 1825 1460 1881 versione
1504 1824 1655 1915 Petri
1702 1825 1999 1915 Francisci
2040 1824 2165 1881 Zini
2196 1824 2242 1879 Β
2270 1843 2404 1915 Ipse
2449 1848 2672 1910 autem,
2731 1847 2795 1897 ut
2848 1840 3104 1905 videtur,
3155 1839 3431 1896 ordinem
3470 1838 3733 1895 mutavit,
3791 1841 3918 1895 Non

512 1920 868 1983 Veronensis
921 1918 1129 1973 Venet.
1184 1915 1322 1971 1555
1367 1930 1404 1970 a
1463 1928 1586 1986 quo
1640 1912 1802 1968 haud
1858 1912 2039 1969 dubie
2092 1929 2165 1969 ex

513 2011 739 2071 codicis
760 2006 956 2065 indice
997 2008 1241 2060 vocatur
1273 2002 1621 2073 Zigabenus.
1667 2001 1868 2057 Graece
1919 2002 2165 2073 primun

513 2098 795 2175 apparuit
815 2091 1164 2167 Tergobysti
1216 2093 1350 2148 1710
1378 2108 1502 2164 qua
1529 2090 1790 2147 editione
1820 2090 1911 2146 usi
1956 2106 2163 2146 sumus

516 2194 798 2263 Mosquaa.
866 2184 968 2241 Hic
1045 2179 1377 2255 appellatur
1444 2175 1758 2251 Ζιγαδηνὸς.
1834 2179 2035 2235 Dicam
2088 2179 2164 2235 de

514 2278 823 2338 codicibus
845 2270 1297 2348 Mosquensibus
1313 2270 1495 2341 hujus
1512 2267 1832 2342 Panopliw.
1867 2268 2165 2342 Antiquis-

514 2370 702 2426 simus
766 2369 855 2423 est
927 2360 1425 2419 membranaceus
1465 2374 1584 2414 sec.
1652 2373 1729 2414 xu
1795 2357 2163 2413 bibliothecas

515 2453 906 2531 typographei
945 2448 1256 2523 synodalis
1296 2446 1471 2502 in-fol
1501 2445 1798 2510 num.,10,
1812 2444 1916 2516 qui
1960 2444 2023 2499 in
2049 2444 2166 2499 hoc

516 2545 763 2602 nomine
791 2556 916 2597 non
935 2536 1132 2594 differt
1162 2534 1242 2590 ab
1289 2532 1544 2588 editione
1577 2531 2043 2603 Tergobystana.
2067 2532 2164 2587 Se-

517 2631 752 2691 cundus
781 2626 1053 2700 ejusdem
1078 2620 1455 2678 bibliothecae
1484 2618 1675 2675 in-fol.
1704 2635 1871 2675 num.
1901 2619 1985 2682 15,
2014 2621 2076 2674 Β.
2105 2620 2167 2675 in

516 2722 723 2779 charta
742 2713 1116 2787 bombycina
1133 2710 1319 2767 habet
1335 2707 1640 2780 Ζιγαϐηνός.
1674 2708 1904 2763 Tertius
1933 2707 2169 2764 charta.

513 2827 655 2868 cens
671 2824 787 2865 sec.
802 2822 897 2871 xv,
928 2800 1304 2859 bibliothecae
1329 2796 1716 2853 sanctissima:
1742 2795 1962 2869 synodi
1982 2796 2042 2852 in
2064 2796 2164 2853 fol.

516 2916 676 2957 num.
720 2901 808 2966 50,
838 2890 1140 2966 Zygadeni
1169 2886 1427 2944 exhibet.
1470 2888 1727 2952 Quartus
1779 2885 2047 2956 ejusdem
2079 2886 2170 2940 bi-

518 2987 845 3049 bliothecis,
863 2997 983 3037 sec.
1012 2976 1199 3040 xv1,in
1224 2975 1430 3031 charta
1449 2973 1818 3046 bombycina
1848 2973 1908 3029 in
1928 2976 2163 3045 quarto,

515 3092 693 3134 num.
744 3073 851 3128 369
879 3068 1075 3143 primo
1094 3064 1236 3122 tolio
1257 3066 1439 3119 caret.
1492 3061 1610 3118 Etsi
1634 3062 1814 3133 igitur
1839 3062 1984 3117 satis
2032 3077 2168 3134 pro-

518 3164 709 3223 babile
748 3164 852 3223 est.
886 3159 1047 3215 hunc
1073 3152 1578 3213 Commentarium
1599 3151 1886 3224 scriptum
1926 3165 2058 3205 esse
2088 3149 2168 3205 ab
2205 3162 2246 3219 ρ

518 3251 838 3325 Euthymio
870 3268 885 3319 ;
913 3255 1111 3304 tamen
1139 3241 1392 3299 dubium
1419 3246 1530 3309 est,
1560 3244 1757 3296 utrum
1790 3239 2164 3311 Zygadenus,

518 3360 596 3402 an
620 3340 968 3414 Zigadenus,
1002 3351 1074 3391 an
1104 3330 1439 3403 Zigabenus
1464 3328 1660 3385 dictus
1714 3328 1806 3384 sit.
1840 3327 2166 3400 Plerisque,

518 3430 869 3495 utarbitror,
903 3442 976 3483 ex
1002 3423 1095 3481 his
1132 3437 1265 3495 quas
1294 3419 1570 3485 diximus,
1602 3416 1957 3490 probabitur
1985 3419 2171 3489 Zyga-

517 3523 730 3585 denuo,
790 3514 957 3591 quod
1008 3512 1157 3568 mihi
1199 3510 1382 3565 etiam
1417 3506 1676 3572 interim,
1734 3506 1928 3562 donec
1968 3505 2171 3576 plures

518 3609 755 3667 codices
813 3600 1220 3662 consulantur,
1278 3595 1498 3667 placet.
1550 3595 1620 3649 Ut
1675 3600 1875 3648 autem
1922 3593 2171 3647 lectores

520 3696 757 3764 scirent,
816 3705 953 3763 quas
1023 3683 1249 3741 scholia
1296 3683 1357 3738 in
1414 3679 1790 3750 marginibus
1839 3678 2174 3749 legerentur

524 3780 844 3841 Hentenius
870 3778 932 3833 in
960 3771 1257 3848 principio
1288 3785 1517 3835 eorum,
1549 3769 1610 3824 in
1637 3767 1912 3824 versione
1945 3767 2173 3836 Latina,

522 3871 880 3944 ascripserat
933 3865 1174 3935 signum
1244 3858 1460 3929 crucis,
1528 3856 1689 3929 quod
1749 3871 1861 3912 nos
1936 3854 2173 3911 retinui-

521 3943 698 4020 mus.
730 3960 879 4031 Quae
930 3956 987 4010 in
1041 3950 1207 4007 nullo
1262 3962 1532 4004 meorum
1582 3946 1880 4018 leguntur,
1950 3943 2177 4016 duplici

522 4065 698 4108 cruce
762 4041 996 4116 signavi
1034 4042 1094 4097 in
1128 4042 1407 4095 contextu
1448 4036 1670 4090 Graeco.
1722 4033 1947 4089 Eodem
1992 4032 2175 4088 modo

520 4137 728 4197 notavi
772 4135 955 4195 etiam
1005 4132 1067 4187 in
1120 4127 1395 4184 versione
1447 4124 1656 4179 Latina
1707 4137 1777 4179 ea
1824 4139 1956 4194 quae
2012 4121 2177 4194 apud

523 4227 879 4287 Hentenium
910 4237 1034 4279 non
1084 4216 1483 4289 reperiuntur.
1536 4212 1655 4268 Etsi
1701 4210 1963 4268 Hentenii
2002 4210 2178 4266 inter-

521 4317 791 4393 pretatio,
826 4330 897 4372 ex
925 4326 1046 4369 uno
1074 4307 1230 4365 libro
1255 4303 1477 4376 scripto
1506 4316 1808 4393 expressa,
1836 4300 1917 4393 ita
1953 4299 2020 4393 in
2032 4299 2176 4393 ple-

520 4388 726 4480 risque
743 4404 909 4472 locis,
923 4404 1219 4474 quantum
1245 4393 1494 4466 quidem
1510 4389 1728 4480 linguas
1740 4388 1967 4480 patitur
1985 4388 2176 4480 diver-

523 4476 690 4561 sitas,
710 4491 901 4549 ﬁdelis
922 4493 1029 4553 est,
1062 4491 1126 4542 ut
1152 4483 1374 4540 codicis
1413 4478 1826 4567 auctoritatem
1853 4478 1915 4567 in
1957 4476 2175 4533 consti-
2204 4514 2250 4567 Β

521 4582 746 4642 tuendo
796 4575 1095 4649 Euthymii
1124 4573 1401 4628 contextu
1446 4566 1670 4624 habere
1715 4566 1924 4638 possit,
1980 4570 2173 4621 tamen

522 4672 845 4731 occurrunt
871 4666 1025 4734 loca,
1081 4662 1206 4718 sive
1239 4656 1592 4729 interpretis,
1629 4655 1752 4711 sive
1785 4653 2004 4710 codicis
2049 4670 2172 4727 quo

520 4777 667 4821 usus
679 4756 972 4828 estculpa,
988 4753 1051 4809 in
1069 4749 1294 4824 quibus
1308 4744 1525 4819 aliquis
1537 4742 2059 4817 possitoﬂ‘endere.
2090 4745 2171 4801 Ea

522 4850 801 4920 deinceps
831 4841 1033 4902 notavi
1063 4844 1119 4896 et
1144 4854 1215 4895 ex
1241 4836 1392 4893 meis
1420 4832 1727 4891 codicibus
1756 4831 2172 4890 correxi.Illud

521 4940 703 4998 etiam
742 4930 1114 4992 monendum
1164 4924 1332 4989 duxi,
1363 4924 1526 4997 quod
1563 4922 1623 4979 in
1662 4926 1913 4995 utroque
1943 4920 2167 4985 codice,

518 5027 661 5085 folio
689 5026 744 5092 3,
780 5024 846 5079 in
878 5019 1081 5078 codice
1106 5014 1350 5090 quidem
1379 5028 1419 5070 a
1448 5011 1562 5068 sub
1590 5011 1854 5082 imagine
1887 5009 2171 5080 Chrysos-

518 5116 689 5182 tomi,
722 5114 784 5169 in
805 5106 1248 5183 b,postlndices
1265 5101 1529 5176 capitum
1559 5104 1820 5174 quatuor
1831 5095 2174 5168 Evangelia-

519 5221 672 5273 rum,
703 5202 767 5259 hi
794 5214 1002 5257 versus
1030 5197 1325 5266 leguntur.

665 5398 871 5455 Πολλῶν
896 5400 1060 5449 πόνων
1088 5395 1265 5468 ἔρανος
1294 5388 1692 5468 ἠκριϐωμένοςζ

664 5452 833 5526 δῦδέν
863 5452 1121 5542 περιττὸν,
1149 5452 1300 5518 οὐδὶν
1328 5452 1508 5514 λεῖπον
1534 5452 1716 5510 ἐνθάδε
1740 5471 1753 5485 ·

2272 1936 2473 1987 autem
2494 1929 2758 1986 mirabile
2779 1933 2892 1992 est,
2919 1928 3193 1985 Graecum
3223 1927 3532 1984 hominem
3563 1926 3718 1983 alius
3737 1927 3919 1983 versi-

2272 2020 2377 2075 bus
2390 2037 2488 2091 pro
2500 2020 2622 2075 suis
2653 2035 2823 2074 usum
2843 2034 2991 2073 esse.
3011 2019 3171 2083 Quos
3189 2016 3351 2072 enim
3371 2031 3484 2086 ego
3496 2031 3565 2071 ex
3582 2016 3919 2087 Mosquensi

2270 2109 2472 2165 codice
2526 2106 2977 2178 Evangeliorum
3029 2122 3089 2170 α,
3129 2105 3207 2162 ad
3258 2104 3581 2177 Epistolam
3632 2104 3794 2160 Pauli
3841 2104 3919 2160 ad

2268 2197 2842 2261 Thessalonicenses,
2898 2212 2952 2266 p.
3000 2195 3130 2262 241,
3183 2193 3365 2259 edidi,
3407 2192 3650 2249 eosdem
3686 2209 3756 2248 ex
3803 2193 3920 2249 alio

2270 2287 2470 2342 codice
2490 2285 2753 2343 ediderat
2780 2287 2893 2340 Leo
2923 2282 3189 2352 Allatius,
3226 2284 3306 2338 De
3354 2281 3522 2337 libris
3545 2282 3716 2347 βοείη
3756 2281 3921 2353 apud

2275 2374 2525 2440 Fabric,
2567 2373 2714 2428 Bibl.
2743 2372 2839 2428 Gr.
2872 2371 2987 2426 vol.
3012 2372 3078 2436 V,
3107 2386 3167 2443 p.
3199 2372 3289 2434 28,
3321 2386 3459 2425 cum
3485 2369 3704 2439 exigua
3733 2370 3920 2426 varie-

2273 2466 2410 2519 tate.

2347 2551 2643 2617 Quoniam
2673 2555 2873 2607 autem
2908 2548 3191 2605 idoneam
3213 2548 3308 2604 hic
3324 2547 3485 2604 nacti
3516 2564 3728 2603 sumus
3755 2562 3924 2603 occa—

2275 2641 2507 2696 sionem
2534 2639 2608 2695 de
2631 2638 2948 2711 Euthymio
2968 2637 3325 2702 disserendi,
3364 2635 3555 2709 primo
3576 2636 3673 2692 hic
3695 2636 3926 2692 addidi-

2277 2744 2410 2783 mus
2438 2729 2861 2799 supplementa
2886 2726 3153 2797 quaedam
3176 2725 3252 2781 ad
3273 2725 3597 2781 editionem
3629 2724 3926 2795 PanOpliaa

2273 2817 2809 2889 Tergobystanam:
2829 2815 3043 2871 deinde
3064 2814 3391 2887 adjecimus
3414 2813 3589 2869 unius
3617 2812 3830 2868 Psalmi
3851 2828 3923 2869 ex

2274 2907 2449 2965 codd.
2464 2905 2688 2962 scholia
2706 2925 2720 2972 ;
2736 2921 2806 2961 ac
2826 2903 3081 2977 denique
3094 2902 3167 2958 de
3182 2902 3317 2960 aliis
3346 2902 3677 2974 Euthymiis
3695 2902 3923 2958 monui-

2275 3013 2433 3061 mus,
2465 3010 2726 3068 quorum
2764 2993 2833 3049 ﬁt
2868 2992 3092 3049 mentio
3122 2992 3182 3047 in
3226 2990 3533 3046 codicibus
3560 2991 3925 3062 Mosquensi-

2273 3086 2402 3140 bus.

2346 3225 2797 3296 (Supplementa
2834 3222 2916 3278 ad
2951 3221 3257 3279 editionem
3290 3219 3591 3291 Panoplias
3608 3219 3727 3289 ipsi
3742 3220 3926 3275 Pano-

2277 3313 2416 3386 plias
2432 3312 2817 3383 promisimus
2846 3327 2973 3368 cum
3002 3310 3326 3366 recensione
3348 3308 3609 3365 codicum
3627 3308 3927 3378 Mosquen-

2277 3404 2424 3458 sium
2459 3424 2470 3466 ;
2502 3400 2731 3457 scholia
2760 3400 2935 3455 etiam
2956 3398 3033 3453 ad
3054 3398 3346 3467 psalmum
3374 3412 3467 3452 cxx
3494 3395 3675 3466 hujus
3710 3394 3930 3465 psalmi

2280 3491 2468 3547 textui
2512 3488 2877 3559 subjecimus.
2934 3489 3081 3542 EDIT.
3130 3485 3324 3556 Pun.)

2355 3667 2439 3722 De
2464 3665 2597 3721 aliis
2634 3664 2991 3735 Euthymiis,
3032 3679 3285 3734 quorum
3313 3663 3382 3731 ﬁt
3418 3662 3627 3717 mentio
3673 3663 3737 3717 in
3782 3661 3930 3718 codi-

2742 3754 2902 3809 cibus
2930 3752 3383 3823 Masquensibus.

2356 3844 2416 3914 a)
2481 3841 2819 3914 Euthymius
2873 3841 3200 3895 monachus
3256 3839 3330 3894 de
3383 3837 3658 3910 apostolo
3709 3837 3934 3895 Thoma

2285 3931 2535 4003 scripsit.
2570 3931 2633 3985 In
2674 3929 2878 3985 codice
2917 3928 3055 3983 bibl.
3082 3928 3139 3983 S.
3183 3928 3243 3981 S.
3272 3943 3438 3982 num.
3462 3928 3533 3981 26
3562 3926 3746 3982 in-fol.
3784 3943 3799 3993 ;
3833 3926 3933 3998 qui

2284 4025 2370 4077 est
2396 4018 2884 4075 membranaceus
2915 4033 3011 4071 sec
3049 4033 3109 4079 κ,
3136 4020 3235 4072 aut
3276 4032 3354 4081 ιι,
3387 4015 3530 4071 folio
3555 4015 3643 4078 64,
3684 4015 3765 4071 ita
3793 4014 3932 4085 legi-

2286 4116 2432 4166 tur:
2490 4109 2752 4179 Εὑθυμίου
2810 4115 2901 4159 τοῦ
2958 4112 3200 4157 ταπεινοῦ
3252 4111 3491 4177 μοναχοῦ
3557 4107 3809 4175 ἐγκώμιον
3863 4102 3935 4163 εἰς

2283 4204 2371 4253 τὸν
2426 4199 2571 4271 ἅγιον
2616 4202 2801 4268 Θωμᾶν
2850 4198 2936 4246 τὸν
3013 4193 3316 4246 ἀπόστολον·
3374 4192 3599 4265 incipit,
3659 4193 3719 4244 ’H
3785 4195 3931 4262 πηγή

2283 4299 2375 4350 τῆς
2432 4292 2635 4360 σοφίας.
2689 4284 2940 4340 Additur
2994 4287 3293 4355 praaterea,
3350 4286 3475 4355 μηνὶ
3514 4279 3818 4354 Οκτωϐρίῳ.
3876 4277 3934 4340 ς’.

2354 4378 2417 4448 b)
2448 4374 2801 4447 Euthymius
2838 4371 3048 4428 abbas.
3078 4372 3140 4426 In
3171 4369 3373 4426 codice
3399 4369 3662 4441 ejusdem
3681 4367 3828 4424 bibl.
3853 4366 3940 4422 in-

2284 4468 2391 4523 fol.
2435 4480 2608 4521 num.
2647 4463 2709 4520 41
2732 4462 2834 4534 qui
2863 4464 2952 4516 est
2977 4461 3451 4515 membranaceus
3497 4473 3612 4513 sec.
3645 4459 3722 4521 xi,
3754 4462 3857 4511 aut
3874 4471 3936 4522 ι,

2283 4557 2366 4614 ita
2394 4554 2606 4626 reperi.

2356 4643 2515 4701 Folio
2549 4645 2635 4698 39.
2694 4639 2954 4714 Πρόλογος
2980 4645 3073 4690 τοῦ
3128 4637 3200 4709 (ε)
3250 4639 3301 4689 ἂν
3345 4639 3517 4709 άγίόις
3547 4638 3744 4709 Πατρός
3794 4639 3939 4706 ἡμῶν

2283 4737 2568 4806 Εὐθυμίου.
2644 4730 2831 4785 Index
2914 4731 3001 4783 est
3046 4743 3060 4781 :
3115 4733 3199 4797 Τῷ
3250 4726 3548 4798 τιμιωτάτῳ
3599 4728 3687 4776 καὶ
3739 4721 3942 4782 ἀληθῶς

2283 4824 2500 4899 ἐναρέτῳ
2560 4823 2728 4894 Πατρὶ
2810 4823 3140 4888 πνευματικῷ
3206 4813 3345 4884 ἁϐϐᾷ
3401 4818 3659 4888 Γεωργίῳ,
3715 4808 3943 4887 πρεσϐυ-

2282 4918 2413 4988 τέρῳ
2468 4915 2559 4962 καὶ
2634 4910 2922 4979 ἡγουμένῳ,
2994 4907 3279 4979 θεαρέστως
3358 4902 3693 4974 ἡσυχάζοντι
3774 4904 3939 4970 ἓντῷ,

2283 5004 2420 5055 κατὰ
2495 4996 2809 5051 Σκυθόπολιν
2866 4999 3033 5067 τόπῳ,
3082 4994 3377 5066 καλουμένῳ
3435 4990 3635 5059 Βεελλὰ,
3692 4989 3943 5062 Κύριλλος

2283 5089 2648 5165 πρεσϐύτερος,
2732 5084 2781 5137 έν
2859 5089 3035 5157 Κυρίῳ
3086 5087 3314 5158 χαίρειν.
3388 5079 3626 5136 Initium

2290 5180 2646 5255 προηγείσθω.

2357 5268 2513 5325 Folio
2545 5266 2633 5322 40.
2692 5268 2808 5326 Βίος
2836 5270 2926 5315 τοῦ
2954 5266 3003 5315 εν
3044 5262 3212 5333 ἁγίοις
3241 5267 3443 5334 Πατρός
3474 5261 3622 5331 ἡμῶν
3653 5258 3943 5329 Εὗθυμίου.

2286 5357 2566 5413 Initium:
2631 5354 2689 5407 Ὀ
2743 5356 3014 5426 μονογενής
3065 5354 3204 5412 Υἱός.
3262 5350 3391 5404 Haec
3446 5349 3578 5403 Vita
3616 5346 3811 5403 divisa
3854 5358 3944 5403 est

2284 5447 2347 5502 in
2379 5446 2593 5516 capita.
2638 5442 2753 5499 Sed
2792 5442 2852 5496 in
2901 5441 3013 5497 hoc
3063 5438 3268 5496 codice
3320 5442 3410 5494 est
3453 5436 3681 5493 mutila.
3737 5435 3946 5491 Deﬁcit

3685 5096 3698 5131 :
3752 5084 3945 5141 Πίστίς

592 5690 664 5761 (s)
721 5686 821 5743 llic
878 5682 1164 5756 prologus
1206 5690 1331 5732 non
1371 5671 1639 5761 scriptus
1676 5670 1765 5724 est
1817 5665 1892 5721 ab
1946 5662 2279 5736 Euthymio,
2332 5658 2437 5715 sed
2487 5656 2566 5714 ab
2609 5653 2846 5726 Cyrillo,
2890 5658 2954 5711 ut
2998 5668 3142 5710 mox
3185 5650 3512 5725 apparebit,
3550 5649 3607 5706 in
3648 5649 3943 5705 honorem

521 5756 845 5850 Euthymii,
875 5771 1211 5843 legiturque
1235 5766 1369 5819 ante
1394 5761 1525 5832 ejus
1552 5756 1770 5813 Vitam.
