4180 6494
207 431 275 487 29
1716 417 2113 482 PREFATIO.
3549 411 3622 482 30

562 683 650 740 Jo.
684 683 960 740 Albertus
992 685 1294 744 FABRICIUS
1319 685 1381 742 in
1411 687 1786 744 Bibliotheca
1826 687 2033 743 Greece
2060 685 2176 742 vol.
2207 687 2317 752 VII,
2351 701 2490 759 pag.
2521 686 2645 739 474.
2675 684 3002 754 llamburgi
3029 683 3186 748 1727,
3209 685 3262 738 ι.

282 817 753 873 Commentarius
798 817 1126 888 (Euthymii
1169 819 1476 889 Zigabeni)
1516 820 1576 875 in
1601 825 1859 891 quatuor
1888 820 1932 872 A
1964 817 2071 875 sed
2112 819 2452 875 recentioris
2498 832 2712 873 manus
2756 817 3046 888 scriptura
3076 816 3287 871 Nicetae
3343 811 3618 870 tribuitur

213 905 542 973 Evangelia,
573 921 645 959 ex
675 906 1100 976 Chrysostomo
1121 912 1175 961 et
1205 907 1333 962 aliis
1357 908 1560 978 priscis
1591 907 1859 963 Patribus

211 1011 328 1050 non
381 995 510 1050 sine
553 995 782 1064 judicio
817 996 1099 1050 delectus.
1148 998 1264 1052 Hoc
1302 1013 1544 1070 quoque
1573 998 1859 1053 eximium

210 1099 362 1154 opus
384 1099 493 1138 nec
520 1084 667 1138 dum
690 1084 894 1139 Grazce
915 1085 1107 1140 lucem
1136 1086 1296 1150 vidit,
1324 1087 1456 1142 licet
1481 1087 1540 1141 id
1563 1085 1862 1141 aftirment

210 1172 311 1228 viri
339 1173 522 1236 docti,
561 1175 805 1238 Caveus,
843 1173 992 1229 Eiias
1021 1175 1102 1229 du
1133 1175 1258 1240 Pin,
1301 1181 1477 1246 atque
1510 1173 1624 1231 alii.
1661 1175 1861 1230 Latine

211 1279 241 1317 e
270 1261 562 1333 prmelaro
592 1261 806 1317 Codice
838 1263 978 1318 Bibl.
1013 1263 1270 1319 cmnobii
1304 1263 1566 1336 Deiparre
1609 1263 1861 1333 Virginis

213 1350 692 1420 Guadalupensis
705 1351 839 1406 0rd.
865 1354 924 1405 υ.
943 1351 1288 1424 Hieronymi
1302 1353 1359 1408 in
1375 1367 1557 1422 regno
1581 1352 1859 1416 Castellm,

211 1439 513 1494 transtulit
539 1439 584 1496 Ι.
621 1440 958 1504 Hentenius,
995 1440 1326 1496 accuratior
1365 1442 1525 1508 Zino,
1557 1439 1861 1512 Sauloque

215 1528 526 1598 interpres,
581 1528 751 1598 cujus
809 1529 1000 1584 versio
1049 1529 1268 1600 prodiit
1315 1531 1579 1602 primum
1622 1529 1860 1586 Lovanii

214 1618 372 1670 1544.
424 1615 521 1671 fol.
568 1631 774 1672 recusa
802 1617 883 1688 (q)
918 1618 1097 1673 Paris.
1131 1619 1290 1685 1517,
1343 1619 1498 1684 1560,
1533 1616 1688 1689 1602,
1721 1620 1775 1684 8,
1806 1623 1862 1675 et

213 1703 276 1758 in
305 1703 664 1760 Bibliotheca
693 1705 954 1769 Patrum,
991 1707 1137 1762 tom.
1169 1706 1308 1761 XlX.
1345 1707 1482 1763 edit.
1520 1705 1708 1776 Lugd.

289 1791 446 1847 Duos
474 1791 710 1847 codices
736 1808 849 1848 ms.
883 1795 1116 1849 Graecos
1138 1795 1319 1865 hujus
1346 1795 1763 1850 Commentarii
1791 1793 1864 1848 si-

216 1879 448 1934 milibus
494 1880 694 1951 qualia
739 1883 1059 1937 Heutenius
1112 1883 1171 1938 in
1207 1897 1315 1939 suo
1363 1884 1578 1956 reperit
1622 1883 1861 1940 scholiis

217 1969 535 2024 instructos
589 1971 648 2024 in
692 1970 836 2025 Bibl.
884 1972 1064 2040 Regia
1105 1972 1425 2028 Parisiensi
1469 1972 1754 2029 evolvisse
1801 1987 1864 2027 se

218 2061 467 2112 testatur
492 2057 654 2114 Rich.
705 2060 954 2122 Simon.,
987 2061 1083 2112 lib.
1118 2077 1174 2114 ιιι
1206 2061 1468 2116 Historiae
1498 2062 1725 2116 Criticm
1769 2062 1861 2131 (τ’),

1966 907 2129 980 quod
2151 924 2266 962 non
2287 907 2472 975 magis
2490 905 2788 970 credibile,
2817 919 3001 976 quam
3022 919 3228 958 eorum
3258 906 3615 972 conjectura,

1968 997 2068 1069 qui
2123 996 2211 1050 vel
2255 995 2614 1051 (‘Ecumenio
2663 993 2752 1048 vel
2798 992 3118 1048 Amtnonio
3167 993 3361 1046 nescio
3395 992 3486 1046 cui
3529 989 3619 1046 Vel

1967 1084 2400 1155 Theophyiacto
2429 1082 2725 1138 ascribere
2758 1081 3088 1138 voluerunt.

2043 1173 2210 1229 Plura
2239 1173 2371 1229 loca
2400 1172 2594 1228 Greece
2627 1185 2696 1227 ex
2726 1171 2840 1228 hoc
2874 1169 3313 1225 Commentario
3348 1167 3622 1238 producit

1970 1263 2290 1325 Simonius,
2335 1267 2460 1318 tum
2505 1261 2618 1317 hoc
2671 1260 2862 1330 capite
2903 1265 3027 1314 tum
3069 1256 3147 1328 (ε)
3191 1256 3292 1312 lib.
3332 1259 3368 1310 l.
3415 1274 3469 1326 p.
3519 1257 3620 1313 120

1973 1353 2106 1416 tte;
2142 1355 2195 1407 et
2225 1349 2325 1406 lib.
2374 1367 2453 1414 ιιι,
2487 1365 2544 1421 p.
2596 1351 2682 1416 84,
2715 1353 2771 1401 et
2823 1348 3021 1414 magni
3068 1362 3204 1400 eum
3251 1345 3385 1401 facit
3417 1345 3472 1399 in
3508 1345 3620 1416 pri-

1972 1439 2105 1502 mis,
2147 1439 2580 1509 assentiturque
2611 1437 2968 1499 ltialdonato,
2999 1435 3099 1507 qui
3126 1433 3200 1489 ad
3231 1433 3432 1488 Matth.
3479 1449 3618 1500 xvii,

1969 1529 2021 1593 8,
2060 1529 2441 1600 Euthymium
2473 1528 2530 1581 in
2559 1526 2879 1581 verborum
2927 1523 3387 1596 proprietatibus
3417 1523 3623 1578 obser-

1971 1615 2183 1673 vandis
2252 1615 2767 1684 diligentissimum
2849 1629 2975 1667 esse
3039 1611 3405 1667 observavit.
3472 1612 3624 1666 inter

1973 1707 2288 1776 scriptores
2305 1719 2334 1760 e
2357 1703 2576 1777 quibus
2598 1705 2786 1758 Aurea
2808 1702 3050 1757 Thonne
3075 1701 3382 1772 Aquinatis
3399 1697 3623 1756 Catena

1971 1797 2030 1851 in
2065 1794 2385 1862 Evangelia
2415 1791 2661 1849 collecta
2701 1796 2807 1855 est,
2863 1790 3148 1862 Euthymil
3185 1803 3404 1845 nomen
3451 1789 3509 1844 in
3540 1805 3621 1843 re-

1971 1884 2328 1939 centioribus
2344 1882 2713 1955 quibusdam
2737 1879 3091 1936 editionibus
3117 1877 3413 1940 additum,
3439 1877 3492 1932 in
3516 1893 3623 1934 au-

1973 1971 2324 2044 tiquioribus
2369 1973 2427 2026 et
2456 1971 2514 2026 in
2547 1971 2814 2026 Romana
2844 1969 2980 2024 anni
3035 1967 3192 2032 1670,
3231 1965 3623 2022 desideratur.

1975 2061 2115 2116 Vide
2145 2060 2401 2116 Simonis
2433 2061 2576 2116 llist.
2619 2057 2889 2114 Criticam
2941 2055 3083 2114 Novi
3111 2057 3258 2113 Test.
3304 2049 3412 2113 lib.
3454 2071 3530 2122 ιιι,
3564 2072 3623 2127 p.

214 2146 359 2201 Novi
387 2147 540 2200 Test.
574 2161 706 2216 cap.
739 2149 830 2212 29,
859 2145 918 2200 in
948 2161 1208 2218 quorum
1236 2147 1415 2205 altero
1440 2148 1862 2212 Mazariniano,
1905 2170 1947 2222 Β
1977 2149 2079 2203 409
2107 2153 2162 2204 et
2186 2151 2308 2204 473.

289 2320 375 2390 (q)
405 2323 451 2373 A
495 2318 721 2394 Voigtio
751 2319 811 2374 in
851 2320 1132 2389 Catalogo
1163 2319 1304 2378 Hist.
1353 2322 1490 2379 Crit.
1524 2321 1624 2378 lib.
1670 2335 1782 2378 rar.
1813 2335 1866 2394 p.

210 2391 341 2464 734,
385 2396 441 2464 et
465 2391 545 2464 ab
574 2391 720 2464 aliis
751 2400 1114 2464 memoratur
1143 2394 1324 2448 etiam
1353 2409 1424 2449 ex
1456 2395 1714 2464 Theoph.
1743 2391 1870 2448 Sin-

210 2463 339 2538 eeri
364 2460 628 2538 Biblioth.
655 2462 950 2538 ilist_._cri_t.
994 2464 1102 2538 tib.
1135 2479 1250 2538 rar.
1297 2480 1353 2535 p.
1398 2466 1501 2520 125
1532 2460 1660 2538 seq.
1687 2465 1868 2538 editio

213 2533 479 2605 Parisina
528 2533 668 2605 anni
722 2531 861 2605 1544
884 2533 1221 2605 gin-8_apud
1271 2531 1558 2605 Joannem
1616 2531 1861 2605 Beigny.

216 2551 479 2586 l’al'lSlDﬂ
528 2551 668 2588 aﬂﬂl
722 2551 861 2588 ωηιι
899 2551 1015 2589 ill-5
1063 2551 1098 2589 ἃ
1143 2551 1221 2589 υα
1271 2551 1558 2590 Joannem
1616 2551 1796 2605 “8180
1849 2575 1861 2590 .

216 2601 758 2685 ExcudebatCaroi.
789 2600 1070 2685 Guillard‘.
1098 2551 1214 2685 ged
1237 2605 1295 2685 in
1324 2599 1520 2685 indice
1546 2552 1867 2685 hujusedyi-

214 2675 420 2754 tionis,
451 2689 630 2754 quem
654 2675 1550 2754 integrumvideture‘xhibnisse
1583 2675 1865 2754 Vbigtius,

214 2757 340 2800 non
371 2744 615 2818 legitur:
647 2745 826 2801 Liber
857 2746 955 2802 hic
1000 2762 1182 2817 neque
1221 2748 1424 2805 Grece
1453 2763 1637 2818 neque
1663 2744 1873 2803 Latine

219 2819 394 2871 antea
443 2817 595 2886 typis
642 2832 905 2889 unquam
957 2832 1208 2876 excusas
1255 2825 1376 2878 est;
1423 2817 1556 2890 quas
1592 2820 1872 2890 leguntur

1979 2324 2039 2378 in
2059 2322 2311 2378 editione
2326 2322 2691 2378 Lovauleusi.
2715 2326 2861 2388 Ergo
2886 2325 2946 2377 ut
2968 2322 3214 2383 videtur,
3239 2319 3624 2375 Lovaniensis

1981 2399 2181 2450 tamen
2212 2400 2299 2449 est
2326 2397 2622 2465 princeps,
2654 2395 2758 2448 etsi
2803 2393 3128 2462 reperiatur
3178 2391 3446 2465 Parisiua
3477 2393 3627 2465 ejus-

1977 2466 2115 2520 dem
2143 2467 2302 2520 anni.
2328 2463 2763 2520 Forte—autem
2816 2469 3078 2518 erratum
3130 2468 3219 2517 est
3249 2464 3306 2517 in
3339 2463 3625 2525 numeris,

1978 2552 2046 2591 ac
2078 2552 2186 2616 pro
2241 2536 2382 2616 15ρξ
2415 2535 2730 2616 legendum
2788 2543 2870 2616 est
2932 2535 3114 2616 1517..
3154 2538 3212 2588 lu
3270 2541 3433 2590 tanta
3498 2532 3628 2589 libri

1977 2603 2214 2663 raritate
2242 2607 2385 2662 nihil
2417 2607 2528 2661 hac
2559 2605 2631 2659 de
2659 2621 2718 2660 re
2758 2610 2979 2662 certum
3021 2603 3230 2662 habeo.

2086 2679 2142 2748 (γ’
2195 2680 2752 2732 Commentatorum.

2088 2677 2162 2819 (si
2190 2747 2270 2804 De
2296 2752 2455 2806 textu
2477 2749 2547 2804 N.
2581 2751 2729 2804 Test.

2088 2747 2158 2818 (ε)
2190 2747 2270 2804 De
2296 2752 2455 2806 textu
2477 2749 2547 2804 N.
2581 2751 2729 2804 Test.

531 3129 627 3195 Ex
661 3135 844 3195 tomo
878 3129 1097 3218 primo
1141 3127 1652 3201 Dissertatt'om's
1689 3131 2033 3201 historica:
2080 3135 2147 3200 in
2207 3129 2719 3199 Bellarminum
2750 3129 2826 3196 P.
2874 3125 3052 3196 Phil.
3089 3125 3317 3196 Lmae.

277 3284 636 3356 Euthymius
666 3286 1021 3356 Zigabenus,
1062 3289 1398 3344 monachus
1437 3292 1688 3355 Graecus,
1720 3290 1866 3346 vixit
1898 3291 1938 3347 C
1976 3303 2300 3346 conversas
2316 3303 2418 3362 per
2433 3289 2501 3346 Β.
2526 3292 2584 3345 P.
2607 3289 2946 3361 Philippum
2971 3287 3633 3360 Saulium,episcopum

204 3370 454 3428 ineunte
485 3375 702 3429 saeculo
730 3390 810 3429 xu
841 3381 1260 3447 superstesque
1304 3377 1503 3432 adhuc
1545 3383 1668 3434 erat
1707 3393 1866 3434 anno

206 3461 376 3525 1118,
435 3475 558 3531 quo
606 3461 840 3517 Alexius
871 3465 1208 3518 Comnenus
1246 3465 1569 3536 imperator
1597 3466 1761 3524 obiit.
1803 3497 1870 3509 -

208 3548 468 3619 Scripsit
487 3550 828 3606 orthodoxae
841 3550 981 3606 fidei
997 3553 1338 3624 Panopliam
1355 3554 1643 3610 adversus
1657 3569 1868 3612 omnes

201 3636 504 3702 haereses,
531 3638 590 3694 iu
615 3641 770 3694 duas
793 3645 990 3712 partes
1017 3640 1324 3710 tributam,
1351 3643 1668 3716 interprete
1700 3644 1872 3702 Petro

203 3725 534 3782 Francisco
560 3727 698 3784 Zino
713 3729 1027 3784 Veronensi
1048 3731 1340 3788 canonico
1368 3754 1381 3788 :
1412 3732 1874 3788 Commentatio-

205 3830 316 3870 nes
347 3815 412 3870 in
443 3827 668 3878 :omnes
707 3817 812 3872 150
841 3817 1130 3887 Psalmos,
1163 3824 1218 3876 et
1254 3821 1464 3877 decem
1505 3834 1689 3878 sacra;
1723 3822 1873 3878 Scri-

208 3907 407 3974 pturre
463 3905 717 3971 cantica,
768 3921 799 3962 e
842 3907 1047 3966 Graeco
1095 3909 1158 3964 in
1210 3911 1487 3966 Latinum
1534 3925 1874 3968 sermonem

1979 3379 2454 3449 Brugnatensem
2490 3395 2504 3446 ;
2533 3379 2970 3434 Comuieutaria
2995 3377 3056 3431 in
3087 3371 3427 3446 Evangelia,
3458 3376 3636 3431 inter-

1980 3473 2137 3541 prete
2161 3471 2388 3524 Joanne
2420 3467 2700 3524 lientenlo
2731 3463 3151 3523 Mechliniensi.

2053 3555 2152 3612 Hic
2183 3559 2390 3612 auctor
2411 3572 2446 3611 a
2466 3553 2630 3611 Sixto
2656 3554 2897 3610 Senensi
2923 3553 3173 3621 diligens
3205 3551 3638 3624 Scripturarum

1984 3644 2303 3717 expositor,
2359 3661 2394 3700 a
2452 3641 2752 3701 cardinale
2838 3639 3094 3698 Baronio
3161 3640 3638 3696 accuratissimus

1984 3730 2684 3805 earumdeminterpresa
2711 3731 2947 3790 Joanne
2970 3731 3328 3795 Maldouato,
3363 3727 3422 3784 in
3438 3727 3639 3786 obser-

1986 3821 2531 3879 vandisverbo'rum
2561 3817 3022 3894 proprictatibus
3036 3815 3516 3890 diligentissimus
3543 3833 3640 3891 ap-

1987 3910 2267 3984 pellatur.

495 4216 608 4285 Jo.
639 4219 993 4308 Augustus
1040 4221 1309 4290 ERNESTI
1340 4222 1411 4289 in
1439 4222 1887 4291 Institutione
1923 4225 2210 4307 interpr.
2245 4223 2330 4289 N.
2368 4224 2529 4290 Test.
2569 4222 2738 4288 Pars
2768 4220 2853 4302 II,
2887 4241 3034 4309 cap.
3065 4221 3131 4300 9,
3169 4223 3202 4303 §
3235 4220 3343 4286 24.

267 4381 387 4433 Nec
415 4381 879 4450 praetereundus
912 4381 1274 4454 Euthymius
1302 4379 1657 4451 Zigabenus,
1691 4377 1876 4437 Pano-
1910 4384 1954 4437 D
1989 4379 2264 4438 Sadoleto
2288 4380 2374 4452 (t),
2397 4397 2579 4453 quem
2603 4379 2722 4436 vid.
2751 4379 2927 4449 Epist.
2959 4394 3017 4450 p.
3037 4380 3141 4432 214
3162 4375 3300 4432 edit.
3330 4391 3468 4432 nov.
3499 4374 3640 4430 add-

194 4465 330 4536 pliaa
377 4466 752 4538 Dogmatica:
803 4469 1074 4539 scriptor,
1108 4485 1137 4524 e
1190 4487 1326 4526 saec.
1359 4487 1468 4536 xu;
1510 4471 1680 4542 cujus
1709 4473 1879 4526 Com-

192 4557 539 4612 mentarios
571 4557 639 4613 in
673 4556 992 4628 Evangelia
1021 4559 1220 4614 Latine
1253 4559 1440 4614 editos
1469 4576 1506 4616 a
1533 4561 1701 4615 Joan.
1734 4562 1879 4614 Hen-

1988 4465 2212 4526 Fabric.
2247 4465 2402 4526 Bibl.
2432 4469 2614 4524 Graec.
2666 4474 2701 4524 t.
2739 4463 2853 4534 VIl,
2897 4482 2956 4538 p.
2985 4459 3110 4520 484.
3141 4468 3204 4520 Et
3235 4470 3643 4521 memorantur

1987 4559 2222 4614 codices
2251 4557 2452 4631 scripti
2481 4559 2812 4614 Comment.
2843 4556 2904 4613 in
2929 4555 3106 4630 Epist.
3141 4553 3325 4620 Pauli,
3359 4553 3496 4611 item
3529 4554 3642 4612 Ca-

193 4645 358 4701 tenio
377 4644 721 4711 habemus,
743 4647 965 4718 pariter
979 4663 1010 4702 e
1025 4647 1453 4719 Chrysostomo
1467 4649 1746 4714 maxime,
1771 4647 1880 4703 sed
1986 4648 2264 4707 tholicas.

193 4737 400 4791 tamen
432 4739 492 4792 et
523 4733 674 4792 aliis
707 4734 938 4802 ductos,
973 4738 1029 4792 et
1055 4735 1243 4792 doctis
1286 4735 1456 4794 valde
1482 4737 1784 4809 probatos,
1820 4740 1882 4793 ut

255 4913 337 4986 (ε)
369 4913 557 4986 Apud
592 4910 957 4986 Sadoletum
985 4911 1022 4986 l.
1044 4912 1093 4986 Vl.
1128 4914 1187 4986 in
1219 4914 1356 4969 edit.
1388 4912 1595 4970 Veron.
1630 4917 1786 4979 1737,
1823 4918 1878 4979 4,

195 4983 344 5040 nihil
365 4983 484 5041 nisi
510 4985 642 5041 hoc
672 4984 864 5054 reperi
890 5002 906 5053 ;
933 4983 1020 5039 Ab
1038 4985 1376 5056 Euthymio,
1393 4987 1488 5041 cui
1514 5000 1626 5058 ego
1649 4991 1881 5044 senten~

1991 4917 2348 4990 tiiasiBasilii,
2388 4917 2909 4990 Chrysostomique
2953 4917 3243 4990 referenti,
3275 4916 3335 4972 in
3368 4915 3642 4988 Epistolis

1991 4989 2150 5045 Pauli
2181 4991 2494 5046 enotandis
2524 4989 2720 5045 tribuo
2742 4989 3126 5061 permultum.

369 5299 483 5367 Jo.
517 5301 896 5386 Augustus
930 5298 1260 5365 NOESSELT
1284 5300 1384 5366 De
1416 5298 1688 5368 Catenis
1730 5301 2028 5457 Patggm
2097 5302 2501 5369 Graecorum.
2553 5301 2740 5369 llalaa
2783 5299 2864 5366 ad
2907 5298 3126 5368 Salam
3163 5299 3446 5380 1762,11,

1677 5401 1923 5457 υᾶε.“’
2005 5413 2192 5457 seua.

1676 5411 1830 5477 pag.
1867 5401 1952 5457 23
2005 5413 2192 5478 seqq.

260 5543 338 5597 Ex
370 5541 600 5598 eodem
630 5551 857 5607 genere
885 5537 969 5606 (ut
998 5541 1085 5591 est
1111 5538 1404 5609 Euthymii
1432 5539 1714 5607 Zigabeni
1737 5556 1873 5594 saec.

192 5630 574 5688 xumonachi
598 5625 956 5691 monasterii
982 5624 1639 5698 Constantinopolitani,
1659 5644 1875 5698 cogno-

1987 5541 2194 5595 minati
2228 5547 2321 5600 τῆς
2344 5539 2704 5612 περιϐλέπτου,
2735 5539 3043 5611 Ραιιορὶίιε
3097 5539 3443 5609 dogmaticae
3499 5537 3644 5592 scri-

1988 5629 2190 5702 ptoris,
2251 5629 2724 5686 Commentarius
2776 5629 2927 5684 iniv
2987 5628 3326 5698 Evangelia,
3385 5641 3566 5699 quem
3606 5640 3641 5678 a

265 5806 343 5882 (v)
387 5803 786 5881 Exposuerat
823 5800 1094 5872 proxime
1124 5805 1262 5858 ante
1294 5801 1456 5858 hunc
1486 5802 1562 5859 de
1586 5803 2038 5877 Theophylacto.
