4180 6466
546 374 610 430 31
2057 371 2452 428 ΡΗΑΕΡΑΤΙΟ.
3886 370 3962 423 32

545 498 718 553 Joan.
740 498 1020 555 Hentenio
1044 499 1103 554 in
1126 498 1399 554 cmnobio
1421 499 1588 568 regni
1613 497 1878 553 Castellae
1894 502 2193 570 repertum
2226 498 2267 550 A
2303 513 2334 552 e
2360 498 2630 566 margine
2652 497 2711 551 in
2744 500 3084 552 contextum
3119 495 3430 567 irrepsisse
3463 494 3822 566 exploratum
3841 502 3958 550 est.

549 589 606 642 et
626 601 658 640 e
673 588 872 642 Graeco
897 587 956 642 in
980 587 1252 642 Latinum
1281 602 1620 643 sermonem
1642 585 1993 642 translatum
2015 585 2194 642 habe-

548 689 685 729 mus
732 679 876 732 tom.
932 676 1049 731 XIX
1093 675 1236 730 Bibl.
1270 675 1382 730 PP.
1427 676 1704 731 maxima:
1731 675 1941 744 Lugd.,
1975 692 2029 744 p.
2088 675 2195 728 4³15

548 777 716 834 seqq.
746 763 1106 820 Concinnata
1149 768 1237 819 est
1281 764 1410 819 haec
1460 763 1748 836 expositio
1799 779 1868 819 ex
1903 762 2191 832 Origenis,

547 850 762 916 Basilii,
785 850 1047 922 Gregorii
1078 852 1424 908 Nazianzeni
1450 857 1506 908 et
1521 851 1920 924 Chrysostonii
1964 851 2196 922 potissi-

544 939 978 1009 mumscriptis,
1010 941 1344 1005 earatione,
1388 947 1444 996 ut
1466 940 1873 1012 praetermissis
1912 939 2192 995 omnibus

545 1025 1038 1095 digressionibus,
1064 1045 1198 1100 quia
1225 1028 1311 1083 vel
1333 1029 1604 1084 dictionis
1624 1034 1988 1084 venustatem
2021 1028 2194 1084 subo-

545 1115 877 1183 lent,velad
894 1117 1274 1186 corrigendos
1293 1134 1488 1174 mores
1506 1122 1793 1190 spectant,
1809 1134 1877 1172 ea
1900 1118 1955 1171 in
1983 1117 2193 1189 primis

546 1203 801 1260 breviter
829 1209 885 1260 et
913 1206 1206 1261 succincte
1226 1206 1437 1271 tradat,
1466 1222 1600 1278 quae
1627 1206 1704 1260 ad
1723 1221 1963 1261 sensum
1996 1221 2194 1276 gramn

547 1293 836 1348 maticum
855 1293 1302 1364 intelligendum
1321 1295 1579 1350 maxime
1604 1294 1850 1350 faciunt.
1877 1295 2040 1360 Quod
2058 1310 2193 1350 auc-

547 1381 688 1437 toris
716 1381 898 1436 nostri
938 1382 1250 1438 consilium
1277 1400 1415 1439 cum
1462 1383 1592 1439 aliis
1633 1384 1772 1439 viris
1811 1383 2021 1449 doctis,
2064 1387 2193 1437 tum

545 1469 879 1527 Maldonato
904 1471 1229 1541 praesertim
1255 1476 1569 1544 acceptum
1588 1472 1714 1537 fuit,
1743 1473 1846 1544 qui
1868 1472 1927 1527 in
1947 1488 2095 1528 com.
2120 1473 2194 1526 ad

545 1557 741 1613 Matth.
766 1571 908 1622 xvu,
935 1560 988 1624 8,
1016 1559 1075 1613 in
1106 1559 1422 1614 verborum
1454 1558 1918 1631 proprietatibus
1956 1559 2196 1630 diligen-

546 1644 838 1700 tissimum
869 1662 1006 1702 eum
1043 1663 1169 1703 esse
1198 1648 1452 1706 monuit.
1474 1647 1817 1704 Dubitarunt
1846 1652 2047 1704 autem
2075 1647 2192 1712 alii,

547 1738 750 1790 utrum
778 1735 1150 1807 Euthymius,
1175 1752 1251 1792 an
1266 1737 1416 1792 alius
1428 1737 1723 1810 quispiam
1738 1736 1996 1792 auctoris
2023 1736 2196 1791 laude

2302 584 2493 640 Refert
2515 585 2676 640 enim
2709 584 3026 640 Hentenius
3049 585 3109 640 in
3132 584 3295 656 praef.
3323 583 3577 653 margini
3601 585 3957 655 exemplaris

2303 674 2588 745 ascriptas
2606 673 2778 729 fuisse
2795 673 3207 730 adnotationes
3235 673 3328 744 (τ),
3363 689 3498 744 quae
3524 672 3740 727 deinde
3773 673 3834 728 in
3866 690 3956 728 re-

2301 761 2477 834 liquae
2509 762 2805 829 scripturae
2835 761 3108 817 ordinem
3146 761 3394 816 redactae
3436 766 3614 833 atque
3646 767 3782 832 post
3820 762 3952 832 ejus

2300 852 2607 923 particulas
2630 857 2824 907 textus
2857 852 3315 917 enarrationem,
3337 850 3412 906 ad
3439 866 3623 922 quam
3645 851 3953 922 poneban-

2303 944 2418 1005 tur,
2460 940 2536 994 ab
2559 940 2903 1010 ipsolocatai
2947 941 3080 995 sint.
3117 939 3280 995 Unde
3311 939 3488 994 etiam
3519 939 3676 994 haud
3711 939 3954 1004 mirum,

2301 1029 2466 1102 quod
2500 1030 2668 1085 toties
2690 1046 2829 1084 cum
2859 1029 3182 1101 exemplari
3214 1031 3288 1098 (a)
3316 1029 3716 1100 Complutensi
3748 1029 3955 1084 Graico

2302 1124 2359 1173 et
2384 1118 2966 1189 Vulgatointerprete
2978 1122 3286 1189 congruat,
3315 1116 3643 1188 praesertim
3667 1132 3803 1172 cum
3826 1118 3954 1189 ipse

2303 1206 2489 1262 editor
2520 1205 2680 1262 mala
2699 1207 2816 1262 ﬁde
2829 1207 2888 1261 in
2903 1205 3256 1275 corrigendo
3280 1205 3531 1260 subinde
3559 1205 3762 1274 egerit.
3797 1206 3952 1261 ltain

2301 1296 2646 1366 recensione
2670 1295 2936 1350 locorum
2966 1294 3394 1366 quorumdam,
3421 1293 3480 1348 in
3511 1293 3728 1365 quibus
3759 1309 3958 1350 exem-

2305 1382 2432 1455 plar
2462 1359 2727 1438 fientenii
2765 1383 2883 1439 alia
2925 1359 3202 1448 habebat,
3231 1359 3418 1454 quam
3457 1359 3549 1447 ea,
3605 1398 3741 1454 quas
3769 1381 3951 1451 vulgo

2304 1470 2808 1535 circumferuntur,
2869 1470 3253 1543 exemplaria,
3302 1470 3430 1541 ipse
3481 1469 3614 1525 loco
3661 1471 3756 1525 cit.
3810 1485 3949 1542 pag.

2303 1559 2429 1625 485,
2475 1565 2696 1627 narrat,
2736 1562 2916 1616 verba
2962 1561 3099 1615 Luc.
3151 1576 3266 1628 xix,
3311 1560 3398 1613 15.
3432 1559 3508 1619 οἷς
3556 1555 3717 1610 ἔδωκε
3765 1559 3845 1631 (b)
3897 1563 3955 1611 τὸ

2307 1647 2549 1722 ἀργύριον
2567 1647 2729 1720 apud
2761 1649 3137 1720 Euthymium
3164 1663 3282 1703 non
3311 1648 3605 1703 exstitisse
3641 1664 3650 1702 :
3687 1647 3844 1714 Quod
3870 1654 3958 1704 ta-

2307 1737 2668 1808 men,inquit,
2687 1736 3023 1792 addidimus
3039 1735 3196 1793 sicut
3212 1736 3559 1807 quibusdam
3574 1737 3712 1792 aliis
3733 1737 3791 1790 in
3811 1737 3954 1792 locis

547 1822 850 1878 ornandus
880 1825 952 1879 sit
995 1841 1008 1890 ;
1045 1827 1117 1880 ad
1148 1843 1294 1896 quos
1338 1826 1590 1898 pertinet
1641 1827 1812 1880 Joan.
1859 1825 2195 1888 Hentenius,
2229 1845 2272 1899 Β
2306 1826 2458 1881 idem
2472 1826 2727 1895 fecimus,
2745 1826 2976 1896 quodin
2991 1827 3128 1881 aliis
3158 1825 3596 1896 exemplaribus
3621 1831 3674 1880 et
3708 1826 3764 1878 in
3792 1827 3955 1881 Com-

549 1910 726 1981 quiin
757 1911 924 1981 epist.
957 1929 1216 1982 nuncup.
1244 1913 1436 1983 refert,
1470 1913 1741 1986 plurimis
1765 1919 2064 1968 auctorem
2094 1912 2198 1968 hu-

543 1999 645 2068 jus
675 1998 907 2055 Catenie
937 2001 1130 2056 visum
1170 2002 1347 2057 fuisse
1395 2002 1842 2058 (Ecumenium.

571 2083 581 2088 ’
623 2087 738 2143 Sed
763 2105 902 2143 cum
931 2089 1072 2144 illud
1087 2089 1313 2145 videtur
1346 2091 1602 2146 maxime
1624 2091 1971 2160 ambiguum
1997 2090 2088 2155 sit,
2123 2092 2202 2146 ita

549 2191 660 2232 nec
690 2177 902 2232 certius
943 2179 1080 2250 quid
1113 2179 1591 2235 evincitadducta
1615 2196 1651 2235 a
1678 2179 1836 2234 Rich.
1888 2179 2129 2234 Simone
2159 2179 2196 2233 l.

549 2279 760 2336 c.pag.
787 2267 908 2332 410,
935 2269 1294 2338 conjectura,
1313 2268 1973 2341 qua,Theophylactum
2000 2273 2199 2324 aucto-

547 2369 674 2410 rem
714 2371 843 2409 esse
874 2355 1332 2428 sibipersuadet.
1368 2357 1476 2424 Qui
1508 2357 1667 2412 enim
1703 2357 1854 2411 inter
1885 2362 2200 2427 utrumque

547 2443 856 2499 intercedit
883 2461 1230 2512 consensus,
1254 2447 1342 2502 vel
1371 2463 1408 2502 a
1440 2449 1881 2517 Chrysostomo,
1911 2451 2200 2516 tanquam

550 2533 858 2587 communi
874 2533 1254 2600 fonte,ﬂuxit,
1283 2535 1373 2590 vel
1395 2535 1441 2588 si
1456 2534 1816 2603 singularem
1848 2533 2203 2603 dogmatum

551 2620 960 2690 quorumdam
978 2623 1377 2677 tractationem
1410 2627 1654 2693 spectes,
1669 2637 1704 2676 a
1721 2621 2000 2676 stabilitis
2023 2621 2081 2675 in
2100 2624 2206 2676 Ec-

552 2706 736 2763 clesia
753 2707 1028 2764 Orientali
1049 2709 1187 2764 ﬁdei
1207 2709 1520 2781 capitibus.
1549 2713 1760 2765 Verum
1781 2709 1998 2781 saepius
2017 2709 2206 2764 disce-

553 2795 692 2851 dere
718 2796 1098 2868 Euthymium
1127 2799 1607 2870 aTlieophylacto
1631 2798 1841 2853 cumin
1864 2798 2205 2869 interpreta-

554 2884 733 2948 tione,
770 2891 894 2940 tum
917 2886 975 2941 in
1005 2886 1272 2953 lectione,
1302 2887 1573 2958 exempla
1603 2885 2011 2956 comprobant.
2038 2887 2124 2941 Ita
2152 2902 2203 2940 e.

555 2989 604 3028 c.
653 2989 789 3028 cum
847 2974 1281 3046 Theophylacto
1333 2975 1571 3046 quidem
1611 2979 1670 3030 et
1731 2975 1854 3028 aliis
1898 2975 2206 3030 codicibus

444 3089 448 3096 λ
556 3061 855 3132 conspirat
882 3061 942 3117 in
963 3062 1313 3118 lectionibus
1343 3063 1613 3135 supra(.’r)
1633 3063 1978 3118 memoratis
2008 3063 2204 3118 Matth.

556 3166 632 3216 ιιι,
693 3152 755 3204 ll
792 3168 888 3218 ;v,
940 3152 1051 3216 47;
1111 3152 1251 3215 Luc,
1310 3169 1405 3218 vii,
1463 3153 1521 3208 31
1555 3157 1606 3207 et
1655 3151 1803 3206 aliis.
1861 3152 2028 3207 llaud
2073 3167 2208 3207 raro

557 3241 757 3294 tamen
779 3238 1063 3310 singulari
1078 3239 1324 3296 lectione
1341 3239 1580 3312 gaudet,
1613 3240 1674 3296 in
1692 3239 2053 3312 quibusdam
2088 3245 2210 3295 tan-

558 3327 872 3384 tummodo
900 3331 964 3384 N.
1007 3331 1065 3384 T.
1108 3329 1411 3385 codicibus
1443 3328 1614 3385 obvia
1649 3347 1662 3396 ;
1695 3335 1753 3382 ut
1783 3329 1953 3384 Joan.
1987 3329 2208 3390 vuiJiO,

557 3415 660 3471 ubi
688 3416 821 3472 loco
873 3421 1016 3491 παρὰ
1058 3426 1148 3470 τοῦ
1208 3420 1322 3471 θεοῦ
1376 3418 1726 3490 Euthymius
1796 3418 1934 3489 legit
1989 3435 2001 3472 :
2059 3419 2212 3491 Παρὰ

556 3512 645 3557 τοῦ
696 3509 894 3580 πατρὸς
941 3509 1109 3579 isque
1177 3508 1363 3572 solus,
1418 3513 1475 3562 et
1529 3523 1652 3575 xui,
1701 3507 1791 3571 25,
1838 3507 1967 3561 voci
2023 3505 2210 3566 ἐκεῖνος

558 3594 860 3664 subjungit
875 3594 1051 3654 οὕτως.
1085 3595 1231 3650 Cum
1254 3609 1401 3664 ergo
1428 3595 1532 3650 ille
1557 3595 1922 3650 recumberet
1945 3595 2028 3648 ita
2044 3610 2214 3664 super

556 3689 751 3751 pectus
781 3683 942 3748 Jesu,
971 3688 1084 3738 etc.
1115 3683 1284 3747 Quod
1315 3684 1726 3753 interpretatur
1762 3705 1774 3737 :
1808 3683 1904 3738 Ita
1933 3683 2102 3737 sicuti
2131 3699 2216 3736 re-

559 3771 881 3836 cumbebat,
909 3773 1016 3827 hoc
1047 3778 1250 3827 estnon
1277 3773 1534 3828 elevatus
1556 3784 1579 3842 ;
1599 3771 1701 3827 sed
1726 3777 1955 3826 tantum
1982 3786 2217 3826 conver-

560 3875 675 3916 sus.
741 3859 1018 3933 Similiter
1045 3862 1222 3916 Joan.
1285 3877 1408 3928 XIX,
1463 3861 1548 3926 16,
1607 3860 1745 3929 legit
1798 3860 1997 3930 ἤγαγον
2051 3859 2117 3919 εἱς
2158 3864 2214 3911 τὸ

560 3954 898 4022 πραιτώριον.
954 3949 1154 4006 Matth.
1215 3966 1336 4017 xiii,
1390 3949 1480 4014 27,
1507 3949 1672 4005 deest
1723 3957 1797 4018 σῷ
1826 3950 1911 4018 (y)
1946 3953 2040 4016 ;et
2072 3948 2211 4004 Luc.

559 4053 619 4092 v.
665 4040 729 4093 l9
752 4037 1044 4093 omissum
1084 4039 1588 4110 deprehendimus
1620 4034 1714 4090 διὰ
1745 4041 1882 4093 ante
1911 4042 2084 4097 ποίας.
2148 4039 2210 4092 lt.

561 4125 679 4180 Luc
693 4168 705 4180 .
729 4141 867 4191 xxu,
883 4129 971 4196 35,
999 4130 1152 4181 recte
1170 4142 1306 4180 cum
1322 4125 1498 4181 codd.
1516 4125 1880 4197 quibusdam
1897 4125 2109 4180 omittit
2129 4131 2216 4177 καὶ

498 4286 505 4294 Ι
561 4210 934 4286 ὑποδῆμάτων.
961 4215 1070 4271 Sed
1121 4215 1318 4270 cautio
1347 4214 1444 4269 hic
1471 4213 1810 4270 adhibenda
1870 4218 1962 4268 est
1995 4229 2065 4268 ac
2094 4214 2219 4269 dili-

562 4304 780 4373 gentia,
802 4309 1131 4376 propterea,
1151 4304 1309 4376 quod
1338 4303 1883 4358 omneslectionum
1906 4302 2219 4358 varietates

563 4393 808 4449 minime
847 4393 925 4448 ab
957 4393 1273 4465 Euthymio
1301 4391 1615 4465 proﬁcisci,
1649 4391 1751 4446 sed
1782 4391 2001 4447 multas
2022 4392 2218 4463 potius

640 4667 724 4737 (αι’)
753 4665 891 4734 Pag.
921 4667 1009 4720 16.
1046 4667 1192 4722 Sunt
1229 4669 1430 4737 autem
1455 4665 1547 4720 hae
1582 4683 1594 4719 :
1627 4665 1823 4737 Matth.
1850 4681 1929 4731 iii,
1960 4667 2019 4720 11
2047 4667 2218 4722 omit-

566 4733 824 4812 ζίίῠιίξεαὶ
846 4733 1009 4812 irrupit
1031 4738 1226 4812 N._37_,
1260 4736 1456 4812 φίλους,
1488 4753 1598 4808 pro
1643 4733 1909 4808 ἀδελφούς.
1956 4739 2089 4792 Luc.
2121 4755 2212 4803 Vl],

567 4810 656 4874 3t,
691 4804 934 4880 absunt,
962 4805 1069 4860 εἶπε
1101 4804 1159 4860 δὲ
1198 4809 1223 4859 ὁ
1255 4804 1456 4880 Κύριος,

639 4879 726 4948 (y)
762 4881 957 4935 Servat
981 4881 1040 4933 id
1076 4879 1531 4948 uterque'codex
1566 4893 1754 4933 meus.

639 4896 726 4948 ty)
762 4896 957 4935 servat
981 4896 1040 4933 ιιι
1076 4896 1203 4934 uier
1247 4896 1317 4932 ue
1350 4896 1531 4933 cooex
1566 4896 1754 4933 meus.

637 4949 712 5020 (ε)
745 4950 906 5005 Idem
936 4966 1170 5074 quoque
1203 4896 1282 5030 3e
1310 4950 1582 5004 Parismis
1611 4949 1789 5030 codd.
1825 4949 2002 5005 refert
2032 4951 2218 5006 Simo-

637 5021 799 5074 us.ld
833 5021 951 5074 inte
980 5021 1181 5074 linitur
1209 5029 1388 5074 etiam
1427 5037 1491 5074 ex
1522 5021 1629 5074 hac
1652 5021 1904 5074 editione
1938 5026 1994 5074 et
2027 5039 2094 5074 ex
2125 5037 2218 5074 co-

567 5021 799 5076 nius.ld
833 5021 1181 5089 intelligitur
1209 5021 1388 5075 etiam
1427 5037 1491 5075 ex
1522 5021 1629 5075 hac
1652 5021 1904 5075 editione
1938 5026 1994 5074 et
2027 5039 2094 5075 ex
2125 5037 2219 5076 co-

568 5092 804 5147 dicibus
845 5091 1313 5162 Mosquensibus.
1358 5091 1469 5148 Sed
1522 5095 1634 5147 ista
1694 5092 2100 5148 additamenta
2159 5093 2218 5147 in

543 5163 942 5233 .marginibus
977 5163 1199 5217 scholia
1231 5168 1513 5232 spectant,
1551 5179 1671 5218 non
1712 5169 2074 5218 contextum.

641 5235 716 5304 (a)
750 5233 1226 5304 Complutensem
1241 5234 1561 5289 editionem
1586 5235 1900 5289 Hentenius
1916 5235 1989 5288 ad
2012 5250 2221 5288 manus

569 5304 796 5368 habuit,
831 5321 901 5358 ex
927 5321 1050 5375 qua
1098 5305 1263 5360 etiam
1317 5305 1581 5371 disputat
1638 5312 1844 5359 contra
1899 5305 2216 5359 editionem

569 5375 814 5429 Erasmi.
839 5376 1060 5446 Saepius
1077 5377 1250 5432 etiam
1274 5377 1605 5431 versionem
1622 5377 1889 5430 Latinam
1908 5376 2222 5444 Vulgatam

570 5462 680 5517 pro
708 5445 1026 5516 Euthymio
1076 5449 1378 5518 eXpressit.
1412 5449 1474 5501 In
1526 5464 1590 5501 eo
1623 5454 1824 5501 autem
1854 5451 2091 5501 secutus
2136 5452 2222 5501 est

570 5517 1058 5574 consuetudinem
1088 5517 1323 5574 illOrum
1364 5525 1720 5587 temporum.

645 5588 724 5731 ἃς
754 5589 1112 5718 IServa6t8haec
1154 5596 1400 5661 uterque
1439 5589 1829 5658 Mosquensis.

783 5675 880 5716 mo
990 5705 1002 5716 .

783 5675 880 5716 mo
916 5675 1002 5716 ϋδ.

2303 1915 2468 1981 plut.
2509 1913 2752 1969 editione
2771 1914 3076 1969 habeatur.
3099 1913 3269 1968 Hisce
3296 1913 3487 1967 naavis
3537 1912 3705 1968 facile
3729 1912 3953 1969 mederi

2308 2001 2638 2072 potuissent
2676 2001 2948 2067 editores,
2982 2002 3028 2056 si
3061 2006 3288 2057 textum
3342 2001 3641 2073 Euthymii
3689 2000 3960 2071 collegis-

2310 2095 2437 2144 sent
2466 2107 2495 2144 e
2513 2089 3065 2153 codicibusGrmcis;
3093 2090 3424 2162 praesertim
3457 2089 3959 2147 Parisiensibuset

2310 2179 2669 2234 Barocciano
2686 2181 2772 2242 28,
2801 2179 3088 2249 quiMillio
3111 2178 3418 2250 quondam
3445 2179 3505 2233 in
3537 2178 3957 2250 conquirendis

2310 2267 2666 2323 lectionibus
2708 2282 2930 2335 magno
2960 2266 3310 2337 adjumento
3349 2266 3477 2323 fuit.
3521 2266 3667 2322 Illud
3716 2283 3957 2339 quoque

2310 2356 2619 2411 sciendum
2633 2361 2739 2422 est,
2754 2355 3138 2425 Euthymium
3177 2355 3317 2410 iisin
3337 2355 3499 2420 locis,
3523 2355 3624 2410 ubi
3644 2371 3956 2424 argumen-

2310 2449 2435 2499 tum
2466 2460 2528 2499 se
2566 2443 2758 2508 oﬂ‘ert,
2791 2443 2949 2514 quod
2974 2444 3034 2499 in
3059 2443 3175 2499 alio
3201 2443 3565 2513 evangelista
3584 2445 3712 2514 jam
3749 2443 3956 2498 diluci-

2311 2531 2514 2587 datum
2537 2536 2684 2600 erat,
2702 2532 3094 2588 transmittere
3120 2531 3398 2587 lectorem
3431 2533 3509 2588 ad
3525 2531 3748 2588 dictam
3779 2547 3957 2603 expo-

2313 2620 2612 2685 sitionem,
2634 2620 2808 2675 citato
2829 2619 3110 2676 nimirum
3119 2622 3290 2691 juxta
3315 2621 3650 2676 Graecorum
3673 2624 3958 2693 supputa-

2314 2712 2535 2766 tionem
2564 2709 2789 2780 capite;
2815 2711 2980 2780 cujus
3017 2710 3311 2780 allegandi
3341 2711 3590 2766 rationis
3625 2710 3956 2765 secundum

2314 2798 2546 2868 majora
2588 2797 2839 2869 κεφάλαια
2913 2799 3189 2853 institutae
3254 2797 3614 2854 mentionem
3691 2798 3960 2867 injiciens

2319 2888 2507 2943 Sixtus
2551 2887 2846 2955 Senensis,
2892 2886 3030 2941 Bibl.
3075 2890 3132 2942 S.
3185 2889 3240 2942 L.
3289 2888 3377 2951 ΙΙΙ,
3428 2904 3481 2958 ρ.
3546 2888 3665 2954 166,
3733 2885 3954 2942 refert:

2317 2975 2798 3046 Euthymiusseu,
2825 2981 2887 3030 ut
2918 2976 3272 3046 quibusdam
3305 2976 3555 3040 videtur,
3574 2975 3963 3031 (Ecumenius

2317 3064 2623 3119 distribuit
2654 3065 3049 3134 Evangelium
3073 3065 3416 3119 Matthcei'in
3443 3065 3642 3120 titulos
3663 3079 3764 3120 seu
3779 3065 3970 3133 capita

2319 3154 2391 3224 (ei
2407 3153 2496 3206 86.
2513 3153 2855 3223 Cujusmodi
2868 3152 3271 3208 distinctiones
3283 3153 3447 3224 apud
3462 3155 3723 3208 Marcum
3739 3157 3973 3208 exstant

2318 3245 2386 3297 48
2415 3261 2432 3313 ;
2464 3244 2672 3297 Lucam
2693 3241 2763 3295 83
2795 3258 2808 3305 ;
2840 3243 3133 3297 Joannem
3159 3241 3418 3312 denique
3449 3244 3513 3295 18
3543 3259 3556 3306 ;
3600 3257 3720 3298 non
3768 3257 3976 3297 nume-

2318 3335 2448 3386 rata
2466 3331 2724 3386 sectione
2750 3331 2824 3385 de
2851 3329 3095 3386 muliere
3117 3331 3176 3384 in
3199 3329 3487 3385 adulterio
3511 3330 3967 3402 comprehensa,

2319 3437 2455 3492 quae
2468 3419 2731 3476 narratio
2744 3435 3092 3491 quanquam
3114 3419 3378 3474 aGraacis
3389 3417 3738 3473 doctoribus
3753 3417 3975 3490 passim

2319 3507 2566 3572 omissa,
2593 3507 2667 3563 ab
2700 3507 3024 3578 Euthymio
3056 3506 3383 3578 explicatur
3413 3507 3516 3575 (α).
3566 3509 3766 3578 Neque
3797 3507 3974 3562 etiam

2321 3598 2574 3654 intactas
2585 3596 2860 3670 relinquit
2872 3598 3215 3662 sententias,
3231 3597 3452 3668 quibus
3471 3600 3633 3652 stant
3646 3598 3748 3668 qui
3764 3596 3971 3652 Graecae

2323 3687 2594 3742 Ecclesiae
2625 3685 2894 3742 addictos
2928 3701 3055 3741 sese
3088 3686 3455 3756 profitentur.
3494 3684 3693 3750 Qualis
3724 3691 3812 3741 est
3851 3685 3970 3753 illa,

2323 3793 2458 3848 qua;
2472 3776 2783 3848 progenuit
2807 3776 3245 3832 contentionem
3282 3775 3430 3830 inter
3476 3775 3712 3830 Graecos
3742 3779 3799 3829 et
3825 3774 3973 3829 Lati-

2324 3882 2436 3922 nos
2477 3865 2579 3920 diu
2621 3866 2757 3921 olim
2797 3866 3080 3935 agitatam
3117 3881 3281 3936 ;quo
3313 3863 3535 3920 scilicet
3564 3863 3659 3918 die
3699 3863 3967 3918 Christus

2325 3970 2538 4025 agnum
2578 3955 2926 4027 paschalem
2973 3954 3344 4009 comederit?
3381 3968 3559 4025 porro
3593 3951 3864 4007 doctrina
3896 3951 3971 4006 de

2325 4059 2574 4115 operum
2587 4042 2972 4098 retributione
2987 4057 3103 4097 non
3119 4046 3319 4096 statim
3342 4058 3376 4095 a
3391 4045 3577 4096 morte
3589 4039 3848 4110 cujusvis
3863 4039 3975 4094 ini-

2325 4133 2473 4188 tium
2490 4133 2779 4204 capiente,
2802 4132 2908 4187 sed
2927 4131 3259 4187 differenda
3280 4129 3356 4186 ad
3374 4129 3528 4184 diem
3539 4127 3779 4200 judicii:
3804 4127 3977 4183 deni-

2325 4237 2441 4294 que
2456 4223 2634 4277 etiam
2652 4221 2724 4276 de
2750 4221 2969 4292 Spiritu
2985 4223 3191 4275 sancto
3205 4234 3240 4274 a
3266 4217 3392 4274 solo
3417 4221 3580 4273 Patre
3600 4216 3972 4288 procedente.

2327 4311 2421 4365 cui
2438 4309 2708 4382 opinioni
2731 4309 3040 4364 inhaesisse
3059 4307 3409 4378 scriptorem
3431 4310 3703 4362 nostrum
3721 4309 3980 4374 arguunt

2327 4400 2478 4464 loca,
2512 4399 2734 4472 quibus
2767 4397 3049 4469 Spiritum
3078 4401 3356 4452 sanctum
3383 4411 3418 4452 a
3461 4395 3628 4450 Patre
3655 4392 3978 4466 procedere
4013 4423 4032 4431 -

2399 4657 2481 4727 (ἀ)
2508 4655 2682 4710 Addit
2710 4669 2851 4710 vero
2883 4653 3236 4727 Euthymius
3277 4652 3338 4706 in
3365 4651 3480 4727 fine
3501 4667 3637 4727 _cap_.
3670 4666 3743 4705 vn
3769 4649 3921 4727 Joan
3960 4664 3972 4702 :

2327 4720 2692 4785 Scireautem
2707 4731 2950 4793 oportet,
2979 4720 3125 4794 quod
3136 4739 3224 4785 ea,
3264 4740 3389 4795 qum
3409 4721 3477 4777 ab
3496 4723 3598 4777 hoc
3613 4720 3976 4795 loco/taben-

2329 4807 2442 4864 tur,
2473 4815 2651 4869 usque
2673 4792 2752 4852 ad
2776 4812 2928 4869 eum,
2959 4792 3073 4866 quo
3099 4792 3327 4869 dicitur.
3347 4795 3562 4869 lterum
3576 4808 3715 4862 ergo
3745 4792 3976 4869 locutus

2329 4862 2570 4928 est-illis.
2596 4871 2778 4931 Jesus,
2811 4862 3018 4921 diceris
3046 4883 3058 4920 :
3089 4889 3116 4913 ι‹
3153 4868 3270 4933 Ego
3304 4880 3435 4919 sum
3464 4864 3560 4918 lux
3591 4863 3820 4927 mundi,
3856 4881 3883 4911 ii
3911 4862 3975 4915 in

2330 4939 2718 4998 cxactimibus
2746 4937 3188 5005 exemplaribus
3206 4944 3303 4990 aut
3326 4952 3443 4989 non
3459 4935 3976 4996 inveniantur,aut

2329 5013 2482 5068 obelo
2513 5012 2777 5079 con/ossa
2825 5012 2964 5072 sint,
2999 5023 3082 5074 eo,
3137 5009 3289 5076 quod
3335 5006 3628 5076 itlegitima
3658 5005 3980 5079 uideantur

2331 5091 2383 5140 et
2423 5075 3364 5149 addita.Ethuiusargumentum
3393 5075 3667 5146 est,quod
3696 5075 3898 5149 mitius
3913 5089 3981 5130 ea

2331 5158 2401 5210 sit
2426 5146 2864 5221 interpretatus.
2899 5151 3010 5206 Sed
3027 5146 3236 5203 minus
3253 5154 3405 5203 recte
3427 5150 3744 5221 verborum
3775 5146 3985 5221 Euthy-

2333 5217 3047 5294 miisensumpercepissc
3076 5221 3302 5294 videtur
3337 5217 3984 5294 lienteniu_s,quon_iam

2333 5299 2391 5351 in
2407 5295 2637 5350 duobus
2653 5287 2803 5349 mss.
2827 5287 3149 5356 codicibus,
3169 5291 3301 5346 huic
3317 5289 3638 5360 exemplari
3654 5287 3986 5360 admodum

2334 5367 2646 5431 similibus,
2691 5381 2844 5437 quos
2893 5367 3325 5437 commemorat
3383 5358 3550 5437 liicli.
3607 5358 3902 5437 Simon,_l.
3939 5376 3985 5412 c.

2335 5455 2496 5513 pag._
2517 5429 2640 5500 42-2,
2672 5429 2850 5490 vérba
2895 5437 2974 5489 ita
3016 5450 3090 5513 se.
3119 5434 3356 5513 habent.
3387 5429 3538 5513 litigo";
3570 5436 3660 5513 τόγ’
3690 5434 3991 5513 ’(ρνσόστιο-

2333 5502 2584 5581 ξιοιῖὀλως
2627 5515 2981 5579 μνημονεῦσαι
3031 5506 3190 5575 αὐτῷ.
3253 5505 3347 5559 Ita
3402 5502 3670 5559 Noesselt
3724 5502 3787 5556 i't
3844 5506 3987 5555 nota

2334 5583 2410 5634 ad
2450 5581 2507 5636 ἡ.
2544 5581 2583 5634 ι.
