4180 6462
196 388 262 446 33
1703 383 2101 449 ΡΒᾹΞΡΑΤῙΟ,
3533 391 3604 444 34

196 515 430 583 asserit,
458 513 620 568 nulla
649 511 769 566 Filii
801 511 952 567 facta
983 510 1280 566 mentione
1296 511 1388 580 (e).
1431 509 1677 580 Reliqua
1704 526 1836 581 quae
1872 513 1916 563 Λ
1949 513 2043 564 net
2074 524 2110 564 a
2139 508 2440 564 nonnullis
2471 510 2788 581 Euthymio
2812 513 3150 583 ascriptum,
3186 513 3339 568 Rich.
3398 514 3601 570 Simon

199 577 495 673 Euthj'mii
526 601 762 655 nomine
787 599 1056 653 feruntur
1087 599 1326 669 scripta,
1359 599 1630 653 nondum
1663 598 1835 662 edita,

200 707 342 744 num
369 692 445 744 ab
459 705 526 743 eo
542 688 802 758 profecta
826 687 965 750 sint,
987 686 1359 756 exploratum
1383 702 1497 740 non
1524 686 1836 740 habemus.

196 781 354 832 Certe
379 777 538 849 quod
561 775 637 831 ad
657 775 1093 847 Expositionem
1116 775 1496 844 epistolarum
1523 775 1684 829 Pauli
1715 774 1842 829 atti-

260 955 443 1032 (e)rlta
469 953 747 1032 adloan.
772 968 882 1032 xw,
909 954 1002 1006 to.
1035 955 1111 1031 Et.
1126 951 1300 1032 datur
1321 951 1624 1032 quidcma
1656 951 1842 1032 Patre,

197 1022 394 1097 utpote
428 1025 506 1080 ab
532 1025 632 1102 illo
663 1024 1014 1102 procedens,
1035 1023 1280 1102 mittitur
1296 1022 1432 1102 vero
1463 1022 1652 1076 aFilio
1673 1023 1845 1102 quasi

194 1093 542 1166 cooperans,
574 1101 630 1150 et
656 1093 779 1174 non
810 1094 1158 1174 contrarius.
1182 1093 1687 1174 Similiter‘cgmxv,
1720 1098 1844 1174 26.:

193 1163 336 1221 Vide
363 1172 582 1226 autem,
609 1165 771 1236 quod
800 1165 1227 1236 mittitquidem
1251 1180 1386 1218 eum
1423 1163 1690 1227 etFilius,
1722 1169 1848 1219 tan-

1951 597 2094 651 Bibl.
2127 598 2249 652 crit.
2274 599 2346 651 de
2381 600 2462 652 Du
2499 599 2598 653 Pin
2628 600 2668 654 Ι.
2710 617 2757 654 c.
2792 617 2928 672 pag.
2951 602 3193 667 323,eos
3223 602 3598 673 Euthymiuin

1951 702 2085 739 cum
2117 687 2472 740 CEcumenio
2495 694 2896 744 commutasse
2919 690 3170 760 judicat.
3273 717 3282 744 t

1954 965 2136 1020 quam
2170 950 2443 1018 ejusdem
2475 966 2610 1003 cum
2637 955 2798 1004 Patre
2817 951 3055 1006 honoris
3088 970 3328 1017 ;verum
3351 957 3409 1010 id
3437 974 3469 1010 a
3503 958 3603 1011 Pa-

1956 1027 2038 1075 tre
2065 1026 2226 1091 puta,
2276 1020 2713 1096 procedentem.
2771 1022 3037 1096 Procedit
3089 1025 3288 1096 itaque
3350 1043 3385 1081 a
3418 1030 3603 1092 Patre,

1958 1097 2247 1217 tanquam
2306 1093 2374 1145 de
2430 1092 2554 1160 ejus
2612 1092 2965 1148 substantia.
3014 1092 3267 1152 Noesselt
3318 1098 3378 1150 in
3436 1099 3607 1152 Notis

635 1532 1192 1623 JOANNIS
1331 1525 1986 1617 HENTENII
2045 1517 2055 1524 ’
2126 1526 3185 1621 MECHLINIENSIS

1438 1717 1814 1778 EPISTOLA
1860 1714 2382 1776 DEDICATORIA

270 2015 663 2072 Illustrissimo
693 2032 763 2071 ac
792 2013 1288 2070 reverendissimo
1313 2011 1550 2068 domino
1582 2010 1645 2063 D.
1672 2011 1848 2064 Fran-
1883 2008 1923 2060 Β
1959 2006 2204 2062 humius
2224 2007 3044 2078 consul,quiignominiosam
3062 2029 3272 2083 pacem
3287 2031 3423 2069 cum
3446 2016 3614 2072 Clau-

201 2105 360 2161 cisco
413 2122 450 2159 a
503 2103 819 2158 Bovadilla
856 2103 1142 2172 episcopo
1194 2099 1511 2168 Cauriensi,
1567 2097 1853 2154 archidia-

202 2209 356 2250 cono
406 2192 710 2253 Toletano,
765 2196 873 2246 etc.
923 2189 1181 2244 Joannes
1257 2187 1572 2242 Hentenius
1628 2184 1856 2242 Mechli-

202 2280 447 2344 niensis,
481 2279 537 2332 S.
575 2280 636 2333 D.
1750 2361 1760 2371 .

275 2369 330 2424 Si
349 2367 564 2422 bonum
586 2382 658 2421 eo
672 2364 1043 2438 praestantius
1055 2379 1185 2418 esse
1207 2367 1436 2434 quanto
1457 2364 1854 2428 communitis,

199 2471 380 2512 nemo
393 2461 480 2511 est
491 2455 582 2510 vel
595 2453 968 2510 mediocriter
982 2451 1192 2507 morali
1205 2450 1589 2523 philosophia
1610 2451 1857 2506 instruc-

203 2553 292 2600 tus
313 2546 417 2617 qui
433 2544 678 2608 dubitet,
696 2541 1304 2614 praesulamplissime,
1321 2541 1600 2595 virtutum
1620 2555 1689 2595 ac
1713 2539 1855 2595 litte-

203 2650 398 2689 rarum
430 2633 676 2688 antistes
710 2646 867 2695 ;non
899 2631 1006 2685 erit
1043 2629 1222 2684 etiam
1251 2628 1347 2700 qui
1376 2627 1658 2697 ambigat,
1694 2644 1856 2683 com-

203 2736 383 2776 mune
394 2720 624 2776 bonum
637 2719 870 2790 privato
882 2732 1009 2772 esse
1022 2716 1480 2788 praeponendum
1492 2716 1690 2788 .ldque
1703 2716 1855 2772 adeo

204 2823 411 2862 verum
437 2812 546 2871 est,
578 2812 642 2862 ut
671 2807 850 2861 etiam
887 2805 1148 2861 Christus
1200 2803 1668 2860 sacratissimam
1693 2805 1854 2860 illam

208 2897 388 2952 vitam
436 2912 606 2952 suam
650 2894 827 2949 vilem
862 2893 1148 2956 habuerit,
1173 2909 1294 2964 quo
1328 2892 1602 2948 universo
1655 2893 1854 2962 generi

211 2983 479 3038 humano
492 2983 650 3038 salus
664 2983 947 3053 adempta
970 2982 1162 3054 possit
1182 2980 1422 3035 restitui.
1449 2982 1663 3035 Verum
1686 2996 1758 3034 ne
1771 2981 1857 3035 di-

213 3071 610 3143 catquispiam
626 3069 839 3126 Christi
851 3085 1034 3141 opera
1045 3073 1250 3140 utpote
1263 3069 1462 3123 divina
1476 3083 1855 3140 nequaquam

211 3160 269 3215 in
300 3176 620 3216 numerum
674 3174 803 3215 esse
855 3157 1182 3226 redigenda
1219 3174 1230 3209 :
1272 3171 1380 3226 age
1421 3160 1478 3212 et
1505 3157 1578 3211 ab
1605 3157 1855 3212 ethnicis

196 3264 436 3320 quoque
463 3264 686 3320 paucos
710 3247 784 3302 de
826 3246 1141 3300 innumeris
1165 3246 1514 3309 referamus,
1550 3245 1655 3316 qui
1681 3261 1854 3301 suam

1959 2093 2059 2148 dio
2093 2095 2295 2149 Pontio
2329 2095 2683 2151 Samnitium
2709 2097 2947 2153 ducead
2990 2100 3496 2168 t'urcasCaudinas
3519 2121 3613 2174 pe-

1962 2180 2192 2251 pigerat
2206 2198 2273 2235 ac
2288 2183 2714 2254 spoponderat,
2729 2191 2930 2241 auctor
2949 2187 3056 2242 fuit
3070 2191 3391 2253 senatui,ut
3406 2208 3614 2246 secum

1963 2268 2193 2338 collega
2222 2285 2290 2323 ac
2306 2271 2556 2324 tribunis
2586 2273 2686 2342 qui
2707 2279 2978 2328 auctores
2997 2278 3337 2345 sponsionis
3359 2278 3611 2344 fuerant,

1921 2387 1924 2391 -
1962 2352 2359 2427 per‘fmciales
2385 2360 2579 2412 nudos
2605 2360 2949 2432 vinctosque
2965 2364 3330 2419 Samnitibus
3350 2366 3610 2432 dederet,

1962 2460 2085 2516 quo
2123 2444 2377 2514 populus
2406 2447 2711 2501 Romanus
2737 2446 2810 2501 ab
2842 2448 2940 2503 illa
2988 2465 3131 2519 pace
3163 2452 3504 2508 solveretur.

2035 2534 2100 2597 Ο.
2163 2531 2414 2587 Ceditius
2481 2535 2750 2589 tribunus
2824 2536 3098 2605 militum,
3149 2555 3330 2611 quem
3388 2542 3618 2599 videtur

1961 2621 2120 2677 Titus
2137 2621 2331 2675 Livius
2358 2621 2781 2693 Calphurnium
2816 2627 3144 2682 Flammam
3164 2645 3394 2694 vocare,
3423 2632 3616 2703 primo

1967 2707 2118 2764 bello
2152 2708 2370 2763 Punico
2427 2725 2564 2764 cum
2603 2712 3059 2782 quadringentis
3095 2716 3379 2772 militibus
3410 2719 3522 2782 vel,
3555 2724 3617 2774 ut

1962 2797 2139 2852 habet
2161 2797 2379 2867 Livius,
2408 2814 2544 2852 cum
2573 2802 2868 2868 trecentis,
2902 2804 3010 2857 nisi
3048 2804 3313 2860 fortassis
3339 2806 3433 2861 hic
3465 2808 3616 2863 alius

1964 2885 2154 2949 fuerit,
2189 2887 2360 2940 morti
2391 2903 2450 2940 se
2484 2887 2723 2943 tradidit
2753 2905 2764 2942 :
2801 2895 2860 2943 ut
2882 2891 3028 2946 dum
3077 2893 3134 2947 in
3166 2910 3287 2959 eos,
3320 2895 3615 2950 tumulum

1963 2973 2291 3045 quemdam
2347 2976 2664 3046 capientes,
2723 2984 3128 3035 averterentur
3188 2983 3386 3038 hostes
3439 2984 3615 3054 legio-

1964 3076 2070 3116 nes
2126 3077 2260 3116 cum
2303 3063 2650 3118 consulibus
2703 3065 3142 3133 circumventae,
3191 3069 3519 3126 incolumes
3545 3089 3618 3127 ex

1962 3149 2268 3204 obsidione
2308 3149 2592 3216 liberatae,
2650 3156 3092 3224 pertransirent.
3130 3157 3328 3213 Simile
3381 3151 3618 3232 quoque

1963 3239 2084 3307 egit
2101 3237 2310 3292 Decius
2324 3239 2592 3294 tribunus
2613 3241 2864 3296 militum
2880 3260 3016 3299 cum
3032 3247 3278 3301 consule
3294 3249 3350 3302 Ρ.
3385 3248 3619 3304 Valerio

199 3352 571 3407 suorumque
587 3336 769 3390 vitam
783 3332 1084 3388 communi
1102 3333 1263 3387 bono
1279 3333 1775 3403 posthabuerunt.
1792 3335 1855 3389 In
1893 3344 1933 3399 C
1961 3328 2230 3390 COI‘ViHO,
2256 3328 2500 3396 junctus
2517 3329 2768 3383 hastatis
2785 3333 2959 3385 unius
2985 3333 3232 3400 legionis
3249 3339 3618 3408 (quanquam

196 3424 412 3495 primis
438 3429 636 3478 autem
651 3420 1121 3476 occurritlunius
1145 3419 1240 3474 ille
1258 3421 1481 3486 Brutus,
1503 3421 1734 3491 primus
1749 3425 1856 3477 Ro-

195 3527 398 3566 manae
430 3509 714 3566 libertatis
745 3511 1024 3578 assertor,
1060 3507 1160 3579 qui
1193 3507 1468 3578 proprios
1491 3507 1665 3573 ﬁlios,
1691 3511 1854 3581 quod

192 3599 460 3654 fuissent
485 3597 709 3654 consilii
746 3596 820 3652 de
852 3595 1204 3652 reducendis
1251 3596 1489 3668 regibus
1515 3598 1852 3684 participes,

198 3688 395 3744 securi
421 3688 602 3758 jussit
630 3685 878 3758 percuti:
911 3686 1145 3741 tametsi
1177 3701 1246 3740 ex
1265 3701 1473 3741 eorum
1504 3686 1665 3742 caede
1687 3689 1855 3757 gravl

194 3777 318 3848 ipse
352 3776 721 3832 sauciaretur
744 3773 988 3829 vulnere
1020 3791 1032 3836 ;
1064 3773 1203 3845 quis
1241 3774 1401 3828 enim
1430 3790 1600 3829 amor
1628 3775 1855 3847 aequari

197 3867 386 3937 possit
411 3871 654 3936 patrum
682 3878 823 3932 erga
840 3861 1009 3926 ﬁlios,
1036 3860 1270 3916 amori?
1295 3864 1412 3916 Nec
1431 3861 1490 3916 id
1514 3879 1655 3918 sane
1676 3863 1856 3931 Virgi-

196 3953 345 4009 lium
373 3954 569 4022 latuit,
601 3953 702 4023 qui
731 3951 804 4006 de
832 3966 902 4005 eo
928 3949 1189 4021 loquitur
1220 3949 1280 4003 in
1307 3950 1466 4004 hunc
1493 3952 1732 4006 modum
1769 3969 1779 4004 :

207 4044 302 4098 Vis
328 4050 381 4097 et
420 4042 784 4112 Tarquinios,
816 4053 979 4109 reges
1009 4039 1374 4112 animamque
1402 4041 1710 4108 superbam

207 4114 435 4190 {litoris
454 4109 649 4190 Bruti,
677 4111 987 4190 fascesque
1009 4109 1206 4190 uidere
1227 4117 1479 4178 receptos
1511 4113 1538 4165 γ’

198 4186 463 4240 Consulis
491 4182 800 4253 imperium
831 4182 926 4236 hic
956 4182 1178 4248 primus
1203 4195 1498 4253 struesque
1525 4197 1749 4238 secures

194 4256 463 4324 Accipiet
495 4272 506 4310 :
542 4251 823 4323 natosque
846 4255 1190 4324 paterinova
1223 4251 1374 4306 bella
1394 4258 1680 4324 moventes

193 4327 278 4381 Ab
291 4322 531 4394 plenam
556 4322 809 4394 pulchra
836 4338 944 4390 pro
967 4322 1235 4378 libertate
1250 4322 1474 4378 vocabit

165 4430 170 4436 -
196 4393 444 4468 Infelix,
477 4393 794 4468 utcunque
804 4395 1004 4468 ferent
1032 4408 1095 4468 ea
1118 4393 1549 4468 facta_nepotes
1578 4413 1591 4450 :

200 4464 403 4525 Vincet
429 4483 607 4524 amor
633 4464 862 4534 patria},
916 4464 1270 4534 laudumque
1292 4464 1575 4521 immensa
1626 4467 1852 4535 cupido.

258 4577 315 4630 P.
345 4574 560 4630 Decius
587 4572 721 4628 Mus
751 4587 890 4626 cum
913 4569 1157 4626 consule
1187 4572 1250 4625 Τ.
1295 4571 1528 4640 Manlio,
1558 4573 1858 4645 Torquato

1963 3415 2074 3470 hos
2108 3414 2348 3470 fortuna
2379 3415 2737 3487 liberaverit)
2772 3434 2844 3471 ne
2863 3419 3061 3474 hostes
3087 3423 3383 3476 Samnites
3424 3426 3481 3479 in
3512 3442 3616 3479 eos

1964 3510 2319 3574 pugnarent.
2354 3505 2507 3558 [nter
2561 3505 3036 3562 Lacediemonios
3083 3509 3292 3580 ingens
3324 3519 3413 3567 est
3440 3513 3618 3583 hujus

1965 3591 2127 3646 modi
2186 3595 2353 3662 copia
2414 3593 2826 3665 exemplorum
2862 3615 2873 3653 :
2910 3613 3116 3653 verum
3154 3601 3435 3671 praecipui
3463 3616 3618 3656 sese

1964 3679 2107 3734 mihi
2131 3679 2386 3736 offerunt
2405 3681 2573 3736 Buris
2598 3688 2652 3738 et
2673 3684 2916 3755 Spartis,
2937 3686 3033 3758 qui
3065 3688 3142 3743 ad
3172 3691 3394 3745 Xerxen
3419 3691 3618 3748 Persa-

1962 3785 2098 3824 rum
2112 3785 2311 3839 regem
2336 3777 2544 3841 sponte
2573 3773 2815 3843 profecti
2835 3781 2998 3830 sunt:
3029 3779 3219 3833 daturi
3236 3795 3446 3850 poenas
3469 3797 3620 3853 quas

1966 3857 2396 3913 Lacedzemonii
2416 3859 2585 3928 juxta
2605 3863 2922 3919 oraculum
2943 3868 3197 3936 pendere
3213 3867 3533 3935 debebant,
3550 3887 3621 3925 eo

1964 3946 2128 4018 quod
2161 3948 2440 4004 Oratores
2481 3964 2515 4003 a
2541 3949 2714 4005 Persa
2740 3952 2953 4007 missos
2993 3955 3367 4012 occidissent.
3393 3960 3453 4013 Hi
3480 3975 3623 4030 ergo

1965 4049 2093 4088 cum
2136 4035 2212 4089 ad
2245 4038 2460 4091 Xerxen
2482 4038 2799 4103 venissent,
2826 4041 3134 4112 jusserunt
3174 4048 3236 4100 ut
3267 4061 3327 4101 se
3359 4062 3624 4118 quocun-

1964 4138 2081 4193 que
2113 4125 2286 4177 modo
2321 4125 2633 4191 videretur,
2685 4144 2794 4199 pro
2842 4129 3302 4188 Lacedaemoniis
3343 4135 3625 4192 interﬁce-

1966 4217 2070 4264 ret.
2101 4211 2368 4284 Cumque
2415 4229 2514 4268 rex
2545 4215 2829 4285 pietatem
2887 4218 2946 4272 in
2978 4223 3235 4290 patriam
3268 4222 3622 4289 admiratus,

1965 4298 2425 4373 animorumque
2457 4301 2880 4375 fortitudinem,
2903 4306 3401 4365 liberassetillosa
3427 4327 3624 4381 pmna,
3683 4317 3698 4341 '-
3753 4309 3760 4313 ’

1967 4393 2303 4460 peteretque
2336 4395 2398 4444 ut
2437 4392 2598 4461 apud
2633 4409 2697 4446 se
2730 4401 3036 4450 manerent
3084 4415 3095 4451 ε
3133 4396 3243 4462 Qui
3275 4414 3624 4470 possumus,

1964 4475 2254 4548 inquiunt,
2290 4477 2385 4532 hic
2413 4478 2626 4546 vivere,
2659 4480 2864 4537 relicta
2897 4483 3103 4554 patria,
3148 4487 3471 4560 patriisque
3493 4488 3628 4561 legi-
3720 4524 3733 4536 ι

1965 4564 2079 4620 bus
2108 4580 2178 4620 ac
2192 4565 2350 4630 viris,
2369 4582 2621 4638 quorum
2657 4571 2847 4638 gratia
2868 4576 3098 4630 tantum
3131 4575 3628 4650 itersuscepimus

184 4671 394 4722 contra
409 4664 660 4720 Latinos
693 4675 995 4733 pugnans,
1012 4675 1150 4714 cum
1167 4675 1533 4731 responsum
1559 4666 1858 4718 essetora-
1894 4691 1938 4743 Ι)
1969 4653 2238 4710 morituri
2269 4654 2466 4720 ?Quid
2507 4657 2679 4712 Codri
2707 4660 3156 4720 Atheniensium
3184 4666 3337 4735 regis
3370 4673 3626 4724 mortem

183 4755 336 4819 culo,
373 4754 568 4810 utrius
611 4750 901 4807 exercitus
931 4748 1253 4820 imperator
1283 4748 1543 4819 legiones
1572 4750 1855 4816 hostium,

185 4859 367 4917 seque
399 4859 582 4915 super
641 4855 744 4894 eas
776 4837 1139 4900 devovisset,
1169 4837 1296 4907 ejus
1328 4838 1523 4908 populi
1553 4839 1859 4912 partisque

187 4930 308 4988 fore
346 4932 676 4988 victoriam
709 4941 814 4993 ;se
852 4925 1051 4996 ipsum
1080 4941 1190 4996 pro
1232 4926 1539 4981 communi
1569 4928 1858 4983 exercitus

189 5023 380 5080 salute
409 5020 685 5078 devovit.

263 5113 556 5184 Idemque
588 5106 732 5165 fecit
759 5104 915 5160 ﬁlius
927 5104 1054 5174 ejus
1072 5103 1284 5159 eodem
1306 5103 1642 5176 appellatus
1671 5107 1860 5161 nomi-

189 5217 276 5269 ne,
309 5219 452 5259 cum
477 5201 615 5272 jam
646 5195 889 5251 tertium
917 5192 1126 5249 consul
1157 5192 1383 5255 fuisset,
1414 5194 1714 5266 semelque
1732 5210 1861 5250 cen-

189 5307 287 5348 sor
316 5309 327 5348 :
361 5305 637 5364 quorum
673 5284 858 5340 etiam
898 5281 986 5336 his
1009 5281 1204 5337 verbis
1235 5287 1410 5353 poeta
1437 5283 1706 5339 meminit
1739 5302 1749 5337 :

199 5380 348 5448 Quin
379 5381 592 5437 Decios
632 5379 973 5443 Drusosque
998 5371 1200 5454 simul,
1248 5385 1578 5454 scepumque
1599 5375 1791 5454 securi

195 5444 397 5524 Aspice
435 5452 806 5521 Torquatum
833 5450 887 5500 et
917 5444 1262 5512 referentem
1293 5444 1465 5513 signa
1504 5445 1850 5503 Camillum.

256 5543 492 5598 Marcus
525 5537 772 5595 Curtius
792 5537 1074 5605 praeterea
1103 5531 1182 5586 ob
1220 5531 1426 5603 populi
1456 5532 1708 5588 salutem
1735 5549 1861 5590 sese

193 5646 343 5704 equo
374 5633 691 5688 invectum
720 5623 782 5679 in
812 5629 978 5678 terrae
1030 5622 1263 5678 hiatum
1290 5622 1513 5693 injecit.
1575 5625 1675 5694 Sp.
1699 5625 1859 5680 Post-

1969 4743 2242 4807 referam,
2293 4745 2399 4816 qui
2431 4761 2569 4800 cum
2621 4747 2840 4804 videret
2895 4751 3202 4820 regionem
3247 4770 3422 4811 suam
3473 4755 3627 4812 ferro

1969 4832 2207 4903 ignique
2231 4835 2476 4898 vastari,
2505 4851 2616 4890 nec
2647 4837 2765 4892 alio
2789 4839 2960 4895 modo
2987 4841 3158 4912 juxta
3183 4843 3468 4915 Apollinis
3499 4862 3629 4901 ora-

1970 4921 2172 4976 culum
2201 4927 2326 4977 tam
2357 4938 2538 4992 grave
2576 4925 2802 4983 bellum
2839 4929 3061 4985 discuti
3109 4939 3332 5003 posset,
3365 4934 3477 4989 nisi
3503 4935 3629 5006 ipse

1969 5009 2234 5065 hostium
2264 5026 2450 5066 manu
2479 5014 2808 5087 occidisset,
2834 5017 3016 5090 idque
3034 5035 3155 5075 non
3185 5021 3376 5077 solum
3406 5023 3465 5078 in
3495 5024 3627 5078 totis

1969 5097 2414 5154 Atheniensium
2447 5103 2671 5173 castris,
2712 5105 2816 5160 sed
2848 5108 3024 5161 etiam
3058 5107 3116 5162 in
3163 5111 3473 5166 contrariis
3503 5128 3627 5182 per—

1969 5185 2316 5252 crebuisset,
2375 5189 2621 5262 ideoque
2647 5193 2904 5249 edictum
2959 5201 3131 5260 esset,
3167 5214 3240 5254 ne
3270 5200 3407 5270 quis
3457 5201 3628 5255 Codri

1971 5291 2184 5346 corpus
2241 5277 2579 5335 vulneraret
2636 5282 2919 5353 depositis
2967 5284 3201 5355 imperii
3263 5287 3626 5356 insignibus,
3703 5295 3708 5305 ’

1970 5361 2326 5421 familiarem
2355 5367 2814 5435 induitcultum,
2850 5388 2916 5426 ac
2935 5372 3267 5444 palantium
3302 5376 3480 5445 globo
3499 5392 3628 5431 sese

1970 5452 2202 5521 objecit,
2256 5469 2561 5527 unumque
2609 5474 2680 5512 ex
2739 5458 2824 5512 his
2877 5459 3025 5516 falce
3059 5477 3415 5533 percussum
3446 5465 3505 5519 in
3539 5466 3629 5519 sui

1971 5540 2198 5596 caedem
2226 5544 2523 5615 compulit,
2554 5551 2615 5602 ut
2641 5548 2897 5619 patriam
2912 5557 3165 5606 servaret
3199 5570 3210 5616 ;
3244 5553 3423 5622 hujus
3451 5553 3626 5623 siqui-

1976 5629 2118 5684 dem
2139 5628 2399 5695 interitu,
2433 5649 2505 5689 ne
2534 5636 2777 5691 Athenae
2809 5638 3150 5695 occiderent
3199 5640 3465 5696 effectum
3515 5642 3626 5694 est“.
