4180 6450
567 325 635 378 35
2082 317 2481 384 PR/EFATIO.
3918 338 3988 399 36

642 451 787 506 Huic
824 451 952 522 jam
983 449 1066 504 rei
1106 448 1287 504 ﬁnem
1313 447 1640 519 imponam,
1685 446 1736 501 si
1769 445 1933 518 prius
1961 442 2217 533 hominis
2245 443 2291 496 A
2328 459 2465 500 men
2499 462 2635 502 cum
2694 453 2950 521 posteris
3019 454 3174 513 adeo
3207 458 3348 515 utile
3374 474 3443 515 ac
3500 461 3987 533 amplectendum

566 539 1024 610 ethnici,nempe
1049 535 1339 593 Ciceronis
1361 537 1440 590 De
1455 535 1679 590 somnio
1697 534 1966 604 Scipionis
1987 531 2209 587 dictum

564 645 702 684 vere
736 626 1130 684 Christianum
1168 624 1239 678 de
1266 623 1594 679 communis
1628 623 1769 678 boni
1806 620 2212 690 magnitudine

562 717 830 780 retulero,
860 714 963 786 qui
1005 713 1087 768 sic
1125 712 1204 767 ait
1237 732 1302 770 :«
1339 711 1465 778 Quo
1506 713 1607 775 sis,
1636 711 1930 778 Africane,
1966 708 2212 764 alacrior

562 807 639 862 ad
679 805 985 861 tutandam
1029 801 1482 873 rempublicam,
1515 800 1599 854 sic
1634 799 1890 856 habeto:
1929 797 2211 853 omnibus

559 895 660 966 qui
700 892 956 966 patriam
997 889 1495 957 conservaverint,
1529 887 1878 959 adjuverint,
1919 885 2205 948 auxerint,

559 987 783 1038 certum
821 996 948 1036 esse
978 981 1038 1035 in
1071 979 1220 1035 cmlo
1243 995 1305 1034 ac
1328 977 1634 1032 definitum
1667 976 1886 1039 locum,
1923 975 2016 1029 ubi
2051 973 2210 1029 beati

556 1090 681 1130 evo
697 1072 1064 1144 sempiterno
1077 1069 1360 1124 fruantur.
1383 1064 1936 1123 »Nihilestenimilli
1952 1063 2209 1134 Deo,qui

556 1177 793 1218 omnem
821 1163 980 1216 hunc
1003 1157 1297 1214 mundum
1320 1155 1489 1225 regit,
1519 1154 1682 1226 quod
1700 1153 1946 1225 quidem
1967 1154 2024 1206 in
2043 1152 2210 1206 terris

554 1252 674 1314 fiat,
708 1249 1027 1320 acceptius,
1054 1262 1241 1318 quam
1286 1243 1543 1299 concilia
1569 1247 1874 1313 coetusque
1899 1241 2208 1296 hominum

553 1340 682 1411 jure
703 1337 926 1401 sociati,
945 1353 1075 1408 quae
1108 1335 1420 1389 societates
1439 1331 1815 1402 appellantur
1839 1345 1851 1382 :
1886 1329 2102 1383 harum
2119 1343 2212 1383 re-

559 1432 749 1482 ctores
770 1432 823 1481 et
867 1428 1316 1480 conservatores
1336 1421 1475 1475 hinc
1501 1418 1895 1490 profecti,huc
1921 1422 2211 1470 reverten-

549 1522 666 1570 tur.
699 1515 810 1573 His
833 1515 1033 1584 igitur,
1057 1511 1161 1584 qui
1178 1509 1269 1571 νεὶ
1295 1510 1522 1580 seipsos
1541 1507 1761 1564 fortiter
1785 1520 1890 1578 pro
1905 1505 2209 1576 republica

554 1606 727 1659 morti
754 1603 1145 1666 tradiderunt,
1176 1605 1277 1654 aut
1308 1600 1366 1653 in
1395 1598 1525 1667 ejus
1555 1595 1868 1650 utilitatem
1893 1598 2080 1648 artem
2109 1593 2209 1647 ali-

551 1709 732 1766 quam
745 1690 1135 1763 quantumvis
1148 1690 1326 1743 etiam
1341 1685 1688 1741 illiberalem
1703 1699 1771 1738 ac
1785 1681 2202 1750 sedentariam,

2324 532 2654 630 reliquisset
2680 554 2863 630 _opus,
2900 546 3063 600 tanta
3121 547 3229 603 fuit
3265 548 3451 604 animi
3496 532 3788 607 modestia
3817 557 3984 625 quod

2323 626 2500 718 etiam
2533 627 2756 718 passim
2789 643 2858 684 ex
2891 632 3020 701 ejus
3074 635 3305 706 scriptis
3353 637 3478 692 luce
3501 637 3716 693 clarius
3738 647 3824 696 est
3856 659 3984 713 per-

2321 714 2546 779 spicere
2580 717 2644 767 ut
2669 714 2780 770 sibi
2813 716 2864 770 id
2902 720 3051 775 adeo
3076 737 3196 777 non
3247 723 3651 791 vindicaverit,
3679 730 3843 798 quod
3871 747 3981 788 nec

2319 799 2630 897 proprium
2663 817 2870 860 nomen
2904 809 3301 879 adjiciendum
3331 815 3646 876 censuerit,
3673 817 3775 870 sed
3796 819 3974 892 Chry-

2320 891 2571 941 sostomi
2599 892 2790 960 potius
2837 911 2963 950 cum
3020 902 3265 963 caeteris,
3299 916 3557 973 quorum
3604 903 3861 972 ingenue
3889 891 3975 964 fa-

2319 975 2549 1030 tebatur
2575 995 2702 1034 esse
2746 985 3074 1052 potissima,
3115 1005 3243 1059 quae
3276 991 3336 1044 in
3371 1006 3553 1046 unum
3582 992 3705 1064 ipse
3735 996 3973 1066 collegit

2319 1078 2657 1162 αμαιξᾳυξιω
2679 1075 2735 1124 et
2769 1071 2896 1142 ipse
2945 1091 3053 1130 suo
3096 1083 3279 1132 marte
3309 1078 3566 1149 plurima
3595 1098 3726 1154 quae
3748 1089 3804 1138 et
3832 1064 3973 1156 pree-

2320 1154 2682 1210 stantissima
2704 1165 2886 1224 erant,
2949 1163 3322 1232 adjunxerat,
3371 1172 3434 1221 ut
3494 1168 3634 1223 hinc
3687 1154 3970 1243 conjicias

2319 1246 2616 1336 quantum
2637 1247 2834 1302 animo
2857 1251 3260 1307 dissideretab
3288 1255 3356 1308 iis
3378 1257 3478 1326 qui
3502 1256 3559 1310 in
3586 1260 3831 1316 modum
3850 1280 3973 1319 cor-

2322 1329 2532 1426 niculae
2564 1331 2772 1389 alienis
2804 1353 2930 1392 sese
2945 1347 3160 1395 ornant
3182 1359 3249 1396 ac
3265 1344 3577 1399 venditant
3593 1346 3820 1416 plumis.
3844 1351 3974 1407 Plu-

2321 1431 2486 1471 rimis
2515 1435 2660 1476 sane
2715 1431 2917 1480 auctor
2940 1427 3036 1482 hic
3099 1429 3279 1484 fuisse
3323 1432 3554 1487 videtur
3585 1437 3972 1495 (llcumenius

2318 1503 2384 1568 is,
2415 1507 2516 1595 qui
2549 1509 2763 1567 similia
2791 1515 3232 1573 Commentaria
3262 1535 3332 1574 ex
3366 1520 3592 1577 eisdem
3617 1526 3851 1595 collegit
3872 1546 3972 1584 au-

2317 1594 2599 1686 ctoribus,
2636 1598 2694 1652 in
2727 1607 2868 1656 Acta
2907 1605 3334 1673 ap0stolorum,
3394 1609 3450 1661 in
3490 1594 3792 1680 Epistolas
3831 1631 3967 1686 quae

2316 1681 2627 1772 Catholicae
2659 1698 3102 1760 nuncupantur,
3153 1709 3222 1748 ac
3248 1695 3305 1748 in
3340 1697 3614 1752 Paulinas
3647 1681 3881 1772 omnes,
3907 1712 3968 1762 ut

551 1784 674 1836 sive
700 1779 1091 1852 quidpiamin
1106 1793 1176 1832 ea
1198 1775 1567 1847 praecipuum
1587 1779 1941 1842 gratumque
1957 1771 2203 1840 posteris
2239 1785 2282 1838 Β
2312 1771 2482 1854 certis
2495 1773 2863 1842 quibusdam
2879 1783 3245 1846 argumentis
3274 1784 3584 1854 colligitur,
3604 1790 3838 1846 etiamsi
3864 1771 3966 1849 nec

553 1869 998 1929 adinvenerunt,
1029 1866 1182 1920 vices
1212 1864 1537 1935 rependere
1567 1860 1815 1930 cupiens
1838 1858 2198 1930 antiquitas:

552 1961 606 2012 et
635 1972 758 2028 qua
783 1956 1000 2017 liceret,
1015 1958 1366 2025 perpetuam
1385 1965 1592 2005 eorum
1611 1948 1950 2003 memoriam
1975 1946 2200 2001 abinte-

548 2045 664 2102 ritu
677 2043 1000 2107 vindicare,
1022 2045 1250 2097 statuas
1262 2056 1446 2094 aereas
1466 2055 1568 2093 seu
1582 2051 1914 2092 marmorea
1926 2035 2198 2106 sepulcra

548 2133 751 2191 erexit.
784 2133 1068 2187 Przeterea
1123 2129 1490 2184 ethnicorum
1516 2126 1692 2182 libros
1719 2125 1936 2194 ingenti
1964 2123 2199 2178 redem-

549 2231 686 2294 ptos
713 2221 899 2294 pretio
929 2234 1151 2288 magna
1182 2218 1295 2272 (ide
1319 2215 1410 2271 vel
1444 2215 1722 2285 religione
1752 2213 1950 2286 potius
1978 2213 2197 2268 descri-

548 2316 698 2383 ptos,
730 2309 986 2366 cedrinis
1025 2307 1275 2363 inclusos
1326 2304 1600 2376 capsulis,
1659 2307 1784 2358 tum
1834 2301 1989 2357 cedri
2020 2317 2198 2358 succo

548 2399 780 2469 oblitos,
811 2397 1026 2470 posteri
1049 2397 1106 2451 in
1139 2394 1377 2466 templis
1409 2393 1747 2449 cautissime
1780 2390 2151 2462 reponebant
2182 2407 2194 2446 :

548 2490 766 2562 partim
794 2493 855 2542 ut
890 2488 970 2542 rei
1003 2491 1121 2542 tam
1153 2499 1356 2548 sacrae,
1389 2489 1630 2553 tamque
1681 2480 1893 2535 divina:
1923 2478 2198 2536 custodia

550 2593 672 2634 non
686 2576 816 2633 aliis
841 2591 1026 2648 quam
1046 2574 1189 2646 ipsis
1205 2573 1551 2628 numinibus
1565 2567 2019 2624 concrederetur
2038 2583 2050 2619 :
2069 2582 2197 2638 par-

547 2667 652 2723 tim
684 2679 758 2720 ne
787 2663 935 2738 quid
967 2664 1111 2718 situs
1147 2667 1249 2717 aut
1275 2661 1461 2717 caries
1488 2657 1588 2714 illa
1618 2659 2010 2711 monumenta
2032 2655 2194 2710 vitia-

545 2760 653 2811 ret.
683 2755 789 2810 Alii
818 2769 890 2810 ne
916 2752 1027 2808 hac
1058 2751 1300 2823 quidem
1323 2747 1581 2804 contenti
1603 2744 1928 2816 diligentia,
1961 2743 2196 2800 codices

545 2859 654 2900 ceu
684 2844 1028 2899 thesaurum
1059 2836 1590 2910 incomparabilem
1623 2834 1682 2888 in
1703 2831 1994 2888 altissimis
2027 2835 2195 2886 terra)

539 2931 780 2987 latebris
811 2927 1207 2986 recondebant
1265 2929 1428 2981 tanta
1459 2937 1622 2985 cura,
1658 2924 1722 2975 ut
1748 2935 1856 2974 nec
1883 2919 2188 2984 incendiis,

539 3036 648 3077 nec
679 3019 970 3076 bellorum
997 3015 1294 3090 procellis,
1318 3009 1538 3084 quibus
1563 3010 1769 3066 omnia
1797 3023 1966 3064 sacra
1997 3007 2189 3080 profa-

2311 1853 2390 1948 ibi
2444 1859 2693 1948 voluerit
2741 1879 2916 1920 suum
2948 1882 3166 1922 nomen
3223 1853 3544 1940 exprimere
3579 1893 3590 1929 :
3643 1893 3766 1948 qua
3804 1880 3877 1935 de
3903 1899 3963 1937 re

2309 1945 2884 2040 pluribus‘agemus,
2911 1970 3043 2010 cum
3073 1963 3304 2013 tomum
3335 1959 3501 2016 illum
3537 1945 3782 2022 alterum
3824 1985 3964 2040 pro-

2309 2033 2540 2105 pediem
2588 2037 2647 2092 in
2693 2038 2875 2094 lucem
2933 2042 3232 2101 dabimus.
3299 2047 3466 2104 Hunc
3513 2051 3712 2124 itaque
3760 2033 3963 2115 Graeca

2310 2139 2488 2222 manu
2515 2125 2876 2222 descriptum
2931 2136 3066 2187 ante
3100 2134 3316 2190 multas
3347 2141 3551 2194 aetates
3567 2144 3727 2212 quod
3751 2151 3959 2215 praeter

2306 2215 2464 2283 ipsas
2485 2215 2985 2308 evangelistarum
3007 2236 3164 2275 novo
3197 2226 3377 2280 modo
3408 2226 3958 2308 depictas,jamque

2307 2305 2734 2372 propemodum
2813 2312 3094 2362 vetustate
3135 2311 3352 2369 deletas
3387 2316 3698 2386 imagines,
3759 2305 3956 2380 multis

2306 2390 2480 2479 nobis
2509 2395 2875 2479 argumentis
2905 2396 3160 2454 innotuit
3189 2417 3326 2457 cum
3358 2419 3502 2460 rasu
3531 2411 3882 2479 reperissem
3903 2415 3958 2469 in

2305 2476 2950 2571 bibliothecaccenobii
2979 2485 3243 2557 Deiparae
3257 2490 3514 2559 Virginis
3531 2511 3566 2550 a
3591 2476 3957 2571 Cuadalupe,

2307 2565 2527 2660 ordinis
2580 2567 3064 2660 divillieronymi
3098 2575 3157 2629 in
3188 2591 3373 2646 regno
3396 2581 3680 2648 Castellaa,
3729 2587 3791 2642 in
3842 2565 3962 2660 qua

2311 2653 2640 2749 etiamnum
2669 2655 2954 2749 delitescit
2989 2678 3000 2714 :
3064 2667 3124 2718 ut
3155 2671 3288 2720 sunt
3333 2668 3461 2738 ejus
3495 2671 3777 2742 sodalitii,
3809 2653 3963 2749 prai-

2309 2742 2510 2797 sertim
2541 2749 2739 2800 autem
2771 2746 3305 2821 celeberrimiillius
3336 2763 3678 2816 monasterii
3701 2742 3960 2824 ccenobi-

2306 2834 2393 2928 tre,
2415 2845 2534 2886 non
2569 2832 2748 2889 modo
2775 2834 3121 2894 Christianae
3149 2848 3370 2898 nostra:
3388 2846 3716 2917 religionis,
3750 2867 3960 2912 verum

2303 2922 2483 3016 etiam
2509 2922 3136 2991 praestantissimorum
3170 2945 3406 3002 semper
3422 2942 3754 3005 auctorum,
3781 2945 3959 3012 potis-

2303 3014 2523 3062 simum
2555 3014 2756 3066 tamen
2782 3017 3072 3079 veterum,
3105 3017 3515 3089 diligentissini
3540 3025 3954 3088 observatores

539 3125 732 3182 naque
760 3102 1556 3171 solentmisceri,interirent,
1586 3095 1900 3168 etposteris
1925 3101 2076 3154 certe
2097 3111 2186 3150 su-
2226 3128 2267 3185 ρ
2299 3110 2368 3150 ac
2399 3095 2673 3163 cultores,
2701 3100 2896 3156 visum
2929 3107 3016 3158 est
3044 3102 3226 3160 invidi
3253 3123 3402 3175 esse,
3435 3126 3509 3166 ne
3536 3113 3732 3173 dicam
3763 3118 3947 3192 impii,

537 3201 856 3270 peressent.
889 3197 1072 3250 Porro
1105 3192 1152 3245 si
1182 3191 1278 3246 hic
1308 3189 1501 3244 honos
1526 3192 1613 3241 est
1637 3185 1872 3242 habitus
1907 3185 2184 3256 supersti-

532 3286 697 3342 tiosis
725 3287 904 3341 etiam
933 3277 1356 3340 voluminibus,
1393 3274 1568 3330 veluti
1598 3277 1800 3330 Numas
1832 3290 1899 3330 ac
1933 3273 2182 3345 Sybillre,

536 3379 638 3430 aut
661 3389 852 3430 rerum
869 3371 946 3428 ab
975 3366 1319 3424 hominibus
1338 3368 1644 3435 gestarum
1661 3363 2012 3420 memoriam
2027 3378 2186 3418 com-

535 3462 946 3534 plectentibus,
963 3456 1168 3529 quales
1181 3451 1922 3526 erant/Egyptiorumlibri
1945 3450 2186 3507 :autali-

535 3567 721 3623 quam
747 3550 1031 3604 humanae
1089 3542 1390 3615 sapientiae
1423 3542 1754 3614 portionem
1786 3539 2182 3604 tradentibus,

528 3640 708 3693 veluti
733 3636 990 3691 Platonis
1035 3639 1091 3688 et
1142 3631 1507 3687 Aristotelis:
1561 3632 1790 3700 quanto
1825 3629 2041 3698 justius
2098 3633 2188 3682 est

535 3726 696 3782 idem
714 3727 905 3780 facere
946 3723 1310 3782 Christianos
1355 3721 1416 3774 in
1449 3717 1761 3773 servandis
1793 3716 2028 3772 illorum
2063 3731 2186 3772 mo-

532 3814 832 3871 numentis
857 3813 884 3869 ?
913 3812 1009 3885 qui
1030 3827 1198 3867 sacro
1217 3809 1399 3866 afﬂati
1429 3808 1662 3879 Spiritu,
1681 3821 1806 3862 non
1837 3810 1961 3861 tam
1983 3803 2182 3869 libros,

528 3920 714 3979 quam
733 3903 975 3960 oracula
1000 3900 1172 3958 nobis
1199 3897 1578 3969 reliquerunt,
1597 3895 1812 3968 quibus
1831 3892 2184 3959 lectitandis,

531 3998 759 4066 pectus,
801 4006 922 4048 non
948 3990 1217 4050 doctrina
1243 3987 1438 4043 solum
1495 3992 1596 4040 aut
1625 3981 1859 4039 dicendi
1884 3981 2182 4048 facultate,

535 4083 643 4138 sed
654 4080 970 4137 virtutibus
997 4095 1066 4135 ac
1087 4079 1300 4149 pietate
1320 4091 1460 4148 erga
1471 4075 1658 4129 Deum
1678 4071 1994 4143 impleatur
2019 4087 2029 4124 :
2048 4086 2185 4125 cum

532 4177 686 4228 certe
699 4169 1070 4226 ethnicorum
1086 4166 1374 4222 librorum
1384 4164 1618 4234 jactura
1630 4161 1690 4216 id
1705 4164 1935 4216 tantum
1949 4157 2179 4223 efﬁciat,

532 4265 590 4315 ut
621 4260 817 4325 minus
843 4256 1055 4318 eruditi
1077 4256 1286 4320 simus,
1310 4258 1411 4309 aut
1451 4251 1652 4305 minus
1684 4247 2180 4319 eloquentes,non

531 4353 596 4406 ut
624 4350 825 4405 minus
839 4347 944 4421 pii.

2295 3199 2357 3238 re
2388 3183 2538 3239 adeo
2577 3185 2852 3256 frugifera
2881 3191 3003 3261 pati
3048 3191 3267 3250 diutius
3309 3198 3521 3268 privari
3547 3202 3806 3262 Latinos.
3834 3183 3947 3266 Dleo

2295 3276 2486 3367 tamen
2511 3274 2730 3367 inscius
2758 3293 2943 3342 eram,
2983 3295 3168 3352 quam
3227 3284 3462 3353 duram,
3522 3307 3830 3367 quamque
3860 3313 3949 3354 ar-

2295 3360 2488 3456 duam
2537 3363 2772 3456 adirem
2815 3369 3176 3456 provinciam
3213 3376 3473 3445 :partim
3496 3360 3762 3450 quidem,
3785 3388 3950 3456 quod

2295 3450 2544 3542 proprias
2576 3453 2852 3510 conscius
2877 3455 3320 3530 imbecillitatis,
3349 3462 3672 3539 incultique
3705 3450 3947 3542 ingenii,

2295 3537 2624 3596 habueram
2647 3556 2882 3612 semper
2909 3544 2969 3600 in
2993 3546 3220 3615 animo,
3243 3550 3388 3606 nihil
3425 3552 3482 3608 in
3509 3537 3803 3626 publicum
3822 3537 3953 3620 ede-

2401 3642 2411 3678 :
2441 3629 2664 3697 partim
2693 3634 3003 3703 veroquod
3033 3635 3287 3696 mihires
3309 3646 3466 3697 esset
3494 3659 3634 3700 cum
3651 3648 3951 3717 ejusmodi

2295 3714 2469 3780 libro,
2504 3732 2682 3808 quem
2707 3719 2797 3775 vel
2826 3720 3020 3792 legere
3044 3739 3164 3780 non
3193 3728 3510 3787 mediocris
3535 3714 3948 3808 foret-negotii,

2295 3808 2495 3874 utpote
2535 3805 2749 3877 ignotis
2778 3814 2837 3864 ut
2864 3809 3187 3880 plurimum
3235 3823 3478 3876 exarata
3507 3805 3949 3884 characteribus

2295 3896 2771 3991 compendi-is,
2804 3900 3072 3955 maxima
3125 3901 3261 3959 licet
3315 3921 3456 3962 cura
3492 3925 3562 3966 ac
3583 3911 3890 3984 diligentia
3931 3937 3943 3973 :

2294 3980 2616 4040 litterarum
2634 3984 2811 4040 etiam
2831 3986 3040 4057 figuris
3060 3989 3410 4065 plerumque
3443 3997 3531 4053 vel
3557 3980 3719 4058 carie
3741 4020 3817 4060 ac
3837 4007 3948 4062 situ

2293 4069 2653 4136 oblitteratis,
2686 4073 2780 4128 vel
2798 4075 3093 4133 tinearum
3107 4093 3174 4134 ac
3188 4079 3513 4141 blattarum
3540 4087 3759 4158 injuria
3774 4097 3948 4151 semi-

2291 4159 2462 4225 rosis,
2489 4160 2580 4215 vel
2621 4175 2780 4217 novo
2837 4165 2989 4219 adeo
3038 4181 3202 4221 more
3259 4171 3523 4241 depictis,
3567 4179 3710 4234 utin
3739 4179 3946 4240 formis

2291 4249 2474 4304 etiam
2513 4251 2886 4307 noscitandis
2960 4253 3094 4310 mihi
3162 4256 3310 4314 foret
3369 4271 3941 4334 repuerascendum.

2291 4338 2507 4392 Omitto
2565 4338 2730 4409 quod
2762 4341 3101 4412 frequenter
3124 4344 3180 4400 in
3211 4349 3498 4406 orationis
3523 4361 3804 4414 contextu
3823 4376 3948 4422 non

586 4450 659 4510 .In
683 4447 776 4502 his
806 4446 1007 4517 itaque
1037 4443 1140 4515 qui
1170 4444 1434 4497 veterum
1493 4438 1806 4494 auctorum
1845 4448 1912 4488 ac
1939 4435 2176 4488 Patrum
2206 4463 2253 4518 ο
2290 4431 2430 4482 sunt
2459 4441 2494 4480 a
2520 4426 2851 4484 seinvicem
2883 4437 3180 4501 separatae
3204 4435 3497 4495 dictiones
3523 4457 3536 4495 :
3570 4448 3626 4499 et
3647 4460 3679 4500 e
3711 4447 3948 4508 diverso

527 4536 747 4608 scripta
757 4534 932 4590 nobis
947 4532 1333 4593 tradiderunt,
1353 4525 1611 4582 maxime
1625 4528 1821 4578 autem
1834 4522 2179 4593 Chrysosto-

527 4625 612 4680 mi
628 4640 750 4696 quo
776 4637 955 4682 nemo
976 4621 1035 4675 in
1049 4616 1398 4674 enarrandis
1425 4613 1612 4669 sacris
1627 4610 2027 4667 voluminibus
2040 4611 2177 4667 dex-

528 4714 706 4770 terius
728 4716 991 4768 versatus
1013 4715 1118 4772 est,
1153 4714 1207 4761 et
1228 4720 1350 4777 quo
1370 4701 1672 4760 neminem
1694 4700 1959 4758 invenias
1981 4701 2174 4771 magis

522 4801 1046 4860 accommodatum
1073 4798 1165 4854 his
1179 4795 1283 4865 qui
1307 4793 1380 4850 ad
1396 4806 1617 4848 munus
1641 4788 2034 4846 concionandi
2049 4805 2175 4846 sese

523 4898 872 4965 parantnon
906 4885 1262 4960 posteriores
1291 4882 1664 4938 tulitGraecus
1677 4880 1921 4952 quidam
1937 4883 2172 4934 auctor:

521 4981 623 5054 qui
652 4995 899 5037 cernens
953 4980 1180 5031 veteres
1225 4986 1426 5028 sacros
1450 4974 1718 5026 auctores
1775 4972 1832 5024 et
1882 4967 2175 5040 praecipue

522 5087 624 5126 eos
654 5069 758 5142 qui
775 5067 1100 5140 plurimum
1117 5062 1532 5117 laboraverant
1551 5059 1607 5113 in
1627 5056 1976 5113 enarrandis
1999 5072 2176 5112 evan-

525 5159 719 5229 gelicae
746 5155 1029 5212 doctrinae
1086 5151 1251 5205 libris
1278 5149 1353 5206 ad
1399 5164 1585 5221 quam
1635 5147 1972 5204 docendam
2004 5144 2176 5200 Filius

524 5249 624 5302 Dei
655 5247 731 5302 ad
765 5252 972 5301 terram
1004 5238 1390 5296 descenderat
1420 5251 1808 5309 nequaquam
1831 5249 1938 5306 pro
1969 5233 2176 5290 merito

521 5335 769 5394 lectitari
788 5351 799 5388 :
819 5333 942 5396 sive
956 5331 1012 5384 id
1029 5329 1314 5393 librorum
1328 5325 1729 5388 multitudine,
1749 5322 2175 5384 sivelectorum

524 5424 787 5488 fastidio,
824 5422 944 5476 sive
975 5418 1254 5490 temporis
1284 5415 1562 5472 acciderit
1593 5413 1826 5486 penuria
1860 5411 1957 5468 :in
1987 5426 2171 5473 unum

526 5513 762 5582 collegit
809 5510 1106 5576 volumen,
1164 5505 1459 5580 quidquid
1512 5504 1594 5558 illi
1647 5517 1872 5571 magna
1909 5501 2175 5557 codicum

525 5602 702 5658 turba
731 5598 1031 5663 selectum,
1055 5598 1208 5655 circa
1232 5592 1554 5664 Evangelia
1578 5591 1956 5663 reliquerant.
2001 5591 2067 5644 Et
2097 5591 2176 5644 ta-

2287 4516 2548 4610 ejusdem
2623 4518 2896 4610 dictionis
2944 4521 3141 4578 litterae
3193 4532 3296 4581 aut
3339 4528 3581 4600 syllabae
3625 4534 3945 4610 plusquam

2281 4605 2444 4676 justo
2471 4622 2506 4662 a
2532 4622 2592 4661 se
2637 4607 2886 4663 invicem
2945 4618 3298 4680 separantur
3350 4605 3680 4688 intervallo,
3713 4605 3867 4684 adeo
3886 4637 3947 4688 ut

2287 4710 2396 4749 nec
2427 4711 2636 4751 versus
2670 4696 2965 4768 syllabam
2994 4701 3210 4772 smpius
3240 4704 3433 4762 finiat:
3461 4719 3751 4772 commata
3776 4732 3843 4773 ac
3860 4719 3948 4776 in-

2285 4784 2431 4878 cisa
2458 4785 2552 4839 vix
2584 4784 2907 4850 adduntur,
2942 4794 3064 4878 aut
3131 4791 3228 4846 ubi
3274 4795 3414 4850 nihil
3473 4814 3626 4871 opus
3654 4811 3739 4859 est
3767 4821 3949 4878 appo-

2286 4876 2553 4927 nuntur:
2588 4889 2711 4944 qua:
2753 4889 2844 4965 res
2893 4876 3247 4965 plerumque
3290 4882 3701 4946 difﬁcultatem
3757 4876 3949 4964 gignit

2287 4975 2405 5014 non
2431 4976 2701 5030 parvam.
2757 4961 3026 5019 Sciebam
3066 4974 3345 5035 praeterea
3379 4981 3607 5040 quanto
3639 4985 3702 5034 ut
3729 4957 3789 5036 in
3815 4957 3946 5042 uni-

2287 5063 2528 5104 versum
2571 5048 2784 5138 dicam
2806 5066 2932 5106 sese
2981 5063 3284 5125 exponant
3329 5063 3602 5131 periculo,
3627 5070 3729 5138 qui
3761 5070 3948 5131 libros

2287 5137 2663 5232 aperegrina
2701 5137 2910 5232 lingua
2935 5145 3315 5232 traductosin
3339 5149 3532 5207 lucem
3555 5137 3734 5214 edunt
3767 5171 3951 5232 :quot

2286 5229 2343 5322 et
2368 5240 2561 5322 quam
2589 5226 2786 5322 varios
2801 5229 3130 5300 suscipiant
3135 5234 3156 5301 j
3170 5235 3389 5300 udices,
3407 5254 3443 5310 q
3456 5256 3666 5297 uorum
3681 5226 3949 5322 plerique

2286 5314 2728 5371 ercislitteris
2757 5331 2832 5374 ne
2863 5333 2898 5374 a
2926 5318 3128 5376 limine
3158 5324 3400 5394 quidem
3441 5314 3730 5400 salutatis,
3776 5314 3866 5400 ob
3889 5343 3948 5398 id

2287 5403 2486 5502 statim
2519 5404 2721 5468 omnia
2754 5405 3065 5473 damnant,
3111 5413 3274 5482 quod
3304 5417 3600 5474 mundum
3628 5422 3793 5480 illum
3816 5429 3949 5484 rhe-

2288 5497 2539 5552 toricum
2567 5509 2692 5566 prae
2723 5511 2786 5550 se
2815 5511 2936 5552 non
2973 5498 3174 5570 ferant,
3207 5502 3550 5574 ignorantes
3582 5513 3804 5582 quibus
3817 5532 3946 5574 arc-

2289 5586 2439 5640 tetur
2502 5584 2699 5642 modis
2727 5584 2795 5651 is,
2851 5586 2954 5657 qui
3012 5588 3217 5648 alienae
3271 5593 3485 5665 linguae
3513 5598 3853 5672 depositum
3882 5611 3950 5672 ti-
