4180 6452
248 334 317 401 37
1772 328 2164 388 PHAEFATIO.
3595 341 3664 398 33

248 466 458 523 deliter
485 463 729 521 reddere
758 458 1007 531 cogitur.
1041 457 1434 534 Summopere
1473 459 1633 515 enim
1690 470 1896 513 curan-
1934 454 1979 508 A
2012 456 2226 512 seriem
2269 456 2463 528 magis
2489 457 2753 522 accedat,
2806 473 2927 515 non
2985 459 3132 517 nihil
3188 467 3382 519 tamen
3436 465 3667 521 subolet

253 556 400 612 dum
423 558 513 610 est
540 552 611 617 ei,
638 551 739 624 qui
770 549 847 606 ab
880 565 1002 606 una
1033 549 1240 620 lingua
1268 547 1578 622 quidpiam
1625 543 1903 602 transfert

252 645 315 701 in
388 642 566 698 aliam
625 661 636 699 :
698 654 773 695 ne
824 636 973 694 dum
1027 638 1286 693 sermoni
1339 636 1550 710 quaerit
1601 638 1898 699 ornatum,

252 735 484 806 repente
505 746 611 803 pro
642 728 957 800 interprete
983 728 1418 800 paraphrasten
1438 729 1578 795 agat
1607 742 1618 780 ε
1643 738 1903 779 rursum-

254 836 370 893 que
397 817 563 875 neita
582 816 773 873 verbis
796 816 1039 882 haereat,
1068 815 1359 888 utprioris
1398 814 1615 885 linguae
1654 812 1903 868 idioma-

251 914 309 966 ta
334 911 436 964 aut
464 905 749 961 dialectos
779 903 1029 960 retineat
1059 923 1072 962 :
1103 903 1207 958 sed
1232 918 1488 976 quaeque
1514 902 1720 970 lingua
1739 896 1903 971 quod

250 1013 428 1053 suum
460 998 548 1051 est
570 994 796 1050 habeat
824 1010 836 1047 :
864 991 1082 1064 alioqui
1105 1008 1212 1048 nec
1234 993 1429 1047 Graece
1458 990 1621 1063 loqui
1650 987 1900 1051 videtur,

247 1103 359 1143 nec
386 1085 586 1141 Latine
619 1102 630 1141 :
666 1078 847 1155 idque
877 1080 1043 1153 quod
1068 1080 1128 1136 in
1157 1080 1452 1135 indoctum
1499 1080 1791 1150 jactatum
1818 1079 1905 1130 est

250 1174 573 1236 comicum,
599 1168 714 1242 ipsi
741 1168 1140 1242 adaptaliitur,
1174 1166 1338 1240 quod
1360 1185 1431 1224 ex
1457 1167 1673 1222 Graecis
1707 1164 1900 1227 bonis,

252 1263 458 1318 Latina
474 1259 691 1322 fecerit,
720 1273 841 1313 non
870 1252 1051 1325 bona,
1081 1254 1141 1312 id
1168 1255 1331 1328 quod
1354 1256 1426 1311 de
1456 1255 1654 1310 multis
1684 1251 1903 1309 exulce-

250 1356 383 1408 rato
403 1349 517 1405 hoc
544 1344 760 1402 saeculo
782 1349 912 1418 apte
937 1344 1073 1417 quis
1102 1343 1331 1399 dixerit.
1354 1343 1494 1410 Quis
1519 1344 1677 1400 enim
1702 1356 1903 1395 sacras

247 1438 375 1511 jam
406 1437 647 1491 Litteras
676 1432 897 1505 passim
954 1448 1077 1487 non
1115 1432 1225 1487 sibi
1273 1431 1544 1499 vindicat,
1586 1435 1898 1503 antequam

254 1527 445 1582 discat
480 1540 491 1579 :
525 1528 768 1593 torquet,
823 1520 1089 1576 lacerat:
1138 1536 1370 1592 suoque
1422 1517 1737 1574 intellectui
1782 1517 1903 1571 imo

256 1613 381 1669 suis
411 1609 721 1668 affectibus
759 1607 972 1671 seryirc
1011 1608 1168 1677 cogit
1210 1608 1563 1678 scripturam
1591 1606 1770 1661 etiam
1820 1620 1902 1658 re-

253 1698 741 1774 pugnantem?Et
777 1695 1286 1771 quemadmodum
1320 1694 1634 1750 scribimus
1682 1691 1902 1748 indocti

2010 542 2285 600 dictionis
2335 543 2501 601 illum
2549 542 2863 603 affectasse
2916 554 3334 607 venustatem:
3380 552 3665 627 quodque

2010 631 2297 688 rhetorice
2336 633 2558 690 dixisse
2614 634 2758 691 satis
2791 638 2988 708 cupiat
3027 637 3233 704 videri,
3293 645 3349 695 et
3403 657 3513 696 non
3555 640 3663 697 soli

2010 719 2213 776 litteras
2235 722 2595 777 enarrationi
2616 723 2858 780 haerere.
2875 726 2949 784 At
2973 732 3175 782 noster
3194 726 3289 783 hic
3314 733 3515 785 auctor
3537 730 3667 787 uni-

2010 823 2149 863 cum
2171 809 2555 865 hunchabuit
2572 826 2842 883 scopum,
2860 817 2920 868 ut
2941 814 3346 886 evangelicam
3372 818 3664 874 succincte

2010 895 2240 951 cunctis
2266 899 2518 967 aperiret
2545 897 2875 956 historiam.
2900 901 3071 965 Quod
3104 904 3152 958 si
3179 903 3255 959 ad
3291 922 3484 961 mores
3519 922 3668 980 quo-

2010 999 2127 1056 que
2150 982 2529 1054 corrigendos
2550 986 2818 1043 nonnihil
2847 989 3272 1046 exhortationis
3306 998 3569 1068 exoptes,
3605 993 3665 1050 id

2009 1071 2191 1127 etiam
2236 1070 2489 1128 breviter
2515 1073 2761 1147 quidem
2794 1091 2863 1131 ac
2921 1078 3133 1143 rarius,
3175 1078 3279 1135 sed
3333 1078 3666 1138 felicissime

2014 1159 2191 1216 tradit
2235 1159 2332 1216 hic
2384 1168 2605 1217 auctor.
2647 1164 2836 1227 Quam
2869 1169 3027 1237 apte,
3087 1164 3244 1223 bone
3294 1168 3472 1237 Deus,
3526 1186 3664 1227 cum

2011 1247 2387 1319 evangelista:
2412 1248 2724 1322 plurimum
2749 1252 3037 1309 dissidere
3066 1255 3357 1322 videntur,
3393 1257 3469 1313 ita
3492 1256 3667 1313 dissi-

2011 1335 2214 1392 dentia
2239 1337 2535 1393 connectit
2584 1338 2736 1405 loca,
2765 1344 2826 1396 ut
2867 1341 2940 1398 ab
2973 1341 3183 1398 eodem
3226 1343 3396 1415 plane
3446 1344 3545 1402 illa
3586 1346 3663 1401 vi-

2012 1423 2267 1481 deantur
2294 1441 2425 1481 esse
2456 1426 2631 1482 dicta.
2658 1430 2721 1484 Et
2747 1429 2882 1484 huic
2910 1429 3153 1502 quidem
3184 1432 3263 1487 rei
3287 1433 3503 1499 nullus,
3537 1452 3665 1491 meo

2006 1514 2255 1585 judicio,
2290 1514 2442 1572 adeo
2470 1516 2683 1573 utiliter
2711 1533 2781 1573 ac
2813 1519 2965 1575 serio
2992 1519 3280 1577 hactenus
3314 1522 3663 1594 invigilavit.

2013 1603 2069 1655 ln
2102 1620 2224 1675 quo
2263 1607 2483 1665 tamen,
2517 1605 2667 1661 sicut
2693 1622 2886 1680 neque
2926 1608 2985 1664 in
3016 1610 3260 1674 caeteris,
3297 1611 3478 1666 nolim
3510 1612 3669 1683 quis-

2011 1707 2194 1762 quam
2215 1692 2359 1747 meis
2387 1692 2562 1748 tidem
2603 1693 2821 1749 habeat
2850 1696 3065 1761 verbis,
3112 1697 3222 1753 nisi
3279 1698 3450 1769 longe
3500 1700 3667 1771 plura

250 1790 527 1862 doctique
569 1790 852 1860 poemata
898 1785 1146 1856 passim,
1178 1783 1259 1839 ita
1290 1789 1345 1839 et
1383 1782 1665 1856 plerique,
1715 1796 1904 1853 quan-
1934 1791 1979 1846 Β
2014 1780 2071 1834 in
2120 1780 2234 1835 hoc
2283 1778 2616 1847 lectitando,
2683 1782 2857 1839 laude
2898 1785 3075 1853 digna
3125 1789 3422 1859 repererit,
3480 1806 3665 1862 quam

253 1896 435 1953 quam
469 1879 528 1933 in
559 1893 668 1931 sua
696 1890 879 1931 arena
920 1874 1161 1930 feliciter
1202 1879 1602 1938 versarentur,
1632 1871 1904 1944 proprios

254 1965 723 2040 egressilimites,
744 1961 888 2018 dum
907 1967 1156 2027 sutores,
1172 1960 1388 2017 relictis
1406 1960 1683 2030 crepidis,
1705 1959 1907 2029 ignota

253 2072 513 2130 quaeque
578 2051 911 2123 dijudicare
969 2054 1279 2118 conantur,
1332 2065 1450 2105 non
1510 2066 1644 2104 raro
1696 2048 1907 2103 misere

254 2145 706 2200 hallucinantur.
761 2137 910 2204 Quid
949 2136 1108 2192 enim
1154 2138 1383 2192 medico
1428 2141 1527 2193 aut
1570 2136 1908 2208 jurisperito

255 2250 398 2291 cum
438 2231 703 2287 versione
747 2230 849 2282 aut
900 2225 1382 2298 interpretatione
1424 2241 1729 2280 sacrorum
1782 2239 1911 2294 my-

256 2322 569 2379 steriorum
598 2321 626 2373 17
664 2315 952 2387 Quodque
991 2313 1168 2384 longe
1206 2314 1398 2383 magis
1430 2313 1772 2368 deﬂendum
1805 2318 1908 2377 est,

252 2414 395 2467 dum
429 2409 632 2466 animo
660 2405 860 2479 pravis
892 2402 1105 2459 imbuti
1135 2408 1271 2457 sunt
1310 2402 1633 2472 dogmatis,
1664 2417 1798 2475 quas
1847 2416 1915 2456 ex

253 2501 458 2556 Graeco
504 2499 737 2552 vertunt
760 2492 818 2549 in
868 2491 1157 2556 Latinum,
1193 2507 1312 2547 non
1351 2490 1494 2546 satis
1529 2489 1773 2545 fideliter
1804 2495 1915 2545 tra-

251 2594 411 2647 ctant
439 2605 452 2641 :
495 2601 652 2643 nunc
691 2580 960 2655 quidem,
993 2580 1151 2651 quod
1188 2579 1523 2652 frequenter
1547 2578 1782 2647 accidit,
1810 2594 1909 2633 co-

251 2682 423 2749 gente
458 2675 675 2731 harum
722 2687 922 2727 rerum
967 2668 1278 2741 imperitia,
1327 2668 1489 2741 quod
1529 2673 1751 2731 tamen,
1799 2665 1908 2722 nisi

248 2767 425 2823 illotis
467 2750 815 2819 accederent
841 2757 915 2815 ad
939 2757 1360 2813 contrectanda
1394 2772 1563 2812 sacra
1609 2756 1905 2823 manibus,

252 2854 483 2911 facilius
531 2854 739 2925 posset
782 2845 1013 2918 ignosci
1045 2868 1058 2903 :
1094 2862 1255 2902 nunc
1285 2862 1445 2910 vero,
1469 2861 1543 2901 ne
1574 2845 1695 2900 suis
1739 2862 1911 2917 repu-

257 2947 442 3014 gnent
471 2938 781 3011 dogmatis,
810 2942 913 2993 aut
957 2935 1283 3003 truncatim,
1311 2939 1415 2990 aut
1447 2949 1628 3006 prave
1668 2949 1908 2991 sensum

258 3030 430 3087 nobis
459 3027 731 3085 reddunt.
762 3024 933 3092 Quod
964 3023 1089 3078 luce
1120 3021 1335 3078 clarius
1365 3022 1773 3089 ostendemus,
1806 3021 1908 3078 ubi

258 3118 502 3175 alterum
528 3121 755 3174 tomum
784 3113 904 3168 Deo
930 3110 1184 3184 propitio
1209 3110 1267 3165 in
1295 3109 1487 3166 lucem
1519 3109 1904 3177 ediderimus,
1945 3139 1984 3195 ρ

254 3207 436 3282 quod,
470 3212 534 3263 ut
555 3220 751 3277 spero,
774 3200 938 3257 brevi
962 3199 1274 3256 iaciemus.
1305 3197 1392 3254 Ob
1416 3197 1544 3254 haec
1566 3198 1743 3269 igitur
1764 3198 1905 3255 alia-

250 3313 369 3370 que
388 3294 635 3368 plurima
653 3308 789 3365 quae
806 3289 1136 3344 versionem
1158 3286 1339 3341 variis
1362 3293 1726 3357 exaggerant
1751 3286 1908 3343 difﬁ-

249 3384 591 3445 cultatibus,
610 3379 787 3434 nonis
813 3392 946 3431 sum
968 3377 1062 3446 qui
1093 3390 1214 3429 non
1237 3374 1581 3445 intelligam,
1610 3380 1904 3447 quantum

248 3472 391 3529 huic
450 3467 679 3527 auctori
727 3462 1050 3533 dignitatis,
1109 3465 1522 3534 quantumque
1575 3462 1904 3535 splendoris

251 3558 662 3618 tenebricosus
701 3555 989 3624 interpres
1027 3549 1391 3606 abstulerim.
1440 3548 1548 3606 Sed
1608 3556 1903 3625 utcunque

251 3651 344 3717 sit,
374 3663 619 3704 sensum
653 3650 853 3701 tamen
880 3656 975 3697 me
1013 3644 1355 3695 assecutum
1396 3638 1618 3712 opinor,
1650 3640 1785 3697 licet
1816 3642 1903 3714 ip-

247 3756 386 3798 sum
426 3735 590 3794 nullo
629 3732 789 3790 cultu
845 3726 1262 3787 adornaverim
1300 3746 1312 3782 :
1360 3746 1561 3784 verum
1605 3726 1668 3785 id
1726 3746 1904 3787 nemo

248 3846 406 3887 sanae
445 3824 661 3884 mentis
710 3820 771 3877 in
819 3816 1271 3875 Commentariis
1314 3818 1588 3891 requiret,
1646 3819 1905 3877 maxime

249 3919 329 3978 ab
359 3934 429 3974 eo
456 3914 576 3987 qui,
610 3916 675 3969 ut
725 3907 1006 3982 praefatus
1063 3923 1207 3973 sum,
1264 3907 1583 3979 peregrinae
1628 3908 1905 3964 astrictus

250 4012 342 4065 est
368 4006 600 4074 linguae.
626 3997 798 4067 Quod
825 3998 872 4052 si
896 3995 1189 4051 universis
1222 3994 1560 4051 satisfacere
1592 4012 1707 4051 non
1743 3996 1907 4068 potui

250 4093 659 4156 fumiferam,
690 4101 828 4143 cum
856 4100 932 4141 ne
964 4082 1107 4140 mihi
1133 4084 1367 4156 quidem
1402 4083 1508 4155 ipsi
1533 4083 1595 4139 in
1626 4086 1908 4142 omnibus

249 4153 469 4242 faciam
500 4153 661 4236 satis.
696 4180 966 4231 Attamen
993 4187 1147 4226 onus
1196 4173 1325 4238 hoc,
1355 4187 1701 4243 quanquam
1757 4174 1908 4229 meis

246 4275 428 4345 longe
462 4270 654 4342 impar
672 4261 956 4327 humeris,
979 4260 1181 4316 subire
1206 4275 1525 4330 aggressus
1554 4274 1712 4327 sum,
1746 4261 1903 4333 quod

251 4362 368 4419 alio
389 4374 516 4416 sese
536 4371 659 4414 non
685 4352 987 4416 offerente,
1014 4349 1242 4420 grande
1268 4350 1547 4404 ducerem
1578 4350 1903 4420 piaculum,

247 4452 301 4507 si
322 4447 527 4506 ﬁdeles
545 4442 770 4501 diutius
795 4442 959 4496 tanto
980 4436 1403 4495 fraudarentur
1418 4436 1720 4494 thesauro.
1752 4438 1905 4505 Quid

245 4539 434 4604 enim,
463 4532 628 4607 quod
667 4530 747 4588 ad
784 4525 1142 4597 evangelicae
1176 4522 1436 4581 historiae
1466 4527 1903 4585 enarrationem

243 4626 477 4690 attinet,
507 4622 569 4679 in
603 4619 1026 4691 Chrysostomo
1070 4613 1469 4687 potissimum,
1512 4612 1722 4671 deinde
1761 4616 1901 4673 etin

247 4716 524 4784 Origene,
564 4708 798 4772 Basilio,
838 4709 942 4763 aut
976 4703 1338 4761 Nazianzeno
1389 4702 1680 4768 invenies,
1739 4704 1902 4775 quod

244 4804 346 4862 hic
405 4800 683 4859 facillime
721 4801 780 4852 et
830 4791 1288 4851 succinctissime
1328 4806 1451 4847 non
1493 4789 1753 4863 proferat
1780 4794 1808 4849 ‘2
1838 4795 1901 4848 Et

245 4893 677 4964 Chrysostomo
706 4884 936 4958 quidem
987 4881 1132 4939 satis
1163 4883 1324 4952 patet
1370 4894 1491 4935 non
1530 4895 1667 4936 eum
1720 4879 1900 4937 fuisse

244 4997 524 5054 scopum,
560 4983 620 5034 ut
648 4972 1104 5044 Evangeliorum
1131 4977 1232 5026 aut
1269 4970 1571 5024 actionum
1616 4970 1899 5041 apostoli-

244 5087 467 5135 carum,
500 5084 603 5125 seu
625 5064 1004 5121 Paulinarum
1039 5058 1438 5131 Epistolarum
1462 5057 1694 5112 nudum
1724 5058 1898 5115 nobis

238 5161 500 5219 traderet
545 5155 923 5212 intellectum.
965 5149 1199 5221 Alioqui
1251 5146 1410 5203 enim
1469 5150 1589 5201 tam
1633 5152 1800 5203 vasta
1838 5147 1897 5203 in

238 5265 463 5324 paucos
496 5259 679 5302 sacrm
707 5240 1023 5311 Scripturae
1058 5237 1236 5291 libros
1260 5250 1380 5291 non
1433 5233 1766 5306 reliquisset
1798 5252 1900 5289 v0-

234 5323 489 5400 lumina,
541 5334 645 5389 sed
691 5329 879 5404 plebis
912 5326 1263 5383 formandos
1324 5338 1521 5378 mores
1561 5323 1897 5396 suscepisse

240 5428 439 5498 magis
465 5424 693 5481 videtur
726 5424 820 5476 :et
848 5417 1067 5473 idcirco
1095 5414 1260 5470 locos
1293 5412 1371 5468 ad
1425 5411 1657 5485 plebem
1689 5417 1898 5471 tractat

239 5529 618 5577 communes,
663 5514 721 5567 et
759 5505 1188 5565 enarrationem
1246 5501 1507 5558 homiliis
1568 5500 1892 5572 distinguit.

241 5607 399 5673 Quin
426 5609 483 5662 et
504 5597 1007 5673 Theophylactus,
1050 5606 1401 5668 quanquam
1432 5589 1483 5645 is
1513 5589 1591 5647 ad
1633 5590 1897 5647 historiae

2013 1884 2124 1939 ego
2152 1869 2377 1941 possim
2409 1872 2646 1943 assequi
2680 1872 3118 1930 enumerando.

2084 1957 2417 2030 Hocitaque
2434 1974 2609 2030 opus,
2628 1963 2694 2015 ut
2720 1959 2819 2014 tibi
2844 1966 3667 2039 nuncuparem,amplissime

2016 2045 2253 2117 praesul,
2279 2045 2412 2103 fecit
2436 2046 2586 2103 inter
2624 2048 2966 2106 innumeras
2994 2056 3119 2106 tuas
3158 2052 3348 2124 dotes,
3404 2056 3669 2113 maxima

2016 2133 2359 2189 humanitas
2375 2140 2513 2191 tua:
2541 2152 2725 2209 quam
2748 2145 2957 2210 printer
2976 2139 3240 2197 auditam
3263 2142 3475 2199 famam
3492 2143 3667 2215 longe

2019 2220 2252 2293 lateque
2291 2221 2640 2295 dispersam,
2667 2242 2783 2281 non
2811 2228 2991 2283 semel
3024 2229 3079 2284 iu
3110 2235 3161 2284 te
3188 2248 3319 2287 sum
3348 2239 3617 2304 expertus
3651 2249 3663 2289 :

2020 2326 2142 2383 qua
2182 2327 2312 2364 cum
2341 2326 2541 2366 omnes
2564 2313 2741 2367 etiam
2796 2320 3072 2371 extremm
3122 2318 3363 2375 fortunae
3395 2321 3668 2377 homines

2022 2404 2150 2455 tum
2222 2399 2429 2455 studiis
2480 2400 2863 2472 potissimum
2912 2402 3159 2471 deditos,
3240 2405 3668 2477 benignissime

2022 2502 2254 2559 semper
2298 2487 2720 2557 amplecteris:
2770 2490 3019 2563 ipsaque
3068 2493 3278 2559 studia,
3335 2495 3668 2570 ubicunque

2021 2574 2113 2631 vel
2146 2574 2393 2632 minima
2421 2574 2591 2631 datur
2620 2579 2873 2645 occasio,
2910 2580 3043 2636 totis
3084 2584 3360 2655 provehis
3416 2585 3663 2643 viribus.

2019 2665 2309 2720 Praeterea
2339 2664 2392 2720 id
2428 2666 2619 2739 magis
2650 2667 2890 2737 aggredi
2924 2686 3057 2727 sum
3088 2687 3296 2742 ausus,
3335 2675 3497 2748 quod
3526 2692 3659 2732 cum

2019 2750 2122 2809 tibi
2170 2752 2317 2808 forte
2373 2753 2609 2811 fortuna
2666 2769 2777 2812 nos
2854 2757 3146 2821 invisenti.
3194 2762 3447 2834 primum
3502 2763 3664 2822 hunc

2018 2857 2220 2898 meum
2254 2848 2480 2913 partum
2530 2844 2778 2901 omnino
2830 2846 3022 2903 adhuc
3069 2847 3385 2908 informem
3416 2852 3639 2910 demon

2018 2936 2326 2996 strassem,
2342 2948 2461 2988 una
2478 2949 2612 2987 cum
2632 2932 2839 2990 Graeco
2851 2936 3199 3009 exemplari,
3214 2956 3584 3015 nequaquam
3601 2948 3664 3000 ut

2020 3024 2344 3076 monstrum
2372 3020 2745 3091 abhorruisti,
2771 3023 2875 3079 sed
2896 3023 3063 3082 veluti
3090 3027 3449 3100 pulchellum
3474 3032 3665 3104 pusio-

2018 3125 2156 3165 nem
2175 3109 2349 3166 avide
2361 3110 2804 3168 deosculabaris
2821 3132 2832 3172 :
2852 3112 3147 3173 mirabare
3167 3133 3286 3174 non
3307 3119 3504 3179 nullas
3516 3137 3663 3194 quo-

2017 3214 2125 3270 que
2146 3197 2405 3255 occultas
2425 3198 2482 3254 in
2504 3216 2574 3255 eo
2593 3200 2775 3271 dotes,
2804 3217 2920 3257 non
2944 3203 3205 3276 cujusvis
3222 3207 3411 3265 oculis
3434 3211 3661 3282 exposi—

2020 3292 2124 3343 tas.
2159 3287 2328 3354 Quod
2356 3287 2469 3343 nisi
2496 3287 2578 3343 ita
2607 3289 2966 3360 contigisset,
3001 3308 3124 3365 qua
3154 3296 3504 3360 temeritata,
3542 3303 3662 3356 ten-

2015 3378 2256 3440 tassem,
2286 3382 2407 3430 tam
2434 3376 2711 3448 locupleti
2736 3377 2849 3433 hac
2871 3379 3047 3434 etiam
3077 3380 3135 3436 in
3159 3389 3343 3454 parte,
3365 3386 3508 3452 viro,
3540 3392 3663 3443 tan-

2015 3463 2204 3520 tillum
2223 3463 2431 3519 oti‘erre
2452 3464 2904 3521 munusculum:
2932 3466 3366 3538 Munusculum,
3387 3473 3658 3545 inquam:

2014 3568 2156 3606 nam
2179 3550 2310 3606 licet
2336 3549 2396 3606 in
2446 3569 2507 3605 sc
2539 3569 2757 3608 munus
2788 3554 2878 3622 sit,
2906 3552 3170 3611 fortassis
3199 3573 3319 3615 non
3352 3576 3663 3632 aspernan-

2016 3640 2173 3707 dum,
2198 3641 2248 3696 si
2273 3646 2465 3697 tamen
2494 3641 2571 3697 ad
2592 3642 2909 3699 immensas
2931 3661 3001 3701 ac
3028 3647 3491 3718 pretiosissimas
3533 3656 3663 3710 tuas

2014 3745 2160 3802 opes
2207 3728 2567 3801 conferatur,
2620 3732 2934 3801 indignum
2983 3735 3336 3805 censebitur,
3386 3739 3543 3811 quod
3603 3742 3663 3801 in

2017 3824 2116 3875 tuo
2131 3818 2428 3883 thesauro,
2448 3818 2537 3875 vel
2555 3820 2835 3890 exiguum
2854 3822 3660 3901 inveniatlocum.Siquidem

2019 3912 2081 3964 ut
2120 3907 2247 3963 haec
2297 3908 2528 3964 interim
2584 3907 2807 3978 sileam,
2860 3927 2993 3985 quae
3048 3913 3190 3969 dicit
3237 3916 3554 3989 Apostolus
3604 3918 3663 3974 in

2017 3996 2298 4068 episcopo
2359 4010 2479 4051 non
2536 4002 2803 4069 oportere
2870 3996 3191 4057 desiderari
3244 4020 3257 4058 :
3317 4020 3534 4076 nempe
3601 4011 3665 4061 ut.

2016 4084 2547 4155 irreprehensibilis
2623 4086 2720 4151 sit,
2779 4094 3060 4160 tanquam
3122 4091 3222 4147 Dei
3273 4091 3659 4164 dispensator,

2017 4172 2267 4242 vigilans
2322 4188 2499 4245 super
2545 4189 2807 4244 gregem,
2864 4176 3099 4231 sobrius
3156 4194 3275 4233 non
3320 4182 3665 4253 praefractus

2016 4276 2132 4318 non
2149 4261 2494 4328 iracundus,
2528 4262 2637 4317 sed
2664 4263 2986 4329 modestus,
3014 4266 3348 4337 hespitalis,
3380 4276 3556 4339 aptus
3586 4271 3663 4327 ad

2016 4350 2377 4413 docendum,
2409 4350 2567 4421 pius,
2597 4355 2957 4421 temperans,
2978 4358 3151 4408 tenax
3179 4355 3307 4424 ejus
3334 4358 3436 4428 qui
3459 4373 3666 4415 secun-

2016 4440 2160 4495 dum
2202 4438 2535 4495 doctrinam
2561 4443 2652 4494 est
2680 4437 2868 4495 ﬁdelis
2905 4442 3214 4510 sermonis,
3248 4448 3311 4500 ut
3334 4450 3546 4519 potens
3591 4449 3665 4505 sit

2015 4528 2194 4587 etiam
2281 4526 2578 4587 exhortari
2659 4542 2765 4599 per
2850 4528 3186 4591 doctrinam
3260 4549 3490 4603 sanam,
3607 4543 3668 4595 et

2013 4616 2483 4675 contradicentes
2545 4616 2912 4685 convincere,
2963 4634 3084 4677 non
3144 4622 3500 4690 vinolentus,
3542 4642 3664 4685 non

2012 4720 2343 4778 percussor,
2377 4720 2498 4761 non
2521 4706 2769 4778 turpiter
2794 4706 2933 4763 lucri
2962 4709 3190 4775 avidus,
3221 4711 3323 4767 sed
3354 4729 3564 4786 aequus
3591 4732 3663 4773 ac

2002 4792 2199 4865 justus
2236 4808 2272 4850 a
2307 4794 2527 4865 pugnis
2552 4798 2610 4850 et
2641 4793 2721 4850 ab
2760 4796 3007 4853 avaritia
3035 4795 3286 4866 alienus,
3328 4802 3432 4873 qui
3462 4803 3660 4861 domui

2011 4897 2133 4938 suae
2201 4882 2346 4938 bene
2380 4882 2605 4954 praesit.
2660 4884 2821 4957 (Nam
2851 4886 2897 4940 si
2941 4887 3096 4959 quis,
3150 4887 3362 4961 inquit,
3404 4893 3661 4964 proprias

2008 4969 2215 5025 domui
2248 4985 2504 5042 praeesse
2530 4988 2646 5026 non
2670 4974 2850 5039 novit,
2879 4976 3187 5046 quomodo
3212 4978 3528 5036 Ecclesiam
3561 4982 3661 5037 Dei

2010 5058 2243 5115 curabit
2270 5060 2317 5130 ‘2)
2348 5075 2467 5115 non
2494 5061 2555 5116 in
2586 5061 2701 5116 fide
2730 5062 3009 5127 novitius,
3041 5080 3106 5118 ne
3140 5066 3381 5122 inﬂatus
3425 5070 3661 5141 injudi-

2009 5146 2169 5203 cium
2208 5148 2434 5205 incidat
2481 5149 2738 5205 diaboli:
2771 5152 2872 5222 qui
2904 5157 2961 5207 et
2992 5152 3219 5209 bonum
3253 5156 3469 5213 habeat
3508 5160 3660 5215 testi-

2010 5235 2275 5290 monium
2327 5235 2399 5290 ab
2450 5239 2765 5293 extraneis.
2825 5240 2895 5293 Ut
2943 5239 3089 5306 haec,
3126 5242 3399 5314 inquam,
3459 5248 3659 5302 omnia

2009 5323 2216 5379 sileam
2255 5340 2391 5396 quae
2442 5324 2641 5380 nullus
2680 5325 2783 5397 qui
2822 5330 2877 5382 te
2920 5331 3168 5400 promis
3212 5334 3453 5398 noverit,
3497 5335 3552 5388 in
3604 5339 3658 5389 te

2008 5412 2342 5469 desiderare
2364 5412 2579 5485 poterit
2606 5431 2618 5471 :
2647 5414 2790 5485 quin
2821 5415 3105 5489 pleraque
3136 5422 3316 5479 etiam
3346 5421 3657 5481 abundan-

2006 5500 2123 5556 tius
2156 5501 2432 5566 inveniet,
2464 5518 2649 5575 quam
2690 5504 2944 5573 exegerit
2980 5508 3316 5578 Apostolus,
3352 5526 3489 5566 cum
3512 5510 3656 5581 pul-

2006 5589 2302 5647 cherrimo
2355 5602 2595 5664 quoque
2643 5595 2701 5647 et
2740 5591 3172 5663 ﬁilgentissimo
3219 5597 3317 5654 ille
3367 5598 3657 5655 castitatis
