4180 6456
535 354 606 406 39
2048 347 2448 403 ΡΗίΕΕΑΤΙΟ.
3876 346 3950 406 40

529 474 785 547 cingulo.
835 473 1054 529 Verum
1108 473 1245 545 quis
1300 488 1419 527 non
1484 472 1880 528 admirabitur
1942 472 2004 527 in
2050 474 2177 528 viro
2210 469 2585 538 Afacillime,
2631 472 2688 525 in
2746 470 2961 543 quibus
2986 486 3097 540 ego
3135 475 3339 527 noctes
3390 476 3569 544 atque
3601 472 3730 528 dies
3767 472 3950 530 desu-

526 568 650 619 tam
677 562 960 635 praeclaro
982 576 1196 632 genere
1221 565 1370 625 orto,
1396 560 1489 615 cui
1520 559 1671 615 adeo
1702 575 1938 631 semper
1968 560 2177 615 arrise-

528 652 602 706 rit
637 667 709 706 ex
737 666 900 706 omni
926 654 1093 722 parte
1122 648 1381 713 fortuna,
1415 665 1551 721 quae
1577 646 1721 703 nihil
1746 648 1904 719 quod
1928 664 2176 704 suarum

529 743 618 794 est
665 738 927 810 partium
991 738 1109 809 ipsi
1162 753 1433 809 unquam
1480 751 1731 806 negasse
1774 735 2021 805 videtur,
2051 741 2174 792 tam

526 826 775 894 variam,
801 830 1046 898 tamque
1061 824 1434 880 reconditam
1452 824 1865 889 eruditionem,
1884 824 2173 894 judicium

523 915 948 977 certissimum,
962 914 1265 985 ingenium
1282 919 1400 968 tam
1419 928 1573 977 acre,
1596 928 1863 984 peneque
1878 912 2172 977 divinum,

525 1003 877 1060 memoriam
906 1004 1059 1059 adeo
1078 1007 1348 1058 tenacem
1378 1001 1407 1055 ?
1435 1002 1494 1056 in
1520 1018 1639 1073 quo
1665 1007 1877 1074 praeter
1899 1007 2172 1056 exactam

522 1091 829 1164 utriusque
882 1091 1030 1162 juris
1091 1089 1491 1163 prudentiam,
1546 1089 1868 1162 perfectam
1929 1105 2172 1161 quoque

523 1180 703 1236 trium
722 1179 1063 1250 linguarum
1083 1178 1355 1251 peritiam
1380 1178 1511 1248 quis
1536 1193 1658 1233 non
1676 1178 2008 1250 suspiciat?
2024 1179 2171 1234 Nam

520 1269 583 1324 in
611 1267 827 1324 Graecis
873 1283 943 1323 ac
969 1265 1184 1323 Latinis
1226 1265 1426 1322 adhuc
1474 1281 1617 1338 puer
1645 1265 2173 1321 exercitatissimus

518 1360 685 1412 erat:
719 1356 778 1411 in
812 1354 1064 1410 Hebraeis
1111 1369 1249 1409 vero
1280 1353 1436 1409 Deus
1492 1354 1651 1410 bone
1692 1368 1879 1425 quam
1935 1353 2174 1408 feliciter

519 1449 788 1501 versatus
818 1451 924 1507 est,
946 1458 1131 1515 quam
1158 1443 1337 1498 etiam
1369 1457 1511 1512 erga
1535 1459 1715 1497 suum
1746 1446 2171 1513 praeceptorem

517 1531 799 1588 liberalis.
850 1531 961 1597 Qui
1011 1531 1103 1586 his
1146 1530 1320 1599 igitur
1366 1529 1685 1585 comitibus
1746 1528 1828 1584 ita
1860 1528 1938 1583 ad
1969 1544 2173 1584 sacras

515 1622 644 1693 jam
668 1620 890 1676 dudum
942 1618 1190 1676 accessit
1241 1618 1504 1682 Litteras,
1549 1622 1612 1673 ut
1648 1631 1841 1689 neque
1888 1615 2172 1672 naturalis

520 1709 934 1782 philosophiae,
966 1723 1164 1781 neque
1224 1706 1558 1777 tlieologiaa,
1613 1721 1801 1777 quam
1867 1704 2174 1760 scholasti-

519 1813 646 1854 cam
698 1802 933 1865 vocant,
992 1796 1407 1851 destitueretur
1450 1794 1682 1867 peritia,
1727 1793 1857 1865 quis
1911 1792 2174 1861 ambigat
2206 1827 2250 1881 Β

518 1886 721 1959 ipsum
759 1885 912 1940 mira
967 1884 1407 1953 praestiturum?
1447 1884 1653 1955 Itaque
1708 1881 1941 1937 nullum
2002 1881 2062 1935 in
2090 1881 2175 1936 eis

518 1975 902 2047 quantumvis
931 1973 1269 2027 abstrusum
1295 1972 1562 2027 invenias
1586 1971 2014 2040 locum,cujus,
2042 1986 2174 2025 exa-

518 2060 976 2117 ctissimamnon
1004 2059 1191 2131 possit
1214 2076 1285 2115 ex
1301 2063 1567 2130 tempore
1590 2059 1836 2114 reddere
1860 2058 2170 2114 rationem.

520 2149 637 2206 Sed
657 2150 760 2221 qui
791 2164 903 2219 ego
933 2148 1061 2203 haec
1090 2164 1212 2204 non
1243 2146 1554 2203 credituris
1584 2146 1800 2203 frustra
1829 2145 2113 2202 denuntio
2143 2146 2171 2199 ‘?

518 2239 590 2295 de
613 2238 856 2294 homine
912 2236 1313 2309 potissimum,
1345 2235 1447 2308 qui
1487 2238 1757 2291 nondum
1797 2235 2077 2307 quintum
2115 2239 2171 2291 et

519 2327 884 2384 tricesimum
927 2326 1118 2396 attigit
1145 2342 1394 2396 annum,
1419 2326 1478 2381 in
1497 2326 1954 2398 praeclarissimo
1980 2324 2171 2394 digni-

519 2421 708 2473 tatum
738 2431 1044 2488 opumque
1074 2414 1392 2487 splendore
1415 2430 1652 2486 semper
1667 2415 2003 2478 constituto,
2032 2428 2169 2484 quae

519 2521 643 2561 non
683 2520 893 2577 parum
945 2503 1360 2575 impedimenti
1412 2503 1624 2558 studiis
1698 2502 1908 2557 aﬂ'crre
1956 2501 2167 2556 solent.

525 2596 705 2664 Spero
720 2593 998 2663 equidem
1025 2591 1189 2662 quod
1211 2591 1547 2646 concredita
1576 2589 1693 2645 sibi
1712 2590 1926 2645 talenta
1948 2605 2172 2661 nequa-

520 2695 706 2752 quam
738 2679 797 2733 in
826 2684 1044 2733 terram
1075 2676 1345 2732 defodiet.
1378 2679 1737 2748 Quanquam
1784 2676 1945 2732 enim
1994 2675 2171 2732 etiam

522 2784 682 2824 nunc
718 2768 964 2823 lucerna
989 2767 1065 2821 sit
1094 2781 1208 2821 non
1229 2765 1433 2821 subter
1486 2764 1771 2832 modium,
1842 2765 1948 2820 sed
1992 2780 2172 2836 super

518 2856 948 2914 candelabrum
1000 2855 1217 2927 posita,
1288 2852 1567 2910 omnibus
1638 2854 1741 2925 qui
1780 2853 1840 2909 in
1900 2852 2169 2909 Ecclesiae

518 2946 703 3002 domo
728 2950 885 3011 sunt,
920 2945 1053 3000 vitae
1080 2959 1150 2999 ac
1176 2958 1412 2999 morum
1460 2942 1812 3011 integritate,
1855 2941 2168 2997 librorum-

517 3050 636 3107 que
662 3034 955 3089 editorum
1011 3032 1278 3088 doctrina
1321 3030 1668 3103 praelucens,
1722 3046 1790 3086 ac
1822 3037 1881 3085 ut
1909 3030 2167 3102 probum

518 3127 750 3196 praestet
803 3121 1009 3178 Christi
1038 3121 1242 3177 ovium
1303 3120 1415 3175 sibi
1452 3119 1928 3175 concreditarum
1975 3126 2170 3191 pasto—

515 3228 661 3276 rem,
695 3210 967 3283 plurimis
997 3210 1187 3284 iisque
1238 3210 1496 3266 maxime
1528 3208 1730 3263 arduis
1782 3208 2170 3279 distringatur

518 3300 769 3373 negotiis
810 3319 822 3353 :
852 3300 1013 3357 dabit
1037 3304 1236 3355 tamen
1259 3298 1630 3371 propediem,
1651 3297 1701 3353 si
1734 3297 2005 3354 divinare
2033 3297 2169 3354 licet

515 3391 717 3463 majus
757 3389 952 3446 adhuc
977 3388 1067 3444 sui
1099 3387 1401 3461 specimen
1431 3386 1491 3442 in
1520 3386 1735 3453 lucem,
1768 3402 1892 3459 quo
1940 3386 2167 3459 perspi-

512 3496 692 3537 cuum
735 3478 1016 3536 omnibus
1060 3478 1180 3543 ﬁet,
1241 3494 1336 3533 me
1392 3478 1521 3533 haec
1573 3476 1917 3532 assentandi
1975 3477 2166 3546 gratia

508 3569 759 3626 minime
789 3566 1217 3640 promulgasse,
1237 3565 1339 3620 sed
1358 3565 1534 3632 longe
1562 3565 1757 3619 adhuc
1778 3565 1936 3619 intra
1960 3565 2164 3621 verita-

508 3657 587 3713 tis
635 3656 853 3712 limites
904 3654 1209 3709 calamum
1246 3652 1624 3707 continuisse.
1687 3651 1858 3716 Quod
1902 3652 1948 3706 si
1994 3653 2085 3706 his
2133 3668 2165 3708 e

512 3745 711 3800 Grmco
777 3742 1074 3797 vertendis
1144 3755 1353 3796 vacare
1433 3738 1733 3803 voluisset,
1794 3755 2166 3810 supervacue

510 3831 684 3888 nobis
716 3830 1017 3887 maximus
1051 3828 1148 3883 hic
1189 3828 1360 3883 labor
1408 3832 1763 3883 sumeretur.
1823 3826 1954 3884 Scio
2005 3827 2165 3883 enim

510 3919 803 3975 nonnulla
829 3934 967 3974 eum
997 3917 1177 3989 quasi
1224 3932 1329 3989 per
1375 3916 1587 3972 ludum
1631 3914 1743 3969 sibi
1774 3914 1888 3987 ipsi
1927 3915 2165 3971 vertisse

2286 558 2462 623 dans,
2495 559 2750 614 necdum
2764 575 2943 615 omne
2973 560 3032 615 id
3063 560 3228 632 quod
3243 561 3577 632 quaerebam
3607 576 3704 616 me
3732 562 3953 632 opinor

2286 658 2649 702 assecutum.
2683 647 2729 704 Ο
2769 648 2997 704 utinam
3030 649 3172 704 tales
3201 649 3392 704 forent
3434 663 3644 705 omnes
3673 651 3945 723 episcopi

2285 751 2351 790 ac
2390 735 2850 807 dispensatores,
2882 752 3036 808 quos
3076 738 3362 793 Dominus
3410 739 3712 794 constituit
3768 756 3949 812 super

2284 822 2572 879 familiam
2631 840 2825 889 suam,
2879 830 2942 879 ut
2983 825 3122 881 dent
3153 825 3236 881 illi
3274 825 3473 881 cibum
3504 826 3565 881 in
3627 832 3893 898 tempore
3929 829 3942 882 Ξ

2284 912 2545 983 profecto
2610 912 2835 968 felicius
2884 918 3158 982 ageretur
3204 930 3338 969 cum
3418 914 3632 970 Christi
3702 915 3944 982 ovibus,

2282 1000 2405 1055 imo
2471 1016 2608 1055 cum
2663 1004 2781 1056 tota
2840 1000 3146 1072 republica
3207 1001 3560 1058 Christiana.
3620 1003 3946 1061 Praesulum

2281 1103 2545 1159 namque
2569 1092 2944 1160 etpastorum
2970 1089 3153 1145 vitam
3169 1105 3237 1145 ac
3254 1104 3449 1145 mores
3469 1104 3612 1159 grex
3630 1091 3948 1147 universus

2281 1175 2564 1232 imitatur.
2583 1178 2957 1248 Quapropter
2972 1177 3251 1234 omnibus
3278 1177 3332 1232 in
3351 1178 3552 1246 rebus,
3575 1179 3946 1237 ornatissime

2281 1264 2521 1336 praesul,
2551 1264 2667 1320 hoc
2713 1266 2951 1321 aurium
2981 1273 3391 1322 ornamentum
3430 1281 3505 1321 ne
3534 1265 3826 1339 fastidias,
3888 1273 3944 1325 te

2281 1367 2387 1424 per
2408 1357 2573 1408 tuam
2603 1353 2729 1408 orbi
2754 1354 3060 1423 cognitam
3089 1354 3516 1410 humanitatem
3543 1354 3725 1411 etiam
3763 1362 3947 1430 atque

2282 1441 2451 1497 etiam
2503 1441 2786 1497 obtestor.
2830 1442 2988 1498 Nosti
3030 1442 3192 1499 enim
3220 1443 3333 1516 ipsi
3360 1449 3725 1515 praeceptum
3758 1444 3945 1502 fuisse

2282 1530 2443 1598 Mosi,
2476 1535 2538 1585 ut
2568 1530 2646 1585 ad
2678 1530 3129 1586 tabernaculum
3155 1546 3223 1587 ac
3241 1534 3651 1587 sanctuarium
3677 1540 3947 1589 constru-

2282 1619 2501 1673 endum
2533 1633 2652 1674 non
2696 1618 2875 1674 modo
2902 1635 3118 1675 aurum
3157 1625 3216 1675 et
3243 1617 3579 1692 argentum,
3614 1637 3940 1694 purpuram

2282 1711 2338 1763 et
2350 1707 2621 1778 byssum,
2640 1707 2867 1780 lapides
2880 1709 3213 1779 onychinos
3229 1725 3296 1765 ac
3313 1724 3584 1778 gemmas
3614 1712 3912 1783 acciperet
3930 1729 3944 1768 :

2282 1811 2493 1850 verum
2542 1796 2720 1851 etiam
2759 1796 2903 1852 viles
2941 1796 3092 1852 inter
3136 1802 3352 1853 caetera
3390 1813 3706 1871 caprarum
3747 1799 3933 1871 pilos.

2284 1883 2409 1938 Scis
2434 1888 2489 1937 et
2526 1884 2719 1939 viduae
2749 1884 2872 1940 duo
2905 1900 3022 1939 aera
3072 1885 3303 1941 minuta
3355 1902 3474 1941 non
3529 1887 3712 1942 modo
3760 1887 3946 1945 fuisse

2285 1971 2512 2027 Christo
2530 1972 2893 2039 gratissima,
2917 1974 3021 2027 sed
3039 1973 3321 2028 omnibus
3337 1990 3581 2046 quoque
3606 1975 3945 2047 splendidis

2281 2059 2527 2114 divitum
2558 2060 2899 2115 muneribus
2937 2061 3015 2117 ab
3044 2077 3116 2118 eo
3160 2062 3481 2133 praeposita
3512 2082 3525 2121 :
3554 2067 3612 2119 et
3649 2063 3937 2135 poculum

2280 2164 2454 2219 aquae
2493 2148 2715 2218 frigidae
2767 2149 2974 2204 Christi
3022 2151 3260 2205 nomine
3290 2149 3657 2215 offerentem,
3718 2168 3938 2224 nequa-

2277 2253 2454 2308 quam
2477 2239 2719 2308 praemio
2734 2237 2941 2293 frauda
2971 2258 2981 2290 ι
3014 2238 3163 2293 lum.
3201 2238 3452 2307 Siigitur
3474 2255 3688 2295 munus
3716 2240 3831 2297 hoc
3865 2241 3945 2297 ad

2282 2330 2414 2380 tuas
2471 2325 2634 2380 domi
2668 2327 2961 2396 repositas
3018 2325 3258 2381 divitias
3312 2327 3609 2398 conferas,
3667 2328 3936 2400 profecto

2279 2412 2444 2468 vilius
2473 2414 2580 2468 erit
2601 2412 3017 2483 abjectissimis
3047 2429 3361 2485 caprarum
3394 2415 3526 2488 pilis
3554 2436 3566 2474 :
3600 2418 3697 2472 cui
3728 2418 3943 2474 nihilo-

2282 2502 2502 2569 minus,
2534 2501 2686 2556 sicut
2712 2506 2767 2557 et
2813 2501 2946 2567 illis,
2978 2502 3143 2557 locus
3174 2504 3281 2559 erit
3309 2503 3388 2560 ad
3417 2506 3709 2562 exteriora
3740 2507 3935 2563 taber-

2281 2590 2476 2646 naculi
2506 2589 2737 2646 Domini
2778 2591 3163 2648 asservanda.
3197 2593 3255 2648 Si
3306 2608 3448 2649 vero
3500 2594 3768 2650 animum
3815 2611 3940 2668 quo

2281 2679 2707 2734 munusculum
2747 2679 2862 2735 hoc
2884 2685 2996 2735 tua;
3040 2680 3454 2737 illustrissimaa
3486 2681 3733 2739 otfertur
3760 2683 3936 2740 Celsi-

2279 2767 2470 2829 tudini
2492 2768 2890 2839 conspexeris,
2921 2768 3111 2824 audeo
3141 2784 3425 2832 asserere.
3462 2787 3610 2827 auro
3632 2775 3688 2827 et
3740 2787 3949 2843 argen-

2280 2860 2359 2923 to,
2392 2871 2659 2929 purpura
2688 2861 2744 2911 et
2770 2856 2974 2926 bysso,
3004 2856 3306 2927 lapidibus
3331 2859 3649 2930 onychinis
3681 2875 3751 2915 ac
3782 2875 3946 2930 gem-

2279 2946 2393 3000 mis
2432 2944 2605 3013 longe
2649 2944 3016 3016 praestantius
3066 2945 3214 3001 fore.
3282 2947 3509 3002 Etenim
3535 2948 3732 3020 siqua
3772 2951 3833 3004 in
3878 2965 3942 3005 re

2278 3032 2470 3095 detur.
2501 3038 2565 3087 ut
2596 3033 2877 3104 prOpensi
2910 3048 3052 3103 erga
3090 3039 3143 3087 te
3190 3034 3305 3090 mei
3344 3035 3527 3090 animi
3569 3035 3748 3091 facias
3795 3037 3943 3109 peri-

2277 3121 2475 3176 culum
2527 3120 2777 3184 nullam,
2807 3121 3004 3176 subire
3061 3137 3412 3178 recusavero
3467 3124 3851 3192 sententiam,
3893 3126 3941 3183 si

2278 3226 2373 3265 me
2447 3209 2572 3264 ullo
2618 3208 2799 3264 modo
2845 3215 2898 3264 te
2950 3208 3245 3265 inveneris
3296 3210 3593 3267 fefellisse.
3650 3216 3731 3269 Ne
3796 3229 3939 3284 ergo

2276 3315 2497 3354 munus
2522 3298 2634 3353 hoc
2664 3297 2723 3352 in
2743 3314 2802 3353 se
2834 3298 3199 3364 consideres,
3232 3315 3340 3355 nec
3370 3300 3448 3355 ad
3477 3301 3823 3358 universam
3859 3304 3939 3359 tui

2274 3387 2462 3443 musei
2506 3385 2932 3457 supellectilem
2994 3387 3312 3443 conferas:
3368 3390 3469 3444 sed
3499 3389 3578 3446 ad
3632 3391 3933 3447 oﬂerentis

2273 3477 2564 3545 animum,
2619 3490 2742 3548 quo
2782 3474 2843 3528 id
2896 3475 3229 3530 verecunde
3277 3478 3536 3547 porrigit,
3606 3494 3933 3551 parumper

2272 3564 2478 3620 oculos
2496 3563 2849 3625 deﬂecte.ac
2865 3564 3290 3620 munusculum
3338 3566 3716 3624 hilarifronte
3759 3570 3939 3624 susci-

2273 3667 2348 3724 pe
2376 3669 2389 3705 :
2418 3657 2482 3707 ut
2506 3651 2656 3706 dum
2681 3651 2809 3707 haec
2837 3667 2959 3707 non
2990 3652 3224 3722 ingrata
3271 3653 3587 3711 tibi'fuisse
3612 3656 3941 3728 deprehen-

2274 3741 2441 3806 dero,
2463 3741 2719 3811 majores
2738 3741 2816 3796 ad
2842 3740 3189 3813 hujusmodi
3211 3743 3407 3800 studia
3427 3745 3582 3800 vires
3603 3761 3935 3803 assumam.

2276 3828 2435 3894 Vale,
2463 3829 2788 3901 praesulum
2820 3829 3004 3884 decus
3036 3830 3343 3888 eximium.
3402 3833 3645 3889 Lovanii
3707 3850 3871 3890 anno
3901 3851 3938 3891 a

2275 3922 2440 3988 partu
2474 3917 2761 3986 virgineo,
2798 3918 2951 3983 15th“,
2996 3923 3163 3974 sexto
3182 3918 3319 3974 ldus
3344 3922 3612 3991 Augusti.

644 4203 981 4296 usdem
1003 4205 1378 4272 admonitio
1409 4199 1491 4267 de
1515 4205 1800 4268 auctore
1823 4200 2770 4375 hortiigz‘gorrftzrlientariomm
2789 4225 2873 4269 ea:
2910 4201 3211 4272 editione
3252 4206 3346 4291 (a)
3387 4206 3791 4274 Lovaniensi

2157 4342 2173 4369 ,
2257 4311 2295 4357 o
2334 4341 2348 4356 .

2157 4342 2173 4369 ,
2218 4311 2348 4369 Ῑοι.

582 4437 863 4493 Studioso
896 4434 1139 4491 Lectori.

581 4525 729 4581 Cum
760 4525 871 4580 hos
906 4520 1380 4578 Commentarios
1418 4522 1555 4575 ante
1585 4518 1814 4591 aliquot
1836 4520 2165 4592 menses(b)

511 4614 571 4669 in
595 4612 792 4668 lucem
820 4610 1156 4675 ederemus,
1186 4607 1449 4663 studiose
1478 4606 1677 4671 lector,
1706 4622 1816 4662 nec
1837 4608 1976 4663 certi
1995 4608 2165 4679 quid-

508 4718 695 4776 quam
724 4700 1096 4763 haberemus,
1140 4697 1303 4769 quod
1341 4696 1415 4751 de
1457 4701 1697 4751 auctore
1736 4695 2161 4762 divinaremus,

509 4793 763 4847 aliorum
809 4787 1026 4857 magis,
1089 4802 1275 4858 quam
1314 4790 1588 4840 nostrum
1618 4784 1802 4840 secuti
1843 4784 2162 4856 judicium,

506 4880 735 4953 praefati
775 4893 1010 4941 sumus,
1051 4873 1418 4947 quibusdam
1460 4873 1644 4928 videri
1680 4877 1985 4930 auctorem
2032 4890 2164 4930 esse

579 5060 662 5127 (a)
688 5059 849 5112 Hanc
879 5054 1219 5127 editionem,
1251 5067 1438 5127 quam
1479 5051 1768 5127 beneﬁcio
1800 5052 2022 5127 lieynii,
2058 5052 2165 5127 viri

505 5123 1005 5201 perillustris,_ex
1058 5123 1414 5201 bibliotheca
1467 5123 1851 5201 universitatis
1914 5125 2166 5201 Go_e‘ttin-

502 5194 701 5271 gensis
715 5195 1605 5271 accepi,‘recensetﬂamberger,
1618 5196 1695 5271 im
1722 5194 1961 5271 vicrten_
1977 5194 2168 5250 Theile

506 5266 611 5327 lter
631 5266 1046 5339 zuverla‘ssigen
1063 5266 1461 5323 Nachrichlen
1483 5281 1592 5322 von
1614 5266 1721 5321 den
1750 5266 2165 5321 vornehmsten

504 5338 1287 5417 Schrittstellern,_pag.8j2.
1323 5341 1410 5417 8‘3:
1529 5408 1540 5417 ⁸
1723 5406 1755 5417 ι,
1858 5409 1868 5417 ι
2076 5406 2087 5416 ,

578 5412 661 5483 (b)
692 5418 861 5466 Anno
888 5408 1072 5483 1543,
1119 5412 1294 5483 sexto
1344 5408 1484 5464 Idus
1512 5408 1777 5477 Augusti,
1811 5409 1877 5460 ut
1930 5421 2001 5461 ex
2036 5408 2166 5476 ejus

505 5480 852 5558 praefatione
884 5480 1246 5558 intelligitur.
1344 5550 1354 5558 _
1735 5549 1746 5558 _
1801 5549 1810 5558 .
2009 5548 2042 5558 ν
2097 5547 2108 5557 .

578 5554 970 5626 (σλΜδεηιιω
996 5548 1123 5626 esse
1177 5550 1512 5626 discrimen
1555 5549 1866 5626 acumipis,
1920 5548 2163 5626 ordinis,

506 5617 1235 5695 consiliifgrtecitatisque
1283 5622 1440 5695 inter
1480 5617 2165 5695 Pseudo-(Ecumenium

504 5700 563 5752 et
602 5689 751 5753 inter
789 5689 1190 5768 Euthymium,
1215 5707 1397 5750 nemo
1426 5692 1487 5746 in
1508 5689 1765 5747 dubium
1780 5690 2032 5752 vocabit,
2060 5690 2167 5761 qui

1214 6414 1269 6456 ἰ-
1290 6416 1333 6450 -.-
1346 6408 1434 6447 i-‘
1404 6416 1419 6419 -ν
1434 6416 1486 6442 -ί
1472 6414 2025 6442 'W
1574 6414 1589 6415 ί
1702 6414 1709 6415 ί
2034 6414 2189 6432 ﬂ

2198 4432 2244 4487 D
2280 4430 2718 4495 (Ecumenium,
2774 4447 2958 4505 quem
3014 4431 3075 4487 in
3126 4436 3343 4490 caetera
3387 4433 3530 4489 Novi
3578 4435 3936 4492 Testamenti

2273 4518 2441 4574 brevi
2493 4534 2530 4575 a
2571 4519 2737 4575 nobis
2790 4520 3064 4577 Latinum
3122 4521 3401 4594 accipies.
3453 4526 3820 4595 Quanquam
3845 4525 3939 4595 (ut

2273 4623 2482 4664 verum
2512 4608 2723 4679 fatear)
2749 4609 2924 4681 hujus
2947 4609 3183 4681 phrasis
3221 4610 3300 4667 ab
3330 4611 3428 4667 illo
3465 4626 3583 4668 non
3613 4628 3826 4684 parum
3857 4613 3936 4684 (c)

2274 4696 2419 4752 mihi
2449 4697 2736 4753 dissidere
2761 4697 3098 4755 videbatur.
3132 4702 3292 4755 Nunc
3312 4714 3453 4756 vero
3466 4702 3745 4757 eumdem
3776 4701 3936 4758 nacti

2274 4790 2580 4841 auctorem
2631 4784 2690 4840 in
2744 4786 3009 4843 Psalmos
3067 4787 3403 4854 Davidicos,
3455 4792 3515 4845 et
3568 4789 3630 4844 in
3693 4790 3938 4846 Cantica

2273 4889 2409 4945 quae
2444 4874 2525 4945 (ά)
2565 4889 2687 4929 una
2743 4891 2879 4930 cum
2944 4873 3192 4933 Psalmis
3257 4878 3417 4933 canit
3474 4877 3752 4947 Ecclesia,
3807 4879 3936 4949 jam

2276 5056 2597 5125 utrumque
2623 5051 2844 5125 legerit,
2866 5053 2977 5125 sed
2989 5052 3064 5108 de
3083 5054 3441 5110 (Ecumenio
3456 5054 3599 5125 quid
3626 5055 3931 5120 sentirem,

2274 5122 2389 5197 dici
2403 5122 2558 5197 alibi.
2576 5126 2720 5177 Cum
2750 5124 3068 5197 Euthymio
3081 5126 3243 5197 nullo
3262 5126 3445 5197 modo
3462 5122 3933 5197 comparandus.

2274 5193 2627 5270 Simillimus
2652 5199 2851 5270 autem
2893 5193 3205 5270 Equthyrnio
3240 5201 3331 5251 est
3370 5193 3937 5270 PesudoiTheophy-

2273 5263 2466 5335 lactus
2498 5263 2558 5319 in
2587 5264 2883 5335 Epistolas
2920 5263 3214 5322 Paulinus.

2347 5333 2425 5405 (ά)
2456 5335 2571 5390 Ista
2619 5333 2853 5408 cantica
2906 5337 2968 5391 in
3025 5337 3322 5408 plerisque
3379 5337 3685 5394 codicibus
3714 5346 3813 5390 τῶν
3853 5338 3932 5405 Ο’,

2271 5406 2608 5481 junguntur
2648 5406 2952 5481 __Ps_almis.
3007 5406 3193 5477 Mque
3222 5406 3340 5481 iita
3376 5410 3578 5481 etiam
3631 5410 3824 5481 reperi
3874 5411 3937 5464 in

2274 5476 2513 5550 duobus
2555 5476 2863 5550 codicibus
2886 5476 3343 5550 Mosquensibus
3373 5476 3742 5537 Psalmorum
3795 5496 3935 5536 cum

2273 5547 2754 5620 interpretatione
2788 5547 3105 5620 Euthyniii,
3170 5551 3456 5607 nimirum
3496 5568 3555 5607 in
3595 5552 3727 5608 cod.
3788 5551 3931 5607 Bibl.

2278 5618 2378 5674 SS.
2401 5618 2617 5690 synodi
2643 5635 2807 5675 num.
2842 5618 2951 5677 196
2971 5624 3029 5676 et
3056 5621 3145 5675 97.
