4180 6498
223 374 288 427 41
1006 390 1008 392 τ
1757 357 2148 415 rimae-irit).
3584 359 3648 407 1,,»

227 496 497 552 secundo
524 496 593 567 (e)
629 497 774 568 typis
804 511 1112 557 excusum,
1147 493 1470 548 certissimo
1511 489 1722 545 certius
1753 487 1880 541 ausi
1917 484 1956 534 Α
1995 484 2055 534 Et
2093 481 2404 550 utrobique
2438 495 2616 550 super
2640 495 2711 533 eo
2759 479 2958 540 verbo,
2984 478 3231 532 Prteibis
3259 485 3395 533 ante
3429 479 3645 547 faciem

233 603 447 641 sumus
467 585 613 640 ferre
677 584 988 654 judicium,
1036 583 1252 638 horum
1302 577 1881 635 Commentariorum

231 681 534 730 auctorem
566 688 694 728 esse
729 671 1107 741 Euthymium
1140 670 1212 742 (Γ)
1266 668 1654 738 Zigabonum.
1683 667 1882 735 Neque

231 763 392 818 enim
424 777 599 816 ovum
637 777 753 817 ovo
813 760 921 815 fuit
953 775 1222 830 unquam
1274 759 1425 812 adeo
1453 755 1664 820 simile,
1695 767 1881 825 quam

228 852 357 907 haac
389 849 464 920 (g)
496 848 725 921 phrasis
751 849 852 904 illi.
879 847 1092 903 Videas
1124 849 1182 902 in
1211 853 1460 917 utroque
1488 849 1719 912 gratam
1747 856 1881 895 cum

225 939 401 994 simili
436 939 648 1008 pietate
688 937 1066 1004 brevitatem,
1104 937 1465 991 succinctam
1509 932 1880 988 Hebraismo-

220 1044 358 1083 rum
386 1027 892 1098 explanationem.
917 1028 980 1081 Et
1004 1023 1524 1097 quemadmodum
1550 1021 1633 1076 ibi
1666 1020 1880 1074 Psalte-

220 1116 402 1180 rium,
433 1117 515 1172 ita
553 1121 607 1171 et
629 1116 724 1171 hic
752 1115 1125 1184 singulorum
1175 1112 1673 1181 evangelistarum
1713 1124 1878 1163 enar-

217 1206 488 1261 rationes
518 1205 702 1262 simili
729 1221 799 1259 ac
839 1207 1198 1276 per-venusta
1227 1200 1527 1256 concludit
1553 1199 1639 1268 (h)
1674 1195 1880 1259 δοξολο-

217 1300 315 1366 γίᾳ
360 1294 567 1365 juncta
622 1298 946 1365 παραινέσει.
1013 1291 1179 1346 Adde
1250 1291 1312 1361 (i)
1365 1289 1518 1360 quod
1575 1289 1721 1342 inter
1773 1303 1882 1340 cre-

223 1388 353 1440 tera
405 1387 643 1439 enarrat
690 1385 747 1438 et
777 1381 963 1438 Marias
1015 1396 1084 1436 ac
1110 1380 1398 1436 Zachariae
1464 1379 1714 1441 cantica,
1747 1392 1880 1448 quae

223 1473 405 1527 habet
445 1473 631 1527 Lucas
673 1471 864 1543 primo
894 1470 1084 1541 capite
1119 1487 1129 1524 :
1173 1484 1433 1541 quorum
1490 1472 1546 1522 et
1572 1467 1629 1521 in
1689 1465 1881 1520 hocet

221 1560 277 1616 in
312 1561 415 1615 illo
443 1560 616 1625 libro,
647 1559 845 1615 verbis
865 1558 1271 1628 duntaxatpro
1295 1557 1572 1612 varietate
1601 1554 1879 1624 interpre-

222 1648 716 1712 tumimmutatis,
751 1647 1028 1703 eamdem
1062 1646 1285 1702 videbis
1317 1644 1876 1716 interpretationem.

1993 570 2232 623 Domini
2283 583 2494 638 parare
2525 569 2650 622 vias
2709 570 2858 636 ejus.
2905 569 3046 631 Qum
3089 566 3225 630 sint,
3291 566 3498 638 inquit,
3534 568 3645 623 vim

1991 658 2118 726 ejus
2169 657 2430 711 diximus
2495 657 2660 712 tertio
2719 656 2910 726 capite
2963 654 3255 723 Evangelii
3310 656 3646 712 secundum

1991 747 2352 811 Matthaeum,
2389 744 2754 799 ubihabetur
2789 765 2799 801 :
2831 745 2946 798 Vox
2967 746 3281 799 clamantis
3312 745 3374 799 in
3400 745 3640 810 deserto,

1986 838 2203 903 parate
2233 835 2396 891 "iam
2415 833 2671 890 Domini.
2690 831 2838 886 Cum
2871 833 2995 885 haec
3019 832 3253 903 aliaque
3271 833 3646 906 plurimaque

1988 923 2322 976 certissima
2387 921 2460 975 de
2517 923 2628 975 hoc
2690 925 2930 975 auctore
2988 919 3211 974 indicia
3250 921 3636 986 haberemus,

1989 1009 2314 1064 maluimus
2346 1009 2402 1063 in
2461 1008 2554 1063 his
2607 1024 2740 1080 qum
2794 1007 3066 1063 nondum
3123 1008 3406 1065 distracta
3458 1017 3642 1075 erant.

1989 1097 2450 1170 exemplaribus,
2503 1097 2772 1152 studioso
2809 1097 3005 1151 lectori
3044 1095 3100 1150 id
3145 1095 3428 1166 indicare,
3459 1114 3645 1170 quam

1987 1203 2123 1241 eum
2154 1185 2375 1240 diutius
2425 1201 2784 1257 suspensum
2835 1191 3047 1240 tenere.
3101 1187 3289 1250 Quare
3342 1186 3489 1241 sicut
3519 1187 3644 1241 illo-

1987 1291 2120 1329 rum
2147 1274 2711 1329 Commentariorum
2747 1274 2806 1328 in
2827 1274 3106 1338 Psalmos,
3131 1279 3438 1330 auctorem
3463 1291 3642 1331 nemo

1988 1362 2216 1418 dubitat
2276 1378 2409 1417 vere
2466 1378 2594 1417 esse
2665 1364 3043 1433 Euthymium
3101 1363 3496 1432 Zigabonum,
3560 1365 3644 1420 sic

1988 1466 2178 1522 neque
2217 1450 2495 1522 deinceps
2557 1451 2770 1507 horum
2801 1452 2858 1506 in
2902 1451 3220 1520 Evangelia
3259 1452 3645 1510 Commenta-

1985 1541 2205 1595 riorum
2223 1540 2554 1607 suspicetur
2569 1540 2893 1612 quisquam
2930 1540 3115 1596 alium
3135 1555 3264 1595 esse
3299 1546 3633 1598 auctorem.

1987 1629 2145 1684 Vale.
2173 1634 2341 1684 Anno
2370 1629 2525 1684 1544.
2559 1629 2740 1684 Nonis
2771 1629 3094 1685 Februarii.

292 1825 364 1894 (e)
404 1827 478 1879 Ex
498 1825 611 1878 hoc
639 1823 860 1892 colligit
883 1821 1338 1894 Hambergerus,
1366 1833 1547 1894 supra
1567 1817 1869 1894 laudatus;

1989 1807 2148 1894 quod
2176 1806 2232 1861 in
2275 1806 2541 1894 hac-ipsa
2571 1805 3192 1894 editione‘Euthymii,
3210 1806 3360 1894 anni
3397 1811 3550 1872 1544,
3586 1809 3641 1862 in

219 1888 369 1950 Dass
420 1896 594 1965 einige
622 1888 1197 1965 Exen'zplaretallér
1251 1888 1876 1965 Waarscheiplirhkeit

219 1966 398 2039 pach,
418 1961 729 2021 dasllahri
740 1965 862 2028 543,
883 1963 1130 2039 aii/dem
1151 1963 1301 2018 Tite!
1315 1961 1562 2039 fgihreu.
1580 1961 1693 2016 Sed
1707 1977 1876 2039 voca—

220 2035 436 2092 bulum
484 2052 765 2092 extrusum
810 2040 898 2089 est
943 2033 1312 2103 ambiguum.
1357 2033 1875 2103 lncertumienim,

222 2113 426 2162 utrum
456 2108 535 2162 ad
565 2105 1042 2161 Commentarios
1082 2101 1144 2158 in
1169 2103 1457 2163 Psalmos.
1491 2117 1567 2156 an
1606 2102 1683 2157 ad
1715 2101 1880 2156 Com-

223 2178 556 2233 mentarios
603 2177 663 2230 in
704 2173 1025 2244 Evangelia
1055 2174 1127 2228 sit
1168 2173 1564 2244 referendum.
1601 2174 1712 2227 Sed
1740 2172 1880 2244 illud

271 2254 402 2302 uto.
441 2247 663 2301 Etenim
694 2242 1173 2300 Monte—falconius
1214 2245 1274 2298 in
1317 2243 1675 2297 Bibliotheca
1727 2242 1882 2297 Cois-

247 2317 471 2383 iniana,
504 2335 557 2388 p.
589 2319 674 2380 58,
706 2319 998 2388 memorat
1021 2315 1255 2388 illorum
1283 2313 1879 2388 Commentariorum,

219 2404 294 2460 ex
320 2384 797 2460 interpretatione
817 2385 1070 2460 Philippi
1092 2385 1279 2460 Sauli,
1296 2384 1630 2460 editioneiu
1643 2385 1881 2460 Yeronze

223 2459 413 2516 in-fol.
445 2455 582 2514 a'nn.
620 2459 774 2528 1530,
808 2465 862 2511 et
890 2455 1068 2512 Lutet.
1089 2457 1384 2528 in-8,ann_.
1412 2455 1878 2528 l_5_t3.uPriorem,

222 2531 269 2584 si
299 2536 455 2586 recte
485 2525 896 2592 memini,'vidi
922 2527 1231 2599 quondam
1277 2527 1336 2580 in
1364 2525 1724 2599 bibliotheca
1755 2541 1878 2580 am-

223 2600 746 2673 plissimiisenatus
772 2596 1114 2673 Lipsiensis.
1179 2598 1361 2664 Hanc,
1397 2601 1458 2652 ut
1497 2596 1743 2673 videtur,
1777 2612 1878 2650 no—

226 2667 310 2742 tat
339 2671 794 2742 Hambergerus,
822 2667 954 2742 loco
975 2670 1211 2742 laudato
1241 2683 1594 2741 quanquam
1648 2667 1743 2722 hic
1772 2682 1880 2737 pro

226 2741 487 2810 Lutetiae,
515 2740 752 2815 scripsit
766 2741 1019 2798 Parisiis.
1043 2740 1303 2796 Alterum
1323 2746 1743 2809 argumentum
1769 2744 1877 2800 est,

1989 1876 2180 1952 Indice
2228 1877 2536 1952 scribitur:
2573 1896 2601 1925 «
2645 1876 2809 1931 Liber
2838 1877 2933 1932 hic
2978 1893 3172 1949 neque
3209 1878 3422 1952 Graece,
3451 1894 3642 1952 neque

1989 1947 2188 2028 Latine
2200 1956 2377 2028 ant-ea
2389 1947 2547 2028 typis
2560 1964 2828 2028 unquam
2843 1947 3096 2028 excusus
3108 1954 3214 2004 est.
3227 1971 3254 1999 »
3274 1950 3532 2028 Denique
3545 1947 3642 2005 hic

1989 2018 2045 2072 in
2069 2019 2186 2092 ﬁne
2212 2018 2385 2092 hujus
2411 2018 2860 2074 admonitionis
2919 2019 3133 2088 legitur
3173 2037 3185 2074 :
3214 2040 3242 2069 «
3285 2021 3345 2075 In
3377 2018 3465 2092 his
3503 2037 3639 2092 quae

1988 2089 2260 2144 nondum
2291 2089 2586 2145 distracta
2629 2097 2813 2153 erant,
2861 2113 2888 2139 »
2916 2100 3023 2146 etc.
3075 2092 3172 2146 Est
3213 2106 3356 2158 ergo
3405 2089 3554 2160 haec,
3583 2096 3646 2147 ut

1989 2160 2186 2232 credo,
2227 2161 2402 2215 editio
2432 2161 2734 2232 princeps,
2769 2167 2999 2218 mutato
3026 2165 3256 2218 tantum
3285 2161 3495 2217 Indice.

2062 2231 2136 2366 γ’)
2178 2232 2281 2310 Ita,
2325 2231 2804 2310 pro’Zigab’enus.

2084 2309 2138 2366 g)
2171 2301 2374 2366 ldipse
2440 2308 2618 2356 etiam
2674 2308 2804 2357 testa

2084 2309 2138 2368 g)
2171 2301 2228 2352 Id
2251 2301 2374 2372 ipse
2440 2302 2618 2373 etiam
2674 2304 2868 2357 testari
2897 2319 3164 2373 possum,
3229 2320 3362 2357 cum
3411 2303 3642 2358 codices

1990 2372 2367 2441 Mosquenses
2396 2372 2762 2428 l’salmorum
2792 2372 3186 2428 tractaverim.

2063 2441 2144 2511 (h)
2167 2442 2311 2522 “Sed
2364 2442 2477 2497 hoc
2529 2443 2589 2498 in
2616 2443 2884 2514 pluribus
2920 2444 3157 2500 Patrum
3191 2445 3642 2500 Commentariis

1989 2519 2298 2583 reperitur.

2061 2600 2124 2670 (ἱ)
2155 2600 2252 2654 llis
2283 2600 2650 2673 etisimilibus
2673 2603 3034 2671 argumentis
3053 2603 3110 2657 in
3139 2602 3344 2673 primis
3371 2603 3638 2671 efficitur,

1989 2676 2287 2750 auctorem
2342 2672 2555 2728 horum
2627 2672 3202 2730 Commentariorum
3250 2690 3382 2730 esse
3431 2676 3639 2746 Euthy-

1989 2757 2200 2797 mlum.

1186 3099 1789 3190 EJUSDEM
1927 3101 2671 3198 PR/EFATIO.

801 3418 1060 3474 Candido
1075 3417 1320 3474 Lectori.

303 3602 383 3655 Ne
429 3599 569 3670 quid
618 3600 673 3654 in
732 3599 847 3655 hoc
921 3604 1158 3654 auctore
1214 3597 1545 3654 evolvendo
1617 3597 1871 3666 haisites,

229 3687 484 3744 candide
511 3689 732 3755 Lector,
791 3689 994 3760 paucis
1023 3688 1097 3743 de
1127 3687 1305 3744 rebus
1336 3692 1389 3742 te
1420 3687 1702 3742 duximus
1729 3703 1873 3758 prae-

228 3777 616 3833 moneudum.
670 3779 734 3833 Id
818 3778 993 3850 igitur
1039 3778 1292 3848 primum
1351 3777 1442 3843 sit,
1497 3777 1660 3848 quod
1711 3777 1769 3832 in
1801 3793 1872 3832 eo

228 3865 548 3937 exemplari
571 3865 735 3938 quod
757 3866 835 3921 ad
864 3869 1100 3921 nostras
1153 3881 1369 3920 manus
1400 3866 1686 3936 pervenit,
1713 3881 1872 3936 quaa-

229 3951 366 4008 dam
431 3955 848 4010 annotationes
879 3953 1175 4009 interdum
1239 3953 1611 4024 ponebantur
1663 3954 1746 4024 (lc)
1812 3954 1870 4008 in

228 4043 590 4113 marginibus
625 4060 840 4116 :quas,
881 4059 1020 4100 cum
1059 4059 1439 4116 nequaquam
1498 4042 1872 4114 pcenitendas

226 4145 550 4196 censerem,
603 4132 857 4187 nonfuit
916 4132 1156 4188 animus
1189 4135 1426 4202 penitus
1479 4131 1756 4202 abjicere,
1799 4147 1872 4186 ne

225 4219 314 4274 vel
337 4219 449 4276 hoc
481 4221 805 4278 commodo
877 4220 1256 4277 fraudareris.
1317 4222 1530 4276 Verum
1563 4237 1636 4276 ne
1667 4220 1873 4292 hujus-

224 4309 378 4362 modi
433 4309 924 4366 adnotationibus
978 4310 1278 4379 margines
1324 4310 1707 4382 replerentur,
1764 4327 1873 4368 nec

223 4401 371 4452 esset
422 4399 687 4469 spatium
754 4398 1049 4470 ponendis
1097 4415 1281 4455 sacrae
1349 4399 1656 4470 Scriptura:
1701 4400 1870 4469 locis,

221 4497 354 4553 quae
405 4487 640 4558 passim
686 4487 764 4542 ab
807 4492 1047 4544 auctore
1096 4488 1372 4554 citantur,
1405 4505 1507 4545 eas
1547 4489 1606 4544 in
1636 4489 1873 4561 reliqum

218 4571 524 4642 Scriptura
583 4575 854 4630 ordinem
910 4575 1265 4646 redegimus,
1321 4581 1499 4648 atque
1563 4582 1699 4648 post
1745 4579 1873 4648 ejus

216 4661 514 4728 particulae
535 4667 737 4718 textus
769 4666 1208 4720 enarrationem
1258 4666 1335 4720 ad
1360 4681 1538 4738 quam
1569 4666 1874 4736 poneban-

1911 3415 1952 3472 C
1983 3419 2163 3476 habet
2199 3421 2509 3492 originem,
2566 3438 2701 3494 qua:
2733 3422 2864 3477 loca
2912 3429 3121 3478 auctor
3180 3428 3400 3487 noster,
3439 3430 3503 3480 ut
3530 3427 3634 3496 qui

1983 3510 2216 3565 Graecus
2243 3514 2473 3566 tantum
2498 3517 2668 3575 esset,
2684 3510 3042 3566 automnino
3054 3512 3638 3582 prastermiserat,aut

1981 3597 2670 3658 infelicitertractaverat.
2690 3603 2747 3654 In
2763 3600 2957 3672 primo
2972 3599 3168 3655 statim
3185 3599 3448 3671 cujusvis
3462 3599 3632 3656 faciei

1982 3685 2146 3742 initio
2176 3704 2395 3743 nomen
2413 3688 2816 3759 evangelista},
2838 3705 2958 3744 una
2980 3704 3118 3744 cum
3150 3688 3361 3760 capitis
3383 3705 3635 3746 numero

1976 3776 2138 3846 juxta
2161 3777 2493 3832 Latinorum
2525 3777 3036 3834 enumerationem
3075 3779 3389 3849 posuimus
3418 3795 3636 3851 :supra

1980 3864 2146 3936 ipsos
2174 3872 2370 3920 autem
2401 3866 2872 3936 paginaeversus,
2903 3867 3251 3937 majusculis
3273 3867 3499 3930 litteris,
3531 3885 3634 3923 nu-

1983 3969 2213 4009 merum
2225 3955 2426 4026 capitis
2435 3956 2455 4025 j
2468 3960 2606 4011 uxta
2617 3955 2946 4010 Graecorum
2961 3955 3446 4027 supputationem
3469 3957 3635 4028 quod

1981 4057 2112 4097 eam
2148 4043 2336 4098 solam
2381 4049 2588 4098 auctor
2617 4047 2814 4098 noster
2842 4048 2964 4099 toto
2995 4059 3174 4115 opere
3209 4050 3631 4116 prosequatur.

2055 4134 2206 4188 Loca
2234 4147 2374 4187 vero
2404 4149 2434 4187 e
2471 4131 2665 4187 Bibliis
2679 4131 2876 4200 citata,
2910 4135 3014 4188 aut
3039 4148 3108 4188 ea
3122 4133 3633 4196 concernentia,in

1982 4220 2250 4291 margine
2307 4221 2725 4277 adnotavimus
2752 4238 2769 4285 ;
2811 4220 3073 4276 numeris
3089 4221 3262 4290 juxta
3291 4221 3634 4276 Latinorum

1980 4308 2419 4364 distinctionem
2447 4311 2645 4380 capita
2664 4307 3134 4378 designantibus,
3162 4307 3328 4379 quod
3359 4308 3485 4362 haec
3512 4309 3636 4378 opi-

1981 4413 2196 4453 nemur
2225 4413 2353 4453 esse
2389 4396 2487 4452 tibi
2523 4389 2772 4452 notiora.
2834 4395 2941 4450 Ubi
3000 4400 3201 4450 autem
3258 4394 3424 4449 locus
3473 4397 3635 4467 quis—

1982 4485 2149 4558 piam
2188 4486 2421 4553 citatus,
2449 4499 2569 4540 non
2603 4483 2777 4539 fuerit
2808 4483 2867 4538 in
2900 4481 3168 4553 margine
3193 4497 3525 4555 expressus,
3557 4484 3635 4539 ad

1983 4575 2257 4647 ejusdem
2281 4573 2600 4631 voluminis
2616 4573 2814 4629 locum
2845 4577 3022 4629 antea
3042 4571 3286 4629 citatum
3314 4573 3632 4638 recurrito;

1983 4663 2046 4719 id
2101 4663 2260 4720 enim
2312 4662 2387 4719 de
2412 4663 2702 4719 industria
2758 4662 3090 4729 omisimus,
3140 4677 3214 4718 ne
3240 4661 3399 4718 idem
3457 4668 3640 4735 caput

218 4751 326 4814 tur,
354 4749 694 4810 locavimus
727 4770 740 4807 ε
766 4754 934 4809 certis
957 4754 1603 4826 tamenquibusdam(l)
1627 4755 1870 4820 notulis,
1907 4761 1953 4815 D
1983 4753 2252 4824 ejusdem
2283 4752 2599 4808 voluminis
2624 4751 2794 4808 toties
2817 4751 3036 4807 iteratis
3068 4750 3300 4807 vicibus
3323 4751 3636 4807 adnotare-

222 4833 356 4893 hinc
373 4841 620 4912 quidem
636 4841 1088 4898 adnotationem
1106 4842 1314 4914 ipsam,
1338 4843 1499 4899 illinc
1522 4859 1658 4899 vero
1675 4844 1875 4900 locum

225 4927 313 4980 cui
329 4932 740 5001 respondeant
787 4931 1261 5001 designantibus.
1288 4933 1445 4989 Alias
1475 4937 1695 4999 autem,
1737 4950 1874 5005 qua:

224 5011 457 5073 duobus
486 5020 692 5077 verbis
721 5020 982 5092 capitum
1013 5022 1332 5078 sententias
1358 5022 1872 5088 demonstrabant,

224 5103 342 5157 suis
370 5106 514 5162 locis
540 5109 922 5179 reliquimus.
958 5110 1109 5176 Quin
1150 5115 1205 5165 et
1231 5111 1437 5182 paucis
1486 5111 1545 5166 in
1575 5111 1742 5174 locis,
1774 5112 1875 5166 ubi

223 5204 408 5261 operm
457 5199 723 5269 pretium
771 5199 970 5254 visum
1011 5205 1115 5264 est,
1146 5205 1384 5257 nostras
1419 5217 1661 5273 quoque
1693 5201 1877 5256 adno-

225 5281 572 5344 tatiunculas
605 5287 869 5357 margini
910 5288 1249 5345 addidimus
1285 5307 1295 5345 :
1326 5291 1654 5362 praesertim
1690 5311 1700 5348 :
1738 5307 1874 5348 cum

221 5366 417 5429 litteras
468 5377 654 5434 dictio
714 5375 916 5449 aliqua
967 5377 1305 5436 Hebraicam
1359 5384 1463 5436 aut
1491 5378 1875 5440 Chaldaicam

294 5568 375 5638 (Ic)
408 5571 567 5629 Idem
591 5573 940 5630 observavit
965 5574 1294 5632 Richardus
1328 5576 1628 5633 Simonius
1675 5578 1733 5633 in
1765 5580 1875 5634 Eu-

228 5635 429 5722 thymii
473 5643 788 5722 codicibus
859 5645 1153 5711 Parisinis,
1233 5651 1292 5703 et
1355 5664 1465 5704 nos
1518 5649 1576 5704 in
1627 5654 1877 5722 utroque

231 5707 571 5783 MOSqueusi.

504 5813 762 5874 ΡΑτιοι..
806 5814 910 5871 Gn.
953 5815 1187 5874 CXXIX.

1983 4859 2142 4898 mus.
2174 4846 2447 4911 Ignosces
2485 4842 2661 4896 etiam
2694 4855 2802 4911 pro
2827 4845 2930 4896 tua
2954 4840 3348 4905 humanitate,
3384 4840 3638 4896 candide

1981 4931 2182 5001 lector,
2205 4931 2370 5002 quod
2395 4946 2564 4986 voces
2576 4929 2872 5001 quasdam
2894 4945 3014 4984 non
3030 4929 3440 4991 vitaverimus,
3465 4930 3639 4999 aqui-

1982 5021 2098 5077 bus
2128 5025 2336 5076 nostro
2365 5019 2475 5074 hoc
2494 5018 2726 5074 feliciori
2747 5019 2963 5074 saeculo
2989 5017 3312 5074 abhorrent
3331 5018 3599 5072 nonnulli
3623 5033 3637 5080 ;

1985 5109 2161 5166 veluti
2191 5113 2344 5171 sunt,
2397 5108 2677 5172 salvator,
2718 5109 2963 5170 salvere,
3004 5107 3270 5175 compati,
3313 5107 3636 5176 campassio,

1984 5198 2559 5268 incompassibilitas,
2592 5196 2965 5265 dispensatio,
2999 5195 3411 5263 dispensatorie
3474 5210 3539 5248 ac
3568 5194 3642 5248 si-

1987 5289 2195 5345 miles:
2263 5285 2633 5358 potissimum
2663 5299 2800 5338 cum
2849 5281 3109 5338 viderem
3152 5282 3518 5338 doctissimos
3572 5296 3641 5337 ac

1989 5374 2512 5449 eloquentissimos
2564 5371 2900 5428 christianae
2925 5369 3222 5440 religionis
3268 5384 3542 5442 proceres
3563 5367 3642 5424 ab

2018 5571 2020 5574 ’
2062 5573 2129 5644 (ι)
2162 5571 2442 5628 Nimirum
2470 5570 2643 5639 signo
2682 5566 2868 5624 crucis
2917 5567 3081 5639 quod
3113 5582 3220 5621 nos
3244 5581 3487 5638 quoque
3515 5561 3644 5618 imi-

1993 5647 2096 5702 tati
2121 5661 2356 5699 sumus.

3331 5806 3362 5856 2
