4180 6500
598 335 670 393 43
2118 329 2514 393 ΡΒΕΡΛΤΙΟ.
3947 344 4011 404 44

595 463 693 521 his
722 478 1113 537 nequaquam
1164 463 1561 532 abhorruisse,
1614 467 2039 524 Tertullianum
2090 464 2245 526 dico,
2280 459 2324 512 A
2358 474 2604 528 praesens
2629 463 2729 515 aut
2768 463 3119 531 praeteritum
3179 462 3508 533 efferuntur,
3540 466 3751 524 habeat
3776 468 3832 525 in
3868 470 4017 527 futu-

594 553 991 619 Lactantium,
1040 551 1426 625 Cyprianum,
1472 554 1905 627 Hieronymum
1936 558 1993 610 et
2021 557 2249 622 Augus-
2356 561 2490 602 rum
2521 564 2703 615 versa,
2736 548 2885 605 sicut
2910 550 3167 606 nonnulli
3208 550 3533 624 frequenter
3594 554 3790 612 fecisse
3819 559 4009 616 viden-

594 643 803 708 tinum,
828 642 931 714 qui
959 640 1139 697 etiam
1162 658 1286 697 xm.
1316 645 1397 699 De
1440 643 1666 710 'I‘rinit.,
1694 659 1803 716 cap
1830 643 1916 710 10,
1950 643 2030 699 ita
2060 640 2247 713 loqui-
2356 640 2453 692 tur
2496 654 2510 688 ε
2546 637 3114 695 animadvertendum
3187 645 3291 707 est,
3334 643 3714 714 evangelistas
3766 651 3823 702 et
3874 665 4008 716 apo-

589 733 685 786 tur
711 746 725 785 :
749 753 770 782 ι
806 729 924 787 Nisi
947 727 1266 787 inﬁrmitas
1288 735 1465 798 esset,
1497 732 1800 789 medicum
1835 731 2241 789 necessarium
2353 725 2549 791 stolos,
2600 743 2733 783 cum
2776 743 2984 799 genere
3038 730 3256 786 Hebraei
3287 737 3497 796 essent,
3527 732 3634 788 hac
3669 735 3726 789 in
3785 753 3840 792 re
3867 738 4006 795 sicut

584 833 708 875 non
737 816 1051 886 haberent,
1076 818 1182 891 qui
1200 823 1293 876 est
1317 819 1592 877 hebraice
1618 824 1802 887 Jesus,
1831 823 2029 877 Graece
2053 820 2238 883 Soter,
2352 817 2411 870 et
2429 814 2487 869 in
2515 814 2641 870 aliis
2681 815 2898 883 multis,
2944 817 3286 873 Hebraicum
3323 827 3544 877 secutos
3603 823 3835 891 idioma,
3891 844 3999 899 quo

580 910 787 964 nostra
824 909 1032 962 autem
1082 906 1382 964 locutione
1406 908 1726 965 Salvator:
1773 910 1936 982 quod
1992 909 2241 964 verbum
2352 901 2431 956 illi
2489 901 2956 974 frequentissime
2999 923 3100 977 pro
3131 908 3419 977 praesenti,
3487 912 3642 983 quod
3706 915 3998 986 preprium

575 995 788 1052 Latina
831 994 1042 1065 lingua
1090 1010 1217 1051 non
1252 995 1535 1062 habebat,
1586 998 1691 1053 sed
1729 998 1951 1054 habere
1988 1000 2235 1069 poterat,
2350 1006 2466 1045 non
2498 990 2732 1057 habent,
2760 996 2865 1049 aut
2918 1010 3021 1064 pro
3061 993 3278 1063 futuro,
3314 994 3562 1053 efferunt
3599 1002 3994 1069 prseteritum:

576 1083 731 1140 sicut
782 1083 996 1140 habuit
1017 1083 1266 1156 quando
1302 1083 1555 1141 voluit.»
1602 1089 1667 1142 Ει
1705 1086 1914 1143 merito
1938 1086 2061 1141 haec
2098 1086 2241 1141 dicit
2349 1083 2527 1152 utque
2553 1080 2614 1135 in
2644 1082 2977 1138 universum
3026 1082 3237 1149 dicam,
3286 1088 3512 1157 tempus
3536 1104 3715 1143 unum
3757 1106 3857 1160 pro
3883 1091 3996 1149 alio

574 1171 957 1243 Augustinus.
992 1173 1132 1237 Quis
1155 1172 1312 1230 enim
1331 1173 1585 1240 dubitat,
1613 1175 1760 1248 quin
1778 1175 1999 1242 Cicero,
2027 1175 2078 1229 si
2099 1189 2238 1231 ηοε-

575 1260 679 1317 tris
703 1259 912 1317 fuisset
940 1261 1330 1334 temporibus,
1363 1267 1703 1335 nostraeque
1726 1263 1867 1320 ﬁdei
1915 1264 2235 1335 recepisset

573 1348 882 1418 dogmata,
916 1348 1189 1421 plurimis
1220 1367 1365 1406 usus
1385 1351 1595 1409 fuisset
1608 1352 1857 1408 vocibus
1877 1353 2098 1425 quibus
2114 1366 2233 1408 non

571 1442 661 1494 est
689 1454 833 1493 usus
866 1454 1251 1511 :quanquam
1273 1446 1330 1496 et
1354 1440 1486 1511 ipso
1505 1441 1688 1497 verbo
1708 1442 1956 1500 Salvere
1971 1456 2119 1496 usus
2143 1444 2232 1497 est
2340 1434 2469 1500 teri,
2527 1437 2623 1506 qui
2680 1436 2876 1494 Greece
2921 1439 3293 1510 scripserunt.
3332 1442 3613 1510 Quaedam
3665 1462 3801 1518 ergo
3823 1463 3889 1502 ex
3910 1447 3990 1504 in-

568 1524 630 1581 in
659 1526 722 1581 L.
750 1525 1045 1593 Pisonem,
1080 1531 1136 1583 et
1165 1526 1292 1598 ejus
1337 1543 1485 1585 voce
1509 1529 1774 1601 passiva,
1803 1530 1851 1584 II
1899 1531 1980 1585 De
2011 1532 2231 1585 natura
2339 1524 2592 1580 numeris
2640 1524 2777 1580 locis
2816 1527 3059 1583 seorsim
3090 1529 3508 1599 recensuimus,
3550 1532 3604 1586 in
3635 1534 3847 1604 quibus
3876 1554 3989 1607 ma-

566 1613 838 1670 deorum.
863 1614 1259 1680 Quintilianus
1288 1631 1531 1688 quoque
1558 1616 1661 1673 lib.
1688 1633 1937 1689 xn,eap.
1960 1618 2047 1683 10,
2075 1633 2221 1672 usus
2337 1611 2539 1669 nifeste
2595 1630 2864 1685 praesens,
2912 1615 3207 1673 interdum
3271 1618 3449 1675 etiam
3489 1621 3849 1691 praeteritum
3890 1643 3989 1697 pro

564 1707 655 1758 est
684 1702 899 1758 eodem
951 1702 1175 1769 verbo;
1215 1704 1381 1776 quod
1412 1704 1591 1760 etiam
1644 1706 2226 1762 adnotaveruntante
2334 1699 2531 1757 futuro
2555 1701 2811 1758 locatum
2858 1709 2942 1759 est
2977 1725 2990 1759 :
3020 1720 3273 1776 quorum
3302 1710 3357 1762 et
3400 1723 3506 1763 nos
3560 1711 3824 1781 quaedam
3878 1715 3991 1769 exi-

560 1806 672 1846 nos
686 1790 792 1846 viri
814 1790 1165 1848 doctissimi.
1185 1792 1549 1865 Quanquam
1570 1794 1927 1851 recentiores
1943 1801 2219 1867 typogra-
2257 1804 2302 1861 Β
2332 1794 2502 1860 gente
2528 1790 2834 1858 sententia,
2858 1806 2965 1865 per
2989 1792 3249 1850 futurum
3262 1795 3569 1853 vertimus:
3594 1798 3738 1856 alibi
3756 1817 3987 1874 quoque

558 1879 820 1952 phorum
848 1881 1234 1954 castigatores
1257 1881 1385 1937 haec
1409 1882 1722 1939 immutare
1756 1885 1889 1940 ausi
1912 1883 2055 1939 sint:
2091 1883 2214 1940 sive
2332 1876 2393 1931 id
2420 1893 2490 1933 ex
2534 1877 2733 1935 littera
2764 1885 3039 1938 contextu
3089 1887 3196 1939 aut
3223 1900 3295 1940 ex
3343 1884 3482 1955 ipsis
3536 1887 3986 1951 Commentariis

556 1967 617 2024 id
648 1984 758 2025 suo
786 1968 1027 2026 fecerint
1073 1969 1340 2039 arbitrio,
1398 1970 1520 2029 sive
1563 1971 1817 2029 aliorum
1858 1988 2062 2039 suasu,
2114 1972 2217 2045 qui
2331 1965 2573 2037 planum
2616 1967 2769 2023 erit:
2829 1967 3118 2026 interdum
3174 1987 3312 2028 vero
3351 1974 3427 2030 ob
3483 1977 3739 2033 auctoris
3802 1981 3982 2035 nostri

557 2054 690 2112 haec
719 2055 1046 2129 depravata
1074 2055 1259 2113 fuisse
1281 2059 1643 2128 asserebant,
1669 2060 1835 2128 quod
1860 2076 1997 2116 rara
2026 2064 2223 2116 essent
2330 2055 2759 2113 enarrationem
2798 2058 3113 2116 immutare
3135 2076 3253 2117 non
3282 2061 3461 2119 licuit.
3484 2063 3581 2120 Est
3610 2068 3665 2121 et
3688 2066 3797 2120 alia
3814 2083 3983 2137 pecu-

556 2145 828 2202 inventu.
859 2145 983 2217 Ego
999 2149 1203 2202 tamen
1228 2146 1411 2217 vulgo
1450 2163 1548 2204 me
1566 2148 1839 2205 nonnihil
1868 2164 2206 2206 accommo-
2326 2142 2491 2201 liaris
2513 2145 2898 2203 Hebrmorum
2926 2146 3382 2223 phrasis,quam
3410 2168 3522 2208 non
3550 2168 3682 2210 raro
3698 2154 3979 2212 mmulan-

560 2234 707 2292 dare
737 2235 943 2292 debui.
970 2235 1113 2302 Quia
1134 2251 1276 2292 vero
1304 2234 1499 2293 locum
1541 2235 1811 2310 quemvis
1840 2243 2215 2295 ocurrentem
2325 2239 2419 2290 tur
2446 2236 2840 2306 evangelista,
2871 2253 2990 2309 qua
3017 2254 3129 2311 pro
3175 2239 3433 2311 epitheto
3453 2241 3573 2299 sive
3619 2244 3850 2301 nomine
3878 2247 3990 2304 ad-.

551 2323 706 2379 idem
750 2329 978 2391 auctor,
1033 2323 1200 2382 nullo
1242 2325 1639 2397 praetermisso
1684 2326 1766 2383 ita
1798 2327 2097 2399 explanat,
2150 2332 2212 2387 ut
2316 2323 2548 2395 jectivo,
2587 2324 2806 2382 addunt
2832 2325 3163 2397 genitivum
3193 2330 3645 2397 substantivum,
3676 2334 3973 2392 dicentes:

544 2428 925 2488 quacunque
941 2413 1098 2470 circa
1126 2429 1262 2471 eam
1288 2416 1626 2485 materiam,
1648 2420 1752 2473 aut
1778 2416 1938 2472 idem
1955 2432 2207 2486 evange-
2323 2408 2479 2469 Deus
2500 2414 2675 2484 pacis,
2698 2414 3424 2487 misericordiceJustitiw,
3451 2421 3719 2485 ultionis,
3744 2423 3972 2489 hocest,

543 2501 679 2559 [ista
699 2502 818 2559 alio
844 2502 905 2559 in
935 2504 1094 2569 loco,
1121 2507 1226 2559 aut
1249 2505 1443 2559 caeteri
1466 2509 1793 2575 recensent,
1808 2505 2030 2577 pariter
2049 2506 2209 2562 edis-
2320 2501 2618 2572 paciﬁcus,
2652 2501 2993 2569 misericors,
3013 2505 3224 2577 justus,
3277 2505 3553 2563 ulciscens
3587 2528 3598 2562 :
3630 2509 3725 2567 lex
3750 2512 3974 2577 mortis,

544 2595 720 2657 serat,
740 2590 820 2647 ad
837 2591 1285 2664 minimausque
1298 2591 1980 2661 singuloruminterdum
1993 2594 2200 2661 verba,
2320 2587 2378 2643 id
2404 2595 2491 2645 est
2540 2590 2839 2647 mortifera
2869 2593 3024 2659 :ﬁlii
3077 2593 3498 2662 ίηοεκάἱεηιὶω.
3540 2597 3929 2667 ίηοῢθάίθηῐθῆ
3960 2618 3975 2667 ;

551 2679 810 2751 ubigvero
823 2695 951 2736 sese
961 2679 1341 2752 postmodum
1357 2680 1563 2737 eadem
1574 2696 1669 2737 res
1683 2680 1977 2751 obtulerit,
1997 2683 2071 2739 ad
2088 2682 2209 2738 dic-
2307 2678 2503 2746 Ϊῑιάεοτ
2511 2678 2846 2751 iniquitatis
2854 2723 2867 2746 ν
2882 2680 3143 2753 iniquus:
3158 2698 3491 2740 mammona
3504 2687 3854 2759 ίηίφιέίοιίεν
3868 2689 3978 2746 ini-

550 2770 675 2824 tam
711 2769 1261 2840 interpretationem
1289 2769 1466 2824 citato
1479 2769 1650 2839 juxta
1674 2769 2012 2825 Graecorum
2068 2787 2210 2843 sup-
2316 2780 2507 2837 quum
2532 2785 2544 2834 ;
2574 2782 2682 2821 υοω
2697 2767 3022 2839 clamantis,
3049 2770 3317 2827 Clamant!
3338 2790 3352 2837 ;
3376 2772 3644 2830 fortassis
3673 2781 3730 2832 et
3759 2793 3974 2835 merces

543 2857 920 2929 putationem
938 2858 1124 2928 capite
1146 2856 1501 2913 transmittat
1518 2874 1530 2911 :
1546 2858 1765 2913 idcirco
1786 2863 2193 2930 prrestatante-
2314 2854 2669 2925 iniquitatis,
2703 2856 2931 2928 iniqua.
2961 2859 3054 2915 Sic
3077 2860 3255 2915 Iudas
3275 2860 3490 2919 dicitur
3511 2864 3672 2931 ﬁlius
3691 2866 3969 2935 perditio-

543 2961 727 3018 quam
760 2945 1016 3002 auctoris
1033 2945 1217 3000 verba
1233 2945 1657 3015 aggrediamur
1672 2947 2028 3017 praemittere
2045 2947 2200 3002 ordi-
2311 2942 2425 3006 nis,
2460 2941 2565 2997 hoc
2590 2946 2675 2999 est
2703 2943 2977 3016 perditus,
2998 2946 3233 3020 aliaque
3254 2947 3588 3006 innumera.
3622 2953 3683 3008 Id
3713 2954 3973 3025 plerum-

462 3086 473 3092 -
542 3051 679 3091 nem
710 3051 781 3092 ac
819 3049 1139 3090 numerum
1198 3033 1561 3106 singulorum
1589 3034 1845 3106 capitum
1875 3037 2051 3113 modo
2082 3052 2198 3107 quo
2309 3044 2427 3101 que
2465 3029 2777 3089 immutare
2826 3050 2943 3089 non
2986 3034 3148 3091 licuit
3200 3044 3432 3109 prOpter
3487 3042 3739 3097 auctoris
3784 3045 3967 3102 nostri

541 3124 705 3198 apud
731 3125 966 3181 Graecos
993 3123 1274 3180 distincta
1304 3128 1460 3189 sunt,
1493 3139 1675 3196 quem
1703 3129 1760 3179 et
1787 3140 1900 3179 nos
1919 3141 2036 3180 una
2058 3142 2194 3181 cum
2230 3154 2269 3209 ρ
2308 3119 2549 3209 scholia,
2568 3136 2701 3193 qua:
2726 3121 2971 3180 litteram
3002 3140 3101 3194 per
3118 3126 3446 3195 genitivum
3469 3127 3959 3203 interpretantur:

539 3218 780 3271 auctore
826 3214 888 3269 in
957 3218 1162 3269 nostra
1207 3212 1481 3268 versione
1539 3212 1938 3269 servabimus.
1974 3213 2194 3271 Deinde
2242 3206 2267 3209 ’⁷
2304 3206 2592 3265 interdum
2619 3226 2848 3284 quoque
2865 3227 2984 3267 non
3006 3213 3188 3280 libuit,
3216 3217 3377 3287 quod
3416 3219 3577 3290 apud
3605 3236 3812 3278 omnes
3832 3222 3962 3293 jam

534 3305 677 3378 quia
708 3304 766 3360 in
798 3305 1020 3371 Graeco,
1046 3303 1108 3358 in
1137 3301 1295 3375 quod
1328 3300 1668 3365 incidimus,
1688 3302 2027 3373 exemplari,
2055 3319 2191 3359 con-
2301 3296 2441 3352 olim
2468 3298 2586 3354 alia
2621 3304 2859 3372 recepta
2889 3306 3039 3356 esset
3076 3305 3370 3359 sententia.

531 3398 718 3451 textus
743 3392 1046 3463 Evangelii
1072 3406 1197 3447 non
1223 3405 1361 3446 raro
1391 3389 1692 3462 discrepat
1715 3406 1752 3447 a
1771 3394 2072 3448 Novorum
2092 3394 2189 3449 Te-
2368 3386 2454 3441 Ad
2480 3386 2606 3443 haec
2632 3388 2820 3444 solent
2846 3390 3076 3446 Hebrtei
3100 3391 3246 3448 hanc
3280 3393 3591 3451 dictionem
3608 3397 3839 3455 verbum
3855 3404 3959 3457 aut

527 3488 961 3542 stamentorum
1000 3480 1271 3544 editione,
1300 3495 1436 3552 quas
1473 3480 1703 3551 passim
1728 3480 1941 3537 Graecis
1967 3497 2185 3540 excusa
2293 3490 2484 3532 sermo
2514 3492 2624 3547 pro
2648 3493 2710 3532 re
2732 3477 2826 3533 vel
2859 3477 3010 3533 facto
3038 3495 3250 3549 ponere
3284 3498 3296 3536 :
3332 3483 3492 3555 quod
3525 3484 3583 3539 in
3615 3486 3806 3543 Veteri
3835 3489 3960 3560 qui.

525 3573 685 3646 typis
715 3569 1217 3628 circumferuntur
1250 3585 1263 3620 :
1294 3583 1418 3638 quo
1443 3565 1548 3622 ubi
1578 3567 1808 3632 accidit,
1829 3567 2183 3641 plerumque
2293 3564 2427 3619 dem
2441 3565 2815 3621 Testamento
2837 3564 3367 3638 frequentissimum
3385 3576 3491 3637 est,
3515 3578 3580 3628 ut
3596 3591 3725 3629 cum
3746 3575 3958 3634 dicitur

525 3661 833 3717 conformo
862 3662 952 3712 est
995 3655 1295 3727 exemplar
1335 3654 1513 3710 Graeci
1541 3655 1720 3723 hujus
1772 3656 2031 3711 auctoris
2062 3658 2182 3714 edi-
2287 3651 2429 3735 (Isa.
2460 3651 2551 3722 39)
2593 3668 2607 3706 :
2635 3653 2772 3709 Non
2793 3653 2911 3723 fuit
2942 3655 3178 3713 verbum
3209 3659 3369 3730 quod
3395 3677 3512 3716 non
3531 3664 3853 3720 ostendth
3874 3666 3956 3722 eis

522 3748 668 3805 tioni
690 3746 1188 3815 Bibliorum,qum
1218 3742 1501 3797 dominus
1531 3743 1882 3799 Franciscus
1908 3745 2177 3803 Ximeuez
2285 3737 2568 3795 EZCCMGS
2597 3740 2659 3793 in
2693 3741 2858 3796 domo
2885 3757 3016 3807 sua.
3074 3743 3169 3800 ubi
3221 3748 3423 3802 tamen
3483 3749 3656 3821 paulo
3714 3751 3953 3810 inferius

2345 1167 2570 1225 Hebrmi
2599 1185 2996 1241 saepenumero
3022 1171 3339 1228 collocant:
3368 1175 3527 1247 quod
3556 1176 3733 1233 etiam
3760 1195 3995 1254 evange-

2343 1255 2490 1313 lista:
2516 1273 2630 1314 non
2661 1274 2795 1345 raro
2852 1260 3126 1327 fecerunt,
3174 1279 3276 1318 nec
3329 1264 3487 1319 solus
3543 1265 3866 1335 Matthteus,
3898 1273 3993 1345 qui

2345 1346 2529 1416 patria
2571 1342 2806 1420 scripsit
2841 1349 3061 1421 lingua,
3118 1351 3226 1406 hoc
3270 1357 3357 1408 est
3394 1354 3650 1420 Hebraea,
3683 1358 3783 1412 sed
3809 1362 3863 1414 et
3890 1342 3993 1416 cie-

520 3835 1009 3907 archiepiscopus
1033 3832 1178 3888 olim
1214 3830 1549 3897 Toletanus,
1564 3846 1634 3887 ac
1655 3832 1711 3887 S.
1731 3831 1801 3886 Η.
1832 3832 2174 3893 E.cardina-

515 3926 606 3993 lis,
634 3924 943 3981 immensis
973 3920 1328 3992 sumptibus,
1373 3920 1683 3977 laboribus
1699 3937 1770 3977 ac
1791 3921 2026 3993 vigiliis,
2053 3938 2175 3981 ma-

513 4016 680 4072 xima
699 4029 838 4069 cum
863 4010 1169 4081 diligentia
1219 4009 1505 4081 compluti
1539 4010 1764 4067 curavit
1792 4010 2005 4066 nostris
2029 4015 2175 4068 tem-

515 4103 763 4176 poribus
789 4100 971 4157 variis
999 4098 1222 4168 linguis
1266 4097 1615 4154 excudenda
1643 4114 1657 4154 :
1691 4098 1886 4154 accitis
1916 4098 2172 4171 undique

513 4201 805 4251 terrarum
833 4196 956 4246 tum
978 4187 1117 4244 viris
1146 4188 1207 4243 in
1222 4188 1566 4256 linguarum
1591 4186 1928 4256 cognitione
1952 4187 2167 4245 doctis-

508 4285 694 4351 simis,
735 4286 864 4339 tum
903 4277 1348 4351 exemplaribus
1389 4274 1868 4345 castigatissimis
1911 4291 1981 4332 ac
2004 4281 2167 4333 vetu-

505 4373 800 4438 stissimis,
862 4369 956 4426 vel
1002 4368 1080 4426 ab
1148 4366 1283 4438 ipsa
1361 4365 1573 4421 Leonis
1650 4365 1696 4420 X
1764 4364 2159 4429 Bibliotheca,

2286 3825 2649 3900 subsequitur
2679 3844 2692 3883 :
2753 3830 2890 3886 Non
2925 3832 3051 3902 fuit
3083 3848 3175 3890 res
3217 3851 3388 3904 quam
3429 3838 3749 3897 ostenderet
3780 3843 3861 3898 eis
3891 3843 3950 3898 in

2283 3914 2570 3973 thesauris
2600 3919 2771 3975 meis.
2800 3921 2867 3975 Et
2912 3920 3049 3977 alibi
3080 3921 3306 3993 (llReg.
3360 3926 3400 3996 ι)
3439 3943 3577 3983 cum
3618 3929 3701 3984 ait
3764 3930 3947 3987 David

2281 4017 2484 4074 puero,
2516 4005 2699 4077 quiex
2720 4007 2929 4063 castris
2950 4007 3126 4063 Israel
3146 4026 3206 4064 se
3258 4009 3476 4082 fugisse
3497 4013 3744 4072 dicebat.
3782 4017 3946 4086 Quod

2280 4097 2360 4148 est
2383 4092 2618 4149 verbum
2649 4095 2805 4165 quod
2830 4095 3060 4164 factum
3075 4104 3158 4154 est
3180 4099 3208 4154 ?
3235 4099 3439 4158 indica
3465 4104 3617 4159 mihi
3649 4120 3663 4171 ;
3692 4111 3747 4161 et
3776 4106 3946 4163 innu-

2277 4180 2441 4236 meris
2466 4181 2591 4237 aliis
2648 4183 2707 4237 in
2760 4183 2924 4239 locis.
2957 4185 3105 4241 Idem
3138 4185 3195 4241 in
3225 4189 3386 4244 Novo
3456 4207 3698 4265 quoque
3742 4197 3944 4253 Testa-

2275 4274 2469 4326 mento
2523 4271 2740 4342 passim
2768 4272 2958 4344 (Marci
2991 4290 3031 4339 ι,
3066 4274 3185 4330 Luc
3217 4292 3252 4341 I,
3300 4292 3360 4345 ιι,
3412 4278 3489 4350 ιν)
3518 4296 3627 4335 usu
3660 4283 3837 4350 venit,
3874 4289 3943 4341 ut

2273 4373 2405 4414 cum
2458 4359 2722 4431 leprosus
2772 4365 3008 4416 curatus
3058 4362 3467 4422 disseminasse
3532 4370 3742 4427 dicitur
3794 4373 3935 4429 Ser-

501 4463 657 4520 vela
682 4462 1047 4518 Venetorum
1072 4459 1286 4511 senatu
1323 4452 1708 4517 transmissis,
1756 4454 2158 4548 aut-aliunde,
2191 4486 2236 4541 Β
2270 4462 2533 4548 manem...
2559 4450 2626 4548 ξι
2663 4448 3151 4548 ⁸ἤθειυεειιῐίεδεὶξιιει
3179 4456 3584 4548 apud-Lucam
3614 4476 3632 4529 ;
3660 4460 3793 4516 Non
3823 4465 3939 4518 erit

498 4549 666 4607 nulla
694 4560 1095 4620 expensarum
1113 4558 1218 4598 seu
1242 4541 1521 4598 laborum
1548 4540 1756 4597 habita
1776 4540 2002 4599 ratione
2028 4558 2159 4598 con-

496 4637 756 4712 quisitis.
803 4638 883 4690 Ne
928 4632 1065 4705 quis
1124 4645 1267 4700 ergo
1306 4629 1761 4698 Evangeliorum
1816 4632 2157 4699 contextum

494 4743 605 4783 nos
632 4731 856 4782 temere
877 4722 1232 4777 immutasse
1252 4719 1570 4781 existimet,
1598 4717 1727 4773 loca
1758 4717 2157 4789 discrepantia

492 4815 910 4873 adnotavimus
939 4827 952 4865 :
985 4824 1334 4880 quanquam
1373 4807 1713 4879 frequenter
1732 4822 1826 4862 res
1852 4808 1926 4865 sit
1954 4809 2153 4879 exigui

489 4904 799 4967 momenti,
833 4916 966 4972 quae
984 4898 1305 4954 dissidium
1337 4895 1534 4952 faciat.
1598 4894 1697 4951 Ubi
1730 4900 1934 4952 autem
1984 4899 2153 4952 Com-

485 4995 750 5067 plutense
780 4992 891 5047 hoc
928 4987 1298 5045 citaverimus
1353 4984 1673 5057 exemplar,
1733 4988 1996 5042 Griecum
2066 4988 2152 5045 in-

483 5084 799 5153 telligimus
854 5082 1193 5134 contextum
1254 5090 1369 5130 non
1428 5074 1695 5131 Latinum
1763 5090 1903 5133 nam
1937 5076 1996 5130 in
2035 5075 2149 5132 hoc

485 5171 627 5228 nihil
657 5187 694 5227 a
721 5168 976 5237 Vulgata
1006 5164 1264 5221 editione
1288 5164 1661 5219 immutatum
1716 5168 1819 5219 est.
1878 5166 2055 5219 Porro
2088 5164 2145 5225 in

480 5260 702 5335 quibus
728 5256 1015 5313 dissideat
1044 5253 1299 5325 Vulgata
1343 5252 1522 5308 editio
1563 5251 1635 5308 ab
1679 5252 1970 5309 universis
1996 5252 2145 5309 Grae-

477 5365 685 5405 corum
729 5344 1198 5417 exemplaribus,
1230 5359 1302 5398 ex
1350 5341 1596 5399 aliorum
1623 5347 1739 5398 tum
1769 5340 2145 5397 versionibus

475 5445 604 5495 tum
636 5434 1146 5504 adnotationibus,
1186 5432 1355 5489 facile
1386 5431 1577 5487 cuivis
1610 5432 1976 5502 perspicuum
2014 5430 2139 5485 erit.

473 5530 755 5584 Pristerea
785 5540 859 5581 ne
881 5523 1017 5596 quis
1056 5521 1327 5594 protinus
1359 5520 1696 5590 Vulgatam,
1728 5519 1843 5575 hac
1880 5518 1942 5575 in
1972 5523 2141 5589 parte

474 5616 716 5674 damnet
740 5614 1075 5677 editionem,
1108 5611 1274 5684 quod
1304 5626 1377 5667 ea
1396 5624 1528 5681 quae
1554 5608 1752 5664 Graece
1770 5622 1874 5679 per
1901 5611 2140 5679 tempus

2267 4536 2628 4606 impossibile
2643 4538 2760 4594 Deo
2785 4554 2943 4595 omne
2957 4539 3209 4597 verbum.
3252 4542 3554 4602 Videamus
3573 4547 3683 4604 hoc
3697 4550 3936 4611 verbum

2265 4626 2423 4696 quod
2437 4625 2670 4695 factum
2698 4633 2803 4683 est.
2834 4658 2902 4667 —
2929 4628 3094 4694 Quod
3110 4637 3192 4687 est
3211 4630 3314 4688 hoc
3343 4634 3597 4701 verbum,
3618 4639 3772 4713 quod
3801 4656 3933 4698 cum

2264 4715 2601 4770 auctoritate
2629 4729 2699 4771 ac
2719 4722 3004 4784 potestate
3031 4718 3285 4788 imperat
3314 4723 3616 4792 spiritibus
3648 4730 3676 4781 ?
3698 4729 3766 4781 Et
3794 4728 3932 4784 alibi

2262 4801 2625 4874 frequenter.
2676 4804 2861 4870 Quam
2893 4810 3097 4861 tamen
3124 4807 3493 4867 Hebraeorum
3530 4814 3794 4885 phrasim
3826 4834 3930 4873 au-

2261 4897 2386 4948 ctor
2416 4896 2614 4948 noster
2636 4892 2979 4965 plerumque
3020 4912 3135 4952 non
3168 4898 3391 4955 videtur
3424 4901 3923 4976 animadvertisse,

2260 4979 2404 5035 sicut
2425 4996 2532 5036 nec
2564 4982 2982 5052 praecedentem
3010 5003 3021 5039 ε
3042 4986 3206 5057 quod
3228 4987 3506 5045 llebraice
3521 5008 3633 5046 non
3665 4993 3923 5068 calleret,

2259 5071 2359 5125 sed
2389 5074 2616 5126 tantum
2645 5071 2859 5127 Greece.
2886 5075 3075 5146 Atque
3103 5076 3174 5133 ob
3194 5076 3248 5132 id
3280 5095 3514 5153 quoque
3545 5082 3735 5139 citans
3757 5086 3926 5159 quip-

2256 5159 2415 5231 piam
2428 5176 2498 5216 ex
2512 5159 2700 5216 Veteri
2715 5163 3111 5233 Testamento,
3128 5181 3359 5238 semper
3366 5169 3528 5238 juxta
3541 5171 3925 5246 Septuaginta

2253 5248 2469 5319 profert
2486 5248 2851 5320 Interpretes.
2873 5249 3161 5308 Caeterum
3192 5255 3295 5309 etsi
3312 5260 3530 5313 cunctis
3548 5261 3921 5322 manifestum

2253 5337 2324 5393 sit
2336 5353 2431 5393 me
2445 5337 2822 5409 interpretem
2838 5345 3067 5398 tantum
3082 5345 3530 5418 agere,nihilque
3543 5351 3703 5422 quod
3717 5367 3919 5411 meum

2250 5425 2321 5480 sit
2350 5427 2539 5492 edere,
2575 5427 2694 5482 sive
2748 5427 2890 5482 illud
2935 5431 3388 5501 approbandum
3443 5437 3535 5502 sit,
3569 5438 3689 5494 sive
3718 5456 3917 5511 repro-

2250 5513 2522 5570 bandum
2566 5532 2577 5570 :
2612 5530 2687 5571 ne
2715 5516 2850 5589 quis
2913 5523 3112 5575 tamen
3144 5520 3298 5577 hunc
3328 5529 3629 5583 auctorem
3668 5528 3917 5586 minoris

2251 5604 2446 5672 faciat,
2477 5604 2640 5677 quod
2669 5621 2784 5662 uno
2812 5609 2919 5665 aut
2949 5609 3125 5666 altero
3156 5611 3372 5670 inloco
3410 5632 3448 5674 a
3475 5594 3782 5675 communi
3807 5621 3916 5678 La-
