4180 6480
274 372 344 433 ,δ
1790 383 2183 448 passuro.
3627 419 3694 479 t6

273 500 540 557 tinorum
575 503 980 575 theologorum
1005 503 1282 576 Opinione
1301 505 1608 566 dissentire
1629 510 1924 577 videatur,
1963 518 2009 571 Α
2039 533 2153 588 que
2180 535 2294 578 esse
2316 523 2630 584 subsistens
2656 528 2824 588 habet
2861 547 2936 590 ea:
2967 531 3146 594 Patre
3171 535 3352 595 simul
3389 549 3446 598 et
3499 545 3688 602 Filio:

273 590 789 660 quemadmodum
805 598 861 647 et
887 592 978 646 alii
1001 592 1186 649 Graeci
1211 613 1224 647 :
1254 612 1470 668 nempe
1493 597 1567 651 de
1589 599 1684 654 die
1709 601 1930 656 mensis

274 691 390 746 quo
421 676 678 733 Christus
710 679 1025 750 mysticam
1058 681 1442 740 celebraverit
1481 687 1746 755 Coenam,
1774 694 1830 742 et
1854 689 1928 744 de

269 761 566 820 bonorum
592 781 662 821 ac
678 766 974 823 malorum
991 769 1378 828 retributione
1399 789 1652 844 operum
1680 795 1691 834 :
1730 780 1928 833 utrum

270 851 466 907 statim
498 856 844 927 acujusque
879 864 1060 912 morte
1096 858 1220 922 ﬁat,
1254 873 1332 915 an
1389 862 1465 916 ad
1526 863 1686 919 diem
1740 879 1927 936 usque

265 944 553 1014 postremi
561 943 770 1012 judicii
785 943 1373 1018 diﬂ‘eratur,quemad
1383 951 1628 1006 modum
1643 953 1784 1008 olim
1800 969 1922 1009 sen-

263 1029 691 1086 seruntGraeci.
727 1033 806 1088 De
836 1031 1052 1105 Spiritu
1082 1042 1545 1109 sanctoquoque
1559 1040 1717 1110 quod
1743 1057 1778 1095 a
1797 1041 1927 1097 solo

263 1119 446 1177 Patre
465 1122 768 1191 procedat,
793 1123 899 1177 etsi
913 1122 973 1177 id
985 1139 1286 1196 nusquam
1303 1125 1462 1182 dicat
1485 1134 1686 1183 auctor
1705 1135 1922 1196 noster,

260 1208 425 1264 idem
454 1213 659 1264 tamen
687 1225 826 1266 cum
855 1212 1080 1266 caeteris
1105 1213 1321 1268 Graecis
1352 1215 1613 1270 sensisse
1668 1217 1920 1282 videtur,

263 1312 406 1352 cum
435 1296 620 1352 semel
653 1302 830 1369 atque
861 1298 1073 1356 iterum
1113 1301 1272 1356 dicat
1304 1302 1471 1359 illum
1513 1320 1548 1360 a
1585 1307 1752 1360 Patre
1794 1322 1924 1378 pro-

264 1385 500 1452 cedere,
533 1385 697 1443 nulla
726 1387 847 1442 Filii
901 1389 1055 1445 facta
1085 1390 1411 1447 mentione.
1451 1395 1515 1448 Et
1565 1409 1922 1467 quanquam

267 1475 810 1546 priedictisinlocis,
840 1477 1154 1548 marginali
1179 1479 1665 1537 adnotatiuncula
1696 1488 1750 1538 te
1776 1499 1922 1554 prie-

263 1563 677 1630 munierimus,
727 1565 978 1621 candide
1026 1566 1206 1623 lector
1240 1584 1252 1621 :
1287 1568 1366 1623 ob
1402 1568 1525 1625 duo
1564 1575 1764 1626 tamen
1818 1572 1920 1629 illa

259 1652 596 1722 posteriora
640 1652 740 1708 tibi
772 1655 1270 1726 perpendendum
1319 1661 1424 1722 est,
1489 1661 1654 1730 quod
1710 1665 1919 1717 auctor

256 1745 464 1796 noster
486 1741 687 1797 multis
720 1743 927 1813 procul
951 1744 1140 1800 dubio
1178 1745 1349 1801 annis
1389 1751 1658 1818 tempora
1687 1749 1915 1806 concilii

2039 612 2091 661 et
2116 622 2193 663 ex
2209 616 2452 684 utroque
2473 621 2838 679 aeternaliter
2859 629 3136 696 tanquam
3171 629 3247 685 ab
3268 645 3381 686 uno
3391 636 3688 704 principio

2039 701 2092 749 et
2109 699 2278 795 unica
2289 703 2617 769 spiratione
2627 711 2897 776 procedit.
2912 715 3287 774 Declarantes
3299 699 3449 790 quod
3460 724 3522 776 id
3531 699 3691 795 quod

2037 788 2225 841 sancti
2233 788 2498 848 doctores
2511 802 2565 850 et
2589 798 2797 854 Patres
2811 800 3039 869 dicunt,
3056 819 3125 859 ea:
3141 788 3324 864 Patre
3343 826 3453 878 per
3461 788 3686 872 Filium

2034 877 2347 939 procedere
2373 879 2659 948 Spiritum
2669 894 2953 952 sanctum,
2975 892 3054 945 ad
3075 894 3232 950 hanc
3248 877 3684 970 intelligentiam

2037 964 2240 1026 tendit,
2261 973 2326 1021 ut
2345 970 2573 1034 per/mc
2589 974 2950 1045 signiﬁcetur
2975 979 3190 1037 Filium
3205 964 3580 1056 quoque-esse
3598 1007 3686 1048 se-

2036 1052 2285 1108 cundum
2307 1057 2534 1114 Graecos
2561 1062 2796 1130 quidem
2821 1079 3085 1134 causam,
3106 1052 3416 1130 secundum
3445 1079 3684 1137 Latinos

2035 1153 2171 1195 vero
2183 1145 2546 1213 principium
2567 1149 2956 1210 subsistentiis
2971 1159 3232 1225 Spiritus
3249 1165 3442 1218 sancti
3464 1167 3617 1222 sicut
3629 1175 3684 1224 et

2033 1227 2290 1286 Patrem.
2317 1233 2393 1287 Et
2416 1238 2697 1304 quoniam
2739 1243 2938 1298 omnia
2963 1259 3096 1315 quae
3135 1247 3332 1305 Patris
3367 1260 3523 1318 sunt,
3558 1256 3682 1323 ipse

2030 1315 2206 1410 Pater
2217 1322 2517 1391 unigenito
2539 1325 2693 1383 Filio
2705 1344 2810 1384 suo
2820 1333 3113 1400 gignendo
3140 1337 3316 1402 dedit,
3333 1315 3552 1410 praeter
3564 1315 3685 1402 esse

2031 1404 2265 1496 Patrem
2276 1452 2289 1476 ,
2311 1410 2419 1467 hoc
2433 1414 2618 1480 ipsum
2631 1419 2791 1487 quod
2801 1420 3063 1488 Spiritus
3074 1432 3318 1481 sanctus
3332 1404 3592 1496 procedit
3607 1449 3682 1490 ea:

2030 1494 2196 1560 Filio,
2227 1501 2346 1565 ipse
2374 1501 2567 1591 Filius
2607 1520 2644 1560 a
2691 1506 2868 1562 Patre
2893 1514 3260 1569 aeternaliter
3284 1494 3473 1584 habet,
3507 1536 3543 1576 a
3568 1537 3677 1591 quo

2029 1587 2385 1642 eternaliter
2409 1590 2582 1647 etiam
2605 1595 2834 1664 genitus
2857 1603 2960 1653 est.
2989 1599 3308 1669 Deﬁnimus
3325 1587 3677 1674 insuperexs

2025 1672 2393 1740 plicationem
2422 1679 2656 1737 illorum
2691 1684 3016 1752 verborum,
3066 1689 3347 1764 Filioque,
3408 1672 3676 1754 veritatis

2025 1760 2406 1820 declaranda!
2418 1771 2621 1837 gratia
2643 1777 2696 1825 et
2721 1774 3056 1831 imminente
3069 1782 3210 1834 tunc
3227 1760 3580 1851 necessitate,
3606 1787 3669 1842 li-

259 1827 572 1884 Florentini
630 1833 1034 1902 praecesserit:
1087 1833 1148 1888 in
1185 1849 1309 1906 quo
1375 1826 1671 1904 Eugenius
1721 1839 1916 1894 Ponti-
1947 1866 1988 1920 Β
2024 1849 2140 1905 cite
2171 1867 2242 1906 ac
2264 1826 2695 1914 rationabiliter
2722 1826 3207 1933 symbolovt'uisse

259 1916 348 1940 ι’-..
393 1917 458 1940 ιυ
526 1919 916 1940 --μηιεωμ
1377 1923 1414 1940 η
1541 1930 1553 1940 .
1648 1926 1680 1940 ..
1854 1926 1888 1940 ..
2027 1936 2036 1940 -
2097 1937 2111 1940 _

256 1916 351 1972 fex
392 1917 477 1983 ιν,
520 1919 923 1975 consentiente
985 1922 1343 1994 imperatore
1375 1923 1916 1997 Constantinopoli-

256 2009 422 2074 tano,
452 2011 508 2062 et
532 2007 665 2063 loca
687 2009 1025 2064 tenentibus
1051 2012 1914 2088 patriarcharum,caeterisque

258 2094 583 2150 Ecclesiam
616 2096 976 2152 Orientalem
1012 2101 1584 2168 repraesentantibus,
1620 2117 1779 2158 anno
1809 2106 1913 2160 Ι)ορ

256 2181 494 2236 minicas
524 2183 958 2238 lncarnationis
1007 2185 1163 2250 “39,
1194 2186 1382 2257 pridie
1409 2191 1608 2244 Nonas
1637 2189 1790 2255 Julii,
1822 2193 1911 2246 sui

255 2269 640 2338 pontiﬁcatus
663 2285 822 2326 anno
850 2285 1030 2337 nono,
1053 2271 1277 2328 litteras
1302 2281 1521 2330 sancte
1552 2276 1710 2333 dedit
1743 2278 1910 2333 unio-

250 2355 370 2421 nis,
411 2356 630 2429 quibus
659 2359 923 2431 pradicti
943 2376 1152 2416 omnes
1191 2378 1300 2419 sua
1326 2365 1577 2420 nomina
1613 2365 1910 2438 subscrip-

250 2451 479 2510 serunt,
511 2446 641 2502 haac
662 2447 814 2503 inter
833 2451 1048 2505 cratera
1088 2451 1480 2507 continentes.

318 2535 736 2591 Convenientes
763 2537 965 2594 Latini
981 2543 1038 2594 et
1061 2539 1253 2595 Graeci
1276 2540 1338 2595 in
1369 2540 1480 2596 hac
1524 2551 1906 2601 sacrosancta

246 2623 866 2693 atcumenicasynodo,
899 2641 1114 2698 magno
1141 2628 1339 2684 studio
1354 2630 1603 2687 invicem
1631 2631 1724 2687 usi
1740 2639 1903 2696 sunt,

246 2715 310 2764 ut
331 2711 487 2766 inter
513 2712 632 2768 alia
655 2713 838 2769 etiam
859 2716 1158 2771 articulus
1183 2717 1288 2773 ille
1310 2717 1384 2774 de
1409 2718 1615 2775 divina
1638 2720 1904 2790 Spiritus

247 2800 439 2855 sancti
453 2801 842 2868 processione,
857 2818 1086 2860 summa
1105 2821 1228 2861 cum
1244 2806 1558 2878 diligentia
1582 2814 1638 2864 et
1665 2810 1904 2865 assidua

247 2885 618 2957 inquisitione
633 2890 1034 2948 discuteretur.
1052 2893 1302 2950 Prolatis
1319 2911 1449 2950 vero
1470 2897 1810 2953 testimoniis
1827 2914 1903 2956 ea:

252 2974 461 3030 divinis
474 2979 916 3050 Scripturis,plu
923 2983 1202 3053 rimisque
1211 2985 1899 3043 auctomtatibussancto-

253 3076 384 3118 rum
407 3063 690 3122 doctorum
719 3067 1116 3126 Orientalium
1156 3077 1209 3127 et
1248 3071 1715 3130 Occidentalium
1746 3092 1758 3130 :
1787 3077 1897 3132 ali-

249 3150 454 3220 quibus
465 3155 686 3224 quidem
719 3171 788 3212 ea:
812 3159 988 3214 Patre
1011 3165 1064 3214 et
1085 3159 1261 3225 Filio,
1291 3162 1642 3232 quibusdam
1670 3180 1806 3220 vero
1823 3179 1898 3222 ea:

245 3238 422 3296 Patre
428 3257 528 3312 per
547 3243 774 3300 Filium
784 3247 1088 3315 procedere
1097 3248 1429 3305 dicentibus
1445 3251 1742 3320 Spiritum
1760 3268 1895 3310 san-

244 3333 427 3395 ctum,
443 3336 495 3385 et
510 3332 589 3386 ad
608 3333 865 3389 eamdem
879 3334 1331 3405 intelligentiam
1349 3341 1759 3406 aspicientibus
1775 3359 1893 3400 om—

244 3418 424 3471 nibus
437 3419 544 3472 sub
564 3419 804 3476 diversis
824 3421 1136 3478 vocabulis.
1159 3426 1351 3481 Graeci
1375 3429 1607 3497 quidem
1639 3446 1892 3488 asserue-

245 3511 392 3559 runt
416 3507 572 3574 quod
587 3507 643 3562 id
657 3508 804 3578 quod
821 3508 1029 3566 dicunt
1050 3511 1334 3580 Spiritum
1346 3523 1615 3573 sanctum
1631 3533 1706 3574 ea:
1715 3520 1894 3579 Patre

238 3593 576 3662 procedere,
598 3611 717 3651 non
747 3597 855 3652 hac
881 3604 1070 3655 mente
1087 3602 1450 3672 proferrent,
1483 3609 1548 3659 ut
1573 3607 1890 3666 excludant

236 3679 485 3746 Filium,
516 3685 618 3739 sed
655 3685 796 3757 quia
835 3686 916 3742 eis
960 3688 1284 3753 videbatur,
1335 3699 1401 3746 ut
1425 3695 1618 3762 aiunt,
1654 3697 1891 3753 Latinos

234 3783 494 3826 asserere
507 3771 795 3842 Spiritum
812 3782 1082 3834 sanctum
1103 3793 1179 3834 ex
1197 3780 1378 3837 Patre
1403 3783 1676 3856 Filioque
1694 3803 1890 3856 proce-

234 3857 391 3925 dere,
413 3866 697 3932 tanquam
718 3877 792 3919 ea:
815 3865 1036 3921 duobus
1049 3867 1360 3940 principiis
1379 3876 1432 3926 et
1452 3872 1678 3930 duabus
1699 3877 1889 3946 spira-

234 3948 506 4017 tionibus,
541 3952 668 4008 ideo
688 3951 1093 4010 abstinuerunt
1111 3971 1149 4011 a
1177 3957 1420 4013 dicendo
1454 3963 1601 4032 quod
1624 3962 1887 4032 Spiritus

231 4041 474 4094 sanctus
503 4054 576 4096 ea:
599 4041 774 4097 Patre
803 4043 1075 4110 procedat
1125 4058 1198 4100 ex
1252 4046 1411 4102 Filio
1439 4067 1461 4102 ,ο
1519 4051 1711 4107 Latini
1754 4069 1886 4110 vero

229 4125 688 4196 afﬁrmaverunt
701 4145 821 4185 non
833 4146 893 4186 se
909 4131 1023 4187 hac
1034 4139 1223 4188 mente
1238 4135 1732 4206 dicereSpiritum
1746 4157 1886 4198 san-

231 4222 384 4271 ctum
409 4231 484 4273 ea:
505 4217 669 4273 Filio
683 4219 1011 4288 procedere,
1036 4226 1104 4276 ut
1124 4223 1440 4279 excludant
1459 4225 1718 4292 Patrem,
1739 4233 1884 4302 quin

224 4304 298 4359 sit
323 4305 460 4372 fons
489 4321 564 4362 ac
585 4308 946 4377 principium
972 4311 1150 4364 totius
1182 4310 1439 4378 Deitatis,
1474 4315 1618 4372 Filii
1664 4319 1885 4377 scilicet

223 4398 277 4448 et
303 4393 560 4465 Spiritus
585 4395 794 4459 sancti,
822 4403 928 4452 aut
943 4398 1098 4468 quod
1120 4399 1186 4454 id
1195 4400 1350 4470 quod
1369 4403 1632 4471 Spiritus
1652 4416 1883 4466 sanctus

219 4483 484 4550 procedit
516 4499 592 4540 ea:
618 4485 802 4550 Filio,
833 4485 1027 4541 Filius
1057 4501 1094 4543 a
1122 4489 1308 4545 Patre
1344 4507 1466 4547 non
1497 4493 1730 4562 habeat,
1762 4501 1884 4555 sive

219 4572 375 4640 quod
388 4571 502 4627 duo
526 4577 750 4643 ponant
759 4574 1062 4644 principia
1084 4590 1182 4632 seu
1204 4577 1350 4635 duas
1377 4558 1745 4649 spirationes,
1785 4589 1881 4643 sed
1913 4558 1956 4612 θ

219 4664 285 4713 ut
299 4675 484 4716 unum
499 4667 726 4718 tantum
741 4676 986 4719 asseran
996 4670 1019 4717 t
1033 4679 1150 4720 esse
1160 4668 1516 4736 principium
1533 4673 1881 4747 unicamque

215 4749 373 4816 spira
381 4749 596 4806 tionem
618 4750 888 4818 Spiritus
903 4752 1108 4817 sancti,
1125 4761 1305 4822 prout
1327 4757 1608 4816 hactenus
1624 4778 1880 4820 asserue-

213 4843 391 4893 runt:
422 4845 480 4896 et
510 4854 651 4895 cum
674 4853 747 4895 ex
765 4839 856 4896 his
875 4841 1142 4896 omnibus
1173 4858 1320 4899 unus
1341 4849 1394 4901 et
1420 4847 1572 4904 idem
1609 4851 1881 4910 eliciatur

212 4927 480 4984 veritatis
509 4942 736 4990 sensus,
760 4929 990 4985 tandem
1020 4931 1083 4985 in
1113 4931 1278 5000 infra
1305 4934 1592 5005 scriptam
1622 4949 1877 4998 sanctam

210 5015 323 5070 Deo
371 5017 696 5074 amabilem
721 5016 913 5072 eodem
961 5031 1130 5073 sensu
1152 5020 1458 5092 eademque
1481 5035 1675 5083 mente
1712 5032 1878 5086 unio-

211 5119 359 5170 nem,
384 5105 764 5161 unanimiter
777 5107 1223 5164 concordarunt
1252 5115 1308 5166 et
1338 5121 1758 5172 consenserunt
1773 5136 1792 5181 ;
1815 5120 1873 5173 in

206 5194 440 5252 nomine
468 5197 668 5266 igitur
711 5201 923 5251 sanctae
969 5195 1294 5262 Trinitatis,
1331 5201 1532 5258 Patris
1569 5207 1625 5259 et
1651 5206 1793 5262 Filii
1820 5216 1875 5263 et

207 5281 466 5350 Spiritus
477 5283 701 5348 sancti,
717 5283 826 5339 hoc
836 5298 1005 5340 sacro
1019 5287 1351 5344 universali
1360 5292 1733 5359 approbante
1744 5296 1875 5352 Flo-

205 5374 440 5429 rentino
487 5373 663 5430 conci
671 5372 750 5428 lio
778 5371 1105 5442 deﬁnimus,
1133 5379 1196 5430 ut
1241 5377 1359 5432 hac
1381 5379 1522 5446 ﬁdei
1549 5382 1763 5439 veritas
1802 5385 1872 5440 ab

209 5461 468 5517 omnibus
497 5460 868 5518 Christianis
890 5461 1166 5518 credatur
1191 5472 1246 5520 et
1274 5467 1643 5536 suscipiatur,
1675 5471 1872 5544 sicque

214 5561 400 5606 omnes
425 5551 833 5621 proﬁteantur
854 5564 866 5604 :
897 5551 1049 5622 quod
1070 5551 1332 5622 Spiritus
1345 5562 1584 5612 sanctus
1597 5573 1673 5615 ea:
1687 5560 1872 5618 Patre

216 5643 264 5690 et
285 5638 436 5694 Filio
465 5638 835 5695 wternaliter
860 5644 960 5710 est,
1002 5646 1057 5697 et
1111 5643 1408 5698 essentiam
1458 5660 1648 5710 suam,
1678 5664 1870 5707 suum-

2022 1936 2177 1993 infra
2201 1939 2276 1994 de
2299 1956 2548 2012 operum
2575 1947 2958 2006 retributione
3005 1936 3324 2027 subjungit‘
3348 1977 3360 2014 :
3395 1961 3671 2022 Illorum-

2020 2041 2133 2095 que
2154 2029 2386 2085 animas
2405 2035 2504 2102 qui
2509 2042 2634 2104 post
2657 2035 2944 2105 baptisma
2956 2051 3280 2113 susceptum
3302 2051 3530 2108 nullam
3553 2069 3672 2110 om-

2020 2115 2160 2170 nino
2188 2121 2412 2186 peccati
2435 2125 2729 2180 maculam
2747 2126 3147 2197 incurrerunt,
3178 2135 3319 2191 illas
3341 2141 3516 2196 etiam
3542 2158 3666 2213 qua

2019 2208 2146 2268 post
2161 2211 2762 2278 contractampeccati
2779 2219 3097 2289 maculam,
3120 2223 3213 2277 vel
3233 2224 3287 2277 in
3320 2228 3434 2281 suis
3467 2208 3668 2300 corpo-

2019 2289 2203 2355 ribus,
2230 2295 2321 2348 vel
2344 2296 2556 2352 eisdem
2583 2308 2768 2356 exutae
2783 2307 3145 2376 corporibus,
3178 2312 3238 2365 in
3262 2317 3442 2382 pa'nis
3460 2289 3673 2388 purga—

2020 2380 2179 2444 torii,
2202 2389 2377 2450 prout
2407 2387 2678 2453 superius
2721 2388 2938 2448 dictum
2965 2401 3066 2459 est,
3111 2380 3670 2474 sunt'purgathin

2016 2469 2220 2524 caelum
2249 2485 2390 2528 mox
2412 2474 2616 2544 recipi,
2649 2481 2699 2533 et
2713 2478 2936 2536 intueri
2954 2483 3121 2540 clare
3142 2486 3330 2555 ipsum
3356 2469 3543 2549 Deum
3560 2469 3670 2552 Vtri-

2014 2571 2156 2612 num
2171 2565 2230 2614 et
2251 2573 2434 2616 unum
2457 2563 2629 2619 sicuti
2637 2572 2736 2631 est,
2755 2569 3101 2629 meritorum
3121 2581 3318 2633 tamen
3333 2579 3670 2643 diversitate

2013 2643 2200 2701 alium
2228 2648 2348 2703 alio
2370 2651 2705 2720 perfectius.
2727 2655 2972 2716 Illorum
2989 2667 3183 2720 autem
3203 2668 3447 2736 animas,
3477 2674 3581 2744 qui
3605 2675 3665 2731 in

2011 2734 2240 2790 actuali
2260 2739 2504 2794 mortali
2519 2749 2760 2809 peccato
2783 2747 2868 2801 vel
2891 2750 3015 2804 solo
3043 2754 3336 2823 originali
3355 2734 3656 2830 decedunt,

2011 2837 2152 2878 mox
2168 2825 2228 2879 in
2246 2826 2448 2893 infern
2457 2834 2758 2899 um,pcenis
2769 2840 2956 2892 tamen
2970 2838 3300 2910 disparibus
3308 2825 3663 2914 puniendos.

2011 2908 2188 2965 Porro
2211 2912 2281 2967 de
2305 2915 2509 3005 prima
2539 2917 2638 2974 illa
2694 2920 3029 2981 diversitate
3062 2908 3183 2983 diei
3231 2908 3352 3005 quo
3398 2908 3662 2996 Christus

2009 3012 2231 3066 agnum
2269 3003 2614 3072 paschalem
2642 3009 2845 3075 ederit,
2873 3016 2930 3067 et
2958 3014 3032 3069 dc
3057 3031 3128 3072 eo
3158 3003 3280 3090 quo
3335 3039 3442 3096 pro
3481 3029 3657 3084 nobis
3761 3011 3764 3016 l

2008 3092 2274 3143 mortuus
2299 3090 2391 3156 sit,
2412 3091 2592 3166 longa
2618 3111 2855 3170 semper
2874 3100 2984 3159 fuit
3026 3103 3176 3162 inter
3215 3090 3446 3168 Graecos
3476 3121 3531 3171 et
3557 3118 3658 3174 La-

1929 3215 1969 3272 c
2008 3175 2160 3272 tinos
2179 3180 2498 3245 contentio,
2516 3183 2852 3243 dicentibus
2876 3193 3294 3265 Graecisipsum
3309 3200 3659 3261 diecimater-

2005 3264 2081 3319 tia
2118 3265 2260 3323 luna
2299 3284 2522 3337 agnum
2577 3273 2768 3332 edisse
2803 3264 3172 3350 paschalem,
3212 3302 3468 3358 passum
3521 3311 3659 3353 vero

2002 3353 2474 3447 decimaquarta,
2515 3364 2579 3415 ut
2621 3364 2839 3421 veritas
2876 3353 3266 3440 responderet
3319 3379 3560 3447 ﬁgura»:
3595 3391 3650 3442 et

2003 3449 2244 3514 propter
2269 3444 2409 3501 illud
2435 3447 2681 3504 Joannis
2707 3451 2905 3521 (Joan.
2937 3473 3098 3524 xvm,
3128 3461 3258 3534 29):
3289 3444 3507 3534 Et'ipsi
3539 3488 3649 3528 non

2000 3531 2364 3590 introierunt
2383 3535 2445 3591 in
2470 3541 2840 3611 praetorium,
2865 3559 2937 3601 ne
2952 3531 3521 3621 contaminarentur,
3551 3564 3654 3619 sed

2001 3621 2568 3711 utederentPascha.
2593 3629 2681 3686 Ac
2702 3630 2847 3688 illud
2860 3634 3048 3702 (toan.
3076 3652 3200 3694 xu.
3229 3642 3354 3711 tt);
3385 3647 3534 3702 Erat
3546 3665 3655 3706 au-

1999 3714 2110 3765 tem
2142 3709 2470 3802 Parasceve
2493 3719 2864 3786 paschae;et:
2898 3724 2990 3780 Ibi
3016 3741 3153 3798 ergo
3189 3709 3436 3802 propter
3461 3738 3654 3798 Para-

1997 3812 2202 3856 sceven
2237 3801 2612 3876 Iudaeorum,
2639 3813 2779 3879 quia
2804 3826 2976 3884 prope
3018 3823 3147 3874 erat
3188 3801 3647 3896 monumentum,

1997 3895 2319 3956 posuerunt
2357 3891 2574 3950 Iesum.
2630 3897 2937 3969 Siquidem
2980 3903 3080 3961 illa
3133 3907 3456 3970 Parasceve
3507 3891 3652 3975 nihil

1997 3975 2160 4078 aliud
2174 3983 2317 4044 erat,
2345 3996 2526 4052 quam
2548 3983 2676 4041 dies
2693 3993 3166 4060 praeparationis,
3195 4013 3318 4069 quo
3335 4016 3398 4057 se
3428 4020 3652 4078 praepa-

1994 4062 2209 4154 rabant
2232 4067 2421 4123 Judaei
2463 4071 2540 4126 ad
2569 4072 2872 4132 edendum
2904 4094 3129 4152 agnum
3164 4062 3524 4154 paschalem.

1996 4151 2098 4206 tini
2129 4169 2265 4208 vero
2291 4164 2566 4214 asserunt
2596 4176 2733 4218 eum
2761 4151 3208 4240 decimaquarta
3239 4175 3383 4235 luna
3425 4195 3648 4251 agnum

1993 4240 2240 4310 quidem
2255 4245 2448 4300 edisse
2471 4250 2836 4319 paschalem,
2854 4258 3004 4313 sicut
3027 4266 3082 4314 et
3099 4267 3345 4320 caeteros
3375 4240 3641 4329 Iudaeos:

1993 4329 2135 4400 quia
2167 4336 2230 4385 ut
2272 4333 2452 4390 habet
2506 4337 2683 4393 etiam
2739 4343 2973 4398 Graecus
3029 4349 3518 4427 Chrysostomus,
3570 4363 3649 4418 ad

1994 4423 2247 4474 mortem
2292 4437 2478 4493 usque
2537 4440 2773 4497 semper
2819 4435 3076 4489 servavit
3131 4436 3360 4508 legem:
3397 4423 3646 4516 passum

1991 4521 2134 4561 vero
2164 4508 2330 4563 aiunt
2359 4509 2800 4585 decimaquinta
2840 4518 3003 4586 luna,
3041 4531 3277 4599 propter
3329 4508 3479 4590 alios
3528 4542 3645 4596 tres

1992 4595 2392 4694 evangelistas
2434 4600 2674 4670 (Matth.
2709 4621 2866 4674 xxvt;
2907 4595 3090 4670 Marc.
3117 4595 3248 4682 xiv;
3303 4620 3444 4680 Luc.
3478 4631 3644 4701 χιιι.)

1990 4683 2094 4755 qui
2129 4689 2404 4743 astruunt
2435 4689 2618 4746 fuisse
2644 4694 2900 4764 primum
2935 4701 3093 4758 diem
3115 4719 3486 4780 azymorum,
3515 4683 3641 4789 quo

1992 4772 2250 4828 Christus
2265 4782 2558 4846 postrema
2572 4796 2631 4836 m
2649 4798 2884 4842 caenam
2897 4804 3032 4846 cum
3049 4772 3360 4868 discipulis
3377 4772 3637 4864 celebra-

1988 4861 2090 4962 vit.
2125 4864 2191 4918 Et
2227 4864 2514 4962 lii-autem
2549 4873 2608 4926 et
2660 4871 2738 4927 illi
2789 4861 3226 4950 repugnantem
3276 4861 3638 4962 Scripturam

1987 4948 2219 5006 obtorto
2232 4951 2384 5008 collo
2395 4955 2624 5013 trahere
2636 4975 2674 5030 q
2685 4948 3083 5025 uodiamm—odo
3095 4971 3366 5032 videntur
3378 4948 3455 5035 ad

1987 5052 2253 5094 sensum.
2268 5042 2634 5117 Quapropter
2645 5064 2840 5120 operte
2854 5057 3106 5124 pretium
3126 5059 3392 5122 facturus
3406 5071 3632 5139 videor,

1985 5126 2120 5218 siin
2140 5129 2220 5183 tui
2253 5131 2526 5200 gratiam,
2556 5135 2843 5195 benevole
2865 5143 3068 5209 lector,
3096 5147 3209 5206 hoc
3235 5151 3362 5210 loco
3379 5126 3636 5218 dilucide

1983 5214 2364 5284 adnotavero,
2392 5236 2525 5292 quae
2560 5225 2722 5280 varia
2752 5227 2996 5288 lectione
3033 5240 3378 5313 magnisque
3411 5249 3639 5306 sudori-

1980 5301 2096 5357 bus
2132 5304 2242 5360 hac
2268 5307 2342 5361 de
2373 5310 2507 5364 rein
2537 5315 2958 5384 compendium
2989 5301 3210 5395 redegi.
3241 5301 3637 5395 Primumvita-

1979 5405 2096 5493 que
2121 5396 2590 5493 notandumest,
2641 5403 2795 5473 quod
2835 5412 3129 5467 naturalis
3151 5415 3278 5471 dies
3320 5425 3482 5493 apud
3525 5427 3633 5482 He-

1981 5478 2176 5534 braeos
2202 5482 2405 5554 incipit
2431 5486 2508 5541 ab
2530 5504 2749 5546 occasu
2773 5494 2926 5562 solis,
2947 5504 3003 5555 et
3027 5500 3242 5562 desinit
3265 5507 3325 5563 in
3361 5478 3628 5581 ejusdem

1980 5583 2248 5625 occasum
2279 5572 2392 5627 diei
2426 5579 2937 5652 sequentis,juxta
2979 5587 3128 5646 illud
3160 5593 3328 5663 (Gen.
3363 5572 3445 5668 λίς
3483 5603 3632 5659 Fac-

1982 5663 2106 5712 tum
2133 5666 2212 5713 est
2246 5675 2474 5732 vespere
2511 5673 2565 5721 et
2612 5683 2780 5725 mane
2825 5672 2946 5730 dies
2981 5692 3147 5734 unus.
3189 5663 3400 5742 Mensis
3429 5705 3570 5746 vero
3595 5707 3633 5748 ε.
