4180 6454
519 371 586 424 Π
2056 361 2186 414 ΡΒΑ

2296 360 2450 413 ιΤΙΟ.
3869 365 3942 418 48

528 492 948 565 conjunctione
983 490 1180 546 media
1211 489 1624 559 tuminarium;
1657 493 1712 545 et
1738 487 2174 556 durattriginta
2209 485 2256 539 Α
2286 500 2416 556 (χωρ
2446 485 2538 540 die
2555 486 2800 542 Sabbati
2814 487 3004 542 facere
3022 487 3426 551 nonlicuisset,
3443 487 3656 557 septies
3686 486 3941 543 circum-

528 581 760 645 diehus,
778 578 1091 634 duodecim
1126 579 1306 644 horis,
1334 585 1384 632 et
1402 578 1638 633 duabus
1665 577 1850 633 tertiis
1875 575 2054 630 unius
2077 576 2175 630 ho-

529 687 607 725 rae
639 685 774 724 cum
806 667 990 723 tribus
1024 667 1288 737 minutis,
1321 683 1447 738 quae
1477 667 1821 738 supputatio
1855 663 2177 719 invariabi-

528 759 657 814 liter
685 755 1006 812 conformis
1022 760 1114 809 est
1143 773 1272 809 cum
1309 755 1621 809 Ptolemmo
1635 755 1883 826 aliisque
1915 757 2177 808 astrono-

526 846 639 902 mis
660 843 991 901 secundum
1008 842 1268 898 medium
1285 841 1720 898 cursumlunaa.
1742 848 1947 897 Annus
1977 845 2174 896 autem

526 932 836 990 exordium
864 931 1050 987 sumit
1075 932 1445 986 aNeomenia
1472 931 1593 985 sive
1621 931 1759 986 solis
1791 947 1859 985 ac
1879 930 2035 985 luna:
2065 928 2180 984 coi-

527 1023 682 1079 tione
709 1020 986 1092 proxima
1017 1018 1374 1091 aequinoctio
1407 1019 1648 1087 vernali,
1695 1018 2021 1073 secundum
2061 1033 2180 1071 me-

529 1112 698 1166 dium
748 1125 995 1164 cursum
1046 1107 1184 1163 solis
1241 1111 1297 1162 et
1347 1108 1504 1162 lunae
1537 1108 1746 1180 (Levit.
1786 1123 1961 1172 xxm;
2001 1107 2176 1162 Num.

530 1214 716 1255 xxvur
747 1200 804 1254 et
831 1197 1014 1268 χιιι).
1045 1197 1335 1251 Praeterea
1359 1197 1560 1252 omnia
1601 1195 1752 1252 festa
1784 1194 2178 1257 Hebraeorum,

532 1301 670 1358 quae
697 1301 734 1341 a
765 1285 1020 1341 Mosaica
1054 1283 1184 1353 lege
1221 1283 1536 1348 habentur,
1567 1287 1780 1354 praeter
1835 1282 2178 1346 Sabbatum,

533 1390 711 1430 suam
749 1373 1221 1428 numerationem
1255 1387 1323 1426 ac
1353 1373 1742 1427 variationem
1783 1386 1886 1442 per
1918 1371 2182 1425 diversos

532 1461 934 1519 hebdomadas
963 1461 1110 1528 dies,
1145 1466 1389 1515 sumunt
1432 1478 1465 1516 a
1522 1459 1714 1531 primo
1742 1459 1838 1514 die
1897 1460 2180 1530 praedicta:

536 1551 896 1612 Neomeniaa,
926 1565 1091 1621 aquo
1121 1551 1289 1620 juxta
1314 1548 1504 1619 legem
1537 1549 1742 1604 omnia
1763 1564 1872 1604 sua
1902 1547 2051 1603 festa
2077 1563 2182 1602 nu-

533 1644 770 1697 merant
809 1637 1058 1694 Hebraei:
1093 1644 1230 1708 puta
1260 1637 1496 1693 decimo
1533 1638 1743 1709 quinto
1781 1635 1873 1691 die
1909 1636 2178 1707 ejusdem

535 1728 711 1802 primi
741 1728 964 1783 mensis
984 1725 1331 1782 festumerat
1361 1730 1806 1797 azymorum,et
1832 1725 2014 1796 pridie
2053 1725 2182 1794 ejus

2286 574 2485 628 eundo
2512 574 2692 630 altare
2716 592 2851 630 cum
2886 575 3222 647 palmarum
3253 576 3589 638 frondibus,
3620 576 3679 630 iu
3713 592 3938 632 memo-

2287 663 2435 717 riam
2465 670 2652 732 captae
2679 664 2911 719 Jericho
2954 666 3152 735 prima-
3176 665 3445 727 civitatis,
3475 680 3658 735 quam
3692 664 3750 718 in
3782 669 3940 722 terra

2287 750 2706 821 promissionis
2735 752 2835 806 ﬁlii
2878 753 3048 807 Israel
3079 752 3429 823 hujusmodi
3464 752 3801 823 septenaria
3831 755 3936 808 cir-

2288 836 2540 890 cuitione
2577 843 2878 907 ceperant,
2909 837 2967 891 in
3000 838 3109 891 hoc
3138 843 3423 908 prseterea
3467 837 3561 891 die
3592 837 3764 892 lectio
3791 854 3936 909 quo-

2287 925 2515 996 queilla
2549 924 2871 980 Psalmistae
2897 926 3283 996 (Psal.cxvu),
3321 925 3555 997 publice
3581 925 3937 983 decantaba-

2289 1018 2409 1068 tur:
2433 1013 2692 1077 Obsecro,
2711 1014 2973 1080 Domine,
2989 1014 3180 1078 salva,
3197 1029 3387 1084 quaeso
3404 1031 3416 1068 :
3437 1013 3941 1084 obsecro,Domine

2285 1117 2560 1170 prospere
2583 1118 2726 1172 age:
2773 1103 3100 1158 benedictus
3131 1103 3229 1173 qui
3267 1104 3418 1157 venit
3469 1103 3532 1156 in
3573 1108 3806 1159 nor/line
3833 1109 3940 1160 Do-

2288 1191 2452 1246 mini.
2497 1190 2644 1244 Nam
2673 1198 2728 1244 et
2757 1190 2915 1245 hanc
2941 1191 3422 1246 constitutionem
3442 1192 3667 1246 scimus
3700 1208 3940 1265 quoque

2292 1279 2350 1332 in
2394 1295 2503 1332 usu
2537 1279 2714 1334 fuisse
2742 1279 3036 1343 Israelitis,
3064 1296 3202 1334 cum
3261 1280 3452 1334 adhuc
3485 1280 3543 1334 in
3600 1280 3940 1351 captivitate

2291 1373 2492 1422 essent
2541 1367 2912 1437 Babylonica.
2954 1368 3258 1440 Siquidem
3290 1384 3360 1422 ex
3395 1369 3692 1437 Thargum
3739 1368 3942 1425 Esther

2290 1456 2800 1528 colligimusquod
2823 1473 2894 1511 eo
2909 1457 3001 1511 die
3017 1457 3299 1512 secabant
3322 1456 3560 1512 frondes
3583 1458 3939 1530 palmarum,

2291 1549 2464 1614 atque
2491 1543 2888 1615 decerpebant
2917 1544 3099 1598 citrea
3140 1560 3334 1614 poma,
3363 1544 3794 1601 abscindebant
3820 1563 3941 1602 ros-

2292 1633 2612 1696 marinum,
2659 1639 2714 1687 et
2746 1632 3036 1688 faciebant
3094 1633 3207 1687 sibi
3260 1644 3496 1696 mytv‘tn
3554 1634 3822 1690 hosaua:
3864 1635 3942 1691 le-

2292 1720 2627 1792 gebantque
2659 1722 2716 1776 in
2763 1721 2926 1775 libris
2957 1722 3078 1775 suis
3107 1728 3161 1776 et
3198 1722 3472 1785 orabant,
3507 1722 3862 1780 laetabantur
3885 1730 3942 1780 et

535 1817 673 1883 diei,
702 1815 762 1871 id
784 1821 872 1870 est
899 1815 1126 1870 decima
1147 1821 1363 1887 quarta
1392 1814 1536 1870 luna
1575 1813 1651 1870 ad
1683 1829 2019 1885 vesperam,
2049 1811 2182 1867 ede-
2213 1830 2254 1884 Β
2292 1810 2504 1865 hilares
2536 1816 2703 1864 erant
2731 1811 2786 1864 in
2822 1821 3055 1873 minam
3092 1810 3347 1878 hosaua,
3393 1809 3699 1867 saltabant
3741 1819 3798 1868 et
3851 1831 3941 1868 ex-

531 1907 710 1963 batur
740 1920 934 1974 agnus
974 1901 1288 1975 paschalis.
1329 1905 1373 1958 Λ
1414 1904 1561 1958 festo
1591 1907 1790 1958 autem
1817 1904 2180 1974 Azymorum

535 1993 848 2051 transactis
861 1994 1084 2064 septem
1104 1991 1526 2057 hebdomadis,
1543 1992 1810 2064 sequenti
1829 1991 1942 2058 die,
1964 2005 2181 2061 nempe

533 2080 1061 2156 quinquagesimo,
1080 2079 1292 2135 festum
1316 2086 1438 2135 erat
1454 2078 1888 2135 Primitivorum
1905 2078 2028 2133 sive
2040 2079 2180 2132 Pen-

536 2175 805 2229 tecostes.
838 2171 981 2225 Post
1013 2184 1117 2224 sex
1142 2183 1281 2223 vero
1310 2183 1543 2224 menses
1566 2167 1804 2224 lunares
1830 2168 1907 2224 ab
1967 2167 2179 2222 eadem

532 2259 728 2331 prima
741 2254 1146 2320 Neomenia,id
1160 2260 1245 2310 est
1260 2258 1646 2327 postcentum
1663 2254 2039 2327 septuaginta
2051 2269 2180 2325 sep-

533 2355 651 2406 tem
703 2347 866 2412 dies;
931 2344 1205 2418 sequenti
1260 2345 1355 2400 die
1414 2349 1535 2400 erat
1585 2344 1800 2401 festum
1851 2345 2176 2406 Tubarum,

529 2452 748 2508 nempe
772 2436 832 2490 in
872 2433 1218 2496 Neomenia,
1252 2432 1526 2504 proxima
1551 2432 1908 2504 aequinoctio
1949 2435 2181 2488 autum-

531 2526 678 2582 nali.
707 2523 944 2578 Decimo
976 2522 1114 2577 inde
1142 2521 1240 2575 die
1272 2520 1489 2575 festum
1518 2519 1886 2591 Expiationis
1931 2518 2180 2574 celeber-

532 2615 776 2670 rimum.
805 2610 1038 2666 Decimo
1059 2609 1274 2679 quinto
1295 2606 1566 2677 ejusdem
1590 2608 1812 2662 mensis
1829 2606 1944 2672 die,
1966 2607 2182 2662 festum

537 2697 922 2771 Scenopegias
943 2696 1063 2751 sive
1087 2693 1662 2751 Tabernaculorum.
1694 2693 1761 2748 Et
1781 2695 1857 2750 ab
1879 2694 1993 2749 hoc
2011 2695 2178 2758 festo,

535 2791 632 2846 die
663 2793 894 2850 octavo,
938 2785 999 2839 id
1025 2787 1116 2839 est
1140 2788 1280 2854 post
1305 2787 1532 2854 septem
1555 2782 1824 2854 ejusdem
1860 2782 1989 2838 festi
2028 2783 2180 2849 dies,

537 2876 889 2935 occurrebat
907 2873 1173 2929 ultimum
1186 2887 1384 2926 eorum
1402 2871 1630 2934 festum,
1644 2887 1860 2943 nempe
1879 2876 2068 2927 coetus
2093 2871 2184 2926 vel

537 2967 796 3024 collectae
829 2963 946 3018 sive
985 2961 1366 3017 retentionis:
1401 2960 1565 3031 quod
1605 2960 1797 3015 solum
1830 2961 2186 3032 designabat

539 3055 800 3112 ﬁdelium
832 3053 891 3106 in
933 3055 1143 3106 sancta
1168 3048 1427 3104 Ecclesia
1456 3050 1972 3118 congregationem
2003 3065 2072 3104 ac
2099 3065 2184 3104 re-

2293 1897 2572 1954 siliebant
2592 1897 2743 1952 sicut
2775 1899 2951 1954 haedi.
2981 1900 3143 1953 Unde
3171 1898 3370 1953 videre
3397 1899 3531 1954 licet
3559 1907 3619 1955 ut
3651 1901 3762 1956 hoc
3792 1919 3939 1974 quo-

2288 2002 2406 2058 que
2434 1985 2688 2040 docendi
2710 1986 2899 2057 gratia
2920 1987 3216 2041 addamus
3237 1987 3596 2044 vocabulum
3616 1990 3932 2048 Hebraeum

2289 2086 2390 2137 ΝΞ
2437 2086 2696 2139 rwan
2749 2076 2971 2130 hosaua
3018 2075 3179 2144 vulgi
3233 2092 3397 2130 more
3447 2078 3606 2148 apud
3663 2078 3934 2134 Hebraeos

2288 2164 2468 2220 etiam
2496 2170 2631 2220 ante
2663 2165 2960 2219 Christum
2990 2170 3198 2219 natum
3231 2164 3416 2220 fuisse
3448 2173 3787 2239 corruptum
3835 2174 3937 2225 aut

2288 2252 2417 2309 illos
2446 2269 2769 2324 usurpasse
2802 2252 2999 2324 ipsum
3049 2267 3214 2307 more
3253 2252 3592 2320 Chaldaico,
3629 2261 3682 2310 et
3722 2255 3938 2312 deinde

2289 2341 2511 2397 abusos
2543 2341 2723 2396 fuisse
2754 2356 2864 2412 pro
2891 2339 3266 2396 solemnitate
3300 2341 3671 2409 Palmarum,
3727 2345 3786 2400 in
3819 2361 3941 2416 qua

2289 2446 2424 2484 cum
2444 2429 2625 2484 ramis
2656 2428 3027 2483 caeremonias
3050 2428 3287 2484 ﬁebant.
3324 2432 3387 2485 Et
3408 2432 3486 2486 ita
3513 2439 3653 2488 nato
3676 2440 3939 2504 postmo-

2289 2517 2434 2572 dum
2459 2517 2706 2581 Christo,
2741 2533 2879 2571 cum
2934 2517 3107 2572 vellet
3148 2519 3404 2589 populus
3457 2535 3593 2575 eum
3621 2521 3936 2586 honorare,

2289 2611 2346 2662 et
2401 2622 2540 2661 cum
2582 2605 2881 2676 triumpho
2931 2605 3337 2678 Hierosolyma
3394 2607 3711 2672 deducere,
3767 2610 3934 2681 igno-

2289 2702 2489 2751 rantes
2528 2695 2974 2767 compleverunt
3001 2695 3378 2767 prophetiam
3436 2698 3790 2767 Davidicam,
3843 2716 3940 2756 oc-

2290 2786 2525 2840 casione
2583 2788 2819 2854 sumpta
2865 2799 2934 2837 ex
2977 2783 3233 2838 surculis
3293 2784 3368 2839 ab
3411 2785 3583 2842 olivis
3641 2787 3935 2859 decerptis

2291 2877 2342 2928 et
2387 2872 2445 2927 in
2487 2873 2639 2928 viam
2686 2872 2910 2936 stratis,
2966 2872 3291 2927 clamantes
3343 2875 3602 2938 Hosana,
3649 2874 3708 2930 id
3773 2877 3940 2948 quod

2291 2961 2547 3016 clamare
2627 2965 3058 3016 consueverant
3141 2961 3196 3014 in
3279 2960 3648 3017 solemnitate
3729 2966 3938 3019 Ramo-

2293 3065 2444 3105 rum.
2489 3049 2584 3103 His
2619 3048 2818 3120 itaque
2850 3049 3167 3118 praemissis
3197 3048 3803 3106 animadvertendum
3830 3058 3938 3119 est,

539 3145 865 3203 tentionem
917 3141 1039 3196 sive
1081 3139 1606 3212 perseverantiam,
1651 3137 1816 3212 quod
1846 3137 2070 3194 factum
2099 3142 2185 3194 est
2223 3175 2263 3232 Ο
2293 3137 2453 3209 quod
2513 3152 2674 3191 anno
2741 3152 2863 3207 quo
2931 3152 3147 3207 passus
3213 3141 3301 3190 est
3351 3136 3619 3192 Christus
3688 3139 3943 3194 occurrit

539 3238 680 3309 post
707 3230 919 3287 veteris
948 3228 1095 3298 legis
1138 3227 1338 3284 ﬁnitas
1390 3226 1611 3296 ﬁguras
1667 3242 1737 3283 ac
1775 3227 2180 3283 caaremonias.

542 3323 766 3382 Deinde
795 3317 1394 3378 animadvertendum
1426 3323 1512 3372 est
1540 3316 1704 3389 quod
1735 3317 1977 3388 quando
2017 3317 2186 3387 juxta

541 3411 780 3472 vernale
792 3405 1961 3483 aequinoctium,conjunctioluminarium
1976 3420 2183 3461 secun-

541 3505 687 3562 dum
705 3500 964 3558 medium
994 3514 1230 3554 cursum
1252 3495 1756 3566 occurrebatpost
1771 3494 2068 3550 decimam
2090 3509 2186 3549 oc-

544 3599 742 3650 tavam
769 3588 888 3645 diei
914 3585 1470 3656 horam,quiajam
1522 3586 1774 3653 peracta:
1830 3586 1996 3637 erant
2053 3581 2186 3651 plus

543 3694 728 3754 quam
744 3683 859 3732 tres
871 3678 1096 3746 quartae
1114 3675 1313 3743 partes
1331 3670 1530 3739 diei,et
1544 3669 1882 3724 declinabat
1901 3670 2093 3738 magis
2111 3668 2188 3724 ad

544 3768 705 3824 diem
751 3765 1120 3835 sequentem,
1159 3759 1295 3814 ideo
1326 3757 1674 3812 servabatur
1699 3772 1934 3828 quoque
1977 3756 2072 3810 die
2102 3771 2189 3810 se-

548 3854 827 3929 quenti,et
839 3850 914 3906 ab
926 3845 1514 3905 hocnumerabantur
1527 3844 1721 3900 omnia
1733 3844 2005 3916 praedicta
2017 3844 2187 3898 festa.

618 3945 906 4000 Praeterea.
944 3938 992 3993 si
1033 3937 1188 3992 dicta
1217 3935 1414 4008 prima
1467 3933 1786 3990 Neomenia
1843 3931 2195 3988 occurrebat

545 4031 832 4097 secundo,
863 4030 1100 4100 quarto,
1139 4025 1232 4081 vel
1273 4028 1438 4079 sexto
1479 4020 1878 4077 hebdomadas
1924 4021 2020 4075 die
2075 4036 2190 4074 ser-

547 4120 770 4184 vanda,
802 4115 1180 4188 rejiciebatur
1200 4114 1260 4170 in
1287 4110 1446 4165 diem
1473 4116 1842 4181 sequentem.
1869 4112 2016 4164 Nam
2043 4109 2086 4162 si
2111 4126 2196 4162 se-

547 4207 747 4265 cundo
777 4201 1172 4260 hebdomadas
1197 4199 1292 4254 die
1313 4198 1523 4254 fuisset
1547 4202 1799 4262 servata,
1829 4203 1966 4253 tunc
1980 4197 2195 4252 festum

547 4296 938 4373 Expiationis,
979 4293 1143 4365 quod
1173 4293 1298 4346 erat
1341 4288 1817 4352 celeberrimum,
1842 4287 2198 4342 occurrisset

549 4391 645 4446 die
658 4393 822 4445 sexto
848 4383 1312 4441 celebrandum:
1349 4378 1562 4452 quodsi
1578 4383 1741 4432 sexto
1758 4375 1847 4432 die
1869 4380 2198 4431 servaretur

548 4479 708 4534 dicta
726 4476 925 4548 prima
936 4471 1262 4528 Neomenia
1287 4468 1410 4524 sive
1423 4467 1652 4538 primus
1666 4465 1802 4520 anni
1817 4480 2025 4520 eorum
2048 4464 2196 4527 dies,

2293 3225 2490 3296 prima
2519 3225 2861 3288 Neomenia,
2883 3223 3003 3277 sive
3035 3223 3374 3293 conjunctio
3402 3224 3789 3281 luminat-ium
3810 3243 3942 3298 pro-

2292 3313 2456 3370 xima
2471 3313 2828 3384 aequinoctio
2841 3311 3064 3367 vernali
3078 3312 3404 3367 secundum
3421 3313 3683 3368 medium
3700 3331 3942 3371 cursum

2296 3402 2436 3458 solis
2455 3409 2511 3457 et
2524 3401 2710 3471 lunaaj
2723 3406 2863 3456 uxta
2878 3416 3078 3456 veram
3093 3405 3148 3456 et
3169 3405 3438 3456 exactam
3457 3403 3938 3474 supputationem

2294 3491 2790 3563 peritissimorum
2811 3489 3534 3562 Hebrmorum,diequinto
3551 3490 3943 3549 hebdomadas

2295 3584 2430 3650 post
2453 3577 2749 3632 decimam
2774 3591 2995 3631 nonam
3015 3577 3130 3630 diei
3158 3576 3390 3641 horam,
3425 3593 3562 3632 cum
3587 3577 3816 3650 aliquot
3834 3580 3941 3636 mi-

2295 3668 2453 3722 nutis
2481 3682 2493 3719 :
2527 3670 2584 3720 et
2612 3665 2693 3720 ita
2716 3665 2886 3736 juxta
2914 3665 3199 3736 praedicta
3229 3671 3352 3721 erat
3379 3668 3653 3738 sequenti
3678 3667 3773 3723 die
3828 3684 3945 3725 ser-

2301 3754 2519 3810 vanda.
2541 3753 2652 3808 Sed
2677 3754 2836 3824 quia,
2860 3759 3026 3808 sexto
3045 3753 3161 3822 die,
3182 3754 3482 3810 utdictum
3497 3760 3605 3821 est,
3632 3771 3943 3828 nunquam

2300 3843 2671 3908 servabatur,
2698 3841 2911 3897 idcirco
2941 3843 3130 3897 Judaei
3161 3859 3232 3899 eo
3284 3860 3445 3900 anno
3475 3846 3797 3902 servabant
3827 3847 3947 3918 pri-

2303 3948 2468 3988 mum
2495 3931 2638 3986 illud
2655 3929 3020 3986 novilunium
3049 3931 3143 3985 die
3163 3932 3432 3988 Sabbati:
3471 3939 3529 3989 et
3554 3933 3636 3990 ita
3673 3934 3946 3991 decimus

2300 4021 2546 4093 quintus
2557 4020 2684 4074 dies
2698 4019 2956 4089 ejusdem
2974 4020 3212 4084 mensis,
3241 4037 3363 4092 quo
3380 4023 3728 4079 occurrebat
3741 4023 3948 4079 festum

2304 4113 2674 4181 Azymorum,
2713 4109 2883 4178 juxta
2909 4107 3252 4164 .ludaeorum
3286 4110 3724 4167 observantiam
3771 4112 3952 4168 etiam

2303 4204 2426 4253 erat
2446 4197 2570 4252 dies
2604 4196 2878 4251 Sabbati:
2923 4197 3181 4268 ideoque
3214 4203 3456 4270 propter
3486 4201 3744 4255 duorum
3777 4199 3954 4256 festo-

2304 4301 2435 4339 rum
2463 4282 2932 4353 concursum,de
2967 4284 3065 4337 illo
3105 4283 3248 4338 dicit
3277 4285 3535 4340 Joannes
3574 4285 3756 4356 (Joan.
3793 4288 3950 4359 xxx);

2305 4373 2467 4443 quod
2499 4375 2626 4428 erat
2656 4387 2900 4439 magnus
2918 4371 3036 4427 dies
3067 4373 3172 4428 ille
3191 4373 3446 4439 Sabbati,
3471 4380 3533 4429 ut
3573 4376 3753 4431 etiam
3784 4376 3861 4432 ad
3883 4391 3956 4431 ea.

2306 4461 2485 4516 verba
2496 4461 2670 4514 habet
2684 4465 2891 4515 auctor
2903 4466 3122 4515 noster.
3140 4461 3398 4516 Christus
3412 4479 3551 4518 vero
3563 4465 3958 4536 servavitqui-

970 4523 1343 4632 ‘ﬁxpiationis
1379 4523 1586 4611 felstum
1617 4554 1713 4608 die
1753 4554 1963 4625 primo,
2015 4523 2198 4623 quem
2230 4523 2274 4577 Π
2305 4549 2436 4605 dem
2467 4549 2848 4605 Neomeniam
2874 4554 3038 4604 sexto
3064 4548 3462 4605 hebdomadas
3483 4551 3605 4607 die:
3629 4569 3768 4608 cum
3794 4523 3954 4609 enim

550 4672 664 4713 nos
695 4667 983 4711 vocamus
1021 4647 1420 4710 Dominicum,
1461 4641 1813 4700 occurrisset
1837 4641 1915 4696 ab
1944 4640 2028 4695 eis
2053 4639 2198 4697 cele-

549 4743 853 4802 brandum
870 4759 884 4794 :
917 4753 1179 4812 quorum
1191 4739 1509 4804 utrumque
1528 4729 1856 4786 admodum
1872 4743 2051 4798 grave
2065 4743 2194 4783 cen-

552 4835 788 4892 sebatur
804 4835 861 4888 et
878 4828 1048 4885 valde
1060 4839 1386 4883 onerosum
1404 4821 1508 4877 toti
1520 4818 1768 4893 populo,
1785 4834 1855 4875 eo
1877 4817 2041 4891 quod
2051 4818 2198 4874 duo-

551 4925 670 4981 bus
695 4917 986 4977 continuis
1013 4914 1221 4969 diebus
1246 4909 1640 4974 naturalibus,
1673 4922 1890 4979 nempe
1919 4907 2066 4963 festo
2091 4909 2198 4962 Ex-

553 5009 836 5085 piationis
855 5012 911 5062 et
940 5003 1224 5066 Sabbato,
1250 4997 1416 5055 nullo
1445 4997 1627 5054 modo
1657 4996 1855 5052 liceret
1879 5011 2091 5068 parare
2119 4996 2195 5052 ci-

551 5102 805 5165 bos,aut
835 5094 1088 5168 sepelire
1117 5095 1414 5147 mortuos:
1433 5102 1685 5158 corpora
1713 5089 1915 5142 autem
1939 5090 2195 5149 mortua,

549 5195 652 5246 aut
697 5191 866 5243 cocta
896 5184 1059 5239 olera
1116 5196 1235 5236 non
1295 5181 1536 5249 possent
1586 5176 1648 5231 in
1702 5174 1937 5230 tertium
1978 5173 2199 5229 servari

551 5279 734 5344 diem,
754 5271 1158 5348 prmsertimin
1181 5267 1386 5325 calidis
1398 5265 1764 5337 regionibus.
1794 5263 2018 5330 Quodsi
2043 5265 2200 5317 sexto

551 5369 646 5425 die
665 5368 998 5424 servaretur
1025 5359 1302 5434 praedicta
1315 5357 1639 5414 Neomenia
1665 5354 1786 5410 sive
1814 5353 2078 5425 primum
2091 5367 2198 5408 no-

547 5456 868 5524 vilunium,
896 5458 1035 5510 tunc
1058 5450 1348 5522 septimus
1382 5447 1504 5502 dies
1521 5444 1655 5501 festi
1681 5442 2061 5515 Scenopegiae
2080 5441 2200 5496 sive

547 5543 1088 5604 Tabernaculorum
1112 5536 1574 5596 occurrissetdie
1597 5531 1858 5589 Sabbati.
1876 5532 1943 5586 In
1967 5531 2081 5588 hoc
2096 5545 2200 5586 an-

549 5640 670 5692 tem
700 5633 951 5706 septimo
981 5629 1077 5686 die
1103 5628 1294 5684 multa
1322 5623 1538 5681 laetitiae
1561 5620 1736 5691 signa
1788 5618 2198 5681 ostendebant,

2307 4644 2440 4711 post
2457 4637 2748 4692 decimam
2765 4652 2991 4693 nonam
3009 4637 3220 4693 horam
3239 4640 3592 4696 occurrisset
3607 4641 3798 4712 quinti
3814 4641 3952 4706 diei,

2304 4725 2732 4784 rationabiliter
2746 4725 3036 4782 utdictum
3053 4730 3160 4790 est,
3195 4728 3392 4797 magis
3411 4729 3695 4800 pertinere
3706 4730 3956 4787 videba-

2307 4821 2399 4872 tur
2428 4815 2507 4872 ad
2537 4814 2697 4871 diem
2724 4821 3090 4885 sequentem.
3111 4816 3328 4872 Verum
3350 4833 3386 4872 a
3405 4822 3570 4874 sexto
3586 4817 3682 4873 die
3704 4819 3782 4874 ad
3812 4819 3955 4875 Sab-

2305 4905 2514 4962 batum
2546 4902 2918 4958 cumJudaais
2944 4903 3255 4959 transferre
3274 4905 3481 4962 noluit.
3507 4908 3657 4963 Nam
3676 4907 3789 4963 hoc
3819 4923 3953 4979 pro-

2307 4999 2437 5066 pter
2462 4993 2612 5048 festa
2642 4991 2898 5064 septimo
2929 5008 3137 5048 mense
3178 4993 3376 5050 futura
3405 4995 3704 5052 faciebant
3743 4996 3952 5065 Judasi,

2311 5087 2370 5138 ut
2399 5082 2754 5154 praedictum
2788 5085 2902 5146 est;
2935 5081 3199 5138 Christus
3229 5089 3431 5138 autem
3477 5091 3740 5152 noverat,
3787 5087 3956 5156 quod

2309 5186 2414 5242 per
2437 5185 2611 5224 suam
2631 5167 3134 5241 Passionemqum
3152 5170 3430 5235 instabat,
3454 5178 3708 5228 cessaret
3727 5173 3959 5244 obliga-

2309 5261 2388 5314 tio
2421 5263 2788 5329 sequentium
2815 5257 3047 5312 illorum
3104 5258 3412 5325 festorum,
3449 5261 3600 5317 sicut
3645 5268 3703 5317 et
3740 5270 3958 5320 caetera

2309 5349 2454 5418 legis
2473 5346 2932 5403 caaremonialia.
2960 5348 3195 5418 Pr0pter
3221 5347 3332 5405 hoc
3357 5350 3578 5422 itaque,
3607 5351 3784 5408 etiam
3813 5355 3958 5424 quia

2307 5435 2571 5508 sequenti
2607 5435 2701 5490 die
2730 5436 3050 5491 moriturus
3071 5442 3198 5492 erat
3213 5436 3500 5504 Christus,
3534 5440 3799 5512 typicum
3831 5443 3956 5512 qui-

2307 5526 2446 5581 dem
2479 5540 2700 5594 agnum
2726 5540 2866 5580 vera
2895 5532 2950 5580 et
2977 5525 3243 5596 legitima
3265 5527 3500 5583 decima
3547 5534 3759 5599 quarta
3786 5529 3952 5596 luna,

2306 5631 2438 5686 quae
2456 5613 2672 5670 fuitdie
2711 5613 2940 5685 quinto,
2983 5615 3270 5681 comedit;
3299 5623 3513 5687 quarta
3553 5618 3789 5676 decima
3813 5636 3956 5678 vero
