4180 6496
273 451 346 514 49
1781 447 1918 506 FBA

2029 451 2184 508 ιΤῙΟ.
3626 460 3701 514 5ο

271 581 412 638 luna
420 582 587 652 juxta
604 584 855 636 veterem
869 579 1241 635 Hebraeorum
1255 575 1731 636 numerationem
1745 577 1924 634 etiam
1953 578 1998 631 Α
2031 582 2160 634 rent
2181 579 2368 635 Exod.
2386 580 2508 651 xu),
2527 586 2583 638 et
2601 597 2719 638 non
2743 582 3158 639 fermentatum
3182 599 3393 654 panem
3413 587 3471 639 et
3494 587 3688 640 tamen

271 663 553 740 legitima,
595 665 651 723 in
691 669 858 739 cujus
891 683 1139 740 vespera
1173 668 1366 724 Judaei
1402 669 1668 740 typicum
1699 681 1922 736 agnum

275 763 441 815 erant
462 757 840 821 immolaturi,
855 757 977 830 ipse
996 768 1170 812 verus
1191 759 1392 828 Agnus
1428 757 1532 813 fuit
1547 756 1918 812 immolatus:

273 851 328 903 et
353 835 436 902 ita
473 835 687 902 veritas
717 837 1019 917 respondit
1041 838 1266 915 ﬁgurae.
1298 839 1515 901 Horum
1547 851 1746 900 autem
1785 858 1920 900 cau-

267 951 416 999 sam,
460 940 523 991 ut
566 935 876 990 verisimile
905 941 1017 1002 est,
1047 935 1240 990 solum
1271 935 1636 991 indicaverat
1689 932 1924 1004 patrifa-

268 1024 467 1080 milias
490 1025 550 1079 in
568 1025 738 1094 cujus
760 1023 992 1080 aedibus
1023 1025 1248 1096 pascha
1275 1024 1504 1089 edebat,
1528 1029 1584 1078 et
1609 1021 1748 1094 ipsis
1778 1021 1925 1077 duo-

270 1111 468 1168 decim
489 1113 1073 1184 discipulis,quorum
1097 1113 1253 1185 (Luc.
1277 1117 1422 1184 xxii)
1451 1117 1649 1169 Petrus
1673 1118 1727 1168 et
1751 1113 1923 1167 Joan-

269 1219 380 1259 nes
412 1218 484 1257 ex
503 1203 670 1272 jussu
697 1193 902 1256 Christi
936 1203 1265 1258 necessaria
1301 1206 1676 1274 paraverant,
1709 1216 1923 1272 nempe

272 1292 537 1348 lactucas
553 1295 812 1358 agrestes
825 1296 880 1346 et
895 1290 1138 1346 baculus
1154 1308 1166 1346 :
1183 1308 1323 1346 nam
1341 1307 1453 1360 agn
1464 1308 1528 1346 us
1541 1292 1664 1361 ipse
1687 1289 1922 1346 decimo

274 1379 372 1434 die
413 1379 629 1434 mensis
668 1378 992 1451 parabatur
1045 1397 1055 1435 :
1111 1395 1296 1452 panes
1330 1392 1564 1452 quoque
1605 1378 1816 1450 azymi,
1863 1381 1923 1432 ut

275 1468 594 1524 verisimile
622 1469 931 1541 est(Exod.
952 1473 1058 1540 xu)
1081 1470 1454 1541 aliquotante
1488 1467 1719 1530 diebus,
1747 1468 1922 1538 juxta

273 1554 634 1614 familiarum
648 1557 1118 1628 magnitudinem
1134 1557 1311 1629 parati
1343 1563 1512 1614 erant
1530 1577 1546 1628 ;
1563 1557 1757 1629 itaque
1784 1553 1920 1612 nul-

271 1643 366 1702 lus
380 1661 452 1702 ex
463 1644 576 1702 hoc
589 1660 801 1717 passus
814 1646 1550 1718 estoﬁ'endiculum,neque
1562 1647 1640 1702 ob
1654 1646 1710 1702 id
1725 1661 1920 1702 coram

267 1735 466 1808 judice
491 1737 674 1808 potuit
700 1734 986 1792 accusari.

346 1821 496 1890 Quin
543 1829 598 1879 et
639 1822 1024 1881 Tertullianus
1073 1824 1310 1882 Latinus
1357 1831 1565 1882 auctor
1614 1825 1918 1898 proximus

2031 665 2197 722 illam
2221 667 2662 726 immunditiam
2693 671 3025 729 levissimas
3061 672 3360 728 obcausas
3386 673 3694 730 contrahe-

2030 755 2198 812 banL

2104 845 2274 911 Quod
2304 853 2501 904 autem
2542 849 2708 904 aiunt
2748 849 3037 914 uounuili,
3079 850 3314 906 Judezos
3356 851 3691 922 praeceden-

2035 935 2071 990 ti
2102 934 2197 990 die
2247 941 2572 1007 occupatos
2604 937 2760 993 circa
2810 938 3173 1009 capiendum
3223 939 3536 1002 Christum,
3593 956 3690 996 ne-

2033 1022 2282 1092 glexisse
2321 1039 2550 1093 agnum
2588 1025 2762 1081 edere
2792 1025 3160 1097 paschalem,
3186 1032 3240 1082 et
3265 1027 3432 1098 quod
3470 1028 3690 1085 idcirco

2032 1116 2204 1168 nocte
2236 1114 2502 1185 sequenti
2533 1113 2699 1170 illum
2727 1119 2924 1170 essent
2953 1116 3292 1178 comesturi,
3320 1131 3442 1170 non
3465 1116 3691 1173 titveri-

2032 1201 2242 1256 simile.
2277 1201 2582 1274 Siquidem
2613 1203 2793 1258 etiam
2818 1203 2896 1259 illi
2921 1205 3023 1276 qui
3047 1203 3306 1273 legitimo
3337 1202 3690 1260 tenebantur

2031 1289 2459 1361 impedimento
2478 1291 2714 1347 decimo
2733 1297 2946 1363 quarto
2967 1292 3057 1347 die
3090 1292 3262 1364 primi
3293 1292 3532 1356 mensis,
3566 1308 3687 1349 non

2030 1383 2303 1450 poterant
2333 1379 2600 1451 sequenti
2634 1380 2727 1435 die
2759 1395 2867 1452 pro
2893 1380 3058 1436 libito
3091 1396 3314 1451 agnum
3348 1380 3521 1437 edere
3550 1397 3688 1453 pas-

2029 1466 2279 1533 chalem,
2317 1467 2422 1522 sed
2453 1468 2754 1539 sequentis
2784 1469 3008 1525 mensis
3039 1469 3134 1524 die
3160 1469 3426 1525 similiter
3453 1471 3684 1527 decimo

2028 1559 2244 1627 quarto
2269 1556 2341 1611 ad
2377 1571 2703 1627 vesperam,
2744 1562 2806 1613 ut
2836 1557 3089 1614 habetur
3127 1557 3365 1613 Numeri
3397 1575 3452 1613 χ.
3487 1559 3686 1631 itaque

2029 1643 2124 1698 die
2149 1640 2444 1700 Passionis
2460 1645 2665 1701 Christi
2687 1662 2814 1700 cum
2835 1645 3107 1702 nondum
3130 1647 3404 1704 inchoata
3419 1652 3572 1702 esset
3595 1664 3686 1704 so-

2028 1733 2304 1790 lemnitas
2333 1733 2631 1791 Paschalis
2671 1741 2770 1791 aut
2817 1739 3198 1808 Azymorum,
3235 1737 3405 1807 juxta
3431 1742 3687 1794 veterem

2027 1823 2367 1879 Judaeorum
2397 1823 2860 1891 observantiam,
2895 1825 3112 1881 licebat
3135 1826 3221 1880 eis
3245 1842 3432 1898 usque
3453 1825 3530 1882 ad
3547 1825 3686 1882 solis

272 1912 684 1985 apostolorum
734 1915 1118 1986 temporibus,
1159 1915 1232 1970 de
1253 1913 1347 1970 die
1378 1913 1669 1970 Passionis
1710 1914 1918 1970 Christi
1955 1927 1998 1982 Β
2033 1928 2316 1968 occasum
2349 1912 2656 1983 judicialia
2683 1929 3292 1980 exercere,accusare,
3316 1919 3490 1970 testes
3519 1915 3686 1971 adhi-

268 2004 350 2059 ita
403 2003 658 2074 loquitur
724 2004 784 2057 in
851 2005 1231 2072 Apotogetico
1314 2003 1592 2060 adversus
1657 2004 1918 2060 Judaeos.

273 2114 300 2143 «
328 2093 468 2157 Quae
509 2089 712 2146 Passio
737 2091 890 2144 intra
918 2092 1186 2161 tempora
1208 2092 1582 2162 septuaginta
1611 2091 1924 2147 hebdoma-

269 2176 485 2235 darum
534 2179 796 2250 perfecta
850 2182 956 2242 est,
1013 2177 1120 2232 sub
1175 2178 1400 2234 Tiberio
1457 2181 1705 2244 Caesare,
1769 2195 1920 2235 coss.

273 2265 538 2324 Rubellio
563 2265 814 2323 Gemino
843 2271 897 2322 et
929 2264 1080 2321 Rufo
1124 2266 1394 2331 Gemino,
1449 2283 1654 2322 mense
1700 2268 1924 2334 Martio,

268 2357 637 2428 temporibus
668 2355 924 2420 Paschae,
956 2353 1050 2409 die
1079 2360 1292 2411 octavo
1321 2355 1722 2411 Kalendarum
1762 2355 1926 2426 Apri-

267 2446 435 2512 lium,
464 2444 558 2500 die
597 2445 788 2515 primo
823 2447 1198 2515 Azymorum,
1223 2459 1341 2514 quo
1359 2460 1579 2514 agnum
1607 2450 1664 2500 ut
1693 2443 1922 2499 occide-

266 2540 398 2589 rent
453 2533 532 2589 ad
586 2548 920 2605 vesperam,
971 2547 1007 2586 a
1072 2533 1227 2587 Mose
1277 2528 1472 2588 fuerat
1537 2537 1919 2604 prrsceptum.

273 2625 471 2694 Neque
501 2622 656 2678 enim
685 2621 764 2676 ob
807 2621 870 2676 id
918 2620 1030 2676 dici
1062 2625 1248 2692 potest
1284 2621 1479 2692 primo
1532 2621 1627 2676 die
1671 2625 1923 2693 Azymo-

270 2727 400 2767 rum
450 2716 742 2778 mortuus,
797 2711 970 2780 juxta
1001 2710 1282 2780 praedicta
1336 2709 1672 2766 Tertulliani
1719 2710 1918 2774 verba,

273 2799 436 2871 quod
465 2815 537 2856 ea
577 2802 752 2854 nocte
798 2801 1008 2870 captus
1053 2799 1240 2855 fuerit.
1303 2799 1601 2870 Siquidem
1647 2799 1918 2854 omnium

277 2886 604 2941 testimonio
632 2886 691 2940 in
718 2901 889 2941 cruce
922 2889 977 2941 et
1009 2901 1125 2940 non
1157 2885 1214 2940 in
1255 2887 1784 2958 comprehensione
1816 2886 1923 2942 fuit

278 2981 475 3031 nostra
501 2976 844 3048 redemptio.
876 2979 941 3032 Et
965 2975 1173 3048 procul
1199 2977 1374 3032 dubio
1393 2976 1594 3032 divina
1621 2977 1677 3031 id
1718 2981 1921 3032 actum

277 3068 362 3118 est
418 3063 800 3132 Providentia,
852 3066 1017 3137 quod
1071 3081 1140 3122 eo
1188 3081 1348 3121 anno
1411 3065 1632 3138 duplex
1684 3067 1922 3121 decima

271 3157 480 3224 quarta
508 3152 642 3210 luna
680 3154 1047 3218 occurrebat,
1076 3159 1140 3210 ut
1169 3154 1420 3209 diversis
1444 3153 1832 3225 respectibus,
1865 3159 1920 3210 et

269 3239 405 3296 hinc
435 3243 548 3297 veri
611 3242 754 3311 agni
794 3242 1125 3297 immolatio
1173 3243 1373 3315 typico
1414 3242 1811 3313 responderet,
1865 3246 1922 3298 et
1951 3269 1990 3324 ρ

266 3329 427 3385 illinc
446 3331 705 3386 Christus
746 3331 821 3384 ad
842 3329 1016 3383 ﬁnem
1052 3345 1241 3401 usque
1273 3331 1402 3384 vitae
1423 3329 1614 3398 legem
1638 3336 1914 3397 servaret,

266 3422 334 3472 ut
349 3416 529 3472 habet
558 3417 733 3472 etiam
775 3419 1000 3472 Grazcus
1029 3417 1510 3487 Chrysostomus,
1543 3433 1612 3472 ac
1655 3419 1918 3490 typicum

265 3519 489 3572 agnum
516 3520 652 3560 vera
671 3510 726 3559 et
748 3504 1011 3572 legitima
1043 3505 1272 3560 decima
1293 3511 1506 3576 quarta
1535 3505 1674 3560 luna
1705 3504 1915 3569 ederet,

264 3591 417 3648 sicut
445 3608 578 3648 eum
611 3593 802 3649 edisse
834 3593 971 3648 dicit
998 3593 1409 3665 Hieronymus.
1441 3595 1499 3649 Et
1526 3594 1598 3648 de
1623 3593 1736 3648 hac
1765 3593 1916 3649 deci-

262 3697 360 3738 ma
398 3690 609 3752 quarta
657 3682 819 3746 luna,
856 3682 1026 3752 juxta
1058 3681 1266 3737 Christi
1324 3681 1799 3738 numerationem
1839 3683 1920 3737 lo-

255 3775 522 3843 quuntur
559 3771 803 3826 indubie
834 3771 1158 3839 Matthaaus,
1197 3772 1424 3826 Marcus
1454 3777 1509 3826 et
1538 3772 1745 3838 Lucas,
1779 3787 1917 3827 cum

261 3859 424 3914 aiunt
444 3858 617 3914 fuisse
645 3859 904 3931 primum
937 3860 1097 3914 diem
1125 3863 1506 3930 Azymorum.
1531 3859 1679 3914 Nam
1702 3875 1841 3915 cum
1857 3859 1914 3914 hi

260 3951 376 4004 tres
417 3949 796 4019 evangelistee
840 3963 1124 4018 magnam
1173 3947 1434 4003 facerent
1490 3949 1670 4017 hujus
1726 3963 1916 4003 coenae

257 4037 637 4104 mentionem,
666 4043 722 4093 et
744 4037 1204 4093 consecrationis
1221 4037 1614 4102 Eucharistiae,
1646 4037 1916 4092 ostende-

257 4130 393 4182 runt
446 4124 741 4182 Christum
781 4126 959 4182 etiam
1000 4127 1062 4182 in
1116 4126 1231 4182 hoc
1285 4125 1477 4197 legem
1542 4126 1914 4194 observasse,

254 4231 470 4288 nempe
502 4216 676 4287 juxta
717 4231 916 4271 veram
945 4215 1134 4287 ipsius
1169 4215 1654 4287 supputationem
1689 4219 1748 4269 ut
1771 4230 1915 4285 prae-

254 4304 512 4360 diximus
534 4304 891 4376 (Joan.xm).
910 4305 1170 4360 Joannes
1190 4319 1331 4359 vero
1351 4303 1456 4376 qui
1473 4303 1546 4358 de
1566 4319 1760 4371 ccena,
1791 4308 1914 4358 tan-

255 4408 441 4464 quam
466 4394 545 4450 ab
571 4393 702 4450 aliis
723 4393 899 4449 latius
922 4397 1190 4461 tractata,
1233 4392 1411 4448 unico
1446 4393 1628 4448 verbo
1656 4391 1914 4448 absolvit

251 4481 502 4538 dicendo
535 4502 548 4541 :
581 4483 762 4540 Cana
787 4472 1163 4553 facta,aliam
1191 4481 1363 4553 juxta
1394 4487 1655 4537 veterem
1682 4481 1913 4537 Judaeu-

251 4586 381 4626 rum
399 4571 846 4629 observantiam
869 4571 1168 4627 decimam
1193 4574 1470 4643 quartam
1485 4570 1692 4625 lunam
1719 4570 1911 4626 consi-

249 4661 476 4716 deravit
508 4679 521 4730 ;
556 4659 642 4717 ad
670 4659 1111 4716 excludendum
1144 4675 1425 4726 errorem,
1473 4659 1575 4731 qui
1616 4658 1908 4715 nonnullis

246 4748 380 4804 oriri
406 4749 701 4822 potuisset
737 4763 809 4803 ex
861 4747 994 4804 aliis
1034 4747 1434 4818 evangelistis,
1485 4763 1696 4817 nempe
1747 4745 1910 4817 quod

243 4837 457 4894 veritas
481 4854 603 4894 non
646 4837 1022 4908 responderet
1047 4835 1251 4906 figurae
1282 4836 1342 4890 in
1374 4835 1496 4891 veri
1532 4837 1668 4906 agni
1692 4836 1909 4891 immo-

242 4925 484 4984 latione.
523 4931 589 4984 Et
620 4926 763 4984 ideo
801 4926 940 4982 dicit
970 4925 1167 4998 (Joan.
1213 4942 1330 4992 XIX,
1356 4927 1445 4997 14)
1482 4925 1646 4998 quod
1672 4925 1766 4981 die
1789 4939 1909 4997 quo

248 5022 508 5074 mortuus
562 5023 655 5074 est
699 5015 966 5072 Christus
992 5020 1118 5072 erat
1169 5031 1494 5085 parasceve
1534 5014 1799 5078 Paschae,
1854 5018 1912 5069 et

246 5106 406 5177 quod
439 5123 557 5163 non
587 5106 945 5163 introierunt
969 5104 1030 5160 in
1064 5103 1405 5175 praetorium
1432 5119 1507 5159 ne
1549 5104 1911 5161 contamina-

244 5199 458 5260 rentur,
490 5195 595 5251 sed
623 5200 692 5251 ut
723 5193 965 5249 ederent
1009 5192 1231 5264 pascha
1264 5213 1276 5252 :
1311 5193 1409 5248 ubi
1456 5192 1634 5247 dictio
1680 5193 1913 5248 Pascha

246 5297 625 5358 nequaquam
656 5299 772 5357 pro
803 5282 1025 5353 azymis
1056 5281 1188 5353 capi
1205 5287 1411 5352 potest,
1448 5287 1509 5336 ut
1531 5280 1784 5352 quidam
1813 5297 1911 5336 vo-

245 5371 386 5438 lunt,
417 5379 544 5429 tum
574 5371 747 5448 quod
765 5387 1065 5443 nusquam
1099 5370 1238 5426 alibi
1265 5373 1345 5426 ita
1375 5372 1648 5442 capiatur
1672 5372 1733 5426 in
1769 5372 1914 5426 Scri-

246 5463 446 5530 pturis,
479 5468 601 5518 tum
627 5460 796 5534 quod
814 5461 888 5515 ad
912 5459 1146 5516 edenda
1177 5475 1388 5531 azyma
1423 5475 1726 5532 nusquam
1756 5459 1916 5514 dica-

243 5551 556 5622 turrequiri
575 5567 588 5617 ;
605 5565 803 5623 neque
817 5547 1128 5604 verisimile
1148 5548 1360 5603 sitesse
1386 5563 1647 5611 necesse,
1671 5554 1728 5601 ut
1747 5564 1914 5602 mun-

248 5636 304 5691 di
334 5639 469 5705 sint,
503 5655 844 5712 cumpaana
860 5638 1061 5693 mortis
1088 5637 1394 5700 intentata,
1415 5641 1647 5708 septem
1675 5635 1918 5705 integris

250 5725 451 5783 diebus
477 5729 855 5786 naturalibus
886 5729 1305 5799 praeciperetur
1339 5725 1420 5780 eis
1451 5731 1518 5781 ut
1555 5741 1766 5796 azyma
1788 5724 1918 5780 ede'

2033 2003 2171 2058 bere
2199 2007 2254 2057 et
2284 2001 2646 2067 examinare,
2682 2004 3037 2059 sententiam
3062 2002 3232 2072 ferre,
3265 2004 3565 2060 Simonem
3591 2018 3686 2057 co-

2035 2105 2171 2160 gere
2204 2094 2266 2144 ut
2293 2105 2530 2145 crucem
2571 2090 2815 2156 tolleret,
2850 2091 3111 2163 sepelire,
3160 2097 3421 2146 aromata
3459 2106 3688 2163 prtepa-

2034 2191 2186 2240 rare,
2203 2175 2439 2248 aliaque
2456 2177 2712 2249 plurima
2728 2193 2924 2248 agere,
2937 2194 3074 2251 quae
3099 2181 3122 2233 .Ι
3132 2177 3285 2234 ιιόωί
3305 2194 3686 2251 nequaquam

2038 2265 2327 2330 fecissent,
2362 2266 2410 2319 si
2431 2266 2729 2322 decimam
2745 2267 3024 2338 quintam
3054 2267 3257 2322 lunam
3284 2272 3340 2322 et
3372 2267 3452 2321 ita
3471 2267 3687 2322 festum

2039 2353 2281 2409 Pascha;
2321 2358 2377 2408 et
2421 2355 2779 2424 Azymorum
2825 2369 2896 2409 eo
2941 2354 3035 2409 die
3087 2354 3507 2423 celebrassent,
3550 2370 3687 2409 cum

2037 2443 2195 2499 facta
2228 2457 2338 2496 sua
2352 2442 2656 2512 pertegem
2680 2442 3003 2498 Mosaicam
3019 2441 3347 2513 justiﬂcare
3371 2441 3692 2498 niterentur

2035 2531 2298 2586 dicentes
2333 2531 2487 2585 :Nos
2521 2531 2695 2600 legem
2725 2531 3014 2600 habemus,
3044 2537 3179 2600 etc.,
3209 2535 3266 2586 et
3308 2531 3569 2587 maxime
3598 2532 3686 2586 Jo-

2032 2619 2180 2690 seph
2208 2618 2286 2674 ab
2311 2618 2656 2674 Arimathea
2683 2617 2767 2674 vir
2796 2619 2990 2674 bonus
3016 2635 3082 2674 ac
3109 2621 3304 2690 justus
3351 2623 3406 2675 et
3452 2619 3692 2675 Nicoda-

2035 2722 2161 2762 mus
2193 2707 2293 2779 qui
2309 2705 2631 2762 Dominum
2650 2707 3031 2778 sepelierunt,
3054 2706 3154 2780 qui
3170 2711 3410 2780 propter
3426 2710 3691 2763 Parasce-

2033 2813 2144 2852 ven
2165 2795 2532 2860 Iudaeorum,
2563 2796 2707 2868 quia
2738 2812 2924 2869 prope
2963 2800 3577 2863 eratmonumentum,
3607 2798 3690 2854 ibi

2034 2890 2356 2958 posuerunt
2384 2884 2609 2950 Jesum,
2639 2885 2718 2940 ait
2748 2887 3008 2941 Joannes
3029 2885 3259 2941 decimo
3286 2886 3497 2959 capite.
3524 2886 3692 2942 Circa

2031 2991 2166 3047 qua:
2192 2974 2378 3030 verba
2416 2973 2592 3029 habet
2631 2975 2997 3044 Augustinus
3039 2992 3051 3030 :
3087 2975 3526 3032 «Acceleratam
3569 2974 3694 3030 vult

2032 3062 2274 3131 intelligi
2309 3061 2696 3134 sepulturam,
2731 3079 2805 3118 ne
2833 3063 3370 3134 advesperasceret,
3396 3079 3534 3119 cum
3561 3063 3687 3134 jam

2031 3151 2260 3224 aliquid
2281 3152 2393 3207 tale
2407 3167 2522 3206 non
2537 3151 2736 3207 liceret
2750 3157 2990 3224 propter
3000 3167 3361 3225 parasceven
3378 3167 3563 3224 quam
3581 3168 3690 3208 cte-

2033 3258 2173 3297 nam
2191 3256 2404 3313 puram
2418 3239 2606 3296 Judaei
2620 3240 2818 3296 Latine
2841 3240 3109 3296 usitatius
3127 3242 3288 3314 apud
3321 3256 3431 3297 nos
3451 3245 3684 3296 vocant.

2029 3330 2229 3403 Neque
2259 3329 2419 3384 enim
2451 3329 2644 3394 authi,
2670 3333 2768 3384 aut
2797 3328 2910 3400 piae
2929 3328 3042 3384 illas
3075 3328 3347 3385 mulieres
3375 3328 3568 3385 adhuc
3594 3345 3689 3385 co-

2030 3420 2602 3487 gnoverantcessare
2616 3417 2674 3471 in
2688 3416 2894 3470 Christi
2911 3422 3097 3471 morte
3109 3416 3342 3485 legalia.
3354 3417 3690 3482 Demum,ut

2029 3505 2261 3577 epilogo
2278 3504 2730 3568 concludamus,
2767 3503 3030 3559 Christus
3060 3519 3238 3559 suum
3273 3504 3501 3560 Pascha
3519 3505 3688 3577 juxta

2027 3594 2174 3665 legis
2207 3593 2472 3649 Mosaicae
2501 3599 2767 3648 tenorem
2793 3591 3122 3656 celebravit,
3147 3591 3337 3648 Judaai
3361 3598 3562 3648 autem
3591 3592 3687 3649 die

2029 3683 2298 3755 sequenti
2311 3683 2481 3754 juxta
2493 3681 2735 3738 Patrum
2756 3681 3100 3736 traditiones
3120 3698 3133 3749 ;
3155 3681 3375 3754 quippe
3405 3681 3506 3754 qui
3531 3680 3687 3753 lega-

2025 3771 2078 3827 le
2112 3776 2469 3843 prreceptum
2500 3772 2572 3826 de
2594 3770 2828 3826 Pascha)
2856 3770 3271 3826 observatione
3299 3772 3413 3826 hac
3437 3787 3550 3827 sua
3574 3775 3684 3827 tra-

2027 3861 2248 3916 ditione
2281 3867 2684 3932 corruperunt.
2727 3875 2910 3932 quam
2951 3859 3125 3914 refert
3170 3858 3684 3930 historiographus

2027 3966 2235 4005 eorum
2265 3949 2447 4005 Sedar
2465 3949 2634 4005 Olam
2658 3965 2671 4014 ;
2695 3948 2864 4019 cujus
2893 3947 3246 4014 traditionis,
3276 3949 3493 4004 relictis
3524 3965 3686 4003 com-

2028 4039 2228 4110 pendit
2258 4039 2447 4106 gratia
2472 4037 2762 4092 Hebraicis
2783 4036 2906 4092 haec
2930 4041 3068 4092 sunt
3092 4037 3274 4094 verba
3306 4053 3319 4091 :
3349 4037 3440 4093 Sic
3471 4040 3684 4092 statue-

2026 4131 2165 4182 runt
2192 4127 2454 4197 magistri
2479 4125 2659 4181 nostri
2689 4125 2920 4196 judices
2952 4125 3286 4181 Sanhedrin
3313 4125 3517 4195 magni
3566 4141 3681 4180 no-

2029 4216 2197 4271 minis
2237 4215 2289 4268 iu
2319 4214 2557 4270 saeculo.
2598 4215 2661 4269 In
2691 4215 2874 4270 domo
2906 4213 3222 4270 sanctuarii
3258 4214 3520 4270 secunda
3547 4229 3681 4269 cum

2024 4309 2323 4360 exstructa
2345 4309 2500 4358 esset
2519 4308 2574 4357 et
2589 4307 3163 4366 consummata,tunc
3179 4302 3452 4372 apparuit
3469 4302 3683 4358 solium

2021 4393 2268 4464 igneum
2311 4391 2820 4463 perfectissimum,
2865 4406 3041 4461 super
3092 4389 3249 4461 quod
3283 4389 3525 4444 sedebat
3560 4390 3682 4445 Rex

2022 4480 2232 4538 mundi
2263 4478 2535 4534 sublimis
2569 4478 2740 4532 valde
2759 4484 2925 4532 stans
2957 4478 3106 4533 inter
3133 4477 3425 4550 po.'ticum
3459 4497 3470 4533 :
3505 4481 3562 4533 et
3587 4495 3680 4534 ac-

2021 4575 2295 4641 ceperunt
2315 4583 2622 4634 coronam,
2639 4567 3170 4639 appemleruntque
3194 4566 3450 4637 sigillum
3480 4583 3682 4623 recon-

2018 4659 2301 4725 ditum,et
2319 4664 2656 4722 sanxerunt,
2680 4656 3222 4728 ordinaveruntque
3254 4661 3531 4711 statutum
3558 4674 3680 4729 per-

2018 4753 2262 4820 petuum
2299 4763 2312 4802 :
2359 4752 2414 4801 et
2453 4745 2731 4800 traditum
2771 4749 2860 4799 est
2893 4746 2949 4799 iu
2985 4761 3168 4800 manu
3227 4744 3414 4801 Rabbi
3449 4746 3679 4810 Eliezer,

2017 4837 2121 4909 qui
2151 4835 2392 4908 reliquis
2433 4833 2718 4890 omnibus
2747 4833 2924 4904 major
2953 4838 3080 4888 erat
3136 4850 3148 4887 :
3183 4837 3237 4887 et
3291 4833 3338 4887 is
3387 4833 3682 4890 ordinavit

2018 4924 2177 4979 diem
2240 4923 2486 4978 sortium
2543 4937 2664 4978 non
2732 4920 3034 4977 observari
3094 4921 3382 4988 secundo,
3442 4925 3678 4992 quarto,

2021 5011 2277 5084 septimo
2306 5009 2705 5066 hebdomadas
2738 5009 2866 5066 die:
2900 5025 3093 5081 neque
3128 5009 3351 5064 Pascha
3406 5009 3681 5070 secundo,

2019 5107 2233 5173 quarto
2279 5105 2442 5154 sexto
2496 5115 2510 5152 :
2572 5114 2765 5170 neque
2834 5098 2998 5152 diem
3083 5096 3445 5152 Retentionis
3513 5096 3684 5150 tertio

2021 5189 2252 5261 quinto,
2282 5187 2570 5260 septimo:
2604 5202 2799 5258 neque
2823 5185 3183 5257 principium
3217 5187 3358 5240 anni
3396 5185 3682 5247 secundo,

2023 5285 2256 5352 quarto,
2274 5281 2437 5332 sexto
2459 5293 2472 5330 :
2493 5291 2688 5347 neque
2705 5273 2864 5329 diem
2881 5273 3243 5346 Expiationis
3260 5273 3476 5346 primo,
3492 5273 3683 5336 tertio,

2025 5367 2267 5423 sextoin
2297 5371 2608 5421 aeternum.
2638 5363 2788 5428 Haec,
2820 5363 2866 5417 si
2893 5362 2986 5418 cui
3015 5362 3261 5433 placeat,
3281 5363 3455 5417 latius
3484 5361 3684 5417 videre

2025 5456 2245 5528 poterit
2281 5454 2341 5510 in
2375 5454 2555 5510 Paulo
2592 5453 2870 5523 Burgensi
2927 5468 3108 5524 super
3158 5453 3514 5516 Matthaeum,
3549 5467 3680 5522 cap.

2025 5548 2113 5610 26,
2160 5550 2214 5598 et
2270 5545 2331 5599 in
2385 5543 2532 5598 libro
2588 5558 2765 5615 quem
2843 5541 3026 5597 edidit
3100 5541 3314 5597 Paulus
3379 5541 3686 5598 Midelbur—

2026 5632 2224 5706 gensis
2261 5633 2578 5704 episcopus
2643 5630 3110 5704 Sempronianus
3170 5630 3242 5686 de
3294 5629 3684 5686 celebratione

2030 5721 2290 5778 Paschae.
2528 5738 2530 5740 ν
