4180 6498
463 414 530 469 51
1981 415 2378 472 ΡΗΕΡΑΤΙΟ.
3811 415 3884 469 52

534 538 689 594 Nihil
705 554 845 609 ergo
877 555 1081 594 eorum
1108 545 1454 612 queenoster
1472 539 1656 596 habet
1682 545 1848 597 uctor
1879 540 1983 597 tibi
2015 559 2114 597 no-
2143 543 2190 596 Α
2224 539 2335 594 uiri
2382 539 2678 597 curaveris
2709 538 3020 595 antidotis.
3062 538 3210 607 Lege
3253 539 3451 611 itaque
3485 554 3712 604 secure,
3747 555 3883 611 qua:

463 631 745 682 cumento
781 641 912 682 esse
949 626 1182 698 poterit,
1213 627 1308 699 pie
1337 627 1540 694 lector,
1576 627 1626 683 si
1647 629 1740 684 his
1773 635 1828 684 te
1858 645 2114 701 praemu-

2221 645 2345 685 non
2369 629 2496 685 sine
2532 628 2795 684 maximo
2825 627 3020 684 fructu
3053 627 3234 698 leges.

2005 964 2336 1021 EIUSDEM.

470 1117 614 1174 Loca
673 1117 929 1190 quaedam
982 1118 1040 1172 in
1099 1118 1301 1190 quibus
1352 1124 1612 1175 nostrum
1667 1117 1977 1245 exempéar
2023 1117 2143 1172 alio
2199 1116 2361 1244 modo
2402 1116 2570 1199 liabet
2635 1132 2810 1189 quam
2869 1131 2938 1174 ea
2997 1129 3121 1187 qua:
3171 1115 3340 1188 vulgo
3397 1114 3886 1185 circumferuntur

1922 1203 2064 1244 mea
2092 1202 2298 1245 exemn
2327 1203 2480 1245 ana.

1922 1203 2064 1244 mea
2092 1202 2480 1258 exemptana.

1087 1499 1182 1554 Ea:
1207 1489 1492 1555 Matthao.

536 1580 727 1641 Matth.
756 1588 810 1655 2,
843 1586 900 1641 11
958 1585 1062 1657 (α).
1093 1585 1156 1642 Et
1202 1587 1489 1642 intrantes
1521 1587 1768 1644 domum
1801 1587 2122 1660 (viderunt)

467 1689 745 1743 puerum.
779 1673 965 1730 liabet
1015 1674 1174 1730 enim
1215 1671 1354 1726 εἶδον
1401 1691 1522 1731 non
1563 1677 1705 1750 εὖρον
1744 1677 2117 1733 invenerunt.

473 1761 631 1819 Facit
654 1763 969 1820 nobiscum
1001 1763 1308 1836 exemplar
1337 1765 1772 1836 Complutense.

538 1855 592 1924 3,
661 1858 744 1908 ll.
805 1855 935 1925 lpse
1003 1859 1205 1910 autem
1259 1851 1588 1925 baptizabit
1635 1871 1739 1910 vos
1792 1855 1851 1910 in
1903 1855 2120 1928 Spiritu

470 1947 696 2000 sancto.
724 1943 854 1997 Non
886 1941 1055 1998 addit
1079 1948 1168 1995 καὶ
1197 1947 1324 2018 πυρί
1345 1943 1561 2014 etigni.
1581 1945 1914 2001 Concordat
1939 1945 2121 2001 etiam

474 2030 915 2104 Complutensis
945 2031 1136 2087 editio.

542 2124 596 2185 6,
630 2121 714 2176 18.
747 2119 830 2174 Ne
855 2120 1115 2177 videaris
1146 2119 1491 2177 hominibus
1514 2122 1802 2193 jejunare,
1847 2128 1957 2179 etc.
1992 2124 2123 2180 Post

469 2209 654 2265 verba
681 2207 825 2263 illa:
866 2205 1088 2265 Reddet
1137 2209 1264 2274 tibi,
1323 2226 1438 2264 non
1493 2211 1750 2278 additur,
1807 2209 1856 2264 ἐν
1905 2232 1976 2264 τω
2029 2233 2122 2284 φα-

468 2307 611 2369 νερῷ,
642 2298 701 2353 in
734 2298 1074 2372 propatulo.
1111 2295 1289 2355 Habet
1319 2299 1696 2356 conlormitcr
1737 2307 1792 2355 et
1816 2301 2124 2373 exemplar

471 2383 909 2459 Complutense,
957 2393 1012 2444 et
1052 2387 1298 2457 Vulgata
1344 2389 1541 2445 editio.
1589 2393 1940 2462 Quanquam
1974 2396 2031 2447 et
2061 2391 2124 2446 in

468 2483 672 2533 nostro
699 2482 754 2532 et
783 2477 843 2532 in
870 2476 1276 2548 Complutensi
1306 2479 1628 2550 exemplari
1653 2485 1832 2535 antea
1858 2481 1931 2534 sit
1955 2480 2119 2536 addi-

470 2571 597 2622 tum
625 2582 766 2622 cum
797 2567 865 2620 de
887 2565 1266 2636 eleemosyna
1293 2570 1450 2623 ﬁeret
1476 2584 1698 2626 sermo.

541 2660 596 2721 7,
633 2655 715 2708 12.
751 2654 877 2722 (lta)
909 2653 1068 2709 enim
1099 2660 1183 2709 est
1211 2653 1307 2710 lex
1349 2661 1405 2710 et
1435 2655 1766 2728 prophetae.
1822 2657 2125 2728 Siquidem

472 2741 652 2798 habet
679 2739 862 2807 οὕτως,
895 2741 974 2797 ita
1003 2739 1094 2798 vel
1133 2743 1234 2806 sic,
1269 2760 1383 2800 non
1413 2745 1582 2816 οὗτος,
1612 2745 1729 2800 hic.
1770 2746 1901 2801 Pari
1946 2745 2126 2802 modo

472 2827 612 2900 legit
635 2829 936 2902 Complut.
970 2831 1300 2903 exemplar.

545 2921 598 2989 7,
631 2920 698 2977 14
744 2919 985 2992 (Quam)
1022 2927 1280 2990 angusta
1329 2926 1415 2977 est
1461 2928 1631 2993 porta
1686 2927 1742 2978 et
1783 2923 1986 2980 stricta
2032 2923 2130 2980 via

475 3025 610 3082 quas
641 3009 798 3065 ducit
829 3009 901 3064 ad
935 3010 1123 3066 vitam.
1159 3009 1350 3066 Habet
1377 3012 1529 3065 enim
1562 3016 1634 3076 τὶ,
1677 3027 1797 3067 non
1829 3014 1930 3078 ὅτι,
1961 3011 2131 3085 quod

2231 1501 2550 1557 Nobiscum
2573 1501 2799 1557 faciunt
2825 1504 2880 1556 et
2903 1499 3210 1572 exemplar
3243 1499 3656 1571 Complutense
3681 1504 3738 1554 et
3769 1498 3892 1555 vul-

2232 1594 2368 1657 gata
2418 1588 2620 1646 editio.
2684 1589 2962 1644 Similiter
3017 1588 3169 1644 intra
3216 1588 3298 1659 (v.
3352 1590 3466 1659 31.)
3518 1587 3576 1642 in
3629 1587 3892 1643 dictione

2231 1677 2567 1743 Bethsaida,
2599 1694 2719 1734 non
2752 1677 3129 1734 Bethsaidan.

2305 1768 2389 1832 12,
2421 1769 2480 1823 8.
2520 1768 2804 1822 Dominus
2834 1772 2924 1822 est
2965 1766 3208 1822 Sabbati
3240 1765 3420 1822 Filius
3452 1765 3732 1822 hominis.
3763 1765 3890 1822 Non

2231 1856 2391 1912 enim
2443 1855 2683 1912 additur
2713 1861 2801 1908 καὶ
2854 1861 2928 1912 et.
2983 1854 3075 1912 Sic
3117 1861 3175 1911 et
3222 1853 3643 1928 Complutense
3697 1871 3893 1912 exem-

2230 1943 2384 2018 plar.

2303 2035 2390 2100 13,
2418 2033 2508 2089 32.
2544 2035 2728 2105 Majus
2763 2041 2847 2089 est
2867 2033 3199 2103 (omnibus)
3234 2031 3518 2102 oleribus,
3557 2033 3674 2088 sive
3700 2035 3888 2089 maxi-

2231 2138 2399 2178 mum
2429 2124 2575 2178 inter
2605 2123 2809 2178 omnia
2833 2122 3009 2179 olera.
3046 2122 3295 2177 Additur
3320 2120 3479 2176 enim
3521 2124 3721 2174 πάντων
3752 2138 3879 2178 om-

2231 2211 2418 2269 nium.
2454 2213 2519 2268 Et
2559 2212 2638 2268 ita
2672 2211 2847 2268 habet
2885 2220 2940 2268 et
2985 2211 3233 2282 Vulgata
3261 2209 3441 2267 editio
3491 2217 3546 2267 et
3587 2211 3890 2284 exemplar

2233 2299 2671 2374 Complutense.

2304 2390 2389 2454 14,
2413 2392 2500 2444 34.
2526 2389 2924 2462 (Gennezaret)
2953 2404 3186 2460 semper
3212 2388 3393 2445 habet
3415 2388 3472 2443 in
3501 2387 3664 2444 ﬁner
3692 2394 3887 2456 tenue,

2233 2483 2292 2533 et
2315 2477 2537 2549 duplex
2563 2499 2638 2543 νν,
2688 2477 3027 2533 Chananaaa
3055 2493 3190 2532 vero
3231 2477 3426 2549 capite
3457 2478 3753 2549 sequenti,
3816 2480 3889 2548 (v.

2231 2566 2348 2635 22.)
2375 2571 2429 2621 et
2471 2565 2618 2621 alias
2667 2565 2906 2636 saepius,
2941 2581 3176 2637 semper
3204 2566 3386 2622 habet
3430 2566 3488 2621 in
3523 2565 3691 2620 initio
3718 2588 3762 2638 χ
3810 2583 3896 2621 as-

2234 2660 2529 2728 peratum.
2587 2653 2744 2710 Facit
2793 2654 2854 2709 in
2909 2659 3157 2726 utroque
3211 2655 3533 2711 nobiscum
3587 2654 3895 2727 exemplar

2236 2741 2670 2813 Complutense.

2309 2831 2396 2895 16,
2429 2831 2516 2886 20.
2549 2832 2709 2886 Tunc
2739 2829 3017 2903 praecepit
3045 2830 3351 2904 discipulis
3383 2831 3525 2895 suis,
3574 2838 3637 2886 ut
3672 2831 3896 2888 nemini

2236 2918 2517 2983 dicerent,
2548 2919 2711 2991 quod
2738 2919 2866 2990 ipse
2899 2925 3049 2975 esset
3071 2918 3357 2976 Christus.
3382 2919 3507 2974 Non
3535 2919 3774 2974 additur
3793 2936 3895 2975 no-

2239 3024 2376 3064 men
2401 3007 2625 3070 Ἰησοῦς.
2661 3007 2724 3062 Et
2757 3008 2836 3064 ita
2867 3007 3050 3081 liquet
3080 3009 3395 3080 Origenem
3447 3010 3524 3080 (ε)
3573 3007 3789 3080 legisse
3837 3009 3896 3064 in

476 3097 568 3153 vel
615 3097 922 3170 quoniam.
964 3099 1092 3155 Pari
1131 3100 1316 3154 modo
1359 3098 1566 3170 legunt
1609 3104 1664 3155 et
1711 3100 2128 3172 Complutensc
2175 3167 2204 3172 _
2239 3095 2362 3151 suis
2393 3093 2665 3150 bomiliis.

477 3185 775 3258 exemplar
795 3192 848 3243 et
874 3187 1053 3243 editio
1081 3186 1347 3256 vulgata.

545 3279 594 3340 8,
647 3275 729 3329 11.
771 3273 927 3329 Multi
969 3273 1048 3330 ab
1093 3275 1318 3329 oriente
1349 3278 1404 3328 et
1453 3272 1758 3330 occidente
1803 3277 2039 3332 venient
2075 3281 2134 3333 et

476 3363 835 3420 accumbent
861 3363 945 3434 (in
983 3361 1242 3434 sinibus)
1279 3359 1606 3418 Abraham.
1651 3364 1849 3422 Habet
1878 3366 2040 3421 enim
2083 3365 2132 3418 ἐν

477 3460 579 3514 τοῖς
608 3452 832 3519 κόλποις,
867 3451 930 3507 in
981 3451 1230 3519 sinibus,
1273 3467 1396 3508 non
1435 3454 1565 3525 μετά
1604 3469 1761 3510 cum.
1806 3455 2132 3512 Nobiscum

474 3542 686 3614 legisse
712 3542 798 3613 (ἡ)
817 3539 1314 3614 Chrysostomum
1340 3541 1724 3598 manifestum
1747 3548 1834 3599 est
1851 3559 1922 3598 ex
1943 3543 2135 3600 homi-

474 3631 553 3688 lia
578 3631 764 3703 ipsius
793 3631 882 3693 27,
917 3644 1097 3700 super
1121 3629 1471 3686 Matthmum.

548 3721 600 3786 8,
641 3719 720 3772 15.
745 3716 1005 3772 Surrexit
1027 3719 1082 3771 et
1107 3715 1482 3772 ministrabat
1507 3717 1601 3787 (ei)
1623 3720 1772 3774 Nam
1793 3718 1975 3774 habet
1996 3719 2136 3791 αὐφῷ

477 3803 873 3873 singulariter,
909 3819 1031 3859 non
1071 3803 1244 3864 αὐτοῖς
1283 3803 1386 3860 eis.
1418 3803 1742 3861 Nobiscum
1787 3806 1928 3862 facit
1972 3808 2138 3864 Com-

477 3893 748 3968 plutense
769 3893 1094 3964 exemplar,
1125 3901 1179 3949 et
1210 3892 1462 3963 Vulgata
1488 3893 1666 3950 editio
1692 3894 1748 3950 in
1779 3895 2138 3967 quibusdam

477 3981 774 4039 veteribus
799 3982 1266 4053 exemplaribus.

557 4076 639 4134 10,
669 4075 724 4128 1.
770 4071 1082 4127 Accersitis
1116 4073 1182 4126 12
1212 4070 1510 4143 discipulis
1545 4072 1687 4138 suis,
1721 4072 1887 4128 dedit
1927 4073 2010 4129 eis
2036 4089 2139 4146 po-

479 4164 751 4217 testatem
801 4159 1134 4230 (adversus)
1175 4158 1420 4230 spiritus
1477 4160 1840 4215 immundos.
1905 4165 2019 4217 Nec
2078 4162 2139 4218 in

479 4252 684 4306 nostro
726 4264 835 4304 nec
866 4249 925 4303 in
970 4247 1376 4320 Complutensi
1423 4248 1736 4321 exemplari
1791 4249 2140 4321 exprimitur

479 4339 800 4414 praeposito
843 4341 978 4390 κατὰ
1016 4337 1326 4392 adversus.
1356 4339 1423 4392 Et
1448 4336 1524 4393 ita
1551 4353 1796 4410 quoque
1824 4339 2035 4408 legisse
2063 4340 2140 4394 vi-

480 4427 651 4483 detur
680 4428 779 4500 qui
804 4427 1109 4498 vulgarem
1136 4425 1300 4482 dedit
1325 4425 1646 4482 editionem
1675 4449 1686 4480 :
1718 4429 1798 4483 ait
1819 4427 1967 4483 enim
1996 4445 2008 4483 :
2037 4429 2140 4484 De-

2165 3167 2206 3222 C
2316 3185 2401 3250 18,
2433 3187 2486 3240 8.
2519 3183 2806 3239 Abscinde
2837 3184 2972 3255 (ea).
3005 3183 3192 3239 Habet
3223 3185 3382 3240 enim
3407 3183 3540 3236 αὐτὰ
3570 3183 3897 3256 pluraliter,

2241 3287 2362 3328 non
2394 3273 2548 3324 αὐτὸν
2590 3272 2986 3341 singulariter.
3020 3271 3351 3328 Concordat
3375 3272 3554 3328 etiam
3597 3271 3900 3345 exemplar

2242 3361 2536 3433 Complut.

2313 3451 2400 3515 18,
2451 3451 2528 3506 l9.
2563 3452 2816 3506 Rursum
2845 3450 3070 3519 (amen)
3101 3449 3236 3506 dico
3263 3448 3452 3513 vobis,
3492 3449 3655 3521 quod
3689 3449 3738 3504 si
3781 3449 3903 3506 duo

2241 3555 2312 3596 ex
2335 3539 2521 3610 vobis,
2545 3544 2654 3594 etc.
2689 3541 2837 3594 Nam
2863 3537 3098 3594 additur
3128 3539 3265 3612 ἀμὴν
3292 3539 3471 3596 etiam
3511 3539 3571 3594 in
3605 3539 3898 3612 Complut.

2242 3627 2588 3700 exemplari.

2316 3718 2400 3780 18,
2435 3720 2523 3772 29.
2575 3713 2889 3771 Procidens
2938 3731 3080 3786 ergo
3108 3716 3360 3789 (servus)
3408 3715 3481 3771 ad
3519 3717 3701 3787 pedes
3741 3718 3896 3789 ejus.

2248 3804 2434 3860 Habet
2459 3804 2617 3860 enim
2648 3803 2726 3876 (ά)
2777 3800 2985 3869 δοῦλος,
3012 3820 3133 3860 non
3163 3801 3447 3866 σύνδουλος
3479 3804 3638 3856 αὐτοῦ
3673 3820 3906 3860 conser-

2245 3910 2358 3948 vus
2385 3894 2533 3964 ejus,
2563 3908 2919 3965 quanquam
2951 3909 3084 3947 vere
3109 3909 3427 3948 conservus
3457 3897 3602 3948 erat.
3635 3895 3699 3948 Et
3730 3893 3903 3959 infra,

2245 3982 2458 4038 eodem
2504 3998 2694 4048 versu,
2747 3984 2810 4037 Et
2841 3980 3068 4037 solvam
3108 3981 3206 4037 tibi
3242 4001 3254 4038 :
3290 3997 3411 4037 non
3467 3981 3700 4037 additur
3738 3984 3907 4034 πάντα

2247 4071 2471 4126 omnia.
2507 4073 2570 4126 Et
2615 4070 2674 4126 in
2708 4070 2820 4126 hoc
2860 4070 3173 4142 posteriore
3220 4070 3542 4126 concordat
3584 4069 3906 4126 nobiscum

2247 4159 2555 4232 exemplar
2585 4157 2883 4230 Complut.

2318 4250 2405 4314 21,
2440 4250 2490 4303 1.
2525 4249 2591 4305 Et
2637 4247 2902 4303 similiter
2929 4247 3068 4303 Luc.
3105 4251 3188 4314 19,
3217 4247 3304 4304 29.
3339 4247 3732 4320 Bethsphage,
3769 4247 3910 4302 scri-

2248 4337 2404 4394 bitur
2425 4339 2499 4407 (e)
2525 4336 2871 4410 interposito
2899 4356 2950 4391 σ.
2980 4334 3308 4393 Concordat
3340 4336 3560 4412 ubique
3583 4335 3909 4410 exemplar.

2249 4426 2543 4500 Complut.

481 4517 568 4572 dit
605 4516 689 4571 eis
719 4519 1070 4588 potestatem
1103 4515 1412 4587 spirituum
1444 4514 1924 4583 immundorum,
1963 4516 2140 4572 Addi-
2173 4527 2219 4580 D
2318 4517 2405 4581 21,
2441 4517 2491 4570 7.
2535 4517 2600 4572 Et
2625 4514 2798 4586 (sedit
2849 4531 3023 4586 super
3064 4513 3156 4585 ea)
3209 4513 3478 4571 videlicet
3529 4515 3910 4571 vestimenta.

483 4605 684 4660 dimus
716 4609 940 4671 tamen,
975 4604 1243 4674 exigente
1275 4604 1330 4658 id
1361 4604 1676 4661 sententia.

557 4693 642 4759 10,
672 4697 722 4748 3.
747 4692 1006 4749 Jacobus
1021 4692 1250 4765 Alphrei
1269 4691 1426 4747 ﬁlius
1449 4697 1501 4747 et
1526 4691 1840 4762 (Lebans).
1863 4696 2010 4750 Nam
2037 4691 2138 4750 ha-

481 4781 582 4839 bet
613 4781 829 4854 ubique
857 4780 1059 4844 λεϐαῐος
1089 4780 1343 4853 simplici
1385 4779 1441 4853 β.
1483 4783 1546 4836 Et
1575 4781 1656 4837 ita
1687 4797 1922 4854 semper
1965 4782 2142 4841 habet

481 4869 726 4941 vulgata
755 4869 953 4926 editio.

557 4962 645 5028 11,
688 4959 769 5015 16.
822 4958 1039 5015 Similis
1079 4962 1167 5015 est
1214 4957 1414 5030 pueris
1466 4959 1809 5015 sedentibus
1863 4960 1925 5017 in
1967 4961 2141 5033 (foro)

483 5047 682 5107 Habet
712 5049 870 5104 enim
923 5047 1091 5122 ἀγορᾷ
1137 5047 1524 5116 singulariter,
1558 5064 1678 5105 non
1728 5048 1947 5124 ἀγοραῖς
1975 5050 2138 5106 foris.

546 5224 650 5298 (a).
700 5227 853 5298 Loca
884 5229 1160 5298 quatuor
1201 5224 1700 5298 evangelistarum
1741 5225 1818 5282 ab
1860 5228 2144 5282 Hentenio

487 5297 684 5420 midinis
715 5294 955 5378 deﬁnite
982 5298 1186 5352 notata
1210 5295 1270 5351 in
1300 5313 1470 5352 usum
1496 5295 1785 5353 lectorum
1814 5300 2145 5354 accuratius

489 5383 545 5420 m
597 5383 771 5420 1cav1.

489 5383 771 5421 ιηαιαξὶνι.

557 5438 636 5509 (ὁ)
670 5439 974 5510 Chrysost.
1005 5443 1047 5494 ί.
1084 5439 1193 5504 νη,
1247 5456 1298 5510 p.
1347 5440 1472 5505 209,
1523 5441 1580 5494 C.
1611 5439 1685 5500 εἰς
1730 5443 1851 5498 τοὺς
1900 5439 2140 5502 κόλπους.

487 5508 643 5582 Idem
698 5508 839 5564 ibid.
905 5525 960 5580 p.
1013 5511 1115 5565 315
1163 5508 1311 5582 mea;
1375 5513 1437 5565 Et
1492 5527 1550 5581 p.
1604 5512 1726 5574 36l,
1776 5512 1840 5564 D.
1904 5511 1969 5570 εἰς
2025 5515 2144 5573 τοὺς

488 5579 729 5640 κόλπους.
771 5584 874 5636 Per
911 5579 1362 5652 Vincogitantiam
1421 5579 1546 5636 huic
1586 5581 1757 5636 tinxit
1803 5582 2143 5652 (Jhrysosto-

491 5668 617 5722 mus
648 5668 716 5706 ex
751 5653 881 5708 Luc.
923 5657 1003 5719 16,
1038 5651 1122 5719 23,
1151 5659 1212 5708 ut
1241 5669 1312 5708 ex
1344 5652 1539 5722 primo
1571 5651 1979 5720 Chrysostomi
2014 5653 2145 5709 loco

490 5721 855 5793 intelligitur.

2250 4603 2436 4660 Habet
2484 4604 2641 4660 enim
2690 4599 3064 4674 singulariter
3121 4602 3359 4656 ἐκάθισεν
3419 4602 3590 4672 sedit,
3641 4608 3698 4659 et
3746 4601 3912 4654 αὐτῶν

2249 4691 2566 4766 pluraliter.
2597 4692 2820 4748 Eodem
2846 4691 3028 4748 modo
3059 4692 3360 4763 exemplar
3386 4691 3674 4764 Complut.
3709 4690 3915 4764 quoad

2250 4798 2512 4846 sensum,
2586 4780 2718 4837 licet
2783 4779 3032 4836 verbum
3107 4781 3328 4837 haheat
3376 4781 3772 4851 compositum
3852 4778 3914 4830 ἐπ

2251 4873 2486 4924 εκάθισεν
2517 4869 2614 4943 (f),
2647 4885 2770 4925 non
2801 4877 2998 4926 autem
3031 4874 3093 4926 ut
3122 4870 3239 4928 alia
3265 4869 3633 4942 exemplaria
3671 4869 3913 4924 ἐπεκάθι-

2254 4980 2349 5014 σαν
2380 4959 2546 5012 ἐπάνω
2581 4958 2663 5030 (g)
2710 4958 2874 5021 αὐτῆς
2902 4957 3269 5017 collocarunt
3317 4974 3499 5031 super
3525 4958 3714 5027 illam,
3765 4963 3915 5032 puta

2254 5065 2508 5106 astnam.

2349 5225 2427 5299 c).
2467 5228 2633 5299 Tom.
2669 5229 2753 5290 ΙΙΙ,
2786 5243 2850 5299 ρ.
2892 5231 3014 5284 532.
3046 5231 3110 5283 Α.

2348 5294 2711 5371 (ἰηζύνᾷουλος
2737 5294 2909 5371 habet
2931 5306 3188 5371 interque
3218 5314 3381 5354 meus
3411 5299 3718 5371 Euthymii.

2348 5373 2397 5443 ei
2423 5369 2642 5443 Scribis
2672 5370 2891 5425 scilicet
2917 5369 3131 5426 Graecis
3159 5376 3354 5426 notum
3383 5377 3511 5426 erat
3548 5369 3744 5443 ἁφκγὴ.

2347 5441 2399 5514 Γ)
2429 5441 2732 5514 ἐπεκάθισεν
2757 5447 3016 5514 uterque,
3034 5459 3220 5498 mens.

2327 5512 2408 5582 (g)
2453 5511 2623 5584 Αὐτῆς
2670 5511 2950 5568 Erasmus
3007 5512 3342 5584 importavit
3391 5519 3598 5569 contra
3650 5513 3913 5568 codices.

2253 5581 2528 5668 Socunda
2559 5589 2758 5668 tamen
2803 5584 2932 5654 ejus
2977 5581 3155 5641 editio
3187 5590 3343 5640 recte
3387 5586 3568 5642 habet
3610 5583 3916 5637 ἐπεκάθισεν

2255 5673 2424 5704 επανω
2447 5673 2613 5705 αυτων
2627 5697 2640 5710 .
