4180 6518
271 474 344 531 53
1784 462 2181 524 PREFATIO.
3618 464 3691 521 54

343 598 436 669 2t,
469 596 554 654 η.
590 598 655 652 Et
705 594 1063 650 accesserunt
1116 590 1189 646 ad
1241 604 1378 647 eum
1435 587 1633 647 claudi
1680 592 1737 646 et
1765 590 1923 645 caeci.
1957 590 2004 646 Δ
2035 590 2530 663 vigilaremecum
2554 591 2811 648 ‘i'Ethmc
2834 588 3135 647 distinctio
3167 587 3359 659 magis
3387 587 3684 660 quadrat:

274 690 418 745 Nam
436 687 542 742 hoc
571 683 776 740 ordine
795 682 933 755 legit
959 680 1262 753 exemplar
1287 679 1461 736 etiam
1477 678 1887 751 Complutense
1908 694 1920 731 :

273 793 390 833 non
447 782 507 832 ut
573 776 685 830 alia
733 771 1092 845 exemplaria
1136 770 1359 827 diverso
1401 769 1631 838 ordine,
1680 768 1812 824 caaci
1869 771 1927 823 et

269 866 477 922 claudi.

334 952 424 1018 22,
452 954 505 1011 4.
531 953 678 1009 Ecce
696 949 1016 1024 prandium
1039 963 1240 1005 meum
1267 949 1575 1020 (paratum
1601 945 1926 1018 est).Siqui-

266 1044 390 1099 dem
426 1041 608 1098 habet
654 1043 980 1112 ἡτοίμασται
1017 1037 1188 1094 tertia
1235 1050 1482 1109 persona
1531 1034 1769 1107 passiva
1807 1049 1925 1090 non

259 1134 533 1204 ἠτοίμασα
560 1128 790 1203 paravi.

335 1216 428 1285 22,
457 1220 547 1286 35,
581 1214 647 1274 Et
675 1212 1054 1288 interrogavit
1077 1222 1216 1271 eu‘m
1245 1228 1399 1269 unus
1423 1228 1491 1268 ex
1522 1211 1608 1269 ‘eis
1626 1211 1767 1284 legis
1788 1213 1922 1268 doc-

262 1314 355 1366 tor
389 1314 622 1365 tentans
669 1323 826 1362 eum.
868 1308 990 1361 Non
1049 1304 1205 1360 enim
1252 1302 1482 1360 additur
1527 1305 1607 1363 τὶς
1652 1300 1919 1374 (h)quis-

263 1399 451 1470 piam,
480 1401 618 1452 ante
638 1397 904 1451 Tentans.
940 1393 1180 1450 Faciunt
1208 1392 1514 1449 nobiscum
1536 1393 1594 1447 et
1614 1384 1923 1461 exemplar

267 1489 684 1561 Complutense
710 1490 764 1542 et
799 1484 1051 1555 Vulgata
1080 1484 1278 1541 editio.

335 1574 425 1642 23,
471 1582 531 1632 7.
562 1576 630 1631 Et
649 1573 845 1631 vocari
872 1573 948 1629 ab
969 1572 1310 1628 hominibus
1339 1571 1555 1642 (Rabbi
1584 1569 1790 1642 Rabbi)
1820 1582 1917 1642 ge-

260 1665 490 1722 minata
512 1664 578 1735 (3)
610 1662 875 1719 dictione.
900 1665 1011 1719 Nec
1041 1666 1125 1719 est
1152 1660 1335 1737 ῥαϐϐεί
1373 1674 1479 1733 per
1527 1658 1919 1732 dipthongum

260 1740 369 1811 Sed
404 1752 583 1829 ῥαϐϐί.
619 1755 776 1809 Facit
804 1762 909 1825 per
948 1751 1151 1809 omnia
1205 1749 1505 1806 nobiscum
1545 1749 1721 1807 editio
1751 1750 1916 1805 Com;

258 1830 568 1917 plutensis.
1158 1850 1163 1855 '
1680 1842 1690 1853 ⁸

2034 681 2255 752 alioqui
2285 682 2447 738 enim
2486 681 2631 737 nihil
2670 686 2760 736 est
2786 679 2953 752 quod
2980 679 3095 736 soli
3122 679 3289 735 Petro
3318 677 3550 734 locutus
3577 678 3678 735 sit.

2033 771 2347 842 Exemplar
2366 772 2545 827 etiam
2565 770 2987 842 Complutense
3003 769 3171 826 addit
3193 767 3687 841 (m)hypostigma

2031 865 2168 931 post
2191 859 2502 916 dictionem
2530 859 2689 920 οὕτως
2718 858 2823 914 sic.

2105 948 2193 1015 27,
2226 951 2319 1004 42.
2361 946 2694 1003 Descendat
2743 960 2904 1002 nunc
2959 945 3034 1001 de
3060 960 3235 1002 cruce
3283 948 3341 1002 et
3373 945 3690 1002 credemus

2032 1036 2116 1107 (in
2142 1037 2328 1107 eum).
2357 1039 2559 1109 Neque
2613 1034 2764 1092 enim
2827 1032 3175 1106 simpliciter
3214 1032 3397 1090 habet
3427 1034 3568 1104 αὐτῷ
3611 1034 3686 1097 ei.

2031 1125 2135 1181 sed
2165 1124 2242 1177 ἐπ’
2274 1125 2437 1195 αὐτῷ.
2494 1124 2625 1180 Pari
2664 1121 2848 1181 modo
2893 1122 3037 1195 legit
3061 1126 3119 1179 et
3154 1120 3463 1194 exemplar
3514 1122 3685 1179 Com-

2029 1213 2306 1286 plutense
2320 1259 2332 1270 .

2099 1307 2189 1369 27,
2233 1306 2319 1359 54.
2362 1301 2641 1359 Centurio
2669 1305 2872 1359 autem
2901 1304 2958 1357 et
2985 1300 3093 1374 qui
3122 1312 3263 1357 cum
3282 1312 3350 1356 eo
3374 1303 3545 1357 erant
3569 1314 3689 1356 sero

2027 1399 2239 1451 vantes
2262 1395 2487 1459 .lesum,
2511 1408 2651 1450 cum
2671 1393 2961 1449 vidissent
2980 1406 3115 1465 qum
3128 1391 3370 1461 fiebant,
3387 1394 3500 1448 etc.
3530 1389 3688 1449 Nihil

2028 1483 2121 1539 hic
2147 1483 2363 1540 dicitur
2386 1483 2462 1539 de
2491 1486 2662 1541 terras
2692 1486 2858 1539 motu
2889 1497 2902 1535 :
2934 1495 3132 1554 neque
3161 1480 3323 1538 enim
3355 1479 3688 1538 addebatur

2025 1576 2110 1625 τὸν
2144 1576 2353 1646 νεισμὸν
2383 1578 2491 1638 καὶ,
2547 1576 2971 1640 terrasmotum,
3004 1575 3083 1627 et.
3113 1573 3227 1627 Nec
3269 1576 3468 1627 tamen
3509 1570 3599 1642 (η)
3624 1568 3687 1626 id

2024 1661 2245 1718 librarii
2268 1662 2413 1719 vitio
2446 1661 2738 1719 omissum
2776 1659 3040 1717 videtur:
3081 1674 3222 1716 nam
3249 1660 3516 1725 Joannis,
3548 1670 3683 1731 cap.

2025 1764 2143 1817 vni,
2185 1768 2239 1807 v.
2297 1753 2383 1815 28,
2440 1765 2622 1824 super
2671 1764 2744 1807 eo
2793 1749 3022 1806 verbo:
3081 1747 3231 1805 Cum
3288 1746 3687 1805 exaltaveritis

2028 1840 2228 1898 Filium
2256 1840 2534 1907 hominis,
2563 1845 2672 1897 etc.
2728 1842 2864 1897 limo
2920 1836 3106 1896 verba
3144 1838 3203 1895 in
3234 1838 3518 1895 eumdem
3543 1837 3687 1896 citat

326 1931 414 1996 23,
462 1932 551 1997 i3,
589 1931 680 1988 14.
710 1929 808 1985 Vm
843 1928 1021 1986 vobis
1090 1928 1309 1985 Scribas
1368 1932 1424 1984 et
1476 1922 1747 1984 Pharisaei
1811 1926 1919 1999 hy-
1952 1937 1995 1995 Β
2025 1928 2294 1987 modum.

248 2020 510 2093 pocritaa,
543 2018 685 2092 quia
734 2017 1028 2073 devoratis
1086 2017 1287 2072 domos
1314 2017 1653 2073 viduarum.
1688 2015 1753 2072 Et
1782 2021 1917 2086 post

254 2106 411 2165 hanc
459 2104 947 2180 deplorationem,
988 2104 1249 2176 sequitur
1302 2104 1424 2169 illa,
1459 2120 1575 2177 qua
1603 2104 1740 2162 dicit
1770 2121 1783 2159 :
1814 2104 1914 2160 Vas

252 2196 428 2254 vobis
458 2196 678 2252 Scribae
703 2200 760 2251 et
789 2192 1069 2249 Pharisaei
1097 2192 1440 2265 hypocriten,
1472 2192 1612 2265 quia
1640 2190 1915 2249 clauditis

254 2301 503 2357 regnum
534 2283 846 2342 caelorum.
879 2284 996 2339 Hoc
1023 2281 1203 2338 etiam
1229 2281 1435 2337 ordine
1454 2281 1590 2353 legit
1610 2280 1916 2352 exemplar

254 2374 702 2445 Complntense.

320 2462 411 2517 2b.
443 2461 537 2519 45.
590 2462 874 2527 Quisnam
931 2464 1018 2516 est
1053 2457 1241 2515 ﬁdelis
1294 2472 1492 2514 servus
1521 2463 1578 2514 et
1629 2455 1908 2530 prudens,

249 2552 431 2625 quem
454 2548 712 2623 praefecit
765 2548 1051 2605 Dominus
1082 2546 1298 2619 (suus).
1338 2545 1584 2602 Additur
1638 2546 1797 2603 enim
1821 2546 1912 2598 αὐ-

127 2689 141 2700 .
248 2636 480 2711 105(k).
520 2636 795 2695 Similiter
818 2636 972 2695 infra
1012 2637 1093 2708 (ν.
1140 2636 1233 2707 49)
1276 2652 1290 2691 :
1332 2636 1398 2691 Et
1429 2633 1669 2707 coeperit
1708 2649 1910 2706 percu-

248 2732 371 2785 tere
408 2740 726 2785 conservos
757 2726 966 2799 (suos).
1017 2722 1321 2797 Siquidem
1350 2722 1460 2780 hoc
1482 2723 1661 2780 etiam
1693 2722 1753 2778 in
1784 2722 1908 2778 loco

249 2812 579 2874 addebatur
603 2816 783 2870 αὐτοῦ.
821 2815 1062 2872 Faciunt
1109 2813 1422 2870 nobiscum
1467 2812 1526 2867 in
1570 2811 1747 2884 priori
1777 2812 1909 2884 qui-

253 2904 385 2961 dem
412 2904 711 2976 exemplar
729 2902 1142 2977 Complutense
1161 2919 1174 2969 ;
1195 2903 1254 2957 in
1268 2901 1580 2975 pesteriori
1603 2910 1757 2968 Vero,
1791 2900 1908 2957 edi-

253 2993 339 3050 tio
370 2993 632 3063 Vulgata.

323 3076 412 3146 25,
443 3083 502 3138 2.
540 3081 806 3154 Quinque
832 3078 1030 3139 autem
1062 3082 1135 3136 ex
1178 3079 1258 3136 eis
1313 3080 1472 3136 erant
1500 3078 1821 3151 prudentes
1849 3081 1909 3133 et

245 3172 508 3245 quinque
546 3169 737 3226 fatuae.
772 3172 889 3225 Hoc
937 3169 1147 3225 ordine
1201 3167 1307 3241 qui
1359 3167 1684 3224 naturalior
1709 3170 1819 3233 est,
1853 3168 1907 3222 et

2095 2022 2184 2085 28,
2226 2019 2315 2077 l9.
2342 2021 2581 2085 Euntes,
2615 2017 2825 2075 docete
2850 2031 3064 2074 omnes
3105 2019 3331 2087 gentes.
3361 2017 3491 2074 Non
3515 2014 3685 2074 addi-

2026 2111 2117 2165 tur
2147 2109 2225 2179 (0)
2252 2105 2338 2160 οὖν
2365 2124 2525 2180 ergo,
2576 2112 2718 2181 post
2754 2107 3078 2164 dictionem
3136 2109 3353 2163 euntes.
3380 2103 3508 2164 Pari
3534 2118 3683 2179 quo-

2024 2211 2142 2270 que
2174 2195 2353 2253 modo
2383 2197 2527 2267 legit
2547 2195 2850 2268 exemplar
2875 2194 3322 2268 Complutense.

2684 2334 2783 2394 Ex
2804 2337 3025 2394 Marco.

2100 2466 2145 2534 l,
2180 2462 2273 2519 16.
2315 2461 2471 2518 Vidit
2500 2458 2804 2519 Simonem
2824 2464 2882 2517 et
2905 2458 3207 2518 Andream
3231 2459 3473 2517 fratrem
3493 2456 3681 2531 ipsius

2020 2550 2353 2623 (Simonis.)
2378 2549 2632 2606 Additur
2658 2558 2924 2621 namque
2974 2555 3068 2601 τοῦ
3092 2554 3335 2621 Σιμωνθς,
3387 2547 3565 2605 etiam
3617 2546 3678 2605 in

2018 2638 2344 2710 exemplari
2377 2637 2805 2711 Complutensi.

2088 2729 2139 2794 1,
2166 2732 2253 2784 35.
2293 2727 2452 2784 Abiit
2474 2727 2536 2782 in
2566 2727 2872 2783 desertum
2891 2724 3116 2783 locum.
3152 2728 3218 2782 ln
3247 2728 3451 2782 nostro
3479 2739 3679 2783 exem-

2016 2817 2165 2890 plari
2204 2832 2325 2873 non
2352 2814 2801 2888 exprimebatur
2850 2829 3075 2871 nomen
3128 2814 3354 2877 Ἰησοῦς.
3386 2814 3546 2872 Facit
3573 2829 3676 2873 au-

2016 2906 2135 2963 tem
2165 2905 2476 2961 nobiscum
2508 2905 2620 2960 hoc
2650 2904 2710 2960 in
2739 2904 2873 2961 loco
2899 2902 3133 2975 vulgata
3171 2900 3360 2960 editio.

2087 2995 2140 3060 3,
2183 2996 2271 3049 3t.
2303 2993 2575 3067 Cumque
2621 2992 3134 3065 circumspexisset
3196 2994 3258 3048 in
3303 2992 3550 3049 circuitu
3569 2993 3678 3050 cir-

2016 3098 2147 3139 cum
2178 3082 2464 3139 sedentes.
2515 3083 2646 3139 Non
2679 3081 2845 3139 addit
2865 3082 2945 3154 (p)
2985 3083 3223 3154 μαθητάς
3247 3080 3593 3154 discipulos,
3620 3084 3677 3138 et

2016 3172 2097 3228 ita
2120 3170 2457 3244 generalius
2483 3169 2762 3243 loquitur.
2789 3171 3035 3227 Faciunt
3058 3162 3373 3227 nobiscum
3402 3170 3460 3228 et
3478 3185 3677 3227 exem-

236 3261 407 3332 juxta
438 3258 733 3332 praecepta
768 3256 1110 3323 rhetorices,
1140 3257 1311 3313 habet
1334 3258 1499 3313 etiam
1528 3255 1704 3312 editio
1736 3255 1907 3313 Com-
1943 3285 1986 3344 ρ
2016 3259 2143 3333 plar
2171 3260 2587 3333 Complutense
2615 3263 2676 3316 et
2707 3259 2956 3331 Vulgata
2987 3259 3187 3317 editio.

240 3348 558 3422 plutensis.
593 3347 659 3403 Et
691 3346 961 3401 similiter
1006 3344 1162 3403 infra
1191 3345 1266 3416 (v.
1298 3348 1349 3415 4)
1381 3364 1397 3416 ;
1423 3346 1741 3402 Prudentes
1770 3359 1905 3401 vero

243 3438 600 3507 acceperunt
630 3434 831 3489 oleum
869 3434 928 3488 in
968 3432 1131 3490 vastis
1156 3433 1279 3489 suis
1331 3448 1466 3489 cum
1517 3432 1905 3504 lampadibus

246 3524 439 3596 (suis)
464 3521 642 3577 Addit
665 3521 842 3577 etiam
876 3520 1187 3578 nobiscum
1217 3520 1496 3594 praedicta
1523 3520 1696 3577 editio
1739 3521 1906 3573 αὐτῶν

247 3628 396 3668 Sllls.

316 3704 406 3766 26,
432 3700 525 3757 18.
569 3702 644 3757 Ite
675 3700 735 3755 in
752 3700 1048 3757 civitatem
1074 3701 1150 3756 ad
1169 3699 1515 3771 quemdam,
1542 3698 1775 3756 etdicite
1802 3698 1854 3756 ei
1883 3714 1902 3755 :

239 3786 494 3861 Tempus
542 3804 743 3845 meum
788 3794 975 3861 prdpe
1000 3793 1106 3845 est.
1159 3790 1289 3845 Non
1335 3787 1513 3847 habet
1543 3790 1568 3841 ὁ
1638 3785 1904 3842 όιὸάσκα-

236 3878 503 3949 λοςλέσγει,
566 3876 836 3948 Magister
893 3874 1069 3943 dicit;
1101 3891 1293 3950 neque
1342 3875 1529 3933 ullam
1581 3876 1721 3933 facit
1768 3877 1901 3949 ejus

241 3967 605 4023 mentionem
635 3965 691 4022 in
723 3966 1199 4022 Commentariis.
1239 3965 1423 4022 Habet
1447 3969 1649 4023 tamen
1678 3966 1820 4022 illud
1844 3965 1903 4023 in

242 4047 439 4112 Marco
491 4056 547 4111 et
584 4054 762 4121 Luca,
809 4053 957 4111 sicut
1009 4054 1063 4111 et
1117 4058 1329 4112 caetera
1402 4054 1785 4128 exemplaria.
1840 4058 1905 4112 Et

242 4143 387 4216 quia
458 4142 567 4198 hoc
631 4140 808 4197 etiam
872 4140 1002 4197 loco
1054 4140 1114 4197 id
1165 4134 1343 4198 habet
1397 4142 1576 4200 editio
1628 4143 1904 4215 Complu-

241 4232 461 4299 t‘ensis;
518 4246 728 4288 vereor
774 4245 847 4286 ne
893 4230 957 4287 id
1019 4230 1084 4303 (ι)
1138 4228 1356 4288 librarii
1402 4231 1542 4287 vitio
1602 4233 1673 4287 sit
1731 4232 1903 4289 omis-

246 4326 406 4379 Sum.

313 4413 403 4479 26,
434 4412 521 4469 40.
554 4410 621 4468 Et
643 4411 723 4468 ait
749 4410 933 4472 Petro
960 4426 974 4466 :
1007 4402 1147 4466 Sic?
1175 4412 1296 4467 Non
1323 4410 1729 4484 potuistisuna
1758 4411 1903 4471 hora

343 4553 397 4623 ἡ)
422 4554 693 4607 Erasmus
725 4551 944 4624 scilicet
973 4554 1104 4624 post
1127 4557 1335 4624 νομικός
1361 4552 1540 4609 habet
1561 4574 1658 4616 τις.

2085 3353 2142 3415 4,
2177 3349 2267 3405 21.
2313 3351 2465 3405 Num
2502 3347 2745 3405 lucerna
2809 3347 3015 3420 (venit)
3048 3355 3110 3403 ut
3155 3346 3359 3404 subter
3409 3347 3674 3406 modium

2014 3442 2271 3510 ponatur
2298 3437 2327 3492 ?
2365 3439 2513 3494 Nam
2572 3436 2747 3493 habet
2790 3437 3007 3509 ἔρχεται
3055 3444 3175 3492 non
3209 3435 3290 3507 (q)
3344 3440 3548 3488 καίεται
3585 3451 3676 3491 ac-

2015 3526 2304 3583 cenditur.
2337 3528 2403 3582 Et
2454 3524 2553 3582 hic
2609 3538 2848 3599 quoque
2895 3522 3213 3581 nobiscum
3244 3523 3470 3581 iaciunt
3494 3529 3551 3582 et
3575 3538 3676 3582 ex-

2014 3616 2244 3687 emplar
2270 3614 2684 3687 Complutense
2714 3620 2771 3671 et
2798 3604 3048 3685 Vulgata
3074 3612 3274 3670 editio.

2084 3709 2133 3771 5,
2162 3706 2253 3762 il.
2292 3707 2424 3761 Erat
2449 3711 2641 3762 autem
2696 3703 2780 3761 ibi
2826 3704 2995 3776 juxta
3016 3702 3332 3776 (montem)
3374 3716 3519 3773 grex
3543 3717 3673 3762 ma-

2012 3807 2170 3865 gnus
2201 3806 2540 3866 porcorum.
2581 3793 2887 3867 Siquidem
2909 3792 3089 3850 habet
3118 3795 3247 3865 πρὸς
3271 3800 3343 3864 τῷ
3372 3797 3499 3868 ὅρη,
3549 3804 3674 3850 non

2009 3883 2315 3956 pluraliter
2362 3886 2429 3936 τά
2494 3883 2589 3958 ὅρη
2650 3886 2906 3941 montes.
2966 3881 3243 3940 Similiter
3298 3885 3353 3939 et
3394 3882 3487 3939 hic
3542 3882 3673 3957 pari

2011 3973 2195 4030 modo
2219 3973 2427 4045 legunt
2451 3972 2582 4029 dum
2603 3973 2894 4046 praedictae
2929 3971 3241 4029 editiones.

2083 4065 2134 4141 6,
2169 4061 2255 4118 18.
2285 4064 2413 4118 Non
2451 4060 2588 4118 licet
2638 4060 2744 4117 tibi
2795 4060 3011 4117 habere
3071 4070 3323 4118 uxorem
3368 4059 3672 4135 (Philippi)

2010 4149 2207 4206 fratris
2232 4150 2315 4206 tui
2342 4165 2356 4217 ;
2390 4150 2625 4206 addithr
2652 4150 2813 4206 enim
2834 4149 3119 4205 ψιλιππου.

2078 4240 2135 4305 6,
2162 4238 2247 4295 32.
2298 4241 2364 4294 Et
2392 4239 2639 4311 (egressi
2670 4237 2852 4311 sunt),
2886 4237 3125 4308 navigio
3152 4238 3213 4293 in
3256 4236 3561 4295 desertum
3590 4238 3673 4297 lo-

2011 4343 2177 4387 cum.
2243 4327 2557 4399 Siquidem
2635 4327 2822 4384 habet
2889 4326 3172 4399 pluraiier
3234 4325 3487 4394 ἀπῆλθον,
3552 4338 3672 4386 non

2010 4415 2257 4486 ἀπῆλθεν,
2311 4415 2483 4471 abiit.
2546 4415 2649 4471 Hic
2705 4414 2878 4471 etiam
2935 4412 3310 4470 concordant
3372 4414 3675 4487 exemplar

2009 4560 2167 4612 runt.
2231 4555 2554 4629 Utrumque
2597 4560 2754 4613 recte
2801 4556 3089 4629 omittunt
3120 4556 3531 4629 Tertullianus,
3561 4559 3673 4617 Ire-

343 4625 386 4701 ξ)
418 4623 889 4701 Ειεξιεξωιξεεῃὶῑῃ
914 4623 1249 4701 iggratiam
1279 4626 1489 4701 Latinae
1524 4624 1793 4701 Vulgataz
1816 4641 1902 4701 se-
1932 4636 1977 4697 ί)
2010 4644 2196 4701 nasus,
2275 4623 2622 4701 Cyprianus,
2674 4631 2736 4684 ut
2790 4633 2954 4685 notat
2994 4628 3359 4686 Sabatierius
3390 4628 3470 4687 ad
3511 4623 3673 4689 hunc

242 4692 581 4769 mel'ornisit
622 4692 810 4769 ῥαςϐί,
855 4692 1057 4769 passer,
1113 4694 1213 4769 per
1245 4714 1306 4769 ei,
1340 4694 1396 4748 in
1428 4692 1719 4768 plerisque
1755 4697 1900 4752 locis

242 4713 581 4751 melomisu
667 4713 810 4760 «om,
855 4713 1057 4769 patebat,
1113 4713 1213 4765 per
1245 4714 1286 4747 ει
1340 4713 1396 4748 In

240 4766 404 4844 apud
425 4713 925 4844 '[heopli'ylactum
966 4766 1139 4820 etiam
1174 4736 1402 4844 legilur.

315 4838 398 4908 (k)
432 4839 712 4892 Erasmus
758 4836 1043 4892 nimirum
1070 4836 1279 4893 omittit
1326 4838 1487 4889 αὐτοῦ
1532 4838 1593 4893 in
1644 4838 1900 4896 editione

240 4907 505 4963 secunda
529 4915 583 4963 et
614 4908 782 4979 tertia
820 4924 956 4979 quae
1000 4924 1158 4963 nunc
1185 4910 1257 4963 ad
1291 4924 1509 4963 manus
1536 4917 1700 4965 erant
1726 4910 1890 4966 solas.

242 4979 551 5037 Omissum
579 4978 656 5033 ab
683 4978 927 5035 Erasmo
961 4979 1121 5031 αὐτοῦ
1139 4985 1192 5035 et
1218 4979 1372 5035 Millii
1403 4985 1459 5036 et
1487 4981 1794 5038 Wetstenii
1818 4981 1901 5039 la.-

241 5052 360 5105 tiiit
383 5049 771 5119 diligentiam.

318 5121 385 5192 (ι)
434 5120 604 5176 Recte
645 5121 871 5192 judicat
924 5120 1268 5178 Hentenius.
1314 5120 1503 5178 Habet
1540 5122 1699 5179 enim
1748 5125 1900 5181 uter-

290 5208 360 5248 υθ
394 5209 583 5248 meus.

242 5210 360 5265 que
394 5210 583 5248 meus.

316 5265 412 5338 (ιη)
446 5264 617 5338 forte
669 5262 1112 5338 hypostinmen.
1177 5264 1372 5320 Graece
1402 5268 1491 5321 est
1541 5266 1894 5338 ὑποστιγμήν.

318 5336 398 5407 (n)
447 5332 725 5407 Utroquei
755 5332 892 5407 loco_
938 5339 1393 5407 uterquemens
1455 5332 1752 5392 omittunt
1772 5332 1900 5394 ista

241 5405 421 5462 verba
452 5405 1030 5478 Eitithymiovidetur
1056 5405 1166 5461 hoc
1190 5405 1320 5463 loco
1346 5406 1705 5478 imposuisse
1728 5409 1900 5476 Chry-

242 5482 385 5533 sost.
420 5476 605 5550 t._Vll.
650 5494 707 5548 p.
768 5476 949 5550 825e,
1003 5478 1107 5550 qui
1139 5478 1263 5533 haec
1294 5476 1523 5550 silentio
1562 5480 1898 5550 praetermit-

244 5494 385 5533 sosr.
420 5494 457 5531 ι.
497 5494 605 5531 vu.
650 5494 707 5548 p.
768 5494 869 5531 om
898 5494 949 5540 e,
1003 5494 1107 5602 qui
1139 5494 1263 5533 meo
1294 5494 1523 5534 suenuo
1562 5494 1898 5550 praetermit-

244 5550 308 5604 tit
339 5564 407 5621 ac
457 5547 677 5621 Lucum
712 5564 814 5618 pro
870 5549 1006 5604 Matt
1052 5565 1133 5603 eno
1174 5549 1446 5621 explicat.
1498 5551 1729 5606 Habent
1776 5550 1901 5606 haec

241 5618 789 5745 fgdicezéigellliores
828 5635 1039 5675 omnes
1100 5618 1277 5693 atque
1317 5622 1495 5677 etiam
1541 5621 1838 5693 Origenes,
1859 5626 1898 5677 t.

321 5731 334 5745 .
370 5706 433 5745 ο.
644 5732 655 5744 .

318 5760 396 5832 (o)
438 5761 782 5819 Latinorum
810 5760 911 5819 alli
939 5768 1027 5813 νῦν
1057 5777 1235 5830 nunc,
1270 5762 1372 5819 alii
1400 5761 1485 5814 οὐν
1523 5776 1664 5835 ergo
1692 5763 1902 5821 intule-

2008 4699 2208 4773 locum
2223 4741 2234 4753 .
2262 4699 2344 4773 Ex
2359 4699 2678 4757 codicibus
2703 4701 2999 4773 omnibus,
3016 4716 3171 4773 quos
3188 4716 3298 4770 ego
3310 4701 3671 4771 examinavi,

2007 4770 2184 4826 habet
2223 4770 2385 4827 solus
2408 4770 2793 4851 M‘osquensis‘
2830 4786 2880 4826 e.
2910 4770 3273 4851 vocabulum
3303 4774 3410 4843 οὖν,
3451 4773 3553 4851 qui
3586 4770 3672 4851 est

2010 4844 2603 4917 cumcommentario
2624 4847 2680 4899 et
2698 4847 2934 4917 catena.
2967 4846 3257 4917 interpres
3280 4860 3422 4913 ergo
3454 4844 3670 4917 aliquis

2007 4912 2329 4986 hic_denuo
2353 4913 2676 4984 incipiebat
2695 4912 3271 4986 interpretationem.
3299 4912 3451 4986 Ergo
3483 4912 3667 4971 vinci-

2008 4982 2179 5041 endae
2205 4982 2482 5041 orationis
2511 5001 2697 5042 causa
2724 4982 2981 5043 addebat
3012 4982 3118 5039 οὖν.
3150 4987 3268 5046 Pro
3290 5003 3361 5043 eo
3379 4982 3480 5044 alii
3514 4986 3669 5060 lege-
3782 5004 3803 5013 ’

2008 5061 2144 5111 runt
2171 5061 2278 5106 νῦν.

2079 5128 2162 5197 (ρ)
2194 5129 2472 5202 Erasmus
2501 5142 2714 5202 nempe
2744 5128 2804 5202 in
2816 5127 3074 5185 editione
3087 5127 3353 5187 secunda
3371 5131 3505 5201 etc.,
3529 5132 3671 5202 post

2371 5196 2551 5254 habet
2579 5196 2833 5270 μάθητᾴς.

2081 5268 2151 5340 (q)
2185 5269 2416 5342 Scilicet
2439 5270 2499 5325 in
2556 5268 2860 5326 nonnullis
2914 5270 3224 5342 codicibus
3262 5270 3477 5327 Latinis
3519 5268 3667 5342 legi-

2008 5343 2102 5414 tur
2140 5341 2483 5407 accenditur,
2516 5354 2625 5414 pro
2645 5341 2960 5414 _v‘enit._liic
2980 5341 3142 5397 fraus
3172 5341 3665 5414 interpolatorum

2006 5411 2235 5483 elucet.
2280 5414 2422 5466 Nam
2485 5410 2698 5483 aliiiid
2751 5410 3138 5483 reddiderunt
3184 5410 3403 5483 καίεται,
3443 5412 3562 5477 alii,
3606 5414 3666 5469 in

2005 5481 2097 5536 his
2127 5482 2319 5553 Codex
2349 5482 2873 5553 Cantabrigiensis,
2905 5484 3177 5539 omnium
3209 5481 3475 5549 infimus,
3512 5483 3664 5535 ἅπτε-

2008 5572 2095 5604 ται
2121 5552 2415 5608 Audacter
2461 5552 2645 5610 nunc
2669 5554 2750 5609 ita
2781 5554 2850 5608 de
2876 5554 3013 5610 cod.
3053 5556 3327 5610 Cantabr.
3360 5570 3463 5610 seu
3500 5555 3663 5610 Wet-

2009 5624 2179 5678 stenii
2220 5623 2280 5678 C.
2330 5623 2494 5696 loqui
2546 5640 2814 5697 possum.
2844 5625 2975 5681 Mox
3022 5627 3175 5682 enim
3209 5628 3266 5682 in
3288 5625 3482 5681 lucem
3506 5624 3660 5679 istud

2010 5698 2343 5752 monstrum
2366 5697 2763 5768 protrahetur.

2007 5203 2139 5273 περὶ.
2160 5200 2316 5250 αὐτόν
