4180 6490
509 403 580 456 55
2019 401 2410 455 ΡΒᾹΞῈΑΤΙΟ.
3859 402 3945 458 56

512 525 928 596 Complutense
953 527 1010 578 et
1041 522 1290 594 Vulgata
1312 523 1506 591 editio,
1530 525 1697 597 quod
1746 528 1920 583 etiam
1973 526 2165 596 magis
2199 527 2245 580 Α
2275 530 2363 582 est
2387 525 2533 582 nihil
2580 526 2774 583 habet.
2807 528 2923 583 Nec
2971 527 3195 584 librarii
3225 528 3293 599 (ι)
3347 526 3578 584 incuria
3629 526 3940 582 omissum

510 614 766 687 quadrat
794 629 928 668 cum
959 612 1428 684 praecedentibus
1459 615 1948 687 et-sequentibus.

583 707 635 769 6,
669 707 753 756 37.
789 700 1359 772 Egressi(ememus)
1383 702 1654 759 ducentis
1673 704 1927 760 denariis
1955 720 2162 776 panes.

512 791 812 862 Siquidem
863 787 1190 861 ἀγοράσομεν
1233 790 1415 846 habet
1472 791 1776 848 indicandi
1845 793 2048 858 modo,
2111 797 2168 848 et

505 897 624 936 non
651 883 992 953 ἀγοράσωμεν
1023 895 1302 945 emamus,
1331 897 1439 953 per
1465 882 1934 952 subjunctivum.

579 975 630 1037 6,
665 973 752 1026 44.
785 971 961 1023 Erant
976 973 1173 1024 autem
1203 970 1308 1041 qui
1335 971 2041 1043 manducaverant(ipsos
2062 987 2167 1043 pa-

505 1060 636 1129 nes)
694 1057 948 1113 Additur
993 1058 1152 1112 enim
1213 1062 1332 1118 τοὺς
1379 1061 1587 1131 ἄρτους.
1648 1061 1810 1116 Facit
1859 1060 2166 1116 nobiscum

506 1145 812 1218 exemplar
837 1144 1276 1217 Complutense.

579 1237 632 1302 7,
664 1239 751 1290 26.
782 1237 1123 1291 Eratautem
1139 1235 1354 1290 mulier
1368 1235 1572 1292 Graeca
1604 1237 2166 1308 (SyraPhaanicissa)

506 1339 722 1394 genere
755 1340 769 1390 ;
791 1339 915 1380 non
941 1326 1146 1380 Graaca
1182 1323 1640 1396 Syrophmnissa
1666 1341 1771 1398 per
1790 1327 2166 1397 compositio-

505 1427 666 1468 nem.
733 1413 870 1468 Pari
915 1413 1098 1468 modo
1165 1412 1308 1482 legit
1387 1417 1444 1469 et
1498 1414 1918 1486 Complutense
1971 1430 2166 1470 exem-

504 1501 656 1572 plar.

577 1593 629 1655 9,
659 1590 718 1646 6.
781 1592 931 1646 Nom
989 1589 1149 1645 enim
1203 1590 1418 1647 sciebat
1479 1591 1648 1662 (quid
1681 1591 1944 1648 dicturus
1971 1596 2161 1663 esset).

507 1677 698 1733 Habet
766 1677 925 1733 enim
990 1678 1224 1743 λαλήσει,
1292 1694 1398 1751 per
1459 1679 1875 1743 indicativum,
1931 1685 1988 1736 et
2042 1697 2165 1737 non

505 1765 730 1839 λαλήσῃ,
760 1781 866 1838 per
897 1765 1369 1836 subjunctivum.
1418 1768 1578 1824 Facit
1634 1769 1943 1825 nobiscum
1994 1771 2164 1825 Com-

2275 613 2568 680 arbitror;
2602 615 2826 687 alioqui
2847 616 3085 673 citasset
3136 615 3339 687 utique
3366 615 3425 669 in
3467 613 3708 670 scholiis
3731 613 3835 669 ubi
3870 615 3941 670 id

2279 704 2580 774 Scriptura
2599 703 2777 769 dicat,
2805 704 3314 777 quemadmodum
3331 703 3390 758 in
3409 702 3711 758 similibus
3736 702 3943 760 facere

2275 793 2438 848 solet.
2462 795 2666 849 Nescio
2697 810 2774 850 an
2802 809 2838 849 a
2868 793 3140 850 studioso
3154 793 3444 866 quopiam
3466 791 3821 864 prophetam
3854 792 3938 847 ci-

2276 887 2437 937 tante
2463 882 2523 937 id
2541 883 2803 954 primum
2830 882 3084 952 margini
3117 882 3189 938 sit
3217 881 3513 944 additum,
3543 880 3759 935 deinde
3787 887 3936 936 tem-

2274 987 2417 1043 pore
2447 972 2829 1042 procedente,
2861 971 3063 1027 littera:
3095 973 3167 1026 sit
3191 971 3542 1027 admistum.

2347 1061 2432 1112 15.
2465 1065 2554 1115 29.
2611 1060 2780 1130 (Vah)
2808 1061 2911 1132 qui
2967 1059 3220 1116 destruis
3271 1057 3560 1129 templum
3587 1057 3706 1112 Dei.
3742 1056 3934 1114 Habet

2274 1162 2537 1219 namque
2593 1148 2708 1214 οὑά,
2764 1163 2887 1202 non
2942 1147 3081 1208 οὐαί,
3157 1162 3257 1202 vae.
3322 1145 3565 1200 Faciunt
3609 1144 3930 1202 nobiscum

2276 1236 2692 1308 Complutense
2731 1236 3056 1308 exemplar,
3099 1236 3469 1306 Vulgataque
3499 1233 3704 1290 editio.

2347 1327 2434 1390 16,
2483 1326 2572 1382 11.
2613 1325 2766 1381 Loco
2792 1326 2943 1395 ejus,
2971 1326 3134 1397 quod
3191 1325 3251 1379 in
3292 1323 3422 1379 aliis
3476 1322 3693 1378 Latinis
3725 1323 3932 1380 editio-

2274 1413 2452 1468 nibus
2481 1429 2552 1469 ex
2577 1412 2792 1469 Graecis
2835 1413 3086 1468 dicitur:
3123 1415 3188 1466 Et
3214 1412 3293 1467 illi
3321 1411 3525 1467 audito
3572 1411 3739 1483 quod
3773 1413 3930 1468 vive-

2273 1505 2363 1558 ret
2409 1506 2464 1559 et
2505 1503 2668 1558 visus
2707 1508 2860 1558 esset
2917 1501 2991 1558 ab
3039 1517 3128 1566 ea,
3163 1517 3285 1556 non
3327 1499 3741 1556 crediderunt:
3781 1503 3928 1558 nihil

2271 1591 2454 1646 habet
2493 1591 2571 1662 (υ)
2603 1595 2873 1646 nostrum
2904 1589 3226 1662 exemplar.
3282 1592 3399 1645 Nec
3427 1588 3667 1655 mirum,
3726 1589 3774 1644 si
3815 1590 3930 1647 hoc

2272 1679 2564 1750 quispiam
2611 1678 2924 1744 addiderit,
2953 1694 3092 1733 cum
3140 1682 3334 1734 totum
3363 1676 3477 1733 hoc
3521 1679 3594 1732 de
3622 1678 3934 1735 Resurrec-

2275 1767 2432 1823 tione
2475 1767 3040 1838 caputadjectitium
3079 1783 3211 1822 esse
3264 1766 3530 1839 plerique
3589 1767 3930 1824 Grmcorum

504 1854 655 1926 plut.
684 1854 861 1910 editio
895 1870 1046 1922 ;nec
1080 1855 1357 1912 eamdem
1378 1862 1470 1912 est
1509 1857 1824 1929 utrobique
1851 1861 2163 1919 sententia.
2199 1880 2239 1932 Β
2273 1861 2566 1925 asserant,
2591 1860 2655 1911 ut
2705 1855 2889 1911 habet
2916 1860 3117 1911 noster
3165 1861 3372 1912 auctor
3405 1873 3415 1908 :
3453 1855 3733 1926 idemque
3777 1856 3930 1912 inter

506 1946 575 1998 ut
624 1946 786 2013 patte
824 1957 891 1998 ex
963 1943 1142 2013 hujus
1203 1943 1340 2000 dicti
1397 1944 1881 2016 interpretatione
1952 1946 2156 2001 Matth.

511 2045 644 2095 xvu,
679 2033 713 2085 4
726 2074 738 2086 .

582 2119 671 2186 10,
704 2119 794 2174 43.
828 2118 945 2175 Sed
990 2119 1330 2193 quicunque
1351 2121 1602 2178 voluerit
1628 2122 1755 2179 ﬁeri
1782 2139 2040 2194 magnus
2081 2124 2168 2178 in-

509 2212 599 2264 ter
619 2224 746 2264 vos.
779 2211 908 2266 Non
939 2209 1098 2265 enim
1149 2211 1382 2266 additur
1433 2213 1574 2284 ὑμῶν
1626 2219 1762 2284 post
1809 2214 2165 2285 quicunque.

512 2297 752 2354 Faciunt
775 2296 1094 2354 nobiscum
1126 2303 1432 2372 exemplar
1454 2302 1747 2373 Complut.
1793 2307 1851 2358 et
1892 2302 2016 2360 Vul.
2043 2302 2167 2357 edi-

508 2385 608 2443 tio.
638 2386 701 2442 Id
732 2391 933 2442 autem
963 2403 1079 2443 non
1130 2393 1357 2445 rectum
1387 2395 1496 2457 est,
1539 2391 1698 2463 quod
1742 2407 1938 2464 neque
1963 2392 2024 2447 in
2049 2391 2169 2446 fine

509 2474 808 2532 dictorum
829 2476 1142 2534 verborum
1165 2478 1342 2535 habet
1363 2479 1614 2550 Vulgata
1628 2480 1807 2536 editio
1833 2498 1844 2536 ε
1875 2481 2030 2536 Inter
2043 2495 2166 2545 vos,

510 2567 634 2631 aut,
659 2565 721 2618 In
752 2564 946 2620 vobis.

584 2653 672 2717 11,
701 2651 789 2706 32.
813 2652 888 2708 At
932 2653 1242 2728 (dicamus)
1278 2656 1364 2712 Ab
1420 2657 1768 2714 hominibus
1805 2679 1817 2717 :
1868 2664 1929 2714 ut
1955 2659 2171 2715 subau-

513 2739 732 2811 diatur,
763 2758 893 2798 non.
926 2745 1126 2816 Neque
1175 2745 1336 2801 enim
1383 2746 1620 2802 additur
1649 2749 1732 2799 ἐάν
1789 2749 1861 2812 si,
1892 2753 1955 2803 ut
1987 2749 2172 2820 possit

509 2828 625 2900 legi
654 2847 667 2884 :
697 2832 768 2886 At
786 2830 835 2886 si
864 2830 1201 2889 dixerimus.
1230 2837 1432 2906 Neque
1458 2835 1612 2891 adeo
1637 2836 1954 2892 commode
1977 2840 2172 2908 potest

511 2919 704 2990 aptari
731 2921 1136 2992 sequentibus.
1158 2923 1644 2980 Facitnobiscum
1669 2925 1971 2995 exemplar
2003 2927 2170 2981 Com-

508 3007 654 3080 plut.

586 3099 669 3164 12,
695 3102 781 3153 29.
813 3099 964 3155 Audi
1019 3100 1200 3157 Israel
1253 3100 1544 3156 Dominus
1597 3103 1750 3158 Deus
1793 3104 2026 3175 (vester)
2062 3105 2170 3159 Do-

510 3185 704 3239 minus
743 3201 900 3242 unus
936 3191 1038 3242 est.
1069 3187 1376 3259 Siquidem
1400 3203 1521 3243 non
1541 3188 1723 3246 habet
1775 3193 1920 3262 ἡμῶν
1952 3199 2165 3257 noster,

512 3273 618 3328 sed
665 3275 806 3346 ὑμῶν
851 3284 1055 3334 vester.
1112 3279 1178 3331 Et
1233 3276 1388 3333 intra
1443 3293 1589 3333 vers.
1646 3278 1733 3344 30,
1796 3295 1918 3335 non
1968 3280 2164 3347 habet,

512 3366 598 3414 καὶ
627 3361 680 3425 ἐξ
709 3363 830 3424 ὅλης
854 3373 948 3426 τῆς
1007 3366 1195 3437 ἰσχύος
1227 3382 1343 3418 σου·
1395 3369 1462 3424 Et
1508 3383 1576 3424 ex
1624 3373 1744 3425 tota
1799 3369 2012 3426 virtute
2044 3374 2166 3438 tua,

512 3452 669 3524 quod
712 3459 914 3510 tamen
947 3453 1162 3511 librarii
1189 3456 1262 3528 (r)
1290 3456 1430 3512 vitio
1455 3456 1682 3513 factum
1704 3458 1981 3527 arbitror,
2017 3463 2078 3514 ut
2106 3459 2168 3515 in

509 3540 607 3596 illo
637 3541 769 3598 loco
798 3543 1246 3602 adnotavimus.
1277 3548 1422 3601 Item
1449 3545 1621 3602 infra.
1656 3563 1712 3600 ν.
1744 3549 1830 3602 31.
1863 3550 1926 3602 Et
1956 3563 2167 3603 secun-

509 3630 658 3684 dum
712 3631 905 3686 simile
975 3636 1063 3687 est
1136 3631 1281 3702 (illi).
1345 3636 1494 3688 Nam
1570 3633 1754 3690 habet
1807 3635 1961 3706 αὐτῇ,
2045 3651 2166 3692 non

511 3719 643 3774 αὕτη
679 3719 787 3774 hoc
820 3736 833 3783 ;
869 3723 932 3774 ut
957 3719 1071 3789 legi
1101 3721 1288 3792 possit
1321 3736 1332 3776 :
1363 3723 1430 3775 Et
1459 3721 1786 3776 secundum
1820 3723 2009 3778 simile
2056 3726 2169 3780 hoc

509 3809 620 3862 est.
649 3806 967 3862 Nobiscum
999 3807 1215 3877 legisse
1242 3808 1484 3874 videtur,
1533 3810 1637 3881 qui
1667 3811 1982 3882 Vulgatam
2007 3813 2171 3870 dedit

509 3894 852 3950 editionem.

581 3985 670 4048 12,
703 3988 791 4039 36.
833 3984 961 4056 Ipse
991 3985 1151 4042 enim
1177 3986 1356 4042 David
1404 3986 1545 4043 dixit
1585 4003 1691 4060 per
1721 3989 2002 4060 Spiritum
2034 4008 2168 4048 san-

510 4076 664 4127 ctum
700 4089 710 4128 :
747 4072 936 4146 (Dicit)
969 4074 1262 4130 Dominus
1312 4077 1563 4132 Domino
1591 4093 1748 4142 meo,
1779 4094 1900 4134 non
1929 4079 2000 4151 (ε)
2032 4077 2166 4133 εἶπεν

507 4161 678 4217 dixit.
703 4165 768 4217 Et
797 4163 857 4218 in
883 4163 1122 4220 scholiis
1152 4164 1288 4220 facit
1317 4165 1499 4221 etiam
1529 4165 1711 4238 hujus
1750 4170 2113 4225 mentionem
2146 4189 2158 4226 :

509 4257 566 4306 et
593 4252 673 4307 ita
702 4252 882 4308 habet
924 4253 1230 4324 exemplar
1260 4253 1558 4326 Complut.

582 4344 667 4408 14,
697 4341 784 4398 32.
813 4341 1020 4398 Sedete
1063 4342 1156 4398 hic
1207 4343 1351 4398 dum
1379 4343 1588 4400 orabo.
1636 4346 1764 4401 Non
1806 4347 1964 4403 enim
1993 4346 2168 4403 habet

509 4429 737 4483 ἀπελθὼν
767 4431 1050 4501 digressus
1081 4436 1216 4487 ante
1284 4433 1498 4488 Orabo.
1550 4433 1928 4490 Concordant
1966 4435 2166 4491 nobis-

508 4535 648 4573 cum
703 4523 759 4574 et
815 4519 1232 4592 Complutense
1287 4522 1587 4594 exemplar
1639 4528 1694 4578 et
1746 4523 1992 4593 Vulgata
2048 4525 2167 4580 edi-

507 4606 602 4665 tio.

578 4698 668 4763 15,
701 4696 794 4754 28.
831 4699 984 4754 Loco
1015 4699 1164 4770 ejus,
1191 4699 1357 4771 quod
1393 4699 1492 4756 alii
1522 4699 1726 4768 legunt
1756 4717 1768 4755 :
1804 4703 1870 4755 Et
1923 4701 2168 4771 impleta

507 4789 594 4841 est
621 4785 917 4857 Scriptura
939 4801 1075 4858 quae
1115 4787 1256 4842 dicit
1288 4807 1300 4845 :
1362 4789 1575 4842 Etcum
1604 4787 1825 4860 iniquis
1855 4796 2164 4861 reputatus

578 4963 655 5036 (ν)
711 4963 885 5018 Recte
936 4963 1187 5019 monuit.
1243 4965 1446 5021 Servat
1521 4965 1682 5021 enim
1753 4966 1868 5022 ista
1916 4973 2162 5042 uterque

506 5049 696 5092 meus.

503 5176 544 5231 b
575 5106 652 5231 (te)
674 5105 961 5192 Nimirum
1005 5122 1116 5178 pro
1147 5106 1408 5163 secundo
1438 5108 1615 5179 hujus
1650 5125 1854 5165 versus
1885 5111 2019 5165 εἶπεν
2058 5112 2160 5166 ha-

549 5193 577 5231 e
650 5196 784 5231 .ε·γει.

549 5183 953 5322 ﬁgi/tibus.)
989 5254 1236 5322 utroque
1289 5267 1440 5307 meo.
1475 5252 1562 5307 Ad
1604 5253 1807 5308 Matth.
1847 5270 2025 5318 xxvu,
2071 5258 2158 5320 38,

502 5318 710 5374 laudat
739 5319 980 5391 quidem
1019 5318 1360 5392 Euthymius
1402 5323 1546 5387 hmo,
1578 5325 1680 5378 sed
1743 5341 1811 5378 ex
1870 5325 2039 5380 Isaia.
2082 5318 2159 5378 Eo

505 5395 702 5464 tamen
735 5393 789 5444 in
815 5392 1300 5464 interpretatione
1327 5395 1495 5449 Marci
1515 5394 1763 5449 lectores
1786 5397 2041 5450 remittit.
2077 5399 2158 5450 Ex

501 5461 878 5536 Lectionariis
913 5461 1065 5536 hanc
1093 5466 1530 5536 corruptionem
1580 5472 1772 5520 ortam
1815 5483 1941 5521 esse
1982 5468 2156 5522 docui

501 5548 635 5603 quae
666 5533 792 5588 haec
815 5536 872 5589 in
902 5535 1084 5592 altera
1109 5533 1359 5592 lectione
1407 5538 1712 5600 omittunt,
1766 5553 1902 5591 cum
1955 5544 2155 5593 tamen

500 5604 559 5658 in
588 5605 770 5660 altera
796 5605 1074 5663 habeant.

573 5675 651 5746 (v)
676 5679 836 5734 Hunc
862 5679 1158 5736 defectum
1183 5679 1348 5750 apud
1374 5678 1564 5734 solum
1606 5678 1993 5750 Euthymium
2035 5681 2157 5735 ani-

2274 1945 2512 2000 Latinos
2532 1944 2707 1999 divus
2735 1945 3200 2016 Hieronymusin
3228 1944 3496 2015 Epistolis
3512 1943 3686 1999 refert
3703 1947 3925 2015 pleros-

2273 2049 2390 2105 que
2416 2033 2631 2088 dicere.
2684 2035 2747 2089 Et
2798 2039 3118 2104 praetercea
3149 2033 3415 2089 secundo
3445 2032 3728 2088 adversus
3758 2033 3926 2087 Pela-

2275 2123 2484 2192 gianos
2505 2123 2620 2178 hoc
2631 2122 2712 2178 ait
2722 2122 2795 2177 de
2808 2122 3168 2194 exprobrata
3185 2120 3596 2178 incredulitate
3609 2119 3920 2192 cordisque

2275 2211 2504 2267 duritie.

2941 2300 3040 2355 Ex
3079 2300 3260 2355 Luca.

2346 2391 2401 2458 2,
2422 2390 2514 2446 33.
2547 2392 2611 2444 Et
2631 2392 2800 2445 erant
2861 2389 3078 2461 Ioseph
3131 2393 3187 2444 et
3225 2392 3413 2444 mater
3453 2388 3582 2459 ejus
3626 2388 3927 2445 admiran-

2278 2481 2388 2546 tes,
2446 2482 2556 2533 etc.
2618 2480 2746 2532 Non
2794 2476 2975 2532 habet
3026 2476 3231 2532 enimé
3284 2481 3482 2551 πατὴρ,
3515 2477 3619 2532 sed
3652 2477 3677 2528 ὀ
3713 2477 3924 2547 Ἰωσήφ.

2279 2566 2437 2622 Facit
2463 2565 2774 2621 nobiscum
2823 2564 3119 2636 Complut.
3147 2565 3472 2637 exemplar,
3529 2566 3647 2621 imo
3678 2571 3736 2621 et
3793 2566 3929 2621 Vul-

2279 2661 2418 2725 gata
2444 2655 2641 2719 editio,
2672 2655 2881 2710 saltem
2908 2655 2966 2709 in
2994 2655 3294 2710 veteribus
3326 2654 3691 2726 quibusdam
3731 2671 3929 2711 exem-

2279 2744 2566 2815 plaribus.
2632 2743 2907 2799 Similiter
2965 2743 3140 2810 infra,
3182 2759 3330 2798 vers.
3384 2745 3500 2799 43:
3571 2746 3632 2799 Et
3661 2759 3784 2800 non
3839 2760 3930 2801 co-

2279 2833 2481 2903 gnovit
2514 2832 2746 2904 Joseph,
2806 2839 2861 2887 et
2902 2837 3093 2888 mater
3144 2833 3294 2904 ejus,
3338 2833 3694 2888 assentiente
3750 2833 3928 2889 etiam

2279 2921 2371 2977 hic
2402 2921 2801 2992 Complutensi
2824 2921 3146 2992 exemplari
3179 2937 3318 2976 cum
3336 2920 3433 2976 alii
3464 2920 3730 2976 habeant
3758 2939 3768 2977 :
3829 2928 3929 2974 Καὶ

2277 3012 2370 3063 οὐκ
2401 3015 2626 3082 ἔγνωσαν
2658 3013 2705 3062 οἱ
2724 3019 2889 3082 γονεῖς
2915 3011 3095 3076 αὐτοῦ,
3126 3013 3191 3066 Et
3235 3026 3353 3065 non
3379 3016 3790 3080 cognoverunt
3828 3027 3932 3083 pa-

2274 3105 2472 3157 rentes
2500 3101 2656 3170 ejus.

2349 3194 2401 3254 3,
2429 3190 2517 3244 33.
2551 3191 2616 3244 Et
2649 3189 2773 3260 ipse
2803 3190 2974 3244 Iesus
3004 3195 3129 3246 erat
3159 3188 3344 3245 ferme
3371 3204 3669 3245 annorum
3694 3188 3932 3259 triginta

2279 3277 2581 3333 incedens.
2617 3279 2743 3332 Non
2778 3278 3088 3349 incipiens.
3141 3278 3329 3334 Habet
3354 3293 3619 3349 namque
3651 3276 3926 3352 ἐρχόμενος

2281 3368 2361 3437 (ω)
2393 3370 2512 3422 Non
2544 3368 2852 3442 ἀρχόμενος,
2885 3366 3051 3438 quod
3086 3368 3263 3423 etiam
3315 3365 3696 3422 manifestum
3736 3372 3824 3421 est
3856 3383 3917 3422 ex

2281 3457 2536 3512 auctoris
2567 3455 2822 3511 scholiis.

2349 3544 2496 3598 Ibid.
2527 3543 2639 3608 Qui
2695 3543 2805 3598 fuit
2860 3543 2965 3598 Eli.
3018 3543 3352 3600 notandum
3384 3543 3446 3598 in
3478 3547 3681 3598 nostro
3733 3557 3929 3599 exem-

2278 3631 2428 3703 plari
2497 3631 2626 3700 ἠλεί,
2679 3632 2869 3688 lenem
2928 3631 3146 3688 habere
3204 3631 3494 3704 spiritum.
3530 3631 3819 3687 Praeterea
3875 3636 3932 3687 et

2279 3721 2440 3788 ὴλίας,
2464 3722 2934 3794 quotiescunque
2961 3722 3124 3794 apud
3154 3721 3551 3789 evangelistas
3587 3721 3818 3789 legitur.
3849 3721 3931 3774 ld-

2278 3826 2394 3882 que
2429 3809 2795 3866 conformius
2816 3816 2902 3867 est
2936 3811 3154 3879 linguae
3203 3809 3506 3864 Hebraica:
3536 3809 3596 3863 in
3625 3825 3747 3880 qua
3780 3807 3930 3864 Elias

2279 3899 2356 3956 ab
2383 3899 2564 3970 Aleph
2585 3899 2775 3956 littera
2819 3900 3002 3955 sumit
3050 3897 3362 3954 exordium
3399 3916 3412 3964 ;
3446 3899 3560 3954 hoc
3591 3902 3792 3952 autem
3818 3897 3929 3953 ele-

2276 3994 2567 4055 mentum,
2624 3994 2686 4043 ut
2740 3989 3133 4044 communiter
3174 3986 3405 4057 dicitur,
3451 3986 3671 4041 nullam
3726 4002 3929 4041 secum

2276 4077 2449 4134 trahit
2475 4077 2924 4150 aspirationem.
2973 4078 3328 4149 Quanquam
3361 4081 3421 4130 ut
3467 4091 3667 4130 verum
3721 4073 3926 4139 fatear,

2273 4183 2470 4238 neque
2492 4167 2666 4232 Elias,
2701 4166 2806 4221 sed
2835 4165 3061 4221 Eliiahu
3082 4165 3465 4220 scribendum
3493 4169 3667 4229 esset,
3705 4165 3752 4218 si
3773 4169 3930 4219 recte

2275 4256 2542 4312 Hebraeos
2591 4255 2840 4311 velimus
2880 4255 3100 4310 imitari
3138 4270 3150 4308 :
3201 4255 3350 4308 sicut
3379 4258 3434 4309 et
3470 4253 3784 4308 Jesahiahu
3829 4256 3932 4309 aut

2275 4345 2580 4402 Iesaeiahu
2597 4360 2718 4400 non
2743 4345 2944 4400 Esaias
2969 4348 3070 4401 aut
3095 4344 3336 4399 Hesaias
3367 4343 3489 4399 sive
3513 4343 3716 4398 Isaias.

2347 4441 2398 4501 3,
2441 4436 2526 4489 '24.
2563 4434 2672 4500 Qui
2703 4434 2809 4489 fuit
2841 4433 3141 4505 (Matthan)
3172 4449 3294 4488 non
3326 4432 3560 4497 Mathat,
3592 4437 3653 4486 ut
3675 4447 3745 4486 ex
3776 4447 3926 4487 com-

2277 4524 2541 4579 munibus
2563 4523 2821 4580 habetur
2834 4523 3051 4577 Graecis
3076 4520 3541 4594 exemplaribus.
3560 4521 3624 4575 In
3641 4519 3929 4592 plerisque

2275 4613 2452 4668 etiam
2502 4613 2681 4684 hujus
2740 4611 3102 4681 genealogiat
3150 4610 3515 4675 nominibus,
3572 4614 3628 4665 et
3667 4608 3930 4664 similiter

2273 4703 2422 4772 ejus,
2458 4718 2644 4773 quam
2676 4700 2951 4756 describit
2972 4699 3303 4765 Matthaaus,
3327 4699 3587 4754 variatur
3600 4699 3764 4769 apud
3793 4713 3928 4753 auc-

2275 4795 2461 4845 torem
2508 4795 2780 4846 nostrum
2827 4787 3253 4860 orthographia
3281 4805 3315 4843 a
3355 4787 3605 4843 lectione
3648 4801 3930 4843 commu-

2270 4968 2574 5040 madverti.
2600 4966 3112 5040 NequeBirchius,
3136 4965 3494 5040 novissimus
3532 4963 3926 5040 editoghunc

2269 5037 2564 5094 defectum
2589 5055 2657 5094 ex
2685 5035 2887 5094 codice
2905 5038 3148 5094 notavit.
3177 5037 3540 5101 Alteretiam,
3571 5036 3658 5090 vir
3673 5035 3928 5106 diligen-

2270 5112 2553 5174 tissimus,
2586 5110 2815 5164 nullum
2829 5111 2924 5165 hic
2951 5125 3022 5163 ex
3040 5109 3214 5164 codd.
3239 5106 3800 5162 Vindobonensibus
3830 5107 3924 5159 de-

2271 5181 2489 5236 fectum
2520 5182 2765 5237 notavit.
2798 5182 2924 5235 Imo
2945 5186 3151 5235 contra
3179 5195 3244 5234 ex
3274 5179 3446 5234 codd.
3476 5178 3756 5232 indicavit
3797 5177 3925 5234 ἡπί-

2272 5272 2473 5309 στησαν
2506 5269 2613 5324 pro
2662 5253 3096 5324 ivitiosaunius
3151 5251 3366 5305 codicis
3422 5249 3926 5324 lectione‘i’nniq’tn-

2268 5344 2382 5377 καν.
2401 5319 2634 5398 Aliquid
2659 5322 2905 5398 humani
2930 5339 3141 5392 passus
3155 5327 3240 5377 est
3271 5328 3372 5376 aut
3392 5325 3519 5392 ipse
3553 5319 3919 5390 Euthymius,

2269 5400 2372 5448 aut
2396 5395 2606 5449 scribae
2629 5395 2777 5465 ejus.

2341 5468 2426 5537 (χ)
2457 5469 2572 5521 Hoc
2603 5462 2688 5520 est
2722 5466 2926 5520 vitium
2979 5464 3357 5519 manifestum
3415 5462 3642 5537 scribas.
3672 5533 3683 5537 _
3716 5464 3925 5537 Neuter

2267 5533 2538 5591 meorum
2593 5537 2676 5591 ita
2737 5537 2934 5591 habet.
2997 5537 3400 5606 Interpretatio
3487 5533 3620 5588 illus
3671 5533 3784 5588 loci
3839 5539 3925 5587 est

2265 5610 2444 5664 etiam
2472 5624 2578 5682 pro
2602 5611 2922 5682 ᾁρχόμενος.
2951 5609 3109 5665 Nam
3142 5610 3370 5682 ἔρχομαι
3404 5621 3525 5660 non
3565 5606 3924 5660 construitur

2264 5696 2400 5748 cum
2435 5679 2714 5750 genitivo.
