4180 6484
252 478 322 532 57
1765 463 2162 524 PREFATIO.
3593 463 3659 526 58

255 604 427 659 nium
441 605 773 660 Grecorum
789 600 1226 672 exemplarium,
1245 599 1833 671 frequenterquoque
1847 602 1903 650 et
1933 594 1979 647 Α
2005 593 2111 648 fuit
2140 597 2361 663 Melcbi,
2394 601 2497 672 qui
2528 599 2636 658 fuit
2662 600 2831 667 Addi;
2865 600 2971 673 qui
3003 598 3104 656 fuit
3135 599 3370 661 Cosam,
3409 595 3510 668 qui
3551 595 3661 651 fuit

255 705 292 749 a
324 691 615 747 Germana
650 691 1031 746 Hebraeorum
1070 688 1339 744 lectione.
1386 689 1758 758 Quapropter
1787 684 1900 756 pri=

254 797 419 835 mum
448 785 570 835 erat
586 779 826 834 animus
844 779 1060 834 horum
1079 775 1564 846 orthographiam
1586 773 1900 831 nominum

252 869 323 923 ad
353 884 562 923 verum
599 867 987 922 Hebraeorum
1026 865 1250 921 fontem
1294 864 1609 919 reducere:
1640 867 1901 933 postmo-

251 957 397 1012 dum
419 972 560 1013 vero
579 972 704 1012 rem
724 956 972 1028 propius
988 954 1364 1026 inspectanti,
1387 958 1443 1008 et
1463 952 1625 1024 quod
1638 952 1765 1006 haec
1783 966 1903 1006 non

251 1045 330 1102 ab
361 1045 634 1108 Hebraeis,
659 1045 765 1100 sed
785 1061 822 1101 a
851 1043 1064 1100 Graecis
1089 1041 1461 1098 traducerem
1493 1039 1901 1112 perpendenti,

251 1134 434 1190 satius
450 1135 651 1190 visum
681 1137 773 1189 est
798 1148 918 1188 non
946 1131 1097 1186 adeo
1119 1129 1301 1186 multa
1325 1129 1383 1184 in
1399 1129 1590 1184 littera
1607 1126 1904 1195 Evangelii

249 1222 594 1292 immutare,
626 1237 701 1277 ne
729 1220 872 1293 quid
902 1219 1198 1276 interdum
1220 1218 1466 1274 haereret
1499 1217 1692 1281 lector,
1716 1217 1904 1270 incer-

254 1315 353 1365 tus
379 1310 454 1366 de
480 1326 605 1381 quo
634 1309 795 1365 ﬂeret
815 1323 1031 1365 sermo.
1060 1311 1173 1364 Nec
1197 1311 1400 1362 tamen
1430 1304 1780 1360 Hebraicam
1806 1303 1909 1359 hoc

257 1414 392 1454 rum
432 1398 741 1453 nominum
789 1395 1283 1468 orthographiam
1314 1395 1548 1465 penitus
1577 1391 1907 1463 relinquere

260 1485 444 1549 volui,
476 1501 551 1541 ne
579 1485 725 1558 quid
754 1501 790 1542 a
835 1501 931 1541 me
964 1483 1271 1540 studiosus
1311 1482 1497 1538 lector
1532 1480 1906 1546 desideraret,

259 1575 366 1629 sed
385 1575 446 1630 in
466 1575 626 1630 hunc
646 1574 844 1630 locum
870 1573 1094 1642 redegi.
1123 1572 1590 1641 Breviteritaque
1605 1569 1908 1640 utriusque

256 1661 645 1733 Evangelistas
669 1661 1065 1732 generationis
1081 1660 1290 1716 seriem
1304 1664 1463 1714 recta
1482 1656 1909 1729 orthographia

256 1757 535 1808 retexam.
570 1750 760 1815 Liber,
785 1750 978 1823 inquit
998 1748 1320 1814 Matthaaus,
1349 1745 1745 1817 generationis
1769 1745 1908 1800 Jcsu

255 1839 496 1905 Christi,
516 1839 619 1894 ﬁlii
650 1839 854 1910 David,
882 1839 984 1894 ﬁlii
1008 1837 1310 1893 Abraham
1341 1856 1356 1893 :
1380 1835 1682 1891 Abraham
1705 1835 1910 1903 genuit

2009 682 2339 753 Elmodam,
2371 689 2472 760 qui
2514 688 2621 744 fuit
2649 692 2738 753 Er,
2771 689 2876 761 qui
2907 689 3013 744 fuit
3042 681 3199 750 Jose,
3229 687 3333 758 qui
3379 685 3484 741 fuit
3511 684 3658 739 Elie-

2007 786 2119 836 zer,
2147 774 2249 845 qui
2281 775 2388 831 fuit
2413 777 2624 841 Joram,
2658 778 2760 848 qui
2793 777 2898 832 fuit
2933 777 3202 839 Iatatha,
3233 775 3337 846 qui
3365 773 3472 829 fuit
3507 773 3656 837 Levi,

2007 860 2104 932 qui
2128 861 2511 926 fuitSimeon,
2535 867 2637 936 qui
2659 864 2766 919 fuit
2785 863 3035 926 Jehuda,
3059 864 3156 933 qui
3175 863 3284 918 fuit
3301 862 3540 934 Joseph,
3559 860 3661 933 qui

2009 949 2118 1005 fuit
2145 952 2314 1014 Jona,
2347 954 2448 1024 qui
2475 953 2585 1008 fuit
2617 953 2873 1018 Eliacim,
2907 952 3012 1024 qui
3039 951 3147 1006 fuit
3169 951 3392 1014 Milcha,
3425 952 3527 1022 qui
3556 951 3663 1005 fuit

2009 1039 2264 1102 Mainan,
2298 1041 2400 1111 qui
2433 1041 2538 1096 fuit
2568 1041 2837 1106 Matatha,
2869 1041 2971 1112 qui
3005 1039 3110 1095 fuit
3135 1039 3388 1102 Natban,
3421 1039 3523 1110 qui
3557 1039 3662 1092 fuit

2012 1127 2216 1192 David,
2249 1129 2350 1199 qui
2383 1127 2490 1184 fuit
2522 1129 2673 1193 lisai,
2720 1129 2824 1200 qui
2858 1129 2966 1184 fuit
2998 1127 3183 1190 Obed,
3217 1127 3319 1198 qui
3354 1126 3456 1181 fuit
3495 1127 3656 1192 Boas,

2011 1217 2107 1287 qui
2130 1216 2239 1271 fuit
2262 1215 2525 1282 Salmon,
2546 1220 2643 1290 qui
2664 1215 2771 1272 fuit
2792 1217 3091 1281 Nahason,
3115 1216 3218 1288 qui
3237 1212 3340 1270 fuit
3365 1215 3664 1269 Ammina-

2011 1304 2153 1368 dab,
2189 1305 2292 1376 qui
2318 1305 2425 1361 fuit
2451 1306 2690 1373 Haram,
2719 1306 2822 1378 qui
2851 1305 2955 1361 fuit
2984 1308 3225 1371 Hesron,
3258 1305 3359 1376 qui
3387 1303 3492 1359 fuit
3517 1303 3664 1358 Pha-

2012 1409 2125 1456 rez,
2158 1394 2261 1466 qui
2293 1393 2399 1448 fuit
2420 1394 2680 1466 Jehudas,
2700 1395 2802 1466 qui
2829 1394 2936 1450 fuit
2961 1393 3164 1457 Jacob,
3193 1394 3295 1465 qui
3316 1393 3424 1448 fuit
3453 1392 3661 1457 lishac,

2013 1482 2116 1552 qui
2129 1481 2570 1544 fuitAbraham,
2589 1482 2688 1554 qui
2710 1481 3076 1544 fuitNachor,
3092 1481 3195 1552 qui
3216 1480 3319 1535 fuit
3339 1481 3543 1548 Serug,
3565 1481 3663 1550 qui

2015 1569 2123 1625 fuit
2149 1573 2332 1638 Ragu,
2364 1571 2466 1642 qui
2499 1570 2605 1626 fuit
2646 1569 2884 1639 Phaleg,
2917 1569 3020 1641 qui
3053 1569 3159 1624 fuit
3190 1569 3387 1631 Heber,
3418 1568 3511 1639 qui
3558 1568 3664 1624 fuit

2017 1657 2170 1722 Sala,
2185 1659 2288 1731 qui
2306 1659 2665 1725 fuitCainan,
2682 1660 2784 1732 qui
2801 1657 3259 1731 fuitArphaxad,
3275 1659 3377 1729 qui
3393 1657 3496 1712 fuit
3514 1659 3662 1724 Sem,

2013 1747 2119 1819 qui
2150 1746 2258 1803 fuit
2292 1747 2474 1809 Noah,
2503 1750 2604 1820 qui
2632 1748 2739 1804 fuit
2757 1748 3031 1810 Lamech,
3053 1748 3155 1819 qui
3185 1748 3290 1802 fuit
3312 1745 3663 1811 Mathusale,

2015 1836 2115 1907 qui
2143 1835 2250 1892 fuit
2283 1837 2502 1904 Enoch,
2532 1837 2631 1909 qui
2663 1837 2772 1892 fuit
2800 1836 2988 1902 Iared,
3034 1836 3130 1908 qui
3167 1835 3275 1890 fuit
3305 1835 3663 1901 Mahalaleel,

253 1929 466 1994 Iishac,
499 1929 682 1985 Iishac
711 1933 913 1984 autem
945 1928 1148 1996 genuit
1173 1925 1414 1988 Jaacob,
1453 1925 1678 1980 Jaacob
1707 1929 1906 1980 autem
1939 1925 1981 1978 Β
2015 1925 2114 1995 qui
2147 1923 2255 1980 fuit
2303 1925 2544 1990 Cainan,
2589 1926 2693 1997 qui
2725 1925 2832 1981 fuit
2871 1928 3049 1989 Enos,
3085 1926 3187 1997 qui
3227 1924 3333 1980 fuit
3365 1924 3522 1980 Seth.
3562 1922 3663 1996 qui

253 2017 750 2088 genuitJehudam
761 2021 817 2072 et
831 2017 1038 2072 fratres
1052 2015 1200 2084 ejus,
1213 2014 1477 2070 Jehudas
1491 2020 1690 2070 autem
1705 2013 1909 2082 genuit

254 2105 477 2160 Pbarez
501 2109 558 2158 et
587 2103 776 2160 Zarah
804 2103 878 2157 de
908 2102 1187 2162 Thamar,
1219 2101 1440 2156 Pharez
1467 2106 1668 2157 autem
1710 2101 1910 2169 genuit

256 2193 506 2257 Hesron,
542 2195 770 2247 Hesron
799 2195 1001 2247 autem
1021 2188 1660 2260 genuitAmminadab,
1689 2190 1913 2244 Ammi-

252 2280 462 2338 nadab
474 2285 664 2336 autem
679 2278 883 2349 genuit
896 2281 936 2334 N
945 2278 1168 2333 abason
1179 2318 1192 2341 ,
1213 2277 1491 2332 Nahason
1507 2285 1696 2333 autem
1710 2277 1913 2347 genuit

252 2369 512 2435 Salmon,
543 2369 785 2427 Salmon
811 2372 1010 2424 autem
1026 2366 1231 2436 genuit
1257 2366 1413 2424 Boaz
1429 2377 1504 2422 de
1518 2367 1744 2433 Rabab,
1761 2367 1912 2422 Boaz

248 2465 448 2514 autem
479 2458 684 2527 genuit
715 2456 878 2513 Obed
921 2471 993 2511 ex
1042 2455 1225 2525 Ruth,
1275 2454 1435 2511 Obed
1476 2460 1678 2511 autem
1709 2454 1913 2524 genuit

248 2546 404 2611 Iisai,
437 2546 567 2602 Iisai
595 2548 794 2602 autem
817 2545 1022 2614 genuit
1047 2542 1234 2600 David
1256 2558 1481 2615 regem,
1508 2543 1689 2600 David
1709 2555 1910 2601 autem

249 2649 355 2690 rex
384 2635 584 2705 genuit
631 2633 1005 2690 Solomonem
1031 2649 1102 2688 ex
1129 2647 1198 2687 ea
1233 2647 1370 2703 quas
1399 2633 1505 2688 fuit
1547 2632 1715 2698 Uriae,
1751 2632 1911 2688 Solo-

251 2739 394 2779 mon
421 2729 616 2778 autem
649 2721 854 2792 genuit
882 2721 1280 2777 Rechabeam.
1308 2721 1680 2777 Rechabeam
1708 2727 1908 2776 autem

253 2812 457 2881 genuit
491 2811 723 2876 Abiam,
759 2810 973 2865 Abiam
1000 2815 1199 2865 autem
1240 2811 1446 2879 genuit
1473 2809 1784 2882 Josaphat,
1817 2810 1911 2864 Jo-

255 2901 472 2972 saphat
483 2905 673 2956 autem
687 2897 1195 2969 genuitJehoram,
1219 2898 1487 2954 Jehoram
1503 2903 1694 2954 autem
1710 2898 1910 2968 genuit

259 2989 482 3052 Osiam,
505 2989 672 3043 Osias
708 2994 908 3043 autem
941 2988 1142 3057 genuit
1166 2986 1426 3052 Jotham,
1446 2987 1686 3042 Jotham
1710 2993 1910 3043 autem

259 3076 462 3147 genuit
489 3076 698 3139 Achaz,
724 3076 917 3131 Achaz
932 3080 1130 3132 autem
1151 3075 1352 3146 genuit
1378 3074 1691 3140 Hizkiahu,
1727 3076 1912 3130 Hizki-

255 3164 377 3220 ahu
394 3167 592 3220 autem
607 3164 814 3235 genuit
829 3166 1164 3228 Manassen,
1187 3165 1481 3220 Manasses
1493 3168 1691 3220 autem
1709 3165 1912 3234 genuit

2017 2013 2123 2069 fuit
2155 2012 2368 2077 Adam,
2395 2013 2502 2086 qui
2530 2013 2638 2069 fuit
2667 2014 2790 2070 Dei.

2086 2101 2141 2165 5,
2168 2105 2252 2156 t9.
2286 2103 2546 2175 Cumque
2580 2118 2699 2158 non
2731 2103 3112 2166 invenissent,
3143 2118 3265 2175 qua
3297 2102 3460 2158 illum
3489 2100 3669 2157 infer-

2017 2193 2174 2245 rent.
2231 2192 2356 2245 Non
2397 2191 2747 2262 exprimitur
2800 2190 3135 2264 praepositio
3189 2188 3283 2243 διὰ
3335 2206 3456 2260 per.
3507 2189 3669 2244 Facit

2019 2278 2333 2334 nobiscum
2365 2279 2647 2351 Complut.
2673 2280 2878 2336 editio.

2092 2368 2144 2430 5,
2190 2366 2283 2421 27.
2323 2367 2470 2422 Vidit
2500 2366 2886 2438 publicanum
2928 2367 3170 2422 nomine
3215 2366 3440 2437 (Levin)
3484 2365 3671 2421 Habet

2021 2455 2181 2510 enim
2210 2455 2365 2507 λευίν.
2398 2457 2463 2510 Et
2495 2456 2692 2511 statim
2741 2456 2892 2512 infra
2933 2472 2990 2510 v.
3022 2457 3090 2510 29
3123 2472 3135 2510 :
3168 2456 3234 2510 Et
3260 2454 3395 2510 fecit
3438 2455 3487 2509 ei
3530 2470 3669 2509 con-

2019 2543 2243 2598 vivium
2287 2560 2570 2614 magnum
2610 2545 2829 2616 (Levis)
2857 2545 3008 2609 λωίς,
3059 2560 3179 2600 non
3217 2559 3322 2615 per
3356 2543 3667 2614 diphthon-

2021 2647 2159 2702 gum
2201 2633 2259 2687 in
2304 2634 2604 2703 posteriori
2634 2633 2846 2689 sillaba
2874 2633 2960 2704 (ν)
2999 2633 3158 2686 λιυείν
3191 2638 3248 2688 et
3285 2633 3462 2692 λωιίς.
3501 2632 3671 2689 Facit

2020 2721 2338 2776 nobiscum
2367 2722 2542 2777 etiam
2589 2722 2890 2794 exemplar
2927 2721 3369 2793 Complutense.
3417 2721 3669 2776 Possunt

2019 2815 2219 2865 autem
2250 2810 2309 2865 hi
2341 2825 2517 2866 casus
2546 2810 2599 2865 in
2635 2811 2898 2866 Latinam
2926 2827 3160 2883 quoque
3190 2811 3460 2879 linguam
3484 2815 3669 2865 trans-

2020 2898 2272 2963 formari,
2313 2899 2822 2972 quemadmodum
2863 2915 2899 2954 a
2940 2898 3289 2955 nominibus
3341 2898 3671 2971 Emphasis,

2021 2988 2294 3052 Protasis,
2331 2987 2580 3060 Epitasis
2606 3005 2675 3045 ac
2703 2988 3020 3044 similibus.

2090 3078 2143 3142 5,
2166 3077 2254 3130 30.
2275 3077 2805 3135 Etmurmurabant
2825 3079 3025 3134 scriba:
3043 3079 3164 3150 (qui
3188 3077 3339 3134 inter
3361 3093 3462 3133 eos
3483 3078 3672 3147 erant)

2022 3165 2270 3221 Additur
2307 3181 2572 3238 namque
2611 3167 2798 3222 αὐτῶν.
2834 3169 2926 3223 Sic
2959 3173 3015 3222 et
3056 3165 3358 3239 exemplar
3399 3166 3675 3238 Complu-

252 3258 460 3318 Amon,
489 3257 683 3308 Amon
713 3256 913 3309 autem
939 3253 1143 3322 genuit
1161 3251 1688 3316 Josiahu,Josiahu
1710 3260 1909 3310 autem
1950 3274 1988 3328 ρ
2020 3259 2206 3310 tense.

250 3339 457 3410 genuit
473 3339 812 3405 Jekoniam,
834 3343 890 3394 et
909 3338 1118 3394 fratres
1145 3339 1274 3410 ejus
1300 3339 1362 3394 in
1387 3339 1910 3409 transmigratione

250 3428 644 3499 Babylonica.
668 3429 879 3497 Etpost
895 3426 1476 3496 transmigrationem
1494 3427 1912 3499 Babylonicam

255 3514 574 3570 Jechonias
615 3513 821 3582 genuit
867 3513 1122 3584 Sealtiel,
1175 3513 1408 3573 Sealtiel
1461 3524 1659 3572 autem
1716 3517 1914 3585 genuit

257 3601 648 3666 Zorobbabel,
674 3600 1042 3658 Zorobbabel
1064 3609 1262 3658 autem
1283 3604 1485 3671 genuit
1500 3603 1759 3669 Abibud,
1781 3606 1914 3661 Abi-

253 3691 382 3748 hud
416 3694 614 3746 autem
646 3691 848 3760 genuit
881 3689 1146 3757 Eliakim,
1183 3691 1430 3747 Eliakim
1474 3699 1667 3749 autem
1709 3694 1915 3765 genuit

251 3782 424 3847 Azor,
447 3782 592 3835 Azor
607 3785 808 3837 autem
832 3780 1037 3848 genuit
1060 3781 1254 3836 Zadoc
1279 3782 1468 3838 Zadoc
1493 3789 1694 3839 autem
1709 3783 1914 3853 genuit

252 3869 484 3934 Achim,
525 3868 734 3924 Achim
779 3872 979 3925 autem
1023 3869 1222 3939 genuit
1268 3869 1458 3935 Eliud,
1506 3871 1673 3927 Eliud
1713 3878 1911 3929 autem

254 3957 734 4028 genuitEleazar,
753 3956 991 4013 Eleazar
1003 3964 1192 4014 autem
1209 3960 1410 4027 genuit
1423 3960 1674 4026 Mathan,
1691 3961 1913 4017 Mathan

259 4051 461 4102 autem
493 4047 695 4117 genuit
717 4045 954 4111 Jaacob,
984 4046 1206 4102 Jaacob
1237 4051 1430 4104 autem
1465 4051 1666 4118 genuit
1690 4051 1915 4122 Joseph

256 4135 456 4190 virum
487 4134 677 4189 Maria:
719 4133 795 4189 de
837 4151 960 4206 qua
1002 4143 1177 4190 natus
1212 4140 1298 4190 est
1337 4138 1503 4192 Jesus
1533 4139 1635 4209 qui
1672 4146 1915 4195 vocatur

260 4221 552 4280 Christus.
621 4224 806 4277 Lucas
863 4239 1048 4278 vero:
1087 4222 1238 4296 Ipse,
1303 4223 1512 4297 inquit.
1565 4226 1738 4281 Jesus
1791 4231 1917 4283 erat

256 4309 444 4366 ferme
487 4327 788 4367 annorum
842 4311 1081 4383 triginta
1130 4312 1427 4376 incedens,
1487 4318 1548 4368 ut
1593 4314 1916 4387 putabatur

255 4397 412 4452 ﬁlius
439 4399 662 4469 Joseph
701 4399 803 4471 qui
836 4398 947 4455 fuit
979 4400 1079 4464 Eli,
1116 4401 1216 4472 qui
1250 4400 1356 4458 fuit
1386 4402 1640 4471 Matlian,
1673 4405 1773 4475 qui
1809 4403 1917 4460 fuit

257 4485 410 4552 Levi,
429 4487 532 4557 qui
563 4486 666 4541 fuit
688 4487 916 4551 Melchi,
944 4490 1049 4560 qui
1079 4487 1188 4544 fuit
1211 4490 1421 4556 Janna,
1443 4490 1545 4562 qui
1570 4490 1675 4547 fuit
1695 4492 1914 4564 Joseph

253 4575 362 4671 qui
394 4573 502 4672 fuit
526 4574 866 4672 illatatheiaa:
897 4577 994 4672 qui
1028 4576 1136 4632 fuit
1181 4579 1380 4643 Amos,
1415 4580 1515 4652 qui
1550 4579 1652 4634 fuit
1702 4584 1911 4644 Naum,
1949 4619 1992 4672 Β

255 4661 364 4733 qui
389 4661 497 4717 fuit
525 4663 666 4727 Ezel,
705 4665 808 4736 qui
834 4662 944 4720 fuit
969 4668 1208 4736 Naggas,
1240 4666 1342 4738 qui
1393 4666 1501 4723 fuit
1545 4668 1766 4734 Mahat,
1809 4669 1913 4741 qui

253 4750 366 4806 fuit
403 4751 752 4817 Matatheias,
781 4754 883 4824 qui
911 4752 1019 4809 fuit
1049 4755 1262 4814 Semei,
1291 4755 1394 4827 qui
1422 4756 1786 4829 fuitJoseph,
1817 4759 1913 4830 qui

253 4839 366 4896 fuit
393 4839 643 4905 Jehuda,
676 4840 780 4912 qui
813 4841 919 4898 fuit
965 4841 1304 4908 Johannan,
1331 4845 1432 4916 qui
1473 4844 1578 4900 fuit
1613 4849 1780 4916 Resa,
1809 4849 1912 4920 qui

254 4927 363 4982 fuit
387 4927 780 4995 Zorobbabel,
811 4930 910 5002 qui
948 4929 1052 4985 fuit
1085 4931 1339 4998 Sealtiel,
1369 4933 1471 5004 qui
1499 4932 1602 4989 fuit
1632 4936 1784 5005 Neri,
1811 4937 1910 5008 qui

326 5157 414 5300 ξεί)
448 5161 734 5216 Erasmus
767 5166 810 5213 εί
835 5160 1037 5225 edidit,
1065 5165 1130 5217 ut
1160 5178 1342 5234 supra
1371 5163 1574 5236 ῥαϐϐεί.

349 5239 402 5298 z)
433 5231 738 5300 Chrysost,
766 5238 804 5286 t.
836 5231 946 5298 νη,
983 5248 1041 5300 p.
1075 5233 1200 5299 192,
1233 5242 1298 5291 Α.
1331 5235 1574 5291 veheme

349 5239 402 5298 z)
433 5231 804 5306 Chrysost,_t.
836 5231 946 5298 νη,
983 5248 1041 5302 p.
1075 5233 1200 5299 192,
1233 5231 1298 5291 Ᾰ.
1331 5231 1710 5292 vehementer
1740 5243 1910 5306 urget

247 5304 309 5352 τὸ
376 5300 580 5378 πάντεξ.
639 5300 803 5378 Ὁνδᾷ
845 5300 1069 5378 Λᾳυκᾶς,
1131 5306 1284 5378 enim
1337 5306 1542 5378 inquit,
1585 5313 1673 5360 καὶ
1739 5300 1910 5362 ἐπᾶε-

246 5376 478 5450 rupium;
532 5379 622 5425 καὶ
678 5377 809 5446 μετά
871 5373 1128 5450 πλείονοςΔ
1159 5377 1312 5428 αὐτὸν
1365 5373 1698 5450 πᾶραμυθίας
1749 5389 1908 5432 τοῦτα

247 5443 512 5516 εἰρηκέναι
565 5443 742 5518 ερησίν.
805 5445 879 5496 Οὐ
935 5449 1035 5518 γὰρ
1097 5443 1162 5504 δὴ
1219 5453 1370 5518 μόνον
1424 5443 1545 5511 rod;
1594 5449 1760 5512 κακῶς
1815 5448 1907 5503 διὰ

244 5515 335 5566 τὸν
389 5518 511 5567 Θεὸν
569 5515 845 5577 ἀκούοντας
901 5515 1182 5589 μακάρίζει
1216 5515 1227 5550 ί
1263 5519 1390 5571 ἁ).λὰ
1441 5526 1530 5572 καὶ
1585 5526 1708 5583 τοὺς
1765 5526 1907 5595 παρὰ

243 5587 452 5638 πάντων
506 5588 674 5649 καλῶς
726 5587 1008 5650 uxorias-ru;
1046 5587 1339 5653 ἐαλανίζει·
1391 5591 1507 5644 οὐαὶ
1569 5595 1670 5664 γὰρ
1731 5587 1904 5664 ὑμῶν

246 5662 430 5728 φησὶν,
505 5663 624 5711 ὅταν
695 5659 862 5719 καλῶς
927 5662 1056 5730 ὑμᾶς
1124 5664 1309 5714 εἴπωσι
1376 5659 1584 5722 πάντες.
1620 5659 1668 5714 οἳ
1733 5659 1904 5730 ἄνθργω

242 5717 356 5783 ⁸ἱιόι.
416 5734 598 5782 Καίτοι
646 5737 736 5783 καὶ
793 5734 908 5792 τοὺς
958 5717 1280 5793 ἆποστόλους
1335 5733 1501 5794 καλῶς
1554 5733 1738 5808 ἔλεγον·
1797 5717 1902 5790 ἀλλ’

2091 3343 2248 3406 6,18.
2270 3341 2872 3412 thuivexabantura
2889 3341 3194 3413 spiritibus
3213 3341 3560 3403 immundis,
3577 3357 3674 3395 cu-

2018 3429 2326 3488 rabantur.
2379 3430 2506 3486 Non
2535 3432 2692 3485 enim
2740 3431 2949 3502 repetit
2977 3430 3450 3500 conjunctionem
3501 3435 3590 3480 καί
3621 3435 3675 3484 et

2021 3522 2157 3573 ante
2181 3517 2424 3574 verbum
2455 3518 2847 3576 curabuntur.
2879 3519 3041 3574 Facit
3077 3517 3387 3573 nobiscum
3431 3517 3675 3586 Vulgata

2020 3606 2224 3663 editio.

2090 3697 2145 3760 6,
2171 3698 2259 3752 20.
2314 3699 2378 3752 Et
2408 3697 2536 3769 ipse
2577 3697 2814 3753 elevatis
2859 3696 3047 3752 oculis
3095 3695 3212 3751 suis
3257 3696 3315 3751 in
3346 3695 3675 3768 discipulos

2021 3785 2228 3855 (suos).
2254 3785 2402 3840 Nam
2427 3786 2708 3857 repetitur
2727 3785 2886 3838 αὐτοῦ
2905 3801 3054 3841 suos.
3087 3783 3331 3840 Faciunt
3356 3784 3676 3840 nobiscum

2021 3876 2077 3929 et
2104 3873 2532 3945 Complutensis
2553 3880 2610 3929 et
2643 3874 2890 3943 Vulgata
2918 3875 3134 3929 editio:
3174 3890 3514 3946 quanquam
3544 3873 3673 3928 haec

2021 3964 2099 4017 ad
2130 3962 2455 4018 dictionem
2478 3963 2692 4029 Oculis,
2719 3979 2840 4019 non
2869 3964 3142 4035 adiungit
3163 3964 3527 4034 reciprocum
3549 3962 3675 4018 suis

2020 4050 2201 4122 idque
2230 4051 2414 4110 male.

2094 4143 2144 4206 6,
2187 4145 2276 4196 23.
2320 4143 2462 4196 Ecce
2506 4142 2662 4196 enim
2718 4157 2942 4196 merces
2994 4146 3187 4196 vestra
3241 4140 3426 4196 multa
3479 4146 3563 4195 est
3615 4139 3675 4194 in

2021 4227 2218 4300 (ctelo)
2261 4245 2381 4286 non
2421 4228 2468 4281 ἐν
2495 4237 2598 4290 τοῖς
2628 4229 2881 4301 οὐρανοῖς,
2924 4231 2987 4285 in
3014 4230 3171 4285 caelis
3203 4228 3531 4299 pluraliter.
3571 4228 3677 4283 Fa-

2022 4317 2099 4372 cit
2127 4317 2440 4373 nobiscum
2467 4318 2884 4389 Complutcnse
2920 4317 3243 4387 exemplar.

2091 4406 2145 4469 6,
2178 4407 2266 4460 26.
2315 4406 2411 4460 νω
2453 4422 2588 4460 cum
2622 4405 2997 4460 laudaverint
3049 4421 3155 4458 vos
3209 4403 3501 4458 homines.
3551 4406 3673 4459 Non

2021 4494 2180 4550 enim
2208 4493 2444 4548 additur
2473 4495 2594 4566 ὑμῖν
2617 4494 2792 4559 vobis,
2829 4499 2957 4566 post
2983 4492 3446 4563 interjectionem
3486 4509 3584 4548 vw.
3614 4495 3677 4548 Et

2023 4583 2085 4638 in
2124 4584 2237 4638 hoc
2279 4582 2413 4638 facit
2452 4583 2768 4638 nobiscum
2809 4588 3020 4655 praeter
3050 4581 3352 4653 exemplar
3377 4583 3671 4655 Complut.

2022 4673 2200 4729 etiam
2232 4673 2484 4741 Vulgata
2511 4673 2708 4728 editio.
2738 4675 2802 4730 In
2835 4690 2904 4728 eo
2937 4679 3135 4728 autem
3166 4673 3328 4743 quod
3363 4688 3480 4727 non
3509 4672 3675 4728 addit

2023 4768 2226 4816 auctor
2257 4768 2456 4816 noster
2494 4763 2676 4821 πάντες
2707 4762 2779 4832 (z)
2811 4777 3014 4826 omnes,
3062 4765 3198 4816 ante
3231 4761 3501 4823 homines,
3538 4761 3675 4815 facit

2022 4850 2330 4905 nobiscum
2363 4851 2650 4922 Complut.
2687 4851 2882 4916 editio,
2918 4859 2971 4906 et
3007 4850 3215 4905 melius
3251 4850 3675 4921 correspondet

2021 4939 2328 4995 contraria:
2355 4939 2722 4995 beatitudini.

2019 5171 2077 5223 οὐ
2131 5173 2339 5232 πάντες
2399 5166 2492 5223 διὰ
2552 5179 2704 5224 τοῦτο
2748 5172 2855 5244 uix
2913 5169 3070 5239 εἶπεν,
3132 5175 3251 5224 ὅταν
3307 5171 3487 5244 καλῶς.
3540 5175 3674 5244 ὑμᾶς

2019 5245 2231 5316 εἴπωσιν
2277 5246 2324 5294 οὶ
2381 5244 2664 5316 ἅνθρωποι,
2739 5241 2845 5294 ἀλλ’
2915 5247 3034 5294 ὅταν
3105 5245 3310 5304 πάντες.
3379 5240 3518 5294 Οὐδὲ
3573 5240 3670 5314 ὴὰρ

2019 5309 2238 5366 δυνατὸν
2289 5318 2410 5375 τοὺς
2457 5309 2504 5365 Eia
2550 5309 2703 5387 upsrﬁ
2769 5318 2960 5375 ζῶντας
3017 5317 3160 5387 παρὰ
3215 5317 3418 5366 πάντων
3472 5309 3672 5367 ὰκοῦείν

2015 5365 2202 5457 sala?
2265 5365 2337 5440 Et.
2377 5365 2415 5439 t:
2476 5365 2631 5448 νιιίξ
2670 5365 2796 5449 Ᾰ83ξ
2854 5387 2919 5438 Α.
2946 5365 3111 5437 ⁸0·ἇαῖ
3156 5365 3294 5457 ὑμῖν,
3349 5391 3467 5436 ὅταν
3507 5365 3674 5445 aula“);

2014 5454 2202 5507 εἲπῶσι
2286 5459 2470 5516 πάντες
2546 5462 2594 5508 oi
2667 5458 2945 5527 ἄνθρωποι.
3021 5457 3138 5512 Sed
3190 5454 3673 5527 'Chrysostomus

2014 5528 2204 5581 multa
2251 5527 2583 5581 homiletice
2627 5529 2817 5596 magis
2860 5543 3043 5598 quam
3099 5527 3290 5582 critice
3329 5527 3490 5581 dicit.
3530 5527 3672 5597 Ὑμῖν

2012 5598 2224 5662 omitti,
2260 5602 2454 5658 πάντες.
2493 5599 2552 5654 in
2594 5603 2755 5654 textu
2797 5607 2986 5652 servat
3023 5599 3441 5669 Theophylact,
3477 5613 3536 5666 p.
3570 5599 3669 5652 342

2013 5672 2075 5722 Α.
2115 5670 2226 5724 Sed
2271 5669 2452 5742 hujus
2496 5671 2900 5742 interpretatio
2946 5671 3048 5742 vix_
3078 5668 3317 5742 videtur
3361 5668 3671 5742 admittere

2009 5742 2216 5801 πάντες.
2252 5737 2389 5802 Vide
2430 5741 2553 5798 ibit.
2605 5737 2668 5801 C:
2713 5741 2992 5816 Φρίξωμεν,
3029 5737 3260 5820 ἀδελφοὶ,
3303 5748 3415 5799 πῶς
3455 5742 3513 5788 τὸ
3553 5738 3670 5788 οὐαὶ
