4180 6452
511 434 581 492 59
2021 436 2111 491 PR
2120 436 2418 494 EFATIO.
3853 437 3928 492 60

585 562 640 627 6,
672 562 759 620 37.
790 562 900 633 (Et)
930 561 1105 618 nolite
1144 561 1432 633 judicare.
1469 563 1776 635 Siquidem
1807 563 2167 634 preponitur
2197 565 2241 617 A
2345 565 2434 630 1ο,
2465 567 2551 618 23.
2587 564 2739 620 Beati
2763 563 2918 620 oculi
2949 564 3050 636 qui
3076 564 3280 620 vident
3307 581 3440 636 quae
3469 564 3699 620 videtis.
3725 566 3930 636 Neque

517 657 607 704 καί
636 661 710 716 ει,
738 653 797 707 in
829 652 1148 722 exemplari
1175 667 1418 724 quoque
1450 653 1882 724 Complutensi.

584 739 638 803 6,
668 741 760 794 40.
805 738 1106 798 Perfectus
1135 745 1339 796 autem
1373 741 1478 796 erit
1506 741 1661 796 sicut
1684 742 1969 811 magister
1999 757 2162 805 suus,

517 843 632 884 non
664 830 821 883 enim
849 827 1032 884 habet
1061 835 1162 891 πᾶς
1191 829 1274 899 (a)
1300 829 1506 893 omnis,
1534 836 1665 885 ante
1687 832 1820 886 erit.

582 921 634 983 7,
667 919 724 972 7.
755 919 911 974 Loco
937 933 1143 974 eorum
1171 933 1304 990 qua
1329 919 1488 991 apud
1518 919 1665 975 alios
1688 919 1986 974 habentur
2009 920 2166 990 (pro-

512 1012 640 1078 pter
665 1007 832 1078 quod
847 1012 906 1064 et
929 1021 1026 1064 me
1042 1007 1243 1079 ipsum
1267 1024 1390 1064 non
1411 1023 1549 1064 sum
1573 1007 1825 1078 dignum
1846 1007 2166 1064 arbitratus

516 1103 580 1152 ut
619 1097 882 1152 venirem
917 1096 994 1152 ad
1037 1097 1118 1167 te)
1143 1096 1290 1152 nihil
1330 1097 1514 1154 habet
1541 1102 1749 1153 auctor
1778 1102 1996 1152 noster.
2049 1095 2163 1152 Sed

514 1202 711 1258 neque
731 1186 789 1240 in
811 1185 1104 1250 Matthaeo,
1129 1185 1626 1255 evangelistarum
1643 1186 1799 1242 dicta
1818 1185 2163 1249 concilians,

515 1275 726 1330 horum
769 1274 909 1329 facit
937 1273 1308 1330 mentionem.
1341 1275 1471 1330 Non
1505 1273 1736 1330 videtur
1773 1287 1914 1342 ergo
1942 1273 2166 1329 librarii

512 1361 874 1431 negligentia
907 1361 1395 1433 praetermissum.
1429 1363 1493 1417 In
1532 1363 1647 1418 hoc
1672 1362 1831 1419 enim
1867 1362 2058 1434 capite
2088 1361 2168 1418 ad

513 1452 635 1508 haec
661 1456 974 1508 contextus
1002 1451 1188 1508 verba
1221 1468 1234 1506 :
1266 1471 1295 1503 α
1317 1452 1450 1508 Non
1479 1451 1636 1508 enim
1667 1467 1801 1506 sum
1833 1449 2108 1519 idoneus,
2138 1471 2165 1498 η

516 1547 649 1609 etc.,
677 1540 811 1597 loco
843 1540 1205 1596 scholiorum
1227 1542 1393 1611 ponit
1421 1541 1601 1596 verba
1625 1556 1762 1611 quas
1794 1543 2166 1612 sequuntur:

519 1632 651 1685 llaec
683 1628 863 1685 etiam
895 1628 1039 1685 dixit
1079 1628 1373 1686 Matthteus
1409 1645 1421 1684 :
1456 1631 1521 1685 Et
1562 1627 1856 1684 declarata
1904 1632 2042 1684 sunt
2087 1627 2168 1697 (ὁ)

517 1719 797 1792 ριυωάίοίο
826 1719 1038 1790 capite.
1067 1719 1238 1784 Quod
1269 1719 1319 1774 si
1343 1719 1666 1789 judicasset
1694 1717 1807 1774 hoc
1837 1718 1965 1772 loco
1999 1719 2171 1772 inter-

518 1808 867 1879 ponendum
890 1823 902 1861 :
921 1808 1161 1879 Propter
1180 1807 1346 1880 quod
1362 1813 1418 1863 et
1441 1821 1535 1862 me
1557 1808 1775 1878 ipsum,
1795 1811 1928 1873 etc.,
1949 1821 2172 1878 nequa-

2276 653 2434 707 enim
2466 653 2523 706 in
2556 658 2793 708 auctore
2818 659 3040 718 nostro,
3083 669 3275 726 neque
3314 655 3373 708 in
3404 653 3730 724 exemplari
3758 654 3935 707 Com-

2274 741 2424 812 plut.
2472 741 2821 812 exprimitur
2849 743 2995 812 ὑμεῖς
3037 757 3156 797 vos.
3202 741 3380 796 Video
3433 741 3662 806 ethoc,
3715 746 3771 797 et
3819 741 3936 797 alia

2275 829 2548 900 quaedam
2573 829 2920 899 hujusmodi
2943 830 3236 886 minutula
3252 846 3398 893 esse,
3423 836 3479 885 et
3502 846 3638 901 quae
3665 830 3934 885 fortassis

2274 917 2452 974 alicui
2535 919 2917 975 adnotatione
3005 919 3248 989 indigna
3309 919 3672 974 videbuntur
3717 918 3931 983 ;nolui

2273 1012 2476 1063 tamen
2504 1008 2575 1076 (Γ)
2606 1009 3071 1078 praetermittere,
3103 1023 3177 1063 ne
3207 1007 3535 1079 quisquam
3567 1007 3923 1078 negligentie

2277 1101 2379 1152 aut
2407 1097 2734 1152 temeritate
2758 1096 2965 1152 relicta
2988 1102 3158 1169 putet
3186 1113 3292 1152 seu
3313 1097 3647 1152 immutata.

2352 1189 2436 1252 10,
2455 1189 2542 1240 39.
2561 1186 2700 1250 Quae
2718 1185 2895 1240 etiam
2915 1185 3184 1240 assidens
3197 1185 3272 1240 ad
3293 1186 3475 1256 pedes
3489 1184 3628 1240 Jesu
3645 1184 3934 1242 audiebat

2276 1274 2628 1344 (sermones)
2646 1273 2819 1328 illius.
2849 1273 3037 1329 Habet
3051 1274 3211 1329 enim
3233 1273 3413 1329 etiam
3431 1273 3739 1346 exemplar
3760 1276 3933 1330 Com-

2275 1362 2547 1435 plutense
2576 1372 2675 1414 τῶν
2701 1362 2864 1433 λόγων
2895 1362 3218 1433 pluraliter.

2349 1452 2435 1515 11,
2470 1455 2564 1508 53.
2613 1451 2932 1523 Coeperunt
2976 1451 3240 1521 (Scribis)
3267 1456 3324 1506 et
3370 1451 3645 1506 Pharisaei
3677 1453 3936 1520 graviter

2278 1541 2569 1596 insistere.
2605 1543 2728 1596 Non
2762 1541 2918 1595 enim
2953 1540 3134 1596 habet
3174 1546 3381 1611 νομικοὶ
3412 1541 3545 1611 tegis
3582 1542 3786 1609 periti,
3830 1541 3935 1596 sed

2276 1637 2598 1703 γραμματεῖς
2643 1630 2878 1686 Scribce.
2927 1632 2992 1684 Et
3041 1629 3240 1684 stati-xi
3285 1629 3441 1685 infra
3487 1629 3700 1684 eodem
3736 1646 3933 1694 versu,

2279 1736 2398 1775 non
2427 1719 2606 1775 ‘nabet
2627 1718 2998 1790 ἐπιστομίζειν
3029 1719 3285 1790 captiose
3307 1719 3675 1789 interrogare
3700 1735 3712 1772 :
3739 1735 3934 1792 neque

2279 1822 2418 1863 cum
2471 1807 2601 1862 aliis
2662 1808 3021 1879 ἐπιστομίζειν
3076 1822 3137 1863 os
3190 1808 3499 1872 obstruere,
3552 1808 3656 1862 sed
3707 1807 3933 1861 ἀποστο-

515 1910 703 1966 quam
733 1896 982 1952 dixisset
1005 1895 1567 1953 omniaaMatthmo
1593 1911 1718 1950 esse
1737 1895 1917 1960 dicta,
1943 1893 2079 1950 etin
2101 1909 2170 1949 eo
2197 1905 2236 1966 Β
2279 1899 2514 1970 ματίζεν,
2556 1898 2664 1952 hoc
2718 1903 2823 1967 est,
2885 1896 2962 1953 ab
3013 1913 3115 1952 ore
3170 1897 3554 1966 interrogare.
3612 1897 3762 1962 Quid
3818 1897 3933 1953 hoc

517 1983 821 2039 declarata
848 2001 985 2040 cum
1018 1985 1100 2041 ibi
1122 1983 1279 2040 nulla
1307 1985 1374 2040 tit
1401 1985 1610 2040 horum
1644 1984 1890 2042 mentio.

589 2072 641 2137 7,
673 2077 762 2128 28.
815 2073 958 2128 Dico
979 2073 1137 2129 enim
1167 2073 1338 2128 vobis
1369 2090 1382 2128 :
1415 2074 1477 2128 In
1507 2072 1602 2128 his
1628 2073 1735 2146 qui
1758 2088 1791 2128 e
1831 2071 2172 2128 mulieribus

519 2162 637 2216 nati
668 2165 825 2231 sunt,
866 2162 1080 2232 major,
1119 2162 1348 2218 Joanne
1379 2162 1638 2235 Baptista
1673 2177 1852 2218 nemo
1885 2167 1994 2218 est.
2044 2162 2173 2216 Non

521 2249 681 2306 addit
734 2257 1016 2325 προφήτης,
1063 2267 1173 2306 nec
1221 2256 1423 2307 tamen
1465 2249 1695 2306 videtur
1741 2249 2173 2319 negligentiam

520 2339 832 2405 omissum,
856 2340 937 2396 ob
960 2340 1235 2396 eamdem
1259 2355 1530 2403 causam,
1556 2354 1738 2412 quam
1763 2338 2053 2411 superiori
2070 2337 2173 2393 ad-

517 2428 924 2484 notatiuncula
961 2428 1296 2484 retulimus.

581 2517 636 2582 8,
669 2519 728 2574 5.
779 2521 844 2574 Et
876 2517 1138 2573 volucres
1171 2517 1297 2573 caeli
1321 2516 1552 2588 (etiam)
1581 2517 1975 2573 comederunt
2004 2513 2170 2571 illud.

517 2607 764 2662 Additur
793 2607 953 2660 enim
979 2607 1048 2676 (c)
1081 2622 1315 2662 rursum
1343 2611 1432 2659 καὶ
1461 2611 1536 2662 et.

590 2698 641 2758 9,
675 2697 762 2749 43.
798 2693 1088 2751 Omnibus
1111 2709 1250 2749 vero
1266 2693 1702 2750 admirantibus
1727 2707 1912 2762 supra
1927 2691 2020 2748 his
2041 2705 2173 2762 quas

519 2781 771 2838 faciebat
843 2783 1074 2853 (lesus).
1147 2781 1399 2838 Additur
1453 2783 1613 2838 enim
1667 2797 1889 2838 nomen
1949 2782 2172 2843 Ἰησοῦς,

519 2872 700 2927 etiam
730 2871 788 2926 in
817 2869 1132 2942 exemplari
1157 2871 1446 2943 Complut.

589 2960 645 3027 9,
678 2961 764 3014 55.
814 2962 1144 3015 Conversus
1189 2965 1410 3024 autem,
1457 2958 1787 3030 increpavit
1835 2955 1991 3013 illos.
2048 2959 2175 3011 Non

521 3049 682 3105 enim
723 3049 961 3105 additur
990 3065 1204 3105 nomen
1245 3048 1470 3118 Ἰησοῦς,
1509 3063 1704 3120 neque
1755 3047 1815 3102 in
1851 3044 2176 3117 exemplari

522 3137 846 3208 Complut.,
874 3151 1062 3209 neque
1089 3138 1151 3194 in
1178 3138 1428 3207 Vulgata
1448 3137 1728 3192 editione.
1764 3135 1987 3191 Deinde
2011 3132 2177 3206 quod

523 3227 785 3299 sequitur
815 3226 876 3282 in
905 3227 1187 3282 omnibus
1211 3225 1604 3290 versionibus,
1623 3231 1678 3280 et
1703 3224 1759 3279 in
1779 3226 1981 3280 Graeca
1997 3223 2177 3278 etiam

521 3315 782 3372 editione
818 3315 1222 3386 Complutensi
1275 3321 1462 3386 puta:
1498 3313 1565 3370 Et
1616 3313 1697 3370 ait
1749 3312 1898 3368 illis:
1933 3310 2178 3368 Nescitis

522 3406 694 3478 cujus
745 3406 974 3479 spiritus
1005 3407 1144 3462 estis
1176 3421 1300 3461 vos.
1353 3405 1527 3461 Filius
1556 3405 1718 3461 enim
1758 3403 2018 3460 hominis
2052 3416 2174 3458 non

519 3494 680 3550 venit
697 3494 775 3550 ad
799 3493 1173 3565 perdendum
1196 3493 1427 3549 animas
1456 3493 1793 3555 hominum,
1819 3490 1920 3546 sed
1953 3489 2031 3545 ad
2063 3488 2177 3545 sal-

521 3583 789 3639 vandum
818 3600 830 3638 :
857 3597 1213 3656 quanquam
1238 3596 1350 3637 nos
1371 3579 1740 3637 addidimus:
1771 3578 2074 3646 vereor(d)
2102 3593 2178 3632 ne

522 3687 645 3728 non
695 3673 770 3727 sit
809 3671 1037 3728 librarii
1085 3671 1312 3726 incuria
1359 3670 1702 3726 omissum:
1736 3668 1997 3723 maxime
2045 3682 2176 3721 cum

521 3763 580 3819 in
609 3762 850 3819 scholiis
877 3762 1107 3818 nullam
1132 3760 1312 3816 faciat
1335 3759 1543 3815 horum
1577 3759 1968 3814 mentionem.

594 3855 645 3917 9,
677 3853 766 3908 57.
809 3853 1036 3923 Sequar
1071 3856 1126 3906 te
1156 3863 1520 3922 quocunque
1556 3847 1692 3902 ieris
1720 3845 2024 3917 (Domine).
2065 3843 2180 3899 Ad-

522 3939 744 3996 diditur
768 3940 926 3996 enim
962 3941 1136 4012 Κύριε,
1170 3938 1348 3993 etiam
1378 3937 1440 3992 in
1462 3934 1892 4008 Complutensi.

601 4030 677 4092 10,
709 4031 798 4083 22.
823 4029 912 4099 (Et
941 4043 1266 4083 conversus
1285 4025 1362 4080 ad
1380 4023 1706 4096 discipulos
1723 4023 1932 4094 dixit):
1965 4022 2180 4080 Omnia

522 4119 668 4174 mihi
706 4118 924 4174 tradita
954 4121 1092 4171 sunt
1129 4132 1164 4170 a
1211 4115 1379 4169 Patre
1411 4129 1566 4169 meo.
1606 4112 1915 4186 Siquidem
1961 4113 2032 4183 (e)
2076 4112 2180 4168 ad-

521 4208 746 4264 duntur
773 4207 955 4262 etiam
986 4206 1042 4260 in
1089 4201 1417 4274 exemplari
1467 4203 1750 4275 Complut.
1790 4202 1917 4259 hinc
1949 4199 2129 4258 verba
2162 4223 2175 4266 ;

527 4302 626 4350 Καὶ
659 4301 899 4370 στραφεὶς
927 4298 1054 4366 πρὸς
1073 4296 1191 4352 τούς
1217 4293 1457 4364 μαθητὰς
1481 4289 1589 4346 εἶπα
1616 4308 1630 4347 :
1660 4292 1726 4348 Et
1746 4305 2070 4348 conversus
2101 4291 2179 4347 ad

524 4386 844 4457 discipulos
873 4382 1042 4438 dixit.

527 4594 725 4661 ἔχωσιν
802 4590 850 4640 οἱ
915 4589 1057 4659 παρὰ
1109 4596 1209 4640 τῶν
1277 4586 1560 4659 ἀνθρώπων
1643 4584 2017 4657 ἐπαινούμενοι.
2066 4590 2180 4661 “dei

527 4654 617 4735 μξὲν
673 4663 772 4733 γὰρ
820 4665 915 4735 καὶ
977 4654 1119 4733 napo:
1161 4667 1259 4711 τῶν
1312 4654 1597 4735 ἀνθφώπωι(
1653 4654 1994 4735 ἐπαινεζὰθαξ,
2022 4654 2182 4735 ’ἀλλὰ

527 4727 776 4804 spiras.»
810 4727 1104 4804 enectos.
1135 4731 1190 4787 Si
1215 4727 1440 4804 πάντων,
1470 4729 1802 4804 probasset,
1832 4727 2181 4804 hauddubie

530 4798 879 4876 scripsisset,
916 4801 1023 4854 ἀλλ’
1054 4802 1112 4854 οὗ
1144 4803 1556 4876 παρὰϋπάντων.
1607 4803 1687 4876 lta_
1727 4805 1908 4876 certe-
1938 4798 2182 4876 (ΗΠ-,γεοέ

529 4868 760 4930 stomus
786 4868 1247 4943 argumentatur.
1293 4873 1413 4927 Hoc
1443 4876 1632 4926 autem
1672 4870 1728 4925 in
1757 4868 2062 4943 confesso
2097 4875 2182 4924 est

530 4941 916 5016 Enthymiuin
943 4950 999 5017 et
1027 4944 1576 5017 Theophylactum,_
1595 4941 2009 5017 accedentibus
2051 4957 2184 5012 pro-

530 5013 850 5072 batioribns
883 5013 1213 5081 codicibus,
1233 5013 1466 5085 semper
1484 5013 1678 5068 valere
1700 5020 1906 5068 contra
1929 5013 2184 5085 Chryso-

530 5095 709 5144 stom.
761 5090 841 5143 Ex
869 5088 1283 5158 Chrysostomo
1312 5084 1454 5158 ergo
1490 5088 1609 5158 ύμῖν
1653 5090 1708 5140 et
1738 5087 1924 5145 πάντες
1953 5084 2183 5158 illatum

533 5160 771 5216 scholiis
801 5165 855 5212 et
877 5155 1120 5221 catenis,
1153 5173 1222 5212 ac
1247 5155 1462 5212 deinde
1483 5155 1661 5212 etiam
1689 5155 2009 5212 contextui.

625 5235 678 5292 a)
712 5235 815 5291 ua;
847 5231 1024 5284 habet
1057 5237 1300 5300 uterque
1333 5241 1528 5283 meus.

625 5235 678 5292 a)
712 5235 815 5291 ua;
847 5231 1024 5284 habet
1057 5237 1300 5300 uterque
1333 5241 1528 5283 meus.

603 5231 682 5372 ib)
706 5301 918 5356 i‘lvolve
943 5301 1098 5356 infra
1136 5301 1193 5356 in
1229 5298 1709 5372 interpretatione
1729 5297 1940 5352 Matth.
1981 5312 2076 5372 vni
2101 5297 2185 5360 13,

533 5369 622 5425 καὶ
657 5373 798 5430 ἰάθη.
851 5373 1124 5428 Consistit
1177 5372 1270 5427 hic
1319 5369 1486 5426 locus
1522 5376 1861 5424 ceterorum
1911 5369 2188 5422 codicum

534 5446 881 5500 aucoritate.
907 5443 1100 5509 Quid?
1129 5444 1283 5514 quod
1308 5459 1416 5498 nec
1451 5441 1829 5514 Birchii_Cod.
1865 5441 1996 5495 Vat.
2033 5439 2187 5504 1209,

533 5517 587 5571 in
619 5518 866 5582 gratiam
902 5512 1243 5570 Latinorum
1270 5515 1394 5569 118:0
1421 5513 1638 5569 omittit
1669 5512 1696 5566 ‘?

611 5587 690 5654 (ε)
721 5588 932 5642 Neuter
957 5602 1227 5642 meorum
1257 5586 1522 5655 agnoscit
1554 5590 1657 5636 καί.

2279 1993 2478 2042 autem
2520 1985 2631 2040 sibi
2660 1985 2816 2051 velit,
2861 1985 2994 2040 vide
3039 1985 3097 2040 in
3142 1984 3322 2054 hujus
3370 1984 3480 2040 loci
3528 1986 3920 2043 enarratione.

2356 2077 2440 2139 12,
2501 2077 2585 2129 18.
2641 2077 2704 2129 Et
2746 2074 2882 2130 illuc
2925 2073 3306 2143 congregabo
3356 2074 3557 2130 omnia
3611 2089 3743 2146 qum
3786 2079 3929 2129 nata

2281 2171 2416 2218 sunt
2459 2162 2623 2217 mihi.
2678 2165 2874 2234 Neque
2915 2163 3001 2232 (g)
3047 2162 3207 2217 enim
3257 2161 3497 2218 additur
3526 2169 3614 2213 καὶ
3656 2165 3722 2213 τὰ
3759 2160 3930 2231 ἁγαθά

2280 2272 2399 2324 μου.
2436 2252 2502 2306 Et
2530 2252 2694 2308 bona
2725 2267 2876 2307 mea.

2351 2343 2439 2407 13,
2472 2342 2554 2397 15.
2589 2340 3400 2412 (Hypocritm)unusquisque
3421 2345 3681 2395 vestrum
3717 2339 3938 2397 Subba-

2281 2429 2382 2486 tho
2428 2444 2551 2485 non
2601 2428 2795 2493 solvit,
2842 2434 2958 2484 etc.
3018 2428 3199 2484 Habet
3245 2429 3405 2483 enim
3454 2428 3761 2499 pluraliter
3808 2429 3936 2480 ὐπο-

2282 2523 2483 2591 κριταί.
2542 2517 2918 2574 Concordant
2966 2523 3022 2572 et
3070 2518 3377 2590 exemplar
3417 2518 3836 2590 Complutense
3883 2521 3939 2574 et

2280 2607 2533 2676 Vulgata
2557 2606 2758 2661 editio.

2354 2698 2442 2761 13,
2495 2700 2582 2752 35.
2629 2698 2774 2752 Ecce
2818 2695 3169 2768 relinquitur
3216 2693 3386 2751 vobis
3425 2698 3642 2752 domus
3691 2701 3932 2754 vestra:

2283 2788 2407 2841 Non
2447 2786 2794 2856 exprimitur
2844 2787 3028 2856 ἕρημος
3075 2785 3320 2853 deserta,
3373 2786 3536 2857 quod
3583 2801 3654 2841 ex
3699 2800 3939 2842 enarra-

2282 2874 2442 2930 tione
2467 2877 2626 2944 patet
2648 2873 2872 2929 librarii
2898 2871 3036 2929 vitio
3063 2873 3284 2929 factum
3318 2889 3432 2929 non
3463 2889 3610 2930 esse.

2356 2967 2442 3028 14,
2482 2964 2565 3019 15.
2610 2962 2823 3018 Beatus
2867 2963 2968 3034 qui
3015 2963 3385 3035 (prandium)
3428 2964 3597 3018 sumit
3646 2964 3703 3019 in
3750 2978 3935 3032 regno

2287 3053 2405 3108 Dei.
2439 3053 2639 3124 Neque
2682 3051 2840 3107 enim
2880 3050 3062 3108 habet
3104 3053 3260 3123 ἄρτον
3303 3065 3540 3120 panem,
3574 3052 3678 3106 sed
3722 3054 3936 3125 ἄριστον

2279 3140 2616 3211 prandium.
2676 3139 3011 3196 Concordat
3063 3140 3242 3196 etiam
3299 3140 3607 3211 exemplar
3663 3141 3938 3213 Complu-

2213 3259 2253 3317 ρ
2285 3235 2468 3285 tense.

2356 3320 2444 3383 14,
2498 3319 2585 3372 21.
2646 3321 2710 3374 Et
2764 3333 3037 3374 reversus
3093 3333 3302 3373 servus
3359 3318 3498 3389 (ille)
3557 3318 3940 3386 renuntiavit,

2284 3413 2400 3465 etc.
2451 3410 2575 3464 Non
2626 3406 2868 3463 additur
2910 3406 3096 3469 ἕκιίνος
3133 3406 3253 3472 ille,
3299 3407 3476 3463 etiam
3518 3407 3577 3462 in
3616 3407 3942 3479 exemplari

2286 3496 2713 3568 Complutensi.

2359 3587 2444 3651 15,
2474 3589 2564 3640 26.
2604 3587 2668 3640 Et
2709 3584 2994 3641 accersito
3025 3597 3144 3640 uno
3183 3584 3257 3640 de
3298 3585 3502 3640 servis.
3536 3588 3663 3642 Non
3710 3584 3944 3640 additur

2285 3674 2445 3726 αὐτοῦ
2471 3675 2589 3729 sui:
2629 3674 2736 3744 (ἡ),
2765 3688 2873 3728 nec
2903 3674 2963 3730 in
3007 3673 3328 3746 exemplari
3360 3673 3791 3745 Complutensi,
3835 3688 3942 3728 nec

2284 3763 2346 3819 in
2367 3762 2624 3818 editione
2644 3761 2918 3831 Vulgata.

2359 3853 2444 3916 17,
2476 3855 2528 3906 4.
2565 3853 2629 3906 Et
2657 3850 2871 3922 septies
2904 3851 2964 3907 in
2994 3850 3090 3906 die
3121 3865 3445 3907 conversus
3485 3851 3660 3907 fuerit
3688 3851 3893 3906 dicens
3925 3867 3938 3906 :

2358 3939 2605 3996 Pcenitet
2634 3956 2749 3996 me.
2783 3941 2910 3995 Non
2961 3939 3141 3996 habet
3185 3939 3266 3992 im’
3299 3959 3356 3992 σι
3397 3941 3466 3995 ad
3497 3947 3563 3996 te.
3611 3939 3945 3996 Concordat

2285 4029 2464 4086 editio
2496 4029 2955 4100 Complutensis.

2363 4120 2443 4183 1⁸1,
2475 4119 2564 4175 21.
2601 4121 2799 4190 Neque
2839 4118 3032 4172 dicent
3069 4134 3083 4172 :
3123 4121 3269 4174 Ecce
3312 4117 3428 4184 hic,
3475 4134 3604 4174 ecce
3634 4115 3770 4173 illic.
3815 4120 3941 4174 Non

2284 4208 2352 4280 (ί)
2399 4207 2584 4264 habet
2628 4212 2656 4265 ii
2693 4213 2840 4262 aut:
2874 4207 3023 4261 sicut
3067 4208 3246 4263 etiam
3295 4207 3449 4263 infra
3503 4223 3669 4262 versu
3709 4208 3795 4271 23,
3841 4205 3943 4263 ubi

2287 4296 2497 4352 eadem
2529 4300 2875 4368 repetuntur
2914 4295 3118 4358 verba,
3165 4296 3225 4350 in
3264 4294 3429 4351 nullo
3458 4295 3712 4351 habetur
3742 4305 3946 4351 exem—

2285 4386 2457 4458 plari.
2488 4384 2887 4440 Conformiter
2911 4383 3052 4453 legit
3082 4389 3138 4440 et
3165 4384 3602 4456 Complutensis
3626 4385 3823 4441 editio.

2209 4611 2252 4665 D
2359 4591 2431 4731 Ec)
2467 4589 2544 4643 De
2575 4587 2690 4643 hoc
2724 4589 2900 4643 etiam
2935 4587 3063 4645 loco
3093 4585 3171 4643 ibi
3204 4587 3349 4654 dixi,
3385 4604 3516 4659 pag.
3546 4589 3668 4644 240.

2382 4663 2437 4730 Γ)
2471 4663 2643 4714 Recte
2685 4659 2904 4731 (fecisti,
2941 4660 3202 4714 Henteni.
3249 4663 3395 4715 Nam
3425 4660 3517 4714 vel
3561 4667 3668 4716 ext

2382 4663 2437 4730 Γ)
2471 4663 2643 4714 Recte
2695 4659 2904 4722 fecisti,
2941 4660 3202 4714 Henteni.
3249 4663 3395 4715 Nam
3425 4660 3517 4714 vel
3561 4677 3632 4716 ex
3662 4660 3774 4716 tuis
3819 4659 3950 4715 ani—

2290 4730 2817 4786 madversionibus
2850 4736 3142 4800 apparent
3170 4731 3667 4787 hallucinationes
3700 4733 3946 4796 Erasmi,

2288 4803 2551 4858 hominis
2583 4803 2748 4867 levis,
2784 4803 3157 4871 negligentis,
3182 4804 3547 4874 temerariiet
3573 4804 3807 4874 perfidi.
3828 4803 3950 4859 Ple-

2289 4890 2477 4946 raque
2515 4874 2695 4946 enim,
2744 4890 2878 4945 quin
2919 4875 3282 4946 memorasti,
3326 4890 3424 4944 per
3469 4873 3635 4929 illum
3681 4875 3756 4946 ad
3806 4874 3950 4928 Vul-

2292 4944 2490 5012 gatam
2524 4944 2787 4999 Latinam
2811 4950 2947 4998 sunt
2980 4944 3136 4998 ﬁcta.
3167 4945 3399 5009 Quanta
3429 4946 3545 5000 fide
3569 4951 3620 5000 et
3644 4945 3952 5014 diligentia

2294 5018 2351 5071 iu
2402 5017 2718 5087 postremis
2763 5016 3124 5087 editionibus
3170 5017 3288 5070 suis
3321 5017 3800 5087 Complutensem
3840 5022 3950 5071 tra-

2294 5087 2484 5148 ctarit,
2515 5103 2689 5141 nemo
2717 5086 2952 5141 criticus
2978 5087 3223 5158 ignorat.
3243 5086 3557 5152 QuornOdo
3581 5105 3720 5157 ergo
3747 5094 3953 5144 tracta-

2295 5161 2441 5213 verit
2471 5159 2750 5213 codices?
2772 5161 2914 5213 Nam
2943 5159 3049 5214 etsi
3080 5173 3186 5212 nec
3214 5159 3648 5230 Complutensis
3675 5177 3709 5215 a
3740 5159 3955 5214 criticis

2295 5229 2522 5304 idoneis
2579 5235 2783 5304 curata
2833 5233 2937 5296 est,
2990 5236 3186 5304 tamen
3239 5229 3418 5285 habet
3465 5231 3681 5286 multas
3737 5230 3955 5304 probas

2298 5301 2575 5356 lectiones
2609 5301 2685 5355 ab
2720 5302 2965 5355 Erasmo
2988 5301 3305 5368 neglectas.

2372 5375 2452 5440 (ῃ)
2484 5376 2682 5428 Servat
2708 5377 2950 5442 uterque
2982 5388 3176 5428 meus,

2372 5444 2456 5513 (Ιι)
2487 5444 2644 5494 αὐτου
2686 5445 2967 5515 Erasmus
3001 5444 3212 5504 intulit.
3247 5459 3356 5515 pro
3388 5459 3508 5514 quo
3542 5449 3740 5498 tamen
3785 5443 3960 5498 silent

2302 5515 2552 5575 codices,
2589 5532 2623 5568 a
2654 5513 2877 5569 Birchio
2905 5516 3214 5570 examinati
3246 5513 3482 5569 omnes.
3527 5516 3715 5569 Miror.

2379 5586 2442 5654 (ἱ)
2485 5586 2673 5640 Primo
2724 5585 2854 5642 loco
2902 5593 3142 5658 uterque
3196 5602 3364 5642 meus
3415 5587 3647 5652 omittit,
3696 5585 3962 5642 secundo

613 5652 690 5727 (ιι)
723 5657 971 5728 Copiose
1012 5660 1083 5713 de
1113 5659 1220 5713 hoc
1268 5652 1398 5712 loco
1445 5654 1741 5728 disputavi
1782 5654 1840 5708 in
1874 5669 2008 5710 mea
2051 5652 2197 5708 Novi
2309 5652 2552 5728 uterque
2589 5661 2804 5713 servat.

535 5725 898 5786 TeStamehti
925 5730 1182 5788 editione
1209 5729 1285 5786 ad
1307 5729 1368 5784 h.
1402 5728 1439 5782 ι.
1475 5725 1662 5798 p.323
1695 5741 1861 5798 seqq.
