4180 6490
204 460 269 514 61
1707 448 2088 506 ΡΒᾹΞΡΛΤΙΟ
2100 491 2114 507 .
3550 453 3620 509 62

283 584 372 650 17,
409 586 496 639 32.
524 583 803 638 Memores
828 582 1010 635 estote
1045 577 1246 634 uxoris
1275 580 1397 634 Lot.
1431 580 1560 634 Non
1600 575 1862 632 habetur
1889 578 1934 631 A
2040 579 2128 640 22,
2181 577 2268 632 30.
2333 579 2400 634 L't
2451 577 2642 635 edatis
2699 594 2772 636 ac
2823 577 3047 636 bibatis
3105 594 3287 652 super
3341 594 3616 636 mensam

213 667 272 723 δὲ
302 679 520 734 autem,
562 685 672 725 nec
702 669 760 723 in
806 667 1130 739 exemplari
1183 665 1612 737 Complutensi,
1662 680 1768 719 nec
1799 664 1857 720 in

209 761 387 817 veteri
412 758 816 816 translatione.
847 759 912 811 Et
935 757 1208 812 similiter
1226 757 1286 811 in
1313 756 1429 812 fine
1451 754 1660 827 capitis
1688 769 1861 809 versu

211 849 420 905 ultimo
463 865 478 902 :
511 846 593 902 lbi
625 845 1149 915 congregabantur
1178 845 1414 918 aquila.
1460 859 1579 900 non
1623 842 1862 899 additur

209 942 294 990 καὶ
323 942 398 1001 et,
423 952 532 992 nec
562 936 623 992 in
653 935 910 990 editione
944 933 1351 1006 Complutensi
1386 934 1489 1005 (k).

278 1027 366 1093 18,
398 1031 451 1082 3.
475 1025 657 1081 Vidua
685 1030 885 1081 autem
905 1028 1028 1079 erat
1052 1024 1111 1079 in
1135 1023 1372 1079 civitate
1399 1022 1514 1078 illa.
1536 1024 1661 1077 Non
1685 1019 1862 1076 habet

205 1122 286 1178 τὶς
314 1115 608 1188 quaedam,
644 1130 754 1170 nec
785 1113 845 1168 id
888 1113 1070 1168 habet
1095 1112 1388 1185 Complut.
1436 1110 1632 1175 editio,
1668 1124 1860 1181 neque

204 1205 508 1277 Chrysost.
554 1204 614 1258 in
646 1203 826 1275 priori
859 1203 928 1258 de
965 1201 1189 1258 orando
1231 1204 1415 1257 Deum
1459 1199 1720 1268 homilia,
1758 1197 1861 1252 ubi

208 1309 476 1365 praesens
500 1293 718 1348 citatur
746 1291 933 1346 locus.

277 1384 368 1449 19,
399 1385 456 1438 4.
483 1380 760 1437 Ascendit
807 1379 868 1435 in
902 1378 1321 1450 (capriﬁcum).
1357 1380 1416 1432 In
1450 1381 1656 1434 nostro
1705 1380 1762 1431 et
1798 1375 1858 1430 in

210 1469 614 1542 Complutensi
643 1467 965 1541 exemplari
1008 1467 1264 1523 habetur
1294 1467 1459 1522 tertia
1490 1465 1726 1538 syllaba
1756 1479 1862 1536 per

209 1579 282 1618 ωε
311 1575 386 1615 ne
411 1558 590 1614 nobis
611 1558 848 1614 Stunica
873 1558 940 1627 (ι)
962 1556 1208 1626 objiciat
1233 1555 1312 1610 ob
1335 1555 1394 1610 id
1421 1571 1596 1626 prave
1621 1569 1858 1609 versum

207 1663 341 1704 esse
372 1646 742 1719 capriﬁcum,
774 1647 941 1719 quod
971 1661 1076 1718 per
1106 1665 1131 1697 o
1163 1644 1390 1700 micron
1423 1643 1736 1699 scribatur.
1767 1645 1860 1697 At-

209 1742 410 1794 tamen
459 1735 754 1806 Complut.
809 1735 992 1790 habet
1046 1734 1439 1806 penultiinam
1499 1748 1604 1804 per
1661 1729 1857 1802 ἐψιλὸν,

207 1841 350 1882 cum
397 1824 672 1880 eamdem
703 1824 925 1880 habeat
980 1829 1256 1878 nostrum
1287 1821 1594 1893 exemplar
1647 1835 1751 1892 per
1805 1839 1861 1870 αι

206 1914 645 1986 diphthongum
675 1914 772 1983 (m)
805 1920 1195 1984 συκομωραῑαν.

287 2004 366 2068 19,
401 2005 488 2058 15.
514 2003 696 2058 Jussit
737 2003 935 2057 vocari
967 2001 1046 2056 ad
1090 2018 1152 2055 se
1179 2017 1379 2056 servos
1409 1998 1559 2054 illos.
1595 2000 1720 2053 Non
1759 1995 1860 2056 ad-

205 2092 366 2148 ditur
397 2093 483 2162 (η)
515 2092 588 2151 οἷς
615 2087 776 2143 ἔδωκε
813 2093 870 2142 τὸ
897 2088 1146 2161 ἀργύριον
1177 2106 1190 2140 :
1220 2088 1446 2154 Quibus
1480 2087 1727 2142 dederat
1756 2101 1862 2156 pe-

204 2181 471 2238 cuniam.
505 2178 676 2245 Quod
707 2183 910 2234 tamen
934 2175 1300 2240 addidimus,
1334 2176 1484 2231 sicut
1509 2177 1587 2246 (ο)
1613 2173 1861 2246 quibus-

203 2270 353 2326 dam
415 2268 544 2323 aliis
596 2269 657 2322 in
705 2266 850 2322 locis
878 2266 1038 2320 idem
1090 2263 1356 2329 fecimus,
1398 2263 1562 2335 quod
1616 2264 1675 2318 in
1729 2261 1860 2316 aliis

201 2356 655 2428 exemplaribus
675 2359 732 2412 et
760 2355 937 2410 etiam
963 2354 1021 2408 in
1053 2352 1345 2424 Complut.
1367 2351 1626 2408 editione
1644 2350 1862 2406 habea-

203 2452 303 2503 tur
336 2462 348 2501 :
383 2450 440 2500 et
466 2449 666 2500 tamen
694 2459 916 2506 vereor,
945 2458 1018 2498 ne
1045 2442 1102 2497 id
1126 2439 1350 2497 librarii
1376 2441 1608 2496 incuria
1636 2438 1862 2496 factum

206 2549 328 2590 non
355 2534 446 2603 sit,
480 2531 741 2588 maxime
770 2531 936 2603 quod
956 2530 1017 2586 in
1045 2528 1496 2586 Commentariis
1517 2530 1604 2599 (ρ)
1634 2526 1860 2584 nullam

204 2624 423 2678 horum
449 2621 628 2678 faciat
658 2620 1048 2676 mentionem.

281 2711 368 2777 20,
399 2715 450 2766 5.
504 2711 560 2764 Si
591 2709 936 2773 dixerimus,
979 2711 1018 2762 E
1046 2706 1218 2770 caslo,
1269 2707 1424 2762 dicet
1458 2723 1468 2760 :
1503 2708 1697 2772 Quare
1739 2718 1860 2759 non

213 2798 544 2856 credidistis
573 2798 701 2854 illi?
727 2801 848 2854 Non
873 2797 1115 2853 additur
1145 2793 1232 2848 οὖν
1259 2811 1413 2867 ergo,
1448 2811 1559 2851 nec
1581 2794 1644 2850 id
1683 2794 1865 2850 habet

215 2887 511 2958 exemplar
536 2886 830 2958 Complut.

288 2976 378 3045 20,
411 2981 462 3032 9.
497 2979 680 3033 Homo
714 2975 1002 3048 plantavit
1034 2975 1290 3032 vineam.
1342 2977 1465 3031 Non
1517 2973 1751 3030 additur
1783 2973 1864 3045 (ᾳ)

217 3067 298 3124 τὶς
347 3063 606 3135 quidam.
641 3065 704 3118 Et
733 3062 1002 3119 similiter
1029 3062 1182 3120 infra
1214 3078 1384 3118 versu
1431 3064 1518 3117 19.
1554 3065 1620 3118 Et
1656 3062 1865 3117 timue-

213 3156 370 3208 runt.
419 3154 543 3208 Non
576 3151 815 3208 additur
865 3155 950 3204 τὸν
1002 3151 1122 3204 λαόν
1167 3151 1477 3222 populum.
1537 3150 1864 3208 Concordat

211 3240 529 3312 utrobique
555 3239 991 3312 Complutensis
1019 3239 1220 3296 editio.

282 3329 370 3396 20,
402 3330 492 3384 20.
531 3332 600 3384 Ut
626 3333 908 3400 caperent
939 3329 1068 3398 ejus
1105 3330 1514 3398 (sermonem).
1554 3329 1737 3386 Habet
1786 3329 1864 3401 (r)

207 3434 481 3489 namque
520 3418 672 3487 λόγον
699 3416 896 3487 patrio
926 3432 1073 3472 casu
1103 3433 1114 3470 ε
1147 3432 1268 3472 non
1297 3416 1458 3488 λόγῳ,
1511 3422 1574 3474 ut
1614 3417 1862 3488 dicatur,

213 3508 280 3561 in
306 3505 402 3560 vel
423 3520 498 3561 ex
519 3519 801 3561 sermone.
828 3505 1157 3560 Concordat
1177 3505 1352 3560 etiam
1371 3505 1678 3577 exemplar
1699 3509 1865 3562 Com-

213 3594 512 3667 plutense.

284 3683 372 3747 21,
409 3684 490 3738 16.
527 3680 862 3738 Trademini
895 3686 1097 3738 autem
1126 3698 1162 3739 a
1188 3683 1528 3754 parentibus
1554 3689 1613 3738 et
1639 3697 1868 3753 cogna-

211 3771 304 3833 tis.
349 3770 555 3826 amicis
613 3775 670 3826 et
720 3769 1018 3827 fratribus.
1079 3773 1194 3826 Hoc
1247 3771 1424 3828 etiam
1472 3771 1681 3829 ordine
1727 3771 1866 3842 legit

213 3859 506 3931 Complut.
539 3858 734 3924 editio,
788 3863 851 3913 ut
880 3858 1087 3914 fratres
1118 3857 1329 3914 ultimo
1369 3866 1674 3931 ponantur
1713 3859 1861 3916 loco.

287 4037 369 4106 (Ic)
410 4035 778 4092 Mirabuntur
816 4034 1104 4103 nonnulli,
1152 4033 1230 4091 ab
1265 4037 1545 4093 Hentenio
1595 4053 1712 4092 non
1761 4053 1863 4093 no-

210 4111 402 4180 tatum
431 4123 563 4164 esse
592 4107 887 4180 defectum
919 4106 1362 4180 versus‘integri
1390 4111 1477 4180 36,
1510 4125 1692 4180 quem
1720 4124 1866 4180 prea-

211 4178 546 4235 termittunt
590 4179 824 4234 codices
873 4178 990 4234 mei
1029 4177 1347 4249 Euthymii.
1380 4178 1491 4234 Sed
1530 4177 1591 4234 “is
1639 4177 1863 4235 Erasmi

207 4249 532 4322 editionem
566 4249 954 4322 comparavit,
992 4265 1124 4321 qua:
1167 4253 1278 4306 ista
1305 4251 1638 4322 appendice
1684 4256 1861 4307 caret.

207 4320 391 4392 igitur
438 4322 614 4378 etiam
670 4320 824 4377 infra
873 4320 933 4376 in
980 4320 1458 4391 interpretatione
1520 4322 1697 4392 hujus
1751 4323 1860 4378 loci

202 4391 371 4447 hunc
403 4397 590 4448 totum
616 4408 852 4446 versum
907 4391 1112 4448 omisit
1161 4394 1496 4448 Hentenius.
1533 4391 1757 4449 Sciliccet
1802 4397 1862 4450 iu

208 4461 573 4518 Bibliotheca
620 4462 862 4518 Patrum
904 4462 1168 4518 maxima
1211 4463 1606 4532 Lugdunensi,
1645 4472 1681 4518 t.
1729 4465 1862 4532 XIX,

206 4551 265 4605 p.
302 4537 427 4607 652,
455 4533 732 4607 columna
770 4550 839 4607 a,_
875 4533 1069 4607 littera
1098 4549 1154 4590 a.
1190 4535 1386 4589 Bonus
1423 4537 1582 4607 Beza,
1616 4535 1730 4592 hac
1757 4552 1866 4607 ap-

1971 679 2190 720 meam.
2227 668 2351 720 Non
2378 666 2618 723 additur
2644 666 2714 736 (ε)
2744 667 2790 718 ἐν
2814 675 2875 738 τῇ
2918 665 3165 738 βασιλείᾳ
3187 686 3305 739 μουο
3349 669 3409 721 ln
3436 681 3621 736 regno

1969 767 2124 807 meo.
2161 755 2360 825 Neque
2405 754 2466 808 in
2493 755 2867 810 enarratione
2916 755 2978 810 fit
3013 755 3130 811 ulla
3155 756 3335 827 hujus
3378 756 3620 812 mentio.

2040 845 2127 906 22,
2172 843 2258 898 35.
2311 843 2563 907 Quando
2607 843 2748 898 misi
2799 859 2904 898 vos
2955 844 3080 898 sine
3124 845 3330 900 loculis
3373 850 3429 900 et
3459 859 3619 916 pera.

1968 933 2094 986 Non
2153 931 2394 986 additur
2458 937 2558 985 Καὶ
2611 929 2966 1004 ὑποδημάτων
3016 941 3071 988 et
3135 933 3554 990 calceamentis
3605 952 3617 991 :

1968 1035 2076 1076 nec
2103 1020 2224 1076 ulla
2255 1020 2320 1076 ﬁt
2360 1021 2540 1092 hujus
2574 1021 2799 1077 mentio
2834 1023 2893 1077 in
2925 1023 3389 1078 commentariis.
3425 1022 3624 1092 Arguit

1969 1109 2036 1181 (ι)
2067 1115 2268 1166 autem
2306 1109 2677 1180 adjectitium
2704 1125 2854 1176 esse,
2887 1111 3056 1182 quod
3106 1110 3262 1166 infra
3309 1126 3480 1165 versu
3530 1111 3618 1176 36,

1969 1214 2104 1253 cum
2141 1198 2355 1254 dicitur
2388 1216 2400 1253 :
2436 1198 2540 1254 sed
2569 1214 2729 1254 nunc
2777 1199 2880 1270 qui
2930 1198 3115 1254 habet
3155 1198 3404 1268 loculos,
3438 1198 3621 1268 tollat,

1969 1287 2236 1344 similiter
2275 1292 2330 1344 et
2358 1303 2587 1361 peram,
2636 1287 2784 1342 illud
2824 1287 2886 1344 in
2931 1287 3096 1344 nullo
3127 1287 3386 1343 addatur
3415 1303 3619 1342 exem-

1970 1375 2137 1448 plari.

2039 1470 2127 1530 22,
2175 1467 2263 1522 47.
2313 1468 2374 1522 Et
2426 1467 2932 1538 apprOpiuquavit
2967 1468 3102 1522 Jesu
3149 1471 3210 1520 ut
3257 1464 3622 1520 oscularetur

1968 1571 2124 1608 eum.
2158 1554 2409 1610 Additur
2437 1556 2637 1610 statim
2665 1561 3114 1627 consequenter,
3152 1555 3331 1610 etiam
3362 1555 3420 1609 in
3454 1556 3618 1609 Com-

1969 1643 2224 1714 plutensi
2273 1643 2595 1714 exemplari
2672 1660 2685 1698 :
2742 1650 2905 1696 Τοῦτο
2949 1647 3049 1717 γὰρ
3127 1650 3338 1715 σημεῖον
3398 1638 3620 1694 δεδώκει

1970 1733 2162 1797 αὐτοῖς,
2195 1732 2286 1785 “Ov
2314 1731 2372 1783 ἂν
2405 1734 2628 1804 φιλήσω,
2674 1733 2825 1796 αὐτος
2856 1732 2987 1784 ἐστι·
3035 1736 3152 1789 Hoc
3179 1733 3338 1788 enim
3381 1731 3621 1799 signum

1969 1822 2214 1876 dederat
2261 1821 2370 1876 illis
2406 1837 2417 1874 :
2455 1824 2884 1894 Quemcunque
2917 1821 3218 1877 osculatus
3256 1820 3446 1886 fuero,
3497 1821 3622 1892 ipse

1893 1926 1937 1982 Β
1971 1916 2076 1965 est.

2041 1999 2130 2064 23,
2191 1998 2242 2053 2.
2302 1998 2466 2053 Hunc
2510 1998 2849 2054 invenimus
2902 2003 3328 2069 perverteutem
3383 2002 3621 2067 gentem

1971 2087 2285 2156 (nostram)
2315 2090 2461 2143 Nam
2490 2089 2570 2158 (v)
2603 2088 2664 2142 in
2696 2092 2905 2142 nostro
2935 2086 3262 2159 exemplari
3289 2085 3624 2142 addebatur

1971 2177 2134 2247 ἡμῶν,
2161 2176 2315 2232 sicut
2348 2182 2403 2231 et
2442 2176 2684 2248 Vulgata
2706 2175 2892 2232 habet
2923 2176 3122 2232 editio.

2042 2267 2104 2322 in
2134 2263 2253 2320 ﬁne
2313 2265 2611 2335 Evangelii
2662 2267 2750 2336 (ε)
2807 2281 2929 2322 non
2969 2265 3211 2320 additur
3261 2264 3419 2337 ἁμήν,
3476 2264 3627 2320 sicut

1970 2371 2079 2411 nec
2111 2356 2169 2410 in
2196 2355 2315 2410 ﬁne
2343 2354 2596 2410 aliorum
2633 2356 3143 2426 Evangelistarum
3182 2356 3242 2410 in
3292 2354 3411 2412 ullo
3438 2354 3626 2410 habe-

1973 2449 2065 2501 tur
2091 2443 2440 2516 exemplari.

2611 2534 2708 2590 Ex
2728 2535 2981 2589 Joanne.

2041 2624 2095 2686 1,
2126 2625 2214 2679 28.
2273 2623 2404 2677 Haec
2451 2621 2512 2676 in
2566 2622 2897 2692 (Bethania)
2953 2621 3110 2678 facta
3143 2626 3302 2678 sunt.
3352 2623 3479 2678 Non
3537 2622 3624 2691 (ῃ)

1972 2709 2276 2784 βηθαϐαρά.
2329 2710 2661 2766 Conformis
2714 2716 2802 2766 est
2854 2716 2908 2766 et
2948 2709 3386 2781 Complutensis
3444 2709 3623 2768 editio

1971 2805 2030 2856 et
2066 2799 2311 2872 Vulgata
2355 2816 2367 2853 ;
2415 2815 2771 2871 quanquam
2810 2806 3019 2858 auctor
3062 2800 3223 2855 dicat
3267 2801 3329 2856 in
3381 2798 3621 2856 scholiis

1971 2889 2170 2944 verius
2196 2887 2310 2958 legi
2338 2887 2690 2944 Bethabara.

2052 2979 2097 3043 t,
2125 2977 2211 3034 30.
2246 2980 2367 3032 Non
2416 2981 2764 3048 repetuntur
2791 2976 2920 3033 haec
2973 2981 3078 3033 aut
3120 2977 3333 3032 similia
3394 2976 3575 3032 verba
3607 2993 3618 3031 :

1976 3066 2142 3128 Οὗτός
2198 3065 2314 3118 ἐστι
2370 3067 2488 3138 περὶ
2541 3066 2599 3117 οὗ
2646 3065 2746 3136 ἐγὼ
2785 3067 2947 3130 εἶπον,
3008 3066 3208 3118 Ὀπίσω
3253 3085 3351 3137 μου
3411 3069 3624 3139 ἔρχεται

1977 3154 2124 3230 ἀνὴρ,
2173 3153 2223 3216 ὁς
2254 3156 2541 3227 ἔμπροσθέν
2585 3173 2684 3226 μου
2736 3158 2961 3225 γέγονεν,
3014 3157 3094 3207 ὅτι
3139 3160 3339 3228 πρῶτός
3391 3174 3491 3226 μου
3541 3151 3622 3214 ἦν.

1897 3275 1938 3330 ρ
1976 3246 2076 3300 Hic
2098 3248 2185 3299 est
2208 3242 2282 3299 de
2311 3258 2433 3315 quo
2464 3258 2574 3313 ego
2604 3242 2869 3299 dicebam
2908 3259 2918 3296 :
2952 3244 3085 3298 Post
3112 3259 3207 3298 me
3236 3249 3516 3299 venturus
3539 3246 3628 3298 est

1974 3332 2082 3397 vir,
2127 3331 2231 3404 qui
2265 3338 2400 3389 ante
2427 3347 2523 3387 me
2544 3330 2680 3396 fuit,
2721 3332 2866 3403 quia
2915 3331 3072 3402 prior
3101 3347 3198 3387 me
3229 3338 3372 3388 erat.
3405 3331 3625 3388 Eadem

1975 3425 2177 3478 tamen
2204 3418 2646 3492 propemodum
2697 3419 2883 3476 verba
2911 3419 3093 3491 paulo
3119 3420 3397 3491 superius
3427 3421 3627 3491 posita

2081 3515 2164 3565 nt.

1973 3525 2220 3662 Βΐῗέλ
2274 3596 2660 3654 Crediderunt
2708 3597 2967 3654 sermoni
3019 3597 3191 3668 (ejus)
3244 3599 3390 3654 Nam
3447 3596 3629 3654 habet

1974 3687 2136 3740 αὐτοῦ
2191 3689 2342 3759 ejus,
2397 3701 2518 3744 non
2563 3695 2603 3757 ῷ
2657 3687 2792 3740 εἶπαν
2851 3688 2876 3740 ὁ
2907 3686 3126 3753 Ἰησοῦς,
3159 3701 3342 3758 quem
3399 3686 3629 3745 dixerat

1974 3777 2162 3832 Jesus.

2046 3868 2098 3930 2,
2125 3868 2213 3920 24.
2250 3867 2328 3921 Eo
2358 3865 2515 3936 quod
2546 3864 2674 3937 ipse
2727 3869 2927 3921 nosset
2953 3865 3202 3940 (omnia)
3243 3864 3426 3922 Habet
3465 3866 3626 3923 enim

1974 4114 2024 4166 λ,
2047 4043 2122 4112 (r)
2155 4041 2257 4098 Mei
2288 4042 2462 4114 λόγου.
2518 4044 2798 4100 Erasmus
2833 4059 2895 4099 se
2934 4041 3162 4100 volutat
3202 4043 3350 4100 inter
3390 4043 3538 4116 λόγον
3569 4048 3626 4100 et

2005 4133 2129 4166 ονω.
2538 4140 2544 4148 ·

2005 4133 2129 4169 ονω.
2538 4140 2544 4148 ⁸

2147 4185 2283 4258 Dixi
2304 4184 2376 4258 de
2425 4183 2538 4240 hoc
2588 4184 2719 4241 loco
2763 4185 3004 4258 c0piose
3051 4187 3110 4241 in
3145 4201 3278 4242 mea
3332 4189 3395 4242 N.
3428 4189 3628 4244 Testa-

1976 4257 2161 4313 menti
2191 4255 2471 4312 editione.

2044 4326 2114 4396 (t)
2170 4329 2394 4394 Arguta
2427 4330 2523 4397 est
2552 4326 2819 4397 omissio.
2871 4326 3084 4391 Primo,
3134 4325 3300 4397 quod
3342 4327 3625 4384 continuo

1974 4397 2140 4454 nulla
2166 4397 2229 4452 ﬁt
2253 4396 2478 4468 mentio
2519 4396 3075 4468 calceamentorum.
3115 4396 3221 4453 Sed
3254 4397 3496 4466 intelligi
3523 4414 3629 4468 po—

1979 4473 2132 4540 terat
2157 4484 2227 4523 ex
2253 4466 2684 4540 superioribus.
2717 4468 2955 4535 Deinde,
2988 4468 3153 4540 quod
3183 4484 3304 4526 non
3347 4466 3625 4527 credibile

1975 4539 2306 4604 videbatur,
2329 4537 2462 4594 'sine
2490 4537 2909 4595 calceamentis
2937 4537 3153 4595 missos
3179 4556 3327 4596 esse.

204 4604 465 4683 pendiee
493 4619 601 4660 nos
646 4604 1026 4677 locupletavit
1054 4611 1110 4660 et
1141 4621 1212 4660 ex
1257 4620 1327 4660 eo
1376 4605 1630 4662 editores
1675 4604 1864 4662 textus
1898 4629 1942 4683 ο
2048 4612 2123 4680 (υ)
2182 4613 2327 4683 ἡμῶν
2385 4609 2615 4683 addunt
2665 4610 2796 4668 mei.
2847 4612 3188 4668 Proximum
3247 4617 3336 4665 καὶ
3402 4620 3619 4679 autem,

203 4675 452 4746 recepti.

281 4747 617 4817 (l)Stunica
671 4746 894 4803 nobilis
928 4746 1035 4803 fuit
1081 4746 1465 4803 adversarius
1525 4747 1754 4803 Erasmi
1809 4753 1866 4804 et

207 4817 385 4944 gagri
435 4817 827 4890 Stapulensis.
863 4819 1034 4874 Forte
1083 4833 1226 4886 ergo
1274 4818 1370 4874 hic
1399 4819 1866 4890 reprehenderat

254 4905 290 4943 a
341 4904 496 4944 rum.

254 4904 493 4945 aDPUUL

285 4960 386 5030 (m)
422 4961 672 5034 Uterque
699 4975 868 5015 meus
908 4966 1282 5034 συχομᾳραίαν.
1312 4964 1501 5034 Atque
1536 4961 1615 5017 ita
1643 4961 1864 5034 habent

208 5030 392 5103 etiam
419 5030 653 5086 codices
685 5030 1068 5102 Mosquenses
1097 5030 1158 5088 h.
1193 5037 1249 5088 et
1278 5047 1333 5087 ν.
1374 5030 1480 5103 qui
1507 5040 1645 5089 sunt
1675 5033 1733 5088 in
1772 5049 1864 5089 or-

209 5101 574 5172 thographia
597 5101 1051 5158 accuratissimi.

282 5173 370 5245 (n_)
393 5173 499 5245 Mei
525 5189 662 5245 cum
688 5173 934 5245 reliquis
964 5173 1140 5229 codd.
1167 5174 1278 5229 ista
1319 5178 1574 5229 servant.

280 5243 381 5317 (_o)_
398 5243 537 5299 Sine
563 5243 968 5301 admonitione
992 5250 1057 5317 in
1078 5245 1490 5317 locisAsingulis
1512 5247 1568 5300 id
1591 5245 1716 5300 fieri
1741 5261 1862 5301 non

203 5313 489 5388 debebat.
542 5318 659 5371 Hoc
688 5317 868 5371 modo
897 5315 1093 5371 multis
1125 5317 1181 5388 iu
1225 5313 1370 5388 locis
1413 5323 1729 5388 corruptus
1777 5328 1864 5373 est

204 5385 669 5458 Chrysostomus
691 5405 725 5442 a
750 5387 961 5443 Savilio
988 5393 1043 5442 et
1064 5387 1301 5458 reliquis
1321 5385 1662 5453 editoribus,
1687 5395 1743 5444 et
1765 5389 1860 5445 alii

205 5457 531 5528 scriptores
560 5459 759 5529 plures
785 5460 862 5514 ab
893 5459 1022 5514 aliis
1052 5459 1337 5530 pluribus.

278 5530 368 5602 (ρ)
401 5531 517 5584 Hoc
543 5537 964 5598 argumentum
992 5547 1111 5584 non
1131 5530 1304 5584 valet.
1343 5531 1520 5585 Multa
1543 5530 1696 5595 talia,
1725 5548 1860 5602 quae

203 5599 577 5723 ilntellectum
603 5602 827 5657 habent
853 5602 1108 5667 facilem,
1135 5603 1580 5672 praetermittunt
1612 5603 1667 5656 in
1694 5599 1861 5658 scho-

228 5686 324 5723 us.

228 5686 324 5725 llS.

286 5742 370 5812 (ᾳ)
400 5740 564 5798 Alter
587 5759 853 5801 meorum
877 5745 1111 5808 omittit,
1145 5743 1291 5800 alter
1319 5743 1518 5801 habet.

1974 4663 2121 4739 ante,
2143 4663 2759 4746 κὼύοντοῐξόῶἰααόῐ.

2046 4754 2149 4826 (.2‘)_
2173 4753 2402 4810 Scilicet
2432 4753 2796 4826 interpretes,
2829 4754 3291 4824 Chrysostomus
3322 4760 3378 4811 et
3405 4754 3622 4826 caeteri,

1971 4823 2099 4910 loco
2116 4823 2291 4906 ἀμὴν,
2326 4825 2492 4910 quod
2519 4823 2718 4910 textus.
2737 4831 2842 4908 est,
2869 4823 3022 4910 pust
3041 4842 3191 4907 suas.
3206 4823 3626 4910 explicationes

1971 4896 2046 4969 de
2075 4895 2184 4951 suo
2217 4897 2275 4952 in
2330 4895 2447 4952 ﬁne
2494 4896 2725 4952 addunt
2779 4895 2936 4969 ἀμὴν,
2970 4903 3148 4969 atque
3180 4898 3256 4953 ita
3284 4895 3628 4955 _terminant

1972 4967 2544 5038 interpretationem.

2046 5038 2129 5108 (y)
2168 5043 2228 5093 In
2268 5039 2356 5112 his
2381 5044 2437 5093 et
2468 5038 2761 5094 similibus
2793 5039 3366 5112 Origenesiantiquis
3405 5039 3625 5112 criticis

1972 5110 2372 5182 expectoravit
2391 5117 2670 5182 mentem,
2699 5110 3226 5182 utreceutioribus,
3250 5110 3621 5182 perlibellum

1970 5180 2470 5255 Hermeneulg‘sche
2485 5181 2919 5255 Yorbereilung
2930 5223 2942 5245 ,
2954 5180 3270 5255 senilerus,
3284 5183 3387 5255 qui
3402 5184 3433 5236 ι]
3445 5182 3557 5237 udu
3568 5200 3625 5238 m

1973 5257 2150 5308 antea
2199 5269 2260 5307 se
2291 5252 2366 5307 ab
2416 5253 2630 5306 criticis
2667 5251 2741 5305 ad
2777 5254 3114 5308 triumviros
3144 5259 3206 5308 A.
3259 5251 3324 5308 Αἷ
3361 5255 3424 5308 Α.
3463 5256 3518 5308 F.
3564 5255 3621 5309 l".

1975 5324 2286 5378 transferre
2317 5323 2636 5378 debuisset.
2669 5323 2818 5377 Illud
2847 5328 3046 5378 autem
3079 5324 3222 5379 mihi
3255 5325 3328 5378 de
3350 5324 3464 5379 hoc
3493 5324 3625 5380 loco

1973 5395 2243 5448 mirabile
2268 5397 2459 5449 visum
2485 5401 2586 5458 est,
2617 5393 2780 5518 quod
2808 5393 3008 5449 nullus
3039 5412 3110 5449 ex
3136 5395 3431 5450 veteribus
3452 5395 3624 5450 inter-

1973 5466 2236 5518 pretibus
2301 5467 2512 5518 Graecis
2567 5467 2622 5518 in
2657 5482 2741 5518 ra.
2808 5483 2935 5518 can.
2989 5483 3046 5518 Χ.
3095 5484 3244 5518 vers.
3321 5467 3404 5518 40.
3467 5468 3623 5518 hunc

1973 5466 2236 5536 pretibus
2301 5467 2512 5519 Graecis
2567 5466 2741 5527 infra,
2808 5483 2935 5536 cap.
2989 5483 3046 5529 Χ,
3095 5484 3244 5520 vers.
3321 5467 3404 5532 40,
3467 5468 3623 5521 hunc

1972 5535 2167 5589 locum
2224 5536 2542 5590 lectoribus
2587 5538 2645 5590 in
2693 5535 3041 5592 memOriam
3089 5544 3344 5592 revocat.
3397 5538 3627 5593 Scilicet

1972 5607 2191 5661 conscii
2235 5613 2402 5662 erant
2447 5607 2576 5671 sibi,
2621 5624 2679 5659 se
2726 5612 2941 5663 temere
2981 5615 3213 5663 secutos
3263 5624 3390 5663 esse
3431 5611 3626 5675 Orige-

1973 5694 2132 5740 nem.
2165 5677 2365 5734 relicta
2405 5679 2759 5735 auctoritate
2790 5678 3090 5734 codicum.
3128 5683 3278 5748 Ergo
3304 5679 3624 5734 consultius

1972 5749 2288 5821 putabant,
2329 5749 2628 5807 abstinere
2656 5764 2720 5806 se
2755 5749 2834 5807 ab
2865 5751 2979 5807 isto
3007 5748 3159 5807 loco.
