4180 6448
579 420 651 488 33
2084 425 2223 492 FBA

2338 415 2477 494 Tit).
3910 434 3982 496 64‘

585 553 754 644 ξοάντα
781 560 858 701 (si
903 563 1025 616 non
1070 560 1266 622 έτάντας
1311 560 1531 620 amnes.
1572 564 1875 620 Co‘nsbnat
1917 561 2223 634 exemplar

585 647 829 701 Comnlu
861 663 1020 701 ense.

2338 569 2437 634 ριῖν
2460 564 2640 630 αὑτοῦ,
2670 570 2732 620 ut
2760 568 3001 638 possent
3030 582 3312 623 accusare
3349 571 3508 634 eum,
3553 553 3655 623 sed
3686 574 3768 620 ἵνα
3813 556 3979 640 ἔχωοι

2338 657 2652 701 ιἰατῃνόοίαν
2699 653 2811 701 κατ’
2861 655 3040 701 αὐτοῦ.
3084 661 3146 701 nt
3200 657 3487 701 hnhm-nnt
3538 655 3979 701 satinsatinan

585 641 1020 719 Complutense.

654 722 702 800 3,
738 735 823 790 22.
857 736 1022 792 Etibi
1054 737 1400 795 morabatur
1424 747 1561 796 eum
1600 737 1925 813 discipulis,
1966 756 2036 796 ac
2062 736 2224 810 (bapé

580 822 860 893 tizabant)
906 826 1208 897 Siquidem
1243 827 1546 900 pluraliter
1579 829 1758 886 habet
1790 830 1869 901 (a)
1902 828 2174 889 ἐϐάπτιζον
2207 846 2218 885 :

578 912 734 983 quod
773 928 845 968 ex
885 914 1124 971 scholiis
1151 916 1522 972 manifestius
1551 923 1821 990 apparet.

652 1004 704 1066 4,
734 1003 820 1058 31.
852 1006 1077 1060 Interea
1105 1006 1394 1074 rogabant
1422 1022 1559 1062 eum
1607 1007 1883 1079 discipuli
1910 1006 2084 1078 (ejus)
2125 1006 2220 1061 di-

581 1092 779 1147 centes
834 1095 848 1146 ξ
901 1092 1113 1164 Rabbi,
1174 1097 1442 1150 comede.
1502 1095 1754 1151 Additur
1814 1097 1973 1151 enim
2042 1095 2221 1164 αὐτοῦ,

585 1177 764 1233 etiam
794 1179 854 1235 in
886 1180 1210 1254 exemplari
1240 1177 1666 1254 Complutensi;

653 1266 707 1333 6,
741 1268 826 1322 52.
861 1270 1173 1334 Quomodo
1213 1277 1408 1342 potest
1441 1271 1536 1328 hic
1567 1271 1741 1329 nobis
1781 1271 1918 1328 dare
1957 1288 2222 1337 carnem,

581 1353 660 1410 ad
694 1357 1133 1414 comedendum
1155 1361 1183 1416 ‘1’
1210 1360 1446 1416 Nullum
1481 1362 1561 1432 (ὁ)
1593 1363 1860 1418 Graecum
1899 1360 2221 1432 exemplar,

581 1443 745 1514 Quod
780 1444 1050 1511 viderim,
1082 1447 1354 1504 additum
1396 1449 1577 1505 habet
1619 1449 1780 1501 αὑτοῦ
1822 1465 2010 1516 suam,
2039 1465 2227 1520 quan-

583 1541 768 1602 quam
799 1534 1034 1590 verterit
1058 1537 1335 1591 Erasmus
1361 1553 1374 1591 :
1405 1537 1650 1592 Carnem
1677 1537 1838 1593 illam
1862 1552 2054 1592 suam.

656 1621 707 1684 6,
740 1623 826 1676 70.
869 1623 1197 1695 Respondit
1245 1625 1330 1680 eis
1368 1626 1379 1680 ἑ
1424 1616 1576 1680 Num
1606 1641 1719 1696 ego
1758 1641 1862 1681 vos
1908 1624 2226 1681 duodecim

585 1707 784 1780 elegi?
827 1713 953 1767 Non
997 1711 1238 1768 additur
1286 1711 1509 1782 Ἰησοῦς,
1560 1729 1747 1785 neque
1805 1715 1863 1769 in
1904 1713 2228 1785 exemplari

585 1796 1010 1870 Complutensi.

2334 657 2652 728 idmyo’piarw
2699 653 2811 706 κατ’
2861 655 3042 721 αὐτοῦ,
3084 661 3147 712 ut
3200 657 3488 713 haberent
3538 655 3981 714 accusationem

2333 735 2619 796 adversus
2649 747 2807 798 eum.
2839 745 3123 800 Prteterea
3151 746 3286 800 cum
3318 750 3452 817 post
3477 753 3670 817 pauCa
3691 746 3875 801 verba
3894 759 3982 801 se:

2333 829 2576 899 quentia
2605 845 2779 886 versu
2809 833 2862 899 9,
2885 833 3100 888 dicitur
3128 833 3139 892 ἐ
3173 829 3340 890 initio
3371 827 3528 890 facto
3557 845 3590 890 a
3617 834 3976 900 senioribus,-

2333 917 2572 974 additur
2597 921 2689 980 ἕως
2732 929 2830 971 τῶν
2881 921 3121 993 ἐσχάτων
3160 938 3345 995 usque
3376 922 3446 978 ad
3482 925 3830 995 postremos.
3869 927 3979 980 De:

2331 1003 2468 1059 inde
2497 1021 2666 1061 versu
2693 1008 2780 1072 10,
2816 1008 2913 1063 ubi
2946 1009 3219 1066 subditur
3252 1026 3262 1063 :
3297 1013 3440 1066 Cum
3462 1015 3662 1066 autem
3697 1011 3978 1068 erexisset

2334 1109 2394 1149 se
2415 1094 2602 1149 Jesus.
2636 1098 2835 1168 Neque
2859 1097 2977 1163 hic,
3000 1113 3187 1170 neque
3218 1098 3277 1154 in
3301 1099 3547 1169 Vulgata
3587 1100 3838 1155 editione
3864 1101 3938 1155 ad
3955 1131 3978 1143 -

2333 1181 2486 1238 ditur
2540 1190 2993 1256 consequenter,
3057 1192 3146 1238 καὶ
3199 1184 3402 1258 μηδένα
3464 1189 3791 1260 θεασάμενος,
3851 1188 3975 1247 πλὴν

2335 1280 2436 1332 ’τῆς
2463 1277 2726 1342 γυναικός.
2776 1275 2840 1328 Et
2876 1274 3179 1329 neminem
3232 1274 3496 1330 vidisset:
3536 1281 3746 1347 praeter
3775 1277 3978 1334 mulie-

2332 1372 2460 1414 rem
2486 1381 2497 1424 ;
2521 1361 2686 1432 quod
2717 1367 2915 1417 tamen
2946 1367 2999 1418 e‘t
3021 1362 3078 1418 in
3111 1354 3520 1434 Complutensi
3558 1364 3811 1420 editione
3839 1372 3892 1421 et
3918 1368 3975 1422 in

2336 1445 2466 1504 aliis
2496 1449 2706 1505 Graecis
2738 1450 2992 1507 habetur
3011 1451 3454 1523 exemplaribus
3483 1470 3495 1507 :
3531 1451 3636 1508 sed
3677 1453 3811 1510 loco
3852 1451 3978 1526 ejus

2335 1537 2510 1594 habet
2554 1535 2685 1591 εἶδεν
2732 1539 2914 1597 αὐτὴν·
2971 1540 3123 1596 Vidit
3177 1556 3331 1596 eam.
3362 1545 3422 1596 In
3463 1541 3783 1614 exemplari
3839 1556 3977 1612 ergo

2335 1625 2736 1698 Complutensi
2762 1628 3020 1700 plurima
3041 1628 3352 1685 nobiscum
3383 1628 3604 1684 faciunt
3635 1635 3843 1688 contra
3865 1632 3977 1689 alia

2337 1715 2699 1786 exemplaria
2737 1717 2975 1783 Graeca;
3017 1717 3299 1788 quaedam
3331 1733 3471 1773 vero
3510 1734 3646 1773 cum
3681 1724 3738 1773 et
3767 1719 3896 1775 aliis
3926 1725 3979 1777 et

2337 1818 2458 1858 non
2490 1803 2826 1859 nobiscum.
2880 1805 3031 1870 Quin
3064 1811 3120 1860 et
3166 1805 3306 1860 illud
3356 1806 3661 1878 exemplar
3705 1808 3976 1878 quaedam“

658 1892 713 1951 7,
742 1887 793 1941 1.
826 1891 952 1944 Non
983 1890 1139 1945 enim
1174 1892 1446 1963 (poterat)
1492 1892 1550 1947 in
1579 1891 1790 1947 Judaza
1828 1891 2065 1947 versari.
2100 1893 2228 1947 Non
2263 1909 2307 1964 Β
2335 1891 2535 1956 habet,
2569 1909 2704 1965 quas
2728 1908 2922 1965 neque
2949 1910 3056 1948 nos
3081 1894 3394 1959 habemus,
3425 1905 3619 1967 neque
3646 1896 3761 1952 alia
3783 1911 3980 1952 exem:

587 1973 772 2030 habet
800 1976 974 2034 ἤθελεν
999 1978 1258 2048 volebat,
1281 1980 1383 2034 sed
1411 1979 1550 2052 εἶχεν
1581 1981 1839 2047 ἐξουσίαν,
1863 1979 2118 2036 habebat
2137 1997 2230 2052 po-

591 2065 884 2128 testatem,
912 2065 1052 2130 sive,
1081 2070 1327 2122 Poterat.

662 2157 714 2223 7,
741 2154 822 2208 12.
845 2154 955 2209 Alii
981 2171 1118 2211 vero
1145 2157 1421 2213 dicebant
1449 2173 1461 2211 :
1486 2157 1636 2225 Non,
1658 2158 1760 2213 sed
1784 2157 2017 2213 seducit
2035 2158 2230 2229 (mun-

590 2238 781 2313 dum).
813 2242 940 2298 Non
981 2243 1160 2299 habet
1183 2245 1339 2316 ὄχλον
1381 2247 1636 2311 turbam,
1680 2247 1782 2302 sed
1826 2251 2022 2318 κόσμον
2061 2263 2230 2301 mun-

586 2330 750 2395 dum,
776 2332 937 2402 quod
968 2333 1147 2389 etiam
1179 2335 1237 2389 in
1268 2333 1504 2391 scholiis
1533 2335 1888 2392 declaratur.

657 2420 710 2486 7,
741 2421 830 2476 53.
858 2420 1058 2493 (Abiit)
1085 2424 1570 2497 unusquisquein
1597 2425 1842 2480 domum
1877 2441 2072 2480 suam.
2103 2427 2227 2480 Non

586 2507 740 2563 enim
782 2508 964 2565 habet
1007 2510 1278 2584 ἐπορεύθη,
1332 2514 1626 2585 profectus
1677 2519 1780 2579 est,
1819 2514 1924 2568 sed
1980 2512 2228 2571 (inﬁma.

585 2595 740 2652 Infra
771 2599 966 2654 statim
991 2615 1122 2672 cap.
1154 2617 1272 2666 vm,
1300 2601 1332 2655 2
1365 2602 1656 2674 (Summo)
1686 2618 1822 2658 vero
1847 2601 2107 2658 diluculo
2128 2603 2224 2656 ite-

583 2700 720 2742 rum
778 2688 984 2759 (venit)
1037 2689 1250 2762 (Jesus)
1294 2692 1352 2746 in
1414 2691 1727 2764 templum.
1779 2691 2028 2746 Additur
2069 2691 2227 2746 enim

587 2774 773 2848 βαθέος
827 2792 1051 2833 summo
1089 2779 1181 2834 vel
1220 2781 1547 2850 profundo,
1599 2783 1655 2835 et
1703 2795 1926 2835 nomen
1984 2778 2223 2849 Ἰησοῦς;

582 2867 699 2921 Nec
743 2865 925 2922 habet
973 2870 1273 2942 παρεγένετο
1316 2870 1571 2932 accessit,
1639 2868 1745 2924 sed
1797 2864 1966 2926 ἦλθεν.
2029 2871 2092 2923 Et
2145 2869 2226 2924 in-

579 2952 669 3010 fra
699 2970 851 3011 vers.
884 2959 914 3011 3
959 2972 971 3011 :
1007 2956 1363 3027 (Adducunt)
1396 2957 1728 3012 mulierem.
1777 2960 1902 3012 Non
1942 2957 2121 3013 habet
2148 2962 2225 3030 φέ-

579 3059 762 3115 ρουσιν
791 3045 1071 3114 a/ferunt,
1106 3045 1210 3101 sed
1248 3047 1464 3117 ἄγουσι.
1515 3048 1630 3101 Nec
1679 3044 1919 3100 additur
1964 3050 2095 3119 πρὸς
2137 3044 2225 3097 αὐ-

578 3136 666 3184 τον
695 3134 772 3188 ad
817 3149 962 3190 eum.
1001 3133 1157 3190 Infra
1208 3150 1362 3189 vers.
1413 3133 1568 3189 eod:
1615 3133 1724 3187 Ἐπὶ
1776 3140 2017 3206 μοιχείᾳ,
2071 3135 2130 3189 in
2170 3151 2228 3190 a-

578 3219 849 3287 dulterio,
883 3237 1004 3277 non
1033 3220 1081 3273 ἐν
1107 3227 1342 3295 μοιχείᾳ.
1374 3226 1516 3278 Item
1543 3221 1724 3280 habet
1753 3219 1892 3275 εἶπον
1921 3224 2222 3286 dixerunt,
2263 3258 2304 3314 ε

578 3323 701 3364 non
727 3311 936 3382 λέγουσι
971 3311 1198 3366 dicunt.
1235 3311 1481 3367 Additur
1512 3327 1755 3384 quoque
1796 3312 1854 3366 in
1896 3317 2102 3368 nostro
2131 3327 2226 3366 ex-

577 3398 824 3471 emplari
868 3401 1196 3475 πειράζοντες
1247 3406 1558 3457 tentantes.
1617 3404 1732 3458 Nec
1781 3400 1961 3458 habet
2011 3403 2144 3458 αὕτη
2191 3402 2220 3458 ἡ

575 3492 705 3559 γυνὴ
743 3489 1084 3560 κατειλήφθη,
1137 3489 1282 3546 Haec
1321 3489 1528 3544 mulier
1571 3490 1942 3561 deprehensa
1981 3495 2082 3552 est,
2119 3488 2224 3544 sed

575 3577 770 3634 ταύτην
829 3577 1058 3649 εὕρομεν,
1121 3578 1295 3634 Hanc
1342 3577 1701 3632 invenimus.
1735 3578 1888 3632 Infra
1932 3593 2086 3632 vers.
2120 3582 2150 3631 5
2208 3599 2221 3632 :

575 3665 658 3718 Tu
684 3669 885 3718 autem
930 3665 1075 3736 quid
1117 3666 1200 3720 ais
1233 3666 1334 3734 (de
1366 3664 1530 3733 illa?)
1596 3665 1844 3720 Additur
1900 3665 2058 3720 enim
2106 3670 2224 3739 περὶ

580 3750 763 3812 αὐτῆς.
815 3753 926 3806 Nec
951 3751 1091 3807 dicit
1131 3752 1284 3808 infra
1343 3769 1490 3808 vers.
1537 3753 1590 3815 6,
1647 3754 1729 3806 ἱνα
1776 3756 1944 3824 ἔχωσι
1996 3773 2222 3824 κατηγο-

649 3875 724 3946 (z)
753 3877 831 3929 Ex
863 3875 1285 3948 Chrysostomo
1317 3875 1428 3948 hoc
1449 3875 1792 3947 assumpsit,
1837 3877 1937 3948 qui
1979 3877 2036 3931 in
2065 3877 2223 3948 codi-

578 3947 750 4002 cibus
779 3946 1232 4018 Mosquensibus
1260 3946 1537 4018 habetra‘z
1566 3946 1751 4010 πάνὲα,
1787 3946 1890 4002 sed
1922 3947 2220 4004 Montefal-

577 4018 809 4081 conius,
839 4021 878 4072 ῑ.
908 4017 1042 4084 Vlll,
1078 4035 1130 4088 p.
1158 4020 1254 4073 137
1285 4019 1342 4072 C.
1366 4017 1549 4072 edidit
1577 4020 1766 4071 πάντα.

652 4088 732 4171 (ρ)
765 4089 960 4171 Etiam.
984 4089 1098 4171 hoc
1141 4089 1215 4171 ad
1250 4088 2010 4171 Chrysostomu_m__ﬁctum,_
2037 4089 2222 4171 Habet

576 4159 1169 4232 quidemVulgatﬁam
1203 4159 1533 4232 lectionem,
1565 4166 1606 4214 t.
1660 4161 1796 4227 VIII,
1825 4163 2021 4232 ρν164
2063 4163 2126 4214 A.
2157 4159 2216 4214 C.

581 4229 692 4304 ξφα
737 4229 959 4286 ibidem
1006 4231 1173 4286 addit
1223 4231 1266 4284 D
1316 4235 1489 4304 καίτοι
1543 4238 1736 4304 προῖὼν
1792 4229 2026 4304 (seilicet
2084 4247 2215 4304 cap.

577 4301 668 4373 IV,
736 4319 788 4356 v.
863 4305 942 4373 2)?
978 4307 1136 4373 φησὶν
1193 4304 1218 4353 ὁ
1276 4301 1665 4373 εὐαγγελιστῆς,
1736 4301 1815 4354 ὅτι
1867 4302 2067 4373 Ἰησοῦς
2127 4301 2219 4354 οὐκ

577 4355 868 4444 ἐϐάπτιζεν,
899 4355 1032 4424 ’ὦφλ’
1102 4375 1150 4425 οἱ
1212 4355 1445 4444 μαθητιάὶ
1503 4374 1682 4430 αὐτοῦ.
1733 4376 1843 4426 ὅθεν
1901 4371 2080 4440 δῆλον,
2141 4375 2220 4425 ὅτι

575 4449 667 4516 καζ
690 4443 911 4496 ἐνταῦθα
955 4452 1106 4496 τοῦτο
1134 4443 1288 4516 λέγει,
1317 4447 1397 4496 ὅτι
1441 4445 1587 4496 αὐτοὶ
1639 4450 2012 4516 ΕΒΑΠΤΙΖΟΝ
2050 4449 2218 4516 μόνοι.

576 4514 857 4579 Origenes
886 4519 924 4586 t.
961 4517 1047 4585 IV,
1100 4514 1316 4586 p.162,
1359 4517 1426 4581 D;
1458 4516 1638 4570 habet
1667 4516 1912 4586 quidem
1955 4514 2216 4580 εϐάάττιξε,

2337 1980 2524 2051 plaria
2562 1983 2758 2038 Graeca
2791 2003 2802 2034 :
2839 1987 2899 2036 ut
2944 1997 3082 2038 cum
3126 1983 3339 2038 dicitur
3384 1999 3536 2038 vers.
3570 1988 3642 2039 6:
3679 1985 3979 2042 Scribebat

2337 2068 2392 2123 in
2443 2074 2672 2134 terram,
2729 2069 2897 2126 addit
2947 2071 3126 2126 editio
3181 2071 3636 2143 Complutensis,
3687 2078 3753 2145 μή
3804 2093 3974 2145 προσ-

2337 2162 2633 2230 ποιούμενος
2662 2158 3064 2214 dissimulans.
3091 2162 3154 2215 Et
3182 2159 3336 2217 infra
3356 2176 3508 2217 vers.
3537 2166 3584 2227 9,
3619 2161 3719 2217 ubi
3744 2161 3973 2230 dicitur,

2339 2250 2410 2302 At
2465 2247 2544 2303 illi
2601 2264 2740 2304 cum
2793 2248 3102 2313 vidissent,
3164 2248 3330 2305 addit
3387 2250 3507 2305 illa.
3569 2256 3667 2303 Καὶ
3735 2253 3832 2303 ὑπὸ
3892 2259 3981 2312 τῆς

2340 2334 2684 2397 συνειδήσεως
2714 2337 3064 2408 ἐλεγχόμενοι,
3110 2339 3172 2393 Et
3211 2353 3246 2392 a
3277 2339 3634 2395 conscientia
3669 2339 3978 2410 redargue-

2335 2431 2552 2482 rentur.
2572 2425 2749 2481 Multa
2773 2441 3010 2497 quoque
3039 2425 3157 2481 alia
3183 2426 3316 2481 hinc
3337 2427 3472 2483 inde
3493 2428 3818 2492 variantur,
3848 2445 3979 2500 quae

2336 2514 2480 2586 quia
2539 2512 2831 2568 minutula
2873 2518 3030 2581 sunt,
3078 2513 3383 2570 noluimus
3438 2531 3752 2571 recensere.
3803 2519 3984 2573 Tanta

2336 2604 2537 2676 itaque
2585 2602 3079 2674 exemplariorum
3107 2603 3382 2664 varietas,
3417 2611 3630 2676 praeter
3660 2605 3796 2676 alia,
3844 2607 3983 2661 satis

2336 2693 2532 2763 arguit
2568 2691 2724 2746 hanc
2770 2691 3075 2747 historiam
3131 2692 3446 2747 ascititiam
3499 2709 3650 2758 esse,
3697 2693 3984 2766 quemad-

2338 2778 2580 2834 modum
2613 2795 2749 2834 cum
2791 2778 3060 2850 pluribus
3107 2779 3236 2835 aliis
3279 2781 3494 2835 asserit
3525 2787 3732 2837 auctor
3763 2787 3977 2838 noster.

2407 2871 2460 2934 8,
2500 2868 2586 2923 40.
2622 2867 2732 2932 Qui
2785 2867 3086 2923 veritatem
3118 2867 3352 2924 locutus
3384 2885 3516 2924 sum
3566 2869 3756 2935 vobis,
3797 2886 3980 2941 quam

2336 2957 2537 3013 audivi
2568 2973 2603 3012 a
2628 2956 2863 3027 (Patre).
2899 2956 3081 3012 Habet
3106 2972 3368 3030 namque
3397 2963 3597 3031 Πατρός
3629 2963 3684 3014 et
3710 2975 3828 3014 non
3848 2966 3980 3011 ϐιοῦ

2335 3046 2466 3101 Deo.
2502 3046 2566 3100 Et
2599 3044 2751 3099 intra
2778 3060 2948 3100 versu
3000 3047 3088 3099 b9.
3145 3045 3256 3100 Sed
3293 3045 3524 3102 honoro
3571 3051 3823 3117 patrem.
3857 3050 3983 3102 Non

2335 3132 2574 3188 additur
2603 3152 2702 3205 μου
2731 3148 2945 3188 meum.
2981 3133 3309 3204 Statimque
3340 3134 3399 3189 in
3427 3134 3638 3189 eodem
3669 3151 3841 3190 versu
3873 3155 3884 3192 :
3922 3137 3988 3190 Et

2335 3238 2438 3276 vos
2469 3220 2832 3276 contumelia
2863 3237 2954 3275 me
2986 3220 3283 3292 (adicitis).
3318 3225 3464 3278 Nam
3495 3222 3678 3279 habet
3709 3223 3982 3296 ἀτιμάζετε

2335 3326 2440 3382 per
2469 3325 2749 3382 praesens,
2779 3325 2902 3364 non
2953 3309 3266 3381 ἠτιμάσατε,
3298 3311 3659 3367 contumelia
3685 3311 3979 3368 aﬂ‘ecistis.

2335 3398 2667 3454 Concordat
2697 3397 3010 3454 nobiscum
3060 3397 3119 3452 in
3151 3404 3456 3469 postremo
3486 3400 3792 3472 exemplar
3819 3401 3986 3455 Com-

2333 3487 2633 3558 plutense.

2406 3579 2456 3640 8,
2487 3575 2774 3630 59.1esus
2817 3579 3019 3630 autem
3059 3574 3386 3631 occultatus
3433 3582 3543 3640 est,
3594 3581 3650 3631 et
3696 3576 3879 3631 exivit
3913 3576 3988 3631 de

2335 3663 2576 3734 templo.
2620 3663 2869 3719 Additur
2894 3664 3110 3727 statim,
3146 3666 3323 3720 etiam
3357 3665 3416 3719 in
3449 3665 3774 3736 exemplari
3820 3666 3990 3721 Com-

2334 3752 2589 3823 plutensi
2621 3771 2632 3810 :
2664 3751 2877 3804 Διιλθὼν
3085 3749 3180 3804 διὰ
3234 3758 3397 3825 μέμ-ου
3464 3753 3650 3823 αὐτῶν,
3695 3759 3784 3805 καὶ
3853 3773 3985 3825 παρ-

2406 3876 2485 3958 (tr)
2547 3877 2786 3958 Scripsit
2846 3877 2973 3958 haec
3029 3877 3346 3958 He_ntenius
3394 3893 3554 3958 anno
3618 3882 3771 3958 1543.
3808 3880 3988 3958 _Qu_ot

2334 3948 2622 4003 editiones
2669 3951 2880 4003 Graecae
2909 3953 3050 4002 tunc
3094 3948 3330 4014 fuerint,
3384 3954 3592 4004 notum
3644 3956 3748 4004 est.
3804 3952 3861 4004 Si
3901 3952 3986 4005 ita

2332 4019 2568 4075 locutus
2603 4024 2755 4090 esset
2792 4019 3182 4090 Hieronymus
3214 4025 3270 4073 et
3316 4020 3618 4087 Origenes,
3653 4020 3819 4074 multi
3868 4021 3984 4076 sibi

2332 4090 2660 4157 cogitarent
2712 4089 3016 4144 ducentos
3040 4090 3276 4144 codices
3319 4091 3674 4145 recensionis
3738 4091 3984 4146 Alexan-

2331 4162 2517 4215 drinae
2567 4167 2623 4214 et
2662 4159 3076 4233 Occidentalis.
3114 4160 3225 4233 Sed
3274 4161 3388 4216 hoc
3429 4177 3672 4233 quoque
3704 4163 3985 4233 Chrysos-

2332 4235 2531 4303 tomus
2563 4233 2816 4303 invexit._
2843 4233 2944 4302 qui
2968 4232 3024 4284 in
3053 4231 3363 4286 codicibus
3391 4231 3616 4303 uosqq.
3650 4233 3731 4286 ita
3762 4231 3940 4288 habet
3971 4255 3983 4286 :

2334 4309 2450 4364 Πῶς
2496 4299 2712 4378 δύναται
2788 4299 2971 4353 δοῦναι
3032 4303 3156 4373 ἡμῖν
3201 4309 3378 4373 φαγεῖν
3446 4299 3596 4363 οὗτοξ
3661 4308 3754 4361 τὴν
3814 4305 3990 4378 σάρκα

2331 4374 2523 4437 miro-3;
2578 4373 2724 4446 Vide
2776 4380 2811 4426 t.
2861 4375 2994 4437 VIII,
3053 4377 3263 4443 p.272.
3325 4374 3662 4446 B.7Cyrillus
3717 4375 3812 4429 hic
3867 4373 3989 4446 pri:-

2330 4461 2497 4517 muln
2542 4443 2619 4499 ad
2673 4459 2955 4517 nauseam
3004 4450 3176 4517 vexat
3228 4443 3586 4500 vocabulum
3636 4453 3765 4515 πῶς,
3819 4443 3989 4517 quod

2330 4516 2790 4587 Chrysostomus
2821 4513 3131 4585 paululum
3164 4519 3387 4570 tantum
3421 4513 3858 4587 commoverat,
3888 4516 3991 4570 de-

575 4585 680 4672 sed
709 4584 1250 4672 mo-xuib‘idern_‘alia
1289 4592 1480 4672 mutat
1524 4584 1700 4641 versu
1731 4586 1828 4672 g3.
1873 4585 2141 4672 Cyrillus,

2338 4584 2464 4672 inde
2589 4587 2675 4671 iV,
2731 4601 2794 4672 Ρ..
2825 4584 2960 4671 7360'
3007 4589 3064 4640 Β.
3117 4587 3365 4672 repetit:
3416 4593 3527 4672 Π-ῶς
3566 4584 3991 4672 δέναταιιοῦτοξ

575 4658 663 4728 IV,
698 4673 757 4728 p.
796 4661 892 4713 l56
919 4659 974 4721 Β,
1005 4657 1282 4712 ubihunc
1303 4657 1499 4712 locum
1518 4673 1587 4712 ex
1613 4657 1910 4728 professo,
1942 4663 2000 4712 ut
2033 4658 2215 4724 aiunt,

574 4727 1008 4800 interpretatur,
1061 4729 1118 4782 in
1173 4727 1854 4800 contextumversumh22
1893 4735 1947 4782 et
1995 4733 2082 4792 23,
2136 4729 2218 4784 ita

575 4795 752 4871 habet
804 4815 816 4853 :
876 4803 973 4851 Καὶ
1039 4801 1171 4871 μετὰ
1241 4807 1405 4871 ταῦτα
1459 4795 1607 4856 ἦλθεν
1657 4801 1681 4850 ὸ
1741 4798 1940 4871 Ἰησοῡῌς
1994 4800 2066 4871 si;
2125 4805 2218 4857 τὴν

575 4866 839 4942 Ἰουδαίαν
899 4878 1002 4942 γῆν
1039 4866 1182 4942 μετὰ
1241 4870 1339 4920 τῶν
1390 4871 1636 4942 μαθητῶν
1678 4873 1856 4922 αὐτοῦ·
1901 4868 1961 4929 ἦν
2017 4868 2074 4923 δὲ
2131 4876 2220 4922 καὶ

573 4939 810 5012 Ἰωάννης
840 4961 890 4992 κ.
909 4939 962 4997 r.
995 4939 1212 5004 L'Quee
1235 4955 1374 5012 ergo
1391 4939 1854 5012 'Chrysostomus
1883 4942 2072 4996 dubia
2097 4943 2220 4996 red-

573 5011 824 5076 diderat,
857 5027 929 5066 ea
973 5027 1216 5080 prorsus
1247 5011 1445 5067 omisit
1483 5011 1749 5083 Cyrillus.
1793 5013 1976 5068 Habet
2020 5020 2218 5067 tamen

574 5083 712 5156 ibid.
749 5085 810 5148 E,
844 5083 1018 5156 plane
1043 5089 1104 5137 ut
1130 5083 1619 5156 Chrysostomus:
1655 5086 1909 5145 Βαπτίζει
1944 5091 2220 5156 τοιγαροῦν

575 5155 600 5205 ὁ
634 5150 863 5225 Χριστὸξ
896 5150 990 5204 διὰ
1029 5163 1128 5206 τῶν
1155 5150 1334 5206 ἐαυξοῡ
1369 5157 1631 5227 μαθητῶν.
1663 5157 1842 5227 Tales?
1870 5150 2052 5210 critici
2087 5150 2222 5227 sunt

574 5225 667 5279 isti
705 5231 818 5279 tres
854 5233 942 5284 τῆς
988 5225 1288 5300 οἰκουμένης
1331 5225 1614 5300 φὼστῆρες,
1656 5243 1791 5300 cum
1834 5226 2031 5300 locum
2083 5226 2223 5300 data

573 5277 756 5366 opera
808 5277 1075 5368 tractant.
1129 5277 1638 5368 Chry'scistomiini,
1698 5299 2020 5368 principem
2076 5297 2223 5368 (irae-

573 5383 778 5438 corum
830 5366 1071 5423 Patrum
1129 5366 1422 5435 omnium,
1483 5385 1721 5422 excuso.
1781 5366 2218 5438 All’populum

574 5437 733 5493 enim
778 5437 941 5494 dixit.
974 5439 1082 5495 Sed
1114 5440 1394 5509 Origenes
1425 5446 1480 5493 et
1509 5438 1752 5509 Cyrillus
1786 5437 1953 5494 omni
1982 5454 2223 5492 excusa-

580 5510 729 5563 tione
757 5518 976 5565 carent.
1005 5512 1291 5589 Viridocti
1324 5516 1541 5589 autem,
1569 5511 2021 5589 quiOrigenem,
2046 5511 2223 5589 Chry:

577 5587 912 5654 sustomum
969 5589 1023 5636 et
1091 5583 1372 5654 Cyrillum
1424 5581 1741 5654 diligenter
1811 5581 2102 5654 legerunt,
2165 5580 2221 5654 id

573 5652 804 5725 dudum
834 5651 1257 5725 perspexerunt
1309 5657 1368 5706 ln
1402 5651 1531 5706 aliis
1563 5657 1836 5714 eventum
1865 5653 2042 5705 habet
2073 5651 2225 5706 vati-

575 5724 793 5781 cinium
839 5724 1001 5780 Isaiae
1031 5742 1107 5792 Vl,
1135 5729 1189 5794 9,
1223 5725 1312 5777 lO.

2329 4661 2452 4739 ᾑμίν
2511 4654 2694 4739 deﬂuat
2732 4654 2833 4714 ῖςὴν
2893 4658 3064 4739 σάρκα
3118 4654 3278 4739 αρξοῡ
3318 4665 3494 4729 φαγεῖν
3519 4675 3555 4739 ;_
3586 4658 3852 4739 Orig-etiis

2327 4728 2484 4784 hunc
2517 4729 2717 4783 locum
2749 4742 2924 4794 nugas
2963 4728 3404 4799 interciderunt,
3453 4729 3559 4783 sed
3593 4736 3629 4783 t.
3666 4731 3753 4799 lV,
3787 4745 3840 4799 p.
3876 4728 3988 4782 364

2329 4807 2392 4855 Α.
2454 4799 2662 4854 laudat
2727 4815 2739 4852 :
2798 4805 2908 4859 Πῶς
2976 4795 3196 4850 δύναται
3247 4803 3369 4870 ἡμῖν
3441 4800 3592 4861 οὗτός
3652 4795 3835 4852 δοῦναι
3888 4804 3988 4856 τὴν

2333 4874 2746 4944 σάρκαγδοαγςῐν)

2402 4939 2471 5014 (c)
2501 4939 2669 4995 [land
2701 4939 2877 5014 dubie
2905 4940 3089 5014 voluit
3121 4941 3401 5007 scribere,
3435 4941 3772 4996 Audissent.

2402 5011 2486 5083 (ιι)
2529 5016 2765 5082 Propter
2798 5011 3177 5083 Euthymium
3239 5014 3416 5067 etiam
3449 5014 3562 5067 hoc
3618 5013 3982 5080 notandum,

2331 5084 2495 5156 quod
2535 5083 2660 5136 haec
2694 5097 2812 5136 non
2848 5099 2965 5156 uno
2989 5082 3141 5156 loco,
3168 5083 3413 5156 junclim
3449 5086 3671 5147 recitat,
3702 5083 3828 5156 sed
3874 5099 3988 5154 per

2332 5153 2554 5226 partes,
2609 5153 2956 5226 interposita
2986 5155 3041 5207 iu
3101 5155 3349 5221 singulis
3381 5155 3648 5226 partibus
3697 5153 3986 5224 interpre-

2333 5225 2566 5280 tatione.
2615 5225 2923 5292 Distinguit
2967 5230 3168 5278 autem
3205 5225 3424 5280 textum
3458 5227 3554 5281 ita.
3607 5226 3792 5280 Primo
3824 5242 3986 5279 vers.

2335 5301 2399 5351 59
2461 5295 2668 5367 ίνἮΡαν
2724 5291 2810 5345 οὖν
2870 5294 2945 5348 ad
2979 5294 3052 5367 ἐπ’
3104 5296 3279 5367 αὐτόν.
3317 5297 3631 5351 Secundo:
3665 5301 3867 5356 Ἰησοῦς
3926 5293 3988 5347 δὲ

2333 5366 2546 5442 ἐκρύϐη.
2579 5366 2765 5442 Tertio
2800 5381 2810 5420 :
2849 5369 2951 5417 Καὶ
2989 5366 3195 5442 gae-7.69;
3246 5366 3298 5417 ἐκ
3353 5377 3442 5418 τοῦ
3491 5370 3650 5441 ἱεροῦ.
3707 5369 3933 5431 Quarto
3972 5388 3984 5418 :

2334 5433 2548 5490 Διέ).οὼν
2626 5433 2719 5488 διὰ
2776 5441 2936 5507 μέσον
3008 5438 3195 5491 αὐτῶν.
3250 5439 3467 5502 Quinto
3520 5433 3541 5492 ε’
3595 5445 3692 5491 Καὶ
3750 5447 3988 5510 παρῆγεν

2333 5511 2516 5568 οὕτως.
2560 5511 2774 5582 Sexte:
2814 5513 2912 5582 Καὶ
2960 5513 3206 5582 παράγων
3240 5509 3313 5564 ad
3369 5518 3591 5582 γενετῆς.
3633 5509 3854 5582 During
3887 5509 3991 5563 hic

2333 5583 2517 5635 oritur
2537 5579 2804 5648 quaestio.
2838 5579 3054 5637 Altera.
3087 5583 3216 5650 quis
3244 5597 3315 5634 ex
3344 5579 3668 5635 editoribus
3697 5584 3758 5636 N.
3787 5580 3994 5634 Testa—

2334 5652 2515 5706 menti
2546 5652 2672 5704 haec
2715 5649 3016 5705 exclusit?
3046 5649 3349 5717 I'Irasmus,
3403 5652 3586 5707 homo
3635 5651 3995 5706 temerarius

2334 5729 2387 5778 et
2413 5720 2696 5794 perﬁdus,
2716 5721 2816 5792 qui
2845 5720 2972 5775 haec
2995 5722 3054 5775 in
3083 5723 3206 5776 suis
3240 5722 3474 5788 Graecis,
3508 5723 3710 5780 nescio
3736 5721 3992 5796 quibus,
