4180 6498
206 391 277 445 65
1718 382 2119 439 PR/EFATIO.
3551 384 3622 436 66

208 522 334 584 ἦγεν
384 513 560 574 οὕτως.
616 512 1020 568 Pertransiens
1071 527 1176 584 per
1218 511 1484 568 medium
1539 511 1779 567 illorum
1806 514 1862 564 et
1895 509 1940 562 Α
1971 506 2143 563 abeo.
2178 508 2427 564 Additur
2452 509 2610 564 enim
2641 527 2762 580 μου,
2793 508 2973 564 etiam
3023 509 3081 562 in
3135 507 3394 564 editione
3449 510 3620 564 Com-

211 601 296 657 ita
322 602 681 673 praeteribat.

287 712 340 776 9,
373 709 428 765 8.
489 707 666 762 Vicini
700 706 920 778 itaque,
965 712 1023 762 et
1069 707 1172 778 qui
1206 705 1480 761 viderant
1535 721 1672 761 eum
1701 705 1863 776 prius

213 796 375 868 quod
418 796 654 866 (cmcus)
695 800 866 850 esset.
899 795 1090 850 Habet
1115 794 1275 850 enim
1325 793 1534 866 τυφλός.
1577 809 1696 849 non
1727 812 1862 845 πτω-

211 889 314 956 χὸς
347 887 410 952 (ε)
445 883 760 940 mendicus.
805 883 1102 939 Consonat
1127 883 1307 938 etiam
1358 881 1666 954 exemplar
1696 879 1866 937 Com-

212 973 507 1044 plutense.

282 1079 372 1144 10,
407 1083 459 1134 8.
494 1080 714 1136 Omnes
754 1083 1048 1151 quotquot
1076 1083 1388 1142 venerunt,
1433 1079 1590 1134 fures
1644 1081 1783 1133 sunt
1810 1081 1866 1132 et

210 1167 494 1224 latrones.
530 1167 658 1222 Non
689 1166 931 1222 additur
961 1171 1066 1241 Πρό
1121 1166 1267 1239 ἐμοῦ,
1311 1169 1455 1222 Ante
1507 1183 1614 1231 me,
1672 1181 1867 1238 neque

211 1257 272 1312 in
297 1255 622 1328 exemplari
672 1255 1091 1326 Complutensi,
1127 1271 1320 1328 neque
1356 1256 1413 1310 in
1447 1256 1702 1311 editione
1735 1253 1866 1309 Vul-

214 1349 381 1414 gata.

292 1451 381 1514 10,
411 1453 498 1506 39.
535 1449 882 1516 Quaerebam
913 1450 1102 1522 (ergo)
1143 1466 1381 1506 rursum
1416 1448 1867 1522 apprehendere

219 1554 378 1593 eum.
414 1539 663 1594 Additur
703 1539 862 1594 enim
895 1535 982 1591 οὖν
1009 1555 1163 1610 ergo,
1185 1544 1242 1594 et
1263 1539 1322 1594 in
1352 1538 1676 1611 exemplari
1701 1539 1869 1593 Com-

218 1627 496 1698 plutensi,
524 1631 580 1683 et
615 1627 672 1682 in
705 1626 956 1698 Vulgata
987 1627 1267 1684 editione.

292 1726 378 1790 13,
413 1725 465 1779 9.
505 1724 748 1781 Domine
781 1741 902 1781 non
931 1731 1165 1782 tantum
1207 1725 1412 1797 pedes.
1464 1728 1582 1780 Non
1633 1725 1872 1779 additur

219 1831 320 1884 μου
362 1829 525 1870 meos.

293 1921 383 1984 13,
417 1920 504 1975 ‘25.
533 1920 679 1975 Cum
710 1935 848 1992 ergo
890 1919 982 1975 ille
1014 1920 1384 1976 recumberet
1405 1920 1528 1991 (ita)
1550 1935 1728 1991 super
1746 1935 1871 1991 pec-

219 2011 314 2064 tus
339 2008 494 2064 Jesu.
538 2009 788 2064 Additur
810 2009 968 2063 enim
997 2009 1180 2072 οὑτως,
1212 2009 1372 2078 quod
1403 2010 1580 2064 etiam
1609 2009 1669 2063 in
1709 2008 1872 2063 scho-

216 2096 311 2152 liis
345 2100 552 2153 auctor
582 2097 872 2152 declarat.

293 2203 384 2268 13,
416 2201 510 2257 30.
553 2204 686 2257 Erat
723 2205 924 2256 autem
978 2216 1099 2256 nox
1146 2202 1390 2273 quando
1428 2203 1625 2258 exivit.
1655 2201 1875 2257 Deinde

223 2288 505 2344 subditur
533 2306 545 2342 :
573 2288 664 2343 Ait
717 2290 900 2342 Jesus.
955 2291 1081 2344 Non
1140 2289 1296 2343 enim
1328 2289 1566 2344 additur
1595 2285 1682 2340 οὖν
1713 2304 1875 2359 ergo,

219 2381 363 2432 ante
401 2377 655 2432 verbum
694 2375 868 2438 ἕξῆλθε
920 2376 1122 2442 exivit,
1176 2382 1239 2432 ut
1288 2376 1472 2433 alium
1524 2376 1705 2448 possit
1750 2377 1879 2432 red-

219 2466 363 2520 dere
386 2480 652 2521 sensum.
696 2466 853 2521 Facit
903 2464 1218 2521 nobiscum
1266 2465 1575 2537 exemplar
1604 2465 1880 2538 Complu-

225 2556 414 2608 tense.

298 2661 384 2714 14.
407 2663 461 2716 4.
495 2660 627 2716 Non
658 2659 927 2715 turbetur
952 2675 1054 2714 cor
1073 2664 1348 2714 vestrum.
1374 2663 1521 2714 Ante
1537 2659 1666 2714 haec
1692 2659 1876 2715 verba

226 2764 348 2803 non
377 2749 773 2820 praemittitur,
828 2763 1025 2819 neque
1058 2749 1114 2803 in
1147 2754 1370 2810 nostro,
1402 2762 1594 2819 neque
1622 2747 1680 2802 in
1705 2750 1875 2803 Com-

227 2837 484 2908 plutensi
513 2836 838 2909 exemplari
878 2837 936 2892 id
977 2837 1138 2909 quod
1167 2836 1422 2892 habetur
1444 2837 1502 2891 in
1541 2835 1880 2904 vulgaribus

231 2925 446 2980 Grecis
491 2926 928 2997 exemplaribus
986 2926 1107 2997 (f):
1171 2930 1268 2978 Καὶ
1309 2923 1416 2977 εἶπε
1463 2932 1573 2986 τοῖς
1620 2927 1882 2997 μαθηταῖς

233 3013 415 3078 αὐτοῦ,
450 3017 515 3069 Et
544 3015 622 3069 ait
641 3014 946 3086 discipulis
977 3013 1124 3069 suis.

308 3120 393 3181 14,
427 3120 515 3176 30.
551 3120 716 3176 Venit
761 3121 919 3176 enim
976 3121 1255 3192 princeps
1303 3119 1532 3175 mundi.
1589 3122 1712 3176 Non
1781 3120 1884 3175 ad-

233 3207 388 3263 ditur
444 3212 629 3261 τούτου
668 3209 872 3279 hujus,
905 3224 1096 3282 neque
1128 3209 1188 3263 in
1240 3208 1561 3279 exemplari
1610 3207 1883 3280 Complu-

232 3297 405 3353 tensi.

305 3395 396 3458 16,
447 3395 501 3458 3,
560 3393 627 3448 Et
700 3393 830 3446 haec
905 3391 1135 3456 facient,
1185 3394 1330 3462 quia
1382 3407 1503 3447 non
1576 3397 1881 3447 noverunt.

233 3485 364 3537 Non
377 3480 621 3536 additur
646 3481 768 3550 ὑμῖν
786 3479 948 3548 vobis,
990 3495 1100 3534 nec
1113 3479 1171 3534 in
1188 3479 1446 3535 editione
1460 3479 1882 3550 Complutensi.

316 3586 398 3654 16,
431 3585 484 3638 5.
544 3586 610 3639 Et
663 3598 844 3639 nemo
896 3584 1220 3653 interrogat
1286 3599 1380 3639 me
1423 3600 1436 3638 :
1489 3585 1615 3649 Quo
1671 3583 1802 3640 abis
1859 3583 1888 3638 7

236 3677 366 3731 Non
395 3672 762 3745 praeponitur
787 3677 923 3728 ante
981 3673 1225 3728 verbum
1273 3673 1599 3741 Interrogat
1646 3673 1699 3736 ἐξ
1722 3675 1885 3746 ὑμῶν,

237 3778 311 3816 ex
339 3760 533 3816 vobis.

311 3869 501 3936 16,1Ο.
539 3867 860 3938 Dejustitia
882 3872 1103 3930 autem,
1132 3868 1270 3938 quia
1295 3867 1364 3923 ad
1399 3870 1887 3940 Patrem(meum)

237 4049 295 4100 et
317 4044 541 4098 invenit
570 4047 626 4098 et
665 4058 785 4098 non
843 4043 1086 4098 invenit.
1141 4046 1282 4098 Nam
1316 4043 1373 4097 in
1409 4045 1601 4114 prima
1632 4045 1888 4100 editione

235 4115 438 4177 habet,
472 4116 532 4168 in
562 4115 803 4186 reliquis
834 4114 1055 4168 omisit.
1111 4115 1406 4185 Compara
1464 4116 1591 4184 ejus
1617 4117 1688 4169 ad
1735 4117 1890 4170 hunc

238 4187 428 4242 locum
455 4185 1058 4256 animadversionem.
1083 4187 1278 4240 Altera
1317 4187 1590 4256 quiestio.
1623 4189 1737 4241 Cur
1763 4187 1884 4241 Hie-

235 4272 532 4327 ronymus
584 4257 642 4310 in
677 4255 924 4325 Vulgata
987 4256 1189 4310 Latina
1219 4255 1418 4310 omisit
1457 4255 1484 4308 ?
1519 4256 1748 4312 Scilicet
1793 4257 1892 4312 hic

235 4343 478 4400 quoque
492 4341 726 4400 servum
757 4342 937 4400 pecus
964 4328 1229 4400 sequitur
1248 4343 1529 4382 vesanum
1553 4328 1888 4400 Origenem.

237 4397 356 4470 Nec
380 4397 788 4470 diligentiores
811 4397 1524 4466 fuerent’Chrysostomus
1546 4398 1889 4470 etCyrillus.

240 4469 430 4536 Vulgo
481 4469 722 4524 credunt
776 4468 903 4523 hac
957 4474 1161 4524 assuta
1206 4484 1333 4523 esse
1374 4485 1445 4523 ex
1497 4470 1627 4524 Luc.
1665 4468 1753 4533 'iv,
1800 4469 1888 4524 30.

240 4540 428 4595 Stulte
472 4539 485 4591 1
536 4541 652 4595 Suo
700 4545 958 4610 tempore
1006 4543 1194 4594 totam
1238 4555 1363 4594 rem
1419 4539 1497 4595 ad
1543 4539 1748 4595 oculos
1800 4541 1894 4596 de-
1926 4537 1972 4590 D

242 4609 619 4736 gronﬁtrabo.
654 4611 777 4665 Haec
813 4609 965 4666 adeo
993 4615 1193 4667 servat
1221 4611 1532 4666 Vaticanus
1562 4611 1700 4667 1209
1731 4612 1894 4684 apud

292 4697 377 4736 irc
425 4695 569 4735 ium.

247 4680 569 4738 Birchium.

324 4752 398 4823 (ε)
427 4751 721 4823 Erasmus,
765 4751 1072 4823 impostor,
1101 4766 1219 4823 non
1259 4751 1515 4819 criticus,
1544 4751 1603 4806 in
1647 4752 1896 4822 Vulgata

248 4820 577 4894 reperiebat
621 4820 948 4877 mendicus.
1000 4824 1079 4876 Ex
1110 4822 1322 4878 Lexico
1352 4838 1493 4949 erﬁo
1534 4839 1643 4878 suo
1688 4820 1898 4880 redde-

247 4894 353 4950 bat
410 4898 646 4966 πτωχρᾳ
695 4895 916 4964 Inepte.
967 4892 1230 4966 Reddere
1269 4893 1418 4966 debe
1467 4898 1528 4949 at
1586 4899 1892 4966 προσαίτης.

247 4964 522 5037 Itaenim
552 4964 1035 5037 Chrysostomus,
1069 4964 1226 5020 unde
1255 4964 1406 5037 phase
1444 4970 1528 5020 est
1574 4964 1892 5037 corruptio,

247 4980 332 5022 ita
363 4980 522 5019 enim
552 4980 1035 5088 unrgrsoswmus,
1069 4980 1226 5020 unde
1278 4980 1406 5020 meo
1444 4980 1528 5020 est
1574 4980 1892 5037 corruptio,

245 5035 394 5115 _Vide
416 5035 672 5115 tomule
692 5035 735 5100 Ι,
780 5051 844 5106 ρ.
894 5039 994 5090 333
1036 5037 1104 5090 A.
1145 5036 1305 5115 Unde
1358 5042 1555 5115 autem
1606 5041 1897 5115 πρρσαίτηβ

246 5109 549 5163 invectum
580 5107 606 5159 ?
633 5106 742 5160 Per
764 5121 1076 5178 summam
1120 5106 1543 5177 negligentiam
1575 5106 1653 5162 et'
1684 5108 1890 5178 incogi-

245 5185 346 5251 tan
356 5178 496 5251 tiam
521 5177 881 5251 exproximo
903 5185 1220 5251 «pce-atram.

317 5250 394 5319 (Γ)
448 5250 544 5303 Est
596 5249 833 5321 initium
863 5247 1132 5321 lectionis
1198 5249 1633 5321 ecclesiasticae,
1681 5257 1741 5321 τῇ
1802 5268 1898 5300 πα-

278 5316 472 5376 αὰκευῆ
505 5328 598 5380 τῆς
634 5338 715 5370 στ.
756 5316 1071 5390 ἑϐδομάδος,
1121 5319 1287 5391 quod
1326 5316 1626 5376 homines»
1661 5316 1899 5376 εόωηοο

265 5392 387 5448 enti
418 5390 742 5445 intulerunt
780 5392 839 5445 in
887 5390 1256 5448 contextum.

318 5463 398 5532 (g)
435 5461 794 5516 Dissentiunt
844 5461 960 5516 mei
1019 5461 1317 5533 Euthymii
1368 5463 1625 5526 codices,
1675 5461 1779 5534 qui
1826 5461 1901 5513 λε-

241 5533 448 5591 λάληκα
483 5537 746 5588 servant.

317 5604 404 5688 (ξι)
436 5602 991 5688 Chrysost.‘t..Vl_ll,‘
1017 5619 1076 5675 p.
1132 5606 1236 5660 468
1265 5605 1334 5686 Α,
1384 5604 1628 5688 negligit
1653 5603 1902 5688 quidem

245 5673 433 5732 verba
489 5673 704 5744 textus,
744 5673 923 5732 habet
976 5673 1181 5732 tamen
1238 5675 1364 5732 suis
1390 5675 1629 5732 verbis:
1664 5673 1789 5736 Ἕως
1843 5695 1903 5727 αν

1972 594 2246 666 plutensi.

2049 684 2132 748 16,
2169 685 2258 739 25.
2301 685 2433 740 llaec
2482 701 2586 756 per
2651 684 2968 756 proverbia
3007 684 3185 754 (dico)
3244 684 3439 741 vobis.
3492 686 3623 740 Non

1973 771 2129 826 enim
2158 773 2337 829 habet
2383 775 2459 843 (g)
2509 772 2767 829 λελάληκα
2822 773 3056 828 locutus
3086 789 3223 828 sum
3263 789 3275 827 :
3318 773 3425 828 sed
3471 773 3622 844 λέγω,

1973 861 2126 915 dico.

2046 946 2133 1009 16,
2157 945 2245 1000 33.
2269 947 2330 1000 In
2355 946 2582 1000 mundo
2609 961 2951 1017 pressuram
2976 944 3317 1016 (habebitis)
3351 950 3496 1002 Nam
3524 947 3626 1004 ha-

1973 1033 2072 1088 bet
2101 1034 2232 1096 ἕξετι
2263 1035 2346 1105 (Ιι)
2382 1033 2659 1098 futurum,
2692 1050 2811 1089 non
2857 1037 3005 1105 ἔχετε
3030 1034 3276 1090 habetis.
3313 1035 3444 1090 Pari
3498 1052 3624 1092 mo-

1975 1122 2054 1177 do
2075 1122 2289 1193 legisse
2322 1122 2706 1179 manifestum
2739 1124 2800 1193 (ἰ)
2827 1129 2918 1179 est
2968 1139 3129 1188 eum,
3161 1123 3265 1194 qui
3313 1124 3625 1192 Vulgatam

1977 1210 2139 1266 dedit
2170 1210 2511 1266 editionem.

2052 1305 2135 1366 17,
2179 1301 2264 1353 11.
2296 1303 2461 1354 Pater
2489 1305 2690 1355 sancte
2742 1315 2914 1355 serva
2943 1315 3046 1354 eos
3074 1315 3181 1371 per
3211 1316 3429 1356 nomen
3462 1306 3628 1358 tuum

1978 1389 2119 1460 (quo
2157 1388 2392 1443 donasti
2427 1390 2540 1457 me)
2591 1391 2715 1444 Non
2749 1390 2898 1443 enim
2940 1389 3117 1444 habet
3147 1389 3235 1450 οὓς
3290 1406 3455 1460 quos,
3521 1391 3629 1446 sed

1979 1477 2017 1546 ᾧ
2048 1492 2185 1548 quo.
2247 1477 2465 1531 Eodem
2501 1477 2680 1531 etiam
2714 1477 2894 1532 modo
2926 1477 3106 1532 habet
3131 1479 3436 1549 exemplar
3463 1481 3630 1535 Com-

1979 1566 2271 1638 plutense.
2303 1569 2382 1621 Ex
2411 1566 2649 1622 scholiis
2693 1572 2893 1622 tamen
2934 1566 3144 1636 legisse
3176 1568 3401 1624 videtur
3426 1575 3632 1625 auctor

1980 1660 2180 1710 noster
2220 1657 2265 1722 6,
2320 1654 2479 1725 quod
2509 1657 2612 1724 (Ις),
2657 1662 2800 1726 puta
2829 1671 3052 1710 nomen
3093 1656 3419 1712 accusandi
3461 1674 3627 1713 casu.

2058 1746 2138 1807 18,
2170 1745 2256 1796 2:5.
2314 1744 2559 1812 Negavit
2612 1744 2800 1814 (ergo)
2861 1744 2957 1799 ille
3011 1749 3067 1799 et
3119 1746 3404 1800 aitzNon
3473 1763 3628 1801 sum.

1906 1847 1950 1900 Β
1981 1831 2281 1902 ltepetitur
2310 1832 2470 1886 enim
2501 1827 2588 1882 οὖν
2617 1847 2770 1901 ergo.
2827 1833 2888 1886 ln
2932 1831 3092 1887 hunc
3141 1832 3322 1888 etiam
3380 1834 3630 1890 modum

1978 1918 2237 1988 legimus
2270 1919 2326 1973 in
2360 1919 2616 1974 editione
2653 1920 3073 1990 Complutensi.

2052 2007 2145 2068 28.
2177 2008 2270 2063 29.
2312 2007 2495 2062 Exivit
2539 2009 2734 2078 itaque
2782 2007 2998 2063 Pilatus
3023 2009 3098 2063 ad
3133 2024 3252 2074 eos,
3294 2016 3350 2064 et
3382 2011 3480 2065 ait.
3507 2015 3634 2067 Non

1983 2095 2222 2151 additur
2253 2095 2345 2156 ἔξω
2390 2096 2457 2162 (ἰ)
2505 2097 2686 2164 foras.
2740 2096 2828 2150 Ad
2888 2095 3046 2151 hunc
3096 2113 3337 2168 quoque
3392 2099 3631 2155 modum

1984 2183 2324 2237 invenimus
2350 2183 2410 2237 in
2443 2184 2770 2255 exemplari
2803 2185 3221 2256 Complutensi.

2060 2273 2145 2335 19,
2187 2273 2856 2343 l6.Acceperuntautem
2885 2274 3082 2328 Jesum
3097 2280 3152 2327 et
3183 2274 3522 2347 (duxerunt)
3552 2278 3635 2339 (in

1986 2358 2380 2432 prmtorium).
2417 2360 2680 2414 Primum
2726 2360 2921 2430 itaque
2963 2376 3081 2414 non
3137 2360 3318 2416 habet
3368 2362 3637 2435 ἀπήγαγον

1987 2447 2370 2512 abduxerunt,
2395 2448 2500 2502 sed
2542 2449 2736 2519 ἤγαγον
2784 2449 3099 2504 duxerunt.
3158 2452 3219 2504 Et
3249 2451 3306 2506 in
3341 2451 3446 2506 hoc
3501 2468 3637 2509 con-

1987 2536 2197 2591 cordat
2221 2535 2979 2607 exemplarComplutense.
2996 2537 3337 2594 Addebatur
3353 2546 3640 2612 praeterea

1988 2623 2047 2678 in
2078 2630 2275 2679 nostro
2305 2624 2628 2696 exemplari
2664 2624 2735 2684 εἰς
2766 2629 2823 2675 τὸ
2856 2633 3190 2699 πραιτώριον.

2061 2715 2147 2777 19,
2191 2714 2278 2767 35.
2309 2715 2372 2767 Et
2409 2712 2504 2768 ille
2537 2714 2643 2768 scit
2672 2712 2836 2784 quod
2871 2729 3006 2768 vera
3037 2714 3196 2770 dicat
3228 2716 3384 2787 (sed)
3419 2723 3480 2773 nt
3537 2734 3640 2774 vos

1989 2800 2262 2855 credatis.
2299 2804 2446 2856 Nam
2479 2800 2663 2855 habet
2710 2800 2856 2866 ἀλλά,
2889 2802 3008 2857 sed.
3064 2805 3175 2858 Nec
3205 2804 3377 2859 habet
3422 2811 3511 2857 καί
3563 2811 3636 2871 et,

1990 2893 2121 2944 ante
2154 2905 2279 2943 vos.
2313 2890 2625 2960 Exemplar
2655 2889 2898 2959 quidem
2944 2892 3360 2962 Complutense
3394 2909 3515 2949 non
3540 2895 3641 2950 ha-

1991 2979 2090 3034 bet
2118 2979 2596 3047 conjunctionem
2628 2984 2736 3043 καί,
2774 2979 2876 3034 sed
2918 2995 3025 3035 nec
3051 2981 3224 3037 habet
3253 2981 3398 3038 ἀλλά.

2068 3071 2149 3131 19,
2193 3068 2282 3122 38.
2315 3069 2378 3122 Et
2409 3069 2677 3139 permisit
2718 3068 2949 3124 Pilatus.
2991 3070 3313 3142 Statimque
3355 3072 3636 3129 additur:

1919 3189 1960 3243 C
1991 3155 2450 3226 ⁷11λθεν(7η)οὗν,
2495 3163 2584 3208 καὶ
2634 3153 2725 3229 ἦρι
2766 3161 2825 3208 τὸ
2880 3166 3033 3229 σῶμα
3080 3167 3170 3210 τοῦ
3219 3159 3413 3226 Ἰησοῦ,
3477 3162 3644 3218 Venit

1992 3262 2154 3317 ergo,
2183 3251 2238 3300 et
2271 3247 2398 3301 tulit
2428 3261 2646 3317 corpus
2665 3250 2817 3302 Jesu.
2849 3247 3226 3305 Concordant
3256 3256 3310 3305 et
3337 3252 3646 3324 exemplar

1991 3334 2413 3405 Complutense
2443 3340 2499 3388 et
2530 3333 2783 3405 Vulgata
2833 3335 3036 3390 editio.

2067 3422 2153 3486 '20,
2187 3422 2274 3474 29.
2319 3421 2470 3486 Quia
2500 3421 2694 3476 vidisti
2730 3437 2821 3476 me
2848 3421 3168 3478 credidisti.
3228 3425 3355 3479 Non
3406 3426 3648 3483 additur

1999 3512 2167 3580 θωμᾶ,
2195 3525 2303 3564 nec
2333 3509 2391 3564 in
2419 3509 2674 3564 editione
2705 3509 3132 3582 Complutensi.

2067 3599 2158 3662 21,
2190 3598 2241 3651 1.
2268 3597 2478 3654 Postea
2507 3597 2910 3654 maniiestavit
2959 3614 3022 3654 se
3071 3599 3282 3657 iterum
3338 3603 3512 3659 Jesus
3538 3603 3649 3675 (di-

1999 3686 2265 3758 scipulis)
2297 3686 2374 3742 ad
2418 3701 2580 3742 mare
2619 3685 2967 3742 Tiberiadis.
3020 3687 3273 3744 Additur
3333 3691 3492 3748 enim
3546 3713 3651 3765 μα-

2001 3776 2184 3834 θηταῖς
2215 3774 2296 3844 (η)
2325 3774 2997 3843 discipulis.Concordat
3025 3776 3085 3832 in
3111 3776 3226 3833 hoc
3258 3784 3313 3835 et
3349 3782 3651 3854 exemplar

2001 3863 2417 3934 Complutense
2456 3868 2513 3918 et
2551 3863 2731 3919 editio
2771 3863 3042 3934 Vulgata.

2003 4037 2091 4098 ἦτε
2139 4039 2188 4091 ἐν
2229 4049 2306 4112 ᾃτῷ
2356 4047 2558 4112 κόσμῳ,
2619 4040 2793 4112 Oli-low
2845 4041 2996 4103 ἕξετε.
3054 4043 3271 4100 Eodem
3331 4046 3513 4102 modo
3564 4062 3650 4103 re-

2002 4096 2352 4184 petitalibi,
2395 4096 2466 4166 ut.
2509 4096 2573 4184 in
2611 4096 2973 4184 editione-N.
3025 4096 3642 4175 TestamenE-docui.

2003 4182 2252 4253 Cyrillus
2279 4189 2412 4236 ante
2463 4182 2686 4238 scholia
2748 4183 2926 4238 habet
2983 4184 3134 4248 ἕξετε,
3187 4187 3290 4240 sed
3352 4188 3411 4241 in
3468 4190 3650 4244 inter—

2003 4255 2326 4324 pretatione
2378 4257 2540 4324 ἔχετε.
2576 4254 2740 4307 Τοω.
2776 4255 2862 4317 IV,
2899 4271 2956 4324 p.
3003 4256 3107 4310 944
3139 4258 3203 4320 Α,
3235 4256 3341 4310 945
3370 4264 3435 4312 A.

2075 4341 2140 4411 (ἰ)
2176 4341 2410 4416 Minime
2449 4358 2605 4416 vero.
2642 4343 3127 4416 NamAinterpres
3161 4344 3400 4416 Latinus
3438 4346 3654 4416 saepius

2007 4411 2318 4537 plraaientia
2348 4428 2451 4483 per
2480 4411 2678 4466 futura
2721 4412 2932 4466 reddit.
2976 4411 3172 4483 Neque
3219 4414 3334 4470 hoc
3385 4411 3651 4485 ignoras,

2007 4495 2026 4537 ι
2053 4498 2122 4536 en
2155 4498 2271 4537 ent.

2076 4571 2254 4648 (k)__fQ
2284 4570 2451 4648 ponit
2475 4569 2535 4648 in
2563 4569 3064 4648 interpretatione
3102 4573 3257 4648 ideo,
3316 4577 3479 4648 quod
3533 4593 3654 4634 non

2006 4640 2257 4716 repetiit,
2286 4640 2442 4716 iuras
2490 4641 2706 4711 ὀνόματί
2741 4640 2880 4707 ’σου,
2939 4643 3016 4716 ad
3064 4645 3227 4716 quod
3283 4640 3531 4705 re'fertur
3594 4651 3655 4705 in

2005 4717 2170 4767 textu
2210 4713 2276 4783 ᾧ.
2343 4715 2640 4783 Quorsum
2688 4729 2826 4782 ergo
2883 4713 3259 4772 referendum
3314 4717 3515 4776 fuisset
3560 4720 3598 4783 ᾧ
3627 4723 3656 4776 ‘I

2007 4784 2174 4840 Forte
2215 4778 2294 4839 1ιά
2335 4780 2590 4845 δέδωκας.
2759 4778 2782 4782 ⁷
3571 4778 3578 4792 ’

2078 4872 2138 4943 (ι)
2168 4875 2389 4950 Incerta
2418 4873 2584 4950 sedes
2627 4872 2806 4944 hujus
2848 4875 3129 4950 vocabuli
3180 4878 3321 4950 satis
3347 4881 3563 4950 arguit,
3593 4881 3656 4936 id

2007 4942 2676 5022 aliunde_introductum
2705 4942 3034 5022 esse.__Nam
3086 4963 3265 5022 meus
3296 4942 3657 5022 Mosquensis

2007 5014 2192 5069 codex
2229 5017 2290 5070 S.
2328 5013 2429 5086 qui
2479 5014 2673 5086 Cyrilli
2706 5017 2929 5072 scholia
2959 5019 3138 5072 etiam
3172 5019 3372 5084 habet,
3407 5013 3574 5078 addit
3597 5024 3654 5076 id

2007 5090 2143 5140 ante
2173 5089 2320 5157 πρὸς.
2357 5085 2678 5158 μετογιξὶιιῇ.
2706 5092 2745 5141 t.
2778 5089 2865 5152 ιν,
2889 5104 2948 5158 p.
2986 5090 3143 5154 1034,
3180 5092 3236 5144 Β.
3271 5091 3435 5146 Alitis
3469 5094 3654 5149 codex

2007 5157 2096 5219 41,
2129 5173 2264 5212 cum
2291 5156 2529 5212 scholiis
2561 5156 2742 5212 habet
2773 5156 2905 5228 post
2952 5159 3158 5219 αὐτούς.

2081 5247 2183 5314 (m)
2217 5248 2348 5300 llmc
2379 5245 2662 5300 nimirum
2703 5246 2919 5302 omittit
2951 5248 3251 5304 Erasmus.
3298 5253 3456 5306 Unus
3496 5270 3657 5309 meo-

2007 5333 2141 5371 rum
2173 5333 2413 5389 quoque
2441 5317 2718 5389 eumdem
2738 5316 2950 5389 saltum
2978 5319 3111 5375 fecit
3142 5320 3219 5375 ab
3240 5319 3386 5378 ἧλθεν
3413 5324 3489 5379 ad
3516 5321 3652 5382 ἦλθε.

2011 5387 2252 5513 utertque
2307 5387 2504 5444 autem
2566 5387 2862 5458 Euthymii
2895 5405 3032 5445 cum
3090 5391 3333 5463 reliquis
3377 5393 3491 5448 ista
3535 5411 3660 5450 ser-

2011 5474 2123 5513 van
2155 5501 2166 5511 .

2009 5474 2166 5513 vant.

2082 5546 2416 5625 (n)._Pr2ete_r
2446 5548 2708 5625 μαθηταῖς
2739 5563 2895 5603 unus
2925 5564 3196 5606 meorum
3228 5551 3514 5608 Codicum
3557 5555 3660 5607 Eu-

2014 5617 2216 5688 thymii
2249 5619 2415 5673 addit
2437 5617 2617 5673 αὐτοῦ.
