4180 6456
231 351 304 410 69
1744 340 2140 406 ΡΒᾸΞΡΑἹΊΟ.
3574 344 3644 404 70

231 478 384 534 ferre
412 495 427 533 :
456 478 556 550 qui
597 480 796 535 tamen
845 476 1014 535 fateri
1042 480 1329 549 coguntur
1357 489 1620 549 prmum
1656 475 1878 533 indica-
1910 481 1956 536 Λ
1992 482 2303 543 exarescet,
2346 478 2675 548 συνάγουσιν
2725 489 2835 547 pro
2882 475 3171 549 colligeret.
3233 472 3489 546 βάλλουαι
3540 490 3646 546 pro

230 567 336 622 tivi
356 568 579 638 passim
617 582 724 638 pro
745 565 940 622 futuro
967 565 1171 629 locari.
1206 567 1375 638 quod
1409 567 1501 623 vix
1556 565 1681 625 ﬁeri
1706 566 1874 622 solet.
1987 565 2296 633 conficient
2325 570 2380 623 et
2406 569 2613 619 καίεται
2635 580 2744 637 pro
2781 564 3037 625 ardebit.

236 656 398 711 Idem
432 661 634 712 auctor
661 654 909 712 verbum
936 654 1025 726 (ο)
1051 653 1305 726 ἀφέωνται
1346 653 1681 727 frequenter
1707 655 1882 710 vertit

238 743 651 813 Remittuntur,
669 758 808 799 cum
822 743 1033 799 sitnon
1048 743 1234 799 solum
1251 745 1504 799 Atticum
1521 745 1881 815 prateritum

240 834 345 889 sed
375 837 430 888 et
458 833 719 888 ionicum
739 837 796 887 et
820 833 1119 896 Doricum,
1142 848 1248 904 per
1265 831 1633 889 ablutionem
1664 831 1883 889 vocalis

237 922 651 992 subjunctivm,
683 927 740 977 et
797 920 1193 993 pleonasmun
1223 942 1281 975 ω.
1329 926 1476 977 Nam
1516 921 1681 994 quod
1730 920 1886 976 dicat

233 1010 617 1083 interpretem
659 1010 923 1067 fortassis
973 1010 1193 1080 legisse
1218 1009 1479 1082 ἀφόονται,
1530 1015 1592 1066 ut
1635 1010 1708 1065 sit
1740 1024 1886 1081 pre-

236 1114 377 1155 sens
432 1098 507 1154 ab
537 1098 602 1151 iu
632 1105 691 1155 et
735 1100 904 1173 ὃομαι,
939 1115 1061 1163 non
1090 1100 1161 1159 sit
1196 1099 1537 1164 verisimile,
1587 1113 1727 1154 cum
1772 1098 1887 1154 hoc

234 1187 603 1260 barytonum
634 1188 884 1245 verbum
916 1189 1082 1261 apud
1106 1187 1269 1244 solos
1302 1193 1507 1259 poetas
1535 1186 1883 1256 reperiatur.

309 1277 480 1333 Joan.
513 1279 600 1343 15,
636 1280 687 1332 ϐ.
722 1277 839 1333 Nisi
876 1279 1009 1350 quis
1034 1278 1095 1333 in
1148 1292 1242 1332 me
1308 1275 1595 1332 manserit
1642 1275 1888 1346 (eiectus

239 1365 352 1436 est)
374 1365 533 1421 foras
570 1365 721 1421 sicut
763 1365 1011 1437 palmes,
1052 1369 1111 1422 et
1130 1365 1407 1438 (exaruit)
1460 1369 1518 1421 et
1559 1363 1888 1435 (colligunt)

240 1455 369 1515 eos,’
387 1457 446 1509 et
470 1453 531 1509 in
577 1452 774 1524 ignem
805 1454 1178 1526 (conjiciunt)
1208 1459 1267 1510 et
1285 1452 1564 1526 (ardent).
1603 1452 1728 1508 Hoc
1755 1451 1889 1507 loco

242 1557 367 1615 quo
394 1542 688 1614 praeterita
712 1547 768 1598 et
796 1543 906 1599 tria
949 1542 1271 1615 praesentia
1295 1557 1406 1614 pro
1459 1540 1670 1598 futuris
1699 1541 1891 1612 posita

241 1636 423 1697 sunt;
471 1646 689 1704 nempe
737 1631 926 1690 ἐϐλήθη
967 1648 1073 1704 pro
1112 1631 1407 1704 Ejicietur,
1462 1630 1716 1705 ἐξηράνθη
1780 1645 1890 1703 pro

2059 652 2233 709 Joan.
2266 654 2357 717 15,
2386 654 2443 710 8.
2470 653 2531 709 in
2561 652 2675 708 hoc
2703 651 3097 723 (gloriﬁcatus
3119 654 3230 719 est)
3266 655 3434 722 pater
3483 666 3644 707 meus

1990 742 2079 812 (ut
2131 741 2389 797 fructum
2449 740 2760 811 copiosum
2834 739 3140 811 atterens.)
3189 737 3483 803 Ἐὸοξάσθη
3537 754 3646 811 pro

1991 829 2191 884 futuro
2240 828 2677 899 σιω-ἱβωᾶἰεω.
2710 833 2768 884 et
2816 830 2903 883 ἶνα
2952 832 3137 899 φέρητε
3193 843 3298 899 pro
3331 843 3423 894 eo,
3479 826 3647 900 quod

1991 922 2080 973 est
2110 932 2124 969 :
2157 916 2213 972 Si
2251 916 2573 972 attuleritis.
2632 916 2754 971 Hoc
2806 915 3007 987 itaque
3034 916 3169 973 loco
3196 922 3255 973 et
3282 918 3646 988 prateritum

1993 1010 2050 1061 et
2071 1019 2327 1076 praesens
2356 1019 2466 1076 pro
2498 1003 2695 1059 futuro
2726 1007 3053 1074 ponuntur.

2064 1093 2240 1149 Joan.
2274 1093 2358 1161 16,
2375 1096 2463 1148 26.
2485 1094 2548 1148 Et
2564 1106 2687 1148 non
2706 1091 2887 1163 (dico)
2904 1090 3071 1151 vobis
3085 1092 3252 1165 quod
3272 1091 3641 1164 egorogabo.

1994 1182 2227 1238 Patrem
2250 1196 2361 1253 pro
2390 1180 2599 1237 vobis:
2640 1180 2769 1253 ipse
2824 1180 2987 1239 enim
3040 1180 3210 1238 Pater
3262 1180 3477 1251 (amat)
3521 1196 3645 1239 vos.

1998 1275 2145 1342 Λέγω
2164 1285 2273 1342 pro
2294 1270 2513 1335 dicam,
2542 1273 2600 1325 et
2622 1268 2757 1341 φίλιε
2787 1285 2895 1341 pro
2937 1269 3171 1335 natabit,
3212 1268 3369 1342 quod
3427 1274 3647 1337 tamen.

1997 1360 2048 1415 si
2079 1358 2277 1415 solum
2324 1362 2502 1423 esset,
2546 1357 2814 1415 futurum
2861 1357 3195 1417 secundum
3246 1374 3379 1417 esse
3426 1362 3647 1431 posset.

1996 1448 2141 1504 Vide
2168 1447 2346 1518 hujus
2370 1446 2483 1503 loci
2509 1447 2972 1505 enarrationem.

2067 1538 2239 1593 Joan.
2273 1537 2359 1599 t7,
2390 1536 2472 1592 tt.
2501 1542 2559 1593 et
2582 1536 2841 1605 jamnon
2869 1535 3049 1606 (sum)
3065 1535 3127 1591 in
3157 1533 3409 1601 mundo.
3429 1540 3485 1593 et
3514 1534 3573 1595 lli
3593 1534 3653 1591 in

2000 1626 2230 1682 mundo
2242 1626 2451 1697 (sunt)
2467 1624 2590 1696 Είμί
2615 1640 2720 1697 pro
2735 1639 2831 1682 ero
2848 1624 3122 1691 sumitur,
3137 1630 3196 1681 et
3211 1623 3317 1677 εἰσί
3333 1640 3440 1696 pro
3458 1627 3649 1681 erant.

417 1815 491 1887 (ε)
530 1816 733 1873 Matth.
779 1833 858 1882 ix,
890 1821 945 1887 2,
986 1818 1021 1872 5
1050 1833 1066 1885 ;
1098 1819 1272 1874 Marc.
1315 1831 1374 1883 ιι,
1405 1818 1460 1882 5,
1498 1818 1572 1882 9;
1607 1817 1740 1872 Luc.
1768 1830 1869 1881 vn,
1900 1818 1991 1884 47,
2019 1814 2111 1871 48.
2145 1812 2285 1869 Vide
2308 1814 2369 1868 in
2399 1809 2607 1884 primis
2638 1813 2955 1867 Erasmum
2993 1809 3075 1867 ad
3110 1811 3291 1868 Mare.
3325 1825 3388 1877 ιι,
3418 1811 3473 1865 9.

1377 2152 1940 2247 JOAN‘NIS
2077 2152 2530 2244 MILLII

962 2336 1334 2406 ΕΧΛΜΕΝ
1378 2336 1724 2407 CODICIS
1771 2333 1915 2405 EU']

2019 2334 2198 2403 YMII
2237 2334 2337 2422 (ά)
2381 2333 2944 2406 BAROCCIANI.

1131 2471 1226 2529 Ea:
1257 2471 1686 2542 Prolegomenis
1716 2471 1843 2545 ejus
1874 2470 1933 2524 in
1967 2466 2049 2526 N.
2091 2468 2154 2545 ι’.
2181 2484 2217 2525 a
2257 2467 2286 2541 ἓ
2320 2467 2453 2524 1073
2483 2500 2550 2509 -
2583 2469 2744 2526 1079.

314 2705 380 2759 Et
394 2703 523 2773 jam
561 2701 801 2775 quidem
833 2701 913 2757 ab
940 2700 1164 2771 insigni
1185 2701 1287 2759 illo
1313 2703 1895 2760 Commentariomm
1934 2701 1977 2755 Β
2006 2699 2305 2769 integrum
2342 2699 2533 2765 ;unde
2550 2699 2751 2756 videre
2773 2700 2965 2765 liceat,
2995 2699 3190 2774 qualis
3219 2706 3415 2761 textus
3437 2703 3657 2776 Euhy-

245 2790 647 2863 Chrysostomi
667 2790 739 2862 (e)
758 2789 1110 2847 deﬂoratore
1141 2791 1220 2847 ad
1235 2791 1417 2847 alium
1436 2791 1788 2848 devenimus
1805 2791 1891 2863 (ἰ),

245 2879 620 2949 Euthymium
643 2879 780 2935 dico
812 2878 1178 2951 Zigabenum
1196 2880 1348 2953 .;qui
1379 2881 1494 2937 sub
1516 2881 1748 2939 initium
1774 2880 1898 2936 fere

250 2966 451 3022 saeculi
479 2966 838 3033 duodecimi,
870 2982 902 3023 e
930 2968 1177 3024 Patrum
1226 2970 1551 3035 variorum,
1581 2971 1686 3025 sed
1717 2969 1899 3041 Chry-

254 3055 500 3109 sostomi
551 3055 922 3126 potissimum
970 3055 1448 3128 Commentariis,
1503 3058 1787 3115 Catenam
1820 3057 1896 3129 (g)

253 3146 578 3217 quamdam
603 3145 904 3202 contexuit
924 3145 987 3217 in
1018 3147 1356 3219 Evangelia.
1385 3148 1450 3204 ln
1475 3163 1598 3221 qua
1627 3153 1800 3213 certe,
1835 3152 1900 3202 ut

248 3232 363 3291 hoc
394 3231 582 3289 obiter
608 3238 831 3301 notem,
858 3233 1155 3305 peculiare
1167 3234 1254 3308 (h)
1277 3236 1524 3293 omnino
1541 3236 1708 3304 illud,
1731 3237 1897 3311 quod

247 3320 632 3391 allegationes
664 3336 772 3376 seu
798 3320 1105 3377 citationes
1121 3323 1449 3393 evangelici
1472 3330 1666 3382 textus
1691 3340 1899 3397 perpe-

247 3413 353 3464 tuo
383 3407 554 3464 facta;
567 3408 1030 3465 sintsecundum
1044 3409 1266 3473 titulos,
1295 3411 1395 3482 qui
1422 3412 1500 3467 ad
1525 3426 1695 3467 oram
1715 3415 1900 3468 Evan-

248 3495 544 3566 geliorum
574 3495 793 3566 signati
823 3501 976 3565 sunt,
1010 3495 1135 3552 sive
1165 3499 1394 3570 majora
1417 3499 1683 3574 Κιφᾱλαια
1711 3501 1897 3572 Hujus

245 3584 413 3643 haud
435 3584 582 3641 dum
612 3585 677 3656 (ι)
704 3584 901 3641 Graece
930 3586 1100 3643 edita
1146 3588 1448 3659 exemplar
1496 3591 1655 3647 nacti
1687 3607 1898 3647 sumus

242 3674 400 3731 inter
410 3672 647 3730 codices
660 3672 1078 3741 Baroccianos,
1097 3676 1354 3747 probum
1368 3693 1439 3734 ac
1465 3680 1896 3752 propemodum

343 3852 378 3909 ἀ
428 3854 508 3908 De
538 3852 750 3908 eodem
781 3852 1046 3925 loquitur
1071 3852 1221 3911 ibid.
1257 3857 1285 3923 §
1311 3855 1469 3912 1462.

321 3855 401 4048 ξιξ
427 3926 512 3980 Ita
538 3923 1045 4004 j’heophylactum
1085 3926 1371 3996 Bulgaria:
1424 3926 1759 4000 episcopum
1790 3945 1902 4001 ap-

321 4018 324 4046 ι
346 3995 447 4048 lat.
484 3994 727 4048 Videtur
751 4000 949 4048 autem
978 3996 1088 4048 hoc
1110 3997 1474 4048 vocabulum
1514 4015 1582 4048 ex
1606 4003 1898 4048 contami-

247 3994 447 4068 pellat.
484 3994 949 4068 Videturautem
978 3996 1088 4068 hoc
1110 3994 1476 4053 vocabulum
1514 4015 1585 4055 ex
1606 3994 1898 4056 contami-

428 3854 508 3908 De
538 3851 751 3925 eodem
781 3852 1046 3925 loquitur
1071 3852 1221 3911 ibid.

247 4050 391 4124 imo
428 4050 703 4140 barbara;
730 4050 1899 4140 Latinitatismarsupﬁi‘o‘Eviiiie'rbnfmi
1936 4050 1977 4107 C

247 4138 632 4209 protraxisse.
650 4136 979 4211 Honestiori
999 4136 1342 4211 etLatiniori
1359 4141 1439 4195 uti
1458 4147 1707 4211 poterat.
1725 4136 1897 4198 Aliud

248 4213 340 4266 est
363 4223 625 4277 graecum
667 4210 986 4275 ἀπανθιζειν,
1048 4209 1210 4265 aliud
1264 4209 1531 4266 Latinum
1586 4212 1894 4268 deﬂorare.

320 4278 393 4348 (ν)
410 4280 713 4355 Tanquam
737 4294 804 4355 ex
820 4280 1041 4351 palatio
1060 4281 1294 4337 excelso
1313 4282 1451 4339 fessi
1470 4282 1808 4355 fatigatique
1821 4284 1899 4341 ad

245 4348 571 4418 tugurium’
586 4348 831 4405 humile.

320 4420 401 4493 (g)
430 4423 668 4485 Catena,
697 4418 1041 4494 doctissime
1072 4420 1223 4494 Milli,
1258 4422 1593 4494 appellatur
1623 4423 1898 4482 Collectio

243 4490 519 4567 lacerum
544 4507 613 4547 ex
645 4492 1062 4567 variisscriptis
1084 4490 1460 4565 Patrum'qui
1488 4495 1690 4567 aliquo
1719 4496 1899 4553 modo

244 4566 450 4634 partes
476 4561 737 4634 singulas
766 4561 1116 4618 Litterarum
1143 4561 1447 4621 sacrarum
1476 4561 1743 4623 oratione
1769 4568 1896 4627 atti-

244 4633 483 4703 gerunt,
518 4633 953 4703 sinegcontinuo
984 4649 1141 4691 nexu
1194 4634 1573 4693 collatorum.
1613 4640 1738 4694 Non
1771 4639 1897 4695 sine

244 4701 432 4759 causa
462 4701 663 4781 addidi
681 4703 807 4781 sine
830 4719 1019 4781 nexu,
1055 4706 1350 4781 siquidem
1383 4715 1593 4781 catena
1618 4709 1899 4781 quaelibet

244 4790 473 4830 nexum
503 4773 723 4831 habere
750 4776 943 4831 debet.
971 4777 1083 4832 Sed
1114 4773 1259 4831 ﬂlud
1292 4777 1347 4831 in
1380 4778 1505 4834 istis
1529 4773 1752 4836 catenis
1778 4795 1896 4836 non

245 4845 429 4902 habet
454 4845 671 4902 locum.
720 4848 783 4903 In
811 4846 1128 4917 Euthymio
1154 4855 1353 4905 autem
1384 4865 1573 4906 nexus
1595 4856 1701 4917 est,
1733 4851 1897 4917 quod

246 4867 429 4902 Πᾶυϐῐ
454 4867 671 4902 ιοουω.
720 4867 783 4903 ΙΙ]
813 4867 1128 4917 nunnymlo
1154 4867 1353 4905 antem
1384 4867 1573 4906 DCXUS
1595 4867 1701 4917 εει,
1781 4867 1897 4906 υοα

246 4933 320 4973 ex
363 4917 626 4999 pluribus
666 4917 940 4990 partibus
968 4934 1121 4999 opus
1150 4925 1501 4999 perpetuum
1535 4921 1684 4999 fecit.
1715 4867 1900 4999 gom-

247 4991 610 5043 mentarium
643 5005 805 5059 ergo,
823 5004 942 5043 non
973 4996 1241 5045 catenam
1260 4991 1517 5047 exhibet.
1552 4993 1671 5049 Hoc
1696 4993 1899 5049 discri-

243 5074 397 5133 men
420 5064 510 5115 est
538 5060 685 5133 inter
706 5066 975 5116 catenam
995 5069 1049 5115 et
1068 5062 1589 5133 commentarium,
1610 5080 1678 5120 ex
1696 5081 1799 5120 usu
1815 5080 1899 5120 re-

243 5129 579 5206 centiorum
611 5129 952 5206 Graecorum
988 5130 1260 5206 vocabuli
1287 5141 1480 5206 σειρᾶς.

318 5201 396 5272 (h)
430 5202 868 5272 Nonpeculiare
883 5208 983 5256 aut
1012 5201 1380 5270 inusitatum,
1401 5206 1501 5260 sed
1532 5206 1757 5262 obtinet
1789 5205 1899 5261 ista

243 5273 510 5346 capitum
538 5271 864 5346 descriptio
895 5274 953 5327 in
996 5274 1295 5346 plerisque
1326 5276 1635 5332 codicibus
1658 5278 1896 5340 Graecis,

240 5342 410 5469 good
443 5346 495 5399 te
537 5342 889 5400 latere'non
944 5342 1456 5413 poteratCNullam
1518 5349 1698 5405 aliam
1738 5348 1897 5403 enim

291 5413 430 5468 περὶ
460 5422 793 5469 agnoscunt
822 5421 1036 5469 praeter
1064 5415 1217 5469 hanc
1248 5424 1303 5469 et
1328 5434 1593 5469 canones
1630 5418 1891 5469 Eusebii-

2007 2789 2130 2845 mio
2166 2787 2340 2844 fuerit
2360 2788 2435 2844 ad
2451 2802 2723 2855 manum,
2751 2804 2891 2846 cum
2918 2790 3030 2847 ista
3055 2790 3354 2847 scriberet.
3385 2793 3525 2848 Erat
3549 2807 3648 2848 au-

2004 2881 2124 2932 tem
2148 2876 2277 2944 iste,
2305 2877 2497 2951 qualis
2516 2878 2945 2950 exemplarium
2973 2879 3310 2950 posterioris
3334 2881 3447 2936 avi
3476 2878 3656 2936 iet-me

2005 2966 2301 3032 omnium,
2331 2966 2625 3037 plurimis,
2653 2967 2712 3022 in
2743 2966 2886 3023 locis
2903 2967 2987 3039 (Ir)
3012 2958 3394 3039 interpolatae
3428 2987 3442 3037 ;
3476 2969 3557 3024 ita
3577 2973 3659 3026 te-

2005 3053 2539 3119 men,utinmultis,
2568 3054 2674 3111 ubi
2703 3054 2975 3113 diversth
3003 3056 3132 3115 abit
3149 3072 3189 3114 a
3212 3056 3381 3121 libris
3399 3058 3654 3123 excusis,

2007 3156 2359 3214 germanam
2392 3143 2670 3200 exhibeat
2693 3143 3027 3202 lectionem.

2076 3231 2156 3289 Et
2195 3232 2552 3292 lectionibus
2589 3233 2956 3304 interpolatis
2985 3236 3048 3291 in
3074 3235 3288 3304 primis
3334 3251 3461 3294 ecce
3485 3252 3643 3310 seqq.

2079 3319 2320 3395 Ἰορδάνῃ
2372 3322 2434 3393 (ι)
2473 3318 2713 3394 ποταμῷ,
2746 3324 2944 3379 Matth.
2980 3327 3032 3387 3,
3066 3328 3117 3394 6,
3170 3323 3411 3395 plurimi

2009 3411 2138 3483 Syr.
2168 3412 2333 3482 Capt.
2362 3410 2623 3482 Ethiop.

2079 3498 2353 3573 Διαρπάσῃ
2382 3514 2491 3571 pro
2513 3495 2798 3574 διαρπάσει
2830 3500 2916 3565 12,
2948 3498 3038 3561 29.
3065 3499 3149 3556 sic
3201 3499 3503 3574 Chrysost.
3541 3503 3649 3575 (m)

2007 3587 2260 3644 cavebat
2278 3587 2496 3651 scriba,
2529 3595 2593 3645 ut
2617 3588 2865 3647 verbum
2884 3586 3002 3646 hoc
3020 3590 3360 3649 conveniret
3389 3597 3657 3663 tempore

2007 3690 2147 3733 cum
2184 3676 2543 3748 praecedenti
2574 3673 2741 3749 δήσῃ.

2010 3853 2302 3912 Fabricio.
2339 3854 2452 3913 Sed
2482 3854 2541 3911 in
2565 3870 2722 3912 nova
2738 3854 2913 3911 Cavei
2945 3857 3201 3914 editione
3214 3858 3310 3916 hic
3351 3874 3509 3915 error
3536 3875 3660 3919 cor—

2008 3933 2205 4001 reptus
2237 3927 2519 4001 est._Vide
2549 3927 2785 4001 t9_m.il,
2834 3943 2891 4001 p.
2936 3929 3058 4001 199,
3076 3930 3226 4001 redit.
3270 3928 3443 3985 Basil.
3497 3928 3653 3998 1745,

2008 3995 2110 4054 fol.
2155 3996 2267 4055 Sed
2292 3999 2444 4053 Elias
2470 3992 2552 4053 du
2566 3998 2666 4054 Pin
2690 3999 2750 4054 in
2770 3992 2934 4054 Nova
2961 3992 3324 4058 Bibliotheca
3343 3992 3656 4060 auctorum

2010 4069 2735 4144 ecclesiasticorum,_tom.
2768 4069 2855 4144 IX,
2893 4087 3022 4142 cap.
3076 4087 3192 4144 xiv,
3224 4088 3279 4144 p.
3323 4073 3445 4139 197,
3497 4070 3659 4129 hunc

2009 4139 2515 4213 Commentariun)
2544 4142 2745 4213 Graece
2764 4139 2985 4197 editum
3012 4141 3191 4213 tradit
3215 4139 3457 4198 Veronae
3501 4145 3654 4213 l530,

2008 4226 2130 4281 quo
2147 4226 2305 4267 anno
2326 4210 2606 4281 nimirum
2631 4212 2852 4267 ibidem
2868 4212 3086 4281 prodiit
3107 4211 3581 4269 Commrntat‘ius
3597 4210 3658 4270 in

2010 4280 2292 4336 Psalmos.
2327 4280 2617 4352 Confusus
2647 4298 2784 4352 ergo
2806 4280 2894 4336 est
2910 4280 3379 4338 Commentarius
3411 4284 3469 4339 in
3502 4284 3661 4339 Psal-

2008 4367 2140 4407 mos
2171 4368 2307 4406 cum
2326 4351 2439 4407 hoc
2470 4352 2531 4406 in
2566 4351 2902 4421 Evangelia.
2924 4351 3262 4409 Oudinusin
3284 4354 3661 4411 Commenta-

2008 4424 2096 4503 rio
2126 4423 2201 4479 de
2232 4422 2621 4503 scriptoribus
2652 4422 3081 4503 ecclesiasticis,
3132 4430 3279 4503 tom.
3312 4426 3377 4489 ll,
3424 4440 3484 4503 p.
3515 4423 3656 4503 Δθϐμ,

2008 4492 2127 4550 alio
2171 4492 2371 4549 modo'
2409 4492 2649 4550 erravit.
2697 4492 2907 4548 Scribit
2954 4494 3157 4550 enim:
3216 4492 3660 4556 Comméntaria

2010 4566 2071 4621 in
2101 4563 2719 4637 quatuor‘Evangelia
2748 4564 2906 4620 edita
2934 4567 3129 4622 Graece
3155 4567 3216 4622 in
3246 4566 3386 4624 folio
3412 4568 3659 4625 Veronae

2007 4637 2335 4710 anno_t6._30
2363 4637 2528 4710 (ergo
2558 4641 2795 4692 centum
2820 4639 2993 4691 annis
3010 4638 3163 4710 post)
3182 4654 3319 4695 cum
3344 4638 3658 4701 Commen-

2009 4707 2159 4764 tario
2179 4705 2243 4762 in
2262 4705 2556 4764 Psalmos.

2079 4777 2163 4851 (ις)
2196 4777 2373 4851 Multo
2403 4785 2601 4851 tamen
2635 4778 2832 4851 minus
2853 4793 3037 4851 quam
3060 4783 3198 4851 tuus
3223 4779 3658 4837 Alexandrinus

2008 4854 2067 4905 et
2093 4848 2617 4918 Cantabrigiensis,
2650 4848 2893 4904 inﬁmus
2933 4850 3225 4906 omnium.

2080 4919 2144 4991 (ι)
2180 4922 2275 4975 Est
2304 4919 2623 4991 haeciectio
2655 4920 2929 4976 codicum
2962 4937 3096 4976 cum
3133 4921 3370 4977 scholiis
3410 4927 3467 4980 et
3504 4928 3659 4980 cate-

2008 4990 2131 5059 nis,
2156 4990 2423 5064 quodex
2447 4992 2683 5064 _Mosqq.
2727 4991 2909 5047 codd.
2947 4992 3005 5064 d.
3040 4998 3095 5048 et
3118 4993 3187 5047 10
3212 4992 3475 5049 discitur.
3511 4995 3658 5049 Con-

2009 5066 2097 5117 tra
2127 5060 2261 5117 sunt
2290 5060 2559 5132 ejusdem
2592 5060 2824 5132 generis
2858 5063 3167 5118 codicesa.
3194 5080 3245 5118 e.
3267 5066 3414 5133 Ergo
3431 5064 3600 5120 facile
3624 5080 3660 5119 a

2007 5133 2208 5189 critico
2234 5133 2580 5189 auctoritate
2612 5133 2967 5204 reliquorum
2991 5134 3343 5193 excluditur.

2080 5204 2180 5274 (m)
2215 5205 2512 5276 Chrysosl.
2543 5210 2581 5258 t.
2616 5203 2820 5276 VI[,7p.
2874 5205 2974 5259 lii?
3024 5205 3087 5260 b.
3141 5204 3358 5260 habet:
3395 5208 3498 5260 Καὶ
3545 5210 3658 5258 τότε

2009 5271 2229 5330 ΛῨΓΟΥ
2278 5271 2362 5329 ΤᾹ
2418 5280 2626 5348 ΣΚΕΥΗ
2666 5271 2956 5348 diagonii”;
3016 5276 3180 5347 quod
3238 5292 3353 5348 nec
3406 5277 3660 5332 Wetste—

2010 5349 2144 5401 nius
2171 5347 2412 5402 notavit.
2447 5344 2811 5413 Ignorabant
2831 5346 3013 5401 Graeci
3033 5344 3525 5402 {'uusuetudinem
3554 5349 3656 5401 He-

291 5413 430 5490 rzeci
460 5422 793 5490 agnoscunt
822 5410 1042 5490 printer
1064 5415 1303 5490 hancget
1328 5434 1593 5476 canones
1630 5418 1891 5479 Eusebii.
1938 5410 1979 5462 Ι)
2009 5418 2279 5490 braicam
2309 5410 2589 5490 orationis
2617 5415 2697 5490 ita
2711 5416 3035 5472 vincienda:
3049 5434 3154 5490 per
3176 5417 3528 5490 particulam
3548 5422 3656 5490 λεαὶ.

248 5486 518 5546 Utraque
534 5490 625 5541 est
652 5486 712 5541 in
741 5486 945 5542 codice
971 5486 1401 5546 Alexandrino.

320 5556 389 5631 (ᾒ
421 5555 596 5631 Viros
623 5555 830 5631 doctos
857 5556 1087 5631 aliquos
1101 5558 1452 5626 afﬁrmasse,
1470 5560 1583 5627 hos
1607 5576 1901 5631 commen-

2010 5488 2572 5560 Totumhmembrum
2594 5487 2803 5560 abesse
2824 5487 3144 5560 potet-aLSi
3167 5492 3365 5544 tamen
3391 5488 3659 5560 addidis-

2013 5562 2145 5631 sent
2205 5558 2402 5629 Grmci,
2452 5561 2565 5612 τότε
2622 5555 2714 5625 δὴ,
2774 5554 2887 5612 re}:
2945 5554 3004 5612 δέ
3043 5563 3146 5616 aut
3202 5563 3315 5611 τότε
3369 5561 3471 5631 γάρ
3518 5559 3660 5615 scri-

243 5627 432 5684 tarios
471 5627 664 5684 Graece
687 5627 814 5699 jam
834 5627 1027 5686 editos
1056 5646 1209 5697 esse,
1247 5648 1428 5704 supra
1457 5627 1728 5707 notatum
1755 5636 1843 5705 est
1866 5646 1904 5688 a
2009 5629 2286 5705 plsisslent.
