4180 6452
571 332 631 383 71
2080 326 2472 380 ΡΒἉΕΡΑΤΙΟ.
3914 331 3991 381 72

642 455 804 527 Βάρος
830 455 911 525 (η)
950 463 1044 513 τῆς
1070 462 1164 524 γῆς
1205 456 1288 516 13,
1319 453 1372 516 5,
1405 451 1639 523 irrepsit
1663 467 1694 506 e
1724 465 1921 521 marg.

639 545 708 598 Τὸ
761 544 973 614 ἄριστόν
1023 561 1123 612 μου
1167 540 1247 612 (ο)
1299 541 1615 611 ἡτοίμασται
1656 543 1744 605 22,
1776 539 1856 604 4;
1913 538 1996 592 sic
2044 537 2214 594 etiam

569 630 754 686 codex
788 647 936 685 unus
961 634 1018 686 et
1047 629 1218 686 alter.
1253 627 1660 700 Interpolatori
1689 643 1769 682 sc.
1803 626 2071 698 quisquis
2095 626 2210 691 ille,

569 717 989 788 congruentius
1004 717 1202 772 visum
1233 722 1322 772 est
1351 716 1427 771 de
1454 716 1612 785 regis
1631 714 1906 787 prandio,
1942 714 2088 770 illud
2111 729 2213 786 pa-

561 811 756 862 ratum
778 822 908 862 esse
938 805 1158 873 dicere,
1185 820 1370 876 quam
1398 819 1460 859 se
1491 803 1637 858 illud
1661 818 1932 875 parasse.

632 895 742 948 Καὶ
800 893 1103 967 ἀποκριθεὶς
1156 891 1290 944 εἶπεν
1339 891 1511 952 αὐτοῖς
1537 893 1686 961 γενεὰ
1731 910 1847 945 πον.
1907 895 1984 960 16,
2036 893 2089 955 4,
2141 906 2213 946 ex

559 999 709 1039 vers.
731 987 765 1037 2
795 983 977 1054 hujus
1001 981 1228 1053 capitis.

631 1073 814 1134 Οὒτως
844 1072 938 1124 οὐκ
973 1073 1253 1144 ἰσχύσατε,
1284 1074 1396 1126 etc.
1454 1073 1540 1139 26,
1570 1069 1659 1126 40.
1702 1070 1785 1124 sic
1829 1069 1913 1140 (ρ)
1945 1076 2004 1126 et
2053 1085 2212 1126 com-

559 1162 760 1232 plures
791 1160 966 1216 codd.
994 1160 1245 1232 repetita
1268 1159 1742 1227 interrogatione,
1762 1173 1884 1229 quo
1912 1159 2106 1228 magis
2133 1159 2211 1214 ad

559 1251 821 1305 Marcum
861 1250 938 1319 (c.
979 1250 1068 1312 14,
1099 1249 1276 1319 v.37)
1317 1247 1709 1304 accederetur.

631 1337 907 1409 Γολγοθᾶν,
939 1341 1028 1401 27,
1070 1337 1157 1402 33,
1191 1337 1276 1391 sic
1332 1335 1510 1392 codd.
1568 1337 1647 1394 al.
1699 1351 1845 1392 casu
1876 1337 2210 1392 accusativo

560 1427 638 1483 ad
664 1427 922 1484 formam
961 1427 1322 1483 Graacorum.

628 1513 841 1577 Ἰδόντες
870 1520 935 1569 τὰ
984 1521 1246 1588 γενόμενα.
1294 1518 1383 1582 27,
1436 1517 1528 1579 54,
1589 1515 1773 1569 misso
1824 1517 1911 1566 τὸν
1970 1519 2204 1585 σεισμὸν,

560 1611 624 1662 ιιι
647 1605 964 1677 superﬂuo,
998 1607 1078 1660 ob
1117 1621 1300 1677 supra
1329 1604 1483 1660 dicta
1511 1619 1568 1659 v.
1608 1608 1692 1666 5t,
1727 1605 1814 1659 52.

627 1695 995 1770 Ἀγοράσομεν.
1037 1695 1216 1750 Marc.
1247 1697 1298 1759 6,
1332 1696 1419 1762 37,
1453 1692 1554 1747 sed
1611 1692 1838 1748 editum
1895 1697 2070 1756 recte,
2128 1692 2207 1748 ob

2251 453 2298 505 Α
2403 457 2501 504 Καὶ
2550 451 2816 525 ἕπληρώθη
2850 455 2880 510 ἡ
2936 459 2972 504 Γ
2974 456 3110 524 ραφή
3168 455 3196 510 ἡ
3239 453 3481 523 λέμουσα,
3532 457 3621 504 καὶ
3677 454 3810 524 μετὰ
3858 451 3984 503 ἀνό-

2327 561 2436 612 μων
2479 539 2750 612 ἐλογίσθη.
2783 543 2870 610 15,
2903 542 2992 603 28,
3046 540 3371 597 versiculus
3413 540 3509 596 hic
3540 539 3986 612 praetermissus

2323 634 2412 684 est
2439 631 2602 701 apud
2631 646 2751 685 ms.
2781 629 3178 702 Euthymium,
3201 629 3309 685 sed
3340 629 3659 701 ascriptum
3682 628 3988 685 habemus

2322 718 2396 772 ad
2453 733 2623 774 oram
2693 717 2914 773 codicis
2965 733 3003 774 a
3056 733 3232 773 manu
3283 717 3556 773 nonnihil
3630 717 3978 773 recentiore.

2323 806 2610 861 Omittunt
2624 806 2802 862 etiam
2821 806 2904 876 (υ)
2924 805 3374 866 Alexandrinus.
3396 805 3615 877 aliique
3629 804 3804 861 codd.
3831 805 3978 878 aliq.

2321 894 2619 959 Caeterum,
2654 900 3047 966 praeterquam
3077 893 3244 966 quod
3272 894 3333 949 in
3361 893 3528 949 libris
3563 893 3853 966 plerisque
3885 894 3977 950 lo-

2321 999 2459 1038 cum
2488 983 2723 1046 habeat,
2778 982 2912 1037 mihi
2943 990 3096 1038 certe
3147 982 3311 1038 haud
3366 981 3490 1038 leve
3544 981 3832 1038 indicium
3861 987 3974 1048 est,

2321 1073 2499 1127 etiam
2531 1072 2590 1127 in
2613 1071 2793 1127 Marci
2823 1070 3197 1142 autographa
3226 1071 3538 1138 exstitisse,
3565 1071 3731 1142 quod
3759 1071 3977 1128 eadem

2318 1161 2452 1232 ipsa
2481 1161 2744 1232 proferat
2771 1177 2839 1215 ex
2867 1160 3184 1215 occasione
3213 1160 3421 1222 Lucas,
3471 1159 3754 1215 assiduus
3805 1161 3976 1216 Marci

2321 1255 2598 1306 sectator.
2641 1253 2719 1304 Ne
2748 1249 2966 1313 dicam,
2996 1250 3158 1320 quod
3211 1249 3290 1304 ob
3334 1249 3492 1304 idem
3524 1249 3760 1304 initium
3789 1248 3976 1321 hujus

2321 1354 2523 1393 versus
2553 1344 2610 1394 et
2632 1355 2750 1408 seq.
2781 1337 2951 1393 facile
2979 1337 3165 1393 omitti
3192 1342 3442 1409 poterat.

2389 1427 2519 1480 Τίνα
2544 1424 2602 1478 δὲ
2632 1426 2684 1488 ἐξ
2712 1429 2852 1498 ὑμῶν
2903 1429 3043 1482 Luc.
3087 1427 3170 1490 11,
3217 1427 3302 1482 11.
3361 1425 3508 1481 Illud
3564 1425 3634 1489 ἐξ,
3670 1430 3977 1499 utcunque

2317 1517 2378 1570 in
2404 1515 2772 1588 exemplaria
2820 1514 3080 1586 plurima
3129 1513 3448 1586 irrepserit,
3495 1529 3618 1570 non
3659 1521 3743 1570 est
3792 1515 3977 1586 hujus

2318 1604 2720 1673 evangelista,
2755 1603 2858 1658 sed
2890 1602 3164 1659 Matthaei.

2385 1696 2511 1753 Τοὺς
2542 1690 2761 1754 δούλους
2791 1695 3024 1752 τούτους·
3063 1692 3147 1743 ἶνα
3173 1700 3279 1764 γνῶ
3333 1697 3441 1748 etc.
3475 1692 3700 1761 (missis
3737 1694 3962 1760 mediis,

557 1800 681 1856 seq.
707 1781 889 1856 δῶμεν·
907 1784 1298 1854 omniumque
1316 1781 1433 1837 fere
1448 1781 1740 1836 librorum
1760 1781 1840 1852 (q)
1857 1782 2193 1837 auctoritate

2319 1779 2386 1842 οἷς
2415 1778 2574 1834 ἔδωκα
2593 1786 2650 1833 τό
2668 1782 2935 1854 ἀργύριον,
2965 1780 3164 1845 credo,
3191 1785 3269 1846 ut,
3302 1780 3661 1852 superfluis),
3698 1783 3784 1847 19,
3814 1784 3902 1836 15.

556 1874 976 1929 conﬁrmatum
1003 1877 1112 1927 est.

627 1958 850 2023 Ἑδοξαν
892 1964 1176 2032 φαντασίαν
1225 1957 1371 2023 εἶναι,
1419 1963 1471 2027 6,
1503 1961 1592 2023 49,
1623 1957 1706 2012 sic
1762 1957 1953 2013 codex
2013 1957 2204 2030 Ephe-

557 2050 742 2104 sinus.
816 2048 934 2104 Sed
1015 2050 1293 2120 φάντασμα
1361 2046 1719 2118 reliquorum
1768 2045 2048 2102 codicum
2096 2050 2202 2111 est,

550 2140 607 2193 et
624 2135 890 2194 Matthaai.

623 2225 802 2281 Ἔστω
828 2226 907 2297 (r)
959 2227 1162 2278 πάντων
1212 2221 1413 2294 δοῦλος,
1455 2227 1507 2293 9,
1556 2226 1644 2292 35,
1702 2223 1788 2279 sic
1846 2222 2020 2279 codd.
2057 2223 2199 2294 aliq.

548 2314 814 2387 zEthiop.
854 2330 926 2370 ex
959 2314 1255 2371 Matthaao.

616 2401 683 2460 ‘0
739 2403 813 2475 (ε)
855 2399 914 2454 δὴ
948 2404 1067 2474 ὑμῖν
1123 2402 1274 2474 λέγω,
1338 2405 1423 2466 13,
1477 2407 1566 2467 37,
1624 2399 1966 2472 complures
2021 2399 2197 2456 codd.

545 2507 762 2562 nempe
793 2490 873 2547 ob
899 2491 1151 2562 simplex
1182 2491 1329 2546 illud
1353 2497 1677 2563 γρηγορεῖτε,
1711 2487 1876 2560 quod
1909 2488 2198 2559 sequitur,

548 2580 749 2650 potius
796 2579 991 2633 visum
1022 2579 1069 2644 ὁ,
1110 2595 1282 2650 quam
1333 2578 1369 2628 οἱ
1415 2581 1480 2632 Et
1519 2578 1604 2632 sic
1652 2577 2017 2646 interpretati
2063 2580 2203 2630 sunt

547 2665 717 2736 Vulg.
757 2666 886 2736 Syr.

618 2757 786 2828 Ἀμὴν
843 2751 902 2807 δὲ
929 2755 1060 2826 γὶιλω
1107 2757 1248 2828 ὑμῖν,
1286 2755 1369 2825 14,
1404 2759 1456 2820 9,
1516 2755 1738 2810 inserto
1783 2749 1865 2815 δὴ,
1921 2756 1979 2807 ut
2034 2753 2200 2824 apud

549 2845 904 2918 Matthaeum,
963 2848 1019 2899 et
1062 2843 1121 2899 in
1163 2843 1333 2900 libris
1413 2843 1553 2915 aliq.
1607 2845 1731 2916 γάρ,
1810 2841 2199 2897 connexionis

545 2937 818 3094 Βΐέἶῗὶι)
836 3021 1134 3092 εὐλογήσας,
1169 3021 1250 3086 14,
1267 3021 1334 3076 33
1360 3037 1374 3085 ;
1406 3019 1653 3091 praiﬁxo
1668 3023 1775 3086 καί,
1805 3033 1877 3074 ex
1906 3017 2192 3075 Matthaao.

617 3165 699 3236 (η)
724 3167 936 3220 Neuter
964 3179 1033 3219 ex
1057 3162 1203 3218 meis
1237 3159 1873 3236 Euthymii_co_dici_bus
1901 3160 1959 3236 id
1981 3160 2191 3236 habet.
2230 3147 2270 3203 C

541 3231 706 3309 napo;
729 3252 802 3309 ne
828 3235 1074 3308 quidem
1105 3236 1374 3291 Graecum
1391 3231 1515 3288 'est.
1545 3233 1710 3291 Βάθος
1742 3231 1921 3287 Graeci
1961 3231 2184 3288 dicunt.

542 3307 688 3380 Hinc
719 3307 1016 3380 ﬁaau'luoq.

635 3380 690 3458 ο)
719 3372 809 3458 'I_t_a
855 3372 1006 3458 duo_
1027 3378 1264 3458 codices
1313 3376 1705 3458 Musquenses
1751 3372 2186 3458 Chrysostomi.

677 3445 693 3519 )
733 3454 850 3507 Hoc
882 3451 941 3505 in
970 3449 1258 3521 Euthymii
1288 3445 1598 3504 codicibus
1624 3461 1746 3500 non
1771 3445 2188 3521 animadverti.

538 3515 778 3578 Sed'ita
815 3521 1042 3577 habent
1068 3515 1304 3576 codices
1347 3521 1729 3589 Mosquenses
1748 3515 2185 3589 _(_Ihryso_stomi,

537 3593 640 3649 etsi
674 3593 838 3649 aliter
870 3591 1116 3646 ediderit
1146 3586 1661 3650 Montefalconius,
1684 3591 1722 3640 t.
1748 3586 1864 3639 Vll.
1885 3601 1950 3655 p.
1978 3587 2102 3647 791,
2129 3601 2184 3640 a.

535 3665 597 3718 d.
625 3663 1106 3732 Theophylactus
1127 3662 1306 3732 etiam
1334 3673 1466 3728 pag.
1489 3657 1592 3732 164
1612 3672 1663 3710 e.
1686 3656 1806 3720 105,
1829 3671 1883 3709 a.
1900 3671 2088 3709 unum
2112 3657 2188 3709 si-

537 3749 727 3803 gnum
767 3728 1170 3802 interrogandi
1202 3728 1385 3803 habet
1415 3732 1548 3803 post
1579 3730 1724 3798 ἐμοῦ.

610 3803 692 3875 (q)
711 3805 828 3875 Hoc
851 3795 1274 3875 argu'mentum
1314 3795 1612 3875 hie'vﬂalet,’
1643 3811 1763 3851 non
1781 3800 1995 3875 autem
1999 3795 2185 3875 prius.

537 3866 835 3930 Necenim
864 3866 1094 3927 Marcus
1123 3875 1398 3926 accurate
1447 3869 1643 3922 Graece
1691 3867 1904 3922 scribit.
1954 3866 2189 3922 Poterat

535 3959 679 4014 ergo
731 3943 1067 4016 praecedere
1097 3942 1362 3995 futurum
1390 3945 1464 4016 et,
1490 3945 1623 4010 post
1645 3942 1750 4016 _xan'
1788 3938 1960 4016 sequi
1994 3933 2183 4016 δῷμεν.

537 4007 781 4080 Scilicet,
831 4019 895 4069 ut
923 4019 1012 4064 καὶ
1061 4016 1216 4067 esset
1244 4026 1352 4082 pro
1392 4007 1592 4082 Graeco
1645 4010 1746 4062 ἳνα.
1787 4007 1903 4082 Nisi
1953 4007 2186 4082 codices

534 4079 857 4151 obstarent,
907 4083 1066 4156 apud
1120 4079 1387 4156 Marcum
1429 4080 1783 4156 probassem
1799 4079 2175 4156 _&7opdaopn_.

534 4158 715 4214 Aliter
752 4161 912 4213 enim
949 4151 1148 4210 'Graeee
1178 4151 1517 4223 XenOphOn,
1545 4152 1722 4223 aliter
1768 4151 1995 4206 Marcus
2046 4152 2185 4206 seri-

532 4229 643 4285 bit.
686 4231 815 4286 Hoc
845 4226 992 4282 illud
1031 4225 1281 4279 dubium
1323 4222 1409 4278 est
1438 4223 1496 4277 in
1531 4222 1676 4278 Crisi
1703 4224 1766 4277 Ν.
1803 4223 2182 4289 Testamenti,

532 4301 705 4373 quod,
730 4299 1048 4370 scriptores
1072 4313 1178 4351 nec
1210 4295 1430 4366 ubique
1448 4294 1806 4359 hebraizant,
1832 4309 1939 4347 nec
1961 4293 2183 4364 ubique

533 4372 899 4441 graecissant.

605 4445 680 4513 (ν)
725 4444 817 4498 Sic
875 4445 1130 4526 iuterque
1173 4453 1362 4493 meus.
1412 4439 1659 4492 Serrani
1720 4440 1924 4492 tamen
1980 4435 2184 4485 πάντων
2219 4485 2262 4537 D

531 4517 757 4572 ἔσχατος
794 4516 904 4563 καί.

628 4581 680 4658 s)
705 4582 825 4658 falci
860 4581 911 4658 ἃ.
1003 4655 1010 4658 Α
1508 4648 1521 4658 ἱ
1554 4647 1586 4658 __

627 4648 670 4725 ιδ
700 4657 862 4726 Unus
895 4655 1121 4726 tantum
1150 4665 1421 4726 meorum
1449 4648 1624 4726 addit
1644 4651 1755 4702 καί.
1923 4722 1932 4726 _
2053 4716 2068 4726 .

629 4716 681 4796 v')
717 4724 933 4780 Vitium
978 4721 1193 4796 codicis
1237 4718 1630 4796 _Alexandrini
1679 4722 1940 4796 arguunt
1959 4716 2180 4796 “additi

530 4787 794 4853 canones
831 4793 1092 4849 Eusebii.
1140 4791 1337 4848 Habet
1376 4790 1533 4844 enim
1576 4790 1634 4843 in
1672 4787 1928 4842 editione
1959 4788 2180 4842 Woidii

529 4870 641 4925 ita:
677 4870 780 4922 Καὶ
823 4869 916 4918 σὺν
954 4864 1094 4932 αὐτῴ
1137 4868 1455 4935 σταυροῦσον
1487 4861 1582 4911 δύο
1611 4859 1830 4935 λῃστάς,
1879 4863 1933 4913 et
1978 4859 2060 4935 in.
2094 4859 2177 4914 in.

532 4939 725 4996 teriori
778 4928 1247 5004 margine'notat
1273 4928 1940 5004 "sectionemjninorem
1970 4928 2080 5004 aie'.
2123 4935 2179 5004 et

527 5025 826 5067 canonem
887 4998 956 5064 η’ί.
1018 5008 1293 5059 Rursus:
1353 5002 1438 5054 ἕνα
1491 5001 1544 5052 ἐκ
1614 4998 1793 5064 δεξιῶν
1851 5006 1939 5052 καί
1996 5003 2081 5053 ἕνα
2127 5000 2179 5062 ἐξ

529 5083 796 5153 εὐωνύμων
842 5073 1020 5153 αὑτοῦ.
1081 5074 1254 5153 Εμίιι
1281 5151 1286 5153 _
1313 5073 1591 5153 interiori
1633 5073 1921 5153 margine,
1959 5073 2178 5153 sectio

525 5143 724 5208 minor
755 5150 871 5211 σις’.
905 5163 1096 5203 canon
1136 5146 1192 5206 ς’.
1227 5145 1399 5215 Atqui
1431 5145 1635 5198 omnia
1679 5143 1755 5198 ab
1781 5148 1870 5193 καὶ
1913 5147 2005 5193 σὺν
2037 5143 2177 5215 αὐτῷ

527 5225 606 5280 ab
634 5224 904 5292 εὐωνύμων
949 5220 1104 5270 αὐτου
1157 5213 1441 5292 pertinent
1483 5219 1557 5270 ait
1601 5217 1924 5292 sectionem
1962 5213 2069 5292 me:
2124 5221 2177 5267 et

527 5295 600 5350 ad
615 5285 904 5351 canonem
922 5292 988 5344 α’.
1006 5285 1266 5356 Quatuor
1279 5289 1433 5342 enim
1449 5285 1832 5354 evangelista:
1845 5300 1965 5356 non
1981 5285 2174 5356 solum

525 5371 768 5422 narrant
789 5363 942 5418 duos
969 5354 1224 5416 lairones
1254 5376 1389 5414 eum
1437 5358 1666 5413 Christo
1697 5355 1856 5410 cruci
1882 5371 2012 5409 esse
2046 5354 2172 5409 affi-

524 5455 648 5502 xos,
682 5436 785 5491 sed
805 5434 1004 5500 etiam,
1025 5434 1313 5486 Christum
1336 5427 1693 5502 pependisse
1721 5425 2008 5502 medium.
2032 5426 2172 5502 Jam

525 5496 662 5566 cum
692 5508 750 5562 in
774 5506 872 5562 illo
899 5496 1108 5561 Codice
1146 5496 1355 5557 versus
1382 5496 1472 5564 29,
1506 5499 1589 5554 sic
1620 5497 1804 5554 sectio
1837 5496 1960 5558 σιξ.
1995 5501 2057 5552 ut
2091 5498 2172 5552 ibi

523 5581 690 5636 etiam
755 5582 1013 5638 notatur.
1072 5570 1514 5646 culpa_scriba3
1562 5569 1792 5646 excidit
1827 5569 2008 5646 sectio
2059 5567 2170 5646 σιςς.

520 5668 677 5725 quae,
709 5649 873 5723 quod
903 5665 936 5704 a
965 5650 1157 5704 Marco
1172 5639 1236 5701 et
1260 5644 1418 5698 Luca
1445 5645 1680 5697 tantum
1702 5639 1971 5706 refertur,
1998 5639 2172 5710 perti-

2384 1869 2503 1925 Ἐάν
2555 1890 2635 1932 τις
2693 1867 2914 1941 ἀδελφὸς
2988 1869 3245 1941 ἀποθάνῃ,
3301 1870 3391 1938 20,
3443 1869 3528 1922 28.
3587 1872 3650 1925 Et
3702 1872 3780 1926 ita
3837 1872 3968 1927 cod.

2311 1975 2471 2014 unus
2504 1963 2560 2014 et
2581 1959 2743 2014 alter.
2779 1958 3008 2030 Reliqui
3053 1974 3264 2014 omnes
3293 1963 3349 2012 et
3387 1956 3554 2013 editt.
3591 1978 3752 2020 τινος·
3798 1965 3855 2016 et
3884 1961 3967 2016 sic

2313 2047 2764 2120 Marcus,quem
2804 2047 2972 2119 sequi
3000 2052 3163 2103 amat
3191 2047 3284 2102 hic
3303 2046 3682 2117 evangelista.

2384 2137 2493 2190 Καὶ
2523 2137 2796 2210 παρεκάλει
2828 2138 3003 2190 αὐτόν.
3051 2137 3105 2202 8,
3139 2139 3224 2191 32.
3262 2135 3680 2192 Dmmoniacus
3738 2152 3821 2192 se.
3882 2153 3955 2193 ex

2308 2241 2471 2282 vers.
2512 2227 2779 2298 proxime
2821 2224 3211 2297 praecedente.

2379 2316 2437 2372 Ὀ
2505 2312 2563 2367 δὲ
2620 2314 2822 2375 Ἰησους
2890 2310 3024 2365 εἶπον
3077 2312 3236 2384 αὐτῇ.
3294 2314 3348 2378 8,
3403 2315 3492 2380 48,
3548 2313 3735 2372 Codd.
3818 2313 3957 2387 aliq.

2309 2403 2485 2459 Goth.
2527 2403 2653 2474 Syr,
2695 2401 2899 2462 Ἰησοῦς
2938 2401 3188 2457 Μοιιὶιᾱιι
3218 2405 3324 2457 est.

2379 2491 2575 2562 Ὀχλοι
2637 2490 2936 2550 ἐπεζήτουν.
3015 2490 3070 2553 4,
3126 2490 3216 2545 42.
3299 2489 3527 2546 Plurimi
3611 2493 3699 2562 (ε)
3783 2491 3960 2548 codd.

2308 2579 2680 2651 explicatius.

2377 2670 2446 2722 Τὸ
2500 2670 2636 2728 ἔθνος
2711 2670 2875 2738 ἡμῶν.
2926 2670 3014 2731 23,
3065 2672 3116 2722 2.
3187 2665 3425 2722 Plurimi
3481 2666 3663 2723 codd.
3730 2667 3960 2739 adjecto

2307 2759 2470 2828 ἡμῶν,
2511 2755 2922 2827 explicationis
2967 2755 3173 2824 gratia.

2375 2850 2556 2918 Μαρία
2619 2844 2666 2903 if
2714 2843 2980 2899 Ἰακώϐου.
3039 2847 3127 2908 24,
3193 2843 3281 2900 10.
3366 2843 3705 2916 Complures
3778 2846 3957 2903 codd.

2304 2933 2678 3006 explicatius.

2372 3019 2656 3084 ’Υπέδιιξεν
2695 3021 2770 3092 (y)
2811 3021 2900 3076 24.
2926 3022 3016 3076 40.
3051 3019 3380 3090 Singularis
3407 3020 3596 3077 lectio.

2302 3168 2401 3219 net
2421 3163 2497 3218 ad
2520 3179 2815 3218 canonem
2842 3162 2910 3220 η’.
2942 3162 3404 3232 Reprehenditur
3427 3180 3590 3232 ergo,
3611 3164 3870 3221 scribam
3891 3167 3948 3222 il-

2303 3235 2427 3290 lum
2459 3251 2494 3290 a
2524 3240 2612 3286 καί
2643 3234 2720 3289 ad
2752 3239 2839 3284 καί
2869 3234 3175 3289 defecisse.
3218 3233 3514 3290 Addamus
3554 3236 3649 3290 hic
3675 3236 3804 3292 illos
3841 3255 3954 3293 nu-

2303 3322 2500 3361 meros
2538 3323 2676 3362 cum
2704 3306 3063 3360 correctione
3086 3321 3097 3358 :

2622 3377 2759 3430 Alex
2772 3417 2784 3430 .
3075 3375 3388 3432 Correctio.

2624 3445 2728 3498 σιδ’
2749 3493 2759 3502 ,
2917 3475 2980 3484 -
3163 3442 3294 3501 σιδ’.

2659 3519 2699 3569 α’
2712 3560 2722 3570 .
2910 3549 2976 3556 —
3228 3516 3293 3572 α’.

2625 3588 2713 3640 σις’
2729 3631 2741 3642 .
2905 3619 2971 3628 -—
3155 3587 3268 3641 σις’.

2620 3659 2683 3716 η’.
2715 3660 2728 3674 ⁸
2904 3691 2969 3700 -~
3187 3657 3252 3712 α’.

2621 3729 2751 3790 σίς’.
2910 3760 2974 3768 ——
3159 3730 3278 3790 σις’.

2618 3801 2670 3860 ς’.
2704 3801 2718 3815 ³
2907 3831 2974 3841 -
3154 3799 3218 3857 η’.
3254 3801 3268 3815 ’

2621 3871 2725 3931 σις’
2735 3913 2747 3926 .
2914 3902 2981 3911 -
3164 3871 3286 3933 σίζ’.

2641 3942 2688 4015 β’
2698 3985 2718 4024 ,1
2904 3973 2971 3981 -
3215 3941 3266 4024 ς’,

2616 4034 2740 4071 σιη.
2907 4043 2972 4052 —
3156 4033 3279 4069 σιη.

2617 4083 2738 4210 σῗθῐ.
2896 4114 2966 4194 :
3180 4083 3278 4206 ἓιδ
3287 4194 3302 4209 .

2657 4225 2764 4297 .53
2859 4256 3070 4297 .-,_
3181 4225 3251 4297 β’-

2294 4296 2516 4370 Defecit
2541 4277 2691 4370 ergo
2714 4277 2792 4370 ab
2823 4294 2886 4348 α’.
2919 4295 3092 4370 adri'.
3119 4277 3190 4350 ac
3218 4277 3290 4351 sit
3319 4296 3625 4370 deinceps.
3667 4301 3817 4369 Ergo
3847 4317 3945 4357 co-

2293 4368 2408 4422 dex
2432 4367 2886 4436 Alexandrinus,
2915 4367 3018 4436 qui
3045 4368 3204 4422 hunc
3224 4383 3457 4423 versum
3492 4367 3712 4435 omisit,
3741 4367 3946 4426 defen-

2292 4439 2377 4492 dit
2410 4438 2799 4504 integritatem
2838 4435 3020 4506 huj’us
3053 4454 3281 4493 versus.
3326 4439 3473 4494 illud
3503 4446 3699 4496 autem
3740 4443 3944 4498 intelli-

2293 4511 2467 4584 gitur,
2502 4509 2759 4584 scribam
2793 4509 3016 4584 codicis
3047 4510 3423 4584 Alexandrini
3467 4512 3559 4566 hic
3589 4512 3728 4568 data
3759 4529 3942 4584 opera

2291 4579 2588 4635 fefellisse.
2629 4583 2775 4635 Cum
2818 4579 2973 4634 enim
3020 4581 3203 4635 semel
3255 4583 3555 4637 omisisset
3588 4579 3816 4638 versum
3849 4587 3936 4648 28,

2289 4651 2451 4726 hunc
2481 4665 2743 4726 errorem
2790 4656 2984 4705 autem
3016 4651 3197 4706 nollet
3238 4653 3550 4726 corrigere,
3579 4659 3839 4726 corrupit
3868 4657 3939 4711 de

2290 4721 2578 4792 industria
2603 4737 2886 4786 canones,
2904 4728 3133 4777 servato
3157 4728 3353 4778 tamen
3373 4721 3695 4779 sectionum
3711 4721 3933 4792 ordine,

2289 4808 2363 4847 ne
2407 4791 2670 4846 defectus
2704 4798 3038 4863 appareret.
3073 4794 3190 4847 Cur
3235 4800 3433 4849 autem
3469 4796 3645 4851 nollet
3673 4791 3937 4853 errorem

2289 4879 2467 4937 suum
2497 4863 2788 4937 corrigere
2822 4863 2911 4937 vel
2943 4864 3267 4937 pertinacia
3296 4865 3575 4930 hominis,
3605 4867 3691 4922 vel
3744 4869 3939 4937 negli-

2288 4936 2507 5004 gentia,
2558 4933 2648 4989 vel
2702 4934 2848 4988 lucri
2898 4933 3158 4990 studium
3211 4936 3269 4991 in
3324 4953 3506 4992 causa
3554 4938 3680 4995 fuit.
3745 4933 3937 4996 Credo

2287 5009 2658 5078 postremum
2698 5006 2755 5059 in
2789 5004 2965 5078 culpa
2993 5005 3197 5072 fuisse,
3231 5022 3305 5062 ne
3331 5008 3605 5078 perderet
3631 5009 3933 5077 lucellum,

2287 5075 2334 5129 si
2366 5075 2630 5130 defectus
2653 5081 2752 5132 aut
2781 5075 3256 5132 additamentum
3281 5075 3349 5132 iii
3364 5079 3551 5135 fronte
3577 5081 3750 5136 autin
3774 5075 3938 5137 calce

2286 5147 2406 5200 folii
2439 5151 2775 5217 appareret.
2819 5146 2973 5200 Alias
2996 5150 3153 5202 enim
3197 5150 3514 5204 necessitas
3546 5151 3708 5205 nulla
3728 5151 3939 5208 fuisset

2286 5218 2708 5293 corrumpendi
2741 5223 2910 5272 notas
2956 5236 3271 5293 canonum.
3311 5223 3525 5276 Sancta
3554 5223 3761 5277 Thecla
3793 5239 3936 5293 ergo

2285 5295 2452 5343 aatate
2484 5288 2889 5358 apostolorum
2917 5290 3217 5345 scribebat
3245 5293 3476 5346 codices
3506 5295 3772 5348 mercede
3791 5288 3936 5350 con-

2283 5361 2477 5435 ducta,
2511 5359 2839 5435 admodum
2871 5361 3209 5431 perfidiose.
3249 5363 3407 5427 Vide,
3438 5380 3571 5435 quae
3605 5365 3754 5419 infra
3788 5366 3932 5432 dixi,

2285 5431 2380 5484 ad.
2421 5432 2551 5484 Luc.
2582 5446 2746 5495 χχιιι,
2781 5431 2865 5483 17.

2355 5503 2438 5576 (ξιξ)
2465 5500 2717 5576 Ob_eam
2746 5517 2990 5557 causam
3015 5503 3288 5574 probavi,
3318 5505 3450 5571 etsi,
3487 5511 3548 5561 ut
3579 5506 3932 5576 elegantius,

2281 5570 2692 5644 deGraecitate
2736 5570 3084 5644 suspectum
3116 5581 3262 5631 erat.

2353 5643 2436 5711 (ῃ)
2465 5645 2549 5699 lta
2571 5659 2723 5698 unus
2739 5643 3029 5700 meOrum.
3050 5646 3197 5712 Alte,
3212 5647 3934 5717 vulgatum.Vocabulum
