4180 6456
219 377 288 431 73
1734 366 2108 424 parumne
3554 374 3623 430 7!.

291 503 358 556 Τί
388 500 504 573 ἐμοὶ
531 503 621 551 καὶ
645 498 719 571 (2.)
748 499 832 553 σύ.
868 498 1068 553 10.4mm.
1100 500 1152 563 2,
1183 497 1237 550 4.
1271 494 1456 553 Codd.
1491 491 1703 550 multi:
1738 505 1849 546 mu'

2051 494 2160 544 Οὐκ
2232 493 2384 554 ἦλθον
2449 498 2666 551 καλεσαι
2734 495 2990 563 δικαίους,
3053 498 3183 550 ἀλλὰ
3259 496 3618 570 ἁμαρτωλούς.

220 592 346 645 tato
384 608 467 641 σοι
504 587 565 643 in
593 590 678 654 σύ,
716 585 795 642 ab
820 585 894 640 iis
920 585 1015 657 qui
1040 584 1394 655 ignorabant
1418 597 1661 640 sensum
1685 580 1865 653 phra-

221 693 357 734 seos
384 676 540 749 apud
566 676 912 747 interpretes
943 674 1088 729 LXX
1115 672 1456 730 tritissima.

289 768 396 822 Καὶ
428 763 727 825 ἐϐάπτιζον.
767 764 819 828 3,
858 762 948 818 22.
993 761 1242 828 Plurale,
1274 761 1354 818 Ol)
1396 761 1453 816 id
1495 758 1661 832 quod
1709 756 1866 815 infra

217 855 461 923 dictum,
503 852 707 913 Ἰησοῦς
757 852 916 913 αὐτὸς
965 852 1060 904 οὐκ
1098 849 1389 916 ἐϐάπτιζεν,
1436 848 1528 901 ἀλλ
1553 848 1564 869 ’
1604 850 1655 899 οἱ
1686 848 1863 919 μαθη-

212 947 300 995 ταὶ
330 942 508 1008 αὐτοῦ,
541 957 678 1012 cap.
708 940 764 1003 4,
794 956 854 995 v.
888 940 940 995 2.

283 1032 533 1089 Μαθηταὶ
573 1030 754 1083 αὐτοῦ.
807 1029 858 1094 4,
909 1029 995 1083 31.
1048 1027 1205 1082 Libri
1249 1026 1394 1098 aliq.
1444 1025 1601 1077 αὐτοῦ
1640 1022 1862 1079 scriba-

209 1135 347 1175 rum
376 1124 486 1176 est.

284 1207 462 1277 Πλανᾴ
502 1210 591 1259 τὸν
643 1211 860 1273 κόσμον.
909 1211 963 1272 7,
1013 1206 1099 1260 12.
1161 1202 1538 1260 Reclamante
1585 1200 1859 1257 codicum

210 1297 485 1352 omnium
513 1295 656 1351 ﬁde.

284 1384 512 1459 Ὁρθρου
556 1383 708 1436 πάλιν
758 1382 947 1456 βαθέος
1001 1380 1150 1441 ἦλθεν
1198 1383 1224 1433 ὁ
1255 1382 1479 1441 Ἰησοῦς.
1536 1382 1594 1435 8.
1652 1379 1701 1433 1.
1751 1378 1857 1433 Ex-

212 1471 455 1544 plicatio
485 1489 552 1528 ex
582 1473 658 1544 (a)
690 1474 824 1537 Luc,
854 1472 942 1538 24,
982 1472 1009 1525 1
1039 1488 1054 1537 ;
1087 1470 1171 1526 sic
1196 1468 1365 1526 multi
1394 1467 1570 1525 codd.

284 1557 446 1615 Εἶπον
491 1561 652 1631 αὐτῷ,
690 1559 1037 1634 πειράζοντες.
1078 1562 1132 1624 8,
1180 1561 1235 1625 4,
1276 1557 1408 1613 libri
1450 1555 1647 1611 multi.
1686 1553 1857 1610 Com-

208 1649 542 1705 mentarius
571 1654 677 1714 est,
704 1664 822 1705 non
847 1653 1058 1713 textus,
1087 1662 1161 1703 ex
1189 1661 1340 1702 vers.
1373 1647 1427 1700 6.

277 1736 343 1790 Τί
379 1736 539 1806 λέγεις
584 1742 701 1810 περὶ
746 1736 943 1802 aii-riis;
974 1738 1028 1803 8,
1060 1740 1113 1801 5,
1142 1733 1320 1791 codd.
1354 1731 1620 1806 plurimi,
1647 1730 1855 1788 addito

205 1829 323 1898 περὶ
351 1824 482 1883 αὐτῆ
493 1846 535 1891 ς,
562 1824 974 1896 explicationis
999 1822 1215 1894 gratia.

276 1912 592 1983 ’Ἀναϐλέψας
624 1911 758 1965 εἶπεν
785 1912 985 1974 αὐτοῖς.
1016 1916 1068 1977 8,
1108 1917 1161 1967 7.
1196 1909 1380 1975 Codd,
1409 1908 1487 1966 al.
1516 1908 1751 1965 clarius.

278 1998 430 2055 Εἷὸεν
457 2001 620 2059 αὐτὴν
650 2006 741 2053 καὶ
777 1999 906 2053 εἶπε.
948 2002 1124 2063 Γύναι,
1156 2002 1265 2054 etc.
1308 2001 1360 2053 8.
1401 2002 1485 2053 10.
1518 1996 1677 2052 Libri
1708 1995 1848 2067 aliq.

201 2089 575 2161 explicatius.

273 2177 376 2230 ’Ἦν
408 2181 617 2235 ἤκουσα
644 2179 790 2251 παρὰ
812 2184 905 2229 τοῦ
931 2179 1146 2250 Παιρός.
1177 2173 1231 2240 8,
1255 2174 1343 2230 40.
1375 2173 1649 2246 Euthym.
1685 2173 1855 2244 isque

202 2265 372 2320 solus
395 2264 495 2336 (b).

277 2353 358 2410 Οὐ
391 2352 564 2414 καλῶς
593 2352 848 2425 ἐλέγομεν.
887 2351 941 2417 8,
984 2351 1071 2407 48.
1115 2351 1301 2408 Codd.
1330 2350 1477 2423 aliq.
1518 2348 1850 2422 explicatio,

198 2458 275 2498 ex
313 2456 449 2513 cap.
482 2447 534 2506 7,
567 2457 623 2497 v.
656 2442 745 2505 20,
778 2441 957 2511 hujus
991 2439 1315 2511 Evangelii.

275 2533 380 2586 Καὶ
410 2536 506 2589 τὴν
534 2527 761 2603 ἀδελφὴν
790 2529 951 2590 αὐτῆς
980 2533 1205 2602 Μαρίαν,
1235 2529 1324 2594 11,
1356 2533 1405 2585 5.
1447 2527 1540 2585 Sic
1565 2526 1737 2596 Vulg.
1763 2524 1849 2597 (in

195 2619 387 2691 editi.)
418 2621 546 2691 Syr.
581 2618 789 2675 addito
818 2621 1044 2691 Μαρίαν,
1065 2633 1139 2673 ex
1164 2632 1315 2673 vers.
1341 2618 1400 2674 1.

268 2709 491 2770 Ἐκεῖνος
521 2710 598 2777 (ο)
634 2707 816 2768 οὕτως.
849 2707 937 2771 13,
965 2710 1058 2761 25.
1104 2705 1289 2763 Codd.
1318 2704 1675 2777 complures.
1702 2702 1847 2759 Sim-

195 2796 335 2868 plex
363 2801 569 2860 ἐκεῖνος,
599 2795 953 2865 genuinum.
991 2794 1129 2865 Ejus
1156 2793 1288 2850 loco
1315 2794 1632 2849 suffectum
1657 2794 1846 2848 estex

200 2898 393 2953 marg.
421 2885 481 2938 in
507 2882 681 2939 codd.
711 2882 847 2955 aliq.
882 2882 1053 2947 οὗτος,
1085 2898 1196 2938 ceu
1222 2881 1420 2952 magis
1443 2880 1757 2937 idoneum:
1782 2880 1846 2935 in

204 2970 337 3026 aliis
366 2970 704 3042 adjunctum
734 2975 861 3027 erat
888 2977 959 3022 τῶ
1003 2974 1211 3035 ἐκεῖνος,
1244 2969 1307 3025 in
1337 2968 1468 3025 aliis
1516 2967 1596 3024 ad
1624 2968 1847 3023 evitan-

202 3059 350 3114 dam
381 3059 736 3130 ταυτολογίαν,
762 3061 1062 3115 mutatum
1090 3057 1371 3114 videmus
1402 3053 1547 3118 οὗτος
1574 3056 1638 3112 in
1662 3064 1842 3119 οὕτως,

200 3152 271 3203 ut
294 3148 388 3203 hic
413 3148 574 3219 apud
606 3148 1010 3220 Euthymium.

276 3238 519 3308 ’Ἢσγαγον
551 3237 622 3298 εἰς
666 3240 726 3288 τὸ
772 3241 1109 3308 πραιτώριον.
1152 3237 1241 3300 19,
1297 3239 1381 3291 16.
1414 3234 1508 3290 Sic
1550 3234 1720 3289 codd.
1765 3233 1846 3290 al.

198 3325 540 3397 explicatio,
573 3341 647 3380 ex
692 3339 827 3395 cap.
862 3324 1128 3395 proxime
1166 3322 1554 3395 praecedentis
1577 3338 1636 3377 v.
1667 3322 1754 3376 28.
1786 3324 1852 3378 Et

196 3415 274 3470 de
302 3414 452 3470 locis
483 3412 854 3484 interpolatis
883 3412 1184 3467 hactenus.

271 3504 374 3559 Ex
410 3501 701 3572 genuinis,
759 3515 887 3571 quae
912 3500 988 3558 ab
1025 3502 1184 3556 edin.
1226 3499 1547 3569 differunt,
1576 3500 1850 3555 hactenus

201 3591 365 3648 haud
386 3593 734 3657 memoratis,
773 3590 1085 3646 nonnullas
1107 3590 1203 3646 hic
1228 3595 1429 3654 restat,
1453 3590 1848 3660 proferamus.

270 3679 444 3735 Καλὸν
485 3685 691 3753 σπέρμα
719 3681 959 3751 ἔσπειρας
986 3682 1035 3732 ὲν
1062 3679 1139 3750 (Δ)
1167 3687 1238 3749 τῷ
1268 3681 1440 3753 ἀγρῷ.
1496 3680 1714 3734 ΜΑΤἸἩ.
1763 3680 1847 3743 13,

196 3772 293 3826 27.
330 3769 678 3841 Complures
707 3768 863 3836 libri,
908 3773 974 3824 ut
998 3772 1056 3824 et
1085 3767 1400 3840 Epiphanii
1436 3767 1641 3823 codex.
1673 3766 1851 3825 Parti-

195 3860 331 3914 cula
356 3867 453 3928 σῷ,
481 3858 763 3929 injectitia
790 3857 1043 3914 videtur.

274 3948 600 4020 Ἀποκριθεὶς
648 3943 759 3999 δὲό
818 3951 1029 4020 Πέτρος.
1082 3947 1173 4012 14,
1226 3949 1313 4001 28.
1371 3944 1618 4002 Plurimi
1666 3944 1842 4001 codd.

195 4044 255 4094 et
282 4038 451 4107 Vulg.
486 4036 749 4093 medium
774 4036 937 4107 αὐτῷ,
960 4035 1117 4107 quod
1138 4036 1196 4090 in
1218 4035 1462 4101 nostris,
1494 4034 1846 4106 injectitium

194 4134 309 4183 est.

266 4218 343 4271 Τά
374 4216 447 4287 (ρ)
482 4219 752 4286 γενόμενα.
793 4216 879 4277 18,
914 4217 1002 4269 31.
1034 4211 1221 4267 Codd.
1271 4212 1408 4284 aliq.
1456 4219 1510 4266 et
1544 4211 1711 4281 Vulg.
1744 4211 1843 4283 (Γ),

193 4305 285 4361 uti
311 4304 567 4368 videtur;
602 4302 906 4375 quomodo
933 4300 1253 4372 legendum
1281 4316 1406 4357 esse
1434 4304 1637 4357 monet
1660 4303 1846 4357 Lucas

193 4394 380 4463 Brug,
430 4398 734 4449 mutarunt
785 4390 969 4462 aliqui
1020 4388 1101 4446 ad
1148 4405 1340 4459 marg.
1382 4389 1653 4462 adeoque
1701 4389 1845 4444 etin

190 4486 365 4539 textu
395 4482 604 4537 scribae
629 4480 687 4536 in
716 4486 978 4551 γενόμενα,
1012 4495 1119 4535 ceu
1148 4478 1550 4535 commodius.

191 4654 451 4724 ἐπέδειξε,
482 4656 645 4729 quod
666 4656 829 4729 haud
858 4671 995 4729 raro
1005 4655 1310 4729 jactantiae
1330 4655 1639 4729 notionem
1660 4654 1849 4712 habe-

188 4732 325 4795 bat,
344 4725 650 4784 nona—ullis
676 4727 988 4784 offensioni
1006 4725 1139 4783 fuit.
1171 4730 1322 4795 Ergo
1343 4725 1442 4782 alii
1461 4742 1531 4782 ex
1550 4729 1721 4783 Joan.
1742 4743 1843 4793 xx,

188 4804 290 4870 20,
321 4797 505 4865 ἔδειξε,
536 4799 918 4870 subjecerunt
948 4816 965 4867 ;
994 4798 1091 4853 hic
1129 4796 1367 4860 ὑπέδειξε
1395 4796 1673 4870 subjecit.
1712 4799 1844 4854 Cor-

189 4869 537 4942 ruptionem
586 4869 780 4941 prodit
809 4870 1183 4942 Mosquensis
1223 4871 1262 4925 f.
1312 4869 1419 4941 qui
1464 4884 1673 4925 rasura
1715 4886 1847 4925 sus-

191 4940 330 5000 tulit
359 4940 653 5013 syllabam
681 4960 762 4995 επ.

271 5013 350 5083 (z)
381 5010 483 5069 Mei
513 5016 751 5067 servant
783 5017 888 5065 σοὶ.
922 5014 1037 5067 Nec
1078 5010 1245 5067 aliter
1288 5014 1381 5067 est
1407 5011 1468 5066 in
1497 5012 1848 5083 interpreta-

187 5086 378 5142 tione.

269 5155 349 5226 (a)
391 5152 703 5226 Quomodo
728 5152 1069 5226 MillioLuc.
1096 5170 1257 5226 xxw,
1284 5154 1336 5226 1.
1363 5152 1467 5209 Hic
1494 5152 1554 5208 in
1584 5158 1848 5226 mentem

185 5223 391 5284 venire
420 5223 693 5297 potuerit,
725 5240 847 5297 non
881 5224 1073 5281 video.
1103 5224 1290 5297 Nimis
1314 5224 1492 5294 longe
1516 5225 1846 5297 repetitum.

268 5297 350 5370 (b)
392 5295 705 5370 lmo__cum
740 5296 989 5366 Origene
1017 5301 1073 5352 et
1104 5295 1553 5367 Chrysostomo,
1584 5295 1651 5353 ut
1675 5295 1849 5352 docui

186 5372 256 5427 in
282 5367 437 5424 'mea
467 5367 746 5423 editione.

266 5441 321 5511 ο)
340 5437 775 5511 Eodemmodo
804 5441 961 5499 οὕτως
986 5438 1366 5511 excluserunt
1393 5436 1684 5511 nonnulli,
1704 5453 1845 5511 cap.

186 5514 245 5575 4,
267 5507 425 5567 vers.
454 5508 632 5566 6.Alii
651 5510 936 5567 dederunt
964 5507 1127 5571 οὗτος.
1156 5510 1247 5566 Sic
1268 5510 1403 5567 vide
1431 5507 1847 5565 Werts.Birch.

265 5583 346 5653 (d)
398 5581 605 5638 Servat
653 5585 898 5652 uterque
946 5597 1117 5637 meus
1168 5591 1261 5650 σῷ.
1299 5581 1412 5637 Sed
1458 5589 1530 5651 σῷ
1572 5582 1850 5653 omittunt

190 5652 427 5712 codiCes
462 5656 838 5726 Mosquenses
864 5668 1000 5708 cum
1024 5653 1289 5718 scholus,
1313 5654 1373 5708 d.
1398 5653 1484 5718 10,
1509 5652 1849 5724 cujusmodi

414 5742 637 5797 Parnm.
650 5785 662 5798 .
710 5742 798 5796 GR
810 5784 823 5797 .
871 5740 1104 5797 CXXIX
1116 5788 1129 5800 .

1976 582 2153 637 MARC.
2187 587 2238 648 2,
2285 590 2370 641 17.
2398 586 2579 642 Codd.
2611 587 2797 659 aliqui
2853 591 2910 643 et
2932 586 3105 657 Vulg.
3160 587 3285 657 Syr.
3317 585 3403 657 (g)
3447 586 3616 642 Goth.

1976 668 2141 741 Copt.
2171 673 2434 746 IEthiOp.
2470 675 2637 731 Lucae
2670 679 2775 740 est,
2807 675 2974 748 quod
3000 674 3271 747 sequitur
3294 674 3355 729 in
3379 675 3618 740 nostris,

1974 776 2043 818 εις
2085 764 2377 830 μετάνοιαν,
2422 767 2479 817 et
2527 762 2775 819 accessit
2803 768 2916 819 tam
2962 762 3126 834 apud
3169 762 3331 818 hunc
3370 777 3621 832 evange-

1972 844 2192 909 listam.
2233 865 2381 921 qum
2411 849 2769 915 Matthmum,
2803 866 2875 906 ex
2906 850 3307 907 Lectionariis.

2040 943 2225 1015 Ὁμοία
2250 946 2409 1019 αὐτῇ.
2443 951 2525 1010 12,
2558 948 2651 1004 31.
2692 947 2786 1002 Sic
2813 947 2946 1003 libri
2968 947 3139 1019 probi
3172 947 3321 1019 aliq.
3355 952 3413 1002 et
3440 948 3607 1020 Vulg.

1973 1033 2100 1103 Syr.
2130 1034 2395 1106 rEthiop.

2039 1131 2122 1192 Ἐξ
2147 1132 2434 1203 εὐωνύμων.
2472 1134 2555 1199 10,
2599 1136 2688 1188 49.
2723 1133 3073 1205 Complures
3116 1132 3298 1188 codd.
3340 1137 3397 1189 et
3445 1133 3611 1202 Vulg.

1967 1217 2129 1287 goth.
2158 1219 2384 1291 absque
2408 1220 2613 1276 addito
2633 1240 2754 1291 μου,
2778 1220 2933 1291 quod
2951 1221 3203 1277 accessit
3219 1236 3290 1275 ex
3318 1220 3609 1276 Matthmo.

2038 1315 2104 1372 ’Ἡ
2136 1318 2269 1388 (pro
2304 1333 2428 1389 quo
2470 1318 2532 1374 in
2576 1319 2735 1376 Edd.
2785 1325 2894 1387 καὶ,
2941 1335 3013 1374 ex
3065 1318 3289 1389 Matth.)
3332 1327 3425 1379 τῆς
3472 1320 3614 1392 ὠρας

1967 1407 2054 1470 13,
2086 1405 2173 1469 32,
2206 1408 2415 1475 Magna
2442 1405 2534 1461 vis
2566 1406 2863 1471 codicum,
2904 1411 2962 1463 et
2996 1406 3159 1477 Vulg.

2034 1501 2395 1577 Ἐστρωμὶνον·
2426 1509 2529 1556 ἐκεῖ
2558 1502 2886 1575 ἑτοιμάσατε.
2925 1507 3008 1568 14,
3052 1506 3139 1558 lii.
3173 1505 3341 1562 Alex.
3391 1509 3449 1560 et
3480 1520 3610 1575 pro-

1961 1589 2223 1646 batiores
2274 1590 2353 1647 al.
2411 1596 2469 1647 et
2532 1592 2769 1664 quidem
2834 1591 3136 1663 exemplar
3188 1592 3438 1661 Vulgati.
3492 1593 3611 1649 Nec

1963 1677 2131 1735 aliter
2157 1679 2367 1744 Lucas,
2395 1681 2565 1736 Marci
2597 1685 2873 1738 sectator.
2906 1680 3163 1737 Medium
3191 1682 3412 1751 ἕτοιμον,
3443 1681 3611 1754 quod

1960 1767 2024 1823 in
2052 1767 2287 1833 nostris,
2333 1767 2646 1840 explicatio
2691 1774 2817 1826 erat
2852 1777 2945 1821 τοῦ
2976 1774 3311 1841 ἐστρωμένον,
3358 1769 3419 1825 in
3457 1785 3612 1826 mar-

1888 1832 1934 1888 B
1963 1856 2102 1926 gine
2130 1856 2339 1928 posita,
2370 1832 2620 1930 indeque
2666 1857 2954 1915 translata
3008 1874 3045 1915 a
3066 1832 3303 1915 iscriba
3324 1859 3611 1931 quopiam

1961 1946 2025 2001 in
2054 1944 2316 2001 mediam
2344 1947 2640 2018 paginam.

2037 2047 2138 2096 Καὶ
2184 2048 2255 2114 μὴ
2290 2042 2516 2115 εὑρόντες
2542 2049 2699 2108 ποίας
2733 2049 3092 2117 εἰσενέγκωσιν
3132 2046 3308 2098 αὐτόν.
3360 2047 3495 2102 LUC.
3554 2052 3605 2113 5,

1964 2133 2056 2187 19.
2091 2133 2179 2189 Ita
2205 2147 2237 2186 e
2264 2132 2681 2204 Stephanianis
2707 2134 2967 2206 plurimi,
2990 2134 3242 2207 aliisque
3264 2133 3601 2206 probatiori-

1962 2219 2095 2285 bus,
2127 2218 2289 2275 Alex.
2323 2221 2483 2276 Cant.
2517 2217 2612 2273 διὰ
2639 2226 2811 2288 ποίας,
2846 2222 3006 2294 quod
3046 2222 3107 2278 in
3149 2221 3380 2278 excusis
3408 2221 3610 2293 pleris-

1963 2323 2095 2380 que,
2125 2310 2213 2364 est
2241 2308 2508 2380 genuinas
2536 2307 2808 2366 lectionis
2833 2309 3165 2381 explicatio.

2034 2407 2211 2458 Πάντα
2233 2407 2300 2459 τὰ
2313 2409 2608 2478 ’γεννήματα
2628 2426 2748 2479 μου.
2774 2407 2860 2472 12,
2885 2408 2972 2463 18.
3005 2408 3092 2464 ita
3112 2406 3457 2480 simpliciter
3479 2407 3606 2464 Lin.

1960 2498 2018 2551 et
2054 2493 2224 2551 Cant.
2282 2498 2341 2551 et
2390 2494 2564 2565 Vulg.
2618 2496 2802 2561 initio,
2852 2500 2918 2552 ut
2970 2496 3222 2553 videtur.
3272 2496 3609 2577 Sequentia,

1958 2584 2042 2656 (b)
2063 2588 2153 2636 καὶ
2180 2586 2247 2636 τὰ
2275 2585 2450 2656 ἀγαθά
2480 2604 2602 2655 μου,
2631 2584 2897 2657 ascripta
2928 2585 3190 2657 primum
3219 2585 3299 2643 ad
3338 2602 3534 2656 marg.
3575 2602 3608 2642 e

1955 2687 2129 2729 versu
2156 2672 2428 2745 proxime
2457 2677 2761 2745 sequente,
2794 2672 3083 2746 irrepsere
3110 2689 3253 2730 mox
3282 2674 3341 2729 in
3372 2679 3609 2733 contex-

1955 2764 2105 2830 tum,
2136 2765 2193 2818 et
2219 2761 2457 2818 codices
2483 2761 2611 2833 jam
2642 2761 2971 2819 universim
3011 2768 3328 2835 occupant.

2028 2859 2150 2911 ’Υπὸ
2203 2861 2500 2932 πνευμάτων
2562 2861 2868 2933 ἀκαθάρτων
2934 2859 3319 2934 ἐθιραπεύονφο.
3376 2866 3428 2925 6,
3501 2862 3598 2918 88.

1955 2947 2117 3003 Alex.
2150 2951 2208 3004 et
2232 2949 2402 3006 code.
2429 2948 2506 3004 al.
2540 2947 2711 3018 Vulg.
2747 2948 3002 3021 lEthiop.
3026 2951 3276 3006 omnino
3295 2954 3472 3007 recte.
3510 2954 3609 3004 Καὶ

1955 3041 2164 3108 postea
2192 3036 2480 3093 insertum
2510 3041 2655 3101 erat,
2686 3042 2821 3093 ante
2860 3036 3243 3111 ἐθεραπεύοντο,
3278 3045 3340 3093 ut
3379 3039 3507 3111 jam
3545 3040 3608 3096 in

1955 3124 2148 3191 editis,
2181 3125 2257 3182 ad
2282 3125 2610 3182 tollendam
2630 3126 3077 3196 obscuritatem,
3101 3142 3175 3183 ne
3192 3127 3341 3184 alias
3363 3127 3475 3185 soli
3490 3127 3611 3184 dm-

1956 3213 2213 3269 moniaci
2252 3214 2445 3271 sanati
2487 3213 2849 3280 viderentur,
2885 3230 3007 3272 non
3048 3216 3190 3272 item
3233 3215 3471 3288 reliqui,
3503 3216 3609 3288 qui

1954 3300 2071 3357 huc
2098 3302 2418 3358 curationis
2443 3318 2628 3359 causa
2657 3308 2967 3359 venerant.

2027 3396 2236 3457 Ὲπειδὴ
2271 3400 2435 3471 φίλος.
2474 3398 2836 3470 simpliciter.
2882 3401 2966 3466 11,
3008 3404 3059 3454 6.
3103 3399 3296 3458 Codd.
3338 3400 3605 3473 plurimi.

1958 3489 2087 3560 Syr.
2120 3492 2179 3543 et
2206 3486 2375 3557 Vulg.
2392 3486 2578 3543 initio.
2605 3494 2719 3539 Mou
2745 3486 3031 3559 injectum
3056 3492 3182 3544 erat
3210 3488 3374 3545 haud
3401 3489 3607 3559 dubie,

1957 3576 2036 3633 ad
2064 3576 2435 3648 implendum
2479 3591 2721 3632 sensum
2748 3618 2763 3642 ,
2808 3591 2984 3632 nemo
3014 3576 3370 3648 particulam
3401 3579 3607 3650 hujus-

1956 3665 2120 3721 modi
2152 3664 2519 3737 expunxerit.

2023 3759 2162 3815 Ἰδοὺ
2201 3764 2407 3834 ἀφίεται
2453 3763 2575 3835 ὑμῖν
2604 3763 2631 3814 ὁ
2687 3762 2829 3825 οἶκος
2865 3763 3028 3835 ὑμῶν.
3062 3764 3151 3830 13,
3211 3768 3297 3820 35.
3355 3765 3608 3823 Codices

1955 3851 2185 3922 optimi,
2232 3866 2456 3921 magno
2499 3866 2814 3908 consensu.
2859 3857 3111 3927 Ἔρημος,
3143 3855 3311 3926 quod
3358 3855 3608 3913 accessit

1954 3940 2016 3996 in
2053 3940 2289 4007 nostris,
2321 3956 2395 3996 ex
2440 3939 2705 3997 Matthaso
2753 3940 3082 4014 ascriptum
3123 3940 3309 3999 fuisse
3356 3947 3607 4002 monent

1953 4027 2145 4084 Lucas
2169 4029 2339 4098 Brug.
2372 4032 2429 4084 et
2457 4028 2716 4086 Grotius.

2022 4124 2177 4199 ’Ἃτιρ
2237 4125 2519 4198 βαλανείου
2557 4130 2646 4178 καὶ
2690 4131 2881 4198 πήρας,
2922 4132 2993 4199 μή
3050 4147 3189 4188 τινος
3240 4131 3604 4203 ὑστερήσατες

1952 4215 2042 4276 22,
2079 4216 2165 4270 35-
2198 4214 2381 4270 Codd.
2418 4214 2556 4286 aliq.
2584 4216 2833 4271 omnino
2871 4220 3053 4271 recte.
3108 4217 3313 4287 Neque
3354 4220 3514 4273 enim
3547 4218 3605 4272 in

1951 4303 2243 4375 proximis
2273 4303 2502 4358 mentio
2526 4303 2608 4367 ﬁt,
2637 4302 2755 4358 nisi
2786 4302 3002 4358 saeculi
3032 4306 3087 4358 et
3116 4319 3293 4375 perae.
3322 4304 3601 4367 Medium,

1953 4397 2040 4444 καὶ
2072 4388 2450 4462 emungare»,
2494 4390 2654 4462 quod
2707 4390 2769 4444 in
2813 4390 3057 4455 nostris,
3108 4391 3436 4463 ascriptum
3490 4394 3608 4465 pri-

1953 4496 2122 4536 mum
2153 4481 2215 4535 in
2265 4493 2458 4549 marg.
2493 4494 2526 4532 a
2574 4477 2784 4533 lectore
2828 4477 3048 4549 aliquo,
3079 4494 3151 4537 ex
3190 4494 3322 4552 cap.
3372 4482 3457 4547 10,
3487 4499 3540 4537 v.
3570 4486 3604 4537 4

1956 4656 2193 4714 codices
2222 4653 2903 4726 tractavitiEuthymius.

2027 4728 2103 4815 (ς)
2133 4731 2380 4799 Γινόμενα
2429 4725 2615 4782 voluit
2664 4724 2914 4781 scribere
2966 4725 3197 4783 Millius.
3248 4729 3354 4785 Mei
3380 4728 3608 4788 habent

1992 4818 2225 4858 ενομενα,

1954 4819 2530 4949 exemplis
2558 4867 2821 4949 quaehic
2866 4867 3136 4949 subjecit_
3158 4870 3393 4937 Millius,
3420 4888 3606 4943 appa-

1957 4939 2081 5015 ret,
2118 4941 2286 5015 illum
2324 4939 2889 5015 probas’lectiones
2939 4939 3243 5012 appellare
3295 4957 3398 4998 eas
3449 4939 3606 5015 quas

1955 5011 2139 5069 habet
2161 5010 2415 5080 Vulgata
2442 5010 2665 5066 Latina.

2026 5083 2102 5209 Sf)
2126 5083 2191 5164 lli
2218 5079 2427 5139 omnes
2455 5096 2564 5163 pro
2588 5079 2835 5206 Vulgata
2856 5081 3083 5144 Latina,
3110 5081 3237 5137 sine
3259 5083 3606 5165 melioribus

2069 5154 2258 5209 imbus
2288 5153 2528 5209 Graacns.
2575 5152 2698 5207 nihl
2753 5152 3038 5209 probant:
3074 5167 3213 5207 cum
3256 5155 3606 5209 melioribus

1957 5152 2258 5211 codicibus
2288 5152 2528 5223 Graecis,
2575 5152 2723 5207 nihil
2752 5152 3038 5222 probant:
3074 5167 3213 5207 cum
3256 5154 3606 5211 melioribus

1958 5225 2262 5282 codicibus
2307 5224 2527 5280 Graecis
2574 5226 2776 5294 autem
2830 5237 3065 5294 semper
3097 5223 3370 5294 probant
3399 5231 3607 5282 contra

1958 5297 2267 5376 Vulgatam
2294 5292 2885 5376 Latinam..lndicant
2908 5292 3062 5374 enim
3085 5292 3229 5376 feret
3251 5296 3607 5376 plerumque

1956 5363 2312 5424 recentiores
2352 5364 2760 5424 corruntiones
2792 5363 3084 5420 versionis
3112 5363 3346 5421 Latinae.
3389 5370 3493 5423 Per
3509 5363 3604 5422 in-

1958 5439 2295 5495 ductionem
2326 5434 2741 5508 exemplorum
2774 5434 2835 5490 id
2872 5435 3239 5508 intelligitur.

2030 5510 2116 5580 (h)
2143 5510 2347 5581 Servat
2372 5507 2619 5578 uterque
2650 5521 2842 5562 meus.
2871 5507 3058 5581 Habet
3087 5513 3285 5581 autem
3317 5514 3601 5581 γενήματα,

1958 5584 2024 5636 ut
2042 5577 2438 5634 scribendum
2469 5577 2573 5633 est.
2606 5582 2874 5649 Γενήματα
2902 5577 3243 5649 conduntur
3272 5577 3332 5633 in
3358 5577 3598 5635 horreo:

1958 5655 2274 5723 γεννήματα,
2306 5649 2435 5720 ejus
2465 5650 2719 5719 generis,
2752 5649 2814 5705 in
2845 5648 3093 5705 stabulis
3124 5655 3461 5705 servantur.

3287 5738 3320 5791 3
