4180 6456
503 379 574 438 83
2027 353 2396 440 ΡΡυξΞΡΑΤΙΟ
3846 361 3924 412 84

573 503 662 556 12.
701 499 823 550 Ὀτι
852 497 985 548 οὒτὼ
1009 511 1022 562 ;
1047 490 1311 546 όύδέποτε.

577 573 664 627 13,
707 570 853 622 Λευΐ.
882 583 936 622 a.

576 676 792 733 Scribaa
846 671 1054 735 inﬁmi,
1086 675 1150 725 ut
1196 670 1274 725 ad
1327 670 1486 724 hunc
1530 669 1731 726 locum
1775 666 1836 722 in
1893 663 2153 720 editione

502 765 640 822 Novi
678 760 1035 819 Testamenti
1066 760 1193 832 jam
1221 757 1436 821 notavi,
1468 758 1624 812 hunc
1649 756 1846 811 locum
1875 766 2154 822 corrupe-

499 858 715 909 runtex
730 849 990 906 scholiis.
1009 846 1553 903 Scholiastisautem
1567 844 1833 915 imposuit
1851 843 2149 911 Origenes.

499 945 552 997 Is
585 956 728 1010 ergo
759 943 967 994 contra
989 936 1225 993 Celsum
1254 939 1401 992 tom.
1435 934 1474 999 l,
1497 950 1557 1006 p.
1582 933 1687 987 376
1710 935 1773 996 D,
1808 932 1885 986 ita
1913 928 2148 985 scribit:

499 1030 670 1083 Ἔστω
743 1025 801 1080 δὲ
883 1031 971 1078 καὶ
1045 1027 1068 1077 ὁ
1142 1023 1291 1084 λέϐης
1360 1023 1581 1084 τελώνης
1657 1021 2013 1078 ἀκολουθήσας
2082 1025 2152 1087 τῷ

499 1120 694 1177 Ἰησοῦ·
766 1115 869 1168 ἀλλ’
934 1115 1044 1168 οὓτι
1103 1133 1161 1184 γε
1229 1121 1322 1165 τοῦ
1391 1111 1616 1186 ἀριθμοῦ
1683 1119 1781 1162 τῶν
1854 1108 2152 1162 ἀποστόλων

504 1208 668 1258 αὐτοῦ
736 1203 818 1271 ἦν,
879 1205 920 1257 εἰ
981 1209 1050 1276 μὴ
1123 1204 1258 1255 κατά
1327 1221 1441 1253 τινα
1501 1209 1599 1252 τῶν
1670 1200 1992 1271 ὼντιγράφών
2063 1206 2153 1249 τοῦ

503 1299 635 1348 κατὰ
690 1298 902 1366 Μάρκον
972 1291 1303 1363 Biar/751mm
1372 1290 1473 1345 Hic
1534 1289 1726 1362 primo
1793 1287 2150 1353 notandum,

501 1383 653 1444 λέϐης
730 1383 874 1454 poni
946 1397 1057 1453 pro
1116 1380 1272 1440 λευίς.
1350 1383 1496 1436 Nam
1581 1378 1655 1433 de
1739 1377 1966 1436 λεϐϐαῑος
2049 1392 2153 1431 seu

501 1472 698 1532 λεϐαῖος
777 1470 965 1542 accipi
1044 1469 1269 1540 nequit.
1353 1467 1642 1524 Lebbmus
1713 1467 1873 1522 enim
1943 1463 2154 1520 nullibi

503 1561 724 1621 τελώνης
771 1558 1130 1632 appellatur,
1176 1559 1276 1613 sed
1323 1557 1476 1612 Levi.
1516 1558 1647 1611 Jam
1695 1555 1837 1630 quia
1879 1555 2152 1623 Origenes

501 1649 750 1714 dixerat,
797 1650 929 1700 κατά
977 1668 1092 1700 τινα
1142 1656 1240 1698 τῶν
1295 1645 1619 1718 ἀντιγράφων
1682 1653 1772 1695 τοῦ
1827 1646 1960 1694 κατά
2009 1645 2152 1716 Μάρ-

499 1759 586 1790 κον
653 1737 991 1809 Εὐαγγελίον,
1051 1735 1502 1807 interpolatores
1564 1732 1703 1790 inde
1777 1731 2149 1800 colligebant,

2185 478 2527 549 Alaqueos,
2583 499 2636 546 ν,
2691 485 2780 545 27,
2836 484 2923 549 28,
2987 487 3164 556 atque
3220 484 3334 556 ipsi
3385 483 3544 539 inviti
3603 484 3925 553 Origenem

2265 567 2356 622 vel
2413 570 2814 641 negligentiae,
2879 571 2971 628 vel
3044 573 3269 628 fraudis
3323 572 3569 627 crimine
3626 572 3925 631 irretiunt.

2262 655 2396 711 Tale
2439 665 2527 713 est
2575 660 2980 716 mendacium.
3034 663 3234 731 lpsum
3285 678 3344 716 se
3393 660 3603 733 prodit.
3653 662 3925 732 Origenis

2264 744 2835 810 animadversio,"ut
2877 749 3150 816 arbitror,
3185 754 3414 806 tantum
3456 765 3527 804 eo
3567 749 3924 818 pertinebat,

2261 846 2336 887 ne
2350 834 2484 903 quis
2497 841 2729 904 putaret
2748 836 2926 891 Levin
2946 838 3266 908 quemdam
3286 839 3462 892 fuisse
3480 838 3894 908 apostolorum
3906 883 3919 893 .

2262 921 2327 975 ld
2357 927 2556 976 autem
2600 924 2868 989 efﬁcitur,
2917 926 2964 980 si
3013 926 3179 981 Levis
3222 927 3378 999 apud
3416 930 3585 982 Marc.
3623 943 3680 992 ιι,
3730 927 3815 992 14,
3861 933 3924 984 et

2263 1009 2399 1062 Luc.
2433 1026 2490 1075 ν,
2523 1012 2609 1074 2'7,
2645 1027 2750 1082 pro
2777 1012 3011 1068 diversa
3045 1029 3300 1085 persona
3325 1014 3639 1078 habeatur,
3668 1030 3788 1070 non
3813 1032 3923 1087 pro

2263 1097 2536 1153 Matthmo
2593 1099 2790 1154 Matth.
2851 1117 2926 1169 ix,
2985 1106 3035 1156 9.
3085 1102 3168 1153 Ἐκ
3224 1109 3523 1175 περιουσίας
3568 1103 3747 1171 igitur
3795 1105 3921 1160 Ori-

2263 1201 2468 1254 genes,
2518 1187 2834 1244 immemor
2890 1192 3075 1254 Lucae,
3131 1207 3237 1261 pro
3292 1196 3579 1263 tempore,
3634 1196 3922 1263 tanquam

2263 1281 2680 1342 argumentum
2758 1276 3233 1333 addebat:Kar«'
3311 1298 3426 1330 τινα
3494 1289 3590 1330 τῶν
3665 1277 3920 1353 ἀντιγρά-

2265 1383 2386 1431 φων.

2335 1452 2486 1515 Quid
2527 1457 2726 1508 autem
2777 1455 3047 1519 efticitur,
3092 1456 3140 1509 si
3191 1456 3284 1510 hic
3321 1458 3492 1512 Marc.
3541 1473 3598 1521 ιι,
3652 1460 3732 1525 14,
3780 1473 3922 1514 cum

2261 1539 2389 1595 istis
2441 1541 2804 1612 interpolatis
2882 1543 3183 1598 codicibus
3259 1544 3390 1600 loco
3473 1548 3622 1597 Λευΐν
3688 1547 3921 1615 legatur

2261 1617 2498 1680 Ἰάκωϐον
2530 1647 2542 1693 ;
2577 1630 2794 1684 scilicet
2841 1637 2977 1686 tunc
3032 1636 3147 1687 tres
3197 1634 3509 1703 portitores
3562 1634 3637 1705 (ε)
3682 1650 3751 1690 ac
3805 1641 3919 1691 tres

2262 1716 2416 1771 ﬁlios
2448 1718 2670 1788 Alphaai
2702 1719 3086 1774 habebimus.
3122 1723 3366 1776 Necesse
3397 1739 3537 1793 ergo
3561 1723 3688 1791 erit,
3721 1729 3783 1779 ut
3816 1731 3920 1780 aut

500 1826 711 1883 alicubi
735 1805 1144 1894 invaangelio
1175 1805 1341 1879 Marci
1376 1838 1484 1894 pro
1516 1822 1649 1878 Levi
1689 1821 1857 1878 aliter
1900 1821 2036 1889 legi,
2083 1837 2152 1876 ac
2189 1828 2230 1904 Β
2262 1806 2335 1904 {ie
2367 1805 2551 1904 “tibus
2601 1808 2870 1904 Ρθςεοςιίε
2917 1814 3044 1904 ίιίεε-
3066 1810 3464 1904 (ἔνι’ξιῐιϐεὲιξὲῐξίε⁸
3491 1812 3768 1878 dixerint.
3819 1819 3921 1869 aut

500 1914 618 1970 nisi
661 1916 740 1969 ita
783 1914 952 1969 aliter
1001 1913 1310 1981 legeretur,
1355 1912 1522 1967 aliter
1551 1910 1970 1979 corrigendum
2001 1926 2150 1966 esse.

501 2006 687 2059 Locus
719 2001 986 2070 Origenis
1025 2004 1219 2056 autem
1254 1999 1494 2076 duobus
1525 1999 1703 2055 Marci
1738 1999 1882 2056 locis
1925 2015 2154 2056 accom-

495 2091 728 2148 modari
776 2094 988 2162 potest.
1030 2091 1179 2144 Nam
1222 2092 1456 2160 propter
1498 2087 1646 2148 λέϐης
1693 2093 1718 2140 ό
1770 2087 1986 2147 τελώνης
2035 2087 2154 2139 ἀκο-

498 2179 764 2239 λουθήσας
810 2177 1012 2234 referri
1065 2181 1264 2248 potest
1309 2177 1384 2232 ad
1431 2179 1599 2232 Marc.
1647 2192 1705 2241 ιι,
1765 2179 1849 2231 14.
1916 2180 2153 2248 Pr0pter

497 2269 771 2325 additum
809 2272 1032 2332 autem,
1079 2275 1168 2317 τοῦ
1216 2265 1437 2338 ἀριθμοῦ
1489 2275 1588 2317 τῶν
1637 2265 1956 2328 ἀποστόλων,
1999 2266 2150 2322 trahi

497 2374 738 2431 quoque
768 2357 954 2430 possit
983 2356 1062 2412 ad
1087 2357 1260 2411 Marc.
1294 2372 1376 2422 ιιι,
1425 2356 1610 2430 10-18,
1653 2357 1755 2412 ubi
1793 2360 1882 2412 est
1916 2361 2152 2428 aposto-

496 2447 686 2503 lorum
705 2446 1026 2515 catalogus.
1053 2445 1366 2502 Probabile
1388 2445 1700 2504 videbatur
1721 2445 2151 2516 interpolatori-

496 2536 631 2600 bus,
666 2535 978 2604 Origenem
1007 2533 1272 2589 locutum
1302 2548 1435 2588 esse
1475 2533 1549 2588 de
1590 2534 1771 2604 priori
1815 2534 1968 2588 loco.
2003 2533 2149 2589 Cum

496 2630 697 2682 autem
728 2625 823 2680 hic
862 2625 1169 2693 legeretur,
1212 2628 1298 2674 τὸν
1338 2631 1428 2674 τοῦ
1463 2623 1726 2694 Ἀλφαίον,
1762 2623 1917 2678 infra
1951 2629 2149 2680 autem

495 2730 628 2788 cap.
646 2730 726 2781 ιιι,
750 2715 833 2779 18,
863 2712 1020 2768 idem
1043 2712 1315 2768 additum
1338 2711 1881 2784 reperirentJacobi
1902 2712 2146 2777 nomini,

493 2819 606 2876 pro
633 2803 760 2858 Levi
792 2802 1167 2871 corrigebant
1193 2801 1505 2856 Jacobum.
1534 2799 1678 2856 Nolo
1709 2800 1804 2856 hic
1829 2800 2146 2870 inquirere,

495 2908 676 2963 quam
707 2891 888 2946 ﬁdem
914 2896 1211 2946 mereatur
1228 2888 1532 2958 Origenes,
1564 2903 1702 2964 cum
1725 2886 2015 2962 ἀντίγραφά
2037 2909 2151 2941 τινα

493 2985 805 3035 memorat.
830 2978 977 3034 lllud
1005 2983 1238 3034 tantum
1267 2992 1501 3039 moneo,
1522 2992 1680 3042 eum,
1706 2975 1752 3030 si
1781 2977 2041 3048 primum
2066 2977 2147 3033 lo-

493 3085 632 3125 cum
674 3069 953 3141 respexit,
1001 3083 1216 3140 parum
1266 3068 1555 3122 attentum
1587 3059 1793 3121 fuisse.
1835 3069 1948 3123 Nec
1990 3068 2148 3123 enim

2261 1894 2518 1949 Jacobus
2571 1899 2626 1949 et
2675 1898 2825 1960 Levi,
2875 1902 2977 1952 aut
3026 1897 3160 1952 Levi
3208 1905 3263 1953 et
3313 1899 3612 1954 Matthaius
3644 1916 3752 1971 pro
3798 1917 3920 1956 una

2261 1997 2522 2054 persona
2549 1983 2904 2039 habeantur.
2941 1986 3002 2039 In
3039 1986 3303 2041 eamdem
3336 2002 3477 2056 ergo
3508 1987 3915 2045 difficultatem

2260 2071 2640 2128 revolvimur.
2673 2073 2872 2128 Adhuc
2899 2075 3058 2129 enim
3092 2079 3324 2130 tantum
3346 2077 3770 2145 interrogatum
3804 2083 3908 2142 est,

2261 2164 2460 2216 utrum
2506 2161 2813 2217 Matthmus
2855 2168 2912 2218 et
2956 2163 3117 2217 Levis
3150 2165 3223 2219 sit
3251 2164 3464 2220 eadem
3514 2182 3783 2236 persona,
3831 2182 3909 2221 an

2261 2250 2388 2304 dum
2416 2249 2442 2303 ?
2467 2253 2632 2304 Nunc
2657 2251 2836 2306 etiam
2868 2252 3283 2321 quaerendam,
3318 2259 3512 2309 utrum
3559 2255 3819 2310 Iacobus
3859 2260 3916 2310 et

2262 2337 2390 2392 Levi
2436 2354 2554 2392 una
2585 2355 2661 2393 an
2706 2339 2840 2393 duae
2892 2340 3007 2394 sint
3040 2356 3328 2410 personae.
3367 2343 3478 2397 Sed
3532 2343 3661 2397 Levi
3704 2359 3774 2398 ex
3824 2345 3914 2400 de-

2261 2431 2416 2480 creto
2448 2427 2717 2494 Origenis
2749 2442 2868 2480 non
2901 2427 3009 2482 fuit
3032 2429 3361 2499 apostolus.
3385 2436 3656 2499 Autergo
3687 2448 3792 2488 nec
3825 2435 3918 2489 Ja-

2260 2515 2444 2569 cobus
2470 2515 2575 2568 fuit
2607 2516 2936 2585 apOstolus,
2961 2522 3064 2571 aut
3093 2525 3210 2572 tres
3235 2520 3504 2574 feruntur
3523 2522 3836 2591 portitores
3860 2523 3919 2576 in

2262 2602 2612 2671 Evangeliis,
2631 2619 2841 2658 omnes
2864 2605 2966 2659 tilii
2990 2606 3238 2677 Alphzei.
3261 2607 3376 2661 Sed
3396 2610 3678 2676 Origenes
3693 2617 3753 2664 ut
3776 2626 3918 2665 cen-

2259 2694 2387 2744 tum
2409 2690 2551 2745 locis
2573 2691 2722 2757 aliis,
2747 2692 2826 2748 ita
2842 2693 2935 2747 hic
2953 2710 3194 2766 quoque
3212 2696 3436 2751 infatua
3448 2699 3526 2752 vit
3544 2699 3918 2765 scholiastas,

2258 2794 2516 2850 quorum
2541 2780 2718 2834 etiam
2741 2779 2817 2834 ad
2841 2780 2999 2837 hunc
3023 2782 3219 2838 locum
3249 2783 3452 2854 verba,
3475 2785 3639 2856 quod
3661 2786 3919 2842 diverso-

2258 2882 2393 2922 rum
2433 2872 2742 2923 auctorum
2784 2870 3292 2942 interpretationes
3334 2874 3794 2944 conjunxerunt,
3837 2876 3918 2932 ita

2259 2955 2515 3011 obscura
2545 2961 2723 3028 atque
2749 2957 2898 3012 inter
2934 2974 2997 3013 se
3024 2961 3423 3030 repugnantia
3453 2968 3606 3024 sunt,
3645 2969 3706 3018 ut
3738 2979 3915 3020 nemo

2259 3044 2649 3100 commodum
2672 3061 2874 3100 eruere
2895 3048 3082 3117 possit
3104 3065 3365 3104 sensum.
3389 3050 3622 3108 Scholia
3639 3051 3916 3121 leguntur

494 3159 725 3214 Marcus
775 3133 1021 3214 tantum
1060 3159 1285 3210 narrat.
1336 3153 1512 3208 Levin
1549 3155 1869 3211 accessisse
1899 3157 2146 3221 Christo,

2269 3134 2320 3188 in
2347 3148 2482 3188 mea
2503 3133 2642 3188 Novi
2663 3136 3017 3191 Testamenti
3049 3137 3323 3194 editione.

491 3247 597 3303 sed
646 3249 834 3302 Lucas
876 3245 1058 3300 etiam
1105 3260 1161 3298 v.
1213 3243 1282 3298 27
1326 3258 1488 3315 seqq.
1532 3243 1651 3299 fere
1693 3243 1904 3300 iisdem
1935 3244 2150 3312 verbis,

492 3335 706 3409 quibus
728 3335 983 3390 Marcus.
1004 3332 1089 3386 Ad
1102 3331 1508 3388 excusandum
1525 3331 1838 3402 Origenem
1852 3349 1994 3404 ergo
2007 3333 2153 3390 nihil

494 3424 691 3481 afferri
719 3427 932 3497 potest,
965 3421 1100 3488 nisi,
1138 3421 1303 3495 quod
1348 3420 1590 3480 fortasse
1630 3421 2152 3494 desperatissimus

494 3513 772 3570 defensor
813 3515 944 3583 ejus
987 3511 1217 3576 dixerit,
1265 3511 1527 3568 scillicet.
1561 3513 1782 3568 Lucam
1813 3528 2044 3583 quoque
2091 3515 2153 3568 in

494 3601 662 3656 libris
693 3599 972 3656 omnibus
1014 3615 1141 3670 cap.
1176 3617 1228 3659 v,
1273 3614 1330 3652 v.
1375 3600 1464 3661 27,
1510 3598 1599 3660 28,
1646 3597 1738 3652 bis
1781 3605 2150 3672 corruptum,

497 3692 676 3760 atque
715 3688 796 3743 ibi
837 3687 1016 3742 etiam
1057 3687 1150 3740 bis
1181 3684 1418 3736 Ἰάκωϐον
1467 3684 1960 3756 interponendum
2002 3703 2150 3743 esse.

499 3777 664 3832 Prior
693 3790 830 3845 ergo
865 3774 1041 3830 Marci
1071 3773 1239 3832 locus
1273 3776 1516 3846 propter
1547 3773 1955 3830 auctoritatem
1988 3777 2153 3832 Lucae

500 3864 713 3935 corrigi
743 3862 969 3934 nequit.
999 3861 1320 3917 Videamus
1351 3860 1425 3916 de
1455 3861 1757 3931 posteriori
1796 3863 1965 3918 Marci
1997 3864 2150 3921 loco.

502 3955 603 4009 Hic
650 3969 786 4009 vero
813 3951 1090 4008 facillime
1125 3951 1429 4022 corrumpi
1460 3954 1712 4022 poterat,
1745 3951 1791 4005 si
1824 3950 2040 4008 scilicet
2069 3970 2150 4016 ιιι,

505 4044 590 4111 18,
643 4057 753 4115 pro
813 4042 1079 4094 Ματθαῐον
1147 4043 1248 4096 aut
1301 4038 1544 4091 Ἰάκωϐον
1628 4039 1734 4110 [τὸν
1790 4047 1880 4092 τοῦ
1939 4042 2155 4114 Ἀλφαί-

500 4132 581 4203 ου]
615 4129 971 4186 scriberetur
1011 4131 1188 4185 Λευῖν.
1223 4130 1341 4184 Hoc
1376 4143 1497 4183 uno
1529 4126 1712 4184 modo
1742 4133 2015 4192 constare
2058 4147 2156 4201 po-

501 4224 651 4276 terat
682 4219 949 4290 Origenis
993 4216 1457 4274 animadversio.
1491 4217 1595 4272 llic
1624 4221 1840 4286 autem,
1869 4219 2015 4275 dum
2065 4220 2155 4275 in-

499 4307 886 4380 terpolatores
952 4309 1226 4363 metuunt
1284 4305 1697 4361 auctoritatem
1771 4305 2020 4380 Matthaei
2093 4325 2151 4372 x,

501 4397 536 4454 3
564 4415 580 4469 ;
608 4397 866 4465 Luc.‘v1,
919 4401 1027 4465 15;
1078 4400 1134 4451 et
1183 4397 1289 4450 Act
1340 4398 1380 4459 l,
1426 4394 1513 4460 13,
1555 4393 1826 4460 incidunt
1881 4394 1940 4450 in
1981 4395 2154 4454 Lucae

502 4573 576 4644 (ρ)
602 4573 779 4644 Atqui
799 4571 1145 4644 scholiastae
1177 4569 1256 4624 ad
1284 4569 1446 4644 hunc
1473 4570 1674 4644 locum
1716 4585 1791 4625 ne
1829 4571 1980 4626 duos
2029 4573 2153 4644 qui-

502 4641 642 4699 dem
668 4641 842 4698 nobis
871 4641 1208 4712 largiuntur
1244 4641 1580 4710 portitores.
1614 4642 1954 4712 Propopunt
1995 4641 2151 4700 enim

583 4715 888 4770 restionem
921 4707 1079 4768 hanc
1117 4728 1128 4764 :
1184 4707 1318 4782 Ἐῥεῑ
1366 4730 1467 4771 τις,
1521 4712 1601 4782 ὃτι
1655 4707 1750 4782 δψο
1797 4709 1928 4769 ἦσαν
1971 4713 2024 4767 ἐκ
2053 4724 2151 4768 τῶν

543 4782 716 4838 ὡδεκα
767 4783 998 4848 τελῶναι,
1063 4780 1327 4842 Ματθάῐος
1392 4786 1481 4832 καὶ
1525 4780 1762 4844 Ἰάκωϐος
1815 4786 1840 4836 ὁ
1893 4794 1982 4836 τοῦ
2036 4786 2150 4837 Ἀλ-

541 4861 678 4922 αίου,
735 4858 856 4929 ὅπερ
912 4855 1004 4906 οὐκ
1053 4857 1212 4906 ἔστιν·
1285 4854 1351 4911 εἷς
1417 4855 1516 4934 γὰρ
1565 4855 1724 4934 καὶιὸ
1783 4855 1935 4917 αὐτὸς
1992 4857 2145 4911 ἐστιν.

541 4878 678 4922 αιου,
735 4878 856 4929 οπερ
912 4878 1004 4906 ουκ
1053 4878 1212 4906 εστιν·
1285 4878 1351 4911 εις
1565 4878 1652 4904 και
1700 4878 1724 4904 ο
1783 4878 1935 4917 αυτος
1992 4878 2145 4911 εστιν.

501 4878 619 4983 ἔδει
647 4927 763 4983 hoc
798 4923 1337 4998 prorsusstultum,
1378 4937 1490 4978 nis:
1517 4939 1620 4994 pro
1663 4924 1901 4998 ’Idzgme’o;
1932 4928 2150 4984 scriba-

500 5003 596 5054 tur
633 4995 817 5059 Λιυῖςξ
863 4996 920 5052 Si
968 4995 1130 5068 enim
1168 4995 1466 5068 Mattharus
1514 4997 1864 5068 et__Jacobus
1925 4998 2152 5068 Alphaai

500 5073 586 5124 est
603 5085 725 5140 una
754 5082 1035 5140 persona,
1061 5066 1227 5122 Levis
1265 5069 1461 5122 autem
1483 5064 1695 5140 nullus,
1713 5067 1825 5124 fuit
1849 5064 2153 5140 apostolus

498 5138 782 5194 undecim
803 5142 1037 5194 tantum
1056 5142 1448 5193 numerantur
1467 5139 1740 5208 apostoli.
1759 5141 1928 5208 Hunc
1945 5138 2152 5192 scholi-

498 5215 640 5266 astm
657 5210 857 5266 locum
879 5209 961 5264 ita
978 5209 1157 5265 etiam
1171 5209 1351 5265 edidit
1364 5207 1721 5265 Wetstenius
1737 5207 1811 5262 ad
1842 5209 1901 5262 h.
1927 5207 1964 5262 l.
1985 5209 2153 5264 sicuti

496 5297 610 5358 nos
637 5297 709 5336 ex
724 5283 985 5358 quatuor
1004 5279 1305 5358 codicibus
1322 5283 1548 5358 Mo_sq_q.
1574 5278 1814 5358 Photius
1827 5279 1989 5358 apud
2002 5278 2152 5358 _Pos-

497 5351 697 5407 sinum
731 5351 809 5407 ad
836 5351 894 5406 h.
924 5351 984 5417 1.,
1015 5351 1310 5408 liberalior
1337 5355 1444 5406 est.
1469 5351 1630 5403 Duos
1655 5351 1812 5403 enim
1840 5351 2153 5419 portitores

496 5423 647 5477 inter
681 5422 997 5478 duodecim
1041 5428 1336 5478 numerat.
1389 5419 1710 5474 Mattheum
1755 5424 1810 5473 et
1869 5421 2153 5477 Jacobum

499 5495 865 5549 Undeautem
881 5494 930 5549 ei
960 5495 1072 5550 hoc
1090 5491 1388 5549 innotuit?
1409 5490 1521 5545 Sed
1542 5492 1728 5543 totum
1760 5489 2068 5555 scholium,
2091 5499 2152 5547 ut

494 5563 714 5620 editum
746 5569 877 5621 esta
904 5565 1154 5620 Possino
1172 5580 1230 5634 p.
1269 5567 1354 5625 50,
1380 5559 1843 5634 absurdumest.
1879 5564 2148 5634 Utautem

491 5634 588 5690 hic
614 5636 859 5694 omnino
875 5636 949 5692 de
976 5629 1491 5691 Photio'moneam.
1511 5629 1607 5685 Ille
1621 5630 1867 5701 quidem
1891 5633 2148 5704 Photius,

2331 3257 2399 3330 γ,
2433 3260 2518 3330 16,
2561 3262 2709 3330 Ili-4y.
2745 3271 2798 3312 ἃ.

2335 3329 2419 3382 17.
2465 3329 2548 3389 Εἰς
2571 3330 2843 3399 μετάνοιαν
2877 3329 3113 3385 absunt.

2334 3401 2422 3456 17,
2463 3405 2561 3471 1(αὲ
2590 3401 2832 3471 ἔρχονται
2855 3401 2930 3454 ad
2963 3404 3322 3458 νηστεύουσιν.
3358 3404 3600 3462 absunt.
3627 3420 3680 3461 ει.

2341 3475 2419 3544 19,
2460 3470 2620 3544 Τοσον
2652 3476 2840 3544 χρόνον
2864 3472 2938 3525 ad
2969 3476 3232 3544 νηστεύειν
3265 3473 3502 3531 absunt.
3539 3492 3592 3532 δ..

2332 3543 2420 3596 23.
2461 3542 2538 3593 Ἐν
2559 3550 2667 3600 τοῖς
2695 3541 2944 3610 Σάϐϐασι]
2979 3542 3024 3593 ἐν
3049 3543 3238 3599 abest.
3264 3560 3317 3600 a.

2334 3615 2417 3693 g6.
2461 3619 2564 3693 Τοιξ
2593 3612 2895 3693 ὀξρχιεριέως]
2926 3623 3018 3693 ςοὺ
3049 3615 3342 3670 omittunt.

2333 3686 2424 3738 27.
2469 3689 2568 3735 Καὶ
2598 3684 2786 3808 ἔλεγεᾎ
2817 3690 2904 3735 καὶ
2926 3684 3077 3755 λέγει.
3111 3701 3167 3740 a.

2335 3752 2476 3808 Cap.
2507 3754 2600 3807 ΙΙΙ.
2643 3755 2702 3808 V.
2790 3797 2803 3808 .
2837 3755 2923 3808 Ab
2955 3761 3042 3808 καὶ
3089 3755 3167 3807 ἀπε

2335 3752 2600 3830 (ζειρῃιι.
2752 3752 2803 3810 7.
2837 3755 2923 3810 Ab
2955 3752 3042 3808 κοιὶ
3089 3755 3188 3808 ἀπὸ
3232 3756 3597 3830 Ἱεροσολύμων
3638 3759 3717 3816 ad
3746 3757 3912 3812 Ἰδου-

2263 3829 2421 3895 μαίας
2448 3824 2684 3880 absunt.
2713 3841 2766 3880 a.

2336 3897 2421 3948 '12.
2465 3901 2682 3955 Φανεοὸν
2714 3898 2863 3948 αὑτὸν
2897 3904 3181 3955 ποιήσωσι.

2337 3968 2419 4019 17.
2463 3970 2564 4021 Τοῦ
2587 3951 2852 4038 ῘΙακώϐου]
2888 3951 3062 4038 evitet).
3092 3985 3146 4038 a7.

2335 4039 2420 4090 ‘27.
2466 4035 2792 4109 ()u'_o"‘évarau
2823 4035 3014 4109 οὐδεὶς]
3047 4037 3220 4101 οὐδεὶς
3252 4037 3491 4095 δύναται.

2337 4109 2502 4184 ξψτοὺ
2538 4106 2737 4184 (impivi
2747 4129 2810 4182 σῃ
2823 4152 2836 4167 .

2335 4179 2420 4232 28.
2463 4179 2747 4242 “Offae/1v.
2791 4179 2903 4235 Sed
2943 4184 3086 4240 ὅσαις
3126 4186 3210 4236 est
3255 4197 3418 4237 error
3457 4181 3735 4238 editionis
3781 4186 3914 4242 Gre-

2377 4266 2482 4305 Ol‘ll
2493 4293 2504 4305 .

2377 4266 2504 4305 ΟῙΊΙ.

2336 4266 2422 4375 ξὲ.
2468 4327 2566 4397 Kal
2591 4320 2884 4397 oiﬁd‘alyor'
2915 4342 3008 4397 σον
3040 4329 3126 4397 aeri.
3157 4325 3210 4374 αἱ
3242 4321 3468 4397 ἀδελφαί
3490 4343 3611 4397 σου.

2335 4396 2470 4464 Cap.
2506 4393 2592 4448 IV.
2627 4394 2687 4446 V.
2730 4398 2780 4447 2.
2806 4390 2917 4445 -Καὶ
2949 4390 3226 4446 ἐδίδασκεν
3273 4395 3349 4450 ad
3377 4390 3552 4447 ’πολλά
3583 4395 3818 4453 absunt.
3851 4413 3909 4453 a.

2262 4569 2363 4652 qui
2395 4569 2822 4652 Bibliothecam
2855 4571 3108 4652 scripsit,
3140 4571 3269 4652 fuit,
3314 4572 3431 4652 etsi
3451 4572 3670 4652 multos
3707 4573 3916 4652 habuit

2261 4641 2707 4712 obtrectatores,
2738 4641 2826 4712 vir
2850 4641 3274 4712 copiosissimaa
3299 4642 3606 4699 doctrinm.
3634 4645 3745 4701 Sed
3769 4645 3915 4701 alter

2263 4712 2534 4788 _Photi_us_,
2565 4711 2736 4788 cuius
2757 4711 2816 4766 in
2838 4711 3833 4788 Catenislongissimaplerumque
3859 4720 3916 4771 et

2263 4728 2534 4774 t’nouus,
2565 4728 2736 4837 qulus
2757 4728 2816 4766 in
2843 4728 3074 4768 uatenis
3102 4728 3451 4784 longisSima
3477 4728 3833 4788 plerumque
3859 4728 3910 4771 et

2262 4783 2636 4852 ineptissime
2670 4784 3286 4851 egunturscholia,vel
3307 4787 3766 4842 omninonullus
3784 4786 3910 4851 fuit,

2262 4868 2335 4909 ac
2372 4852 2650 4907 mentitus
2681 4859 2768 4908 est
2794 4869 3014 4909 nomen
3065 4855 3273 4920 Photii,
3306 4857 3404 4914 vel
3441 4856 3550 4912 fuit
3580 4858 3911 4914 monachus

2261 4923 2613 4995 ignobiliset
2626 4924 3042 4995 ineptissimus.
3061 4926 3288 4990 Quibus
3303 4942 3422 4983 non
3438 4929 3512 4984 ad
3529 4944 3735 4984 manus
3753 4936 3910 4993 sunt,

2263 4993 2434 5049 sicuti
2474 4994 2641 5059 mihi,
2682 4993 2903 5051 inedita
2940 4997 3130 5052 multa
3166 4999 3335 5052 istius
3369 4998 3553 5054 Photii
3588 5000 3831 5061 scholia,
3874 4999 3912 5054 ii

2261 5063 2479 5141 adeant
2510 5064 3206 5141 Pseudo—(Ecurnenium,
3236 5069 3438 5140 ibique
3465 5075 3569 5133 tot,
3597 5076 3742 5140 quot
3769 5071 3915 5141 ipsis

2261 5135 2567 5260 placuerit,
2622 5138 2863 5193 nomine
2919 5138 3106 5195 Photii
3165 5135 3372 5195 notata
3427 5135 3650 5196 scholia
3695 5135 3908 5210 legant.

2309 5206 2551 5260 rofecto.
2597 5212 2660 5260 ut
2706 5208 3022 5260 praevideo.
3072 5225 3220 5260 meae
3267 5211 3551 5260 accedent
3592 5211 3908 5260 sententiae.

2309 5206 2551 5274 rofecto,
2597 5212 2660 5262 ut
2706 5208 3022 5278 praevideo,
3072 5225 3220 5265 meae
3267 5211 3551 5267 accedent
3592 5206 3912 5268 sententiae.

2264 5278 2476 5352 Omnia
2517 5278 2675 5333 enim
2708 5295 2773 5352 ex
2812 5280 2938 5352 aliis
2969 5281 3187 5352 hausit,
3221 5287 3276 5337 et
3319 5299 3564 5352 aquam,
3595 5287 3651 5339 et
3680 5287 3916 5339 acetum

2263 5354 2317 5424 et
2348 5349 2576 5424 vinum,
2601 5365 2671 5405 ac
2697 5348 2941 5424 ﬂumine
2973 5351 3224 5424 turbidae
3256 5348 3609 5424 eloquentiam
3640 5371 3761 5408 suae
3791 5370 3915 5410 om-

2263 5419 2360 5474 nia
2391 5420 2939 5496 sentinae_re_ddidit
2981 5423 3300 5480 simillima.
3336 5419 3415 5479 D'e
3445 5424 3687 5489 Jacobo,
3733 5441 3914 5496 quem

2264 5490 2607 5559 portitorem
2642 5491 2776 5546 facit
2821 5493 3292 5559 Chrysostontus.
3341 5496 3475 5550 vide
3527 5496 3681 5552 infra
3712 5490 3916 5552 notam

2265 5567 2315 5638 ξι,
2345 5576 2496 5638 pag._
2523 5563 2655 5638 378,Δ
2679 5561 2751 5616 ad
2787 5561 2986 5638 Matth.
3023 5566 3191 5638 Forte
3237 5566 3696 5638 Chrysostomus
3737 5569 3914 5624 etiam

2262 5632 2530 5701 Origenis
2560 5633 3076 5691 animadversione
3102 5632 3387 5709 deceptus
3415 5645 3520 5694 est.
