4180 6484
1422 412 1793 487 COMMENT.
1832 424 1902 485 IN
1939 408 2385 485 MATTH/EUM.

3492 416 3593 482 I‘IO

187 564 277 637 ιγ’.
334 568 461 640 Περὶ
514 572 606 618 τοῦ
668 561 1041 638 παραλυτικοῦ.
1102 558 1225 631 (IX,
1277 557 1357 629 2).
1414 563 1518 631 Mp.
1575 555 1633 611 ε’.
1701 562 1831 612 Λου.
1860 557 1909 611 Α
1943 548 2040 610 Mr.
2074 557 2199 629 Περὶ
2248 559 2357 652 τῆς,
2386 552 2831 652 μεταμσρρὼσεως
2876 549 3260 625 τοῦςΧριστοῦ.
3292 549 3477 624 (XVII,
3510 553 3587 624 1),

186 432 290 498 100

403 653 485 726 ιγ’.
514 654 610 708 Ἰω.
644 652 709 714 ξ’.

191 740 281 799 ιδ’.
348 747 471 817 Περὶ
526 743 800 796 Ματθαίου
874 746 968 793 τοῦ
1020 738 1256 792 τελώνου.
1321 737 1429 807 (IX,
1478 734 1553 807 9).
1615 742 1720 809 Mp.
1789 755 1832 797 ς.

405 839 532 885 Λου.
568 827 655 886 ιδ’.

194 920 265 975 ιε’.
306 926 429 994 Περὶ
480 928 571 980 τῆς
622 921 879 994 θυγατρὸς
931 924 1023 970 τοῦ
1075 918 1537 990 ἀρχισυναγώγου.
1582 913 1691 985 (IX,
1723 912 1837 984 28).

400 1016 505 1084 Mp.
541 1006 632 1081 ιβ’.
658 1014 790 1067 Λου,
832 1006 919 1059 κε’.

188 1098 269 1162 ις’.
330 1103 459 1171 Περὶ
500 1106 596 1159 τῆς
651 1096 1060 1172 αἱμορῥοούσης.
1109 1094 1221 1166 (IX,
1267 1092 1381 1165 20).
1439 1094 1540 1167 Μρ.
1577 1090 1661 1162 ιγ’.
1693 1095 1830 1147 Λου.

401 1207 488 1248 κς.

187 1275 275 1337 ιζ.
308 1279 435 1349 Περὶ
465 1283 564 1327 τῶν
586 1271 685 1327 δύο
713 1272 932 1345 τυφλῶν.
966 1273 1072 1343 (IX,
1103 1270 1216 1343 27).

190 1364 280 1423 ιη’.
316 1369 443 1437 Περὶ
469 1370 559 1416 τοῦ
596 1360 1025 1435 δαιμονιζομένου
1064 1366 1258 1433 κωφοῦ.
1300 1359 1404 1430 (ΙΧ,
1441 1359 1552 1425 32).

192 1453 277 1509 ιϐ’.
338 1457 462 1525 Περὶ
512 1460 607 1515 τῆς
661 1460 759 1504 τῶν
818 1450 1117 1504 ἀποστόλων
1168 1447 1406 1521 έκλογῆς.
1462 1446 1553 1518 (X,
1602 1445 1680 1517 1.)
1730 1451 1837 1520 Mp.

408 1540 452 1599 η’
482 1547 570 1593 καὶ
598 1537 686 1599 ιδ’.
718 1547 847 1596 Λου.
878 1538 934 1601 ις’
964 1544 1053 1592 καὶ
1078 1536 1176 1599 κζ’.

188 1648 254 1703 κ’.
318 1652 441 1723 Περὶ
485 1656 584 1699 τῶν
644 1646 1029 1701 ἀποσταλέντων
1090 1647 1234 1721 παρὰ
1280 1643 1534 1699 Ἰωὰννου.
1593 1642 1705 1714 (XI,
1763 1640 1838 1711 2).

404 1742 536 1792 Λου.
565 1737 628 1792 κ’.

188 1841 292 1898 κα’.
326 1848 452 1917 Περὶ
480 1851 572 1896 τοῦ
619 1844 780 1918 ξηρὰν
815 1846 1025 1916 ἔχοντος
1055 1846 1149 1901 τὴν
1194 1848 1373 1915 χεῖρα.
1422 1840 1556 1912 (XII,
1590 1838 1700 1910 10).
1735 1844 1843 1912 Mp.

406 1931 470 1993 ζ’.
502 1938 633 1988 Λου.
669 1932 741 1987 ιε’.

2156 650 2259 716 Μρ.
2288 638 2379 698 κε’,
2412 647 2542 698 Λου.
2571 638 2633 696 λ’.

1943 749 2027 806 λε’.
2069 753 2193 822 Περὶ
2217 754 2309 801 τοῦ
2341 746 2797 819 σεληνιαζομένου.
2841 747 3023 819 (XVII,
3058 747 3162 820 I4).
3191 751 3295 825 Μρ.
3331 744 3423 811 κς’.
3461 753 3590 806 Λου.

2157 836 2232 891 λα’
2243 878 2259 895 .

1942 945 2037 1009 λς’.
2088 950 2213 1020 Περὶ
2238 952 2336 997 τῶν
2364 943 2640 996 αἰτούντων
2673 945 2739 996 τὰ
2764 940 3070 1017 διδραχμα.
3106 945 3302 1017 (XVII,
3332 948 3447 1019 24).

1943 1035 2045 1097 λζ’.
2094 1039 2219 1110 Περὶ
2248 1042 2347 1085 τῶν
2370 1032 2637 1105 λεγόντων,
2665 1033 2758 1093 Τίς
2781 1033 2993 1106 μείζων.
3028 1034 3236 1105 (XVIII,
3266 1036 3337 1108 ί),
3361 1043 3465 1111 MP.
3494 1036 3594 1103 κζ..

2160 1130 2287 1177 Λου.
2321 1120 2401 1195 λβ’
2416 1167 2430 1180 .

1946 1231 2042 1291 λη’.
2076 1236 2201 1307 Περὶ
2232 1238 2329 1283 τῶν
2362 1229 2540 1282 ἑκατὸν
2566 1229 2856 1304 προϐάτων.
2887 1231 3099 1303 (XVIII,
3130 1232 3239 1304 12).

1946 1319 2040 1376 λθ’.
2111 1323 2236 1393 Περὶ
2281 1325 2373 1372 τοῦ
2421 1317 2701 1391 ὀφείλοντος
2753 1322 2819 1373 τὰ
2868 1322 3035 1396 μύρια
3087 1323 3331 1380 τάλαντα.
3392 1321 3596 1397 (XVIII,

2160 1426 2275 1499 23).

1982 1534 2053 1607 μ’.
2098 1538 2221 1607 Περὶ
2263 1540 2362 1585 τῶν
2394 1533 2843 1605 έπερωτησάντων,
2895 1534 2939 1587 εἰ
2982 1535 3178 1598 ἔξεστιν
3208 1535 3474 1592 ἀπολῦσαι
3503 1542 3597 1599 τὴν

2159 1628 2400 1693 γυναῖκα.
2419 1620 2589 1690 (XIX,
2616 1622 2695 1691 3),
2722 1627 2826 1696 Mp.
2851 1622 2951 1681 κη’.

1949 1729 2054 1803 μα’.
2098 1734 2223 1803 Περὶ
2246 1736 2338 1781 τοῦ
2358 1730 2795 1801 ἓπερωτησάντος,
2824 1733 2911 1782 τὸν
2931 1730 3134 1789 Ἰησοῦν
3164 1732 3415 1787 πλουσίου
3440 1736 3593 1808 (XIX,

2168 1819 2274 1890 I6).
2302 1824 2405 1892 Mp.
2439 1813 2530 1870 κδ.
2562 1822 2691 1872 Λου.
2733 1817 2814 1889 εγ.

1951 1925 2063 2000 μβ..
2107 1930 2231 1999 ηιρι
2262 1932 2361 1977 τῶν
2385 1925 2744 1996 μισθουμένων
2770 1923 3011 2000 ἕργατῶν.
3043 1927 3176 2001 (XX.
3214 1931 3288 2003 1).

187 2018 297 2093 κβ.
332 2026 458 2094 Περὶ
486 2029 580 2074 τοῦ
611 2018 1048 2094 δαιμονιζομένου
1087 2018 1281 2093 τυφλοῦ
1323 2024 1411 2074 καὶ
1460 2023 1653 2091 κωφοῦ.
1699 2014 1841 2087 (XII,
1878 2004 1923 2061 Β
1952 2015 2059 2088 μγ.
2101 2019 2226 2089 Περὶ
2258 2021 2358 2065 τῶν
2386 2014 2509 2064 υἱῶν
2539 2009 2821 2066 Ζεϐεδαίου
2872 2017 3005 2087 (XX,
3035 2018 3143 2089 20).
3170 2026 3277 2093 Mp.
3302 2018 3362 2077 λ’.

402 2113 515 2180 22).
552 2116 683 2165 Λου.
714 2110 808 2164 λθ’.

187 2198 289 2270 κγ’.
321 2204 447 2274 Περὶ
492 2207 592 2250 τῶν
626 2198 907 2251 αἰτούντων
942 2204 1172 2270 σημεῖον.
1202 2196 1338 2268 (XII,
1521 2201 1643 2249 Λον.
1675 2192 1780 2266 μα’.

186 2282 293 2341 κδ’.
337 2291 465 2359 Περὶ
494 2294 595 2339 τῶν
624 2284 929 2361 παραϐολῶν
961 2284 1120 2354 (XIII,
1152 2287 1339 2357 2).Mp.
1376 2282 1441 2341 θ’.
1488 2289 1617 2339 Λου.
1651 2278 1735 2354 κβ¹
1755 2284 1844 2333 καὶ

447 2373 508 2430 θ’.

447 2396 508 2430 σ.

186 2480 281 2537 κε’.
322 2396 447 2555 Πεὲ
475 2479 709 2534 Ἰωάννου
749 2485 837 2533 καὶ
865 2477 1121 2553 Ἡρώδου.
1156 2477 1326 2549 (XIV,
1361 2478 1436 2550 1).
1466 2485 1571 2550 Mp.
1606 2475 1679 2531 ιε’.

188 2569 291 2630 κς“.
333 2574 457 2642 Περὶ
486 2577 586 2621 τῶν
611 2572 759 2622 πέντε
788 2571 978 2644 ἄρτων.
1010 2568 1132 2623 XIV
1160 2568 1293 2639 ,15).
1326 2568 1428 2640 Mp.
1466 2565 1544 2627 ις’.
1580 2571 1711 2623 Λου.
1743 2562 1844 2623 κη’.

409 2659 508 2721 Ἰω,
537 2658 601 2717 η’.

190 2747 292 2812 κζ’.
335 2679 660 2821 Πείίῗτοῗῖξν
690 2748 927 2821 θαλάσσῃ
957 2747 1265 2820 περιπάτου.
1300 2742 1460 2818 (XIV,
1488 2744 1599 2815 2'2).
1627 2750 1733 2819 Mp.
1760 2743 1813 2805 ιζ
1828 2785 1842 2798 .

447 2858 503 2891 ω.
541 2836 601 2892 θ’.

423 2840 503 2893 Ιω.
541 2840 601 2892 θ’.

195 2923 298 2983 κη’.
341 2930 464 3000 Περὶ
490 2934 585 2987 τῆς
609 2924 950 3002 παραϐάσεως
976 2932 1072 2985 τῆς
1094 2922 1292 2983 ἐντολῆς
1320 2928 1410 2975 τοῦ
1441 2928 1597 2979 Θεοῦ.
1622 2919 1753 2993 (XV,
1796 2920 1845 2991 1)

413 3021 519 3089 Μρ.
555 3013 639 3071 ιη’.
726 3076 729 3079 _

191 3119 289 3173 κθ’.
333 3126 455 3196 Περὶ
485 3129 579 3184 τῆς
606 3126 925 3182 Χαναναίας.
967 3120 1103 3191 (XV,
1129 3119 1242 3191 21).
1268 3126 1373 3193 Μρ.
1409 3116 1491 3173 ιϐ’.

225 3208 285 3263 λ’.
315 3215 439 3285 Περὶ
468 3218 567 3262 τῶν
593 3212 1000 3284 θεραπευθέντων
1023 3208 1214 3280 ὄχλων.
1249 3208 1380 3279 (XV,

185 3298 272 3354 λα.
314 3304 438 3373 Περὶ
467 3308 565 3351 τῶν
595 3299 724 3351 ἑπτὰ
754 3300 943 3370 ἄρτων.
990 3296 1126 3366 (XV,
1153 3296 1263 3366 32).
1296 3302 1404 3370 Mp.
1434 3293 1534 3349 κα’.

186 3386 297 3460 λβ.
346 3358 471 3459 ι’ίερὶ
519 3395 611 3447 τῆς
657 3358 833 3458 copi};
860 3393 959 3435 τῶν
998 3358 1302 3455 ’Φαρισαίων
1331 3358 1421 3435 καὶ
1452 3378 1845 3438 Σαδδουκαίων.
1878 3358 1919 3415 C

410 3474 579 3545 (XVI,
613 3475 690 3544 5).
716 3479 825 3547 Mp.
858 3471 963 3543 κβ,
996 3478 1124 3526 Λου.
1158 3468 1273 3543 μδν.

193 3562 293 3636 λεί.
326 3567 452 3637 Περὶ
482 3569 573 3623 τῆς
603 3560 651 3613 έν
678 3565 970 3637 Καισαρείᾳ
998 3559 1383 3635 ἐπερωτήσεως.
1412 3560 1566 3633 (XVI,
1597 3559 1709 3632 I'I).
1738 3567 1846 3635 Mp.

414 3646 515 3706 κδ’.
546 3656 676 3705 Λου.
703 3648 802 3706 κθ’.

193 3812 284 3867 13.
332 3809 409 3866 De
431 3808 775 3882 paralytico.

196 3900 285 3955 14.
326 3899 410 3955 De
434 3897 713 3955 Matthxi)
734 3895 1077 3967 publicano.

205 3989 286 4043 15.
330 3986 408 4042 De
428 3986 559 4055 filia
579 3985 1055 4057 archisynagogi.

198 4078 287 4133 16.
330 4077 414 4132 De
437 4074 679 4132 muliere
707 4074 1015 4146 sanguinis
1033 4073 1320 4145 proﬂuvio
1344 4072 1672 4131 laborante.

197 4166 288 4221 17.
328 4166 415 4221 De
442 4163 657 4220 duobus
683 4164 869 4220 caecis.

198 4255 284 4309 18.
329 4252 411 4310 De
439 4252 796 4309 daemoniaco
822 4257 1004 4307 muto.

200 4343 285 4399 19.
326 4343 403 4398 De
430 4341 820 4413 apostolorum
846 4342 1147 4397 electione.

192 4434 283 4487 20.
327 4429 411 4486 De
433 4426 730 4497 discipulis
751 4443 787 4484 a
815 4428 1043 4485 Joanne
1072 4427 1275 4484 missis.

192 4523 284 4575 21.
327 4519 409 4575 De
433 4534 495 4575 eo
527 4516 625 4589 qui
656 4533 889 4573 manum
933 4517 1177 4574 habebat
1206 4516 1460 4575 aridam.

195 4609 286 4665 22.
328 4610 415 4664 De
446 4606 804 4663 dzmoniaco
834 4622 983 4663 caeco
1013 4612 1067 4663 et
1098 4612 1283 4663 muto.

195 4699 287 4754 23.
330 4698 417 4752 De
444 4694 881 4766 requirentibus
906 4696 1161 4766 signum.

195 4787 288 4843 24.
331 4784 417 4841 De
440 4783 763 4855 parabolis.

197 4876 290 4931 25.
332 4874 416 4931 De
448 4874 685 4931 Herode
722 4874 1039 4941 tetrarcha,
1073 4872 1177 4945 qui
1222 4872 1506 4932 Joannem
1537 4874 1855 4935 interemit.

198 4968 291 5019 26.
333 4964 413 5019 De
454 4962 710 5034 quinque
730 4962 1007 5033 panibus.

200 5052 292 5107 27.
336 5055 415 5109 De
438 5050 834 5107 ambulatione
866 5050 1086 5107 Christi
1110 5066 1288 5121 super
1316 5067 1508 5110 mare.

198 5144 292 5199 28.
336 5140 411 5197 De
445 5139 905 5209 transgressione
931 5140 1200 5211 praecepti
1230 5141 1354 5197 Dei.

203 5233 291 5286 29.
332 5231 419 5286 De
437 5228 742 5286 Phwnissa
760 5243 857 5283 seu
889 5228 1251 5288 Chananaea.

198 5320 289 5376 30.
330 5320 415 5376 De
440 5317 625 5374 turbis
653 5318 904 5374 sanatis.

198 5409 291 5466 31.
329 5408 417 5464 De
451 5410 659 5477 septem
690 5406 969 5477 panibus.

199 5501 288 5557 32.
326 5498 416 5554 De
437 5496 731 5568 fermento
762 5494 1204 5553 Pharisaeorum
1231 5501 1285 5554 et
1310 5495 1781 5556 Sadducatorum.

201 5588 292 5645 33.
330 5585 413 5645 De
435 5585 893 5659 interrogatione
917 5584 1066 5657 apud
1098 5584 1437 5646 Caesaream.

205 5680 297 5737 34.
336 5675 419 5735 De
447 5674 975 5748 trans/ormatione
1013 5673 1258 5733 Christi.

1952 2101 2061 2178 μὸν.
2097 2109 2222 2177 Περὶ
2272 2110 2372 2155 τῶν
2405 2098 2503 2154 δύο
2549 2102 2768 2174 τυφλῶν.
2821 2105 2961 2176 (XX,
3001 2108 3113 2180 29).
3168 2110 3271 2182 Mp.
3327 2108 3421 2166 λα’.
3467 2115 3597 2164 Λου.

2166 2190 2265 2255 ξδ’.

1954 2300 2047 2374 με’.
2090 2307 2214 2375 Περὶ
2235 2310 2324 2363 τῆς
2356 2306 2476 2357 ῧνου
2502 2308 2590 2358 καὶ
2616 2309 2708 2357 τοῦ
2737 2303 2909 2357 πώλου
2926 2305 3082 2377 (XXI,
3114 2306 3185 2379 1).
3206 2312 3313 2382 Μρ.
3333 2304 3437 2379 λβ.
3469 2312 3601 2363 Λου.

2169 2391 2264 2457 ξη’,
2297 2392 2393 2447 Ἰω.
2426 2390 2517 2452 ιδ’,

1955 2497 2053 2572 μέ.
2084 2503 2209 2572 Περὶ
2236 2508 2333 2551 τῶν
2365 2500 2565 2574 τυφλῶν
2595 2506 2683 2553 καὶ
2711 2500 2917 2574 χωλῶν.
2964 2502 3117 2573 (XXI,
3156 2505 3276 2569 14).

1955 2587 2062 2661 μζ.
2126 2592 2250 2731 Πὶρι
2301 2598 2396 2653 τῆς
2461 2590 2805 2667 ξηρανθείσης
2879 2588 3065 2653 συκῆς.
3123 2592 3251 2661 XXI,
3341 2590 3444 2652 18).
3497 2598 3603 2669 Mp.

2196 2699 2264 2731 Ὗ.

2196 2699 2264 2751 7.

1955 2784 2062 2859 μυί.
2107 2790 2230 2859 Περὶ
2285 2794 2385 2839 τῶν
2438 2785 2871 2861 ἐπερωτησάντων
2926 2792 3014 2841 τὸν
3071 2792 3259 2863 Κύριον
3316 2788 3603 2867 ἀρχιερέων

2168 2899 2258 2945 καὶ
2286 2892 2664 2969 πρεσϐυτέρων.
2699 2895 2851 2965 (XXI,
2883 2897 2995 2967 23).
3028 2903 3133 2970 Mp.
3162 2896 3245 2952 λε’.
3282 2903 3412 2955 Λου.
3444 2896 3537 2960 ἔθ’.

1957 2982 2061 3056 μθ’.
2093 2988 2217 3057 Περὶ
2248 2992 2347 3035 τῶν
2378 2979 2475 3035 δύο
2504 2985 2629 3035 υἱῶν
2654 2986 2945 3060 παραϐολή.
2980 2989 3131 3057 (XXI,
3164 2988 3275 3058 28).

1991 3070 2050 3127 ν’.
2084 3076 2205 3147 Περὶ
2257 3079 2349 3124 τοῦ
2383 3069 2677 3144 ἀμπελῶνος
2704 3074 2995 3148 παραϐολή.
3031 3075 3201 3147 (XXI,
3229 3075 3342 3148 33).
3373 3082 3477 3151 Mp.
3501 3075 3600 3139 λς’.

2173 3171 2300 3222 Λου.
2335 3166 2394 3225 ο’.

1956 3269 2052 3329 να’.
2093 3278 2217 3349 Περὶ
2242 3283 2341 3327 τῶν
2367 3275 2688 3349 καλουμένων
2720 3275 2785 3335 εἰς
2813 3277 2899 3326 τὸν
2927 3274 3115 3345 γάμον.
3151 3272 3330 3344 (XXII,
3369 3272 3436 3345 I).
3476 3278 3601 3329 Λου.

2170 3359 2267 3418 νδ.

1957 3466 2064 3541 νβ’.
2112 3474 2237 3541 Περὶ
2267 3478 2357 3523 τοῦ
2383 3476 2600 3531 κήνσου.
2635 3470 2815 3542 (XXII,
2850 3470 2961 3540 I5).
2990 3476 3095 3542 Mp,
3127 3467 3221 3529 λζ’.
3269 3474 3399 3522 Λου.
3428 3467 3525 3525 οα’.

1957 3557 2052 3630 νγ.
2095 3563 2220 3635 Περὶ
2261 3568 2359 3612 τῶν
2386 3558 2777 3615 Σαδδουκαίων.
2828 3560 2962 3631 (XX,
3010 3560 3122 3630 23).
3175 3564 3285 3630 Μρ.
3333 3556 3434 3616 λη’.
3474 3564 3604 3615 Λου.

2312 3647 2417 3722 οβ’.

1962 3814 2051 3869 35.
2091 3811 2177 3868 De
2207 3810 2483 3867 lunatico.

1960 3898 2050 3954 36.
2090 3900 2176 3955 De
2203 3898 2574 3969 exigentibus
2604 3894 2975 3953 didrachma.

1958 3988 2049 4045 37.
2090 3988 2176 4044 De
2209 3987 2556 4053 dicentibus,
2589 3986 2723 4059 quis
2754 3986 2966 4056 major.

1962 4076 2049 4131 38.
2091 4077 2175 4131 De
2192 4082 2420 4133 centum
2451 4076 2671 4134 ovibus.

1961 4168 2050 4222 39.
2090 4166 2173 4220 De
2200 4180 2266 4221 eo
2285 4165 2385 4236 qui
2404 4164 2639 4221 debebat
2666 4164 2862 4221 decem
2895 4162 3080 4219 millia
3106 4162 3485 4218 talentorum.

1960 4253 2049 4309 40.
2092 4253 2176 4310 De
2201 4254 2677 4324 interrogatione,
2718 4267 2797 4310 an
2832 4252 3031 4309 liceret
3073 4250 3391 4308 divortium
3413 4250 3610 4320 facere

2033 4357 2161 4399 cum
2192 4357 2393 4398 uxore.

1960 4430 2050 4485 41.
2094 4430 2177 4487 De
2200 4430 2381 4489 divite
2407 4430 2798 4500 interrogante
2823 4429 3042 4485 Jesum.

1960 4522 2048 4575 42.
2092 4519 2178 4575 De
2201 4518 2464 4575 mercede
2493 4517 2788 4575 conductis
2818 4517 3127 4589 operariis.

1961 4610 2049 4664 43.
2092 4609 2179 4664 De
2204 4606 2341 4674 ﬁliis
2366 4607 2639 4665 Zebedai.

1883 4714 1929 4769 Ι)
1962 4697 2051 4752 44.
2094 4698 2177 4752 De
2204 4696 2427 4753 duobus
2448 4699 2637 4754 cacis.

1961 4786 2050 4841 45.
2090 4787 2175 4842 De
2202 4788 2375 4843 asina
2413 4792 2467 4843 et
2502 4786 2695 4855 pullo.

1962 4876 2051 4930 46.
2090 4875 2173 4931 De
2202 4876 2361 4932 caecis
2393 4881 2447 4932 et
2472 4875 2727 4931 claudis.

1964 4966 2050 5021 47.
2090 4966 2173 5020 De
2198 4964 2313 5033 ﬁcu
2341 4979 2470 5035 quae
2495 4966 2751 5021 exaruit.

1964 5057 2051 5109 48.
2092 5054 2179 5110 De
2228 5054 2591 5123 principibus
2630 5054 3003 5110 sacerdotum
3068 5060 3121 5111 et
3150 5051 3467 5109 senioribus
3500 5053 3617 5109 Do-

2033 5142 2253 5199 minum
2282 5143 2806 5213 interrogantibus.

1965 5234 2051 5287 49.
2099 5233 2180 5287 De
2205 5231 2417 5287 duobus
2443 5232 2586 5299 ﬁliis
2615 5230 2929 5299 parabola.

1962 5322 2052 5376 50.
2100 5322 2188 5378 De
2212 5321 2384 5379 vinea
2421 5319 2738 5390 parabola.

1968 5396 2054 5464 51.
2098 5411 2179 5465 De
2207 5408 2429 5465 vocatis
2458 5408 2537 5465 ad
2574 5406 2837 5477 nuptias.

1878 5514 1881 5517 ·
1968 5501 2055 5554 52.
2094 5498 2181 5554 De
2215 5496 2604 5569 quaerentibus
2628 5496 2915 5554 occasione
2944 5510 3175 5556 census.

1965 5585 2056 5642 53.
2099 5590 2173 5643 De
2202 5585 2562 5643 Sadduczis.

1972 5675 2058 5735 5'4.
2098 5677 2182 5741 De
2206 5676 2347 5749 legis
2376 5676 2633 5736 doctore.
