4180 6452
586 385 681 442 111

1880 375 2233 433 EUTHYMII
2273 372 2599 436 ZIGABENI

3892 383 4002 440 112

581 509 678 567 νδό
722 511 848 586 Πέρὶ
893 509 986 566 τοῦ
1023 507 1442 585 ἔπερωτήσαντος
1474 512 1709 580 νομικοῦ.
1743 504 1928 577 (XXII,
1968 505 2075 575 54).
2118 511 2222 579 Μρ.
2259 501 2306 557 Α
2340 501 2440 575 ξβζ
2483 507 2607 575 Περὶ
2655 511 2747 565 τῆς
2787 502 3076 575 ἀλειψάσης
3109 507 3194 558 τὸν
3245 507 3431 580 Κύριον
3459 508 3628 582 μύρῳ.
3657 508 3866 580 (XXVI,
3902 516 3989 582 6).

793 602 884 654 λθ’·
919 608 1048 656 Λου.
1081 599 1164 655 λε’.

577 711 663 748 νε.
700 695 825 766 Περὶ
860 699 950 752 τῆς
986 697 1076 744 τοῦ
1114 694 1309 765 Κυρίου
1358 689 1720 764 ἐπερωτήσεως
1751 689 1881 760 πρὸς
1920 687 2039 746 τοὺς
2071 690 2226 758 Φαρι-

788 785 990 841 σαίους.
1033 780 1220 852 (XXII,
1249 779 1354 848 41).
1387 785 1494 850 Μρ.
1527 774 1598 848 μ’.
1628 781 1756 828 Λου.
1793 781 1894 845 ογ“.
1940 834 1947 843 ,

573 867 653 931 νς’.
699 873 824 943 Περὶ
871 876 963 922 τοῦ
1021 868 1344 940 ταλανισμοῦ
1382 874 1482 919 τῶν
1544 867 1888 938 Γραμματέων
1936 867 2024 914 καὶ
2069 868 2224 935 Φαρι-

791 963 975 1012 σαίων.
1012 957 1218 1028 (XXIII,
1261 957 1369 1027 13).
1411 961 1540 1008 Λου.
1576 952 1682 1026 μγ’.

571 1046 668 1110 νζ.
711 1051 837 1120 Περὶ
871 1055 962 1107 τῆς
1019 1043 1324 1105 συντελείας.
1367 1042 1583 1114 (XXIV,
1646 1040 1720 1110 3).
1785 1047 1889 1113 Μρ.
2079 1045 2212 1094 Λου.

787 1155 870 1191 οε.

572 1224 648 1285 νη’
688 1231 813 1302 Περὶ
843 1233 938 1289 τῆς
967 1225 1162 1300 ἡμέρας
1190 1222 1383 1286 ἐκείνης
1411 1225 1499 1275 καὶ
1526 1240 1679 1294 ωρας.
1725 1219 1925 1292 (XXIV,
1961 1221 2072 1289 36).
2111 1223 2215 1294 Μρ.

786 1336 893 1388 er-

571 1404 643 1458 νϐ’
682 1409 808 1478 Περὶ
846 1412 946 1456 τῶν
976 1400 1106 1457 δέκα
1134 1404 1420 1478 παρθένων.
1463 1402 1639 1471 (XXV,
1681 1400 1751 1466 1).

607 1493 670 1556 ξ’.
711 1498 836 1569 Περὶ
862 1502 962 1546 τῶν
1000 1495 1067 1546 τὰ
1093 1492 1318 1546 τάλαντα
1352 1489 1628 1545 λαϐόντων.
1660 1488 1841 1559 (XXV,
1879 1488 1995 1558 14).

573 1581 666 1646 Eoi.
711 1588 832 1658 Περὶ
864 1592 957 1647 τῆς
988 1583 1232 1644 ἐλεύσεως
1256 1589 1347 1634 τοῦ
1385 1587 1620 1654 Χριστοῦ
1650 1579 1830 1649 (XXV,
1867 1579 1976 1647 3t).

570 1765 654 1818 55.
696 1763 785 1819 De
809 1761 1256 1833 interrogatione
1284 1760 1366 1818 ad
1399 1759 1749 1816 Pharisavos.

570 1851 654 1906 56.
692 1851 776 1908 De
812 1851 1215 1922 deploratione
1243 1850 1584 1908 Scribarum
1613 1854 1663 1904 et
1695 1847 2146 1905 Pharisaeorum.

570 1944 657 1996 5‘7.
697 1943 780 1998 De
809 1941 1313 1998 consummatione.

571 2028 658 2085 58.
696 2030 786 2086 De
813 2021 908 2086 die
935 2036 986 2087 et
1011 2030 1177 2088 hora.

570 2121 653 2174 59.
695 2119 784 2174 De
809 2118 994 2176 decem
1023 2119 1364 2191 virginibus.

567 2207 656 2262 60.
698 2207 775 2264 De
805 2208 1062 2266 talentis.

566 2295 659 2356 61.
705 2298 793 2354 De
819 2297 1077 2355 adventu
1120 2295 1358 2354 Christi.

562 2547 1023 2606 EVANGELII
1041 2547 1469 2605 SECUNDUM
1483 2547 1596 2602 ΜΛ
1613 2547 1960 2604 ΤΤΗίΕΠΜ
1978 2548 2211 2604 ENAR-

632 2637 874 2693 RATIO
922 2638 1228 2708 diligenter
1295 2637 1360 2692 ab
1441 2636 1752 2706 Euthymio
1810 2637 2042 2693 collecta
2107 2653 2210 2708 qui

633 2727 879 2784 maxime
929 2727 1163 2798 quidem
1212 2742 1282 2783 ea:
1334 2727 1824 2795 interpretatione
1874 2727 2066 2782 sancti
2104 2727 2211 2784 Pa-

633 2815 739 2872 tris
777 2816 970 2872 nostri
1017 2817 1264 2872 Joannis
1307 2814 1722 2885 Chrysostomi,
1774 2821 2060 2885 praeterea
2100 2821 2152 2872 et
2181 2831 2210 2872 e

631 2903 877 2962 diversis
907 2903 1041 2962 aliis
1087 2903 1358 2959 Patribus
1413 2903 1680 2974 quaedam
1735 2903 1793 2957 in
1839 2902 2082 2959 medium
2121 2911 2208 2960 at-

2551 599 2654 663 Μρ.
2687 589 2933 664 μὸ’.Λου.
2968 594 3073 650 καλ
3118 594 3218 652 Ἰω.
3262 594 3353 667 ιβ’.

2336 680 2430 751 ξγ’.
2474 685 2598 753 Περὶ
2633 689 2728 742 τῆς
2760 682 3063 755 ἑτοιμασίας
3099 692 3190 736 τοῦ
3227 687 3445 756 Πάσχα.
3496 687 3688 756 (XXVI,
3725 688 3838 758 I7).
3874 696 3986 763 Μρ.

2547 790 2609 842 με
2628 810 2640 820 .
2677 776 2804 826 Λου.
2831 771 2918 834 ος’.

2335 855 2434 921 ξδ’.
2478 865 2598 934 Περὶ
2636 865 2847 914 Δείπνου
2886 871 3164 934 μυστικοῦ.
3194 864 3397 935 (XXVI,
3429 865 3539 937 26).
3580 873 3682 939 Μρ.
3716 867 3814 940 μς.
3851 874 3986 924 Λου.

2547 969 2632 1012 ος.

2333 1037 2414 1100 ξε.
2458 1045 2583 1111 Περὶ
2621 1048 2716 1103 τῆς
2750 1039 3088 1114 παραδόσεως
3119 1051 3210 1096 τοῦ
3250 1043 3444 1102 Ἰησοῦ.
3490 1046 3692 1117 (XXVI,
3725 1048 3837 1120 ⁴46).
3871 1056 3985 1122 Μρ.

2575 1152 2672 1202 μς·

2329 1215 2420 1279 ξς’.
2470 1224 2595 1293 Περὶ
2629 1227 2720 1282 τῆς
2752 1219 3013 1295 ἀρνήσεως
3056 1230 3146 1275 τοῦ
3187 1228 3407 1298 Πέτρου.
3447 1225 3652 1296 (XXVI,
3683 1228 3800 1298 69).
3859 1235 3978 1302 Μρ.

2539 1311 2647 1381 μζ.
2671 1317 2799 1366 Λου.
2826 1311 2922 1369 οη’.

2329 1396 2423 1458 EC.
2466 1403 2589 1472 Περὶ
2624 1408 2713 1461 τῆς
2737 1397 2913 1453 Ἰούδα
2936 1401 3290 1474 μεταμελείας.
3321 1403 3558 1473 (XXVII,
3591 1403 3668 1476 3).

2330 1485 2430 1547 512'.
2481 1493 2604 1562 Περὶ
2628 1497 2716 1549 τῆς
2730 1491 2979 1552 αἰτήσεως
3002 1492 3093 1544 τοῦ
3118 1498 3358 1564 σώματος
3378 1501 3468 1546 τοῦ
3492 1495 3690 1552 Ἰησοῦ.
3726 1494 3984 1565 (XXVII,

2541 1578 2659 1649 57).
2709 1586 2815 1652 Μρ.
2849 1581 2961 1653 μη’,
3003 1587 3138 1637 Λου.
3178 1579 3299 1653 πβ¹.
3349 1582 3451 1637 ’1ω.
3485 1583 3573 1642 ιη’.

2330 1762 2418 1813 62.
2460 1758 2542 1815 De
2569 1774 2638 1816 ea
2662 1775 2792 1830 quae
2829 1762 3006 1819 unxit
3047 1763 3351 1819 Dominum
3391 1772 3708 1836 unguento.

2256 1855 2301 1911 Β
2331 1850 2422 1904 63.
2471 1848 2872 1920 Interrogatio
2901 1850 2968 1906 de
2993 1853 3426 1922 przparatione
3458 1855 3724 1912 Pascha.

2331 1941 2423 1993 64.
2470 1939 2551 1992 De
2583 1940 2760 1995 Coena
2785 1942 3052 2011 mystica.

2331 2029 2422 2083 65.
2471 2029 2558 2084 De
2587 2028 2912 2085 traditione
2940 2031 3094 2085 Jesu.

2329 2120 2415 2172 66.
2455 2118 2541 2172 De
2564 2119 2863 2188 negatione
2893 2119 3083 2175 Petri.

2325 2207 2420 2263 67.
2469 2209 2550 2264 De
2581 2206 2750 2263 Judte
2782 2208 3132 2277 paenitentia.

2327 2296 2421 2352 68.
2464 2297 2545 2351 De
2569 2296 2841 2367 petitione
2867 2299 3129 2367 corporis
3151 2298 3402 2355 Domini.

2325 2553 2659 2601 EPMHNEIA
2718 2555 2850 2601 ΤΟΥ
2907 2555 3083 2602 ΚΑΤΑ
3135 2555 3492 2602 ΜΑΤΘᾹΙΟΝ
3533 2555 3972 2622 ΕΥΑΓΓΕΛΙΟΥ,

2393 2639 2492 2689 ὑπὸ
2549 2639 2812 2709 Εὐθυμίου
2861 2638 3143 2710 φιλοπόνως
3192 2638 3544 2712 ὶρανισθεῐσα,
3597 2639 3827 2711 μάλιστα
3882 2645 3976 2712 μὲν

2393 2725 2493 2778 ἀπὸ
2525 2735 2620 2786 τῆς
2651 2727 2944 2797 ἐξηγήσεως
2981 2734 3070 2779 τοῦ
3112 2730 3162 2778 ἓν
3195 2727 3361 2798 ἁγίοις
3387 2731 3592 2799 Πατρός
3625 2730 3769 2801 ἡμῶν
3798 2727 3973 2781 Ἰωάν-

2388 2845 2475 2877 νου
2515 2833 2604 2878 τοῦ
2633 2830 3030 2898 Χρυσοστὸμου,
3065 2828 3138 2877 ἔτι
3169 2822 3228 2878 δε
3257 2831 3345 2877 καὶ
3372 2827 3473 2877 ἀπὸ
3515 2822 3549 2877 δ
3556 2831 3777 2900 ιαφόρων
3809 2826 3972 2878 ἄλλων

2391 2929 2648 2998 Ηατέρων,
2693 2929 3156 2994 συνεισενεγκόντος
3209 2926 3324 2976 τινὰ
3361 2928 3570 2976 καὶτοῦ
3609 2929 3803 2982 ταύτην
3856 2924 3972 2998 ἐρα-

631 2996 786 3058 tulit,
839 3000 891 3051 et
932 2993 1083 3051 hanc
1125 2993 1585 3064 explanationem
1631 2993 1693 3048 in
1727 3008 1909 3049 unum
1941 2993 2199 3066 collegit.

2387 2993 2661 3086 νισαμένου
2676 3056 2688 3069 .
2719 3013 2883 3085 Ἀμήν
3008 3058 3019 3069 .

628 3084 824 3141 Amen.

628 3173 896 3230 Primum
925 3171 1172 3246 quidem
1203 3187 1296 3227 res
1326 3170 1532 3227 fuisset
1572 3170 1832 3226 maxime
1862 3172 2206 3237 commoda,

558 3261 604 3318 si
635 3262 964 3319 litterarum
993 3261 1168 3317 nobis
1198 3276 1319 3316 non
1351 3265 1506 3316 esset
1533 3275 1685 3332 opus
1715 3259 1953 3324 auxilio,
1990 3261 2095 3316 sed
2127 3266 2209 3319 ta-

554 3351 674 3408 lem
705 3352 1031 3408 viveremus
1062 3351 1267 3414 vitam,
1316 3354 1380 3406 ut
1409 3351 1588 3406 corda
1618 3354 1824 3406 nostra
1857 3350 1980 3405 vice
2030 3350 2208 3407 libro-

553 3457 690 3498 rum
715 3441 886 3497 nobis
910 3447 1129 3508 essent,
1151 3446 1207 3496 et
1225 3438 1733 3512 quemadmodum
1761 3439 1821 3493 hi
1849 3444 2203 3506 atramento,

557 3530 640 3586 ita
657 3529 756 3585 illa
779 3529 995 3600 Spiritu
1011 3529 1499 3584 inscriberentur.
1526 3528 1740 3581 Verum
1756 3528 1892 3596 quia
1899 3528 2026 3598 jam
2049 3527 2208 3584 hanc

556 3619 886 3690 repulimus
916 3617 1188 3688 gratiam,
1221 3616 1453 3672 utinam
1481 3614 1574 3670 vel
1599 3615 1930 3671 secundum
1952 3617 2211 3688 amplexi

559 3705 878 3762 fuissemus
910 3705 1260 3770 remedium,
1312 3709 1368 3759 et
1410 3703 1613 3758 litteris
1644 3703 1723 3759 ad
1754 3702 1813 3757 id
1861 3705 2024 3776 quod
2055 3721 2209 3777 opus

557 3799 703 3866 erat,
760 3793 850 3849 usi
899 3793 1239 3848 fuissemus.
1284 3793 1382 3848 His
1412 3807 1698 3864 namque,
1747 3792 1847 3864 qui
1880 3793 1987 3848 sub
2018 3795 2206 3851 Veteri

557 3883 722 3940 fuere
751 3886 1146 3947 Testamento,
1193 3888 1338 3954 puta
1391 3884 1532 3952 Noe,
1583 3881 1908 3946 Abraham,
1957 3883 2206 3957 ejusque

557 3971 828 4045 posteris,
864 3971 978 4043 ipsi
1007 3975 1293 4043 prmterea
1328 3970 1442 4027 Job
1478 3986 1548 4027 ac
1577 3971 1740 4037 Mosi,
1780 3986 1900 4026 non
1927 3988 2027 4043 per
2056 3973 2202 4030 litte-

556 4076 677 4126 ras,
721 4059 828 4116 sed
858 4075 964 4132 per
1017 4059 1278 4132 seipsum
1331 4059 1562 4116 locutus
1612 4065 1703 4116 est
1757 4061 1946 4120 Deus:
1990 4078 2204 4135 nempe

557 4150 659 4222 qui
681 4154 908 4206 mentes
930 4164 1136 4204 eorum
1167 4164 1350 4221 puras
1380 4149 1618 4222 reperit.
1653 4153 1970 4224 Postquam
2002 4157 2202 4208 autem

553 4239 618 4296 in
669 4239 872 4310 ipsum
921 4237 1195 4294 vitiorum
1245 4237 1593 4295 barathrum
1639 4239 1846 4294 cecidit
1886 4239 2202 4296 universus

554 4327 939 4385 Hebraeorum
985 4327 1263 4400 populus,
1306 4332 1432 4383 tum
1471 4327 1554 4382 eis
1601 4328 1819 4384 tabulae
1872 4345 1941 4385 ac
1997 4329 2200 4386 litteras

2330 4364 2401 4411 ιαὶ
2476 4361 2504 4416 ἡ
2568 4355 2661 4410 διά
2712 4361 2903 4409 τούτων
2957 4359 3277 4430 ὑπόμνησις.
3341 4357 3564 4430 Ὀμοίως

555 4419 796 4490 reliqum
818 4417 1072 4482 fuerunt,
1095 4424 1156 4473 ut
1179 4417 1403 4490 perhas
1420 4418 1843 4490 praeteritorum
1868 4425 2203 4474 occurreret

553 4507 866 4564 memoria.
901 4506 1176 4562 Similiter
1193 4511 1393 4562 autem
1405 4513 1460 4562 et
1479 4507 1569 4562 his
1592 4507 1692 4580 qui
1718 4509 1830 4562 sub
1854 4511 2016 4564 Novo
2039 4508 2201 4563 fuere

552 4598 948 4660 Testamento,
975 4593 1232 4666 quisque
1254 4593 1450 4650 videre
1469 4596 1684 4667 poterit
1706 4596 1862 4650 idem
1888 4595 2197 4652 accidisse.

553 4687 750 4757 Neque
773 4682 930 4739 enim
957 4683 1240 4755 apostolis
1268 4684 1505 4740 tradidit
1525 4685 1676 4739 Deus
1696 4683 2032 4757 quidquam
2063 4684 2201 4740 scri-

552 4779 747 4846 ptum,
799 4771 904 4828 sed
953 4772 1279 4830 litterarum
1331 4773 1477 4838 loco,
1532 4773 1784 4845 Spiritus
1842 4774 2032 4828 sancti
2072 4788 2198 4844 gra-

551 4861 694 4918 tiam
726 4877 787 4917 se
818 4863 900 4918 eis
930 4861 1205 4918 daturum
1235 4862 1608 4934 repromisit:
1645 4863 1772 4932 Ille,
1809 4861 1997 4934 inquit
2027 4863 2197 4919 vobis

549 4957 812 5024 suggeret
843 4953 1040 5008 omnia
1077 4953 1270 5024 (Joan.
1308 4968 1422 5018 xw,
1471 4951 1591 5021 26).
1652 4952 1720 5005 Ut
1755 4956 1954 5006 autem
2000 4952 2197 5008 discas

544 5039 722 5112 longe
753 5041 812 5096 id
842 5040 1052 5097 melius
1081 5041 1283 5104 fuisse,
1316 5039 1479 5107 audi,
1521 5039 1662 5110 quid
1705 5055 1810 5111 per
1841 5041 2196 5112 prophetam

546 5130 706 5188 dicat
733 5147 744 5186 :
772 5131 1039 5189 Statuam
1077 5133 1154 5187 eis
1181 5131 1590 5191 testamentum
1623 5145 1850 5192 novum,
1882 5129 2019 5186 dans
2047 5130 2195 5202 leges

619 5231 636 5268 ³
677 5231 850 5301 Joan,
879 5247 1001 5301 xiv,
1033 5233 1128 5290 26.

2391 3128 2596 3194 Πρῶτον
2627 3124 2715 3193 μὲν
2749 3119 2941 3191 ἀγαθὸν
2977 3117 3054 3182 ἦν,
3087 3125 3157 3191 μὴ
3194 3117 3402 3172 δεῖσθαι
3442 3122 3578 3192 ἡμᾶς
3608 3127 3702 3182 τῆς
3734 3119 3832 3173 ἀπὸ
3871 3130 3969 3173 τῶν

2313 3221 2630 3293 γραμμάτων
2653 3215 3031 3290 βοηθείας,ἀλλ’
3057 3217 3190 3269 οὕτω
3223 3219 3552 3292 παρέχεσθαι
3574 3216 3690 3290 βίον
3721 3220 3970 3291 καθαρὸν³

2313 3317 2448 3386 ὣστε
2478 3319 2568 3378 τὰς
2611 3318 2859 3388 ἡμετέρας
2907 3312 3133 3388 καρδίας
3172 3315 3282 3368 ἀντὶ
3328 3315 3544 3388 βιϐλίων
3587 3319 3848 3388 γίνεσθαι,
3882 3322 3971 3370 καὶ

2314 3417 2544 3487 καθάπερ
2571 3423 2736 3466 ταῦτα
2767 3410 2801 3466 δ
2806 3417 2857 3465 ια
2887 3413 3119 3486 μέλανος,
3153 3415 3286 3466 οὕτω
3325 3417 3521 3476 ταύτας
3551 3410 3645 3466 διὰ
3677 3418 3970 3488 Πνεύματος

2315 3513 2688 3587 ἐγγεγράφθαι.
2731 3513 2871 3565 Ἐπεὶ
2899 3508 2958 3565 δὴ
2987 3514 3180 3569 ταύτην
3213 3509 3633 3585 διεκρουσάμεθα
3659 3518 3754 3571 τὴν
3784 3517 3967 3586 χάριν²

2316 3615 2450 3686 φέρε,
2488 3610 2582 3662 κᾶν
2634 3614 2720 3662 τὸν
2779 3606 3017 3682 δεύτερον
3088 3609 3449 3683 ἀσπασώμεθα
3494 3610 3673 3676 πλοῦν,
3725 3617 3814 3663 καὶ
3865 3619 3968 3672 τοῖς

2314 3713 2622 3783 γράμμασιν
2671 3709 2738 3770 εἰς
2780 3706 2895 3760 δίον
2947 3710 3293 3781 χρησώμεθα.
3345 3713 3444 3761 Καὶ
3495 3711 3595 3784 γὰρ
3636 3711 3720 3761 ἰπὶ
3763 3717 3860 3761 τῶν
3917 3708 3967 3761 ἓν

2314 3816 2375 3879 τῇ
2421 3807 2641 3878 Παλαιᾴ,
2699 3816 2769 3877 τῷ
2811 3814 2921 3858 Νῶε
2973 3810 3058 3858 καὶ
3110 3815 3181 3876 τῷ
3237 3805 3472 3878 Ἀϐραὰμ
3520 3812 3608 3858 καὶ
3660 3804 3765 3868 τοῖς
3810 3805 3965 3879 ἐγγό-

2312 3917 2419 3958 νοις
2453 3904 2560 3957 τοῖς
2613 3895 2825 3964 ἐκείνου,
2861 3900 2950 3947 καὶ
2989 3903 3060 3965 τῷ
3104 3894 3242 3963 Ἰὼϐ,
3275 3900 3363 3946 καὶ
3402 3904 3472 3966 τῷ
3504 3898 3722 3969 Μωυσῇ,
3773 3896 3831 3948 οὗ
3873 3893 3968 3950 διὰ

2311 3996 2632 4069 γραμμάτων
2686 3995 2710 4045 ὁ
2751 3996 2900 4064 Θεὸς,
2935 3991 3063 4044 ἀλλὰ
3103 3989 3157 4044 δι
3184 3991 3380 4045 ’ἑαυτοῦ
3423 3989 3696 4065 διελέγετο,
3730 3995 3964 4067 καθαρὰν

2313 4093 2566 4165 εὑρίσκων
2642 4091 2808 4142 αὐτων
2871 4095 2964 4147 τὴν
3031 4086 3292 4145 διάνοιαν.
3361 4091 3502 4143 Ἐπεὶ
3557 4087 3614 4143 δε
3681 4091 3753 4152 εἰς
3809 4090 3964 4144 αὐτὸν

2313 4185 2399 4233 τὸν
2454 4176 2548 4240 τῆς
2596 4184 2779 4239 κακίας
2831 4177 3030 4231 ἐνέπεσε
3085 4181 3319 4251 πυθμένα
3375 4186 3476 4239 πᾶς
3532 4182 3556 4231 ὁ
3614 4188 3711 4232 τῶν
3759 4179 3962 4256 Ἐϐραί-

3480 4274 3568 4321 καὶ
3656 4271 3963 4342 γράμματα,

3616 4353 3674 4410 δε
3737 4363 3826 4411 καὶ
3882 4363 3967 4412 ἐπὶ

2314 4291 2380 4321 ων
2456 4266 2647 4341 δῆμος,
2735 4275 2848 4321 τότε
2937 4269 3113 4320 λοιπὸν
3198 4268 3403 4335 πλάκες,

2311 4464 2410 4507 τῶν
2477 4455 2524 4507 ἐν
2576 4464 2637 4528 τῇ
2713 4462 2872 4528 Καινῇ
2931 4463 3083 4508 τοῦτο
3134 4454 3334 4527 συμϐὰν
3384 4451 3494 4507 ἴδοι
3549 4474 3624 4516 τις
3662 4454 3747 4512 ἂν,
3824 4453 3967 4508 Οὑδε

2309 4557 2408 4626 γάρ
2475 4561 2580 4614 τοῖς
2629 4553 2937 4615 ἀποστόλοις
2990 4549 3153 4606 ἱδωκέ
3203 4572 3251 4605 τι
3304 4556 3537 4626 γραπτὸν
3589 4554 3614 4605 ὁ
3666 4557 3818 4620 Θεὸς,
3871 4553 3966 4604 άλλ

3802 4653 3961 4724 ἐπηγ-

3117 4750 3336 4810 Ἐκεῐνος
3399 4751 3500 4822 γὰρ
3552 4751 3687 4822 ὑμᾶς
3732 4747 3963 4822 ἀναμνή-

2310 4651 2424 4705 ἁντὶ
2479 4654 2800 4727 γραμμάτων
2877 4656 2972 4710 τὴν
3029 4659 3119 4704 τοῦ
3180 4655 3471 4723 [Ινεὺματος
3547 4651 3725 4713 αὐτοῖς

2307 4751 2513 4824 γείλατο
2594 4747 2782 4802 δώσειν
2852 4753 3012 4824 χάριν
3026 4793 3039 4805 .

2310 4867 2408 4917 στι,
2470 4855 2621 4922 φησί,
2653 4851 2846 4905 πάντα.
2907 4854 3007 4902 Καὶ
3044 4849 3126 4901 ἱνα
3162 4847 3356 4922 μάθῃς,
3403 4849 3482 4900 ὃτι
3529 4856 3681 4901 τοῦτο
3724 4847 3855 4900 πολὺ
3886 4852 3964 4920 (2)

2307 4943 2511 5012 ἄμεινον
2583 4937 2663 5007 ἦν,
2716 4939 2960 5006 ἄκουσον,
3031 4935 3123 4991 διὰ
3186 4947 3277 4990 τοῦ
3334 4943 3602 5012 προφήτου
3675 4941 3727 4990 τί
3793 4955 3954 5010 φησι·

3586 5031 3776 5098 διδούς
3869 5041 3960 5089 νὸ-

2305 5042 2630 5112 Διαθήσομαι
2710 5041 2829 5112 ὑμῖν
2920 5034 3181 5096 διαθήκην
3263 5042 3465 5103 καινὴν,

2304 5151 2429 5212 μους
2515 5149 2615 5203 μου
2709 5129 2778 5191 εἰς
2853 5125 3088 5182 διάνοιαν
3175 5129 3341 5180 αὐτῶν
3410 5131 3499 5179 καὶ
3573 5125 3658 5179 ἐπὶ
3741 5122 3966 5200 καρδίας

1773 5332 1995 5404 Variae
2047 5323 2375 5410 lectiones
2417 5345 2481 5404 et
2517 5343 2720 5402 notae.

609 5458 687 5532 (t)
728 5460 879 5516 Loco
922 5457 1106 5530 hujus
1137 5456 1347 5514 indicis
1377 5455 1439 5514 in
1481 5455 1678 5516 codice
1711 5461 1768 5517 Β.
1803 5466 1890 5520 est
1928 5465 2191 5539 spatium
2298 5466 2398 5522 illo
2441 5461 2623 5518 modo
2661 5457 2844 5516 habet
2870 5455 3214 5530 Chrystom.
3255 5459 3404 5512 tom.
3460 5451 3580 5524 VII,
3613 5469 3679 5526 p.
3717 5455 3772 5521 2,
3813 5451 3966 5513 edit.

536 5564 821 5606 vacuum.

609 5639 686 5716 (2)
725 5637 848 5690 ‘On
901 5634 1034 5689 πολύ
1086 5642 1237 5691 τοῦτο
1287 5637 1510 5717 ἄμεινον,
1565 5639 1794 5701 omisso
1842 5637 1922 5704 ἦν.
1979 5645 2046 5705 Α.
2081 5641 2193 5704 Sed

2302 5547 2766 5612 Montefalconii.
