4180 6482
280 449 380 507 113

1511 451 1880 511 COMMENT.
1920 451 1990 508 IN
2031 450 2466 509 MATTHJEUM.

3551 445 3653 510 1ίοὶ

276 577 474 652 γραψω
539 578 747 644 αύτούςο
800 583 890 635 καὶ
943 582 1149 634 ἔσονται
1190 582 1379 644 πάντες
1435 578 1683 636 διδακτοὶ
1728 589 1859 636 Θεοῦ

1994 593 2153 636 meas
2184 579 2244 634 in
2278 584 2532 635 mentem
2581 591 2797 642 eorum,
2839 581 2893 634 et
2922 574 2985 633 in
3013 589 3185 633 carae
3211 572 3448 632 scribam
3483 589 3580 634 eas
3604 577 3648 641 ⁸,

291 673 390 722 Καὶ
433 671 460 721 ό
517 669 716 732 Παῦλος
761 667 837 742 δὲ,
886 676 1083 729 ταύτην
1140 668 1519 744 ἐνδεικνύμενος
1560 677 1652 731 την
1703 692 1886 746 υπερο-

286 761 413 828 χὴν,
454 757 616 830 ἔλεγεν
663 758 919 832 εἰληφέναι
971 765 1146 833 νόμον,
1199 762 1293 815 οὐκ
1337 762 1384 814 ἐν
1434 763 1590 826 πλαξὶ
1641 763 1881 828 λιθίναις,

282 844 386 898 ἀλλ’
437 847 486 899 ἐν
532 847 687 910 πλαξὶ
735 846 960 922 καρδίας
1022 855 1310 926 σαρκίναις.
1367 851 1510 906 Ἐπεί
1567 850 1626 906 δι
1684 859 1880 928 χρόνου

278 939 543 1005 προίόντος
587 937 875 1009 ἐξώκειλαν,
925 942 975 992 οἱ
1027 945 1115 1012 μεν
1172 937 1447 1014 δογμάτων
1497 941 1677 1011 ἕνεκεν,
1722 945 1772 996 οἱ
1821 939 1881 995 δὲ

273 1022 396 1096 βίου
427 1025 517 1078 καί
543 1033 762 1102 τρόπου,
807 1026 991 1088 ἐδέησε
1027 1030 1178 1083 πάλιν
1218 1041 1307 1093 τῆς
1355 1031 1456 1085 ἀπὸ
1502 1043 1600 1086 τῶν
1630 1033 1880 1106 γραμμά-

269 1132 370 1165 των
419 1117 782 1188 ὑπομνήσεως.
837 1120 1104 1178 Ἐννόησον
1154 1118 1262 1186 οὖν,
1313 1122 1489 1180 ἡλίκον
1541 1122 1651 1175 ἐστὶ
1697 1126 1874 1186 κακόν,

268 1207 394 1265 τοὺς
449 1205 583 1256 οὕτω
639 1209 881 1280 καθαρῶς
929 1209 1220 1282 ὀφείλοντας
1275 1215 1366 1283 ζῇν
1416 1213 1484 1274 ὦς
1539 1217 1609 1284 μὴ
1667 1209 1878 1266 δεῖσθαι

269 1313 612 1366 γραμματων,
664 1295 770 1348 ἀλλ’
807 1297 919 1351 ἀντὶ
959 1299 1174 1372 βιϐλίων
1214 1306 1464 1375 παρέχειν
1517 1305 1608 1363 τὰς
1651 1300 1877 1376 καρδίας

274 1391 347 1454 τῷ
380 1387 662 1456 ῐῐνεύματι,
703 1384 881 1446 ἑπειδὴ
931 1393 1024 1447 τὴν
1074 1396 1231 1462 τιμὴν
1273 1391 1607 1464 ἀπωλέσαμεν
1656 1392 1872 1460 ἐκείνην,

1994 674 2292 740 eruntque
2323 683 2512 725 omnes
2539 668 2722 725 edocti
2742 685 2775 721 a
2804 668 2916 723 Deo
2949 670 2990 721 ³.
3013 667 3144 738 Ipse
3169 681 3407 738 quoque
3437 664 3650 724 Paulus

1994 758 2148 813 hanc
2194 757 2468 814 indicans
2499 756 2908 812 excellentiam
2934 757 2973 820 θ,
3018 755 3160 811 dicit
3186 759 3488 826 acceptam
3521 770 3650 812 esse

1989 846 2183 917 legem
2210 862 2330 902 non
2361 846 2422 901 in
2455 845 2670 901 tabulis
2692 844 2968 917 lapideis,
2989 845 3095 900 sed
3118 845 3178 899 in
3205 844 3425 900 tabulis
3446 845 3642 902 cordis

1989 935 2240 992 carneis.
2283 935 2388 990 Ubi
2419 950 2558 990 vero
2599 934 2882 1004 temporis
2920 948 3235 1004 progressu
3265 933 3646 1005 naufragium

1988 1023 2252 1080 fecerunt
2281 1041 2293 1078 :
2321 1023 2566 1096 quidam
2598 1038 2742 1078 sane
2767 1021 3126 1091 dogmatum
3165 1037 3369 1085 causa,
3393 1022 3492 1078 alii
3508 1038 3644 1079 vero

1989 1112 2109 1168 vita
2138 1128 2209 1168 ac
2237 1112 2505 1167 moribus
2537 1135 2548 1164 ;
2575 1127 2815 1166 rursum
2847 1110 3137 1167 memoria
3165 1125 3319 1181 opus
3349 1109 3475 1173 fuit,
3503 1126 3641 1181 quas

1987 1221 2021 1256 ελ
2055 1202 2253 1258 .itteris
2279 1200 2728 1256 subministrari
2759 1199 2926 1255 solet.
2950 1199 3157 1269 Cogita
3185 1213 3326 1269 ergo
3347 1204 3640 1271 quantum

1985 1293 2160 1348 fuerit
2196 1291 2444 1356 malum,
2477 1291 2580 1362 qui
2621 1289 2773 1346 adeo
2817 1305 2963 1362 pure
3007 1290 3201 1345 vivere
3231 1288 3636 1354 debuerimus,

1981 1386 2047 1437 ut
2069 1381 2276 1437 litteris
2310 1396 2429 1436 non
2461 1380 2886 1449 indigeremus,
2927 1379 3032 1435 sed
3063 1394 3169 1450 pro
3217 1377 3381 1434 libris
3420 1377 3640 1450 praebe-

275 1477 366 1525 xui
414 1479 732 1549 κατέστημεν
783 1477 850 1538 εἰς
908 1483 1002 1537 τὴν
1073 1484 1268 1533 τούτων
1333 1486 1544 1554 χρείαν,
1607 1478 1744 1553 μηδι
1808 1490 1859 1552 re;

1988 1486 2179 1526 remus
2208 1469 2393 1525 corda
2426 1469 2666 1541 Spiritui
2693 1488 2709 1539 ;
2770 1473 3096 1540 postquam
3148 1468 3437 1524 honorem
3471 1467 3635 1524 illum

275 1557 503 1635 δευτέρῳ
555 1568 853 1639 κεχρῆσθαι
910 1570 1187 1643 φαρμάκῳ,
1255 1569 1361 1622 ἀλλ’
1421 1571 1529 1630 εἰκῆ
1566 1575 1656 1622 καὶ
1709 1573 1877 1643 μάτην

271 1656 523 1722 περιορᾲν
553 1658 757 1726 κείμενα
784 1658 849 1708 τὰ
884 1660 1190 1731 γράμματα,
1241 1660 1361 1732 ὅπερ
1409 1661 1491 1711 ἶνα
1538 1665 1608 1731 μὴ
1641 1665 1876 1731 γένηται,

271 1742 410 1812 φέρε,
458 1747 801 1816 προσέχωμεν
842 1746 937 1817 (3),
997 1754 1106 1809 τοίς
1149 1753 1548 1823 γεγραμμένοις,
1597 1755 1686 1802 xui
1735 1751 1876 1823 φιλο-

269 1834 555 1904 πονώτερον
610 1831 926 1906 ἐξετάζωμεν
991 1841 1086 1894 τήν
1154 1837 1373 1890 ἑκάστου
1447 1835 1688 1912 δύναμιν,
1745 1843 1876 1894 ὥστε

269 1921 362 1970 καὶ
394 1917 609 1972 πλοῦτον
641 1921 804 1994 ὀρθῶν
836 1920 1113 1997 δογμάτων
1154 1925 1374 1980 ἐντεῦθεν
1407 1927 1870 2005 ἀποθησαυρίζειν,

266 2011 360 2058 xui
389 2007 650 2081 συλλέγειν
679 2011 940 2075 πολιτείας
970 2015 1149 2086 ὑγιοῦς
1176 2013 1563 2089 ὑποδείγματα.

339 2245 486 2292 Διατί
519 2236 598 2306 δι,
636 2237 847 2294 δώδεκα
893 2251 987 2296 τῶν
1018 2243 1317 2298 ἀποστόλων
1360 2248 1535 2314 ὄντων,
1585 2246 1681 2302 δύο
1723 2253 1870 2322 μόνοι

262 2330 560 2403 γράφουσιν
641 2329 694 2393 ἐξ
780 2333 946 2384 αὐτῶν
1046 2335 1356 2407 Εὑαγγέλια,

259 2415 503 2480 Ἰωάννης
537 2437 550 2487 ;
581 2421 645 2471 Οἱ
684 2421 784 2492 γὰρ
824 2422 986 2495 ἕτεροι
1017 2419 1114 2476 δύο
1154 2423 1430 2479 ἀκόλουθοι
1476 2427 1666 2500 μᾶλλον
1711 2426 1863 2488 ἦσαν’

255 2508 472 2578 Μάρκος
537 2510 650 2580 μὲν,
726 2513 944 2583 Πέτρουο
1013 2513 1219 2566 Παύλου
1287 2511 1364 2585 δὲ,
1435 2522 1662 2578 Λουκᾶς.
1728 2521 1867 2570 Διότι

257 2591 410 2648 οὐδὲν
465 2594 669 2649 ἐποίουν
746 2603 870 2673 πρὸς
939 2601 1256 2676 φιλοτιμίαν,
1317 2603 1442 2656 ἀλλά
1505 2608 1672 2658 πάντα
1734 2611 1864 2680 πρὸς

256 2688 462 2758 χρείαν.
532 2687 630 2740 Τόν
690 2690 780 2760 μὲν
837 2690 938 2762 γὰρ
1014 2693 1281 2744 Ματθαῐον
1355 2696 1404 2745 oi
1475 2694 1528 2757 εξ
1592 2691 1862 2748 Ἰουδαίων

255 2776 625 2835 πιστεύσαντες
683 2778 1038 2852 παρεκάλεσαν
1107 2784 1362 2854 ἔγγραφον
1434 2783 1605 2839 αύτοῖς
1663 2783 1863 2854 ἀφεῖναι

1434 2341 1702 2402 Ματθαῐος
1781 2343 1867 2393 καὶ

1895 2830 1936 2886 C

258 2866 351 2918 τὴν
430 2871 521 2915 τοῦ
595 2869 926 2940 κηρύγματος
1003 2872 1255 2945 ἱστορίαν,
1322 2872 1382 2930 ἣν
1456 2877 1702 2947 πρότερον
1768 2870 1863 2928 διὰ

259 2948 490 3020 γλώττης
549 2954 731 3015 αύτούς
784 2953 1015 3020 ἐδίδαξε’
1063 2962 1150 3011 τόν
1200 2957 1259 3013 δὲ
1309 2964 1518 3037 Μάρκον
1572 2964 1760 3035 ὁμοίως
1811 2965 1860 3016 οἱ

264 3036 312 3088 ἐν
362 3038 604 3114 Αἰγύπτῳ
655 3047 1056 3116 μαθητευθέντες
1110 3049 1268 3120 αύτῷ.
1325 3036 1425 3104 Kui
1473 3053 1497 3103 ὁ
1547 3058 1754 3115 Λουκᾶς
1803 3050 1862 3106 δι

262 3127 452 3182 τέθεικε
530 3135 622 3189 τὴν
692 3133 862 3186 αἰτίαν
929 3145 1018 3197 τῆς
1075 3147 1280 3211 γραφῆς
1354 3147 1444 3192 τοῦ
1518 3141 1857 3214 Εύαγγελίου,

259 3215 716 3293 ἀπολογησάμενος
772 3227 899 3295 πρὸς
952 3229 1039 3277 τὸν
1099 3228 1362 3301 Θεόφιλον,
1423 3232 1503 3283 ὄτῖ
1565 3229 1636 3284 δι’
1682 3231 1857 3306 ἀσφά-

254 3304 393 3358 λειαν
442 3309 602 3360 αύτοῦ
640 3318 794 3362 τοῦτο
851 3314 1160 3388 συνέγραψε.
1229 3323 1362 3376 Φησὶ
1419 3322 1542 3391 γάρ·
1585 3319 1696 3374 Ἰνα
1741 3304 1856 3374 ἔπι-

254 3402 406 3464 γνῷς,
496 3401 615 3468 περὶ
694 3399 762 3448 ὧν
838 3404 1156 3472 κατηχήθης
1245 3405 1426 3477 λόγων,
1508 3413 1600 3467 τὴν
1694 3411 1857 3484 ἀσφά-

255 3481 419 3540 λειαν,
476 3483 535 3536 Ὀ
598 3480 656 3537 δι
702 3486 936 3548 Ἰωὰννης
991 3489 1218 3562 ἐντυχὼν
1277 3501 1382 3555 τοῖς
1434 3499 1627 3548 τούτων
1687 3480 1856 3573 Εύαγ-

254 3569 460 3641 γελίοις,
514 3577 603 3624 καὶ
659 3570 802 3642 ἰδὼν,
863 3578 942 3629 ὅτι
1013 3584 1100 3631 xui
1159 3584 1206 3632 οί
1262 3590 1393 3656 τρεῖς
1452 3594 1524 3656 τῷ
1579 3592 1696 3662 περὶ
1763 3569 1855 3653 της

252 3658 684 3749 ένανθρωπὴσεως
753 3672 844 3717 τοῦ
923 3674 1157 3743 Σωτῆρος
1224 3668 1550 3749 ἐνδιέτριψαν
1623 3658 1855 3748 μάλιστα

249 3747 402 3820 λόγῳ,
461 3754 551 3802 καὶ
607 3751 784 3805 λοιπόν
846 3756 1046 3826 ἔμελλον
1113 3747 1557 3822 ἀποσιωπηθῆναι
1610 3769 1676 3820 τὰ
1733 3774 1851 3844 περὶ

247 3843 338 3897 τῆς
383 3839 617 3901 θεότητος
663 3842 824 3894 αύτού
874 3841 1135 3918 δόγματα,
1187 3858 1279 3903 τοῦ
1327 3859 1560 3926 Χριστοῦ
1601 3839 1849 3916 κινήσαν-

247 3945 328 4020 τος
372 3927 550 4020 αὐτόν,
595 3927 743 3988 ἦλθεν
774 3932 857 3985 ἐπὶ
881 3939 975 3993 τὴν
1022 3945 1116 3989 τοῦ
1156 3939 1469 4012 Εύαγγελίου
1523 3954 1846 4020 συγγραφήν.

248 4018 334 4067 Διό
391 4022 480 4069 καὶ
533 4018 589 4070 ἐκ
639 4027 924 4095 προοιμίων
973 4031 1092 4100 περὶ
1149 4029 1316 4081 αύτὼν
1381 4018 1696 4105 διαλέγεται.
1741 4018 1850 4092 νΔιά

248 4111 415 4158 ταῦτα
441 4108 540 4180 γὰρ
597 4113 776 4162 καὶτὸ
815 4117 914 4163 πᾶν
961 4111 1163 4185 βιϐλίον
1213 4121 1478 4178 συνέθηκε.
1518 4126 1581 4175 Σὺ
1619 4121 1677 4176 δὲ
1727 4127 1848 4178 θαύ-

245 4211 436 4263 μασον,
477 4203 584 4256 ποῦς
635 4203 766 4269 μήτε
815 4204 951 4253 κατὰ
996 4206 1084 4256 τὸν
1138 4205 1292 4259 αύτόν
1339 4213 1520 4282 καιρὸν
1567 4213 1631 4265 τὰ
1676 4214 1845 4288 Εύαγ-
1880 4207 1926 4262 Ῐ)

244 4280 389 4351 γελια
454 4286 868 4358 συγγράψαντες,
924 4295 1057 4362 μήτε
1116 4297 1251 4347 κατὰ
1306 4299 1393 4349 τὸν
1447 4299 1601 4352 αύτόν
1667 4308 1842 4375 τόπον,

243 4374 376 4472 {nisi
428 4373 916 4448 κοινολογησάμενοι
965 4383 1096 4454 πρὸς
1153 4381 1422 4456 ἀλλήλους,
1463 4389 1622 4460 ὅμως,
1670 4373 1841 4472 ὥσπερ

243 4456 325 4530 ἀφ’
380 4459 488 4522 ἑνός
559 4469 830 4536 στόματος,
887 4470 936 4520 οἱ
1001 4473 1244 4546 τέσσαρες
1307 4456 1634 4549 φθέγγονται,
1690 4484 1738 4534 ἓν
1788 4456 1844 4556 γε

238 4555 354 4610 τοῖς
399 4555 618 4622 καιρίοις
665 4559 754 4606 καὶ
824 4567 1140 4620 συνεκτικοῖς
1194 4569 1285 4624 τῆς
1313 4569 1534 4628 πίστεως
1582 4555 1839 4644 δόγμασι,

238 4641 331 4689 xui
387 4637 580 4698 πολλὴν
636 4640 1018 4698 ἐπιδείκνυνται
1082 4656 1198 4724 περὶ
1254 4660 1419 4706 ταῦτα
1473 4661 1565 4714 τὴν
1621 4637 1838 4733 συμφωξ

237 4729 372 4790 νίαν,
414 4727 534 4797 οἷον,
590 4731 666 4782 ὅτι
712 4734 737 4783 ὁ
778 4737 904 4794 Θεὸς
942 4741 1140 4807 γέγονεν
1189 4741 1476 4814 ἄνθρωπος,
1525 4751 1613 4799 xui
1663 4751 1742 4801 ὅτι
1785 4749 1839 4804 ἔκ

239 4817 503 4890 Παρθένου
560 4824 881 4891 γεγέννηται,
956 4830 1045 4878 καὶ
1122 4829 1200 4880 ὅτι
1270 4832 1511 4904 θαύματα
1566 4842 1836 4912 πεποίηκε,

234 4906 323 4954 καὶ
371 4905 450 4956 ὅτι
484 4905 834 4980 σωτηριώδεις
884 4908 1110 4966 δέδωκεν
1158 4915 1378 4992 ἐντολὰς,
1413 4929 1502 4976 καὶ
1545 4926 1621 4978 ὅτι
1651 4905 1836 4982 ictui):-

233 4993 400 5066 ρωθη,
427 4999 515 5048 xui
545 4997 625 5048 ὅτι
669 4995 852 5071 ἐτάφη,
884 5005 974 5054 xui
1026 5004 1106 5056 ὅτι
1152 5004 1362 5078 ἀνέστη,
1395 5017 1482 5064 καὶ
1513 5015 1591 5066 ὅτι
1627 5014 1834 5085 ἀνῆλθε,

233 5083 323 5131 καὶ
379 5082 459 5132 ὅτι
508 5087 676 5154 μέλλει
740 5094 913 5161 κρῖναι
986 5092 1195 5163 πάντας,
1279 5102 1366 5149 xui
1415 5101 1496 5152 ὅτι
1555 5110 1836 5176 μονογενὴς

233 5174 374 5220 ἐστιν
426 5174 563 5238 Υιός,
621 5178 710 5226 xui
773 5177 854 5228 ὅτι
905 5179 1180 5250 ὁμοούσιος
1225 5191 1310 5238 καὶ
1363 5174 1697 5264 όμοδύναμος
1743 5200 1830 5249 καὶ

230 5274 476 5330 ομοτιμος
532 5268 604 5332 τῷ
643 5269 832 5338 Πατρὶ,
881 5271 969 5320 καὶ
1017 5270 1118 5323 ὅσα
1162 5282 1398 5328 τοιαῦτα.
1450 5278 1510 5331 Εἰ
1559 5276 1619 5332 δέ
1663 5301 1714 5334 τι
1742 5289 1831 5337 καὶ

371 5433 587 5494 Jerem.
627 5455 868 5511 xxxviii,

229 5505 249 5539 ⁵
281 5505 421 5563 Luc.
459 5513 506 5576 1,
534 5512 587 5565 4.

1986 1559 2380 1632 perdidimus,
2401 1574 2472 1613 ac
2503 1559 2788 1629 nosipsos
2819 1557 2878 1613 in
2906 1557 3062 1613 hanc
3088 1557 3504 1614 constituimus
3543 1572 3638 1613 ne-

1986 1648 2343 1712 cessitatem,
2366 1652 2428 1703 ut
2456 1663 2526 1702 ne
2552 1647 2736 1702 altero
2753 1645 3000 1719 quidem
3023 1650 3264 1702 utamur
3282 1645 3633 1719 pharmaco,

1987 1737 2092 1793 sed
2115 1738 2292 1809 quasi
2334 1737 2550 1792 frustra
2577 1751 2646 1792 ac
2671 1737 2729 1791 in
2762 1750 2990 1792 vanum
3037 1735 3296 1806 iacentes
3347 1734 3636 1807 despicia-

1985 1843 2121 1882 mus
2148 1826 2388 1883 litteras.
2431 1825 2492 1881 Id
2525 1841 2668 1896 ergo
2696 1840 2772 1880 ne
2815 1824 2938 1890 fiat,
2997 1838 3108 1893 age
3165 1839 3334 1888 sane,
3363 1823 3458 1879 bis
3496 1839 3632 1896 qua

1983 1915 2205 1988 scripta
2242 1922 2382 1970 sunt
2415 1914 2688 1971 animum
2729 1913 3130 1980 advertamus,
3163 1912 3243 1970 ad
3292 1913 3633 1982 diligentius

1983 2005 2274 2076 cujusque
2312 2005 2468 2059 vires
2501 2007 2854 2067 scrutemur,
2886 2007 2948 2058 ut
2973 2007 3028 2059 et
3057 2005 3357 2058 rectorum
3387 2001 3632 2071 dogma-

1979 2099 2110 2151 tum
2138 2092 2396 2158 divitias,
2421 2096 2708 2165 tanquam
2738 2093 3112 2156 thesaurum,
3136 2091 3397 2150 effodere
3430 2091 3626 2158 liceat,

1977 2185 2034 2240 et
2073 2187 2288 2238 sanctae
2315 2181 2784 2239 conversationis
2805 2181 3082 2255 exempla
3106 2181 3395 2252 colligere.

2050 2273 2239 2336 Quam
2263 2271 2340 2326 ob
2370 2285 2641 2335 causam,
2669 2271 2935 2339 obsecro,
2977 2286 3116 2326 cum
3158 2269 3480 2326 duodecim
3505 2270 3626 2328 fue-

1974 2360 2094 2415 rint
2121 2359 2391 2432 apostoli,
2447 2358 2560 2415 soli
2589 2374 2663 2415 ex
2709 2358 2796 2415 eis
2834 2358 2977 2423 duo,
3025 2359 3323 2415 Mattheus
3359 2358 3632 2416 videlicet

1974 2452 2032 2505 et
2086 2449 2370 2515 Joannes,
2450 2447 2759 2517 Evangelia
2823 2447 3275 2519 conscripsere?
3321 2447 3629 2520 Siquidem

1972 2535 2184 2608 reliqui
2210 2535 2350 2601 duo,
2382 2535 2658 2608 discipuli
2702 2535 2902 2608 potius
2955 2551 3025 2592 ac
3074 2540 3390 2592 sectatores
3419 2539 3624 2593 erant:

1973 2628 2202 2682 Marcus
2254 2624 2493 2696 quidem
2551 2624 2723 2690 Petri,
2783 2626 2970 2681 Lucas
3011 2639 3153 2680 vero
3205 2624 3384 2680 Pauli.
3437 2625 3496 2680 Id
3557 2639 3630 2683 ea

1971 2729 2159 2770 causa
2179 2717 2383 2770 actum
2407 2713 2670 2786 est,quia
2695 2713 2841 2769 nihil
2866 2713 3072 2783 gloriae
3099 2728 3285 2770 causa
3303 2713 3622 2780 faciebant,

1971 2802 2078 2858 sed
2111 2803 2316 2858 onmia
2353 2807 2621 2872 exigente
2670 2802 3038 2859 necessitate.
3071 2802 3406 2859 Matthmum
3440 2803 3620 2868 enim,

1970 2890 2063 2960 qui
2094 2907 2165 2948 ex
2195 2891 2417 2948 Judaais
2441 2891 2832 2955 crediderant,
2873 2891 3357 2955 obsecraverunt,
3392 2895 3459 2948 ut
3483 2893 3625 2948 scri-

1968 2984 2139 3052 ptam
2171 2979 2523 3052 relinqueret
2554 2980 2698 3052 ipsis
2731 2979 3034 3050 Evangelii
3065 2980 3402 3045 historiam,
3437 2996 3623 3054 quam

1969 3070 2138 3140 prius
2192 3084 2294 3125 eos
2339 3068 2524 3125 verbo
2583 3069 2888 3125 docuerat.
2939 3069 3217 3125 Similiter
3259 3073 3316 3126 et
3357 3071 3621 3127 Marcum

1969 3156 2069 3230 qui
2092 3157 2151 3213 in
2165 3158 2421 3230 Egypto
2450 3157 2639 3214 edocti
2665 3157 2913 3214 fuerant.
2936 3159 3125 3214 Lucas
3152 3162 3354 3216 autem
3383 3173 3621 3216 causam

1966 3247 2158 3317 addit,
2197 3263 2304 3303 cur
2355 3247 2747 3317 Evangelium
2803 3247 3241 3318 conscripserit,
3295 3247 3498 3305 dicens
3541 3248 3622 3306 ad

1965 3335 2379 3408 Theophilum,
2412 3353 2471 3391 se
2500 3335 2613 3391 hoc
2643 3342 2884 3408 propter
2928 3336 3346 3392 certitudinem
3403 3337 3616 3394 facere.

1964 3424 2058 3480 Ait
2083 3424 2278 3480 enim:
2308 3425 2379 3482 Ut
2404 3439 2679 3494 agnoscas
2710 3439 2924 3489 eorum,
2980 3424 3055 3480 de
3095 3423 3308 3496 quibus
3359 3425 3619 3482 imbutus

1960 3513 2193 3583 fueras,
2227 3513 2664 3570 certitudinemIs
2700 3515 2981 3569 Joannes
3010 3528 3152 3569 vero
3168 3513 3386 3570 horum
3406 3518 3618 3571 nactu

1963 3601 2300 3672 Evangelia,
2344 3601 2674 3674 vidensque
2724 3606 2840 3659 tres
2867 3605 3136 3659 versatos
3167 3603 3229 3658 in
3255 3617 3325 3658 eo
3354 3603 3617 3660 maxime

1961 3707 2260 3758 sermone,
2286 3708 2404 3764 quo
2424 3692 2738 3749 Salvatoris
2760 3692 3236 3749 incarnationem
3253 3693 3618 3752 demonstra-

1958 3785 2106 3847 rent,
2133 3784 2190 3838 et
2231 3785 2548 3854 propterea
2578 3781 2861 3852 dogmata
2884 3798 3022 3855 quas
3064 3781 3441 3840 divinitatem
3489 3783 3616 3855 ejus

1959 3870 2309 3941 tangebant,
2345 3871 2576 3928 silentio
2618 3873 3023 3944 prasterierant
3061 3888 3074 3928 :
3103 3872 3239 3929 ideo
3270 3872 3500 3929 Christo
3529 3873 3615 3946 ip-

1961 3975 2089 4014 sum
2102 3960 2180 4016 ad
2193 3960 2574 4017 scribendum
2590 3961 2964 4034 Evangelium
2983 3961 3325 4032 instigante,
3341 3961 3610 4019 accessit.

1961 4048 2125 4105 Unde
2147 4049 2324 4106 etiam
2353 4050 2626 4122 protinus
2654 4050 2727 4107 ab
2757 4050 2923 4108 initio
2945 4051 3021 4107 de
3045 4051 3141 4107 his
3162 4049 3397 4108 disserit
3425 4067 3438 4107 :
3463 4066 3610 4109 nam

1965 4137 2045 4193 ob
2075 4137 2202 4193 haec
2229 4137 2447 4194 librum
2472 4153 2715 4195 omnem
2747 4139 3018 4196 confecit.
3062 4139 3373 4196 Admirare
3409 4146 3611 4197 autem

1955 4226 2110 4297 quod
2138 4241 2276 4281 cum
2302 4241 2494 4299 neque
2521 4243 2640 4284 uno
2669 4232 2954 4300 tempore,
2986 4243 3181 4301 neque
3218 4228 3350 4284 loco
3394 4227 3609 4284 eodem

1954 4314 2324 4387 scripserint,
2367 4331 2563 4388 neque
2598 4332 2688 4372 res
2749 4317 2900 4373 inter
2946 4331 3074 4373 sese
3132 4316 3608 4374 communicave-

1953 4403 2087 4469 rint,
2125 4406 2324 4460 tamen
2355 4404 2528 4476 quasi
2555 4420 2628 4460 ex
2654 4419 2776 4461 uno
2808 4420 2909 4461 ore
2960 4408 3220 4477 quatuor
3258 4403 3604 4476 loquuntur,

1953 4490 2014 4547 in
2037 4491 2127 4547 his
2150 4494 2446 4564 praecipue
2471 4492 2860 4564 dogmatibus
2881 4508 3018 4565 quas
3041 4492 3177 4549 ﬁdei
3198 4492 3520 4550 ﬁrmitatem
3533 4509 3602 4551 ac

1903 4633 1912 4640 .
1955 4583 2181 4637 statum
2249 4585 2556 4652 spectant:
2593 4581 2791 4653 veluti,
2847 4581 3015 4655 quod
3068 4583 3222 4638 Deus
3275 4582 3469 4640 factus
3527 4583 3605 4642 sit

1951 4669 2132 4725 homo
2159 4687 2172 4738 ;
2206 4669 2364 4741 quod
2391 4670 2517 4727 site
2545 4671 2780 4740 Virgine
2803 4676 2978 4728 natus
3004 4691 3016 4737 ;
3039 4672 3205 4744 quod
3243 4672 3605 4730 admiranda

1947 4763 2230 4830 operatus
2256 4759 2364 4825 sit;
2390 4761 2553 4833 quod
2584 4761 2794 4818 salutis
2816 4765 3106 4834 praacepta
3132 4761 3363 4819 dederit
3395 4781 3408 4830 ;
3436 4763 3603 4836 quod

1949 4847 2262 4903 cruciﬁxus
2292 4847 2366 4904 sit
2417 4864 2487 4904 ac
2536 4849 2824 4922 sepultus,
2867 4850 3034 4923 quod
3082 4851 3493 4918 resurrexerit,
3545 4856 3602 4908 et

1949 4934 2006 4990 in
2031 4935 2250 4991 cmlum
2270 4941 2620 5009 assumptus
2646 4939 2719 4995 sit
2747 4960 2758 5005 ;
2787 4939 3074 5012 quodque
3103 4955 3314 4996 omnes
3350 4939 3426 4996 sit
3443 4939 3602 5012 judi-

1946 5026 2231 5094 caturus;
2263 5025 2430 5096 quod
2460 5026 2803 5096 unigenitus
2857 5027 2930 5084 sit
2988 5027 3163 5084 Filius
3209 5032 3266 5084 et
3324 5028 3598 5100 ejusdem

1945 5109 2315 5176 substantiis,
2373 5113 2699 5188 similisque
2743 5115 3022 5188 potentia:
3048 5130 3119 5172 ac
3155 5115 3400 5172 honoris
3457 5132 3597 5174 cum

1946 5198 2136 5267 Patre,
2169 5206 2494 5274 casteraque
2509 5201 2917 5276 busjusmodi.
2950 5204 3118 5271 Quod
3143 5205 3193 5261 si
3219 5205 3594 5279 aliquantum

1944 5287 2007 5344 in
2032 5288 2126 5346 his
2154 5305 2286 5362 quae
2323 5292 2661 5350 necessaria
2689 5307 2812 5350 non
2844 5296 3003 5358 sunt,
3029 5293 3256 5352 dissoni
3297 5293 3589 5360 videntur,

913 5445 1003 5512 3t,
1030 5447 1119 5516 33,
1147 5453 1463 5514 secundum
1493 5458 1663 5516 LXX
1690 5461 1790 5533 qui
1814 5462 2020 5536 ubique
2049 5464 2141 5523 hic
2185 5468 2513 5528 laudantur
2589 5474 2608 5506 ³
2637 5469 2752 5529 Isa.
2785 5485 2895 5543 Liv,
2932 5471 3016 5530 l3.
3094 5471 3169 5528 ‘II
3221 5471 3350 5531 Cor.
3402 5487 3482 5540 lli,
3532 5476 3585 5530 3.

1473 5680 1692 5745 Variae
1725 5684 2037 5750 lectiones
2060 5691 2122 5748 et
2149 5690 2342 5752 notae.

299 5783 374 5855 (3)
407 5787 552 5843 Μετά
583 5788 847 5864 ἀκριϐείας
877 5794 1038 5856 addit
1060 5797 1104 5858 Ι.
1128 5797 1168 5856 1.
1201 5799 1504 5876 Chrysost.
