4180 6524
534 393 637 453 MS

1823 391 2182 454 EUTHYMII
2218 388 2549 448 ZIGABENI

3791 390 3915 452 116

531 521 665 580 haec
688 522 842 596 ipsa,
903 536 1032 594 quia
1085 522 1345 595 apparet,
1401 520 1798 588 dissonantia,
1828 521 2093 577 maxima
2120 519 2186 576 ﬁt

2292 523 2410 590 περὶ
2466 520 2533 571 τὰ
2584 520 2657 590 μή
2719 516 2980 589 ἀναγκαῖα
3037 514 3310 592 διαφωνεῖν
3369 515 3574 590 ἰδοξαν,
3630 519 3826 593 μᾶλλον
3868 523 3905 581 ἦ

533 613 796 671 veritatis
833 611 1287 676 demonstratio,
1319 615 1377 668 et
1403 626 1504 668 eos
1555 610 1710 667 omni
1760 611 1965 667 liberat
1996 610 2185 682 suspi-

539 702 733 760 cione.
775 700 840 762 Si
864 700 1016 757 enim
1043 700 1099 755 in
1128 699 1413 757 omnibus
1438 699 1516 757 ad
1545 704 1802 773 tempus,
1854 714 2064 772 usque,
2098 699 2182 755 lo-

535 807 698 857 cum,
730 805 803 846 ac
829 789 1020 847 verba
1051 788 1392 845 conformes
1407 788 1677 860 fuissent,
1693 788 1888 845 nullus
1913 789 2183 845 animum

540 880 821 938 inducere
852 879 1160 951 potuisset,
1194 879 1340 951 quin
1369 879 1521 933 inter
1548 893 1612 933 se
1666 877 2100 943 convenissent,
2121 880 2185 933 ut

532 985 605 1026 ex
628 967 942 1025 communi
992 971 1171 1039 pacto
1228 966 1571 1033 scriberent,
1620 982 1758 1040 qum
1797 967 2181 1038 scripserunt.

541 1056 993 1113 Dissonantiam
1016 1061 1215 1113 autem
1236 1070 1400 1112 nunc
1414 1056 1698 1125 dicimus,
1724 1070 1847 1112 non
1868 1056 2186 1112 contrarie-

537 1151 769 1212 tatem;
817 1160 1007 1217 neque
1046 1144 1204 1200 enim
1247 1145 1527 1201 contrarii
1586 1144 1845 1211 fuerunt,
1900 1144 2078 1200 etiam
2122 1145 2183 1200 in

540 1234 637 1291 his
674 1250 812 1307 qua
838 1234 1242 1305 contingentia
1272 1238 1458 1300 erant,
1504 1233 1610 1290 sed
1664 1249 1737 1290 ea
1786 1232 2184 1289 diversimode

533 1324 719 1381 locuti
756 1326 914 1379 sunt.
977 1322 1047 1378 ln
1098 1321 1465 1395 quibusdam
1528 1322 1697 1387 enim,
1753 1326 1915 1389 tunc,
1992 1321 2186 1395 inquit

543 1413 661 1483 ille,
731 1410 1094 1469 miraculum
1141 1415 1422 1484 operatus
1476 1416 1601 1477 est;
1650 1411 1747 1467 hic
1790 1416 2013 1475 autem,
2068 1410 2185 1467 alio

534 1507 834 1573 tempore.
890 1501 1059 1567 Item,
1117 1499 1215 1557 hic
1254 1499 1517 1572 quidem,
1572 1499 1671 1556 tali
1710 1500 1852 1571 loco,
1900 1499 1994 1556 ille
2041 1515 2183 1556 vero

534 1590 656 1649 tali.
728 1592 986 1646 Rursum
1025 1588 1123 1645 hic
1175 1588 1359 1648 talem
1414 1588 1627 1645 habuit
1679 1590 2029 1651 orationem,
2090 1588 2184 1645 ille

534 1685 735 1737 autem
770 1678 963 1745 talem,
998 1677 1072 1735 de
1101 1676 1325 1750 quibus
1370 1677 1494 1733 suis
1538 1678 1807 1735 dicemus
1835 1677 2001 1744 locis,
2053 1693 2181 1734 ma-

528 1768 741 1826 nifeste
769 1767 1271 1837 demonstrantes,
1300 1767 1466 1836 quod
1514 1767 1763 1824 omnino
1804 1782 1927 1823 non
1965 1766 2181 1824 fuerint

2294 603 2531 660 δοκοῦσα
2562 606 2694 666 αὕτη
2730 603 3004 679 διαφωνία,
3049 612 3275 680 μεγίστη
3310 613 3505 680 γίνεται
3533 618 3625 670 τῆς
3651 609 3909 675 ἀληθείας

2291 692 2577 760 ἀπόδειξις,
2635 700 2723 748 καὶ
2788 697 2964 757 πάσης
3022 695 3205 757 αὐτούς
3265 697 3497 768 ὑποψίας
3554 698 3900 759 ἀπαλλάττει.

2290 784 2351 837 Εἰ
2374 787 2476 857 γὰρ
2520 786 2692 837 πάντα
2734 788 2897 858 μέχρι
2938 793 3123 857 καιροῦ
3170 790 3261 839 καὶ
3306 791 3469 838 τόπου
3516 791 3602 840 καὶ
3641 788 3899 862 ῥημάτων

2292 879 2678 946 συνεφώνησαν,
2737 870 2912 935 οὐδεὶς
2957 874 3017 924 ἂν
3063 877 3379 946 επίστενσεν,
3438 877 3517 928 ὅτι
3564 880 3661 949 μὴ,
3717 878 3902 931 συνελ-

2294 962 2459 1022 θόντες
2534 960 2791 1028 ἀλληλοις,
2862 960 2962 1015 ἀπὸ
3033 971 3205 1025 κοινῆς
3290 966 3551 1025 συνθήκης
3632 966 3897 1041 ἔγραψαν,

2290 1050 2417 1123 άπερ
2495 1050 2747 1124 ἔγραψαν.
2825 1056 3110 1123 Διαφωνίαν
3175 1048 3235 1105 δε
3283 1060 3372 1104 νῦν
3444 1073 3627 1125 φαμεν,
3685 1055 3744 1107 οὐ
3794 1060 3900 1114 τήν

2291 1139 2697 1212 έναντιοφωνίαν·
2785 1137 2908 1193 οὐδε
3003 1144 3101 1215 γὰρ
3186 1144 3574 1200 ἠναντιώθησαν
3653 1142 3902 1207 ἀλληλοις

2290 1233 2453 1304 μέχρι
2503 1233 2593 1281 καὶ
2647 1236 2738 1281 τοῦ
2805 1233 3074 1301 τυχόντος·
3144 1230 3271 1283 ἀλλὰ
3323 1234 3417 1290 τὴν
3471 1232 3548 1303 (ﬁ)
3606 1231 3899 1305 ἀλλοιοφω-

2291 1324 2423 1373 νίαν.
2477 1318 2565 1372 Ἐν
2614 1338 2725 1371 τισι
2776 1322 2876 1394 γὰρ
2927 1322 2953 1372 6
2999 1324 3112 1393 μεν,
3162 1317 3284 1374 τόδε
3329 1325 3387 1374 τό
3428 1323 3605 1395 θαῦμα
3648 1326 3898 1391 τέθεικεν,

2292 1410 2317 1460 6
2350 1406 2430 1477 δε,
2483 1404 2623 1462 τόδε.
2675 1413 2763 1461 καὶ
2792 1413 2818 1461 6
2857 1412 2968 1481 μεν,
3018 1406 3168 1463 τόνδε
3211 1414 3296 1462 τόν
3349 1415 3523 1477 τόπον,
3554 1413 3580 1463 6
3613 1408 3691 1477 δε,
3740 1409 3901 1466 τόνδε

2290 1503 2380 1550 καὶ
2436 1498 2462 1549 ό
2505 1498 2615 1569 μεν,
2674 1493 2832 1555 τήνδε
2879 1502 2972 1556 τὴν
3029 1497 3181 1565 λέξιν,
3224 1500 3249 1551 6
3299 1496 3378 1567 δε,
3427 1496 3604 1559 τήνδε·
3660 1504 3778 1574 περὶ
3822 1501 3899 1554 ὧν

2290 1586 2499 1661 ἐροῦμεν
2566 1587 2617 1639 έν
2683 1594 2786 1647 τοῖς
2854 1592 3187 1661 προσήκουσι
3255 1593 3453 1656 τόποις,
3528 1593 3617 1642 καὶ
3686 1586 3894 1664 προδη-

2288 1674 2388 1739 λως
2459 1672 2817 1748 ἀποδείξομεν,
2895 1678 2976 1728 ὅτι
3067 1673 3179 1729 οὐδ’
3271 1676 3393 1738 ὅλως
3472 1678 3893 1737 ἠναντιώθησαν.

2288 1763 2444 1818 Ἀλλο
2496 1768 2598 1840 γάρ
2664 1764 2802 1817 ἑστιν
2854 1763 3087 1827 ἐναντίως
3136 1765 3313 1833 εἰπεῖν,
3386 1770 3477 1819 καὶ
3533 1767 3655 1820 ἄλλο
3709 1768 3897 1841 έτέρως

532 1856 835 1915 contrarii.
868 1855 1043 1913 Aliud
1070 1856 1368 1925 siquidem
1393 1859 1485 1912 est
1530 1856 1825 1913 contrario
1876 1856 2059 1913 modo
2095 1854 2177 1912 lo-
2211 1863 2252 1918 Β
2288 1853 2465 1907 εἰπεῖν.

530 1947 659 2020 qui,
686 1946 851 2003 aliud
880 1946 1113 2002 diverso
1142 1944 1326 2002 modo
1355 1944 1539 2017 loqui.

610 2036 850 2093 Primus
873 2039 1073 2092 autem
1097 2034 1329 2107 scripsit
1345 2034 1674 2101 Mattheus,
1697 2033 1862 2107 quod
1883 2048 2044 2090 nunc
2060 2048 2183 2106 prta

531 2123 803 2181 manibus
828 2126 917 2180 est
935 2123 1335 2194 Evangelium,
1375 2126 1506 2196 post
1541 2126 1677 2180 octo
1730 2138 1920 2179 annos
1973 2122 2181 2179 Christi

530 2211 833 2269 inccelum
860 2212 1173 2284 assumpti.
1231 2211 1471 2284 Scripsit
1496 2219 1697 2268 autem
1748 2211 1894 2267 illud
1945 2211 2025 2267 ad
2055 2226 2177 2282 eos,

531 2302 634 2375 qui
661 2318 733 2359 ex
754 2301 973 2358 Judmis
990 2301 1379 2367 crediderant,
1410 2305 1473 2358 ut
1510 2300 1900 2374 praediximus
1924 2321 1939 2369 ;
1968 2300 2183 2357 Hebra-

530 2391 626 2447 ica
651 2406 797 2447 usus
825 2390 1035 2461 lingua
1055 2406 1126 2446 ac
1151 2394 1524 2456 contextura,
1566 2393 1777 2462 postea
1824 2404 1962 2447 vero
1989 2390 2047 2444 in
2078 2404 2181 2445 no-

527 2484 716 2537 stram
738 2479 1009 2550 linguam
1037 2479 1378 2535 traductum
1405 2483 1512 2534 est.

600 2570 687 2639 -Η-
724 2570 984 2624 Joannes
1023 2570 1247 2636 autem,
1304 2572 1371 2621 ut
1413 2565 1748 2637 perhibent,
1793 2581 1865 2621 ex
1894 2564 2181 2622 Hebraico

532 2655 807 2712 Graecum
832 2654 983 2711 fecit.
1012 2656 1242 2710 Marcus
1262 2669 1403 2711 vero
1447 2653 1724 2725 (scripsit)
1784 2653 2019 2710 decimo
2048 2657 2185 2725 post

532 2743 1011 2815 assumptionem
1029 2757 1211 2809 anno,
1236 2757 1273 2798 a
1292 2742 1463 2799 Petro
1484 2742 1728 2809 doctus;
1763 2744 1945 2798 Lucas
1961 2748 2181 2808 autem,

536 2836 669 2905 post
697 2844 894 2889 annos
927 2830 1267 2903 quindecim
1294 2847 1307 2897 ;
1334 2832 1594 2887 Joannes
1629 2832 1906 2903 denique,
1936 2832 2040 2905 qui
2062 2848 2185 2890 ma-

534 2920 691 2978 xime
722 2918 1086 2991 theologiam
1118 2919 1370 2993 (Christi)
1415 2923 1641 2987 tractat,
1674 2935 1835 2977 anno
1890 2920 2184 2979 tricesimo

533 3008 819 3066 secundo.

606 3098 661 3156 E
674 3096 1107 3156 VANGELIUM
1144 3098 1575 3157 SECUNDUM
1602 3099 1717 3155 MA
1731 3100 1971 3157 ΤΤΗΛΞ
1980 3100 2111 3157 ΠΜ.

610 3185 991 3259 Evangelistae
1003 3186 1065 3244 in
1079 3188 1587 3261 inscriptionibus,
1602 3188 1903 3259 [librorum
1918 3188 2182 3262 suorum]
2216 3179 2257 3237 C

534 3276 927 3348 Evangelium
938 3276 1791 3351 appellaveruntnarrationem
1814 3294 2003 3348 suam,
2015 3277 2185 3351 quod

537 3366 716 3424 etiam
746 3368 992 3423 testatur
1020 3368 1231 3434 Lucas,
1266 3366 1509 3424 dicens:
1541 3368 1827 3437 Quoniam
1851 3368 2183 3439 complures

538 3456 807 3530 aggressi
816 3462 953 3513 sunt
970 3463 1271 3515 contexere
1286 3459 1691 3515 narrationem
1702 3473 1907 3515 earum
1930 3458 2184 3517 certissi-

535 3561 646 3603 ma:
698 3546 843 3615 ﬁdei
893 3561 1117 3610 rerum,
1158 3560 1288 3616 qua:
1335 3546 1401 3602 in
1448 3545 1613 3602 nobis
1656 3546 1943 3616 completa:
1970 3556 2106 3605 sunt
2137 3550 2178 3601 ⁵.

536 3634 705 3691 Hanc
782 3638 984 3690 autem
1037 3633 1473 3699 narrationem,
1564 3635 1935 3707 Evangelium
2010 3652 2187 3693 voca-

538 3726 769 3791 verunt,
794 3721 953 3793 quod
983 3721 1140 3777 bona
1163 3720 1512 3777 hominibus
1527 3724 1776 3791 nuntiet,
1806 3729 1967 3796 puta,
2000 3727 2186 3783 Deum

537 3808 846 3866 hominem
862 3807 1108 3874 factum,
1135 3807 1445 3865 hominem
1471 3824 1612 3866 vero
1637 3810 1930 3879 divinum,
1963 3813 2187 3871 damo-

537 3912 685 3955 num
714 3895 1196 3966 dissolutionem,
1227 3901 1608 3968 peccatorum
1639 3900 2077 3973 remissionem,
2101 3918 2187 3959 re-

540 3984 1010 4057 generationem,
1026 3984 1430 4056 adoptionem,
1454 3988 1686 4057 etregni
1699 3989 1986 4047 caelorum
2003 3991 2188 4048 haere-

539 4074 808 4133 ditatem.
837 4072 1227 4144 Evangelistaa
1252 4088 1394 4131 vero
1420 4075 1713 4144 dicuntur,
1745 4094 1866 4135 non
1908 4080 2102 4137 solum
2125 4080 2185 4138 hi

539 4168 819 4238 quatuor,
864 4178 1070 4220 verum
1104 4164 1283 4221 etiam
1332 4179 1542 4221 omnes
1588 4166 1767 4224 simul
1792 4169 2041 4242 apostoli
2068 4171 2187 4236 ;de

541 4251 757 4326 quibus
800 4251 1022 4325 pariter
1066 4255 1244 4311 antea
1294 4252 1529 4310 locutus
1570 4260 1658 4312 est
1710 4257 1936 4314 Isaias:
2005 4260 2188 4328 Quam

533 4342 790 4413 pulchri,
845 4341 1150 4415 inquiens,
1197 4342 1367 4414 pedes
1406 4345 1930 4415 evangelizantium
1967 4363 2182 4418 pacem,

539 4430 1052 4503 cvangelizantium
1083 4432 1237 4489 bona
1260 4432 1304 4487 ".
1333 4433 1546 4488 Verum
1568 4432 1631 4489 hi
1654 4439 1914 4506 quatuor
1945 4438 2184 4510 proprie

536 4518 914 4589 evangelista
942 4520 1131 4575 vocati
1157 4522 1314 4587 sunt,
1346 4520 1523 4592 quasi
1562 4522 1666 4594 qui
1696 4538 1803 4595 per
1831 4525 2183 4598 scripturam
2220 4527 2269 4585 D

537 4607 743 4666 omnia
787 4610 1185 4664 narraverunt
1215 4622 1287 4664 ac
1342 4607 1775 4681 prodiderunt;
1804 4614 1998 4671 centeri
2041 4632 2185 4675 vero

538 4710 772 4763 omnes,
795 4700 1079 4768 tanquam
1105 4695 1212 4769 qui
1244 4695 1361 4753 hoc
1384 4695 1585 4769 ipsum
1623 4699 1748 4758 sine
1782 4702 2077 4776 scriptura
2104 4706 2187 4764 fe-

534 4788 763 4941 “ait.
790 4871 839 4938 l,
868 4882 1025 4926 vers.
1048 4860 1104 4925 ι.
1133 4867 1305 4927 Liber
1338 4872 1721 4943 generationis
1759 4874 1894 4932 Jesu
1931 4875 2180 4934 Christi.

529 4960 638 5017 Per
657 4957 1107 5031 generationem
1160 4957 1437 5032 intelligit
1471 4961 1570 5020 hic
1619 4965 1881 5022 Joannes
1932 4965 2185 5039 Chryso-

533 5052 783 5120 stomus,
812 5046 1206 5108 nativitatem.
1233 5049 1421 5110 Dictio
1449 5051 1741 5127 siquidem
1778 5057 1997 5126 γένεσις,
2047 5071 2183 5114 cum

601 5227 742 5285 Luc.
774 5244 812 5293 ι,
846 5227 898 5283 1.
938 5228 1050 5287 lsa.
1080 5243 1174 5298 ιη,
1194 5229 1252 5289 7.

2361 2049 2597 2124 Ἔγραψε
2663 2045 2723 2101 δι
2787 2056 2991 2123 πρῶτος
3043 2050 3069 2101 6
3125 2048 3389 2111 Ματθαῖος
3450 2053 3508 2102 τὸ
3562 2054 3895 2124 προκείμενον

2290 2138 2623 2211 Εὐαγγελιον,
2667 2140 2800 2211 μετὰ
2853 2137 2986 2190 ὀκτὼ
3040 2140 3125 2196 ἔτη
3179 2147 3274 2199 τῆς
3330 2147 3421 2191 τοῦ
3478 2147 3713 2214 Σωτῆρος
3768 2140 3894 2192 ἀναο

2288 2228 2506 2300 λήψεως.
2561 2226 2797 2299 Ἔγραψε
2854 2222 2914 2279 δε
2965 2234 3115 2278 τοῦτο
3166 2230 3292 2299 πρός
3343 2230 3459 2288 τοὺς
3517 2226 3569 2290 ἐξ
3624 2225 3890 2282 Ἰουδαίων

2288 2319 2684 2379 πιστεύσαντας,
2784 2318 2848 2376 ὡς
2931 2319 3239 2388 προέφημεν,
3324 2315 3567 2391 Ἐϐραῑκῇ
3652 2320 3880 2389 συνθήκη

2288 2407 2644 2479 χρησάμενος·
2721 2404 2936 2479 ὕστερον
3008 2401 3067 2457 δε
3140 2406 3537 2479 μεθηρμηνεύθη
3599 2410 3728 2478 πρὸς
3797 2411 3891 2466 τὴν

2290 2496 2538 2568 ἡμετέραν
2570 2490 2856 2547 διάλεκτον.

2362 2584 2684 2656 [Μετέφρασε
2716 2583 2794 2653 (5)
2843 2579 2902 2635 δε
2948 2590 3099 2635 τοῦτο
3148 2581 3379 2643 Ἰωάννης
3424 2581 3524 2635 ἀπὸ
3572 2590 3661 2643 τῆς
3688 2581 3892 2656 Ἐϐραί-

2293 2668 2385 2734 δος
2432 2670 2666 2743 γλώττης
2702 2671 2769 2732 εἰς
2810 2676 2901 2730 τὴν
2932 2667 3229 2741 Ἑλληνίδα,
3272 2673 3342 2734 ὡς
3386 2672 3625 2747 λέγουσι.
3674 2675 3885 2746 Μάρκος

2293 2760 2372 2827 δι,
2413 2763 2543 2833 μέτά
2574 2758 2703 2813 δέκα
2749 2764 2835 2819 ἔτη
2867 2770 2963 2821 τῆς
3011 2760 3333 2832 ἀναλήψεως,
3386 2764 3529 2835 παρὰ
3557 2769 3649 2814 τοῦ
3693 2768 3887 2836 Πέτρου

2295 2847 2607 2922 διδαχθείς.
2665 2856 2871 2911 Λουκᾶς
2916 2846 2995 2917 δέ,
3042 2854 3173 2923 μετὰ
3228 2847 3611 2905 πεντεκαίδεκα’
3654 2850 3891 2913 Ἰωάννης

2296 2936 2355 2994 δν
2384 2940 2409 2992 ό
2443 2939 2896 3011 θεολογικώτατος,
2926 2942 3054 3012 μετὰ
3082 2941 3361 3013 τριάκοντα
3390 2936 3507 2993 δύο.

2542 3140 2960 3190 ΕΥΑΓΓΕΛΙΟΝ
3003 3141 3179 3191 ΚΑΤΑ
3218 3142 3597 3192 ΜΔΤΘΛῙΟΝ.

2364 3242 2445 3297 Ἐν
2498 3249 2612 3306 ταῖς
2680 3242 2987 3317 έπιγραφαῖς
3052 3243 3363 3317 Εὐαγγελιον
3412 3245 3473 3296 ,οἱ
3532 3242 3896 3316 εὐαγγελισταὶ

2292 3339 2387 3395 την
2472 3329 2721 3406 διήγησιν
2808 3332 3103 3405 ὠνόμασαν.
3182 3338 3282 3386 Καὶ
3360 3339 3615 3407 μαρτυρεῖ
3689 3338 3896 3395 Λουκᾶς

2293 3423 2526 3497 εἰρηκώς·
2632 3418 2936 3497 Ἐπειδήπερ
3034 3421 3211 3475 πολλοὶ
3316 3420 3666 3494 ἐπεχείρησαν
3769 3420 3892 3475 ἁνα-

2289 3512 2549 3576 τοὶξασθαι
2641 3507 2891 3583 διήγησιν
2967 3515 3085 3586 περὶ
3179 3520 3278 3563 τῶν
3361 3510 3889 3583 πεπληροφορημένων

2294 3600 2343 3654 έν
2424 3602 2549 3673 ἡμῖν
2622 3602 2959 3676 πραγμάτων.
3042 3600 3345 3673 Εὐαγγίλιον
3426 3597 3485 3653 δε
3552 3603 3747 3659 ταύτην
3811 3619 3890 3653 κε-

2293 3689 2539 3747 κλήκασι·
2596 3686 2736 3743 διότι
2788 3688 2958 3762 ἀγαθὰ
3008 3693 3191 3763 μηνύει
3242 3697 3352 3751 τοῖς
3402 3688 3711 3763 ἀνθρώποις,
3760 3688 3884 3755 οἷον,

2297 3785 2431 3833 Θεοῦ
2506 3778 2913 3852 ένανθρώπησιν,
2999 3778 3268 3852 ἀνθρώπου
3344 3781 3548 3843 θέωσιν,
3628 3774 3887 3850 δαιμόνων

2295 3866 2599 3939 κατάλυσιν,
2656 3867 3041 3942 ἁμαρτημάτων
3096 3868 3264 3936 λύσιν,
3313 3866 3670 3939 ἀναγέννησιν,
3715 3868 3889 3919 υἱοθε-

2299 3962 2417 4010 σίαν
2472 3962 2562 4010 καὶ
2618 3956 2959 4032 κληρονομίαν
3025 3965 3120 4017 τῆς
3169 3955 3438 4029 βασιλείας
3490 3964 3587 4007 τῶν
3640 3955 3887 4029 οὐρανῶν.

2296 4046 2672 4118 Εὐαγγελισταὶ
2708 4042 2767 4099 δέ
2814 4044 2964 4111 εἰσιν,
3010 4046 3114 4117 οὐχ
3153 4048 3201 4098 οἱ
3235 4050 3484 4119 τέσσαρες
3528 4044 3669 4097 οὗτοι
3717 4048 3887 4116 μόνον,

2298 4134 2425 4188 ἀλλὰ
2467 4138 2756 4207 σύμπαντες
2791 4136 2840 4186 οἱ
2871 4132 3170 4193 ἀπόστολοι,
3217 4138 3335 4208 περὶ
3381 4135 3447 4185 ὧν
3486 4140 3630 4205 κοινῇ
3680 4152 3893 4207 προανεο

2297 4230 2528 4298 φωνησεν
2574 4224 2791 4285 Ἡσαΐας
2834 4243 2845 4256 ·
2879 4223 2966 4284 Ὠς
3012 4219 3213 4297 ὡραῖοι,
3263 4222 3441 4295 λέγων,
3493 4224 3542 4274 oi
3593 4218 3754 4281 πόδες
3794 4230 3891 4275 τῶν

2296 4313 2762 4385 εὐαγγελιζομένων
2878 4312 3104 4386 εἰρήνην,
3213 4320 3311 4364 τῶν
3425 4310 3890 4383 εὐαγγελιζομένων

2294 4405 2361 4454 τὰ
2390 4402 2599 4474 ἀγαθάί
2628 4400 2757 4455 Ἀλλ’
2804 4403 2853 4454 οἱ
2898 4406 3149 4474 τέσσαρες
3191 4404 3281 4474 μεν
3332 4396 3481 4461 ἰδίως
3527 4398 3890 4471 εύάγγελισταὶ

2292 4490 2589 4555 κέκληνται,
2641 4494 2705 4551 ὡς
2760 4488 3028 4566 έγγράφως
3083 4494 3201 4563 περὶ
3254 4491 3456 4542 πάντων
3506 4484 3889 4559 διηγησάμενοι

2294 4584 2383 4633 καὶ
2442 4582 2807 4654 ἱστορήσαντες
2840 4596 2852 4610 ⁸
2888 4582 2937 4633 οἱ
2995 4576 3043 4633 δ’
3084 4579 3228 4633 ἄλλοι
3278 4580 3483 4642 πάντες,
3525 4580 3595 4640 ὡς
3649 4575 3888 4651 ἀγράφως

2294 4676 2446 4722 τοῦτο
2473 4673 2595 4727 ποιή
2606 4687 2808 4732 σαντες.

2364 4879 2541 4945 Βίϐλος
2607 4884 2849 4954 γενέσεως
2932 4879 3107 4940 Ἰησοῦ
3188 4887 3442 4949 Χριστοῦ.
3527 4883 3728 4933 Γένεσιν
3807 4878 3892 4951 (6)

2291 4969 2513 5024 ένταῡθα
2552 4975 2647 5030 την
2702 4974 2942 5043 γέννησιν
2985 4969 3191 5029 ἐνόησεν
3232 4972 3257 5022 ό
3296 4972 3676 5045 Χρυσόστομος
3720 4967 3896 5023 Ἰωάνσ

2291 5080 2397 5122 νης.
2447 5059 2506 5113 Ἡ
2559 5062 2661 5135 γὰρ
2706 5063 2909 5132 γένεσις
2956 5058 3206 5119 καθολικη
3255 5058 3392 5122 λέξις
3438 5054 3593 5130 οὖσα,
3650 5062 3895 5131 σημαίνει

1822 5338 2039 5401 Varia)
2069 5340 2385 5406 lectiones
2412 5347 2477 5407 et
2508 5346 2683 5406 notae

607 5438 686 5511 (4)
735 5442 806 5493 Τὸ
851 5438 973 5493 ἄλλο
1041 5445 1132 5495 καὶ
1179 5441 1325 5511 ἄλλο,
1379 5442 1410 5501 ἢ
1483 5444 1575 5495 καὶ
1642 5440 1801 5506 ἄλλως
1870 5450 1959 5499 καὶ
2012 5447 2179 5512 ἄλλως

531 5505 1471 5601 διηγεῖσθαιλξίο,κάλλοιοσχῆμων.
1494 5514 1673 5601 ρὶρε.
1726 5516 1916 5601 Ιτᾶθεξ.
1957 5505 2178 5601 inpi:

530 5597 690 5648 curo,
735 5597 798 5655 p.
831 5583 957 5672 409‘.
991 5583 1457 5671 ἁλλοιοτροπεῖται.
1492 5584 1695 5642 Galen.
1752 5589 1814 5644 in
1845 5583 2172 5667 Glossisfp.

526 5654 613 5712 61.
645 5653 778 5715 NOX
802 5659 912 5724 est,
934 5659 1121 5732 ετέρως
1155 5672 1334 5713 ειπειν.

2289 5452 2702 5579 teésizlgnclusa
2730 5451 2787 5508 in
2813 5452 3082 5523 margine
3103 5452 3283 5511 habet
3309 5457 3379 5511 Α.
3420 5454 3708 5512 Omiserat
3730 5456 3878 5512 Hen-

2359 5594 2437 5666 (6)
2474 5596 2638 5657 Tom,
2672 5594 2785 5663 VII,
2817 5610 2876 5667 p.
2909 5593 2980 5651 20
3010 5596 3069 5653 Ci
3097 5611 3158 5673 p.
3192 5598 3250 5652 2t
3290 5598 3365 5655 A.
