4180 6498
284 422 387 479 117

1320 402 1681 464 COMMENT.
1724 400 1795 455 IN
1834 395 2261 457 MATTIUEUM.
2298 433 2366 442 —
2397 400 2551 459 CAP.
2592 400 2642 459 1.

3540 397 3646 459 118

288 554 381 602 καὶ
427 547 641 605 ταύτην.
698 541 836 602 Τινὶς
878 535 939 593 δέ
995 556 1171 612 φασιν,
1231 537 1331 603 ὅτι,
1365 530 1544 593 ἓπειδὴ
1578 534 1604 586 6
1654 533 1876 605 Χριστός

2005 531 2082 587 sit
2112 528 2420 603 generalis,
2450 530 2627 587 etiam
2655 530 2767 587 hoc
2792 528 3106 602 signiﬁcat.
3138 527 3394 598 Quidam
3441 531 3644 590 autem

291 640 564 711 ὑπερφυῶς
632 632 886 704 γεννηθεὶς
943 626 998 680 έκ
1051 627 1336 699 Παρθένου,
1407 628 1499 681 τὴν
1550 624 1684 675 κατὰ
1732 623 1886 695 φύσιν

290 710 528 799 γέννησιν
592 722 980 792 έκαινοτόμησε,
1052 716 1231 769 λοιπόν
1294 718 1384 767 καὶ
1439 714 1464 765 6
1518 710 1886 783 εὐαγγελιστης

292 817 657 887 έκαινοτόμησε
719 813 776 863 τό
828 812 966 862 κατὰ
1013 810 1168 881 φύσιν
1226 808 1387 878 ὄνομα
1437 810 1531 865 τῆς
1582 805 1882 874 γεννήσεως,

287 910 482 978 γένεσιν
521 902 682 960 αὐτὴν
713 900 938 961 καλέσας

354 1086 423 1137 Τὸ
462 1080 521 1135 δί
568 1082 770 1140 Ἰησοῦς
828 1082 1006 1150 ὄνομα,
1047 1075 1315 1151 Ἐϐραῑκόν
1372 1077 1461 1146 μέν
1504 1070 1640 1141 ἔστι,
1689 1072 1886 1144 σημαί-

280 1183 357 1226 νὲι
401 1169 461 1225 δε
506 1174 595 1223 τὸν
637 1178 875 1242 Σωτῆρα.
910 1198 980 1209 ·-
1025 1166 1197 1227 Αὐτός
1242 1166 1342 1238 γὰρ
1392 1168 1571 1227 σώσει,
1614 1180 1762 1234 φησι,
1797 1166 1881 1212 τόν

281 1263 405 1316 λαὸν
452 1261 611 1314 αὐτοῦ
665 1259 767 1313 ἀπὸ
815 1266 913 1310 τῶν
970 1256 1236 1330 ἁμαρτιῶν
1290 1254 1475 1307 αὐτῶν.
1535 1251 1645 1305 Ἰνα
1697 1248 1755 1303 δε
1807 1254 1877 1323 μὴ

286 1351 557 1423 πλανηθῇς
621 1352 738 1421 περὶ
824 1350 915 1405 τὴν
972 1348 1289 1420 ὁμωνυμίαν,
1350 1343 1556 1400 Ἰησοῦν
1628 1340 1877 1403 ἀκούσας·

286 1444 459 1511 γέγονε
487 1441 587 1512 ’γὰρ
646 1442 734 1490 καὶ
768 1436 916 1498 ἄλλος
968 1435 1250 1500 Ἰησους,ὁ
1306 1440 1398 1485 τοῦ
1445 1438 1616 1489 Ναυῆ’
1673 1430 1766 1482 οὐκ
1815 1426 1881 1483 εἷο

286 1547 376 1580 πεν
429 1528 602 1586 Ἰησοῦ
656 1529 827 1599 μόνον,
865 1524 992 1577 ἀλλὰ
1045 1525 1220 1582 Ἰησοῦ
1268 1527 1517 1596 Χριστοῦ,
1569 1515 1880 1572 διαστέλλων

280 1615 374 1668 ἀπ’
429 1617 620 1669 ἐκείνου
673 1622 873 1670 τοῦτον.
927 1614 1233 1687 Ἀπορήσειε
1291 1608 1342 1664 δ’
1390 1612 1451 1662 ἄν
1488 1628 1584 1673 τις,
1642 1608 1742 1673 ὅτι,
1792 1610 1880 1659 καὶ

280 1708 386 1778 μὴν
438 1706 468 1763 ἠ
514 1704 695 1777 βιϐλος
742 1704 873 1761 αὕτη
933 1703 1025 1756 οὐκ
1071 1705 1185 1754 ἔστι
1241 1704 1404 1773 μόνης
1450 1708 1544 1759 τῆς
1595 1700 1882 1768 γεννήσεως

280 1795 460 1852 Ἰησοῦ
507 1801 757 1867 Χριστοῦ,
793 1792 899 1845 ἀλλ’
929 1792 1049 1853 ὅλης
1102 1790 1267 1843 αὐτοῦ
1300 1797 1393 1851 τῆς
1446 1789 1743 1857 οἰκονομίας
1789 1788 1879 1836 καὶ

277 1882 558 1945 πολιτείαςο
614 1882 797 1954 λύομεν
887 1878 946 1933 δὲ
1003 1886 1096 1939 τὴν
1168 1881 1412 1953 ἀπορίαν,
1472 1878 1548 1929 ὅτι
1620 1878 1678 1928 τὸ
1726 1875 1878 1947 κεφά-
1909 1874 1953 1928 Β

277 1971 421 2024 λαιον
490 1972 570 2043 (8)
622 1971 744 2033 ὅλης
800 1980 898 2033 τῆς
952 1970 1249 2042 οἰκονομίας
1303 1972 1393 2020 καὶ
1445 1966 1727 2033 πολιτείας,
1786 1968 1875 2016 καὶ

279 2060 425 2134 ἀρχή
462 2066 551 2114 καὶ
594 2062 722 2136 ῥίζα
767 2068 858 2121 τῆς
892 2064 1158 2133 σωτηρίας
1218 2060 1362 2130 ἡμῶν
1415 2059 1445 2115 ἡ
1502 2059 1738 2128 γέννησις
1792 2050 1873 2111 ήν.

276 2157 441 2204 Τοῦτο
494 2154 595 2222 γὰρ
663 2149 954 2213 έκπλήξεως
1003 2153 1150 2220 γέμει
1192 2152 1282 2200 καὶ
1349 2151 1551 2221 φρίκης,
1609 2149 1698 2196 καὶ
1748 2144 1873 2217 ὑπερ

277 2237 467 2293 ἕλπίδα
534 2245 710 2293 πᾶσαν
779 2243 869 2291 καὶ
937 2234 1262 2312 προσδοκίαν
1320 2234 1449 2304 ἐστὶ,
1519 2238 1599 2303 τό,
1638 2233 1877 2306 γενέσθαι

275 2333 364 2381 τόν
417 2332 546 2382 Θεὸν
591 2330 879 2402 ἄνθρωπον.
921 2328 1117 2379 Τούτου
1157 2328 1258 2400 γὰρ
1306 2328 1597 2396 γενομένου,
1640 2324 1705 2374 τὰ
1748 2325 1880 2393 μετὰ

272 2425 427 2471 τοῦτο
493 2418 665 2469 πάντα
739 2416 850 2469 κατ’
919 2414 1225 2468 ἀκολουθίαν
1283 2418 1373 2465 καὶ
1435 2412 1585 2484 λόγον
1652 2413 1874 2464 ἕπονται.

276 2508 472 2561 Λοιπὸν
520 2502 608 2559 οὖν
659 2504 759 2558 ἀπὸ
802 2512 893 2558 τοῦ
930 2507 1246 2580 κυρίωτέρου
1298 2506 1508 2576 μέρους,
1561 2500 1740 2574 βιϐλον
1791 2520 1876 2572 γε·

273 2600 479 2667 νέσεως,
513 2596 625 2648 ὅλον
682 2598 741 2648 τό
792 2593 996 2667 βιϐλίον
1048 2592 1302 2650 ἐκάλεσεν.
1358 2592 1509 2644 Οῦτω
1561 2592 1662 2663 γὰρ
1716 2595 1804 2643 καὶ
1848 2592 1873 2643 6

274 2692 530 2752 Μωῦσῆς,
618 2684 798 2758 βιϐλον
874 2688 1121 2744 Γενέσεως
1191 2681 1409 2755 οὐρανοῦ
1486 2684 1569 2732 καὶ
1618 2688 1733 2751 γῆς,
1814 2683 1872 2733 τὸ

274 2783 477 2847 πρῶτον
509 2774 668 2827 αὐτοῦ
697 2772 899 2847 βιϐλίον
926 2774 1181 2845 ὠνόμασε,
1215 2776 1387 2823 καίτοι
1422 2769 1479 2823 οῦ
1504 2774 1623 2844 περὶ
1653 2769 1872 2843 οὐρανοῦ

276 2868 365 2915 καὶ
394 2871 495 2935 ⁸γῆς
546 2866 721 2936 μόνον,
782 2862 910 2915 ἀλλὰ
939 2866 1028 2914 καὶ
1076 2865 1194 2935 περὶ
1244 2868 1344 2913 τῶν
1375 2859 1423 2911 έν
1473 2863 1614 2931 μέσῳ
1666 2860 1872 2911 πάντων

278 2949 598 3024 διαλεχθείς.

346 3075 459 3150 [”Η,
491 3076 565 3149 (9)
597 3075 703 3129 ἐπεὶ
733 3078 758 3129 ό
788 3079 1017 3152 Χριστὸς
1042 3080 1131 3128 καὶ
1160 3076 1285 3150 ὑπερ
1319 3076 1472 3148 φύσιν
1504 3072 1769 3145 ἐγεννήθη,
1802 3076 1871 3136 ὡς

272 3166 390 3220 ἄνευ
454 3170 768 3241 σπέρματος,
825 3170 913 3217 καὶ
953 3168 1017 3225 ὡς
1060 3163 1114 3216 έκ
1145 3165 1406 3238 Παρθένου
1451 3168 1541 3215 καὶ
1596 3165 1730 3215 κατὰ
1779 3163 1869 3236 φῦ-

272 3272 374 3322 σιν,
414 3258 481 3316 ὡς
537 3253 590 3305 ἔκ
633 3257 893 3325 γυναικός,
952 3257 1043 3304 καὶ
1093 3254 1157 3312 ὡς
1204 3254 1335 3323 μετὰ
1391 3252 1571 3312 θηλῆς·
1623 3253 1727 3303 ἄνώ
1780 3253 1869 3323 μὲν

271 3340 404 3396 εἶπεν
474 3346 742 3409 Γενέσεως,
798 3344 854 3393 τό
907 3342 1032 3412 ὑπὲρ
1088 3343 1241 3412 φύσιν
1299 3340 1657 3412 αἰνιττόμενος
1728 3342 1868 3392 κάτω

274 3427 354 3499 δὲ,
385 3437 478 3481 τοῦ
526 3429 707 3486 Ἰησοῦ
740 3435 993 3501 Χριστοῦ,
1028 3433 1205 3498 φησὶν,
1248 3429 1277 3485 ἡ
1310 3432 1546 3498 γέννησις
1593 3428 1755 3489 οὕτως
1785 3424 1866 3495 ἧν,

275 3521 334 3569 τό
382 3518 517 3569 κατὰ
547 3519 700 3589 φύσιν
730 3512 919 3573 δηλῶν.
965 3519 1106 3577 Τινὲς
1152 3513 1210 3569 δε
1239 3513 1377 3569 εἶπον
1425 3520 1622 3587 γένεσιν
1671 3515 1867 3584 Ἰησοῦ,

272 3605 367 3664 τὴν
414 3606 487 3665 είς
529 3608 615 3657 τόν
646 3608 840 3677 κόσμον
896 3609 1211 3678 παραγωγήν
1267 3605 1448 3673 αὐτοῦ,
1481 3606 1586 3658 οἷον
1638 3614 1748 3669 πῶς
1792 3611 1871 3679 γέ·

273 3692 462 3767 γονεν.]

343 3816 465 3870 Υἰοῦ
514 3812 698 3884 Δαυίδ,
749 3819 865 3870 υἱοῦ
915 3817 1167 3893 Ἄϐραάμ.
1229 3820 1347 3872 Υἰόν
1390 3822 1481 3892 μὶν
1538 3826 1628 3873 τοῦ
1679 3818 1866 3890 Δαυῖδ,

271 3908 357 3957 τὸν
419 3909 648 3979 Χριστόν
706 3905 957 3959 ἐκάλεσεν·
1030 3909 1140 3959 υἱόν
1190 3903 1249 3961 δὲ
1303 3915 1395 3960 τοῦ
1467 3906 1723 3983 Ἀϐραὰμ,
1782 3913 1869 3963 τὸν

1902 3222 1941 3277 C

273 3992 459 4060 Δαυῐδ,
515 3994 716 4066 ἀνάγων
768 3997 859 4057 τὰς
892 3992 1124 4057 διανοίας
1172 3996 1272 4047 τῶν
1303 3995 1569 4070 ἀκροατῶν
1619 3998 1691 4061 εἰς
1734 4003 1869 4071 μνή-

270 4103 371 4155 μην
426 4092 523 4135 τῶν
575 4083 910 4155 ἐπαγγελιῶν.
971 4084 1139 4137 Πάλαι
1200 4088 1301 4159 γὰρ
1360 4086 1385 4137 6
1449 4090 1571 4149 Θεὸς
1622 4086 1869 4159 ἐπηγγεί-

269 4170 413 4240 λατο,
449 4176 634 4243 καὶτῷ
675 4171 930 4245 Ἀϐραὰμ,
984 4179 1073 4226 καὶ
1124 4181 1197 4245 τῷ
1249 4170 1434 4242 Δαυὶδ,
1473 4174 1785 4235 ἀναστήσειν
1813 4177 1869 4231 ix

270 4268 361 4313 τοῦ
420 4265 714 4334 σπέρματος
773 4262 941 4313 αὐτῶν
996 4265 1083 4314 τὸν
1141 4267 1386 4337 Χριστόν.
1436 4264 1521 4327 Ἐξ
1596 4262 1867 4319 Ἰουδαίων

267 4351 369 4420 γὰρ
439 4353 572 4409 ὄντες
624 4352 673 4402 οἱ
727 4349 997 4424 ἀκροαταὶ,
1060 4353 1197 4404 καθὰ
1251 4356 1651 4426 προειρήκαμεν,
1719 4353 1868 4426 ἐγνὼ-

268 4438 413 4509 ριζον
456 4438 631 4510 (10-1)
660 4441 874 4499 ταύτας.
928 4445 1135 4513 Πρῶτον
1177 4436 1236 4492 δε
1291 4444 1378 4492 τόν
1410 4438 1576 4494 Δαυὶδ
1625 4444 1864 4508 τέθεικεν,

268 4528 349 4578 ὃτι
412 4525 461 4577 ἐν
514 4534 622 4588 τοῖς
666 4527 901 4579 ἁπάντων
960 4526 1158 4600 έφέρετο
1214 4533 1491 4601 στόμασιν,
1551 4533 1621 4593 ὡς
1658 4537 1865 4605 προφή-
1900 4558 1945 4613 D

268 4634 364 4675 της
417 4619 577 4686 μέγας
616 4620 703 4667 καὶ
732 4618 800 4677 ὡς
857 4614 1107 4689 βασιλεὺς
1164 4614 1515 4682 ἐνδοξότατος,
1559 4624 1648 4672 καὶ
1705 4624 1769 4682 ὡς
1807 4622 1865 4676 οὐ

268 4703 433 4757 πάλαι
475 4703 861 4765 τετελευτηκώς.
919 4704 977 4757 Ὀ
1030 4708 1131 4779 γὰρ
1188 4704 1445 4781 Ἁϐραάμ,
1483 4707 1528 4760 εἰ
1582 4713 1666 4761 καὶ
1712 4709 1867 4774 αὐτὸς

266 4792 526 4866 ἐπίσημος
572 4790 632 4851 ἦν
669 4796 733 4853 ὡς
766 4795 1128 4870 πατριάρχης,
1164 4792 1269 4846 ἀλλ’
1328 4792 1416 4847 οὖν
1468 4795 1629 4848 πάλαι
1678 4799 1863 4869 θανὼν,

266 4880 325 4934 οὐ
376 4883 641 4943 τοσαύτης
681 4887 890 4957 μνήμης
921 4882 1131 4945 ἠξίωτο.
1182 4883 1243 4937 Εἰ
1289 4886 1389 4957 γὰρ
1421 4889 1510 4937 καὶ
1561 4884 1867 4962 ἀμφοτέροις

264 4967 605 5042 έπηγγείλατο
659 4972 684 5022 6
740 4974 888 5041 Θεὸς,
922 4969 1029 5023 ἀλλ’
1087 4974 1226 5045 ὅμως
1278 4972 1435 5026 ἐκεῖνο
1488 4976 1599 5046 μὲν,
1659 4978 1726 5041 ὡς
1764 4996 1863 5029 πα-

264 5057 432 5127 λαιόν,
486 5058 719 5132 έσιγᾶτο·
770 5067 919 5113 τοῦτο
969 5056 1046 5133 δε,
1098 5063 1168 5124 ὡς
1213 5067 1474 5138 νεώτερον,
1510 5064 1609 5116 ὑπό
1662 5066 1864 5118 πάντων

1996 621 2227 690 dicunt,
2252 620 2418 694 quod
2444 636 2514 676 ex
2544 635 2667 693 quo
2698 618 2961 677 Christus
2992 620 3516 694 supernaturaliter
3536 636 3646 679 na-

1996 714 2087 767 tus
2110 727 2181 766 ex
2216 710 2468 780 Virgine,
2517 709 2847 767 naturalem
2890 711 3200 767 renovavit
3252 710 3639 781 nativitatem,

1993 800 2287 873 reliquum
2320 803 2430 867 est,
2458 802 2522 855 ut
2550 798 2729 855 etiam
2773 798 3138 870 evangelista
3165 800 3435 857 naturale
3484 800 3641 857 nati-

1991 890 2191 946 vitatis
2206 887 2567 947 vocabulum
2583 888 2972 955 renovaverit,
2988 889 3430 960 generationem
3449 890 3639 963 ipsam

1989 995 2234 1037 vacans.

2061 1107 2231 1161 Iesus
2257 1107 2459 1161 autem
2512 1118 2735 1160 nomen
2785 1102 3149 1161 Hebraicum
3180 1108 3267 1160 est
3298 1121 3313 1171 ;
3342 1104 3641 1175 signiﬁcat

1992 1212 2190 1251 autem
2212 1195 2595 1251 Salvatorem.
2628 1224 2696 1234 —
2724 1196 2853 1265 Ipse
2904 1193 3063 1249 enim
3108 1193 3192 1250 ait
3223 1212 3236 1253 :
3269 1193 3499 1250 Salvam
3549 1196 3640 1267 [a-

1991 1286 2103 1341 ciei
2130 1285 2389 1355 populum
2418 1299 2589 1339 suum
2620 1298 2657 1339 a
2693 1283 2939 1352 peccatis
2991 1297 3187 1338 eorum
3218 1282 3282 1339 τ’.
3324 1282 3405 1338 Ne
3435 1287 3638 1341 autem

1990 1372 2215 1431 fallaris
2252 1374 2312 1429 in
2352 1372 2595 1429 nomine
2643 1371 2809 1428 varia
2858 1371 3231 1441 signiﬁcante
3282 1387 3421 1428 cum
3468 1373 3637 1428 Jesus

1991 1462 2165 1519 audis
2228 1479 2239 1518 :
2294 1461 2596 1535 Siquidem
2649 1464 2705 1517 et
2766 1460 2921 1517 alius
2980 1459 3088 1516 fuit
3134 1461 3358 1519 Jesus:
3413 1460 3636 1519 idcirco

1989 1567 2107 1608 non
2125 1550 2465 1623 simpliciter
2488 1551 2689 1623 ipsum
2715 1550 3097 1618 dixitJesum,
3130 1548 3235 1606 sed
3254 1551 3454 1606 Jesum
3477 1549 3637 1606 Chri—

1991 1645 2173 1707 stum,
2219 1641 2379 1696 hunc
2408 1639 2481 1696 ab
2523 1639 2622 1695 illo
2661 1638 3052 1709 distinguens.
3106 1640 3317 1696 Verum
3363 1638 3636 1696 dubitare

1988 1728 2286 1801 quispiam
2318 1726 2548 1800 poterit,
2599 1742 2689 1791 eo,
2725 1726 2883 1798 quod
2930 1726 3027 1783 hic
3074 1726 3221 1783 liber
3269 1742 3391 1783 non
3440 1726 3635 1784 solam

1989 1818 2289 1874 contineat
2319 1816 2529 1873 Christi
2584 1816 2971 1881 nativitatem,
3005 1815 3110 1872 sed
3146 1819 3200 1872 et
3230 1830 3474 1873 omnem
3504 1816 3635 1888 ejus

1986 1906 2505 1963 conversationem
2550 1921 2621 1961 ac
2659 1904 2894 1961 vivendi
2924 1904 3241 1961 rationem.
3276 1907 3433 1962 Hanc
3461 1903 3633 1962 dubi-

1984 1997 2270 2053 tationem
2310 1993 2713 2059 dissolvimus,
2754 1992 3032 2050 dicentes.
3080 1994 3286 2050 Omnis
3328 1994 3457 2065 ejus
3494 2009 3635 2051 con-

1983 2084 2352 2150 versationis,
2386 2083 2668 2156 modique
2701 2082 2939 2139 vivendi
2970 2090 3169 2156 caput,
3202 2087 3255 2139 et
3281 2082 3632 2156 principium

1984 2190 2054 2232 ac
2074 2173 2339 2229 radicem
2386 2176 2601 2229 nostras
2650 2170 2880 2241 salutis,
2930 2170 3111 2227 fuisse
3143 2171 3531 2229 nativitatem.
3564 2171 3634 2230 ld

1984 2264 2146 2321 enim
2172 2268 2413 2335 stupore
2438 2266 2493 2318 et
2522 2260 2915 2317 admiratione
2973 2261 3173 2333 replet,
3207 2264 3418 2334 estque
3448 2276 3633 2333 supra

1985 2368 2222 2409 omnem
2255 2367 2425 2423 spem
2455 2366 2526 2407 ac
2556 2348 3085 2423 exspectationem,
3117 2353 3181 2405 ut
3209 2351 3361 2405 Deus
3398 2348 3500 2407 ﬁat
3526 2350 3632 2408 ho~

1985 2458 2087 2499 mo
2120 2458 2131 2498 :
2166 2456 2287 2515 quo
2313 2439 2487 2503 facto.
2515 2440 2721 2496 omnia
2750 2454 2886 2512 quas
2908 2438 3170 2511 posthoc
3194 2438 3352 2496 facta
3377 2443 3532 2511 sunt,
3558 2456 3632 2499 ex

1985 2530 2389 2601 consequenti,
2421 2544 2650 2601 suoque
2696 2527 2907 2584 ordine
2962 2532 3430 2601 consequuntur.
3486 2529 3633 2586 Reli-

1982 2636 2173 2693 quum
2185 2623 2507 2691 estergo,ut
2522 2617 2600 2674 ab
2612 2617 2724 2673 hac
2737 2616 2930 2687 magis
2945 2616 3248 2689 prmcipua
3267 2620 3451 2688 parte,
3467 2632 3630 2676 nem-

1981 2726 2056 2783 pe
2069 2713 2258 2765 totum
2270 2706 2503 2772 librum,
2522 2704 3147 2777 generationislibrum
3162 2706 3481 2764 vocaverit.
3505 2707 3632 2763 Mo~

1986 2814 2079 2855 ses
2092 2812 2338 2871 quoque
2367 2796 2631 2869 primum
2654 2810 2833 2850 suum
2854 2793 3070 2851 librum
3087 2794 3625 2853 vocavitGeneseos

1978 2888 2093 2945 hoc
2114 2892 2221 2953 est,
2245 2884 2558 2942 creationis
2590 2883 2721 2940 coeli
2739 2888 2794 2942 et
2812 2884 3003 2941 ωτι-ωε
3020 2900 3033 2939 :
3049 2899 3187 2940 cum
3201 2898 3323 2940 non
3343 2882 3539 2941 solum
3552 2884 3627 2943 de

1980 2975 2131 3033 coelo
2143 2982 2197 3032 et
2210 2980 2577 3042 terra,verum
2591 2974 2760 3031 etiam
2773 2972 3037 3031 omnibus
3048 2971 3314 3046 loquatur
3323 2973 3624 3032 creaturis.

2056 3082 2181 3139 Vel:
2202 3098 2337 3137 cum
2352 3080 2611 3138 Christus
2625 3085 2679 3137 et
2690 3078 3127 3152 supernaturali
3135 3084 3218 3136 ter
3229 3083 3409 3137 natus
3422 3079 3514 3145 sit,
3528 3094 3629 3152 pu-

1977 3176 2038 3229 ta
2052 3173 2177 3228 sine
2190 3170 2427 3237 semine,
2441 3174 2499 3225 et
2508 3185 2581 3226 ex
2592 3168 2829 3240 Virgine
2842 3172 2900 3225 et
2910 3167 3248 3225 naturaliter
3259 3172 3401 3242 puta
3420 3184 3491 3225 ex
3508 3184 3629 3225 mu-

1979 3262 2138 3328 liere,
2170 3267 2225 3319 et
2247 3260 2795 3317 uberibuslactatus
2819 3274 2831 3315 :
2860 3258 2995 3315 ideo
3034 3257 3199 3325 dixit,
3216 3258 3623 3328 generationis,

1976 3348 2570 3422 insinuansid,quod
2596 3352 2721 3405 erat
2740 3346 3205 3420 supernaturale.
3247 3346 3405 3404 infra
3424 3351 3627 3404 autem

1978 3441 2150 3497 dicit:
2172 3442 2310 3495 Jesu
2332 3437 2544 3493 Christi
2574 3436 2848 3493 nativitas
2876 3435 2962 3491 sic
2992 3434 3101 3491 fuit
3130 3435 3198 3500 ¹⁰,
3235 3433 3629 3492 manifestans

1978 3531 2059 3598 id,
2110 3529 2273 3603 quod
2327 3526 2435 3583 fuit
2479 3525 2772 3583 naturale.
2834 3522 3091 3591 Quidam
3142 3538 3285 3581 vero
3330 3523 3632 3584 dixerunt.

1978 3618 2423 3692 generationem
2454 3616 2605 3679 Jesu,
2642 3614 2830 3687 ipsius
2858 3614 2921 3669 in
2967 3613 3265 3670 mundum
3294 3612 3633 3670 descensio~

1978 3724 2137 3767 nem.
2164 3723 2284 3781 quo
2313 3705 2498 3763 modo
2530 3702 2801 3761 videlicet
2824 3701 3015 3760 factus
3046 3702 3119 3758 sit
3146 3701 3237 3759 vel
3288 3705 3485 3759 natus.

2048 3798 2195 3854 Filii
2235 3795 2415 3853 David
2444 3837 2457 3863 ,
2486 3789 3168 3865 ﬁliiAbraham.Filium
3183 3790 3429 3866 quidem
3444 3790 3630 3850 David

1977 3904 2207 3963 vocavit
2246 3902 2560 3966 Christum,
2589 3900 2779 3957 ﬁlium
2808 3914 2946 3956 vero
2967 3897 3269 3955 Abraham
3296 3898 3493 3972 ipsum
3518 3899 3627 3956 Da-

1976 3993 2073 4051 vid
2106 4008 2119 4050 :
2154 3992 2485 4050 auditorum
2512 3993 2743 4046 mentes
2774 4002 3010 4061 erigens
3046 3986 3125 4043 ad
3154 3986 3626 4059 promissionum

1976 4082 2349 4139 memoriam.
2384 4078 2534 4137 Olim
2561 4078 2719 4134 enim
2748 4076 3109 4150 promiserat
3139 4076 3301 4134 Deus
3332 4075 3628 4133 Abraham

1976 4188 2047 4230 ac
2074 4170 2254 4227 David
2279 4186 2309 4225 θ
2342 4167 2567 4226 semine
2600 4167 2865 4239 ipsorum
2892 4164 3260 4222 nasciturum
3291 4180 3423 4221 esse
3463 4164 3629 4222 Chri-

1976 4267 2154 4318 stum.
2179 4261 2327 4315 Cum
2358 4263 2557 4315 autem
2587 4255 2887 4313 auditores
2918 4258 3113 4310 essent
3155 4252 3361 4319 Judaei,
3385 4259 3448 4308 ut
3479 4268 3629 4325 pras-

1976 4350 2257 4417 diximus,
2290 4350 2577 4403 noverant
2596 4344 2725 4399 illas
2754 4341 3198 4415 promissiones.
3228 4340 3494 4396 Primum
3525 4357 3631 4397 au-

1976 4443 2093 4496 tem
2120 4436 2305 4492 David
2335 4433 2555 4508 posuit,
2605 4431 2771 4506 quod
2800 4431 2860 4487 in
2891 4445 2993 4486 ore
3022 4429 3296 4485 omnium
3353 4428 3627 4497 ferretur,

1976 4531 2181 4601 utpote
2212 4525 2497 4599 propheta
2524 4536 2784 4593 magnus
2813 4523 2869 4576 et
2886 4522 3168 4593 tanquam
3194 4534 3297 4575 rex
3320 4518 3629 4589 gloriosis-

1978 4618 2154 4675 simus
2184 4634 2201 4682 ;
2234 4614 2459 4688 quique
2511 4627 2633 4669 non
2684 4614 2844 4667 tanto
2903 4612 3040 4666 ante
3070 4612 3331 4681 tempore
3360 4608 3626 4667 obiisset.

1977 4705 2281 4761 Abrabam
2308 4707 2525 4772 autem,
2549 4715 2893 4773 quanquam
2915 4697 3165 4769 insignis
3188 4695 3379 4764 fuerit,
3407 4714 3627 4772 nempe

1973 4794 2612 4867 patriarcha,attamen
2643 4806 2781 4846 cum
2809 4792 2946 4846 ante
2959 4786 3147 4845 multa
3168 4786 3388 4845 saecula
3416 4803 3448 4844 e
3479 4788 3627 4845 vivis

1975 4883 2343 4949 excessisset,
2392 4884 2557 4938 tanta
2611 4878 2906 4935 memoria
2951 4892 3074 4934 non
3134 4875 3455 4934 colebatur.
3509 4877 3627 4935 Etsi

1974 4974 2153 5030 etiam
2181 4971 2413 5044 utrique
2438 4968 2796 5042 promiserit,
2836 4968 2911 5024 de
2936 4965 3034 5023 illo
3074 4970 3263 5024 tamen
3317 4966 3487 5038 quasi
3533 4981 3629 5023 ve-

1975 5060 2206 5122 tustiori
2235 5059 2517 5117 silebatur
2546 5074 2567 5117 :
2595 5058 2707 5117 hoc
2736 5060 2937 5116 autem
2966 5060 3259 5130 tanquam
3305 5054 3623 5115 recentius.

334 5183 379 5221 ⁷·
404 5183 601 5241 Matth.
679 5186 830 5252 1,21.
908 5186 932 5224 ⁸
957 5185 1079 5243 Gen
1113 5201 1207 5252 ιιι,
1234 5188 1289 5244 4.
1368 5186 1607 5246 ’Matth.
1637 5202 1678 5257 ι,
1715 5189 1762 5247 1.
1841 5190 1876 5231 ³⁴

1986 5189 2071 5251 id.
2146 5187 2234 5245 18.

1504 5312 1731 5382 Variae
1760 5313 2087 5384 lectiones
2117 5319 2184 5382 et
2219 5317 2421 5379 notae.

336 5449 416 5538 (7)
446 5453 584 5538 ιξρει
618 5450 838 5538 καλέσας
880 5451 1271 5538 leguntur‘in
1311 5453 1464 5538 Cod.‘
1496 5456 1559 5538 β.
1614 5470 1706 5523 ea,
1740 5470 1869 5538 quas

271 5523 605 5651 ἓξῃξοᾶίοὶε
652 5529 722 5582 Α.
760 5524 1027 5596 margine
1056 5524 1240 5599 paulo
1290 5530 1421 5600 post
1448 5525 1546 5583 hic
1612 5523 1871 5602 ascripta

353 5665 430 5742 (8)
461 5669 531 5721 T6
561 5666 883 5725 deleverim
910 5680 934 5742 ;
963 5674 1113 5724 τοῦτο
1158 5668 1342 5727 habet
1378 5668 1677 5744 Chrysost.
1708 5672 1861 5729 tom.

1976 5456 2076 5518 VII
2102 5470 2156 5518 β.
2187 5457 2255 5511 23
2286 5454 2349 5511 C.

2053 5518 2132 5601 (9)
2168 5521 2488 5601 Inclusain
2516 5519 2789 5601 margine
2816 5518 3002 5579 habet
3024 5521 3093 5578 A.

2056 5592 2147 5671 (10
2180 5596 2231 5670 1)
2260 5597 2366 5661 Τὰς
2394 5592 2717 5670 ἕπαγγελίας.
