4180 6508
549 358 654 418 1-19
1904 351 2250 412 EUTHYMII
2282 349 2616 408 ZIGABENI
3812 350 3944 408 120

551 485 617 544 in
657 481 930 544 omnium
982 496 1083 541 ore
1134 479 1666 540 circumferebatur
1697 499 1710 540 :
1746 487 1986 555 propter
2041 479 2202 554 quod

2314 481 2657 554 περιεφέρετο.
2719 479 2806 532 Διὸ
2866 479 2957 531 καὶ
3018 475 3207 550 ἔλεγον·
3263 475 3356 530 οῦκ
3419 473 3476 530 ἔκ
3532 483 3622 530 τοῦ
3680 480 3937 551 σπέρμα-

555 575 735 637 etiam
775 571 1097 630 dicebant:
1130 571 1339 629 Nonne
1390 587 1422 628 e
1475 572 1703 628 semine
1765 571 1966 636 David,
2023 576 2078 626 et
2132 569 2206 626 de

2314 587 2400 630 τος
2440 564 2628 636 Δαυῑδ,
2676 571 2764 620 καὶ
2818 566 2919 620 ἀπὸ
2961 567 3186 639 Βηθλεὲμ
3223 575 3317 628 τῆς
3378 572 3579 638 κώμης,
3613 568 3740 619 ὅπου
3795 565 3865 626 ἦν
3904 569 3937 620 ὀ

556 663 852 722 Bethleem
880 661 1141 730 castello,
1192 661 1295 717 ubi
1348 665 1474 718 erat
1528 660 1730 727 David,
1785 667 2065 716 venturus
2119 662 2207 714 est

2314 653 2502 723 Δαυὶδ,
2559 661 2771 730 ἔρχεται
2820 659 2844 709 6
2904 662 3174 728 Χριστός,
3238 662 3337 710 Καὶ
3381 653 3552 717 οὐδεὶς
3601 657 3754 708 αὐτόν
3805 661 3935 710 υιόν

557 753 816 814 Christus
844 752 948 807 “‘I
994 751 1201 824 Itaque
1262 749 1464 806 nullus
1545 765 1684 806 eum
1765 749 1944 804 ﬁlium
2019 748 2208 805 Abra-

2310 745 2570 819 ’Δϐραὰμ,
2618 745 2744 798 ἀλλὰ
2786 747 2972 809 πάντες
3005 748 3116 798 υἱον
3165 741 3331 798 Δαυὶδ
3363 743 3593 797 ἐκάλουν.
3638 747 3790 797 Οὖτω
3843 746 3931 817 (2)

552 843 715 909 ham,
747 840 855 897 sed
899 856 1112 897 omnes
1139 839 1326 896 David
1356 838 1547 894 tilium
1596 838 1911 895 vocabant.
1948 837 2040 894 Sic
2071 852 2203 909 ergo

2313 843 2439 907 γοῦν
2468 834 2567 887 ἀπὸ
2598 841 2689 886 τοῦ
2721 839 3114 910 γνωριμωτέραν
3145 835 3334 910 μᾶλλον
3377 834 3681 910 ἀρξάμενος,
3714 833 3797 888 ἐπὶ
3831 838 3929 888 τὸν

555 930 630 990 ab
661 947 751 997 eo,
769 929 936 1003 quod
954 929 1154 984 notius
1180 933 1306 984 erat
1328 927 1642 1000 incipiens,
1693 927 1772 984 ad
1800 926 1860 983 id
1890 927 2057 1000 quod
2085 930 2206 983 eral

1264 933 1306 984 tt
1328 927 1642 1000 incipiens,
1693 927 1772 984 ad
1800 926 1860 983 id
1890 927 2057 1000 quod
2085 930 2212 983 erat
2316 924 2652 1000 παλαιότερον
2683 923 2915 984 ἀνῆλθεν.

554 1019 870 1084 vetustius,
905 1016 1189 1074 ascendit.

629 1129 849 1182 Verum
871 1123 1173 1180 Matthteus
1203 1121 1474 1195 quidem,
1504 1139 1640 1179 cum
1676 1121 1749 1178 ad
1782 1137 1884 1178 eos
1923 1122 2019 1195 qui
2047 1138 2078 1178 e
2107 1123 2214 1178 cir-

2391 1121 2546 1174 Ἀλλὰ
2597 1123 2859 1182 Marem;
2897 1124 2985 1194 μεν
3040 1124 3170 1196 πρὸς
3200 1124 3318 1182 τοὺς
3347 1119 3401 1174 ἐκ
3457 1131 3741 1196 περιτομῆς
3793 1124 3933 1196 γρά-

564 1214 925 1272 cumcisione
938 1216 1127 1276 erant,
1147 1211 1447 1282 scriberet,
1464 1226 1585 1267 non
1605 1211 1803 1279 altius,
1819 1227 2005 1283 quam
2022 1225 2213 1283 usque

2320 1231 2444 1283 φων,
2476 1211 2571 1262 οὐκ
2624 1209 2857 1284 ἀνωτέρω
2904 1218 2995 1263 τοῦ
3030 1209 3266 1284 Ἃϐραὰμ
3320 1209 3547 1282 ἀνήγαγε
3594 1216 3688 1270 τὴν
3744 1231 3930 1283 γενεα-

565 1305 643 1362 ad
660 1302 966 1360 Abraham
997 1301 1413 1372 genealogiam
1433 1301 1681 1367 reduxit,
1715 1301 1817 1356 sed
1834 1300 2036 1356 abhoc
2054 1316 2215 1356 sum-

2319 1299 2519 1371 λογίαν,
2615 1299 2721 1350 ἀλλ’
2809 1299 2909 1351 ἀπὸ
2989 1303 3175 1352 τούτου
3269 1298 3568 1374 ἀρξάμενος,
3669 1301 3930 1359 κατῆλθεν

565 1398 668 1469 pto
699 1390 1016 1466 principio,
1041 1406 1231 1463 usque
1244 1390 1317 1446 ad
1340 1390 1536 1462 ipsum
1577 1389 1868 1445 Christum
1892 1389 2212 1453 descendit,

2321 1389 2486 1463 ἄχρις
2526 1388 2686 1440 αὑτοῦ
2742 1396 2834 1440 τοῦ
2887 1396 3142 1460 Χριστοῦ,
3190 1384 3436 1440 δεικνύων
3488 1393 3664 1460 μόνον,
3730 1392 3812 1441 ὃτι
3871 1389 3932 1441 ἐκ

566 1480 888 1540 ostendens
900 1480 1104 1550 solum,
1121 1479 1286 1552 quod
1311 1496 1339 1535 e
1360 1479 1586 1536 semine
1615 1479 1918 1535 Abraham
1956 1485 2010 1534 et
2037 1477 2217 1534 David

2325 1481 2612 1548 σπέρματος
2657 1475 2896 1549 Ἂϐραὰμ
2940 1482 3030 1528 καὶ
3080 1473 3246 1529 Δαυὶδ
3295 1475 3605 1542 ἐϐλάστησε,
3645 1479 3780 1530 κατὰ
3829 1482 3931 1541 τὰς

566 1575 748 1628 natus
776 1572 944 1634 esset,
975 1568 1309 1625 secundum
1329 1568 1628 1641 promissa
1653 1568 1730 1624 ad
1760 1567 1892 1622 illos
1924 1567 2096 1624 facta.
2129 1566 2217 1623 Ni-

2323 1569 2453 1638 πρός
2506 1565 2728 1626 ἐκείνους
2793 1564 3121 1636 ἐπαγγελίας.
3193 1563 3358 1619 Οὐδὲν
3412 1569 3512 1639 γὰρ
3588 1568 3751 1629 οὕτως
3807 1566 3933 1621 ἀνέ-

567 1659 652 1732 hil
680 1659 841 1716 enim
869 1672 1039 1730 aeque
1060 1656 1387 1715 delectabat
1408 1672 1531 1722 eos,
1555 1657 1659 1729 qui
1687 1671 1760 1712 ex
1784 1659 1809 1711 ,1
1819 1655 2002 1711 ιιάεθίε
2031 1655 2218 1711 credi-

2324 1675 2456 1708 παυε
2504 1659 2622 1717 τοὺς
2677 1654 2730 1719 ἐξ
2786 1651 3056 1708 Ἰουδαίων
3110 1660 3538 1722 πεπιστευκότας,
3590 1659 3654 1716 ὡς
3714 1661 3773 1709 τὸ
3821 1678 3931 1729 μα-

568 1748 782 1805 derant
811 1764 828 1804 :
856 1749 1036 1819 atque
1068 1745 1269 1802 audire
1297 1745 1464 1818 quod
1491 1761 1523 1802 e
1563 1745 1790 1800 semine
1817 1744 2119 1800 Abraham
2150 1759 2219 1800 ac

2330 1747 2450 1809 Θείν,
2517 1747 2595 1796 ὅτι
2642 1743 2699 1796 ἐκ
2753 1749 3048 1816 σπέρματος
3103 1743 3339 1819 Ἀϐραὰμ
3395 1750 3483 1797 καὶ
3542 1742 3708 1798 Δαυὶδ
3782 1743 3844 1805 ἦν
3901 1749 3929 1800 6

570 1835 757 1894 David
777 1841 958 1892 natus
979 1839 1136 1890 esset
1151 1833 1435 1899 Christus,
1452 1838 1656 1906 utpote
1685 1833 1791 1906 qui
1819 1833 1955 1888 inde
1987 1848 2221 1904 semper

2280 1829 2581 1905 ΞΧριστός,
2642 1836 2711 1894 ὡς
2776 1832 2961 1885 ἐκεῖθεν
3033 1833 3188 1884 αὑτὸν
3267 1832 3344 1885 ἀεὶ
3401 1830 3822 1907 προσδοκῶντας.
3867 1837 3931 1889 Ὀ

567 1926 769 1998 ipsum
781 1927 1234 1997 exspectassent.
1267 1925 1452 1978 Lucas
1482 1938 1623 1978 vero
1640 1923 1812 1995 quasi
1829 1938 1935 1994 per
1954 1921 2218 1977 medium

2334 1919 2392 1974 δε
2425 1929 2650 1988 Λουκᾶς,
2696 1923 2804 1987 ἅτε,
2839 1919 2930 1974 διὰ
2959 1925 3119 1994 μέσου
3153 1930 3242 1974 τοῦ
3285 1922 3559 1994 Θεοφίλου,
3605 1932 3747 1996 κοινῇ
3791 1929 3933 1976 πᾶσι

571 2002 960 2085 Theophilum
979 2011 1151 2067 simul
1181 2011 1464 2067 omnibus
1492 2011 1740 2083 loquens
1763 2010 2063 2075 ﬁdelibus,
2093 2025 2222 2082 per-

2332 2018 2542 2072 πιστοῖς
2606 2007 2989 2083 διαλεγόμενος,
3047 2010 3252 2068 ὁλοτελῆ
3319 2019 3543 2064 ποιεῖται
3599 2016 3688 2069 τὴν
3750 2031 3931 2082 γενεα-

572 2102 774 2158 lectam
808 2099 984 2156 tradit
1010 2101 1452 2171 generationem
1479 2116 1491 2156 :
1523 2099 1748 2155 inferne
1765 2099 1958 2169 magis
1984 2100 2058 2156 ab
2089 2100 2223 2170 ipso

2332 2099 2527 2171 λογίαν,
2583 2102 2804 2152 κάτωθεν
2853 2099 2953 2152 ἀπὸ
3018 2109 3110 2152 τοῦ
3163 2108 3395 2171 Χριστοῦ
3451 2101 3640 2172 μᾶλλον
3698 2100 3929 2174 ἀρξάμεο

572 2190 862 2246 inchoans
893 2188 1137 2254 Christo,
1161 2191 1218 2244 et
1247 2187 1327 2244 ad
1353 2188 1551 2260 ipsum
1578 2204 1764 2260 usque
1791 2187 1985 2243 Adam
2017 2203 2221 2242 ascen-

2333 2209 2436 2255 νος,
2496 2193 2581 2242 καὶ
2613 2187 2805 2251 ἀναϐὰς
2852 2191 2987 2261 οἷχρι
3037 2197 3127 2241 τοῦ
3160 2186 3351 2260 Ἀδὰμ,
3396 2191 3477 2241 ἱνα
3527 2186 3694 2262 δείξῃ,
3733 2195 3929 2252 πόσαις

572 2278 741 2343 dens,
761 2277 1292 2341 utdemonstraret,
1314 2275 1956 2348 quotgenerationibus
1983 2291 2223 2348 separa-

2333 2298 2387 2331 τε
2441 2285 2638 2350 γενεαῖς
2696 2277 2998 2350 ἀφειστήκει
3050 2285 3140 2329 τοῦ
3200 2278 3422 2331 παλαιοῦ
3480 2279 3504 2330 ό
3556 2284 3666 2340 νέος
3723 2275 3921 2350 Ἀδὰμ,

572 2371 666 2425 tus
707 2367 779 2424 sit
807 2383 1000 2424 novus
1030 2366 1224 2422 Adam
1255 2382 1291 2422 a
1319 2365 1521 2431 veteri,
1555 2369 1611 2421 et
1641 2381 1824 2436 super
1866 2369 2007 2438 quot
2037 2380 2223 2436 gene-

2332 2373 2421 2420 καὶ
2480 2372 2653 2420 πόσων
2716 2376 2898 2438 γενεῶν
2954 2366 3284 2419 ἐϐασίλευσεν
3316 2369 3344 2424 ἠ
3402 2367 3652 2439 ἁμαρτία.
3694 2368 3752 2420 Ἠ
3810 2363 3921 2419 δια-

569 2457 828 2514 rationes
851 2454 1182 2525 regnaverit
1206 2458 1538 2526 peccatum.
1578 2453 1919 2510 Diflerentia
1939 2453 2117 2524 igitur
2136 2469 2220 2508 re-

2334 2459 2467 2532 φορὰ
2524 2462 2694 2509 τοίνυν
2746 2465 2844 2508 τῶν
2901 2452 3348 2527 ἀποδεδειγμένων
3406 2459 3745 2528 πραγμάτων,
3803 2454 3927 2508 δια-

570 2561 703 2600 rum
717 2544 1284 2613 de'monstratarum,
1305 2542 1697 2598 differentiam
1711 2542 1842 2598 fecit
1853 2542 2221 2598 demonstra-

2334 2548 2492 2619 φορὰν
2573 2544 2784 2603 εποίησε
2859 2551 2945 2597 καὶ
3015 2553 3112 2597 τῶν
3169 2541 3506 2608 ἀποδείξεων.
3561 2545 3616 2598 Ὀ
3664 2547 3753 2616 μὲν
3822 2549 3925 2617 γὰρ

571 2629 828 2690 tionum.
864 2632 1171 2704 Siquidem
1215 2631 1516 2688 Matthaius
1549 2631 1851 2687 Abraham
1883 2630 2222 2687 necessario

2333 2636 2601 2695 Ματθαίος
2696 2632 2990 2704 ἀναγκαίως
3074 2641 3166 2685 τοῦ
3245 2633 3480 2705 Ἃϐραὰμ.
3563 2633 3924 2705 ἐπιμνησθεὶς,

566 2721 792 2779 faciens
806 2721 1170 2777 mentionem
1181 2762 1194 2786 ,
1211 2720 1288 2776 ad
1302 2720 1406 2776 hoc
1420 2719 1632 2776 merito
1645 2719 1951 2776 descendit
1967 2721 2042 2776 ad
2057 2719 2217 2776 Chri-

2333 2723 2542 2785 εἰκότως
2595 2722 2694 2774 ἀπό
2739 2726 2923 2775 τούτου
2969 2725 3194 2775 κάτεισιν
3253 2721 3335 2775 ἐπὶ
3382 2726 3468 2774 τὸν
3519 2723 3923 2795 γενεαλογούμε-

569 2814 748 2876 s'tum,
766 2810 932 2882 cujus
946 2808 1299 2879 genealogia
1328 2808 1703 2865 describitur.
1732 2811 1916 2864 Lucas
1937 2825 2094 2874 vero,
2119 2808 2220 2881 qui

2333 2832 2414 2865 νον
2445 2817 2690 2885 Χριστόν·
2723 2813 2747 2864 6
2780 2808 2838 2865 δε
2881 2818 3108 2877 Λουκᾶς,
3161 2816 3231 2884 μὴ
3288 2811 3441 2864 ἐλθὼν
3487 2812 3552 2872 εἰς
3602 2818 3787 2884 χρείαν
3831 2821 3927 2874 τῆς

569 2898 647 2956 ad
669 2897 1016 2969 hujusmodi
1053 2897 1461 2953 necessitatem
1499 2897 1818 2954 mentionis
1850 2896 2099 2953 Abrahae
2127 2897 2219 2954 fa-

2331 2905 2573 2962 τοιαύτης
2628 2906 2832 2974 μνήμης
2885 2905 2942 2953 τὸ
3009 2909 3099 2953 τοῦ
3154 2901 3412 2975 Ἀϐραὰμ,
3470 2903 3767 2972 ἀναγκαίως
3824 2899 3925 2953 ἀπὸ

566 2987 792 3045 c'ienda
818 3002 941 3043 non
987 2985 1397 3053 inducebatur,
1454 2988 1790 3043 necessario
1816 3003 1851 3042 a
1877 2986 2103 3042 Christo
2131 2986 2217 3042 in-

2332 2999 2423 3043 τοῦ
2473 2998 2708 3065 Χριστοῦ
2767 2989 3064 3065 ἀρξάμενος,
3111 2987 3388 3043 ἀνεπόδισε
3601 2992 3816 3051 mnes;
3869 2986 3927 3042 δε

566 3076 814 3142 choans,
841 3074 990 3148 quid
1019 3075 1181 3148 apud
1204 3075 1480 3132 Hebraeos
1509 3080 1858 3132 consuetum
1890 3083 2059 3142 esset,
2088 3075 2216 3132 dili-

2277 3086 2434 3158 :'roi';
2497 3078 2770 3154 Ἑϐραίοις,
2842 3085 2932 3132 καὶ
2993 3081 3048 3132 τό
3102 3081 3237 3132 κατὰ
3291 3076 3651 3153 ἀναποδισμόν
3699 3078 3928 3151 γενεαλοο

569 3168 777 3238 genter
811 3163 1126 3238 inquisivit,
1171 3168 1227 3220 et
1267 3164 1440 3236 juxta
1481 3163 1542 3220 id
1580 3164 1747 3237 quod
1797 3163 2212 3238 inquisiverat,
2323 3177 2456 3241 γεῐν.

569 3253 984 3325 genealogiam
1011 3253 1332 3310 contexuit.

638 3364 805 3418 Vens.
836 3366 890 3419 2.
919 3361 1224 3419 Abraham
1253 3360 1561 3431 —fratres
1587 3359 1729 3431 ejus.
1757 3361 1928 3419 Moris
1959 3365 2084 3419 erat
2110 3377 2216 3435 per

2395 3362 2633 3438 ’Δϐραὰμ
2707 3391 2779 3404 —
2853 3359 3117 3435 ἀδελφοὺς
3185 3362 3363 3418 αὑτοῦ.
3460 3362 3612 3426 Ἐθος
3705 3359 3786 3429 ἦν,
3883 3361 3941 3417 δε

567 3466 768 3508 mares
797 3454 990 3507 texere
1015 3449 1400 3522 genealogias
1429 3467 1445 3504 :
1469 3448 1561 3505 vir
1599 3449 1758 3506 enim
1786 3465 1989 3507 semen
2019 3450 2216 3508 infun-

2325 3452 2544 3529 ὰῤῥίνων
2606 3454 2870 3506 ποιεῖσθαι
2927 3454 3018 3514 τὰς
3097 3452 3444 3524 γενεαλογίας.
3506 3452 3563 3505 Ὁ
3637 3451 3764 3525 ἀνὴρ
3823 3455 3921 3527 γὰρ

567 3540 670 3606 dit,
697 3543 752 3596 et
775 3539 857 3596 ita
892 3538 1256 3612 principium
1277 3541 1366 3594 est
1388 3542 1446 3594 et
1467 3537 1636 3594 radix
1677 3539 1878 3611 prolis,
1918 3545 2216 3613 caputque

2330 3548 2548 3616 σπείρει,
2619 3547 2707 3594 καὶ
2771 3543 2916 3602 οὗτός
2973 3540 3113 3595 ἔστιν
3171 3541 3314 3616 ἀρχὴ
3376 3544 3464 3614 μεν
3523 3546 3612 3593 καὶ
3661 3544 3789 3616 ῥίζα
3830 3550 3921 3596 τοῦ

569 3623 846 3694 mulieris,
869 3633 932 3685 ut
955 3627 1510 3702 inquitApostolus:
1539 3627 1750 3683 mulier
1780 3633 1980 3683 autem
2010 3644 2218 3684 semen

2326 3635 2524 3701 τέκνου,
2572 3630 2762 3702 κεφαλὴ
2824 3628 2882 3684 δε
2930 3639 3023 3692 τῆς
3052 3636 3314 3702 γυναικός·
3366 3633 3396 3688 ἡ
3441 3627 3498 3683 δὲ
3547 3636 3701 3702 γυνη,
3749 3634 3919 3704 εκτρέ-

570 3717 794 3784 fovens,
818 3717 1120 3773 enutriens
1148 3733 1218 3772 ac
1239 3715 1589 3788 coagulans,
1620 3716 1681 3773 in
1703 3715 2068 3786 adiutorium
2095 3717 2219 3774 viro

2330 3739 2520 3792 φουσα,
2576 3724 2665 3772 καὶ
2710 3718 2998 3786 Θάλπουσα,
3057 3725 3146 3771 καὶ
3197 3720 3527 3782 συναύξουσα
3573 3723 3628 3772 τὸ
3691 3724 3913 3793 σπέρμα,

571 3805 715 3862 data
740 3808 843 3862 est.
871 3805 1080 3862 Iudam
1113 3821 1247 3862 vero
1288 3821 1404 3878 pra)
1435 3805 1573 3860 ﬁliis
1625 3804 1755 3861 aliis
1786 3805 1966 3860 Jacob
1998 3805 2215 3877 posuit,

2333 3808 2530 3882 βοηθός
2569 3804 2783 3861 δέδοται
2808 3817 2880 3879 τῷ
2928 3805 3100 3881 ἀνδρί.
3132 3812 3230 3861 Τὸν
3263 3807 3466 3862 Ἰούδαν
3525 3805 3585 3862 δι
3641 3809 3925 3883 παρέλαϐεν

569 3893 703 3951 licet
727 3894 1154 3967 primogenitus
1185 3910 1305 3950 non
1335 3896 1510 3959 esset,
1538 3908 1609 3948 eo
1625 3892 1791 3964 quod
1829 3909 1899 3948 ex
1920 3893 2077 3949 tribu
2094 3894 2220 3965 ejus

2332 3897 2434 3950 ἀπὸ
2466 3905 2562 3949 τῶν
2603 3896 2766 3949 ἄλλων
2804 3900 2928 3950 υἱῶν
2980 3905 3072 3950 τοῦ
3121 3897 3326 3966 Ἰακὼϐ,
3388 3903 3559 3951 καίτοι
3612 3903 3682 3971 μὴ
3729 3902 3925 3970 πρωτό-

573 3982 830 4040 Christus
861 3983 1265 4040 descenderet.
1298 3982 1436 4038 Cum
1461 3986 1661 4038 autem
1688 3981 1748 4037 in
1768 3982 2224 4052 generationum

2333 4007 2481 4040 τοκον
2529 3990 2670 4053 ὄντα,
2727 3988 2805 4039 ὅτι
2865 3985 2918 4038 ἐκ
2975 3995 3072 4049 τῆς
3143 3987 3303 4060 φυλῆς
3365 3987 3522 4039 αὑτοῦ
3593 3992 3845 4059 κατήγετο
3900 3988 3925 4039 ὁ

573 4072 720 4129 serie
732 4088 889 4128 unus
903 4087 1141 4145 semper
1153 4071 1229 4128 ab
1243 4085 1610 4143 unoquoque
1625 4085 1934 4127 successor
1945 4078 2221 4143 ponatur:

2334 4080 2589 4151 Χριστός.
2662 4077 2807 4127 Ἐπεὶ
2871 4072 2930 4128 δε
2987 4074 3034 4126 ἓν
3117 4076 3235 4136 ταῖς
3301 4075 3670 4148 γενεαλογίαις,
3730 4077 3796 4136 εἷς
3843 4075 3927 4147 ἀφ’

575 4161 830 4218 studiose
855 4159 1292 4218 observandum
1314 4163 1420 4224 est,
1446 4158 1694 4231 quando
1707 4158 1905 4230 plures
1929 4169 2226 4233 ponuntur

2338 4165 2559 4218 ἑκάστου
2613 4160 2877 4236 διάδοχος
2931 4163 3009 4217 ἀεὶ
3074 4166 3292 4229 τίθεται,
3349 4169 3761 4240 παρατηρητέον,
3813 4166 3928 4216 ἔνθα

577 4263 943 4307 successores
969 4269 982 4320 ;
1005 4265 1127 4307 non
1161 4248 1318 4304 enim
1348 4247 1573 4302 frustra
1598 4246 1858 4318 plurium
1885 4250 1957 4305 sit
1983 4250 2223 4316 additio,

2337 4252 2826 4325 παραλαμϐάνονται
2906 4251 3127 4319 πλείους,
3199 4254 3276 4306 ὅτι
3338 4253 3396 4306 οῦ
3463 4255 3632 4325 μάτην
3721 4255 3750 4311 ἡ
3834 4261 3928 4305 τᾶν

577 4338 682 4394 sed
707 4339 903 4394 statim
917 4335 1477 4406 causaagnoscitur.
1509 4335 1778 4392 Fratrum
1805 4337 2100 4410 siquidem
2131 4341 2228 4396 Ju-

2280 4341 2580 4424 )πλειόνων
2634 4344 2909 4414 προσθήκη
2987 4347 3210 4414 γέγονεν,
3287 4341 3398 4394 ἀλλ’
3477 4343 3620 4394 αἰτία
3668 4347 3751 4402 τίς
3795 4341 3931 4394 ἐστιν

577 4428 772 4484 dazhic
789 4425 1303 4484 fecitmentionem
1329 4440 1340 4479 :
1371 4424 1509 4498 quia
1531 4441 1685 4481 unus
1719 4433 1844 4483 erat
1875 4429 2228 4485 lsraeliticus

2342 4431 2524 4493 αὐτῆς.
2582 4431 2783 4484 Αὐτίκα
2841 4433 2939 4506 γὰρ
2997 4439 3096 4482 τῶν
3145 4428 3375 4504 ἀδελφῶν
3442 4431 3788 4504 ἐμνημόνευσε
3842 4438 3930 4484 τοῦ

575 4516 859 4590 populus,
894 4516 970 4573 ad
1001 4513 1324 4571 duodecim
1380 4514 1612 4572 radices
1653 4515 1892 4582 relatus,
1945 4518 2047 4590 qui
2087 4523 2226 4574 sunt

2346 4517 2542 4588 Ἰούδα,
2595 4516 2734 4572 διότι
2808 4521 2856 4572 ἓν
2921 4522 3061 4583 ἔθνος
3118 4520 3229 4573 ἐστὶ
3292 4525 3348 4572 τὸ
3409 4520 3812 4595 Ἰσραηλιτικόν,
3867 4521 3931 4581 εἰς

579 4604 892 4663 duodecim
919 4603 1024 4660 ﬁlii
1065 4603 1251 4660 Jacob
1283 4621 1300 4658 :
1327 4606 1382 4660 et
1422 4604 1699 4661 videntur
1744 4606 1921 4661 etiam
1956 4607 2018 4662 hi
2058 4606 2230 4678 quasi

2346 4605 2557 4662 δώδεκα
2599 4609 2754 4683 ῥίζας
2796 4611 3188 4684 ἀναφερόμενον,
3232 4613 3420 4672 αἵτινές
3463 4611 3590 4662 εἰσιν
3631 4613 3678 4662 οἱ
3724 4607 3931 4663 δώδεκα

579 4693 994 4768 progenitores
1025 4691 1238 4748 Christi
1275 4694 1630 4766 nuncupari,
1689 4697 1980 4766 tanquam
2005 4697 2108 4768 qui
2139 4697 2230 4751 tri-

2345 4701 2448 4751 υἱοὶ
2480 4706 2566 4750 τοῦ
2606 4697 2809 4752 Ἰακώϐ,
2863 4703 2958 4750 Καὶ
2990 4695 3208 4751 δοκοῦσι
3245 4700 3325 4771 (li)
3357 4704 3444 4751 καὶ
3498 4699 3645 4751 αὐτοὶ
3695 4703 3928 4771 πρόγονοι

580 4784 773 4840 buum
793 4780 1087 4837 lsraelitici
1115 4782 1344 4853 generis
1371 4782 1666 4856 principia
1688 4789 1846 4850 sunt,
1873 4799 2042 4858 aquo
2055 4800 2231 4856 gene-

2342 4786 2692 4862 χρηματίζειν
2761 4794 2851 4840 τοῦ
2915 4795 3169 4861 Χριστοῦ,
3253 4792 3318 4850 ὡς
3396 4796 3487 4840 τοῦ
3556 4786 3931 4862 Ἰσραηλιτικοῦ

584 4877 750 4932 ratus
779 4875 871 4928 est
890 4871 1172 4929 Christus.

2342 4881 2523 4949 γένους
2587 4879 2723 4939 ὄντες
2783 4875 3064 4950 φύλαρχοι,
3153 4875 3205 4941 ἐξ
3273 4877 3332 4930 οὗ
3413 4878 3438 4929 ό
3487 4879 3718 4952 Χριστὸς
3796 4873 3934 4928 ἐϐλά-

2348 4983 2558 5024 στησεν.

599 5074 612 5086 '
661 5061 706 5099 ¹¹
729 5061 893 5118 Joan.
924 5074 1025 5128 vn,
1057 5059 1146 5117 42.

1832 5159 2056 5230 Variae
2087 5160 2411 5232 lectiones
2437 5169 2504 5231 et
2541 5171 2744 5230 notae.

685 5273 1417 5350 ἓηῖἀρΛοφργοιῑν-Αμ
1583 5345 1641 5350 ,,
1805 5341 1810 5346 .
2313 5289 2318 5294 ·

2313 5279 2532 5336 'vocis.
2563 5278 2800 5350 Accepit
2846 5292 2955 5350 pro
2988 5277 3259 5350 ἐξετάζειν.
3315 5277 3460 5350 Vide
3511 5279 3936 5350 Harpocratip.

685 5345 742 5419 3)
771 5345 1038 5419 Hentenii
1069 5345 1260 5419 codex
1309 5345 1558 5419 fortasse
1583 5345 1680 5402 hic
1719 5345 2036 5419 corruptus
2091 5352 2235 5405 erat.
2357 5353 2438 5406 14.
2473 5352 2552 5405 De
2591 5366 2654 5405 re
2701 5345 2910 5404 eadem
2943 5349 3153 5405 eodem
3189 5364 3370 5404 sensu
3417 5345 3750 5412 ἁναποδίζειν
3804 5345 3942 5404 dixit

775 5413 1120 5505 évarro'd‘tCsw.
1145 5414 1613 5505 e't‘s’c‘vatnodtcpo'g,
1662 5418 1834 5505 quod.
1859 5413 1962 5483 εέι,
1983 5421 2237 5505 regredi,

2352 5422 2592 5505 _Gregor.
2627 5425 2764 5502 Nae.
2799 5425 2903 5476 236
2921 5419 3768 5505 E'quem‘locum‘Euthymius
3795 5419 3941 5505 vide-

594 5504 904 5564 regressus,
934 5488 993 5564 id
1020 5488 1612 5564 reddiditiinquifere,
1645 5488 1715 5545 ac
1744 5490 1794 5546 si
1819 5490 2018 5564 legerit
2051 5488 2244 5564 ἆναξητ
2352 5488 2857 5564 ιιιτέοερθκὶεεθ.
2919 5488 3066 5548 Nam
3123 5497 3178 5548 et
3235 5491 3319 5547 ibi
3387 5488 3620 5564 legitur,
3678 5495 3788 5552 νέος
3857 5495 3941 5544 καὶ

596 5559 700 5612 τεῖν
760 5559 1218 5634 adverbii-7mg.
1279 5559 1578 5634 Sententia
1627 5565 1720 5634 est
1782 5559 2075 5634 expedita.
2129 5563 2243 5634 sed

1155 5581 1218 5624 ις.
1279 5559 1578 5634 Sententia
1627 5565 1720 5634 est
1782 5559 2075 5634 expedita.
2129 5563 2243 5634 sed
2355 5562 2573 5624 παλαιός
2606 5559 2800 5634 Ἂδάμ.

599 5631 902 5700 succurrit,
934 5632 1247 5706 deceptum
1278 5648 1408 5691 esse
1457 5632 1812 5690 Henteni'um
1847 5631 2246 5705 homonymia
2364 5686 2375 5697 ,
2425 5633 2502 5704 (4)
2541 5639 2640 5692 Καί
2661 5631 2874 5711 omittit
2904 5633 2970 5690 A.
