4180 6492
297 413 412 472 121

1332 414 1700 473 COMMENT.
1740 412 1810 469 IN
1848 411 2304 472 MATTHEUM.
2354 447 2422 456 —
2461 414 2616 474 CAP.
2657 415 2699 474 1.

3563 418 3666 476 {22

385 539 646 616 [Αϐραὰμ
702 542 777 615 (5)
834 542 1191 618 ἑρμηνεύεται,
1245 547 1428 617 ’πατὴρ
1487 540 1639 596 ἐθνῶν
1674 561 1686 576 ο
1734 539 1905 596 Γσαάκ

2092 544 2173 615 1-1·
2199 542 2486 600 Abraham
2513 544 2800 616 redditur,
2822 546 3296 620 patergentium,
3318 546 3483 604 Isaac
3498 561 3661 615 vero,

312 626 400 700 δέ,
425 634 592 705 χαρά,
623 631 793 705 γελως]

388 718 586 782 Ἰούδας
643 753 714 763 --
784 724 996 795 Θάμαρ.
1057 725 1220 798 [Ζαρά
1293 723 1371 795 (6)
1447 723 1588 776 ἐστιν
1640 722 1855 782 άνατολή
1893 743 1907 757 ο

309 813 473 884 Φαρὲς
530 807 606 882 δε,
658 814 913 884 μερισμὸς
959 815 988 870 ἤ
1025 808 1278 871 διακοπὴ.
1329 811 1481 866 Ὀθεν
1528 816 1612 865 καὶ
1653 815 1701 866 οἱ
1750 800 1921 888 Φαρι-⁹

311 906 475 965 σαῖοι,
531 902 676 972 παρὰ
743 903 800 954 τὸ
855 900 1084 975 μερίζειν
1155 905 1370 964 ἑαυτούς
1427 906 1521 960 τήν
1567 910 1666 954 τῶν
1711 901 1909 957 πολλῶν

305 989 619 1063 ἐπιμιξίας]

381 1078 438 1131 Ὀ
511 1075 740 1144 Ἰούδας,
813 1083 1054 1156 τέταρτος
1271 1078 1332 1140 ἦν
1394 1085 1506 1143 υίὸς
1558 1089 1654 1134 τοῦ
1702 1081 1905 1152 Ἰακώϐ,

303 1165 458 1220 ἔλαϐε
507 1168 586 1239 (7)
637 1165 719 1235 δὲ,
778 1174 871 1227 την
938 1172 1121 1245 Θάμαρ
1173 1173 1375 1243 νύμφην
1437 1175 1509 1234 είς
1577 1175 1662 1224 τὸν
1705 1179 1910 1245 πρῶτον

305 1255 501 1308 ἑαυτοῦ
580 1261 692 1308 υίὸν
750 1258 827 1326 (8)
879 1256 1008 1332 Ἤρ]
1061 1279 1073 1292 ο
1128 1262 1310 1312 τούτου
1379 1256 1438 1312 δε
1513 1258 1909 1321 τελευτήσαντος

307 1342 568 1413 ἄπαιδος,
617 1346 813 1409 ἔζευξεν
865 1347 1028 1406 αύτην
1088 1356 1161 1418 τῷ
1219 1345 1443 1420 δευτέρῳ
1501 1350 1581 1418 (9)
1637 1348 1855 1422 [Αύνάν]
1893 1370 1906 1382 ·

308 1438 406 1485 καὶ
455 1436 644 1486 τούτου
714 1431 773 1487 δε
829 1436 1020 1508 ὁμοίως
1073 1438 1440 1501 άποθανόντος,
1492 1440 1755 1509 ὑπίσχετο
1819 1442 1908 1490 καὶ

310 1525 404 1574 τόν
443 1527 613 1595 τρίτον
670 1524 798 1596 αὐτῇ
835 1525 1067 1596 συνάψαι
1098 1527 1211 1595 (10)
1258 1525 1511 1600 (Σηλωμ]⁸
1542 1526 1789 1589 Φοϐηθεὶς
1825 1523 1904 1593 δε,

309 1615 387 1682 μὴ
444 1616 533 1664 καὶ
581 1613 728 1675 οὗτος
768 1613 916 1676 εὐθὺς
949 1613 1203 1688 ἀποθάνῃ,
1245 1619 1330 1668 τόν
1360 1618 1528 1688 γάμον
1558 1617 1904 1689 ὑπερετίθετο.

304 1698 366 1752 Ἠ
424 1697 484 1752 δὲ
529 1703 722 1773 νύμφη,
778 1702 890 1754 λίαν
944 1700 1275 1776 ἐπιθυμοῦσα
1325 1687 1533 1779 σπέρμα
1580 1687 1750 1757 λαϐεῖν
1804 1706 1907 1758 άπό
1950 1687 1987 1741 Β

302 1795 402 1841 τοῦ
459 1787 800 1864 Ἀϐραμιαίου
869 1796 1065 1862 γένους,
1145 1795 1216 1854 ὡς
1292 1792 1533 1868 λαμπροῦ
1615 1799 1702 1846 καὶ
1769 1812 1907 1866 περι-

301 1875 516 1943 ϐοήτου,
581 1877 689 1931 ἐπεὶ
762 1882 851 1932 τὸν
922 1882 1162 1955 πενθερὸν
1239 1879 1444 1935 Ἰούδαν
1517 1884 1908 1958 ὑπερτιθέμενον

299 1969 458 2037 ἔγνω,
514 1969 921 2040 κατασοφίζεται
968 1977 1168 2034 τοῦτον,
1216 1976 1306 2023 καὶ
1355 1973 1656 2046 περιθεμένη
1719 1980 1910 2044 σχῆμα

298 2059 520 2128 πόρνης,
576 2055 786 2109 ἐκάθισε
825 2054 982 2132 »πρὸς
1041 2067 1156 2121 ταῖς
1209 2059 1398 2121 πύλαις
1449 2069 1544 2122 τῆς
1591 2061 1786 2122 πόλεως
1823 2063 1910 2132 ἄγ-

298 2143 670 2216 καλυψαμένη.
749 2148 1074 2218 Θεασάμενος
1149 2143 1208 2200 δὲ
1278 2149 1470 2208 ταύτην
1547 2146 1754 2212 Ἰούδας
1821 2155 1910 2202 καὶ

299 2231 597 2303 ἀγνοήσας,
667 2233 875 2292 εἰσῆλθε
932 2238 1061 2308 πρὸς
1114 2235 1297 2301 αὐτὴν,
1353 2241 1415 2297 ὡς
1454 2238 1525 2300 εἰς
1565 2243 1778 2311 πόρνην,
1821 2244 1911 2292 καὶ

305 2322 659 2394 συμφθαρεὶς,
720 2321 903 2393 ἔγκυον
965 2320 1206 2392 διδύμων
1259 2330 1446 2378 τέκνων
1503 2325 1734 2385 ἐποίησε.
1805 2335 1908 2381 Πα-

300 2413 661 2484 ραγενομένων
745 2407 804 2463 δὲ
861 2420 958 2464 τῶν
1013 2409 1212 2466 ὡδινῶν
1274 2413 1381 2467 ἐπεὶ
1447 2418 1535 2468 τὸν
1596 2420 1757 2483 Φαρὶς
1821 2423 1912 2470 καὶ

302 2501 396 2549 τὸν
453 2501 598 2570 Ζαρὰ
644 2503 837 2552 τίκτειν
881 2501 1097 2573 ἔμελλεν,
1142 2501 1378 2574 ἐξήνεγκε
1437 2513 1637 2578 πρῶτος
1685 2510 1711 2557 ὁ
1766 2507 1910 2579 Ζαρά

304 2589 405 2643 τὴν
457 2593 618 2661 χεῖρα
650 2609 662 2621 ο
702 2589 814 2641 εἶτα
856 2592 884 2647 ἡ
922 2597 1055 2662 μαῖα
1099 2593 1388 2664 θεασαμένη
1441 2601 1610 2661 τοῦτο,
1645 2599 1735 2646 καί
1784 2594 1909 2667 βου-

305 2672 529 2730 ληθεῖσα
573 2682 833 2750 γνώριμον
888 2688 1111 2738 ποιῆσαι
1160 2684 1247 2732 τὸν
1294 2688 1645 2754 πρωτότοκον,
1687 2690 1908 2756 κοκκίνῳ

308 2766 404 2820 τὴν
452 2761 806 2836 ἕξενεχθείσαν
849 2764 1010 2825 ἔδησε
1047 2777 1206 2844 χεῖρα
1235 2792 1247 2804 ·
1303 2773 1368 2832 ὡς
1417 2769 1477 2825 δί
1525 2769 1703 2840 ἐδέθη,
1758 2778 1905 2827 συνέ-

311 2850 499 2904 στειλεν
557 2853 718 2912 αὐτὴν
748 2859 805 2907 τὸ
845 2853 1076 2910 παιδίον·
1130 2859 1473 2921 συσταλεισης
1523 2858 1602 2928 δε,
1653 2863 1906 2938 προῆλθεν

310 2939 336 2989 6
375 2943 548 3014 Φαρὲς.
599 2939 946 3017 εἷταόΖαρὰ.
1004 2947 1063 3000 Ἢ
1116 2952 1205 3020 μέν
1258 2945 1345 3002 οὖν
1400 2951 1608 3024 ἱστορία
1662 2956 1902 3012 τοιαύτη.

310 3025 404 3113 έΗν
449 3025 506 3081 δὲ
537 3029 691 3100 εἰκὸς,
737 3037 824 3085 τὸν
873 3037 1036 3110 Φαρὲς
1084 3035 1396 3110 παραλαϐεῖν
1438 3044 1592 3112 μόνον
1637 3041 1704 3101 εἰς
1737 3061 1903 3113 γενεα-

309 3112 498 3188 λογίαν,
546 3122 609 3180 ὡς
649 3117 719 3172 δι’
759 3122 918 3175 αὐτοῦ
969 3121 1281 3196 βαδίζοντος
1324 3136 1414 3180 τοῦ
1469 3133 1648 3201 γένους
1694 3112 1778 3183 ἐπὶ
1817 3135 1904 3184 τὸν

308 3202 490 3260 Δαυῑδο
523 3215 610 3260 νῦν
655 3206 714 3262 δε
766 3215 855 3264 καί
900 3215 986 3264 τὸν
1040 3217 1180 3288 Ζαρὰ
1215 3215 1454 3284 τίθείκεν,
1496 3221 1560 3279 ὡς
1602 3221 1762 3272 τύπον
1811 3217 1903 3273 τοῦ

304 3301 681 3367 Χριστιανικοῡ
753 3297 901 3354 λαοῦ.
947 3299 1005 3353 ⁸0
1061 3302 1158 3374 γάρ
1219 3308 1376 3376 Φαρὶς
1449 3309 1605 3369 τύπος
1666 3306 1727 3368 ἦν
1810 3319 1902 3364 τοῦ

302 3381 601 3455 Ἐϐραίκοτλ
673 3387 917 3461 Καθάπερ
992 3391 1090 3464 γὰρ
1141 3391 1166 3442 6
1225 3396 1390 3467 Ζαρὰ,
1457 3403 1657 3470 πρῶτος
1711 3398 1899 3472 ἐξενεγ-

307 3473 411 3518 κὼν
465 3473 559 3528 τὴν
615 3479 794 3547 χεῖρα,
859 3477 1146 3530 συνέστειλε
1197 3483 1409 3549 ταύτην,
1461 3485 1574 3537 εἶτα
1630 3486 1900 3550 ἔξολισθή-

314 3575 497 3618 σαντος
543 3567 635 3610 τοῦ
677 3566 856 3635 Φαρὲς,
903 3570 1019 3618 τότε
1062 3573 1150 3620 καὶ
1187 3569 1338 3631 αὐτὸς
1385 3571 1589 3635 ὶξῆλθεν
1641 3577 1897 3644 όλοτελῶςο

308 3648 442 3745 οὕτω
520 3653 610 3745 καὶ
665 3659 759 3745 τῆς
836 3653 1174 3726 εύαγγελικῆς
1240 3658 1526 3731 πολιτείας,
1589 3671 1739 3742 μέρος
1810 3677 1900 3745 μὲν

2018 635 2321 705 gaudium,
2355 637 2527 691 risus.

2094 726 2263 780 Vens.
2290 728 2341 781 3.
2365 725 2628 781 Judas—
2657 740 2687 781 e
2715 725 2987 783 Thamar.
3020 728 3106 796 -Η-
3142 729 3288 783 Zara
3318 731 3406 782 est
3435 727 3656 784 oriens:

2018 813 2232 870 Phares
2247 815 2756 886 autem,separatio
2767 815 3316 872 autdissectiande
3329 817 3495 873 etiam
3514 817 3664 874 Pha-

2018 903 2194 972 risaei,
2211 903 2370 976 quod
2386 919 2448 960 se
2474 904 2946 962 aconsuetudine
2959 904 3348 962 multitudinis
3361 911 3660 979 separant.

2087 1085 2114 1138 J
2121 1083 2271 1140 udas
2289 1087 2541 1148 quartus
2570 1083 2675 1140 fuit
2691 1082 2949 1140 ﬁliorum
2967 1083 3172 1141 Jacob.
3205 1084 3436 1156 Accepti
3461 1090 3664 1143 autem

2017 1173 2418 1245 primogenito
2444 1171 2565 1228 tilio
2589 1188 2696 1227 suo
2727 1187 2974 1228 uxorem
2998 1190 3015 1236 ;
3039 1188 3162 1245 quo
3192 1174 3417 1245 absque
3466 1173 3665 1229 liberis

2018 1260 2322 1325 defuncto,
2351 1261 2548 1331 junxit
2572 1276 2705 1316 eam
2733 1260 2998 1316 secundo
3027 1277 3040 1325 ;
3064 1259 3177 1316 hoc
3197 1266 3388 1316 autem
3406 1261 3665 1316 similiter

2019 1349 2626 1422 mortuo.promisitse
2639 1351 2868 1405 tertium
2881 1349 3069 1405 tilium
3085 1349 3161 1405 illi
3175 1351 3307 1420 conj
3319 1356 3659 1406 uncturum.

2018 1439 2249 1494 Timens
2281 1443 2480 1494 autem
2515 1454 2588 1494 ne
2613 1445 2665 1493 et
2695 1438 2789 1494 hic
2820 1439 3014 1494 statim
3049 1444 3393 1504 moreretur,
3421 1439 3663 1510 nuptias

2017 1526 2260 1583 distulit.
2280 1526 2479 1583 Mulier
2499 1542 2659 1595 vero,
2683 1526 2932 1598 cupiens
2951 1526 3331 1582 vehementer
3355 1542 3425 1583 ex
3448 1540 3664 1594 genere

2016 1615 2331 1680 Abraham.
2361 1621 2562 1688 utpote
2586 1616 2801 1672 celebri
2817 1632 2886 1672 ac
2908 1616 3215 1688 praeclaro,
3232 1631 3437 1671 semen
3478 1616 3661 1671 susci-

2017 1721 2174 1778 pere,
2196 1706 2299 1762 ubi
2326 1720 2601 1762 socerum
2618 1707 2646 1759 J
2655 1705 2838 1761 udam
2871 1706 3232 1776 promissum
3250 1704 3481 1760 differre
3497 1704 3659 1774 vidit,

2015 1796 2131 1853 hoc
2151 1800 2319 1868 pacto
2345 1795 2512 1850 illum
2539 1794 2786 1866 decepit.
2830 1793 3109 1850 Habitum
3153 1794 3312 1849 enim
3367 1794 3542 1850 scorti
3579 1794 3663 1850 in-

2017 1884 2184 1948 duta,
2216 1888 2352 1940 ante
2407 1887 2602 1954 portas
2643 1881 2896 1937 civitatis
2939 1885 3205 1938 contecta
3241 1880 3424 1938 edit:
3459 1897 3661 1954 quam,

2019 1975 2230 2030 videns
2248 1973 2452 2038 Judas,
2477 1988 2584 2028 nec
2610 1986 2963 2042 agnoscens,
2986 1972 3291 2038 ingressus
3317 1975 3404 2028 est
3432 1972 3508 2028 ad
3526 1987 3663 2028 eam

2018 2064 2192 2136 quasi
2211 2063 2289 2119 ad
2301 2067 2559 2118 scortum
2584 2080 2597 2125 ς
2620 2077 2756 2134 quas
2787 2060 3050 2130 cognita,
3069 2063 3370 2132 geminam
3393 2062 3664 2135 concepit

2020 2152 2269 2224 prolem.
2294 2151 2721 2207 Accedentibus
2737 2155 2936 2207 autem
2956 2155 3156 2221 partus
3179 2150 3508 2216 doloribus,
3523 2167 3662 2208 cum

2020 2242 2238 2298 Phares
2256 2245 2311 2297 et
2326 2242 2474 2297 Zara
2487 2239 2756 2312 pariendi
2775 2239 3100 2305 essent,ubi
3119 2239 3361 2295 vidisset
3375 2240 3663 2296 obstetrix

2020 2334 2165 2387 Zara
2220 2330 2484 2402 primum
2541 2328 2883 2384 eﬂerentem
2949 2343 3211 2393 manum,
3283 2327 3491 2383 volens
3551 2327 3662 2399 pri-

2021 2420 2394 2489 mogenitum
2427 2417 2598 2488 signo
2626 2421 2852 2480 notare,
2881 2415 3126 2472 coccino
3181 2431 3454 2485 manum,
3481 2431 3662 2488 quam

2019 2508 2328 2575 extulerat,
2359 2507 2592 2579 ligavit;
2621 2505 2926 2576 alligatam
2956 2509 3154 2561 autem
3178 2505 3420 2561 retraxit
3439 2504 3662 2573 infans,

2018 2613 2141 2670 qua
2182 2600 2457 2663 retracta,
2507 2595 2728 2651 Phares
2777 2594 3088 2666 processit,
3125 2593 3341 2649 deinde
3401 2596 3564 2650 Zara.
3600 2596 3664 2650 Et

2016 2688 2141 2744 haec
2179 2686 2420 2758 quidem
2451 2685 2531 2741 rei
2557 2689 2735 2756 gesta:
2767 2683 3011 2740 historia
3036 2686 3144 2739 est.
3200 2682 3406 2738 Solum
3460 2687 3662 2739 autem

2021 2777 2241 2832 Phares
2265 2779 2612 2848 accepturus
2625 2778 2751 2829 erat
2767 2772 3133 2842 evangelista
3148 2772 3206 2828 in
3223 2771 3658 2843 genealogiam,

2018 2871 2220 2938 utpote
2266 2880 2374 2938 per
2413 2879 2594 2937 quem
2658 2862 2736 2919 ad
2788 2861 2975 2918 David
3031 2876 3219 2932 genus
3279 2861 3660 2933 procedebat.

2015 2958 2181 3011 Nunc
2205 2969 2348 3010 vero
2378 2969 2510 3009 cum
2533 2953 2663 3024 ipso
2701 2951 2879 3009 etiam
2915 2954 3061 3007 Zara
3090 2951 3310 3023 posuit,
3368 2950 3542 3023 quasi
3576 2955 3664 3022 ty-

2015 3059 2164 3116 pum
2187 3043 2388 3116 populi
2410 3041 2721 3099 Christiani
2748 3062 2760 3097 :
2798 3039 3094 3114 siquidem
3114 3039 3332 3096 Phares
3366 3038 3664 3096 lsraelitici

2015 3137 2195 3206 typus
2250 3137 2392 3189 erat.
2448 3131 2610 3188 Sicut
2663 3131 2822 3188 enim
2879 3133 3044 3198 Zara,
3096 3129 3350 3201 primum
3415 3129 3663 3202 quidem

2014 3237 2264 3279 manum
2326 3221 2595 3286 eﬂerens,
2676 3219 2919 3276 retraxit
2978 3234 3134 3288 eam,
3174 3218 3390 3275 deinde
3447 3218 3664 3275 Phares

2013 3327 2272 3383 egresso,
2293 3316 2432 3368 tunc
2466 3314 2523 3366 et
2547 3310 2672 3381 ipse
2695 3309 2919 3378 integre
2940 3308 3148 3364 exivit:
3179 3308 3252 3363 ita
3271 3321 3510 3381 quoque
3526 3306 3661 3364 vitm

2013 3401 2368 3472 evangelicae
2420 3415 2560 3472 pars
2615 3398 2860 3471 quidem
2917 3396 3285 3469 temporibus
3358 3395 3662 3452 Abraham

2012 3491 2324 3564 apparuit:
2358 3504 2480 3562 qua
2504 3491 2778 3550 retracta,
2823 3484 3112 3558 processit
3154 3483 3379 3553 legalis,
3421 3487 3480 3539 et
3525 3484 3664 3554 post

2009 3580 2166 3637 hanc
2179 3578 2434 3652 perfecte
2456 3575 2737 3650 apparuit
2761 3572 3123 3645 evangelica.
3142 3572 3321 3629 Vides
3340 3571 3518 3645 igitur
3535 3585 3657 3628 non

2010 3671 2224 3727 frustra
2255 3668 2436 3724 fuisse
2469 3670 2676 3723 Zaram
2707 3668 3108 3737 assumptum.

305 3735 460 3801 ἕφᾶνη
539 3740 590 3794 ἐν
669 3740 776 3803 τοῖς
826 3761 1043 3817 χρόνοις
1112 3754 1202 3798 τοῦ
1259 3747 1512 3824 Ἀϐραὰμ,
1584 3735 1693 3809 εἶτα
1765 3735 2129 3828 συσταλέντος,
2183 3755 2330 3816 ἦλθεν
2388 3759 2418 3815 ἠ
2487 3759 2690 3828 νομικὴ,
2778 3760 2866 3808 καὶ
2921 3735 3077 3826 *μετὰ
3158 3753 3352 3811 ταύτην
3383 3749 3659 3823 ἐξέλαμψεν

303 3828 506 3892 ἐντελῶς
535 3833 565 3890 ἦ
600 3831 927 3921 εὐαγγελικη.
957 3832 1128 3904 Ὀρᾷς,
1159 3837 1236 3889 ὅτι
1266 3838 1326 3890 ού
1353 3842 1525 3911 μάτην
1556 3845 1582 3896 ὁ
1607 3851 1751 3921 Ζαρὰ
1781 3851 2145 3916 παρείληπται.

372 3925 569 3974 Λοιπὸν
604 3917 742 4013 ὀῦν,
797 3918 920 3975 οὐδὲ
979 3932 1071 3984 τῆς
1122 3929 1312 4002 Θάμαρ
1377 3929 1609 4006 ἀκαίρως
1673 3917 1898 4013 ἐμνημά-

301 4027 494 4080 νευσεν,
525 4007 649 4063 οὐδὲ
695 4018 792 4063 τῶν
839 4011 1003 4064 ἄλλων
1055 4025 1210 4087 τριῶν
1239 4028 1520 4088 γυναικῶν,
1551 4007 1897 4095 μπὰ-τοιῇτο,

299 4095 428 4151 Ἀλλ’
479 4097 587 4152 imi
634 4099 746 4170 (tt)
797 4101 825 4158 ἡ
868 4103 958 4172 μὲν
1018 4105 1206 4177 Θάμαρ
1259 4105 1641 4184 ἀθεμιτόγαμος
1692 4112 1772 4182 ἧν,
1831 4121 1899 4181 ὡς

2082 3947 2392 4020 Reliquum
2423 3948 2512 4001 est
2544 3942 2878 4007 ostendere,
2945 3941 3110 4014 quod
3165 3940 3349 4012 ipsius
3414 3955 3660 4015 quoque

2008 4038 2265 4094 Thamar
2307 4051 2429 4091 non
2481 4033 2590 4090 abs
2635 4048 2698 4089 re
2752 4031 3107 4096 meminerit,
3164 4031 3315 4086 sicut
3356 4034 3413 4086 et
3478 4031 3657 4085 trium

2008 4132 2215 4198 postea
2253 4125 2528 4181 aliarum.
2561 4121 2673 4179 Sed
2713 4121 2856 4193 quia
2882 4120 3138 4177 Thamar
3187 4118 3434 4190 quidem
3464 4118 3658 4176 illicite

300 4193 380 4287 res”:
411 4189 634 4287 nn‘atpq‘b
695 4195 930 4287 μιγεῖσα,
986 4196 1148 4266 πόρνη
1201 4190 1260 4247 δε
1295 4198 1326 4254 ἡ
1357 4197 1532 4267 Ῥαὰϐ,
1566 4203 1595 4259 ἡ
1631 4199 1691 4257 δε
1727 4204 1897 4275 Ῥούθ,

2017 4189 2196 4286 nupta
2259 4217 2405 4279 erat,
2449 4215 2652 4282 utpote
2699 4189 2908 4265 socero
2954 4189 3401 4279 nupta;7Raab
3456 4211 3657 4262 autem

301 4273 599 4367 αλλόφυλος,
633 4278 662 4334 ἠ
697 4273 756 4367 δε
794 4285 884 4330 τοῦ
930 4279 1124 4352 Ούρίου
1183 4283 1318 4356 (12),
1367 4289 1646 4362 Βηρσαϐεὶ,
1693 4273 1896 4367 μοιχαέ

297 4362 396 4429 λὶς,
450 4365 516 4425 ὡς
545 4367 601 4416 αἱ
643 4364 756 4417 κατ’
802 4367 963 4430 αύτάς
1013 4370 1242 4446 ἱστορίαι
1301 4371 1656 4432 διδάσκουσιν
1691 4362 1702 4416 ξ
1737 4362 1898 4456 ἤγαγε

303 4455 392 4514 τὰς
445 4455 691 4514 τοιαύτας
740 4462 988 4526 γυναῖκας
1034 4458 1108 4520 εἰς
1157 4464 1335 4533 μέσον,
1381 4467 1464 4518 ἵνα
1493 4463 1662 4542 δείξῃ,
1696 4473 1775 4525 ὅτι
1804 4455 1898 4527 ούκ

301 4539 627 4613 ἐπῃσχύνετο
672 4544 696 4595 ὁ
741 4548 963 4617 Χριστὸς
1013 4545 1113 4600 ἀπὸ
1162 4553 1405 4604 τοιούτων
1430 4562 1694 4628 προγόνων
1741 4582 1896 4616 κατα-

301 4633 532 4701 γόμενος,
589 4631 656 4682 ὧν
708 4633 735 4684 ὁ
791 4637 881 4705 μὲν
943 4633 996 4698 ἐξ
1048 4635 1455 4713 ἀθεμιτογαμίας
1509 4641 1590 4713 ἦν,
1645 4649 1669 4700 6
1729 4645 1788 4704 δε
1842 4650 1896 4704 ἔκ

302 4722 559 4811 πορνείας,
605 4721 631 4773 ὁ
672 4718 730 4811 δὲ
777 4722 830 4785 ίξ
869 4721 1149 4796 ἀλλοφύλου
1194 4733 1412 4802 μητρὸς,
1446 4733 1472 4784 6
1504 4730 1582 4800 δὲ,
1628 4735 1730 4790 ἀπὸ
1773 4759 1895 4811 μοι-

299 4803 548 4878 χαλίδος.
597 4807 764 4863 Ούδξν
789 4813 888 4885 γὰρ
935 4811 1150 4868 ϐλάπτει
1176 4820 1262 4870 τόν
1310 4818 1540 4894 ἐνάρετον
1569 4827 1598 4883 ἡ
1631 4835 1730 4878 τῶν
1773 4803 1897 4903 προσ

298 4899 460 4966 γόνων
517 4896 674 4950 αὐτοῦ
720 4906 1037 4974 παρανομία.
1095 4910 1205 4968 Πᾶς
1256 4911 1357 4983 γὰρ
1415 4909 1515 4964 ἀπὸ
1553 4922 1652 4966 τῶν
1697 4896 1896 4971 οἰκείων

298 4984 551 5060 πράξεων,
607 4985 713 5040 ἀλλ’
757 4989 850 5042 ούκ
897 4989 999 5045 ἀπὸ
1056 5000 1154 5046 τῶν
1204 4993 1480 5073 ἀλλοτρίων
1532 5007 1762 5075 κρίνεται
1799 5027 1894 5061 καο

489 5306 722 5381 inclusa
753 5307 814 5366 in
840 5311 1111 5381 margine
1138 5313 1322 5375 habet
1351 5323 1417 5376 A.

479 5381 608 5451 Haec
637 5380 697 5436 in
729 5380 999 5451 margine
1019 5383 1200 5444 habet
1229 5389 1296 5444 A.

395 5306 450 5520 il

395 5450 450 5520 7)
479 5450 676 5527 Iacob
718 5450 1023 5510 nimirum.
1097 5458 1233 5516 Haec
1296 5468 1617 5522 narrantur
1685 5467 1893 5527 Genes.

294 5535 538 5576 xxxviii.
571 5521 715 5578 Vide
747 5529 803 5578 et
830 5540 989 5590 xxix,
1025 5527 1109 5583 35.

371 5593 450 5662 (8)
477 5595 541 5664 in
572 5609 762 5664 marg.
795 5595 862 5651 A;

370 5665 449 5731 (9)
474 5663 538 5720 In
576 5663 768 5738 marg:
801 5669 868 5722 A'.

1281 5147 1498 5219 Variae
1526 5151 1854 5225 lectiones
1888 5168 1955 5228 et

371 5305 390 5519 ἓ

2008 4301 2283 4358 meretrix
2323 4304 2466 4364 erat,
2505 4303 2560 4354 et
2581 4297 2734 4354 Ruth
2756 4296 3117 4365 alienigena,
3168 4309 3318 4350 uxor
3341 4308 3482 4349 vero
3510 4294 3658 4350 Urim

2007 4389 2294 4456 adultera,
2315 4384 2834 4461 quemadmodum
2857 4385 3124 4456 ipsarum
3142 4383 3359 4438 docent
3375 4381 3655 4446 historias,

2006 4477 2254 4534 adduxit
2285 4493 2385 4533 eas
2415 4477 2476 4532 in
2531 4473 2818 4539 medium,
2868 4479 2931 4527 ut
2978 4470 3361 4527 manifestum
3413 4470 3654 4536 faceret,

2007 4566 2304 4622 Christum
2323 4581 2444 4622 non
2475 4562 2788 4620 erubuisse
2811 4561 2890 4618 ab
2920 4561 3262 4633 hujusmodi
3292 4559 3656 4617 descendere

2006 4654 2488 4726 progenitoribus
2517 4670 2528 4708 :
2564 4667 2824 4725 quorum
2872 4667 3026 4708 unus
3057 4651 3301 4724 quidem
3334 4666 3405 4707 ex
3460 4650 3656 4706 illicite

2006 4748 2194 4816 nupta
2257 4749 2436 4800 natus
2497 4747 2640 4806 erat,
2697 4740 2853 4798 illius
2907 4746 3109 4797 autem
3185 4757 3256 4797 ex
3315 4740 3651 4809 fornicaria,

2005 4837 2061 4888 et
2123 4849 2361 4889 rursum
2411 4833 2507 4888 hic
2564 4831 2643 4888 ab
2695 4829 3029 4901 alienigena
3097 4829 3510 4895 descenderat,
3559 4829 3654 4886 ille

2004 4936 2146 4978 vero
2198 4921 2279 4980 ab
2335 4921 2626 4980 adultera.
2691 4920 2891 4994 Neque
2975 4921 3135 4978 enim
3203 4921 3398 4977 virtuti
3456 4918 3653 4976 debito

2005 5013 2181 5068 nocet
2226 5011 2677 5084 progenitorum
2723 5009 3034 5084 iniquitas.
3085 5009 3349 5082 Quisque
3407 5008 3564 5065 enim
3617 5022 3656 5064 a

2006 5169 2207 5230 note.

2009 5396 2016 5400 _
2074 5331 2186 5404 (10)
2219 5332 2305 5389 Ita
2357 5331 2661 5404 Chrysost.
2705 5335 2744 5388 ι.
2804 5331 2898 5399 VI,
2924 5333 3027 5386 275
3059 5332 3138 5388 A:
3199 5331 3375 5393 Οὕτως
3414 5334 3439 5384 ὸ
3481 5336 3653 5385 εἰσιὼν

1905 5393 1931 5437 1‘.
2121 5393 2347 5490 γρνᾳῖχρι
2376 5393 2673 5491 ξιὶλότρίαν.
2739 5404 2847 5491 Pro
2885 5393 3009 5491 quo
3068 5406 3157 5491 est
3199 5405 3372 5461 Prov.
3421 5419 3493 5470 vi,
3537 5404 3648 5460 29:

2009 5470 2190 5550 Οὕτως
2218 5478 2243 5550 ό
2275 5473 2515 5550 εἰσελθὼν
2529 5470 2668 5550 ’πρός
2691 5470 2924 5550 γυναῖκα
2952 5470 3126 5528 ύπανδ
3127 5493 3236 5550 ρον.

2079 5544 2194 5688 8ἑέ

2217 5541 2460 5616 Ἐπειδὴ,
2492 5541 2602 5616 ριδρ
2633 5541 2759 5599 insi.
2794 5545 2850 5600 Β.

2225 5614 2510 5675 Βηθσαϐεέξ
2538 5615 2583 5672 ΙΙ
2615 5618 2753 5688 Reg.
2786 5631 2864 5688 xi,
2885 5617 2936 5672 3.
