4180 6488
512 379 615 438 123

1823 378 2174 437 EUTHYMII
2212 377 2536 436 ZIGABENI

3767 388 3876 445 124

511 505 771 581 propriis
799 504 1096 580 operibus,
1124 521 1244 564 non
1268 505 1344 564 ab
1364 505 1570 564 alienis
1590 504 1817 580 probus
1854 504 2156 578 judicatur

2264 505 2354 570 λός
2387 507 2417 567 ἣ
2452 506 2660 579 φαῦλος.
2723 512 2823 563 Καὶ
2878 511 2978 587 γὰρ
3026 515 3116 565 καὶ
3163 508 3258 565 διὰ
3306 519 3456 566 τοῦτο
3505 509 3650 572 ἦλθεν
3681 513 3707 567 ό
3741 522 3877 588 Χριο

513 601 614 654 aut
651 596 982 670 improbus.
1014 598 1162 653 Nam
1195 595 1274 653 ob
1316 595 1378 652 id
1417 595 1598 653 etiam
1647 595 1810 653 venit
1853 595 2150 652 Christus:

511 701 632 744 non
656 693 719 742 ut
746 691 952 744 nostra
984 686 1206 758 fugeret
1233 686 1583 760 opprobria,
1631 686 1735 742 sed
1762 691 1828 743 ut
1874 701 1947 743 ea
1977 687 2158 742 susci-

513 780 696 849 peret,
742 775 992 849 suisque
1041 775 1360 833 virtutibus
1403 776 1740 848 perimeret.
1793 775 1861 831 Ut
1885 774 2155 832 medicus

507 881 772 939 namque
826 866 1072 924 advenit
1124 865 1409 930 Christus,
1467 880 1591 921 non
1649 869 1714 921 ut
1764 864 1968 936 judex.
2031 864 2158 921 Haec

507 955 688 1026 igitur
712 956 908 1027 prima
932 959 1021 1011 est
1045 970 1252 1010 causa.
1287 955 1478 1011 Altera
1504 969 1664 1020 vero,
1706 953 1846 1026 quia
1879 969 1950 1010 eo
1993 953 2158 1025 quod

505 1043 697 1101 Judaei
725 1045 980 1109 virtutis,
1013 1059 1149 1116 qum
1175 1043 1331 1100 circa
1361 1043 1626 1099 animam
1664 1046 1954 1108 versatur,
1997 1041 2162 1098 nulla

506 1132 715 1190 habita
753 1148 913 1197 cura,
970 1132 1044 1188 de
1074 1133 1551 1204 progenitoribus
1592 1131 1916 1204 plurimum
1949 1130 2159 1200 gloria-

510 1222 751 1286 bantur,
776 1220 1487 1294 generositatemillorum
1514 1236 1753 1276 sursum
1767 1236 1836 1276 ac
1878 1221 2160 1277 deorsum

511 1309 1040 1368 circumferentes:
1125 1309 1394 1382 reprimit
1472 1314 1770 1366 tumorem
1840 1309 2157 1382 ipsorum:

511 1399 840 1456 ostendens
866 1399 1039 1454 etiam
1072 1397 1203 1455 illos
1242 1414 1313 1455 ex
1352 1398 1672 1468 illegitimis
1691 1401 1863 1454 natos
1913 1397 2158 1470 nuptiis.

513 1487 723 1544 Statim
755 1487 910 1543 enim
940 1487 1273 1559 patriarcha
1299 1503 1530 1549 eorum,
1576 1487 1848 1558 ejusdem
1902 1485 2162 1542 nominis

510 1577 541 1631 J
549 1576 718 1643 udas,
753 1592 826 1633 ex
847 1591 916 1632 ea
945 1592 1082 1649 quae
1103 1576 1214 1632 sibi
1251 1575 1499 1632 scelesto
1529 1575 1712 1632 modo
1743 1574 2023 1647 copulata
2052 1579 2157 1642 est,

511 1665 952 1736 progenitorem
1009 1666 1276 1738 ipsorum
1327 1664 1545 1720 Phares
1609 1670 1666 1721 et
1730 1667 1877 1720 Zara
1933 1665 2155 1733 genuit.

509 1753 696 1810 David
736 1770 978 1827 quoque
1017 1753 1122 1810 ille
1194 1754 1348 1810 adeo
1398 1753 1663 1818 celebris,
1738 1769 1809 1808 ex
1889 1752 2158 1810 adultera

2265 599 2404 662 στὸς,
2461 597 2566 671 οὐχ
2621 598 2706 651 ἱνα
2771 602 2906 673 φύγῃ
2964 602 3030 653 τὰ
3079 602 3305 675 ἡμέτερα
3356 598 3554 671 όνείδη,
3613 602 3720 656 ἀλλ’
3783 607 3877 658 ἵνα

2265 681 2485 769 δέξηται
2538 695 2725 758 ταῦτα,
2774 694 2864 742 καὶ
2914 690 3063 763 ἄνι’λῃ
3123 688 3216 743 διὰ
3263 699 3363 743 τῶν
3417 697 3599 745 ἑαυτοῦ
3649 693 3874 769 ἀρετῶν.

2255 761 2348 839 Ὠς
2404 776 2582 851 ἰατρός
2630 781 2754 853 γὰρ,
2795 778 2900 850 ούχ
2971 761 3049 840 ὡς
3088 783 3292 853 κριτὴς,
3350 761 3692 855 παρα-γέγονα
3757 787 3877 836 Μία

2263 865 2354 938 μέν
2400 863 2488 919 οὖν
2542 868 2673 925 αὕτη
2735 867 2898 920 αἰτία.
2953 872 3172 941 Δευτίρα
3223 866 3303 937 δε,
3353 871 3453 937 ὃτι,
3510 868 3691 929 ἐπειδὴ
3743 870 3875 925 Ἰου-

2267 952 2410 1008 δαῖοι
2444 963 2540 1018 τῆς
2568 959 2704 1008 κατὰ
2748 957 2934 1028 ψυχὴν
2988 956 3170 1030 ἀρετῆς
3227 956 3545 1030 ἀμελοῦντας,
3599 964 3734 1032 μέγα
3782 959 3876 1014 ἐπὶ

2266 1045 2374 1107 τοίς
2429 1050 2704 1118 προγόνοις
2786 1045 3100 1119 ἐκόμπαζον,
3152 1052 3246 1106 τὴν
3331 1047 3583 1119 εὐγένειαν
3663 1048 3875 1102 ἐκείνων

2265 1134 2370 1185 ἅνω
2427 1139 2515 1186 καὶ
2578 1137 2720 1187 κάτω
2792 1140 3166 1211 περιφέροντες,
3236 1136 3569 1190 καταστέλλει
3644 1141 3704 1190 τό
3775 1141 3877 1210 φύ-

2269 1241 2416 1294 σημα
2465 1226 2683 1292 τούτων,
2733 1220 3000 1289 δεικνύων,
3064 1227 3144 1278 ὃτι
3196 1228 3425 1278 κάκεῖνοι
3463 1225 3518 1278 ἐκ
3555 1231 3874 1300 παρανόμων

2265 1315 2447 1384 γάμων
2510 1312 2758 1383 ἐγένοντο.
2826 1314 3022 1367 Αὐτίκα
3075 1317 3174 1388 γὰρ
3225 1317 3250 1366 ὁ
3305 1317 3650 1387 πατριάρχης
3701 1316 3876 1367 αὐτῶν

2267 1406 2356 1453 καὶ
2408 1402 2676 1472 ὁμώνυμος
2739 1400 2962 1471 Ἰούδας,
3028 1403 3083 1466 ἐξ
3139 1403 3548 1476 ἀθεμιτογαμίας
3601 1409 3688 1456 τόν
3744 1410 3875 1477 πρό-

2265 1509 2414 1561 γονον
2466 1490 2636 1542 αὐτῶν
2697 1491 2857 1565 Φαρίς
2915 1497 3002 1544 καὶ
3049 1495 3136 1544 τὸν
3193 1495 3337 1566 Ζαρὰ
3384 1492 3718 1564 ἁπεγεννησε.
3765 1499 3873 1547 Καὶ

2267 1581 2292 1630 ό
2320 1578 2626 1653 περιϐόητος
2668 1577 2726 1632 δε
2779 1581 2891 1652 (13)
2932 1578 3118 1647 Δαυίδ,
3180 1580 3234 1634 ix
3285 1586 3531 1654 μοιχείας
3575 1585 3662 1634 τὸν
3722 1581 3873 1634 Σολο-

2265 1677 2456 1740 μῶντα.
2519 1673 2617 1721 Καὶ
2671 1669 2847 1721 λοιπόν
2903 1672 3073 1742 μάτην
3128 1670 3213 1723 έπί
3260 1678 3364 1731 τοῖς
3408 1675 3680 1744 προγόνοις
3712 1691 3872 1743 μεγα-

2263 1756 2576 1828 λαυχοῦσιν.
2612 1756 2775 1830 Οἶμαι
2826 1761 2926 1833 γὰρ
2965 1756 3056 1811 διὰ
3083 1764 3177 1817 τὴν
3229 1759 3396 1812 αἰτίαν
3451 1759 3640 1831 μᾶλλον
3670 1762 3868 1818 ταύτην

511 1843 891 1900 Solomonem
933 1844 1254 1913 generavit.
1288 1845 1486 1899 Restat
1528 1841 1748 1914 itaque,
1780 1856 2004 1898 vanam
2028 1857 2156 1897 esse

2266 1849 2681 1919 μνημονευθῆναι
2737 1853 2825 1900 καὶ
2879 1851 2999 1910 τούς
3071 1845 3319 1921 ἀδελφοὺς
3378 1855 3470 1901 τοῦ
3532 1845 3734 1905 Ἰούδα.
3801 1850 3871 1901 Oi

508 1933 582 1988 de
605 1932 1176 2004 primogenitoribus
1193 1931 1562 2002 jactantiam.
1601 1932 1824 2003 Opinor
1860 1935 2057 1987 autem
2079 1929 2156 1986 ob

507 2020 668 2077 hanc
697 2020 874 2076 etiam
915 2021 1298 2092 potissimum
1328 2035 1598 2085 causam,
1634 2020 1884 2076 fratrum
1913 2035 2155 2091 quoque

507 2108 673 2165 Judm
693 2109 1324 2174 meminisse.Quatuor
1351 2108 1511 2165 enim
1529 2109 1797 2181 ipsorum
1816 2109 1888 2165 ab
1921 2107 2153 2164 ancillis

506 2197 692 2254 Jacob
720 2197 842 2254 nati
875 2203 1031 2267 sunt,
1074 2202 1130 2253 et
1185 2201 1408 2255 tamem
1453 2197 1600 2254 nulli
1656 2213 1863 2254 eorum
1920 2198 2154 2267 generis

507 2286 697 2344 obfuit
723 2286 1093 2353 differentia;
1122 2302 1334 2344 omnes
1365 2302 1630 2359 namque
1670 2286 1936 2343 similiter
1965 2290 2022 2342 et
2060 2303 2156 2358 pa-

506 2376 774 2433 triarchae
820 2374 1078 2442 fuerunt,
1109 2380 1166 2432 et
1219 2377 1417 2448 capita
1463 2376 1746 2432 tribuum.
1795 2374 1989 2432 Tertia
2013 2390 2156 2431 vero

506 2481 691 2522 causa
703 2469 809 2531 est,
825 2466 987 2537 quod
1006 2466 1285 2522 mulieres
1297 2466 1410 2521 illa:
1425 2465 1665 2521 fuerunt
1676 2465 1871 2534 ﬁgura
1885 2463 2157 2520 Ecclesia

506 2569 636 2627 qum
675 2570 746 2610 ex
797 2554 1074 2624 gentibus
1117 2558 1482 2624 congregata
1505 2558 1613 2608 est.
1639 2553 2156 2618 Quemadmodum

507 2644 669 2700 enim
704 2643 834 2698 illas
858 2643 1113 2698 diversis
1137 2641 1438 2713 subiectas
1465 2642 1725 2714 peccatis
1750 2641 1860 2698 viri
1895 2643 2158 2714 praedicti

508 2733 807 2788 duxerunt
834 2749 846 2789 :
881 2731 959 2787 ita
984 2745 1227 2802 quoque
1245 2729 1508 2787 Christus
1523 2730 1856 2787 humanam
1880 2736 2158 2789 naturam

507 2819 685 2878 variis
715 2834 1071 2891 oppressam
1100 2819 1384 2890 peccatis,
1410 2819 1521 2875 sibi
1546 2819 1658 2892 ipsi
1680 2819 1882 2876 univit.
1919 2823 1983 2877 Et
2013 2821 2160 2878 sicut

507 2923 695 2982 genus
742 2906 952 2964 talium
1013 2906 1332 2964 mulierum
1401 2923 1789 2980 nequaquam
1841 2908 2155 2979 indignum

506 2995 826 3068 reputavit,
895 2995 978 3051 ita
1047 3010 1156 3051 nec
1231 2993 1499 3051 Ecclesiae
1567 3009 1772 3051 secum
1833 2995 2157 3068 desponsa-

508 3083 758 3142 tionem.
850 3083 1039 3140 Simul
1128 3099 1372 3156 quoque
1446 3100 1553 3157 per
1617 3084 1759 3142 talia
1843 3085 2152 3150 docemur,

506 3188 632 3231 non
683 3172 758 3228 de
800 3173 1252 3246 progenitorum
1299 3174 1576 3245 peccatis,
1629 3174 1733 3231 sed
1783 3174 1852 3230 de
1894 3174 2152 3247 propriis

2265 3183 2456 3245 οἰκείας
2510 3180 2866 3253 ἓπσμελείσθαι
2927 3179 3115 3254 ἀρετῆς
3166 3203 3178 3215 ·

508 3262 857 3319 erubescere
890 3278 902 3317 :
938 3277 1130 3334 neque
1157 3262 1231 3318 de
1253 3262 1584 3334 majoribus
1605 3263 1863 3335 gloriari,
1885 3264 1993 3321 sed
2020 3279 2153 3336 pro-

507 3351 652 3424 prias
683 3366 884 3408 curam
903 3351 1126 3409 habere
1155 3351 1408 3410 virtutis.
1442 3355 1644 3426 Neque
1686 3355 1844 3411 viros
1883 3355 2156 3425 egregios

506 3440 726 3497 talibus
747 3440 1059 3514 copulatos
1075 3441 1299 3515 nuptiis
1316 3448 1556 3515 propter
1583 3443 1932 3516 bujusmodi
1956 3441 2156 3500 matri-

505 3529 709 3587 monia
745 3529 1135 3603 vilipendere.
1202 3533 1398 3604 Neque
1453 3547 1556 3588 eos
1604 3532 1908 3605 repellere,
1963 3532 2067 3604 qui
2119 3547 2157 3587 a

505 3617 752 3674 diversis
779 3617 1194 3691 iniquitatibus
1225 3619 1304 3676 ad
1332 3619 1511 3676 ﬁdem
1553 3620 1868 3676 accedunt.

575 3725 736 3780 Vers.
763 3727 816 3780 3.
860 3725 1078 3782 Phares
1126 3731 1339 3783 autem.
1375 3756 1446 3767 —
1499 3724 1569 3778 V.
1633 3726 1718 3780 tl.
1756 3724 2153 3795 Babylonica.

505 3815 754 3879 Quartus
823 3819 978 3872 certe
1062 3815 1290 3886 Regum
1383 3813 1526 3870 liber
1605 3814 1652 3850 ¹²
1711 3829 1781 3870 ac
1856 3813 2154 3870 secundus

503 3903 1005 3977 Paralipomenon
1021 3905 1211 3974 ",tres
1234 3903 1408 3960 Josiaa
1428 3902 1584 3958 ﬁlios
1599 3903 2150 3975 ponuntloacham,

502 3992 874 4064 Joacim,qui
904 3998 959 4049 et
998 3992 1244 4048 Eliacim
1299 3991 1653 4058 vocabatur,
1700 4007 1771 4048 ac
1823 3991 2153 4061 Sedeciam,

504 4080 605 4154 qui
662 4087 720 4137 et
772 4080 1128 4137 Matthanias
1198 4077 1514 4134 dicebatur
1559 4095 1574 4146 ;
1627 4080 1704 4136 ab
1756 4095 1878 4137 uno
1951 4086 2153 4139 autem

501 4169 742 4236 horum,
797 4176 942 4241 puta
994 4167 1308 4237 Joacham,
1379 4166 1758 4226 descendisse
1804 4170 2150 4228 Jechoniam

503 4259 734 4317 dicunt.
792 4258 964 4313 Liber
1019 4261 1223 4312 autem
1281 4255 1478 4313 Esdraa
1548 4259 1894 4316 Jechoniam
1961 4260 2151 4316 ﬁlium

2265 1935 2514 2009 τέσσαρες
2554 1939 2652 2009 γὰρ
2698 1935 2864 1988 αὐτῶν
2908 1935 3008 1988 ἀπὸ
3067 1933 3326 1989 δουλίδων
3374 1944 3445 2006 τῷ
3484 1935 3672 1990 Ἰακὼϐ
3724 1935 3870 2008 ἆγεν-

2265 2027 2520 2092 νήθησαν,
2564 2029 2654 2077 καὶ
2715 2026 2848 2096 ὅμως
2913 2025 3006 2076 ούκ
3068 2024 3283 2096 ἔϐλαψεν
3342 2022 3529 2078 οὐδένα
3580 2029 3773 2077 τούτων
3834 2029 3863 2084 ἡ

2265 2121 2356 2166 τοῦ
2406 2117 2585 2185 γένους
2660 2110 2906 2186 διαφορά.
2981 2117 3167 2175 Πάντες
3220 2116 3321 2186 γὰρ
3395 2116 3585 2186 ὁμοίως
3637 2113 3866 2184 έγένοντο

2264 2207 2353 2256 καὶ
2398 2205 2750 2278 πατριάρχαι,
2802 2207 2892 2255 καὶ
2939 2202 3221 2276 φύλαρχοι,
3274 2208 3433 2278 Τρίτη
3487 2199 3545 2256 δι
3597 2203 3754 2267 αἰτία,
3783 2206 3864 2254 ὅτι

2265 2292 2319 2345 αἰ
2354 2299 2591 2363 γυναῖκες
2646 2291 2852 2363 ἱκείναι,
2909 2296 3065 2352 τύπος
3123 2289 3258 2350 ἦσαν
3307 2300 3396 2353 τῆς
3443 2290 3496 2354 ἕξ
3548 2290 3702 2344 ἰθνῶν
3747 2290 3864 2344 Ἐκ-

2264 2381 2498 2442 κλησίας.
2560 2380 2758 2454 Ὠσπερ
2807 2382 2907 2454 γὰρ
2963 2380 3175 2444 ἰκείνας,
3230 2378 3499 2456 διαφόροις
3547 2381 3865 2453 ἁμαρτήμα-

2269 2490 2350 2523 σιν
2419 2472 2771 2542 ὑποκειμένας,
2829 2472 2878 2522 οί
2954 2466 3263 2530 δηλωθέντες
3327 2466 3515 2543 ἄνδρες
3582 2470 3864 2539 ἠγάγοντο·

2266 2560 2400 2612 ούτώ
2430 2563 2519 2611 καὶ
2548 2560 2574 2610 ό
2607 2562 2833 2632 Χριστός
2880 2563 2972 2617 τὴν
3012 2558 3334 2634 ἀνθρωπίνην
3382 2561 3561 2631 φύσιν,
3593 2553 3868 2631 διαφόροις

2267 2648 2634 2722 ἁμαρτήμασιν
2707 2647 3091 2717 ύποπεσοῦσαν,
3165 2649 3436 2722 ἡρμόσατο
3511 2647 3696 2716 ἑαυτῷ.
3763 2651 3869 2699 Καὶ

2267 2739 2439 2810 ὧσπερ
2488 2740 2546 2790 τό
2600 2740 2739 2809 γένος
2787 2745 2884 2789 τῶν
2949 2739 3192 2789 τοιούτων
3267 2743 3527 2808 γυναικῶν
3579 2734 3674 2787 ούκ
3725 2733 3869 2792 ἁπη-

2267 2827 2449 2889 ξίωσεν
2491 2847 2503 2860 ο
2549 2829 2709 2888 οὕτως
2751 2822 2873 2879 ούδὶ
2920 2831 3013 2884 τὴν
3063 2833 3156 2886 τῆς
3197 2825 3505 2886 Ἐκκλησίας
3553 2827 3865 2895 νύμφευσιν.

2263 2915 2406 2988 Ἀμα
2436 2912 2494 2968 δε
2543 2920 2633 2968 καὶ
2683 2911 3049 2987 διδασκόμεθα
3098 2910 3191 2967 διὰ
3232 2922 3331 2966 τῶν
3374 2915 3639 2978 τοιούτων,
3674 2916 3746 2984 μη
3780 2910 3866 2963 ἰπὶ

2263 3012 2379 3066 ταῖς
2409 3012 2508 3056 τῶν
2555 3009 2819 3078 προγόνων
2867 3003 3168 3078 ἁμαρτίαις,
3219 3002 3326 3055 ἀλλ’
3375 3001 3458 3054 ἰπὶ
3505 3008 3621 3062 ταῖς
3651 3000 3872 3062 οἰκείαις

2265 3092 2640 3166 αἰσχύνεσθαι,
2693 3089 2831 3165 μηδε
2883 3096 3016 3164 μέγα
3063 3099 3260 3166 φρονεῖν
3310 3090 3394 3143 ἐπὶ
3440 3094 3732 3162 προγόνοις,
3760 3087 3869 3140 ἀλλ’

3230 3176 3369 3250 μηδὶ
3429 3178 3695 3251 φαυλίζειν
3746 3180 3870 3237 τοὺς

2265 3271 2366 3325 ἀπὸ
2425 3269 2459 3324 δ
2465 3269 2839 3343 ιαϐεϐλημίνων
2904 3272 3082 3342 γάμων
3157 3268 3422 3342 ἐναρέτους
3477 3270 3866 3340 γεγενημένους,

2263 3357 2403 3434 μηδε
2468 3361 2826 3435 παρωθείσθαι
2877 3358 2992 3419 τούς
3049 3357 3104 3410 ἐκ
3162 3355 3422 3432 διαφόρων
3485 3355 3867 3428 ἁμαρτημάτων

2262 3458 2324 3523 τῇ
2355 3453 2534 3503 πίστει
2563 3451 3032 3522 προσερχομένους.

2336 3728 2492 3800 Φαρὶς
2558 3755 2627 3767 —
2684 3723 2998 3786 Βαϐυλῶνος.
3076 3722 3134 3776 Ἦ
3215 3725 3306 3796 μὶν
3383 3722 3602 3796 τετάρτη
3687 3718 3866 3793 βίϐλος

2262 3824 2363 3868 τῶν
2421 3813 2696 3868 Βασιλειᾶη
2753 3817 2841 3866 καὶ
2885 3815 2914 3872 ἡ
2971 3809 3192 3887 δευτέρα
3249 3819 3348 3864 τῶν
3405 3809 3862 3884 Παραλειπομίνων

2261 3910 2399 3982 τρεῖς
2444 3907 2589 3966 υἱούς
2633 3906 2902 3978 ἱστοροῦσι
2939 3909 3031 3955 τοῦ
3081 3906 3304 3967 Ἰωσίου,
3348 3903 3433 3952 τὸν
3486 3898 3722 3971 ’ῐωάχαζ
3772 3903 3861 3950 καὶ

2261 3998 2348 4046 τὸν
2399 3992 2656 4065 ’Ῑωακεὶμ,
2711 3992 2761 4053 ὃς
2815 3995 2906 4043 καὶ
2978 3989 3238 4062 Ἐλιακείμ
3311 3989 3560 4056 ἐκαλεῖτο,
3629 3994 3724 4039 καῖ
3777 3989 3863 4039 τόν

2262 4079 2524 4151 Σεδεκίαν,
2570 4082 2620 4142 ὃς
2666 4085 2754 4134 καὶ
2801 4081 3101 4140 Ματθανίας
3159 4077 3370 4149 ἰλίγετο,
3423 4077 3531 4137 ένὸς
3561 4072 3620 4128 δε
3649 4078 3860 4142 τούτων,

2262 4179 2354 4225 τοῦ
2404 4171 2642 4243 Ἰωακιὶμ
2698 4171 2828 4241 (13⁸)
2877 4168 3289 4240 ἁπογεννηθῆναι
3341 4169 3426 4218 τόν
3482 4165 3732 4237 Ἰεχονίαν
3771 4181 3782 4194 ·
3831 4167 3860 4222 ἡ

2263 4258 2324 4314 δί
2368 4269 2460 4314 τοῦ
2504 4259 2672 4332 Ἐσρα
2723 4257 2919 4332 βίϐλος,
2988 4261 3076 4309 τόν
3127 4255 3397 4328 Ἰεχονίαν,
3439 4256 3550 4306 υἱὸν
3594 4254 3721 4306 εἶναι
3773 4259 3864 4304 τοῦ

503 4349 680 4406 Josim
744 4345 932 4402 fuisse
1005 4344 1166 4417 dicit,
1238 4345 1389 4402 sicut
1455 4351 1512 4403 et
1561 4362 1825 4420 prmsens
1899 4365 2155 4421 evange-

2264 4351 2463 4404 Ἰωσίου
2517 4353 2698 4421 φησὶν,
2756 4350 2928 4421 ὥσπερ
2988 4350 3078 4398 καὶ
3143 4346 3169 4396 ό
3225 4347 3403 4414 παρὼν
3472 4340 3861 4412 εὐαγγελιστῦκ.

503 4436 663 4493 lista.
692 4434 846 4502 Quid
869 4448 1011 4504 ergo
1061 4432 1381 4491 dicemus?
1435 4436 1608 4501 Quod
1663 4452 1844 4509 quem
1895 4437 1975 4494 illi
2019 4438 2157 4495 Joa-

506 4525 682 4582 cham
733 4523 1035 4592 dixerunt,
1084 4522 1181 4580 hic
1233 4524 1583 4581 Jechoniam
1624 4526 1926 4598 appellat;
1986 4528 2156 4584 bino-

505 4614 685 4671 minis
710 4613 862 4670 enim
891 4617 1034 4679 erat,
1064 4613 1212 4670 sicut
1236 4618 1292 4671 et
1325 4613 1537 4670 fratres
1586 4616 1698 4671 sui.
1733 4615 1960 4674 Etenim
2001 4634 2158 4691 qua:-

507 4718 746 4776 cunque
771 4701 853 4757 illi
887 4702 1042 4758 circa
1087 4702 1377 4759 Joacbam
1433 4703 1731 4772 dixerunt,
1786 4705 1914 4762 haec
1952 4709 2158 4766 omnia

506 4792 706 4849 Esdrae
759 4790 907 4846 liber
946 4790 1376 4848 invariabiliter
1417 4791 1492 4848 de
1543 4792 1824 4850 Jechonia
1876 4795 2062 4854 dixit:
2101 4801 2158 4855 et

506 4881 673 4954 quod
703 4885 955 4937 matrem
977 4879 1184 4937 habuit
1217 4880 1474 4946 Amitad,
1533 4880 1719 4938 ﬁliam
1756 4885 2054 4942 Jeremiaa:
2099 4891 2158 4945 et

508 4969 675 5044 quod
733 4969 934 5043 viginti
963 4969 1145 5028 trium
1174 4983 1476 5027 annorum
1515 4975 1658 5043 erat,
1714 4988 1850 5032 cum
1901 4990 2156 5049 regnare

578 5149 626 5186 ¹²
649 5147 723 5208 IV
745 5147 894 5222 Reg.
925 5163 1071 5207 mi.
1095 5149 1142 5186 ¹³
1170 5147 1219 5206 ll
1246 5147 1438 5208 Paral.
1466 5164 1662 5208 xxxvi.

2263 4444 2326 4493 Τί
2364 4436 2450 4491 οὖν
2490 4437 2699 4511 ἐροῦμεν
2731 4435 2892 4502 ;”Οτι
2939 4437 2992 4487 ὄν
3037 4433 3224 4486 ἐκεῖναι
3254 4429 3394 4485 εἶπον
3447 4430 3700 4502 Ἰωάχαζ,
3740 4437 3864 4482 τοῦ-

2263 4547 2350 4582 τον
2393 4529 2525 4586 αὕτη
2559 4531 2716 4600 φησὶν
2765 4527 3033 4596 Ἰεχονίαν.
3087 4528 3349 4594 Διώνυμος
3401 4522 3504 4592 γὰρ
3560 4516 3642 4589 ἦν,
3692 4520 3862 4590 ὥσπερ

2264 4622 2354 4671 καὶ
2384 4620 2432 4670 οἱ
2462 4613 2674 4689 ἀδελφοὶ
2719 4610 2897 4668 αύτοῦ.
2950 4616 3050 4666 Καὶ
3086 4614 3210 4684 γὰρ,
3257 4611 3384 4684 άπερ
3433 4609 3627 4681 ἱφασαν
3682 4607 3867 4659 ἐκεῖναι

2263 4708 2560 4783 παράσημα
2615 4712 2706 4757 τοῦ
2773 4702 3027 4774 ’ῐωάχαζ,
3082 4707 3250 4752 ταῦτα
3305 4701 3504 4772 εἴρηκεν
3560 4693 3866 4769 ἀπαραλλά-

2265 4797 2456 4859 κτωςή
2497 4801 2590 4847 τοῦ
2621 4793 2792 4866 Ἐσρα
2823 4790 3004 4864 βίϐλος
3051 4791 3219 4842 πάντα
3269 4786 3352 4840 ἐπὶ
3391 4796 3462 4858 τῷ
3512 4785 3760 4857 Ἰεχονίᾳ,
3790 4785 3868 4836 ὅτι

2265 4905 2321 4939 τε
2349 4889 2550 4959 μητέρα
2586 4879 2697 4955 εἶχε
2727 4885 2820 4939 τὴν
2862 4874 3087 4952 ’Δμιτὰδ
3136 4882 3268 4949 (15),
3315 4878 3572 4950 θυγατέρα
3599 4874 3866 4947 Ἰερεμίου,

2267 4979 2358 5028 καὶ
2412 4975 2488 5027 ὅτι
2545 4975 2708 5026 εἰκοσι
2762 4973 2853 5023 καὶ
2904 4976 3059 5046 τριῶν
3113 4965 3237 5020 ἑτῶν
3286 4963 3610 5030 έϐασίλευσε,
3665 4965 3752 5014 καὶ
3795 4961 3872 5014 ὅτι

1683 5329 1902 5401 Varia:
1947 5329 2275 5404 lectiones
2307 5338 2376 5401 et
2421 5337 2601 5400 notae

604 5501 694 5573 43)
727 5503 806 5573 Δί,
840 5498 1075 5573 omittit.
1108 5502 1177 5557 A.

606 5571 718 5645 13³)
745 5571 998 5645 Ἰ-ωάχαζ.
1027 5574 1094 5626 Α.

2271 5501 2331 5556 in
2362 5499 2605 5557 nomine
2638 5497 2875 5570 Ἰωάχαζ
2899 5499 2955 5570 0!
2983 5494 3251 5570 ’ῐεχργξανο
3591 5559 3602 5570 .
3757 5558 3768 5570 .

2347 5574 2460 5652 (15)
2504 5573 2562 5626 L.
2597 5571 2616 5623 Ι
2649 5559 2889 5643 mpii-at}.
2925 5559 3173 5624 Sed"ibi
3201 5578 3444 5640 quoque
3473 5559 3607 5620 libri
3643 5559 3878 5617 variant

610 5641 708 5719 t4)
726 5641 969 5701 Videtur
995 5642 1343 5718 respicereLI
1375 5641 1578 5700 Esdraa
1602 5656 1661 5710 ιι,
1695 5645 1782 5702 32.
1807 5641 1906 5701 ubi
1932 5643 2170 5702 variant
2279 5641 2482 5701 Gnaei.
