4180 6490
311 441 420 504 125
1309 439 1676 503 COMMENT.
1718 439 1788 496 ΙΝ
1829 437 1962 496 ΜΑΊ

2024 434 2272 495 ΉΑΞΠΜ.
2315 469 2382 481 --
2421 435 2580 496 CAP.
2628 431 2670 494 Ῑ.
3570 433 3675 494 126

314 581 452 647 τρεῖς
503 578 686 647 μόνους
731 581 896 648 μῆνας
956 570 1278 647 βασιλεύσας
1334 568 1578 634 ἰξεϐλήθη
1631 569 1776 662 παρὰ
1819 574 1965 662 τοῦΛ

2022 565 2314 638 cepisset,
2366 567 2422 622 et
2476 563 2670 622 tribus
2723 565 2955 622 tantum
3008 558 3320 621 mensibus
3377 559 3672 662 regnavit.

320 668 526 736 Φαραω,
577 661 832 733 βασιλέως
875 662 1162 734 Αἰγύπτου,
1197 665 1292 714 καὶ
1337 659 1587 731 κατήχθη
1627 653 1810 720 δοῦλος
1839 656 1912 718 εἰς

2022 653 2258 727 Ejectus
2288 658 2378 710 est
2407 655 2564 711 enim
2597 653 2967 713 aPharaone
2995 668 3134 725 rege
3155 653 3412 725 Egypti,
3446 654 3504 708 et
3538 664 3673 723 cap-

317 754 577 824 Δῖγυπτον
591 796 602 808 .

2021 743 2176 799 tivus
2230 743 2510 815 migravit
2535 744 2597 800 in
2626 747 2966 817 Egyptum.

382 963 542 1018 Ὥστε
595 963 777 1019 λοὶπὸν
833 966 1003 1041 ἔτερος
1033 966 1288 1037 Ἰεχονίας
1335 961 1417 1031 ἦν,
1451 963 1478 1015 ὸ
1507 963 1622 1024 υίὸς
1673 961 1910 1033 Ἰωακεὶμ

2088 969 2404 1042 Reliquum
2471 973 2558 1027 est
2600 970 2795 1043 igitur,
2839 976 2901 1026 ut
2939 969 3089 1026 alius
3137 969 3310 1026 fuerit
3351 968 3673 1026 Jechonias

311 1055 446 1120 (16),
484 1050 683 1116 οὗτινος
716 1051 842 1108 οὐδε
871 1051 1120 1127 ἀδελφοὺς
1147 1050 1368 1126 οὐδεμία
1389 1051 1572 1124 βίϐλος
1603 1049 1904 1126 ἀνέγραψεν.

2017 1057 2172 1114 ﬁlius
2220 1061 2472 1125 Joacim,
2524 1061 2696 1132 cujus
2745 1061 2954 1117 fratres
3012 1059 3208 1115 nullus
3259 1058 3402 1115 liber
3454 1060 3668 1132 posuit.

308 1142 463 1204 Εἰκὸς
501 1144 613 1214 (t7)
661 1141 740 1212 δε,
778 1147 908 1216 μετὰ
955 1148 1012 1197 τὸ
1038 1135 1520 1218 ’κατατροπωθῆναι
1553 1145 1670 1202 τοὺς
1700 1141 1906 1211 Αἰγυπ-

2023 1145 2341 1205 Verisimile
2359 1153 2444 1204 est
2464 1153 2662 1206 autem
2685 1154 3006 1221 postquam
3029 1147 3284 1220 Egyptii
3302 1163 3337 1203 a
3363 1147 3674 1204 Nabucho-

306 1234 448 1292 τίους
524 1233 625 1284 ὑπὸ
693 1229 1192 1307 Ναϐουχοδονόσορ,
1253 1231 1511 1305 βασιλέως
1585 1228 1903 1294 Βαϐυλῶνος,

2022 1235 2299 1303 donosor,
2317 1253 2454 1306 rege
2469 1237 2805 1310 Babylonis,
2835 1237 3019 1310 fugati
3049 1243 3206 1301 sunt,
3227 1236 3569 1292 translatum
3584 1251 3673 1290 es-

307 1322 684 1392 μετενεχθῆναι
754 1326 844 1374 καὶ
930 1325 1016 1375 τὸν
1099 1323 1370 1394 Ἰεχονίαν,
1457 1321 1529 1382 εἰς
1607 1318 1902 1384 Βαϐυλῶνα,

2020 1338 2077 1379 se
2094 1325 2504 1382 etJechoniam
2519 1326 2578 1381 in
2595 1326 3115 1399 Babylonem,etin
3135 1341 3203 1381 ea
3223 1325 3495 1396 genuisse
3511 1325 3671 1381 Sala-

307 1413 400 1460 xui.
461 1407 510 1460 ἰν
559 1411 720 1483 ταύτῃ
773 1418 1019 1482 γεννῆσαι
1064 1414 1152 1463 τὸν
1208 1409 1482 1468 Σαλαθιήλ.
1550 1408 1754 1470 Ἰωσίας
1822 1403 1902 1475 δε,

2020 1411 2176 1470 thiel.
2206 1414 2410 1479 Josias,
2443 1416 2652 1487 inquit,
2675 1418 2868 1487 genuit
2889 1415 3230 1471 Jechom’am
3247 1421 3300 1470 et
3318 1417 3530 1486 fratres
3546 1416 3671 1484 ejus

311 1501 494 1568 φησὶν,
559 1496 795 1569 ἰγέννησε
845 1502 930 1552 τὸν
1006 1499 1256 1571 Ἰεχονίαν
1327 1503 1416 1552 καὶ
1472 1501 1592 1559 τοὺς
1651 1493 1903 1568 ἀδελφοὺς

2020 1499 2625 1574 intransmi’gratione,
2659 1505 3026 1575 Babylonica.
3051 1506 3113 1558 Et
3138 1504 3382 1576 quidem
3405 1502 3511 1559 hos
3535 1507 3671 1558 ante

308 1584 470 1638 αὐτοῦ
525 1585 612 1639 ἰπὶ
691 1595 782 1648 τῆς
845 1593 1171 1660 μετοικεσίας
1243 1586 1564 1648 Βαϐυλῶνος.
1623 1589 1724 1638 Καὶ
1776 1588 1900 1656 μὴν,

2020 1589 2350 1648 ludmorum
2367 1593 2428 1649 in
2451 1593 2848 1666 Babyloniam
2869 1600 3030 1649 trans
3045 1593 3452 1663 migrationem
3477 1590 3671 1647 Josias

305 1675 407 1745 πρὸ
475 1681 568 1736 τῆς
630 1674 703 1736 εἰς
758 1674 1035 1728 Βαϐυλῶνα
1088 1681 1416 1748 μετοικεσίας
1465 1683 1565 1728 τῶν
1612 1669 1956 1761 Ἰουδαίων,1

2021 1685 2315 1748 genuerat.
2349 1682 2661 1756 Reliquum
2679 1687 2766 1738 est
2794 1698 2956 1752 ergo,
2980 1683 3134 1748 ut,in
3152 1681 3672 1751 transmigratione

305 1765 523 1825 τούτους
551 1764 577 1815 ό
627 1766 838 1827 Ἰωσίας
887 1765 1141 1837 έγέννησε.
1187 1769 1382 1820 Λοιπὸν
1430 1761 1518 1817 οὖν
1545 1767 1623 1828 τὸ,
1662 1762 1778 1815 Ἑπί
1805 1768 1901 1821 τῆς

2022 1767 2282 1840 capiatur
2311 1786 2421 1843 pro
2451 1787 2522 1827 eo
2547 1772 2712 1845 quod
2725 1778 2831 1839 est,
2855 1773 3013 1828 circa
3034 1776 3264 1842 tempus
3290 1770 3673 1839 transmigra-

304 1856 648 1923 μετοικεσίας,
682 1856 799 1906 ἀντί
828 1862 942 1922 τοῦ,
981 1854 1210 1914 Πλησίον
1238 1862 1332 1908 τοῦ
1368 1860 1556 1929 καιροῦ
1580 1860 1676 1914 τῆς
1722 1869 1901 1924 μετοι-

2020 1853 2204 1911 tionis.
2224 1859 2734 1934 Meminitquoque
2747 1861 2996 1917 fratrum
3013 1859 3142 1931 ejus
3169 1875 3182 1914 :
3199 1874 3269 1915 eo
3281 1858 3441 1930 quod
3466 1873 3671 1913 omnes

303 1945 502 2003 κεσίας·
536 1941 914 2016 Ἐμνημόνευσε
944 1940 1003 1996 δέ
1027 1949 1118 1996 καὶ
1148 1952 1246 1996 τῶν
1277 1941 1510 2016 ἀδελφῶν
1541 1941 1724 2005 αὐτοῦ,
1757 1936 1900 1992 διότι

2020 1942 2122 2015 ipsi
2162 1946 2428 2004 similiter
2450 1956 2870 2020 regnaverunt,
2899 1954 2955 2006 et
2978 1949 3198 2022 pariter
3221 1964 3258 2004 a
3278 1945 3671 2005 Nabuchodo-

303 2034 393 2082 καὶ
455 2030 605 2083 αὐτοὶ
657 2033 846 2094 πάντες
892 2028 1183 2104 ἀμοιϐαδὸν
1219 2032 1577 2098 ίϐασίλευσαν,
1609 2034 1695 2082 καὶ
1739 2047 1898 2102 μετῳ-

1740 2047 1898 2102 μετῳ-
2009 2046 2188 2090 nosor
2213 2036 2430 2108 captivi
2463 2036 2521 2092 in
2551 2036 2916 2111 Babylonem
2947 2035 3213 2094 translati
3237 2040 3391 2092 sunt.

302 2121 566 2177 κισθησαν
588 2125 678 2172 καὶ
703 2121 850 2172 όῦτοι
874 2121 974 2172 ὑπὸ
1004 2118 1477 2195 Ναϐουχοδονόσορ
1509 2118 1842 2192 αἰχμάλωτοι
1871 2115 1946 2179 εἰς
1973 2119 2276 2182 Βαϐυλῶνα,

379 2208 484 2277 [Τί
515 2203 575 2260 δε
604 2208 718 2278 (18)
749 2206 946 2266 δήποτε
979 2211 1110 2261 κατὰ
1144 2213 1237 2266 τήν
1280 2213 1443 2281 μέσην
1473 2213 1669 2266 ταυτην
1707 2203 1901 2280 μεριδα

2077 2212 2120 2281 ἦ·
2138 2213 2452 2278 Quomodo
2469 2220 2668 2271 autem
2681 2216 2836 2271 circa
2851 2214 3111 2271 mediam
3126 2215 3281 2271 hanc
3312 2218 3534 2287 partem
3553 2220 3669 2270 tres

308 2301 448 2367 τρεῖς
495 2295 744 2370 παρέλιπε
794 2295 1050 2369 βασιλεῖς,
1108 2302 1194 2350 τόν
1265 2317 1320 2350 τε
1372 2305 1466 2350 τοῦ
1521 2298 1710 2369 Ἰωρὰμ
1766 2298 1898 2362 υιὸν,

2020 2301 2288 2370 praeteriit
2313 2317 2505 2372 reges,
2535 2319 2750 2376 nempe
2779 2303 3117 2370 Ochosiam,
3146 2303 3330 2359 ﬁlium
3360 2305 3582 2366 Joram,
3615 2306 3671 2358 et

306 2381 584 2455 Ὀχοζίαν,
623 2389 710 2437 καὶ
757 2388 843 2438 τὸν
890 2393 981 2438 τοῦ
1029 2384 1280 2458 Ὀχοζίου
1315 2389 1447 2452 υίὸν,
1482 2387 1646 2452 Ἰωὰς,
1689 2389 1790 2441 καὶ
1815 2389 1901 2436 τὸν

2020 2388 2280 2446 Dchosiaa
2309 2391 2520 2458 ﬁlium,
2567 2394 2730 2459 Joas,
2766 2397 2823 2449 et
2862 2392 3050 2463 ipsius
3093 2393 3250 2454 Joas,
3276 2391 3465 2448 ﬁlium
3497 2393 3671 2448 Ama-

303 2478 395 2524 τοῠ
427 2472 577 2533 Ἰωὰς
612 2475 723 2525 υίὸν
765 2473 901 2546 (19),
947 2474 1222 2546 Ἀμεσίαν;
1257 2473 1504 2547 Ἀμεσίας
1530 2476 1629 2550 γὰρ
1667 2473 1904 2546 ἰγέννησε

2017 2477 2163 2534 siam
2177 2479 2205 2535 ?
2225 2480 2504 2536 Amasias
2521 2481 2681 2536 enim
2699 2481 2903 2551 genuit
2919 2480 3209 2546 Azariam,
3242 2496 3424 2553 quem
3451 2496 3668 2537 secun-

303 2561 389 2614 τὸν
451 2559 718 2636 Ἀζαρίαν,
779 2565 912 2615 κατὰ
971 2568 1064 2622 τήν
1134 2565 1384 2636 τετάρτην
1454 2572 1556 2616 τῶν
1617 2562 1902 2619 Βασιλειῶν

2016 2567 2125 2623 dus
2153 2567 2643 2640 Paralipomenon
2662 2572 2862 2628 Oziam
2883 2572 2930 2608 ³⁸
2957 2570 3322 2626 nominavit:
3344 2569 3667 2626 binominis

305 2647 506 2722 βίϐλον,
574 2649 628 2702 ὃν
682 2651 864 2712 Ὀζίαν
924 2653 954 2710 ἠ
1011 2648 1229 2726 δευτέρα
1285 2661 1384 2705 τῶν
1444 2651 1902 2727 [Ιαραλειπομένων

2015 2658 2170 2714 enim
2201 2663 2346 2716 erat.
2371 2660 2686 2725 Quomodo
2708 2675 2850 2730 ergo
2881 2661 3192 2718 Mattheus
3213 2661 3293 2717 ait
3317 2677 3329 2716 :
3353 2660 3551 2717 Joram
3571 2676 3666 2732 ge-

306 2737 558 2811 ὠνόμασε·
619 2735 881 2812 διωνυμος
930 2742 1032 2813 γὰρ
1090 2741 1173 2798 ἦν.
1227 2747 1342 2803 Πῶς
1416 2737 1503 2793 οὖν
1555 2743 1581 2793 ὁ
1637 2741 1903 2801 Ματθαῖὸς

2014 2746 2138 2803 nuit
2181 2747 2378 2805 Oxiam
2409 2751 2438 2804 Υ
2476 2753 2624 2806 Nam
2674 2750 2838 2822 quod
2889 2751 3089 2807 Joram
3143 2749 3409 2820 genuerit
3465 2750 3665 2807 Oziam

307 2845 485 2898 φησιν,
543 2827 624 2880 ὅτι
676 2825 866 2900 Ἰωρὰμ
923 2825 1160 2899 ἐγέννησε
1211 2831 1299 2881 τὸν
1363 2827 1586 2896 Ὀζίαν;
1649 2827 1753 2881 ἀλλ’
1823 2828 1902 2881 ὃτι

2014 2841 2302 2909 tanquam
2349 2838 2709 2911 abnepotem
2737 2844 2861 2895 -aut
2907 2845 3217 2912 posterum
3283 2854 3481 2909 suum,
3544 2854 3665 2895 non

306 2916 395 2986 μὲν
446 2913 635 2990 Ἰωρὰμ
691 2914 931 2987 ἐγέννησε
969 2919 1054 2968 τὸν
1121 2915 1323 2985 Ὀζίαν,
1380 2920 1449 2978 ὡς
1496 2917 1748 2990 ἀπόγονον
1806 2917 1902 2970 αὖ·

2016 2929 2300 2998 tanquam
2331 2926 2530 2992 ﬁlium,
2574 2927 2961 2985 manifestum
2993 2932 3097 2984 est.
3129 2929 3259 2994 Qua
3288 2927 3460 3000 igitur
3484 2943 3667 2984 causa

307 3009 398 3054 τοῦ
433 3003 560 3074 (20),
609 2999 785 3062 δῆλονο
844 3001 938 3057 διὰ
978 3009 1096 3058 τίνα
1146 3001 1204 3058 δε
1251 3005 1401 3078 λόγον
1445 3009 1495 3060 oi
1522 3013 1656 3081 τρεῖς
1684 3008 1902 3082 παρειά-

2014 3017 2128 3069 tres
2159 3030 2348 3087 reges,
2377 3020 2440 3072 ut
2477 3017 2697 3073 dictum
2741 3020 2851 3084 est,
2887 3016 3269 3090 prmtermissi
3297 3016 3437 3083 sint,
3465 3015 3665 3073 nullus

309 3091 496 3160 θησαν,
669 3095 892 3166 εἴρηται,
925 3091 1182 3166 βασιλεῖς,
1233 3091 1406 3157 οὐδείς
1457 3115 1539 3148 πω
1589 3096 1701 3167 (21)
1739 3099 1902 3168 μέχρι

2013 3102 2291 3159 hactenus
2315 3103 2480 3161 dixit.
2505 3105 2678 3161 Valde
2692 3105 2848 3161 enim
2865 3104 3150 3178 perplexa
3163 3110 3252 3162 est
3270 3106 3421 3162 ratio
3447 3104 3538 3161 his
3560 3104 3664 3178 qui

304 3183 394 3232 καὶ
438 3187 524 3232 νῦν
578 3176 706 3236 εἶπε.
742 3183 884 3234 Ποίνυ
913 3185 1014 3258 γὰρ
1063 3185 1254 3258 ἄπορος
1287 3185 1314 3236 ό
1356 3183 1508 3255 λόγος
1550 3191 1729 3256 τοῖσγε
1767 3187 1902 3238 κατὰ

2011 3192 2230 3248 nostris
2260 3193 2384 3249 nati
2422 3199 2560 3250 sunt
2606 3176 2996 3267 temporibus.
3041 3193 3395 3250 Reverentia
3442 3176 3662 3258 autem,

297 3270 393 3329 τὰς
423 3269 680 3344 ἡμετέρας
713 3272 909 3341 γενεὰς,
943 3273 1024 3323 ὅτι
1047 3269 1187 3343 μηδέ
1215 3279 1315 3324 τῶν
1341 3275 1442 3348 πρὸ
1473 3275 1616 3346 ἡμῶν
1644 3293 1724 3336 τις
1754 3273 1902 3327 ἔλυσε

2012 3295 2192 3352 quam
2218 3296 2361 3350 erga
2391 3283 2650 3353 majores
2677 3288 2918 3340 nostros
2969 3283 3330 3349 habuerunt,
3380 3282 3441 3338 in
3479 3297 3663 3339 causa

297 3359 354 3407 τὸ
382 3357 499 3423 (22)
529 3357 863 3428 ζητούμενον.
892 3358 911 3427 ]

2009 3368 2118 3426 fuit
2146 3374 2210 3424 ut
2237 3370 2316 3426 ab
2344 3371 2459 3427 hac
2488 3371 2870 3437 abstinerent,
2902 3371 3243 3443 quastione.

372 3445 519 3536 Μετὰ
565 3439 625 3536 δὲ
677 3474 745 3484 —-
810 3445 1162 3536 (Sinop.va
1236 3453 1490 3522 Χριστός.
1560 3456 1901 3515 Καταντήσας
1940 3482 1980 3536 C

2084 3460 2238 3514 Vers.
2273 3459 2360 3514 12.
2393 3459 2466 3514 Et
2491 3468 2620 3529 post
2641 3490 2712 3501 —
2742 3439 3032 3516 Vera—16.
3066 3459 3174 3526 Qui
3213 3463 3454 3516 vocatur
3493 3459 3663 3515 Chri-

307 3530 374 3590 εἰς
435 3533 522 3583 τὸν
571 3529 786 3604 Ἰωσὴφ,
819 3532 914 3585 οὐκ
966 3533 1157 3592 ῖστησε
1197 3540 1362 3610 μέχρι
1397 3541 1580 3591 τούτου
1612 3542 1698 3592 τὸν
1727 3539 1898 3612 λόγον,
1946 3529 1958 3535 ’

2011 3550 2151 3603 stus.
2187 3546 2275 3603 Ad
2329 3547 2550 3621 Joseph
2615 3547 2958 3615 deveniens,
3014 3563 3136 3605 non
3188 3547 3250 3604 in
3305 3547 3422 3604 hoc
3475 3546 3662 3604 verbo

305 3617 437 3704 a’dla‘t
477 3621 813 3695 προσέθηκεν,
874 3624 954 3674 ὅτι
1005 3626 1090 3675 τὸν
1125 3621 1294 3700 ἄνδρα
1340 3631 1566 3701 Μαρίας,
1605 3624 1898 3696 διδάσκων,

2009 3635 2212 3692 seriem
2270 3617 2626 3704 terminavit,
2682 3636 2786 3696 sed
2870 3635 3126 3704 addidit,
3197 3635 3391 3692 virum
3448 3635 3659 3703 Mariae,

301 3708 382 3760 ὅτι
413 3703 507 3761 διὰ
566 3712 760 3768 ταύτην
808 3710 964 3765 αὐτὸν
1017 3710 1427 3786 ἕγενεα).όγησεν.
1479 3715 1615 3771 Ἐπεὶ
1661 3717 1764 3792 γὰρ
1806 3719 1902 3772 οὐκ

2010 3723 2232 3782 docens
2252 3740 2384 3791 nos,
2407 3726 2572 3799 quod
2589 3726 2664 3782 ob
2685 3727 2840 3784 hanc
2861 3725 3052 3798 ipsam
3084 3703 3483 3796 generationis
3505 3725 3661 3782 ordi-

301 3792 361 3854 ἧν
416 3797 535 3859 ἔθος
587 3797 1002 3870 γπεαλογεῖσθαι
1065 3810 1340 3874 γυναῖκας,
1402 3803 1750 3874 ἐσπούδασεν,
1819 3811 1902 3861 ἱνα

2008 3827 2146 3870 nem
2171 3815 2492 3871 contexuit.
2512 3815 2658 3881 Quia
2678 3817 2834 3872 enim
2861 3816 3041 3873 moris
3062 3830 3184 3872 non
3201 3819 3326 3872 erat
3345 3814 3659 3872 mulierum

299 3890 388 3938 καὶ
434 3889 493 3938 τὸ
544 3887 653 3947 ἔθος
683 3887 904 3962 φυλάξῃ,
937 3895 1027 3943 καὶ
1075 3897 1263 3965 τρόπον
1294 3896 1460 3966 ἕτερον
1508 3891 1760 3970 ἀποδείξῃ
1814 3901 1898 3950 τὸν

2010 3902 2388 3974 genealogias
2417 3919 2660 3975 ponere,
2693 3905 2939 3970 studuit,
2969 3909 3032 3962 ut
3068 3911 3124 3962 et
3149 3921 3368 3962 morem
3399 3907 3661 3961 servaret

298 3977 530 4048 Χριστὸν
581 3974 635 4027 ἐκ
667 3980 847 4048 γένους
899 3986 991 4030 τοῦ
1039 3978 1276 4055 Ἀϐραὰμ
1314 3988 1403 4035 καὶ
1434 3991 1526 4036 τοῦ
1571 3983 1741 4038 Δαυῖδ
1765 4006 1897 4039 κατ-

2007 3995 2062 4046 et
2107 3991 2223 4048 alio
2273 3974 2457 4050 modo
2508 3993 2804 4050 Christum
2843 3993 3283 4051 demonstraret
3319 4009 3391 4050 ex
3443 4008 3658 4066 genere

297 4067 566 4135 αγὸμενον.
624 4068 710 4117 Διό
771 4065 861 4118 καί
908 4067 1287 4139 γενεαλογὴσας
1334 4075 1420 4123 τὸν
1478 4082 1759 4149 μνηστῆρα
1807 4083 1898 4137 τῆς

2008 4079 2307 4137 Abraham
2338 4087 2394 4137 et
2433 4082 2612 4138 David
2651 4081 3033 4140 descendere.
3062 4084 3200 4140 Ideo
3231 4083 3431 4155 sponsi
3458 4065 3659 4138 Matris

296 4156 641 4226 Θεομήτορος,
701 4150 793 4206 διὰ
858 4157 1043 4208 τούτου
1094 4161 1152 4210 τὸ
1210 4155 1636 4234 σπουδαζόμενον
1691 4161 1898 4218 ἀπέδει-

2008 4168 2105 4223 Dei
2125 4168 2535 4240 genealogiam
2567 4171 2867 4227 contexuit
2900 4187 2914 4238 ;
2941 4177 2996 4228 et
3035 4187 3140 4244 per
3162 4150 3344 4237 hunc,
3371 4171 3537 4243 quod
3576 4169 3659 4226 in-

294 4237 398 4301 ξεν.
445 4238 586 4293 Ἐπεὶ
631 4243 733 4315 γὰρ
773 4243 799 4294 ό
830 4243 1027 4316 Ἰωσὴφ
1081 4243 1136 4297 ἐκ
1168 4253 1260 4299 τοῦ
1305 4252 1485 4320 γένους
1531 4249 1730 4304 ἰκείνων
1776 4251 1896 4307 ἀπε-

2006 4255 2311 4322 tendebat,
2342 4237 2793 4315 demonstravit.
2829 4237 2910 4314 Ex
2953 4237 3075 4332 quo
3119 4259 3270 4315 enim
3313 4237 3535 4330 Joseph
3583 4258 3657 4314 de

296 4323 512 4399 δείχθη,
582 4326 864 4404 πρόδηλον,
950 4336 1030 4385 ὅτι
1108 4332 1295 4388 ἐκεῖθεν
1360 4342 1451 4390 καὶ
1529 4341 1558 4397 ἡ
1647 4348 1897 4405 Θεοτόκος

2005 4360 2220 4415 genere
2244 4345 2481 4402 illorum
2511 4363 2640 4402 esse
2661 4323 3106 4404 demonstratus
3135 4352 3241 4414 est,
3274 4345 3656 4402 manifestum

293 4435 569 4506 κατηγετο.
629 4419 705 4471 Οὐ
756 4422 857 4490 γὰρ
905 4419 1022 4483 ἐξῆν
1075 4421 1312 4496 ἑτέρωθεν
1370 4427 1591 4498 ἄγεσθαι
1629 4439 1893 4504 μνηστὴν,

2004 4449 2240 4506 quoque
2291 4440 2401 4501 est,
2437 4435 2535 4490 Dei
2581 4438 2822 4493 Matrem
2877 4435 3017 4492 inde
3070 4435 3450 4492 descendere.
3508 4437 3655 4491 Nam

292 4502 398 4556 ἀλλ’
439 4506 469 4564 ἧ
524 4504 576 4557 in
605 4515 699 4568 τῆς
732 4507 918 4561 ἑαυτοῦ
965 4505 1148 4582 φυλῆς,
1200 4517 1290 4564 καὶ
1323 4521 1384 4585 τῇ
1396 4535 1418 4576 ς
1447 4516 1611 4579 αὐτῆς
1644 4502 1888 4593 πατριᾶς,

2003 4502 2243 4577 aliunde
2277 4537 2557 4594 sponsam
2597 4523 2816 4580 ducere
2842 4539 2956 4580 non
2988 4523 3224 4592 licebat,
3266 4524 3376 4580 nisi
3411 4539 3548 4598 quas
3587 4539 3654 4579 ex

293 4595 459 4644 εῖτουν
505 4600 830 4666 συγγενείας.
875 4593 1077 4673 Ἀνδρα
1107 4596 1167 4652 δὲ
1215 4600 1378 4664 αὐτῆς
1423 4599 1530 4656 εἷπε
1558 4608 1644 4657 τὸν
1675 4612 1884 4680 Ἰωσὴφ,
1916 4616 1944 4673 Ι

2005 4611 2212 4667 eadem
2229 4593 2414 4667 essset
2429 4611 2602 4678 tribu,
2618 4611 2946 4685 eademque
2963 4612 3214 4679 familia,
3248 4619 3302 4669 et
3314 4614 3394 4670 ita
3406 4593 3656 4670 consan-

293 4682 359 4741 ὡς
413 4691 712 4756 μνηστῆρα.
780 4691 880 4739 Καὶ
934 4688 1036 4759 γὰρ
1071 4693 1160 4741 καὶ
1210 4698 1432 4762 γυναῖκα
1486 4696 1680 4754 ταύτην
1727 4695 1886 4749 αὐτοῦ

2002 4700 2234 4771 guinea.
2268 4701 2469 4774 Ipsum
2502 4707 2703 4759 autem
2731 4682 2972 4775 Joseph,
3002 4703 3193 4760 virum
3241 4719 3483 4777 quoque
3525 4703 3653 4775 ejus

362 4876 404 4912 ¹⁴
439 4879 460 4932 ι
490 4877 688 4937 Paral.
721 4895 863 4936 xxv1
894 4884 912 4937 Ι
949 4897 964 4948 ;
990 4881 1063 4939 IV
1088 4882 1235 4956 Reg.
1275 4901 1394 4954 11v,
1419 4888 1510 4944 2t.

1477 5047 1704 5119 Variae
1751 5050 2082 5126 lectiones
2111 5064 2178 5124 et
2209 5067 2390 5126 notae

500 5179 1453 5274 illen‘tenjuslongltfrnlege'ndum
1471 5193 1880 5274 essesuspica-
1991 5214 2133 5274 vero
2158 5198 2258 5274 hic
2283 5199 2650 5274 inclusimus,
2682 5216 2751 5260 ea
2789 5201 3031 5274 cod.AA.
3055 5201 3116 5259 in
3145 5205 3418 5274 margine
3449 5205 3646 5264 habet.

354 5178 470 5308 (1θέ
500 5179 822 5238 Hentenius
831 5182 1118 5242 Joacham
1129 5183 1453 5278 legendum
1471 5203 1603 5248 esse
1616 5193 1880 5266 suspica-

281 5257 434 5349 EE‘IL.
463 5250 821 5349 319ίὲἲὲἶὲ
851 5253 1050 5349 εἳοέἓὲ
1079 5255 1705 5349 Βὲἳιέοέαὲεέμίέπέξθῑ·
1768 5266 1882 5349 ‘19:

1998 5214 2133 5256 vero
2161 5198 2258 5256 hic
2283 5199 2650 5268 inclusimus,
2682 5216 2751 5260 ea
2789 5201 2926 5258 cod.
2955 5205 3022 5258 Α.
3055 5201 3116 5259 in
3145 5205 3418 5274 margine
3449 5205 3646 5264 habet.

1998 5343 2002 5349 _
2061 5270 2174 5343 (t9)
2214 5271 2399 5344 Vulgo
2459 5273 2736 5346 Ἀμασίας.
2790 5274 2905 5330 Sed
2933 5272 2994 5330 in
3019 5273 3136 5332 hoc
3173 5290 3418 5349 quoque
3459 5278 3649 5337 varia-

279 5325 436 5398 ri‘ant
463 5337 601 5378 vero
640 5325 820 5398 etiam
849 5325 918 5398 i_n_
944 5325 1039 5382 his
1073 5326 1315 5385 duobus
1358 5325 1708 5390 nominibus
1738 5336 1877 5395 editi
1989 5325 2108 5398 tur.

276 5391 447 5482 Α
466 5401 575 5482 τῶν
765 5396 954 5482 in‘his
984 5412 1126 5470 ergo
1184 5404 1378 5458 textus
1417 5391 1876 5480 Hebraicus'pro
1992 5391 2174 5482 Ἶὲο)
2203 5412 2392 5482 Αὐτοῦ,
2419 5414 2650 5473 omittit.
2681 5414 2746 5470 A.

2210 5489 2308 5537 Καὶ
2339 5489 2503 5558 μέχρι
2534 5494 2748 5543 τοῦνῡν.
2781 5489 2850 5544 Α.

2083 5415 2152 5468 20
2203 5413 2392 5482 Αὐτοῦ,
2419 5414 2650 5473 omittit.
2681 5414 2746 5470 A.

2085 5483 2142 5538 21
2210 5489 2308 5537 Καὶ
2393 5489 2503 5558 ’χρι
2534 5494 2748 5543 τοῦνῡν.
2781 5489 2850 5544 Α.

2031 5623 2043 5635 θ
2083 5555 2151 5607 22
2220 5558 2289 5607 Τὸ
2339 5504 2472 5616 gini
2521 5577 2554 5610 α
2603 5566 2774 5614 τοῦτο.
2823 5562 2889 5615 Λ.
2936 5555 3109 5618 Plura
3150 5557 3248 5617 hic
3278 5562 3348 5618 de
3396 5575 3530 5617 suo.
3580 5564 3646 5618 ut

2031 5638 2048 5682 ι
2095 5631 2240 5682 etur.
2275 5626 2437 5682 dedit
2464 5578 2810 5682 ﬁentenius.

1987 5638 2048 5682 τι

2095 5631 2240 5694 etur.
2275 5626 2437 5686 dedit
2464 5626 2810 5688 Hentenius.

277 5477 496 5521 norma
525 5479 660 5522 esse
694 5466 885 5523 debet.

353 5535 466 5607 (17)
487 5537 717 5608 _Nescio
735 5553 844 5594 cur
883 5538 1043 5595 dicat
1079 5539 1234 5608 εἰκός,
1268 5557 1407 5600 cum
1445 5544 1526 5602 ita
1563 5545 1777 5605 diserte
1799 5548 1882 5607 le-

279 5606 457 5676 gatur
481 5606 527 5660 II
560 5607 770 5666 Parali.
810 5625 1002 5666 xxxvr.
1028 5609 1080 5676 9,
1117 5612 1202 5668 10.

313 5742 316 5749 ι
351 5675 464 5750 (18)
495 5681 576 5746 Δί,
617 5679 854 5739 omittit.
885 5684 956 5742 Α.
984 5682 1180 5742 Malim
1207 5680 1286 5757 δὲ,
1318 5689 1454 5758 post
1482 5683 1698 5750 δήποτε.
1733 5691 1876 5757 Qum

2155 5413 2175 5624 Ξ
