4180 6498
295 388 411 450 129

1310 381 1676 445 COMMENT.
1715 385 1785 442 IN
1819 377 2260 443 ΜΑΤΤΗᾹΞΠΜ.
2301 416 2368 426 -—-
2408 383 2565 441 CAP.
2605 378 2652 441 Ι.

3566 382 3666 444 130

302 514 440 571 εἶναι
483 516 854 591 μαρτυρηθεὶς,
893 510 988 568 διά
1034 533 1088 566 τε
1137 515 1231 576 τὰς
1277 512 1434 574 ἄλλας
1480 512 1641 566 αὐτοῦ
1693 511 1904 586 ἀρετὰς,

2030 527 2149 569 isse
2189 510 2554 584 perhibetur,
2594 523 2735 567 cum
2778 509 3021 583 propter
3047 509 3198 569 alias
3239 511 3368 585 ejus
3397 511 3664 581 virtutes,

307 611 402 660 καὶ
433 603 528 659 διὰ
574 610 665 664 τὴν
693 607 963 679 πραότητα
997 608 1086 656 καὶ
1117 602 1481 674 ἀγαθωσύνην.
1537 599 1907 676 Ιιαραδειγμα-

309 701 460 749 τίσαι
500 691 558 748 δε
608 693 823 765 ἐλέγετο,
877 696 998 745 ὅταν
1030 691 1158 767 ἀνὴρ
1215 694 1358 766 παρά
1407 696 1466 744 τὸ
1517 689 1786 766 συνέδριον
1814 689 1908 764 ἦγε

309 790 407 844 τὴν
461 785 900 855 ύποπτευομένην,
954 787 1045 834 καὶ
1091 787 1372 855 κατηγόρει
1417 784 1634 847 ταύτης,
1687 786 1775 833 καί
1823 783 1908 834 ού-

311 893 410 934 τως
457 873 618 930 αύτην
657 880 885 946 φανερῶς
941 870 1154 924 ἀπέλυεν
1209 868 1309 922 ἀπό
1355 877 1450 932 τῆς
1505 871 1674 932 οἰκίας
1726 870 1906 936 αὐτοῦ,

311 964 436 1036 ὅπερ
486 965 557 1033 μὴ
607 960 760 1014 θέλων
809 968 1034 1019 ποιῆσαι
1073 961 1098 1011 ό
1152 958 1368 1031 Ἰωσήφ,
1428 958 1694 1018 ἠϐουλήθη
1744 959 1912 1035 λάθρα

309 1050 574 1104 ἀπολῦσαι
621 1049 803 1119 αὐτὴν,
857 1050 940 1102 ἱνα
997 1053 1088 1101 καὶ
1139 1047 1294 1110 αύτός
1344 1047 1610 1109 ἀνεύθυνος
1669 1047 1771 1102 ἀπὸ
1819 1055 1910 1101 τού

307 1144 471 1212 νόμου
530 1143 702 1212 μείνῃ,
741 1145 835 1190 τοῦ
888 1137 1200 1206 κελεύοντος,
1259 1136 1498 1191 ἀπολύειν
1552 1141 1648 1200 τὰς
1681 1140 1911 1200 κυούσας

313 1228 578 1302 ἑτέρωθεν,
643 1225 884 1284 κάκείνην
960 1225 1134 1284 ἀπαθῆ
1217 1234 1386 1280 κακῶν
1449 1232 1774 1301 συντηρήση,
1839 1230 1908 1300 μὴ

316 1313 352 1370 δ
357 1318 685 1390 ημοσιεύσας
707 1319 766 1368 τό
791 1319 1020 1388 γεγονός.

389 1518 564 1565 Ταῦτα
601 1507 661 1564 δε
694 1543 763 1552 -
813 1510 966 1584 ἐφάνη
1002 1512 1158 1582 αύτῷ.
1213 1510 1348 1585 Ὀρα
1401 1516 1698 1584 πραότητος
1749 1513 1912 1587 ύπερ-

317 1601 512 1660 ϐολήνῐ
581 1601 639 1653 ού
695 1605 846 1674 μόνον
899 1604 1002 1674 γὰρ
1057 1601 1151 1654 ούκ
1201 1601 1392 1664 ἐξεῖπεν
1451 1601 1602 1674 ἑτέρῳ
1656 1606 1773 1676 περὶ
1824 1607 1914 1654 τοῦ

316 1693 644 1764 πράγματος,
701 1689 809 1742 ἀλλ’
860 1687 985 1744 οὐδε
1014 1691 1146 1764 αὐτῇ
1201 1698 1264 1762 τῇ
1316 1692 1728 1763 ὑποπτευομένῃ,
1788 1690 1916 1743 άλλὰ

315 1781 435 1833 καθ’
459 1780 638 1834 ἑαυτόν
690 1780 1000 1853 ἐνεθυμήθη,
1049 1779 1217 1854 λάθρα
1263 1779 1524 1833 ἀπολῦσαι
1579 1780 1764 1840 αύτήν.
1814 1785 1915 1834 Καὶ

2015 606 2145 658 tum
2189 606 2430 674 propter
2457 599 2984 658 mansuetudinem
3014 616 3084 657 ac
3125 601 3474 674 probitatem
3513 601 3663 673 ejus.

2015 689 2345 747 Traducere
2375 694 2576 746 autem
2607 688 2932 746 dicebatur.
2966 690 3214 762 quando
3243 691 3328 746 vir
3353 690 3431 748 ad
3462 692 3666 748 conci-

2018 779 2163 835 lium
2176 778 2430 835 ducebat
2456 793 2725 844 uxorem,
2739 777 2813 834 de
2825 794 2948 850 qua
2967 779 3368 851 suspicionem
3385 779 3664 846 habebat,

2016 869 2331 940 ipsamque
2349 867 2671 923 accusabat
2703 883 2715 922 :
2746 871 2802 923 et
2831 867 2912 923 ita
2933 868 3247 925 manifeste
3279 885 3412 926 eam
3434 886 3469 927 a
3499 870 3669 926 domo

2018 957 2263 1030 propria
2312 955 2665 1012 dimittebat.
2715 955 2887 1021 Quod
2933 956 3138 1012 nolens
3190 957 3382 1014 facere
3425 959 3666 1031 Joseph,

2018 1046 2207 1104 voluit
2235 1045 2378 1101 clam
2409 1044 2725 1111 dimittere,
2754 1060 2909 1111 eam,
2945 1049 3007 1102 ut
3043 1050 3101 1102 et
3128 1046 3256 1118 ipse
3298 1047 3441 1102 nulli
3478 1047 3669 1105 obno-

2019 1135 2146 1192 xius
2173 1133 2399 1190 crimini
2431 1133 2763 1189 ecundum
2791 1133 2985 1206 legem
3016 1142 3301 1205 maneret,
3335 1150 3437 1192 eas
3457 1135 3668 1206 juben-

2021 1230 2138 1280 tem
2170 1224 2458 1279 dimittere
2491 1238 2626 1295 qum
2661 1222 2906 1280 aliunde
2937 1223 2997 1279 in
3037 1230 3203 1281 utero
3262 1224 3565 1290 haberent,
3614 1230 3672 1282 et

2018 1313 2175 1370 illam
2194 1328 2230 1369 a
2243 1312 2537 1369 malorum
2556 1311 2936 1384 perpessione
2962 1318 3241 1381 servaret,
3257 1315 3400 1386 quia
3426 1314 3487 1371 id
3509 1314 3670 1387 quod

2021 1402 2247 1460 factum
2283 1405 2425 1467 erat,
2459 1415 2580 1458 non
2613 1400 3052 1459 manifestabat.

2094 1511 2253 1566 Vers.
2287 1512 2374 1564 20.
2407 1507 2537 1565 Hoc
2569 1516 2760 1565 autem
2788 1539 2856 1549 —
2888 1510 3172 1580 apparuit
3199 1511 3268 1565 ei.
3327 1511 3470 1567 Vide
3501 1527 3672 1569 man-

2023 1597 2355 1656 suetudinis
2383 1596 2808 1655 excellentiam.
2842 1599 2966 1654 Non
2996 1597 3186 1655 solum
3209 1599 3323 1656 hac
3348 1599 3424 1657 de
3441 1616 3504 1656 re
3525 1602 3667 1658 nihil

2022 1687 2185 1745 alteri
2233 1685 2662 1755 manifestabat,
2694 1687 2794 1743 sed
2843 1701 2953 1742 nec
3009 1687 3134 1760 ipsi,
3179 1689 3255 1745 de
3308 1705 3430 1762 qua
3474 1691 3669 1764 suspi-

2022 1778 2250 1834 cionem
2282 1775 2539 1832 habebat
2568 1794 2583 1831 :
2617 1780 2833 1833 tantum
2865 1777 3025 1848 apud
3059 1793 3120 1833 se
3163 1779 3455 1849 cogitavit,
3512 1781 3667 1837 clam

319 1866 464 1922 διατί
513 1874 610 1942 μὴ,
648 1873 748 1943 πρό
796 1877 891 1922 τοῦ
923 1868 1273 1940 ἐξογκωθῆναι
1321 1875 1414 1928 τὴν
1463 1875 1698 1946 γαστέρα
1733 1870 1912 1938 αὐτῆς,

2030 1866 2310 1922 dimittere
2340 1881 2514 1922 eam:
2547 1868 2611 1920 Et
2657 1880 2839 1937 quare
2891 1880 3014 1922 non
3089 1873 3414 1940 antequam
3468 1875 3669 1927 venter

317 1959 344 2010 ὁ
378 1958 593 2031 ἅγγελος
623 1956 730 2012 εἶπε
771 1967 844 2030 τῷ
901 1958 1092 2030 Ἰωσὴφ
1137 1963 1200 2010 τὰ
1234 1965 1349 2032 περὶ
1384 1967 1482 2022 τῆς
1519 1958 1753 2032 ἀσπόρου
1785 1960 1914 2013 συλ-

317 2047 558 2119 Milium;
607 2051 750 2100 Διότι
782 2046 978 2119 ἔμελλεν
1034 2045 1392 2115 ἀπιστεῖσθαι,
1434 2045 1528 2101 διὰ
1580 2052 1639 2101 τὸ
1669 2045 1914 2122 παράδο-

322 2136 426 2200 ξον.
467 2140 664 2189 Λοιπὸν
723 2132 833 2204 οὖν,
893 2136 1150 2210 ὁρωμένου
1190 2143 1280 2187 τοῦ
1334 2138 1656 2210 πράγματος,
1710 2141 1913 2210 μηνύει,

322 2231 413 2279 καὶ
468 2227 635 2278 πείθει
688 2220 896 2298 ῥᾴδιον.
975 2229 1074 2277 Καὶ
1129 2219 1276 2276 διατι
1313 2230 1383 2297 μὴ
1436 2227 1466 2284 ἠ
1537 2229 1791 2303 Ιιαρθένος
1847 2236 1919 2300 τῷ

327 2315 520 2387 Ἰωσὴφ
577 2312 865 2385 ἀνήγγειλε,
922 2309 1359 2386 προδιδαχθείσα
1410 2323 1574 2369 ταῦτα
1630 2319 1774 2392 παρά
1828 2325 1920 2370 τοῦ

319 2403 588 2476 Γαϐριήλ;
645 2407 786 2455 Διότι
862 2401 1154 2474 ἐγίνωσκεν,
1226 2406 1294 2465 ὡς
1352 2404 1410 2456 ού
1486 2408 1919 2476 πιστευθήσεται,

317 2491 506 2564 μᾶλλον
575 2495 666 2564 μὲν
760 2487 846 2544 οὖν
915 2496 1003 2544 καὶ
1061 2491 1362 2567 παροξυνεῖ,
1447 2497 1512 2554 ὡς
1571 2493 1918 2570 ἐπιχειροῦσα

322 2581 627 2640 συσκιάςειν
671 2583 729 2633 τό
777 2579 1290 2653 πεπλημμελημένον.
1350 2588 1450 2636 Καὶ
1506 2580 1654 2636 διατί
1705 2591 1777 2658 μὴ
1830 2591 1920 2640 καὶ

319 2676 381 2740 τῇ
433 2671 696 2744 Παρθένῳ,
729 2673 859 2742 μετὰ
900 2674 987 2722 τὸν
1036 2674 1188 2741 ὄγκον
1245 2680 1336 2732 τῆς
1361 2677 1613 2744 γαστρὸς,
1662 2673 1918 2746 έμήνυσεν

322 2759 348 2810 ό
377 2758 589 2830 ἅγγελος
626 2763 719 2818 τὴν
757 2758 812 2811 έκ
838 2762 1136 2833 Πνεύματος
1196 2760 1348 2832 ἁγίου
1399 2762 1694 2834 nomen;
1755 2771 1914 2833 Διότι,

325 2851 368 2899 εὶ
424 2851 494 2918 μὴ
552 2851 923 2922 προμεμάθηκε
977 2856 1153 2915 τοῦτο,
1201 2849 1397 2922 ἔμελλεν
1442 2851 1492 2904 έν
1537 2853 1738 2928 θορύϐῳ
1787 2855 1918 2910 εἶναι

325 2940 414 2988 καὶ
465 2945 698 3010 ταραχῇ,
741 2943 831 2990 καὶ
882 2937 967 2991 έπὶ
1023 2937 1226 3011 βρόχον
1293 2938 1450 2993 έλθεῑν
1497 2939 1551 2994 εὖ
1609 2940 1803 3010 εἰδυῖα,
1854 2950 1919 3008 ὡς

326 3023 420 3076 οὐκ
454 3025 514 3076 ἄν
555 3045 672 3079 ποτε
716 3030 871 3100 πείσῃ
926 3031 1060 3096 τινὰ,
1109 3027 1354 3100 λέγουσα,
1415 3035 1486 3102 μὴ
1538 3032 1788 3105 ὁμιλῆσαι
1831 3035 1916 3088 ἀν-

326 3109 438 3189 δρί.
488 3117 581 3168 Διά
627 3123 799 3184 τοῦτο,
846 3125 907 3189 τῇ
958 3121 1048 3189 μὲν
1102 3119 1366 3192 Παρθένῳ,
1423 3124 1524 3193 πρὸ
1576 3130 1671 3185 τῆς
1727 3124 1914 3184 συλλη-

2024 1957 2438 2012 intumesceret
2488 1953 2744 2023 Virginis
2791 1954 2940 2010 dixit
2987 1967 3236 2025 angelus
3277 1958 3386 2030 ipsi
3424 1957 3666 2032 Joseph,

2024 2059 2160 2117 quas
2175 2043 2329 2100 facta
2358 2043 2592 2099 fuerant
2611 2043 2769 2099 circa
2785 2045 3238 2117 conceptionem
3254 2046 3378 2103 sine
3400 2047 3624 2104 semine
3645 2046 3672 2102 7

2027 2132 2177 2198 Quia
2218 2134 2458 2203 propter
2495 2146 2782 2203 magnam
2830 2133 2914 2188 rei
2975 2134 3298 2191 novitatem
3329 2134 3671 2192 incredulus

2026 2219 2255 2278 fuisset.
2289 2223 2439 2276 Cum
2464 2234 2606 2289 ergo
2636 2236 2726 2277 res
2751 2220 2879 2291 jam
2909 2227 3238 2294 appareret,
3271 2223 3484 2279 indicat
3528 2224 3672 2281 faci-

2026 2308 2261 2381 liusque
2307 2308 2651 2381 persuadet.
2704 2309 3010 2377 Praeterea,
3039 2327 3146 2367 cur
3175 2327 3291 2368 non
3335 2312 3468 2385 ipsa
3498 2315 3669 2383 Virgo

2028 2397 2428 2455 manifestavlt
2461 2397 2702 2469 Joseph,
2744 2414 2882 2455 cum
2935 2401 3094 2471 prius
3138 2417 3172 2457 a
3205 2402 3470 2458 Gabriele
3523 2408 3674 2460 esset

2029 2487 2292 2545 edocta?
2344 2486 2515 2552 Quod
2572 2487 2795 2544 sciebat
2849 2492 3080 2546 tantum
3146 2491 3358 2547 abesse
3422 2497 3483 2547 ut
3559 2492 3672 2548 sibi

2028 2576 2179 2632 fides
2207 2575 2583 2632 adhiberetur
2611 2581 2676 2633 ut
2722 2577 2908 2647 magis
2953 2578 3130 2635 etiam
3157 2580 3407 2637 irritaret
3429 2581 3528 2652 (ad
3551 2583 3677 2638 vin-

2027 2666 2249 2722 dictam
2278 2665 2630 2738 Josephum)
2657 2667 2706 2720 si
2727 2667 2969 2740 culpam
3001 2675 3317 2725 conaretur
3345 2671 3555 2728 celare.
3589 2673 3674 2729 Ad

2026 2754 2149 2811 haac
2177 2755 2402 2819 :Quare
2423 2769 2544 2812 non
2581 2759 2716 2827 post
2748 2757 2964 2812 ventris
2995 2761 3280 2815 tumorem
3321 2760 3675 2831 significavit

2028 2844 2278 2916 angelus
2305 2844 2552 2914 Virginis
2577 2846 3034 2918 conceptionem,
3082 2863 3220 2921 quas
3249 2864 3356 2921 per
3394 2851 3671 2922 Spiritum

2027 2937 2302 2990 sancthm
2327 2933 2481 2990 facta
2501 2938 2658 2990 esset
2686 2935 2715 2992 Τ
2738 2936 2887 3001 Quia
2913 2936 3023 2991 nisi
3038 2937 3203 3010 prius
3227 2953 3351 2994 rem
3367 2939 3675 2998 didicisset

2028 3017 2242 3074 timore
2267 3033 2336 3073 ac
2362 3018 2804 3090 perturbatione
2834 3021 2990 3077 adeo
3031 3023 3316 3092 exagitari
3349 3027 3558 3096 potuit,
3610 3031 3673 3084 ut

2029 3111 2280 3164 mortem
2310 3106 2448 3178 ipsa
2476 3107 2588 3165 sibi
2627 3109 3034 3177 conscisceret,
3067 3112 3243 3183 plane
3275 3114 3482 3180 sciens,
3516 3115 3677 3187 quod

321 3201 479 3274 ψεως,
506 3206 530 3256 ὁ
563 3205 781 3277 ἄγγελος
811 3202 1128 3278 διαλέγει-αι’
1165 3215 1232 3278 τῷ
1259 3204 1318 3260 δε
1345 3207 1559 3282 Ἰωσὴφ,
1583 3209 1633 3263 έν
1658 3220 1731 3285 τῷ
1751 3223 1917 3288 καιρῷ

2030 3197 2173 3254 nulli
2193 3213 2457 3270 unquam
2472 3200 2833 3272 persuadere
2856 3201 3165 3272 potuisset,
3188 3219 3251 3260 se
3269 3205 3411 3261 nulli
3430 3222 3562 3262 com
3572 3206 3676 3262 mi-

321 3300 422 3344 τῶν
453 3290 678 3349 ὠδίνων.

402 3490 506 3540 Καὶ
558 3488 584 3539 ό
637 3489 725 3559 μεν
776 3489 1044 3551 Mareade;
1091 3494 1207 3563 περὶ
1250 3499 1340 3544 τοῦ
1402 3490 1620 3565 ἀγγέλου
1670 3505 1761 3550 τοῦ
1811 3498 1920 3553 ἑπι-

336 3576 552 3638 στάντος
606 3584 678 3647 τῷ
717 3577 910 3650 Ἰωσὴφ
958 3577 1259 3652 ἀνέγραψεν·
1330 3583 1356 3633 ό
1419 3579 1478 3635 δὲ
1524 3591 1733 3649 Λουκᾶς
1804 3596 1920 3665 περὶ

329 3670 422 3714 τοῦ
463 3663 924 3738 εὐαγγελισαμένου
989 3675 1051 3740 τῇ
1122 3671 1364 3743 Παρθένῳ
1416 3676 1503 3730 τὴν
1558 3675 1696 3728 θείαν
1738 3663 1922 3738 σύλλη-

325 3751 436 3822 ψιν.
493 3753 780 3830 Ἀμφότεροι
816 3759 918 3831 γὰρ
969 3762 1231 3828 γεγόνασι.
1293 3764 1391 3812 Καὶ
1445 3759 1592 3814 διατί
1633 3767 1750 3817 κατ’
1799 3772 1918 3844 ὄναρ

325 3841 464 3912 αύτῷ
521 3847 755 3914 φαίνεται
805 3847 832 3897 ό
891 3845 1124 3916 ἄγγελος,
1184 3852 1273 3900 καὶ
1320 3853 1391 3921 μὴ
1453 3862 1697 3926 φανερῶς,
1748 3841 1921 3932 ὥσπερ

327 3933 415 3981 καὶ
466 3939 527 4003 τῇ
596 3935 876 4005 Παρθένῳ;
931 3939 1071 3986 Διότι
1153 3938 1183 3994 ἡ
1244 3940 1334 4009 μὲν
1403 3943 1655 4014 Παρθένος
1724 3948 1922 4020 ἔχρῃζε

330 4026 543 4094 φανερᾶς
600 4019 786 4091 ὄψεως,
843 4017 934 4074 διὰ
990 4027 1050 4076 τό
1108 4022 1408 4098 παράδοξον
1455 4037 1546 4081 τοῦ
1597 4017 1917 4106 μηνύματος·

327 4107 353 4158 ό
384 4103 443 4160 δε
470 4109 688 4182 Ἰωσὴφ,
720 4109 922 4182 βλέπων
968 4115 1058 4184 μὲν
1085 4119 1174 4166 καὶ
1212 4118 1298 4167 τόν
1341 4120 1494 4188 ὄγκον
1533 4103 1629 4182 τῆς
1667 4103 1920 4198 γα-στρος,

325 4201 593 4268 γινώσκων
627 4195 686 4250 δι
726 4204 815 4252 καὶ
860 4204 944 4252 τόν
993 4200 1109 4274 βίον
1137 4211 1230 4265 τῆς
1289 4208 1550 4278 Παρθένου
1609 4211 1836 4286 καθαρόν
1867 4233 1921 4266 τε

325 4289 416 4337 καὶ
505 4285 867 4357 ἀνεπίληπτον,
946 4290 1312 4367 εὐχερέστερον
1391 4295 1561 4367 ἔμελλε
1638 4285 1918 4358 πιστεύειν.

326 4371 520 4435 "sum;
570 4394 627 4428 τε
671 4373 748 4445 δε,
798 4382 888 4430 καὶ
935 4381 1004 4441 ὡς
1059 4377 1113 4432 εὖ
1149 4377 1301 4445 εἰδὼς
1333 4379 1618 4460 διακρίνειν
1672 4388 1918 4462 ὀνείρους,

327 4460 377 4515 ἂν
409 4462 586 4537 ὀνείρῳ
623 4463 800 4538 βλέπει
830 4470 916 4519 τόν
946 4468 1182 4540 ἄγγελον.

2029 3291 2185 3343 stam
2223 3301 2356 3343 esse
2409 3289 2554 3344 viro.
2605 3289 2922 3362 Propterea
2975 3291 3196 3361 Virgini
3247 3294 3490 3366 quidem
3538 3300 3675 3352 ante

2027 3374 2482 3446 conceptionem
2502 3376 2752 3446 angelus
2769 3378 3077 3444 nuntiavit,
3093 3380 3310 3454 Joseph
3328 3387 3524 3438 autem
3542 3398 3676 3456 par-

2029 3463 2325 3521 turitionis
2345 3468 2638 3538 tempore.

2101 3574 2168 3627 Et
2196 3571 2501 3628 Matthaaus
2518 3571 2761 3644 quidem
2784 3573 2859 3630 de
2886 3574 3096 3646 angelo
3124 3577 3342 3650 Joseph
3360 3584 3677 3651 apparente

2030 3656 2382 3729 conscripsit
2410 3675 2422 3725 ;
2450 3657 2636 3714 Lucas
2672 3661 3154 3732 vero,quomodo
3181 3664 3398 3733 Virgini
3439 3664 3678 3720 divinus

2030 3751 2351 3818 conceptus
2378 3746 2452 3802 sit
2478 3748 2863 3804 annuntiatus
2892 3765 2906 3816 ;
2942 3754 3260 3824 utrumque
3274 3752 3431 3808 enim
3455 3753 3678 3810 factum

2030 3835 2136 3887 est.
2178 3841 2445 3902 Rursum,
2513 3847 2697 3904 quam
2728 3833 2803 3890 ob
2833 3850 3082 3892 causam
3112 3836 3171 3892 in
3203 3839 3428 3893 somnis
3455 3838 3564 3910 ipsi
3587 3839 3682 3895 Jo-

2031 3915 2175 3988 seph
2214 3916 2483 3988 apparuit
2507 3917 2757 3988 angelus
2783 3924 2839 3976 et
2871 3935 2990 3976 non
3022 3921 3355 3991 manifeste,
3387 3923 3536 3978 sicut
3565 3925 3680 3979 Vir-

2030 3998 2204 4072 gini?
2235 4002 2380 4065 Quia
2427 4001 2647 4071 Virgini
2694 4003 2937 4075 quidem
2977 4006 3295 4063 manifesta
3341 4022 3495 4080 opus
3553 4011 3680 4064 erat

2030 4084 2257 4140 visione
2278 4101 2382 4156 pro
2393 4091 2518 4157 pter
2541 4087 2644 4152 rei,
2665 4103 2800 4160 qum
2824 4089 3288 4160 significabatur,
3322 4093 3674 4148 novitatem:

2030 4168 2267 4239 Joseph,
2300 4173 2498 4225 autem
2528 4171 2740 4228 videns
2771 4174 3007 4244 quidem
3042 4176 3189 4231 uteri
3226 4181 3542 4242 tumorem,
3583 4192 3678 4232 co-

2032 4253 2260 4322 gnitam
2305 4259 2505 4310 tamen
2533 4254 2766 4311 habens
2813 4257 2946 4313 vitae
2975 4258 3232 4328 Virginis
3260 4261 3575 4330 puritatem
3607 4277 3679 4316 ac

2029 4340 2454 4410 innocentiam,
2489 4342 2602 4399 alio
2631 4359 2874 4416 quoque
2905 4346 3080 4401 modo
3105 4346 3338 4402 facilius
3382 4354 3509 4405 erat
3557 4363 3680 4404 cre-

2031 4429 2286 4494 diturus,
2316 4435 2607 4502 tanquam
2622 4433 2723 4504 qui
2748 4434 2983 4491 somnia
3021 4435 3208 4507 probe
3237 4441 3482 4494 noverat
3525 4437 3677 4510 diju-

2031 4514 2232 4571 dicare
2264 4531 2275 4568 :
2307 4515 2443 4572 ideo
2471 4517 2532 4571 in
2558 4519 2788 4574 somnis
2812 4520 3091 4590 angelum
3143 4521 3322 4579 videt.

403 4574 578 4642 Λέγοιν
628 4603 683 4613 -
726 4577 950 4645 γυναῖκά
1007 4596 1122 4629 σου.
1174 4580 1293 4630 Υἱὸν
1347 4578 1514 4635 Δαυὶδ
1571 4583 1724 4638 αὐτόν
1779 4586 1917 4642 ἕκάλε

410 4679 417 4682 .
485 4657 520 4682 3.,
550 4663 572 4682 ,'
740 4667 780 4682 ,ο
883 4660 904 4682 ἢ
951 4667 962 4680 ο
1184 4666 1196 4682 9
1276 4676 1292 4682 ..
1333 4667 1345 4682 ε
1393 4675 1400 4682 .
1500 4675 1509 4682 .
1610 4681 1614 4682 ,
1708 4672 1758 4682 f-
1850 4679 1857 4682 .
1912 4680 1917 4682 _

2103 4600 2364 4658 Vers.20.
2394 4601 2610 4660 Dicens
2637 4633 2704 4643 —
2725 4574 3462 4677 conjugemTuainj‘Qavid
3474 4608 3678 4682 filium,

334 4676 439 4724 σεν,
479 4657 678 4730 ἀνάγων
727 4667 819 4720 τὴν
869 4660 1104 4717 διάνοιαν
1136 4666 1295 4720 αύτού
1326 4667 1410 4722 ἐπὶ
1459 4675 1545 4723 τόν
1595 4672 1781 4747 Δαυίδ,
1835 4679 1923 4751 ἀφ’

331 4747 392 4800 οὗ
417 4746 751 4822 προσεδόκων
794 4750 1042 4806 Ἰουδαῖοι
1072 4759 1157 4808 τόν
1205 4761 1432 4830 Χριστόν
1481 4763 1711 4818 ἔσεσθαι.
1754 4767 1923 4820 Εἰπὼν

332 4833 411 4905 δὲ,
462 4843 546 4897 Μὴ
578 4838 827 4913 φοϐηθῇς,
870 4840 1181 4915 ἀνεκάλυψεν
1240 4847 1380 4919 αύτῷ
1438 4854 1496 4902 τό
1552 4861 1644 4913 τῆς
1700 4853 1924 4929 καρδίας

330 4925 488 4980 αὐτοῦ
544 4935 856 5006 μυστήριον.
895 4932 1154 5005 Ἐφόϐεἰτο
1201 4939 1300 5012 γὰρ
1330 4943 1570 5010 κατέχειν
1600 4946 1690 5001 τὴν
1740 4951 1923 4999 Θεοτόο

327 5034 439 5084 κον,
496 5021 566 5089 μὴ
635 5024 973 5095 προσκρούσῃ
1032 5031 1102 5093 τῷ
1160 5032 1292 5096 Θεῷ,
1343 5027 1642 5100 μοιχαλίδα
1687 5039 1923 5107 κατέχων

327 5107 472 5180 παρὰ
521 5109 608 5158 τόν
650 5112 822 5181 νόμον.
854 5114 918 5162 Τί
968 5107 1027 5162 δέ
1069 5114 1180 5164 ἐστι
1214 5117 1294 5182 τὸ,
1334 5117 1690 5190 παραλαϐεῑνς
1737 5121 1924 5177 Ἐνδον

325 5197 570 5267 κατέχειν
617 5197 739 5270 παρ’
780 5197 966 5269 ἐαυτῷ,
1006 5198 1176 5254 λαϐεῖν
1227 5200 1396 5268 αὖθις.
1457 5205 1598 5267 Ἤδη
1647 5213 1748 5284 γὰρ
1783 5214 1923 5286 αύτῷ

326 5285 459 5336 κατά
515 5281 750 5338 διάνοιαν
807 5285 1102 5345 ἀπολέλυτο.
1170 5293 1491 5366 Παραλαϐεῑν
1567 5293 1627 5350 δε
1656 5281 1662 5282 7
1694 5281 1787 5352 ούκ
1853 5281 1923 5364 είς

325 5373 511 5444 γάμον,
561 5371 671 5427 ἀλλ’
727 5375 794 5437 εἰς
824 5376 1073 5450 φυλακήν.
1125 5384 1230 5439 Τὴν
1271 5387 1502 5456 γυναῖπά
1553 5406 1648 5440 σου
1701 5385 1758 5443 δι
1790 5389 1916 5461 εἷπε,

324 5459 596 5552 κάντεῦθεν
660 5463 1001 5543 πληροφορῶν
1081 5469 1258 5542 αύτόν,
1344 5475 1424 5527 ὅτι
1476 5475 1581 5550 ούχ
1659 5459 1922 5552 ὡμίλησεν

325 5544 500 5626 ἀνδρί.

395 5661 466 5714 Τὸ
530 5661 631 5741 γὰρ
695 5693 763 5704 -
828 5662 886 5718 έκ
956 5669 1249 5744 Πνεύματός
1298 5668 1438 5726 ἔστιν
1496 5672 1665 5751 ἁγίου.
1729 5680 1799 5732 Τὸ
1873 5677 1924 5734 έν

2033 4723 2235 4796 ipsum
2262 4726 2553 4795 nominat,
2588 4731 2847 4785 mentem
2899 4730 3028 4802 ejus
3061 4732 3138 4788 ad
3181 4734 3362 4791 David
3392 4735 3680 4792 reducens

2032 4831 2067 4870 a
2095 4830 2216 4886 quo
2230 4815 2527 4872 Christum
2554 4832 2685 4874 esse
2699 4824 3017 4876 venturum
3031 4823 3452 4895 exspectabant
3476 4825 3681 4887 Judaei.

2032 4900 2240 4955 Dicens
2270 4907 2491 4969 autem,
2518 4902 2606 4959 Ne
2630 4905 2910 4972 timueris,
2941 4907 3136 4963 eidem
3169 4909 3514 4966 manifestat
3543 4926 3679 4981 pro-

2031 4984 2140 5056 prii
2185 4986 2382 5041 cordis
2420 5003 2714 5048 arcanum.
2773 4991 3035 5048 Timebat
3081 4991 3383 5064 siquidcm
3425 4995 3678 5050 retinere

2033 5068 2134 5124 Dei
2156 5071 2416 5137 Matrem,
2453 5087 2526 5127 ne
2566 5076 2752 5130 Deum
2795 5075 3144 5143 offenderet,
3186 5083 3414 5134 retenta
3471 5085 3679 5134 contra

2031 5152 2223 5224 legem
2262 5156 2547 5214 adultera.
2589 5159 2741 5224 Quid
2789 5166 2873 5217 est
2920 5168 3116 5218 autem
3155 5163 3424 5236 accipere
3455 5161 3482 5217 7
3513 5163 3676 5219 Intus

2030 5240 2298 5308 retinere,
2331 5242 2417 5298 vel
2442 5243 2520 5299 ad
2546 5259 2608 5300 se
2636 5245 2840 5316 ipsum
2863 5261 3064 5304 rursus
3096 5263 3324 5320 capere.
3349 5250 3480 5304 Jam
3511 5249 3674 5304 enim

2031 5331 2227 5382 mente
2253 5327 2325 5383 ab
2364 5343 2434 5383 eo
2464 5327 2654 5385 divisa
2685 5335 2826 5388 erat.
2849 5331 3126 5404 Accipere
3156 5349 3297 5389 vero
3327 5348 3448 5390 non
3471 5332 3550 5390 ad
3569 5347 3679 5389 nu-

2030 5409 2200 5482 ptias,
2218 5411 2413 5468 sed'ad
2427 5412 2782 5470 custodiam.
2818 5416 3072 5473 Uxorem
3086 5433 3320 5490 quoque
3335 5423 3490 5475 tuam
3505 5417 3678 5491 dixit,

2032 5499 2097 5550 ut
2116 5494 2254 5551 inde
2267 5495 2575 5554 certiorem
2587 5499 2977 5574 eumfaceret,
3003 5502 3168 5576 quod
3197 5502 3410 5561 anullo
3440 5503 3678 5577 cognita

2032 5583 2182 5636 esset
2210 5578 2360 5636 viro.
3569 5621 3572 5624 ~

2102 5685 2262 5745 Vers.
2287 5686 2382 5747 20.
2424 5687 2592 5761 Quod
2618 5691 2770 5749 enim
2788 5707 2905 5752 -α
2935 5693 3165 5768 Spiritu
3199 5699 3391 5754 sancto
3417 5697 3515 5754 est.
3543 5695 3682 5757 For-
