4180 6534
506 348 608 411 {31

1852 333 2200 405 EUTHYMII
2237 329 2567 403 ZIGABENI

3815 339 3950 404 {3!

509 487 736 536 matum
766 479 825 535 in
855 493 946 546 ea,
978 476 1241 547 genitum
1263 473 1430 541 dixit,
1459 472 1843 530 utdiscamus
1864 488 1984 529 non
2011 488 2145 544 pau-

2264 473 2394 546 αὐτῇ
2447 469 2788 526 διαπλασθέν.
2821 474 3061 531 Γεννηθεν
3115 473 3215 549 γὰρ
3248 472 3401 543 εἶπεν,
3467 473 3552 527 ἵνα
3605 476 3947 549 μάθωμεν,

504 568 691 634 latim,
725 566 904 623 modo
931 565 1190 630 seminis,
1223 564 1542 620 formatum
1572 577 1704 618 esse
1737 579 1749 616 :
1780 561 1884 618 sed
1916 567 2152 633 repente

505 659 796 730 quantum
822 654 902 712 ad
927 654 1343 710 formationem
1375 651 1631 724 perfecte
1657 651 1846 707 factus
1875 654 1984 707 est.
2007 650 2152 706 Vide

503 744 1031 818 autem,quomodo
1055 745 1248 816 ipsum
1277 742 1593 800 admonuit
1615 742 1766 813 eius,
1793 740 1958 813 quod
1989 756 2025 797 a
2047 741 2154 796 Da-

501 835 598 892 vid
621 835 1092 906 exspectabatur:
1121 831 1338 887 deinde
1387 828 1791 886 manifestavit
1819 828 1927 900 ipsi
1956 828 2150 885 occul-

499 923 625 976 tum
653 919 853 975 cordis
881 919 1166 982 timorem,
1199 921 1256 971 et
1296 915 1441 988 quid
1480 914 1672 969 facere
1738 913 2096 969 decrevisset
2133 929 2151 968 :

499 1009 715 1077 postea
741 1003 966 1065 docuit,
1007 1015 1221 1072 puram
1249 1014 1380 1055 esse
1427 999 1559 1070 ejus
1611 1012 1899 1068 sponsam
1933 1013 1944 1050 :
1989 1002 2044 1052 et
2072 996 2153 1052 ita

501 1092 768 1160 tandem,
795 1089 958 1162 quod
984 1089 1068 1144 rei
1083 1093 1266 1160 caput
1293 1090 1421 1142 erat
1436 1086 1652 1150 intulit,
1673 1085 1961 1149 videlicet,
1986 1083 2154 1157 quod

503 1196 540 1238 a
563 1179 789 1252 Spiritu
814 1183 1025 1235 sancto
1054 1181 1229 1248 esset,
1259 1181 1322 1233 ut
1362 1176 1475 1232 hoc
1515 1175 1692 1231 modo
1731 1173 1962 1230 facilius
2008 1172 2154 1230 reci-

501 1270 564 1343 pi
589 1271 812 1342 posset.

572 1377 614 1447 +
637 1374 806 1442 Quod
823 1373 900 1430 ab
931 1373 1128 1446 aliquo
1144 1387 1272 1429 esse
1288 1371 1525 1437 dicitur,
1545 1370 1636 1427 vel
1657 1374 1747 1427 est
1768 1368 1951 1427 modo
1978 1384 2152 1440 gene-

501 1464 762 1528 rationis,
794 1463 961 1534 juxta
995 1461 1169 1518 illud:
1206 1462 1333 1532 Ego
1370 1462 1546 1518 aDeo
1565 1461 1735 1516 exivi
1766 1461 1812 1496 ¹⁸
1844 1461 1934 1514 vel
1969 1458 2152 1514 modo

503 1553 837 1616 creationis,
871 1551 1038 1622 juxta
1068 1549 1252 1606 illud:
1281 1551 1434 1606 Unus
1462 1551 1615 1607 Deus
1670 1553 1723 1606 et
1751 1549 1952 1614 Pater,
1985 1562 2151 1618 aquo

503 1642 704 1700 omnia
736 1643 781 1678 ¹⁶
813 1657 828 1707 ;
863 1640 951 1696 vel
975 1639 1156 1695 modo
1180 1639 1458 1705 naturali,
1499 1638 1649 1693 sicut
1690 1635 1935 1693 effectus
1962 1644 2050 1692 est
2075 1636 2151 1691 ab

503 1734 806 1804 operante.
841 1728 1004 1795 Quod
1033 1727 1206 1800 igitur
1234 1726 1295 1782 in
1328 1726 1565 1798 Virgine
1596 1726 1862 1797 genitum
1900 1728 2002 1788 est,
2034 1737 2151 1780 non

2263 564 2343 615 ὅτι
2399 561 2458 614 ού
2536 563 2672 613 κατὰ
2734 564 2919 634 μικρὸν
2999 560 3294 636 έμορφὼθη,
3350 568 3488 637 νόμῳ
3547 569 3947 638 σπέρματος,

2262 650 2368 703 ἀλλ’
2431 650 2602 720 ιύθύς,
2658 652 2779 703 ὅσον
2832 650 2905 711 εἰς
2959 656 3255 726 μόρφωσιν,
3307 652 3493 706 τΐλειον
3547 649 3937 712 διεπλάσθη.

2259 738 2397 813 Ὅρα
2452 734 2532 806 δε,
2605 747 2715 800 πῶς
2794 744 3038 814 πρότιρον
3115 739 3393 814 ἀνέμνησιν
3448 742 3603 794 αὐτὸν
3664 751 3795 805 τῆς
3869 743 3942 796 ix

2263 823 2429 880 Δαυίδ
2497 825 2840 902 προσδοκίας,
2931 831 3105 881 ἔπειτα
3185 829 3490 901 έξεαάλυψεν
3574 830 3726 902 αύτῷ
3815 836 3932 884 τὸν

2263 915 2550 989 ἆπόρῥητον
2593 914 2747 988 φόϐον
2798 925 2892 979 τῆς
2940 914 3186 992 καρδίας,
3221 925 3311 971 καί
3346 921 3372 971 ὃ
3420 918 3700 988 ἐϐουλήθη,
3781 918 3932 973 εἶτα

2262 1001 2522 1071 ἐδίδαξεν,
2567 1007 2647 1056 ὅτι
2675 1005 2930 1080 καθαρῶς⁹
2980 1012 3188 1078 μνηστή
3230 1010 3371 1059 έστιν
3424 1007 3606 1073 αὑτοῦ,
3636 1012 3735 1060 καὶ
3771 1013 3926 1062 τότε

2261 1096 2319 1143 τὸ
2349 1092 2621 1164 κεφάλαιον
2652 1093 2941 1166 έπήνιγιιιν,
2973 1096 3052 1147 ὃτι
3079 1094 3133 1146 έκ
3167 1098 3463 1168 Πνιύματὸς
3507 1095 3650 1149 ἔστιν
3681 1097 3911 1169 ἁγίου,

2261 1184 2346 1233 ἶνα
2374 1179 2611 1255 εύπαράδ
2615 1201 2758 1235 οιτον
2796 1183 2931 1235 οὕτω
2959 1187 3193 1255 γένηται.

2331 1375 2446 1450 [re
2490 1379 2602 1448 (28)
2633 1381 2687 1431 Ex
2712 1398 2866 1449 τινος,
2915 1383 2945 1437 ἦ
2985 1387 3297 1451 γιννητωιῶς
3325 1381 3460 1433 κατὰ
3502 1384 3580 1433 τὸ·
3641 1379 3785 1453 Ἐγὼ
3827 1381 3899 1435 ἐκ

2261 1473 2352 1518 τοῦ
2388 1474 2521 1520 Θεοῦ
2552 1466 2779 1529 έξῆλθον·
2814 1472 2844 1526 ἦ
2881 1464 3297 1541 δημιουργικῶς,
3329 1473 3463 1522 κατά
3501 1474 3580 1522 τὸ·
3613 1471 3699 1532 Εἷς
3735 1476 3905 1534 Θεὸς

2261 1555 2287 1606 ὁ
2311 1559 2513 1630 Πατήρ,
2553 1555 2605 1618 ἐξ
2627 1556 2686 1608 οὗ
2715 1560 2780 1608 τὰ
2808 1558 2997 1609 πάνταο
3032 1561 3062 1615 ἦ
3093 1566 3343 1629 φυσικῶς,
3373 1560 3438 1619 ὡς
3472 1560 3502 1616 ἠ
3555 1557 3796 1633 ἐνέργεια
3829 1562 3900 1613 ἐκ

2260 1650 2352 1695 τοῦ
2401 1647 2740 1717 ένεργοῦντος.
2786 1649 2856 1698 Τὸ
2903 1649 3073 1698 τοίνυν
3104 1644 3152 1697 έν
3185 1653 3246 1718 τῇ
3305 1647 3548 1719 Παρθένῳ
3598 1650 3892 1718 γεννηθὲν,

2261 1735 2374 1784 οὔτε
2427 1741 2736 1803 γηνητιαῶς
2786 1733 2842 1785 έκ
2917 1742 3008 1786 τοῦ
3073 1734 3227 1805 ἁγίου
3279 1738 3596 1807 ηνεύματοςο
3662 1736 3747 1787 ὅτι
3817 1739 3892 1788 τὸ

503 1819 900 1892 generationis
921 1818 1104 1874 modo
1129 1833 1166 1874 a
1192 1815 1409 1889 Spiritu
1444 1822 1650 1872 sancto
1673 1821 1758 1870 est
1777 1831 1788 1870 :
1805 1814 1968 1887 quia,
1997 1811 2145 1885 quod

2261 1822 2498 1891 γεννηθεν
2530 1821 2682 1893 σάρξ·
2716 1825 2830 1874 οῦτι
2853 1830 3104 1894 φυσικῶς·
3126 1823 3284 1874 ὅτιτὸ
3321 1829 3528 1895 Πνεῦμα
3559 1821 3882 1895 ἀσώματον.

501 1916 710 1966 natum
730 1912 842 1977 est,
873 1922 1013 1963 caro
1051 1910 1177 1964 est:
1213 1920 1408 1978 neque
1439 1904 1687 1961 naturali
1721 1904 1944 1959 modo:
1979 1902 2152 1974 spiri-

499 2002 594 2057 tus
617 1998 779 2054 enim
806 1998 1195 2068 incorporeus
1225 2002 1331 2051 est.
1383 1994 1696 2066 Reliquum
1740 1997 1830 2048 est
1855 1993 2051 2062 igitur,
2085 1996 2148 2047 ut

503 2087 582 2146 ab
603 2101 675 2144 eo
695 2087 788 2154 sit,
827 2090 1116 2158 tanquam
1142 2090 1433 2148 creatura,
1461 2083 1550 2139 vel
1575 2082 1894 2155 plasmatio
1925 2082 2074 2153 ejus.

573 2177 739 2234 Vers.
774 2176 862 2230 2t.
895 2173 1086 2231 Pariet
1116 2205 1179 2215 —
1208 2191 1243 2228 a
1291 2173 1546 2243 peccatis
1592 2188 1815 2230 eorum.
1869 2173 1953 2228 Tu
1993 2170 2151 2225 hunc

501 2265 742 2323 vocabis
757 2267 980 2330 Jesum,
1002 2262 1180 2336 quasi
1211 2262 1339 2334 lege
1369 2267 1555 2335 pater.
1590 2261 1724 2327 Etsi,
1757 2260 1971 2334 inquit,
2011 2275 2149 2333 quas

499 2355 684 2429 patris
721 2359 861 2410 sunt
889 2353 1044 2410 circa
1073 2353 1267 2426 ipsum
1298 2367 1418 2408 non
1461 2351 1819 2414 exercueris,
1869 2349 2148 2422 quamvis

499 2451 666 2503 tuum
692 2448 930 2509 nonest,
949 2441 1117 2514 quod
1140 2446 1352 2498 natum
1366 2446 1472 2508 est,
1505 2440 1761 2512 ideoque
1775 2454 1996 2496 nomen
2021 2439 2150 2510 ipse

497 2534 569 2592 de
586 2533 862 2607 supernis
894 2531 1059 2588 attuli
1091 2547 1106 2586 :
1139 2536 1201 2587 tu
1231 2536 1434 2588 tamen
1463 2529 1574 2603 ipsi
1599 2530 1893 2602 imponas.
1927 2529 2148 2585 Verum

497 2625 641 2696 quia
661 2637 884 2680 nomen
911 2622 1099 2686 Jesus,
1123 2621 1498 2677 Satvatorem
1520 2619 1834 2690 significat,
1861 2616 2144 2684 ostendit,

500 2713 707 2769 merito
763 2711 846 2768 ita
898 2708 1230 2766 vocandum
1273 2724 1401 2766 esse
1457 2725 1476 2765 :
1525 2708 1659 2778 Ipse
1713 2709 1865 2764 enim
1917 2706 2152 2779 (inQuit)

499 2802 729 2859 salvum
752 2799 928 2870 faciet
949 2797 1226 2870 populum
1249 2814 1440 2863 suum,
1469 2813 1591 2854 non
1617 2813 1654 2856 a
1689 2797 1860 2854 bellis
1906 2794 2149 2852 sensibi-

498 2890 678 2958 libus,
709 2889 834 2954 sed,
852 2888 1016 2961 quod
1032 2888 1208 2960 longe
1220 2887 1418 2959 majus
1443 2892 1551 2955 est,
1580 2902 1618 2944 a
1635 2886 1898 2957 peccatis
1913 2900 2144 2940 eorum:

499 2978 667 3054 quod
696 2977 896 3034 nullus
925 2992 1192 3050 unquam
1217 2977 1350 3032 fecit
1369 2976 1685 3032 hominum
1717 2979 1816 3031 :ut
1839 2973 1979 3030 hinc
2001 2989 2149 3046 quo-

499 3084 620 3142 que
652 3064 1030 3123 manifestum
1062 3065 1236 3122 faciat
1275 3066 1464 3121 Deum
1504 3079 1653 3130 esse,
1703 3063 1803 3135 qui
1856 3063 2138 3135 gignitur.

2263 1914 2574 1982 Λειπόμινον
2603 1907 2692 1962 οὖν
2721 1909 2881 1977 ἔστιν,
2914 1910 2967 1974 έξ
2998 1911 3157 1964 αὐτοῦ
3196 1908 3346 1980 εἶναι,
3379 1915 3448 1974 ὡς
3479 1907 3884 1985 δημιούργημα

2261 2003 2350 2050 καὶ
2378 2003 2578 2070 κτίσμα
2598 1998 2808 2071 αὐτοῦ.]

2330 2193 2537 2256 Τέξεται
2587 2223 2657 2235 -
2685 2193 2786 2248 ἀπὸ
2833 2203 2932 2248 τῶν
2994 2194 3259 2268 ἁμαρτιῶν
3308 2195 3491 2251 αὐτῶν.
3550 2201 3618 2250 Σὺ
3676 2203 3856 2248 τοῦτον

2261 2282 2491 2345 καλέσαις
2536 2283 2763 2353 Ἰησοῦν,
2807 2287 2875 2347 ὡς
2926 2288 3064 2357 νόμῳ
3111 2289 3307 2358 πατὴρ,
3339 2285 3382 2337 si
3427 2291 3517 2338 καί
3556 2291 3629 2358 μη
3681 2288 3852 2357 φύσει,

2260 2377 2350 2424 καὶ
2391 2375 2457 2424 τὰ
2499 2373 2614 2443 (29)
2662 2376 2858 2447 πατρὸς
2890 2369 3121 2445 ἐπιδείξῃ
3175 2379 3292 2447 περὶ
3345 2373 3523 2443 αὐτὸν,
3572 2375 3616 2427 si
3660 2380 3748 2426 καὶ
3781 2377 3843 2445 μὴ

2263 2465 2352 2514 σὸν
2398 2459 2512 2513 έστι
2570 2465 2817 2533 γέννημα,
2873 2463 2967 2514 Διά
2997 2469 3149 2514 τοῦτο
3194 2464 3297 2534 γὰρ
3328 2466 3387 2514 τὸ
3421 2466 3513 2535 μεν
3563 2467 3725 2535 ὄνομα
3767 2461 3862 2514 αύ-

2260 2553 2348 2612 τός
2390 2551 2580 2602 ἄνωθεν
2642 2549 2883 2622 έκόμισα,
2929 2554 2996 2602 σὺ
3053 2547 3113 2604 δε
3162 2557 3315 2604 τοῦτο
3367 2550 3629 2612 έπιθήσιις
3689 2550 3856 2620 αὐτῷ.

2260 2638 2400 2692 Ἐπεὶ
2466 2635 2524 2691 δέ
2575 2641 2632 2690 τὸ
2671 2639 2879 2701 Ἰησοῦς
2939 2643 3120 2711 ὄνομα,
3162 2646 3376 2715 Σωτῆρα
3433 2645 3696 2712 σημαίνει,
3750 2634 3861 2691 δεί-

2258 2747 2460 2796 ανυσιν,
2510 2729 2589 2780 ὅτι
2655 2723 2871 2788 δικαίως
2927 2728 3061 2780 οὕτω
3134 2728 3474 2788 κληθήσεται.
3543 2729 3709 2790 Αὐτὸς
3754 2730 3856 2800 γὰρ

2261 2823 2442 2881 σώσει,
2497 2820 2652 2888 φησι,
2712 2819 2797 2869 τὸν
2853 2816 2975 2868 λαὸν
3041 2816 3220 2886 αὐτοῦ,
3281 2817 3375 2869 οὐχ
3437 2815 3537 2869 έιπὸ
3599 2816 3857 2887 πολιμίων

2259 2906 2544 2974 αἰσθητῶν,
2590 2903 2696 2956 ἀλλ’
2750 2907 2776 2956 ὃ
3043 2905 3220 2978 μεῖζον
3271 2902 3354 2970 ἦν,
3396 2904 3498 2957 έιπό
3532 2913 3632 2957 τῶν
3691 2903 3860 2976 ἁμαρο

2258 3003 2380 3048 τιῶν
2442 2993 2634 3062 αὐτῶν,
2687 2995 2809 3065 ὅπερ
2868 2989 3042 3054 οῦδιὶς
3115 2993 3395 3065 έινθρώπων
3447 2997 3572 3046 ποτε
3637 2997 3857 3048 πεποίηο

2257 3103 2360 3137 κεν.
2415 3081 2502 3145 Ὧς
2564 3079 2694 3134 εἶναι
2744 3083 3014 3135 κᾶντιῦθεν
3059 3088 3340 3155 γνώριμον,
3395 3084 3478 3135 ὅτι
3525 3084 3652 3142 Θιός
3716 3079 3859 3132 έστιν

499 3153 788 3225 Populum
819 3159 1014 3209 autem
1061 3169 1259 3221 suum,
1312 3153 1485 3224 juxta
1527 3152 1851 3224 proximum
1905 3150 2145 3223 quidem

2259 3174 2638 3243 ὁτικτομενος.
2698 3173 2838 3223 Λαόν
2893 3167 2952 3223 δι
3003 3150 3175 3223 αὐτοῦ’
3223 3150 3383 3242 φησι,
3446 3173 3580 3223 κατὰ
3761 3172 3858 3226 τὴν

497 3241 881 3308 intellectum,
904 3248 1077 3299 vocat
1113 3242 1374 3308 Judteos,
1425 3257 1496 3297 ex
1539 3241 1760 3314 quibus
1793 3247 1968 3298 natus
1998 3243 2142 3308 erat,

492 3331 655 3404 juxta
678 3348 966 3390 arcanum
1000 3348 1153 3398 vero,
1208 3347 1440 3396 omnes,
1470 3331 1574 3405 qui
1613 3331 1674 3387 in
1704 3331 1909 3404 ipsum
1943 3328 2143 3386 crede-

494 3423 641 3492 rent,
671 3423 728 3476 et
751 3418 870 3476 sibi
908 3417 1052 3492 ipsis
1095 3433 1299 3490 regem
1328 3418 1490 3475 hunc
1520 3417 1898 3475 ascriberent.

565 3610 726 3667 Vers.
754 3613 850 3667 22.
906 3609 1021 3665 Hoc
1053 3614 1244 3664 autem
1274 3635 1345 3650 —
1385 3605 1765 3675 prophetam.
1815 3603 2000 3662 Etiam
2029 3603 2142 3663 hoc

497 3697 697 3754 subdit
719 3697 992 3769 angelus.
1023 3695 1145 3752 Hoc
1177 3699 1380 3750 autem
1432 3698 1625 3750 totum
1657 3709 1670 3749 :
1704 3692 1841 3758 tale,
1872 3693 2141 3766 inquam,

497 3783 795 3852 Virginem
851 3781 1074 3837 scilicet
1121 3795 1159 3836 a
1204 3778 1425 3850 Spiritu
1471 3782 1680 3835 sancto
1731 3778 2140 3850 impregnari.

496 3865 720 3922 Deinde
750 3865 990 3920 adducit
1015 3863 1436 3930 testimonium,
1490 3879 1595 3936 per
1641 3863 1984 3935 prophetam
2014 3864 2144 3937 qui-

495 3951 634 4008 dem
664 3953 880 4007 lsaiam
912 3949 1228 4020 prolatum,
1262 3963 1383 4006 non
1428 3955 1631 4007 tamen
1667 3950 1841 4022 quasi
1886 3950 2016 4021 ejus
2047 3950 2141 4019 sit,

497 4041 603 4097 sed
633 4039 735 4096 Dei
769 4059 783 4098 :
810 4040 1050 4097 Dictum
1078 4038 1238 4096 enim
1264 4044 1375 4110 est,
1420 4038 1633 4112 inquit,
1665 4055 1703 4098 a
1758 4041 2012 4097 Domino
2039 4056 2146 4113 per

490 4129 872 4201 prophetam.

567 4232 729 4289 Vers.
772 4237 860 4288 22.
910 4232 1199 4290 Dicentem
1231 4261 1301 4275 —
1329 4234 1441 4290 erit
1473 4232 1731 4305 gravata.
1793 4235 1911 4290 Hoc
1953 4233 2143 4291 Judaei

493 4322 839 4394 depravant,
880 4321 1176 4394 quosdam
1220 4322 1586 4396 proferentes
1633 4323 2000 4395 interpretes,
2036 4322 2142 4396 qui

494 4413 858 4485 scripserunt
883 4429 894 4468 ε
923 4413 1068 4470 Ecce
1085 4413 1553 4471 adolescentuta.
1570 4412 1796 4478 Quibus
1822 4413 2144 4485 responde-

2256 3264 2538 3335 πρόχιιρον
2600 3268 2813 3331 γνῶσιν,
2868 3264 2989 3321 τοὺς
3045 3256 3351 3325 Ἰόυδαίους,
3408 3258 3461 3322 EE
3509 3260 3577 3310 ὧν
3643 3256 3866 3310 autm-

2259 3367 2440 3406 στησε·
2498 3350 2634 3400 κατὰ
2689 3343 2748 3400 δέ
2793 3352 2887 3406 την
2937 3347 3249 3423 βαθυτέραν,
3296 3349 3494 3410 πάντας
3544 3351 3662 3408 τοὺς
3716 3346 3855 3416 αύτῷ

2253 3441 2647 3504 πιστεύσοντας,
2703 3443 2789 3490 καί
2841 3435 3066 3510 βασιλέα
3136 3445 3316 3490 τοῦτον
3379 3437 3577 3496 έαυτοῑς
3637 3435 3853 3509 έπιγρα-

2252 3527 2530 3600 νομένουςο

2323 3623 2486 3669 Τοῦτο
2521 3611 2932 3689 δἐ-προφήτου.
2984 3614 3041 3668 0'
3093 3615 3310 3689 ἆγγιλος
3352 3619 3632 3668 καὶτοῦτο
3686 3633 3843 3687 φησι,

2253 3709 2414 3756 Τοῦτο
2444 3699 2504 3756 δί
2529 3702 2664 3770 ὅλον,
2694 3708 2752 3756 τὸ
2783 3704 3106 3770 τηλικοῦτον,
3138 3709 3273 3778 φημὶ
3313 3701 3381 3763 δὴ
3409 3708 3468 3758 τὸ
3497 3703 3852 3776 έγκυμονῆσαι

2253 3796 2348 3851 τὴν
2399 3793 2655 3866 Παρθένον
2717 3792 2773 3846 έκ
2842 3797 3134 3866 Πνεύματος
3199 3793 3376 3865 ἁγίου.
3435 3791 3564 3847 εἶτα
3625 3794 3850 3865 παράγει

2253 3886 2567 3956 μαρτυρίαν,
2633 3878 2728 3934 διὰ
2787 3890 2877 3936 τοῦ
2933 3888 3200 3956 προφήτου
3404 3882 3622 3936 Ἠσαίου
3670 3880 3847 3954 ῥηθείο

2257 3990 2372 4037 σαν,
2439 3971 2534 4023 ούκ
2593 3971 2752 4024 αὐτοῦ
2806 3967 2866 4024 δε
2922 3967 3104 4038 οὖσαν,
3168 3970 3296 4023 ἀλλὰ
3351 3978 3444 4024 τοῦ
3508 3977 3642 4024 Θιοῦ

2252 4065 2322 4114 Τό
2377 4061 2531 4135 ῥηθὲν
2587 4061 2711 4134 γὰρ,
2779 4064 2957 4133 φησὶν,
3013 4062 3113 4113 ὑπὸ
3194 4067 3287 4113 τοῦ
3339 4063 3533 4134 Κυρίου
3620 4055 3714 4112 διὰ
3759 4065 3850 4110 τοῦ

2252 4154 2521 4222 προφήτου
2534 4191 2549 4206 .

2325 4242 2574 4310 Λέγοντος
2635 4268 2707 4281 -
2756 4239 2808 4291 έν
2866 4243 3063 4313 γαστρὶ
3103 4237 3227 4301 ἕξει.
3311 4238 3566 4292 Ἐνταῦθα
3632 4254 3853 4312 χααουρ·

2252 4335 2438 4400 γοῦσιν
2507 4322 2778 4396 Ἰουδαῖοι,
2839 4326 3244 4402 προϐαλλόμενοι
3323 4346 3464 4388 τινας
3515 4327 3849 4400 έρμηνευτὸις,

2253 4415 2578 4488 γράψαντας·
2630 4412 2773 4470 Ἰδοὺ
2831 4418 2860 4475 ἡ
2924 4423 3111 4479 νεᾶνις.
3184 4419 3316 4490 Πρὸς
3381 4416 3472 4477 οὖς
3533 4434 3718 4488 φαμεν,
3771 4415 3852 4466 ὅτι

494 4501 908 4590 ωαξοιωοῐίε
930 4501 1043 4557 illis
1081 4501 1510 4574 interpretibus,
1530 4501 1714 4558 multo
1748 4501 1867 4557 fide
1897 4501 2142 4574 dignius

2259 4504 2444 4578 μᾶλλον
2493 4513 2591 4557 τῶν
2647 4504 2812 4557 ἄλλων
2866 4504 3103 4557 ἁπάντων
3153 4503 3474 4577 έρμηνευτῶν
3531 4506 3588 4556 τὸ
3639 4503 3851 4566 ἀξιοπι-

494 4605 622 4646 esse
649 4589 732 4661 id,
759 4591 921 4662 quod
943 4590 1166 4651 habent
1190 4590 1599 4662 Septuaginta,
1625 4606 1748 4646 non
1769 4590 1964 4646 solum
2006 4607 2145 4662 pro-

2259 4599 2492 4667 στότερον
2535 4595 2584 4646 οἱ
2643 4589 3037 4666 Ἐϐδομήκοντα
3070 4596 3310 4666 ἔχουσιν,
3363 4593 3422 4645 οὐ
3475 4596 3626 4664 μόνον
3672 4587 3766 4644 διὰ
3790 4593 3848 4642 τὸ

492 4684 624 4754 pter
708 4693 918 4735 eorum
1003 4677 1437 4736 multitudinem
1507 4686 1564 4735 et
1637 4678 2138 4748 conformitatem,

490 4781 703 4844 verum
730 4765 910 4822 etiam
945 4765 1234 4838 temporis
1277 4766 1532 4823 ratione.
1570 4766 1638 4822 Hi
1664 4767 1955 4838 siquidem
2005 4773 2141 4825 ante

398 4873 404 4878 '
492 4859 733 4913 centum
759 4859 815 4911 ot
845 4870 915 4912 eo
941 4854 1141 4926 plures
1162 4870 1352 4912 annos
1379 4860 1516 4912 ante
1569 4856 1777 4912 Christi
1823 4857 2138 4915 adventum

493 4944 856 5018 interpretati
877 4946 1055 5000 sunt:
1081 4943 1336 5015 ideoque
1361 4943 1522 5000 omni
1548 4949 1752 5000 carent
1780 4947 2137 5020 suspicione.

495 5033 605 5102 Qui
649 5038 848 5090 autem
881 5033 1284 5106 scripserunt:
1312 5033 1466 5090 Ecce
1512 5034 1958 5103 adolescentulo,
1999 5043 2138 5110 post

495 5123 707 5182 Christi
731 5123 1204 5180 incarnationem
1247 5123 1608 5196 interpretati
1637 5133 1792 5193 sunt,
1832 5127 1968 5184 odio
2016 5145 2141 5186 ma-

565 5259 789 5316 "toan.
839 5255 1069 5325 vui,42.
1149 5255 1195 5293 1⁸
1219 5256 1397 5317 lCor.
1431 5275 1551 5326 viu,
1585 5264 1637 5317 6.

2251 4683 2448 4744 πλῆθος
2473 4687 2560 4735 καὶ
2602 4687 2696 4742 τὴν
2732 4688 3054 4755 συμφωνίαν,
3108 4681 3236 4734 ἀλλὰ
3290 4686 3380 4734 καὶ
3428 4677 3522 4734 διὰ
3582 4684 3668 4733 τὸν
3708 4684 3848 4752 χρό-

2250 4793 2352 4828 νον.
2406 4770 2565 4825 Οὗτοι
2635 4775 2725 4844 μεν
2803 4773 2900 4846 γὰρ
2957 4775 3058 4846 πρὸ
3113 4771 3292 4823 ἑκατὸν
3375 4774 3405 4829 ἦ
3453 4775 3542 4822 καὶ
3608 4769 3848 4822 πλειόνων

2251 4861 2374 4916 έτών
2444 4870 2538 4924 τῆς
2605 4867 2696 4914 τοῦ
2768 4866 3000 4931 Χριστοῦ
3065 4865 3357 4930 παρουσίας
3450 4859 3849 4933 ἑρμηνεύσαντις

2250 4953 2426 5013 πάσης
2459 4949 2587 5003 ιίσὶν
2611 4947 2837 5021 ὑποψίας
2883 4947 3286 5022 ἀπηλλαγμένου
3345 4949 3394 5000 οἱ
3443 4944 3502 5000 δε
3552 4947 3850 5021 γράψαντες

2249 5044 2329 5110 τὸ,
2383 5035 2526 5093 Ἰδοὺ
2600 5040 2629 5098 ἡ
2698 5044 2879 5106 νεᾶνις,
2935 5041 3066 5110 μετὰ
3129 5042 3226 5096 τὴν
3302 5037 3692 5111 ένανθρώπησιν
3757 5042 3848 5088 τοῦ

2247 5133 2484 5202 Χριστοῦ
2589 5127 3014 5202 έρμηνιύσαντις,
3115 5125 3371 5200 ἀπεχθείᾳ
3463 5124 3676 5200 μᾶλλον,
3781 5126 3852 5189 ὡς

1692 5384 1918 5457 Variae
1947 5385 2276 5458 lectiones
2308 5394 2608 5459 etnotae.

594 5537 682 5608 28)
712 5534 944 5595 Inclusa
981 5534 1122 5596 Cod.
1152 5538 1218 5594 Α.
1248 5535 1420 5596 habet
1441 5537 1496 5594 in
1532 5554 1724 5608 marg.

594 5537 682 5608 28)
712 5537 944 5595 Inclusa
981 5537 1122 5596 Cod.
1152 5538 1218 5594 Α.
1248 5537 1420 5596 habet
1441 5537 1496 5594 in
1532 5554 1724 5608 marg.

497 5694 504 5698 _
570 5537 683 5688 {29)
721 5616 822 5665 Τοῦ
838 5609 1153 5686 interponit
1183 5610 1388 5686 Chrys.
1424 5615 1462 5669 t.
1493 5610 1608 5681 Vll,
1645 5627 1706 5682 p.
1746 5608 1838 5666 58.
1898 5612 1964 5668 A.

2327 5539 2442 5614 (30)
2472 5543 2575 5594 Τοῦ
2611 5535 2830 5596 omittit
2855 5537 2916 5597 Β.
