  <div class='ocr_page' id='page_1' title='image "/cluster/home/n/w/nwhite01/storage/ocr_20150623/129/hvd.32044019208511/074.png"; bbox 0 0 4180 6452; ppageno 0'>
   <div class='ocr_carea' id='block_1_1' title="bbox 277 346 3645 427">
    <p class='ocr_par' dir='ltr' id='par_1_1' title="bbox 277 346 3645 427">
     <span class='ocr_line' id='line_1_1' title="bbox 277 346 3645 427; baseline -0.004 0"><span class='ocrx_word' id='word_1_1' title='bbox 277 353 383 427; x_wconf 65' lang='grc'><strong>133</strong></span> <span class='ocrx_word' id='word_1_2' title='bbox 1243 350 1614 424; x_wconf 75' lang='lat' dir='ltr'><strong>COMMENT.</strong></span> <span class='ocrx_word' id='word_1_3' title='bbox 1663 350 1734 421; x_wconf 83' lang='lat' dir='ltr'><strong>IN</strong></span> <span class='ocrx_word' id='word_1_4' title='bbox 1774 346 2224 423; x_wconf 61' lang='lat' dir='ltr'><strong>MATTHEUM.</strong></span> <span class='ocrx_word' id='word_1_5' title='bbox 2266 395 2334 408; x_wconf 89' lang='grc'><strong><em>-</em></strong></span> <span class='ocrx_word' id='word_1_6' title='bbox 2363 362 2516 420; x_wconf 86' lang='lat' dir='ltr'><strong>CAP.</strong></span> <span class='ocrx_word' id='word_1_7' title='bbox 2560 365 2604 420; x_wconf 80' lang='grc' dir='ltr'><strong>ι.</strong></span> <span class='ocrx_word' id='word_1_8' title='bbox 3543 348 3645 415; x_wconf 70' lang='lat' dir='ltr'><strong>iet</strong></span> 
     </span>
    </p>
   </div>
   <div class='ocr_carea' id='block_1_2' title="bbox 280 483 1931 570">
    <p class='ocr_par' dir='ltr' id='par_1_2' title="bbox 280 491 1931 570">
     <span class='ocr_line' id='line_1_2' title="bbox 280 491 1931 570; baseline -0.001 -21"><span class='ocrx_word' id='word_1_9' title='bbox 280 494 535 570; x_wconf 80' lang='grc' dir='ltr'>Ἑϐραῖοι,</span> <span class='ocrx_word' id='word_1_10' title='bbox 597 497 946 549; x_wconf 88' lang='grc' dir='ltr'>συνεσκίασαν</span> <span class='ocrx_word' id='word_1_11' title='bbox 997 497 1091 555; x_wconf 77' lang='grc' dir='ltr'><strong>τήν</strong></span> <span class='ocrx_word' id='word_1_12' title='bbox 1148 494 1410 554; x_wconf 75' lang='grc' dir='ltr'>ἀλήθειαν.</span> <span class='ocrx_word' id='word_1_13' title='bbox 1463 493 1656 557; x_wconf 67' lang='grc' dir='ltr'>Ἄλλως</span> <span class='ocrx_word' id='word_1_14' title='bbox 1705 513 1758 547; x_wconf 85' lang='grc' dir='ltr'><strong>τε</strong></span> <span class='ocrx_word' id='word_1_15' title='bbox 1799 491 1931 564; x_wconf 70' lang='grc' dir='ltr'>δὶ,Α</span> 
     </span>
    </p>
   </div>
   <div class='ocr_carea' id='block_1_3' title="bbox 1992 483 3643 570">
    <p class='ocr_par' dir='ltr' id='par_1_3' title="bbox 1997 483 3643 565">
     <span class='ocr_line' id='line_1_3' title="bbox 1997 483 3643 565; baseline -0.005 -16"><span class='ocrx_word' id='word_1_16' title='bbox 1997 493 2105 565; x_wconf 89' lang='lat' dir='ltr'><strong>gis,</strong></span> <span class='ocrx_word' id='word_1_17' title='bbox 2130 496 2334 562; x_wconf 92' lang='lat' dir='ltr'><strong>utpote</strong></span> <span class='ocrx_word' id='word_1_18' title='bbox 2351 490 2597 556; x_wconf 60' lang='lat' dir='ltr'><strong>Hebraei,</strong></span> <span class='ocrx_word' id='word_1_19' title='bbox 2629 488 2944 547; x_wconf 77' lang='lat' dir='ltr'><strong>veritatem</strong></span> <span class='ocrx_word' id='word_1_20' title='bbox 2971 486 3354 544; x_wconf 87' lang='lat' dir='ltr'><strong>obscurantes</strong></span> <span class='ocrx_word' id='word_1_21' title='bbox 3378 504 3390 544; x_wconf 92' lang='lat'>:</span> <span class='ocrx_word' id='word_1_22' title='bbox 3417 483 3643 556; x_wconf 77' lang='lat' dir='ltr'><strong>alioqui</strong></span> 
     </span>
    </p>
   </div>
   <div class='ocr_carea' id='block_1_4' title="bbox 287 573 1938 659">
    <p class='ocr_par' dir='ltr' id='par_1_4' title="bbox 287 583 1882 659">
     <span class='ocr_line' id='line_1_4' title="bbox 287 583 1882 659; baseline -0.002 -21"><span class='ocrx_word' id='word_1_23' title='bbox 287 589 379 638; x_wconf 77' lang='grc' dir='ltr'>καὶ</span> <span class='ocrx_word' id='word_1_24' title='bbox 425 587 484 637; x_wconf 86' lang='lat' dir='ltr'><strong>r6</strong></span> <span class='ocrx_word' id='word_1_25' title='bbox 531 591 626 646; x_wconf 85' lang='grc' dir='ltr'>τῆς</span> <span class='ocrx_word' id='word_1_26' title='bbox 671 585 994 647; x_wconf 81' lang='grc' dir='ltr'>νεανιότητος</span> <span class='ocrx_word' id='word_1_27' title='bbox 1049 589 1212 659; x_wconf 80' lang='grc' dir='ltr'>ὄνομα</span> <span class='ocrx_word' id='word_1_28' title='bbox 1256 583 1341 638; x_wconf 71' lang='grc' dir='ltr'><strong>ἐπὶ</strong></span> <span class='ocrx_word' id='word_1_29' title='bbox 1385 592 1478 645; x_wconf 80' lang='grc' dir='ltr'>τῆς</span> <span class='ocrx_word' id='word_1_30' title='bbox 1525 585 1800 657; x_wconf 77' lang='grc' dir='ltr'><strong>παρθενίας</strong></span> <span class='ocrx_word' id='word_1_31' title='bbox 1852 583 1882 640; x_wconf 77' lang='grc' dir='ltr'>ἡ</span> 
     </span>
    </p>
   </div>
   <div class='ocr_carea' id='block_1_5' title="bbox 1994 573 3645 659">
    <p class='ocr_par' dir='ltr' id='par_1_5' title="bbox 1998 573 3645 650">
     <span class='ocr_line' id='line_1_5' title="bbox 1998 573 3645 650; baseline -0.005 -11"><span class='ocrx_word' id='word_1_32' title='bbox 1998 598 2223 639; x_wconf 87' lang='lat' dir='ltr'><strong>nomen</strong></span> <span class='ocrx_word' id='word_1_33' title='bbox 2244 581 2424 638; x_wconf 92' lang='lat' dir='ltr'><strong>etiam</strong></span> <span class='ocrx_word' id='word_1_34' title='bbox 2440 577 2921 642; x_wconf 69' lang='lat' dir='ltr'><strong>adolescentulae,</strong></span> <span class='ocrx_word' id='word_1_35' title='bbox 2937 593 3045 650; x_wconf 89' lang='lat' dir='ltr'><strong>pro</strong></span> <span class='ocrx_word' id='word_1_36' title='bbox 3062 576 3289 646; x_wconf 78' lang='lat' dir='ltr'><strong>virgine</strong></span> <span class='ocrx_word' id='word_1_37' title='bbox 3309 573 3476 647; x_wconf 87' lang='lat' dir='ltr'><strong>ponit</strong></span> <span class='ocrx_word' id='word_1_38' title='bbox 3500 573 3645 630; x_wconf 88' lang='lat' dir='ltr'><strong>Scri-</strong></span> 
     </span>
    </p>
   </div>
   <div class='ocr_carea' id='block_1_6' title="bbox 285 662 1936 751">
    <p class='ocr_par' dir='ltr' id='par_1_6' title="bbox 285 672 1888 751">
     <span class='ocr_line' id='line_1_6' title="bbox 285 672 1888 751; baseline 0.001 -24"><span class='ocrx_word' id='word_1_39' title='bbox 285 676 460 748; x_wconf 77' lang='grc' dir='ltr'>Γραφή</span> <span class='ocrx_word' id='word_1_40' title='bbox 505 675 709 733; x_wconf 88' lang='grc' dir='ltr'>τίθησι.</span> <span class='ocrx_word' id='word_1_41' title='bbox 761 679 860 728; x_wconf 78' lang='lat' dir='ltr'><strong>Kal</strong></span> <span class='ocrx_word' id='word_1_42' title='bbox 907 678 1009 751; x_wconf 81' lang='grc' dir='ltr'>γὰρ</span> <span class='ocrx_word' id='word_1_43' title='bbox 1057 680 1178 751; x_wconf 84' lang='grc' dir='ltr'>περὶ</span> <span class='ocrx_word' id='word_1_44' title='bbox 1223 673 1382 749; x_wconf 87' lang='grc' dir='ltr'>κόρης</span> <span class='ocrx_word' id='word_1_45' title='bbox 1432 672 1888 745; x_wconf 77' lang='grc' dir='ltr'>ἕπιϐουλευομένης</span> 
     </span>
    </p>
   </div>
   <div class='ocr_carea' id='block_1_7' title="bbox 1996 662 3647 751">
    <p class='ocr_par' dir='ltr' id='par_1_7' title="bbox 2000 662 3647 744">
     <span class='ocr_line' id='line_1_7' title="bbox 2000 662 3647 744; baseline -0.006 -16"><span class='ocrx_word' id='word_1_46' title='bbox 2000 676 2196 744; x_wconf 89' lang='lat' dir='ltr'><strong>ptura.</strong></span> <span class='ocrx_word' id='word_1_47' title='bbox 2232 672 2505 744; x_wconf 89' lang='lat' dir='ltr'><strong>Loquens</strong></span> <span class='ocrx_word' id='word_1_48' title='bbox 2523 667 2821 741; x_wconf 88' lang='lat' dir='ltr'><strong>siquidem</strong></span> <span class='ocrx_word' id='word_1_49' title='bbox 2861 667 2934 723; x_wconf 93' lang='lat' dir='ltr'><strong>de</strong></span> <span class='ocrx_word' id='word_1_50' title='bbox 2965 665 3210 737; x_wconf 80' lang='lat' dir='ltr'><strong>virgine,</strong></span> <span class='ocrx_word' id='word_1_51' title='bbox 3233 680 3368 737; x_wconf 75' lang='lat' dir='ltr'><strong>quae</strong></span> <span class='ocrx_word' id='word_1_52' title='bbox 3399 662 3647 719; x_wconf 86' lang='lat' dir='ltr'><strong>insidias</strong></span> 
     </span>
    </p>
   </div>
   <div class='ocr_carea' id='block_1_8' title="bbox 287 751 1938 836">
    <p class='ocr_par' dir='ltr' id='par_1_8' title="bbox 287 761 1890 836">
     <span class='ocr_line' id='line_1_8' title="bbox 287 761 1890 836; baseline -0.002 -20"><span class='ocrx_word' id='word_1_53' title='bbox 287 761 645 836; x_wconf 74' lang='grc' dir='ltr'><strong>διαλεγομένη,</strong></span> <span class='ocrx_word' id='word_1_54' title='bbox 722 769 902 836; x_wconf 83' lang='grc' dir='ltr'>φησὶν,</span> <span class='ocrx_word' id='word_1_55' title='bbox 985 765 1072 817; x_wconf 73' lang='grc' dir='ltr'><strong>ἐὰν</strong></span> <span class='ocrx_word' id='word_1_56' title='bbox 1140 769 1351 836; x_wconf 78' lang='grc' dir='ltr'>φωνήσῃ</span> <span class='ocrx_word' id='word_1_57' title='bbox 1414 764 1443 821; x_wconf 86' lang='grc' dir='ltr'><strong>ή</strong></span> <span class='ocrx_word' id='word_1_58' title='bbox 1499 769 1680 832; x_wconf 86' lang='grc' dir='ltr'>νεᾶνις,</span> <span class='ocrx_word' id='word_1_59' title='bbox 1739 779 1890 814; x_wconf 86' lang='grc' dir='ltr'>τουτο</span> 
     </span>
    </p>
   </div>
   <div class='ocr_carea' id='block_1_9' title="bbox 1998 751 3649 836">
    <p class='ocr_par' dir='ltr' id='par_1_9' title="bbox 2003 751 3649 833">
     <span class='ocr_line' id='line_1_9' title="bbox 2003 751 3649 833; baseline -0.004 -18"><span class='ocrx_word' id='word_1_60' title='bbox 2003 775 2294 833; x_wconf 88' lang='lat' dir='ltr'><strong>perpessa</strong></span> <span class='ocrx_word' id='word_1_61' title='bbox 2327 763 2415 815; x_wconf 90' lang='lat' dir='ltr'><strong>est</strong></span> <span class='ocrx_word' id='word_1_62' title='bbox 2445 774 2457 814; x_wconf 89' lang='lat'>:</span> <span class='ocrx_word' id='word_1_63' title='bbox 2489 758 2535 812; x_wconf 88' lang='lat' dir='ltr'><strong>si</strong></span> <span class='ocrx_word' id='word_1_64' title='bbox 2567 756 2935 821; x_wconf 79' lang='lat' dir='ltr'><strong>clamaverit,</strong></span> <span class='ocrx_word' id='word_1_65' title='bbox 2964 754 3175 826; x_wconf 86' lang='lat' dir='ltr'><strong>inquit,</strong></span> <span class='ocrx_word' id='word_1_66' title='bbox 3207 751 3649 810; x_wconf 83' lang='lat' dir='ltr'><strong>adolescentula</strong></span> 
     </span>
    </p>
   </div>
   <div class='ocr_carea' id='block_1_10' title="bbox 285 841 1936 925">
    <p class='ocr_par' dir='ltr' id='par_1_10' title="bbox 285 849 1894 925">
     <span class='ocr_line' id='line_1_10' title="bbox 285 849 1894 925; baseline -0.002 -21"><span class='ocrx_word' id='word_1_67' title='bbox 285 854 444 917; x_wconf 74' lang='grc' dir='ltr'>ἐστιν,</span> <span class='ocrx_word' id='word_1_68' title='bbox 477 852 506 908; x_wconf 75' lang='grc' dir='ltr'>ἡ</span> <span class='ocrx_word' id='word_1_69' title='bbox 541 853 810 925; x_wconf 82' lang='grc' dir='ltr'><strong>παρθένος.</strong></span> <span class='ocrx_word' id='word_1_70' title='bbox 860 852 920 906; x_wconf 83' lang='grc' dir='ltr'><strong>Εἰ</strong></span> <span class='ocrx_word' id='word_1_71' title='bbox 968 849 1026 906; x_wconf 74' lang='grc' dir='ltr'><strong>δε</strong></span> <span class='ocrx_word' id='word_1_72' title='bbox 1080 853 1194 906; x_wconf 84' lang='grc' dir='ltr'>κατ’</span> <span class='ocrx_word' id='word_1_73' title='bbox 1224 851 1409 912; x_wconf 76' lang='grc' dir='ltr'>αὐτοὺς</span> <span class='ocrx_word' id='word_1_74' title='bbox 1453 857 1634 916; x_wconf 83' lang='grc' dir='ltr'>νεᾶνις,</span> <span class='ocrx_word' id='word_1_75' title='bbox 1677 853 1706 908; x_wconf 79' lang='grc' dir='ltr'>ἡ</span> <span class='ocrx_word' id='word_1_76' title='bbox 1739 869 1894 921; x_wconf 85' lang='grc' dir='ltr'>γεγα-</span> 
     </span>
    </p>
   </div>
   <div class='ocr_carea' id='block_1_11' title="bbox 2001 841 3652 925">
    <p class='ocr_par' dir='ltr' id='par_1_11' title="bbox 2002 841 3652 920">
     <span class='ocr_line' id='line_1_11' title="bbox 2002 841 3652 920; baseline -0.005 -17"><span class='ocrx_word' id='word_1_77' title='bbox 2002 848 2122 904; x_wconf 86' lang='lat' dir='ltr'><strong>sive</strong></span> <span class='ocrx_word' id='word_1_78' title='bbox 2161 846 2382 920; x_wconf 87' lang='lat' dir='ltr'><strong>puella,</strong></span> <span class='ocrx_word' id='word_1_79' title='bbox 2401 846 2516 902; x_wconf 89' lang='lat' dir='ltr'><strong>hoc</strong></span> <span class='ocrx_word' id='word_1_80' title='bbox 2545 850 2634 902; x_wconf 89' lang='lat' dir='ltr'><strong>est</strong></span> <span class='ocrx_word' id='word_1_81' title='bbox 2660 845 2849 914; x_wconf 85' lang='lat' dir='ltr'><strong>virgo.</strong></span> <span class='ocrx_word' id='word_1_82' title='bbox 2873 843 3046 909; x_wconf 86' lang='lat' dir='ltr'><strong>Quod</strong></span> <span class='ocrx_word' id='word_1_83' title='bbox 3069 843 3115 897; x_wconf 91' lang='lat' dir='ltr'><strong>si</strong></span> <span class='ocrx_word' id='word_1_84' title='bbox 3139 843 3308 913; x_wconf 84' lang='lat' dir='ltr'><strong>juxta</strong></span> <span class='ocrx_word' id='word_1_85' title='bbox 3341 841 3652 897; x_wconf 89' lang='lat' dir='ltr'><strong>eorumin-</strong></span> 
     </span>
    </p>
   </div>
   <div class='ocr_carea' id='block_1_12' title="bbox 284 929 1935 1013">
    <p class='ocr_par' dir='ltr' id='par_1_12' title="bbox 284 937 1894 1013">
     <span class='ocr_line' id='line_1_12' title="bbox 284 937 1894 1013; baseline -0.002 -21"><span class='ocrx_word' id='word_1_86' title='bbox 284 943 488 1013; x_wconf 86' lang='grc' dir='ltr'>μημένη</span> <span class='ocrx_word' id='word_1_87' title='bbox 531 938 666 1007; x_wconf 76' lang='grc' dir='ltr'>ἔστι,</span> <span class='ocrx_word' id='word_1_88' title='bbox 724 945 777 994; x_wconf 86' lang='grc' dir='ltr'><strong>τί</strong></span> <span class='ocrx_word' id='word_1_89' title='bbox 815 945 1012 1009; x_wconf 86' lang='grc' dir='ltr'>καινὸν,</span> <span class='ocrx_word' id='word_1_90' title='bbox 1066 945 1125 994; x_wconf 91' lang='lat' dir='ltr'><strong>r6</strong></span> <span class='ocrx_word' id='word_1_91' title='bbox 1179 945 1274 1000; x_wconf 83' lang='grc' dir='ltr'><strong>τήν</strong></span> <span class='ocrx_word' id='word_1_92' title='bbox 1328 943 1693 1013; x_wconf 70' lang='grc' dir='ltr'>γεγαμημένην</span> <span class='ocrx_word' id='word_1_93' title='bbox 1745 937 1894 1010; x_wconf 78' lang='grc' dir='ltr'>έγκυο</span> 
     </span>
    </p>
   </div>
   <div class='ocr_carea' id='block_1_13' title="bbox 2001 929 3652 1013">
    <p class='ocr_par' dir='ltr' id='par_1_13' title="bbox 2005 929 3652 1004">
     <span class='ocr_line' id='line_1_13' title="bbox 2005 929 3652 1004; baseline -0.005 -11"><span class='ocrx_word' id='word_1_94' title='bbox 2005 937 2300 993; x_wconf 85' lang='lat' dir='ltr'><strong>tellectum</strong></span> <span class='ocrx_word' id='word_1_95' title='bbox 2331 933 2776 992; x_wconf 79' lang='lat' dir='ltr'><strong>adulescentula</strong></span> <span class='ocrx_word' id='word_1_96' title='bbox 2805 936 2994 1004; x_wconf 90' lang='lat' dir='ltr'><strong>nupta</strong></span> <span class='ocrx_word' id='word_1_97' title='bbox 3022 936 3128 995; x_wconf 91' lang='lat' dir='ltr'><strong>est,</strong></span> <span class='ocrx_word' id='word_1_98' title='bbox 3182 930 3329 1002; x_wconf 91' lang='lat' dir='ltr'><strong>quid</strong></span> <span class='ocrx_word' id='word_1_99' title='bbox 3375 929 3652 987; x_wconf 82' lang='lat' dir='ltr'><strong>novitatis</strong></span> 
     </span>
    </p>
   </div>
   <div class='ocr_carea' id='block_1_14' title="bbox 283 1018 1934 1105">
    <p class='ocr_par' dir='ltr' id='par_1_14' title="bbox 283 1029 1893 1105">
     <span class='ocr_line' id='line_1_14' title="bbox 283 1029 1893 1105; baseline -0.001 -25"><span class='ocrx_word' id='word_1_100' title='bbox 283 1036 514 1102; x_wconf 82' lang='grc' dir='ltr'>μονῆσαι</span> <span class='ocrx_word' id='word_1_101' title='bbox 596 1034 687 1082; x_wconf 86' lang='grc' dir='ltr'>καὶ</span> <span class='ocrx_word' id='word_1_102' title='bbox 764 1037 925 1084; x_wconf 85' lang='grc' dir='ltr'>τεκεῖν</span> <span class='ocrx_word' id='word_1_103' title='bbox 965 1049 984 1102; x_wconf 70' lang='grc'>;</span> <span class='ocrx_word' id='word_1_104' title='bbox 1025 1029 1084 1087; x_wconf 91' lang='grc' dir='ltr'>Ὁ</span> <span class='ocrx_word' id='word_1_105' title='bbox 1172 1032 1273 1105; x_wconf 82' lang='grc' dir='ltr'><strong>γὰρ</strong></span> <span class='ocrx_word' id='word_1_106' title='bbox 1347 1033 1616 1104; x_wconf 74' lang='grc' dir='ltr'><strong>προφήτης</strong></span> <span class='ocrx_word' id='word_1_107' title='bbox 1692 1035 1893 1101; x_wconf 81' lang='grc' dir='ltr'>πρῶτον</span> 
     </span>
    </p>
   </div>
   <div class='ocr_carea' id='block_1_15' title="bbox 1998 1018 3649 1105">
    <p class='ocr_par' dir='ltr' id='par_1_15' title="bbox 2003 1018 3649 1096">
     <span class='ocr_line' id='line_1_15' title="bbox 2003 1018 3649 1096; baseline -0.005 -14"><span class='ocrx_word' id='word_1_108' title='bbox 2003 1025 2249 1082; x_wconf 87' lang='lat' dir='ltr'><strong>habebit</strong></span> <span class='ocrx_word' id='word_1_109' title='bbox 2287 1039 2422 1081; x_wconf 88' lang='lat' dir='ltr'><strong>eam</strong></span> <span class='ocrx_word' id='word_1_110' title='bbox 2453 1039 2589 1096; x_wconf 62' lang='lat' dir='ltr'><strong>quas</strong></span> <span class='ocrx_word' id='word_1_111' title='bbox 2621 1026 2812 1094; x_wconf 88' lang='lat' dir='ltr'><strong>nupta</strong></span> <span class='ocrx_word' id='word_1_112' title='bbox 2865 1021 2958 1087; x_wconf 85' lang='lat' dir='ltr'><strong>sit,</strong></span> <span class='ocrx_word' id='word_1_113' title='bbox 2999 1018 3350 1090; x_wconf 76' lang='lat' dir='ltr'><strong>concepisse</strong></span> <span class='ocrx_word' id='word_1_114' title='bbox 3380 1033 3450 1074; x_wconf 91' lang='lat' dir='ltr'><strong>ac</strong></span> <span class='ocrx_word' id='word_1_115' title='bbox 3491 1032 3649 1089; x_wconf 86' lang='lat' dir='ltr'><strong>pare-</strong></span> 
     </span>
    </p>
   </div>
   <div class='ocr_carea' id='block_1_16' title="bbox 286 1107 1937 1192">
    <p class='ocr_par' dir='ltr' id='par_1_16' title="bbox 286 1112 1898 1192">
     <span class='ocr_line' id='line_1_16' title="bbox 286 1112 1898 1192; baseline -0.003 -21"><span class='ocrx_word' id='word_1_116' title='bbox 286 1113 422 1171; x_wconf 82' lang='grc' dir='ltr'>εἶπεν</span> <span class='ocrx_word' id='word_1_117' title='bbox 462 1138 474 1150; x_wconf 91' lang='grc'><strong>·</strong></span> <span class='ocrx_word' id='word_1_118' title='bbox 507 1113 646 1170; x_wconf 83' lang='grc' dir='ltr'>Ἰδοὺ</span> <span class='ocrx_word' id='word_1_119' title='bbox 723 1114 884 1173; x_wconf 84' lang='grc' dir='ltr'>δώσει</span> <span class='ocrx_word' id='word_1_120' title='bbox 967 1121 1153 1192; x_wconf 80' lang='grc' dir='ltr'>Κύριος</span> <span class='ocrx_word' id='word_1_121' title='bbox 1239 1119 1360 1190; x_wconf 85' lang='grc' dir='ltr'>ὑμῖν</span> <span class='ocrx_word' id='word_1_122' title='bbox 1449 1124 1682 1190; x_wconf 85' lang='grc' dir='ltr'>σημεῖον.</span> <span class='ocrx_word' id='word_1_123' title='bbox 1770 1112 1898 1169; x_wconf 86' lang='grc' dir='ltr'>Εἶτα</span> 
     </span>
    </p>
   </div>
   <div class='ocr_carea' id='block_1_17' title="bbox 2002 1107 3653 1192">
    <p class='ocr_par' dir='ltr' id='par_1_17' title="bbox 2005 1107 3653 1182">
     <span class='ocr_line' id='line_1_17' title="bbox 2005 1107 3653 1182; baseline -0.005 -12"><span class='ocrx_word' id='word_1_124' title='bbox 2005 1113 2116 1170; x_wconf 80' lang='lat' dir='ltr'><strong>re?</strong></span> <span class='ocrx_word' id='word_1_125' title='bbox 2175 1113 2341 1169; x_wconf 88' lang='lat' dir='ltr'><strong>Prius</strong></span> <span class='ocrx_word' id='word_1_126' title='bbox 2395 1111 2556 1168; x_wconf 91' lang='lat' dir='ltr'><strong>enim</strong></span> <span class='ocrx_word' id='word_1_127' title='bbox 2610 1111 2757 1167; x_wconf 79' lang='lat' dir='ltr'><strong>dixit</strong></span> <span class='ocrx_word' id='word_1_128' title='bbox 2811 1109 3135 1182; x_wconf 82' lang='lat' dir='ltr'><strong>propheta:</strong></span> <span class='ocrx_word' id='word_1_129' title='bbox 3201 1107 3379 1164; x_wconf 76' lang='lat' dir='ltr'><strong>Dabit</strong></span> <span class='ocrx_word' id='word_1_130' title='bbox 3459 1107 3653 1162; x_wconf 84' lang='lat' dir='ltr'><strong>Domi-</strong></span> 
     </span>
    </p>
   </div>
   <div class='ocr_carea' id='block_1_18' title="bbox 288 1196 1939 1282">
    <p class='ocr_par' dir='ltr' id='par_1_18' title="bbox 288 1203 1893 1282">
     <span class='ocr_line' id='line_1_18' title="bbox 288 1203 1893 1282; baseline 0.001 -26"><span class='ocrx_word' id='word_1_131' title='bbox 288 1205 550 1276; x_wconf 73' lang='grc' dir='ltr'>ἐπήγαγεν</span> <span class='ocrx_word' id='word_1_132' title='bbox 594 1222 611 1240; x_wconf 79' lang='grc'><strong><em>⁸</em></strong></span> <span class='ocrx_word' id='word_1_133' title='bbox 693 1204 834 1260; x_wconf 80' lang='grc' dir='ltr'>Ἰδοὺ</span> <span class='ocrx_word' id='word_1_134' title='bbox 910 1209 938 1266; x_wconf 81' lang='grc' dir='ltr'>ἡ</span> <span class='ocrx_word' id='word_1_135' title='bbox 1023 1209 1270 1282; x_wconf 76' lang='grc' dir='ltr'>παρθένος</span> <span class='ocrx_word' id='word_1_136' title='bbox 1352 1206 1400 1258; x_wconf 79' lang='grc' dir='ltr'><strong>έν</strong></span> <span class='ocrx_word' id='word_1_137' title='bbox 1483 1209 1678 1278; x_wconf 76' lang='grc' dir='ltr'>γαστρὶ</span> <span class='ocrx_word' id='word_1_138' title='bbox 1772 1203 1893 1267; x_wconf 78' lang='grc' dir='ltr'>ἕξει.</span> 
     </span>
    </p>
   </div>
   <div class='ocr_carea' id='block_1_19' title="bbox 2003 1196 3654 1282">
    <p class='ocr_par' dir='ltr' id='par_1_19' title="bbox 2009 1196 3654 1273">
     <span class='ocr_line' id='line_1_19' title="bbox 2009 1196 3654 1273; baseline -0.006 -12"><span class='ocrx_word' id='word_1_139' title='bbox 2009 1220 2121 1261; x_wconf 86' lang='lat' dir='ltr'><strong>nus</strong></span> <span class='ocrx_word' id='word_1_140' title='bbox 2140 1204 2264 1273; x_wconf 82' lang='lat' dir='ltr'><strong>ispe</strong></span> <span class='ocrx_word' id='word_1_141' title='bbox 2277 1202 2432 1259; x_wconf 80' lang='lat' dir='ltr'><strong>vobis</strong></span> <span class='ocrx_word' id='word_1_142' title='bbox 2452 1203 2688 1271; x_wconf 78' lang='lat' dir='ltr'><strong>signum</strong></span> <span class='ocrx_word' id='word_1_143' title='bbox 2702 1201 2770 1266; x_wconf 70' lang='grc' dir='ltr'>Π,</span> <span class='ocrx_word' id='word_1_144' title='bbox 2790 1198 2997 1255; x_wconf 90' lang='lat' dir='ltr'><strong>deinde</strong></span> <span class='ocrx_word' id='word_1_145' title='bbox 3019 1196 3276 1254; x_wconf 85' lang='lat' dir='ltr'><strong>addidit:</strong></span> <span class='ocrx_word' id='word_1_146' title='bbox 3313 1196 3467 1253; x_wconf 82' lang='lat' dir='ltr'><strong>Ecce</strong></span> <span class='ocrx_word' id='word_1_147' title='bbox 3486 1198 3654 1266; x_wconf 80' lang='lat' dir='ltr'><strong>virgo</strong></span> 
     </span>
    </p>
   </div>
   <div class='ocr_carea' id='block_1_20' title="bbox 289 1285 1940 1370">
    <p class='ocr_par' dir='ltr' id='par_1_20' title="bbox 289 1291 1902 1370">
     <span class='ocr_line' id='line_1_20' title="bbox 289 1291 1902 1370; baseline 0.001 -27"><span class='ocrx_word' id='word_1_148' title='bbox 289 1299 506 1364; x_wconf 79' lang='grc' dir='ltr'>Σημεῖόν</span> <span class='ocrx_word' id='word_1_149' title='bbox 539 1291 600 1347; x_wconf 78' lang='grc' dir='ltr'><strong>δέ</strong></span> <span class='ocrx_word' id='word_1_150' title='bbox 629 1294 760 1361; x_wconf 79' lang='grc' dir='ltr'>ἐστι,</span> <span class='ocrx_word' id='word_1_151' title='bbox 803 1297 862 1348; x_wconf 88' lang='grc' dir='ltr'>τὸ</span> <span class='ocrx_word' id='word_1_152' title='bbox 894 1297 1019 1370; x_wconf 71' lang='grc' dir='ltr'>ὑπὲρ</span> <span class='ocrx_word' id='word_1_153' title='bbox 1062 1300 1155 1356; x_wconf 85' lang='grc' dir='ltr'><strong>τήν</strong></span> <span class='ocrx_word' id='word_1_154' title='bbox 1209 1298 1385 1368; x_wconf 86' lang='grc' dir='ltr'>φύσιν,</span> <span class='ocrx_word' id='word_1_155' title='bbox 1441 1293 1545 1347; x_wconf 73' lang='grc' dir='ltr'>ἀλλ’</span> <span class='ocrx_word' id='word_1_156' title='bbox 1577 1294 1636 1348; x_wconf 86' lang='grc' dir='ltr'><strong>ού</strong></span> <span class='ocrx_word' id='word_1_157' title='bbox 1678 1295 1735 1346; x_wconf 89' lang='grc' dir='ltr'>τὸ</span> <span class='ocrx_word' id='word_1_158' title='bbox 1766 1294 1902 1346; x_wconf 80' lang='grc' dir='ltr'>κατὰ</span> 
     </span>
    </p>
   </div>
   <div class='ocr_carea' id='block_1_21' title="bbox 2004 1285 3655 1370">
    <p class='ocr_par' dir='ltr' id='par_1_21' title="bbox 2010 1285 3655 1363">
     <span class='ocr_line' id='line_1_21' title="bbox 2010 1285 3655 1363; baseline -0.004 -15"><span class='ocrx_word' id='word_1_159' title='bbox 2010 1293 2120 1349; x_wconf 79' lang='lat' dir='ltr'><strong>erit</strong></span> <span class='ocrx_word' id='word_1_160' title='bbox 2146 1291 2483 1363; x_wconf 75' lang='lat' dir='ltr'><strong>gravida&quot;.</strong></span> <span class='ocrx_word' id='word_1_161' title='bbox 2515 1292 2765 1360; x_wconf 81' lang='lat' dir='ltr'><strong>Signum</strong></span> <span class='ocrx_word' id='word_1_162' title='bbox 2793 1292 2993 1345; x_wconf 84' lang='lat' dir='ltr'><strong>autem</strong></span> <span class='ocrx_word' id='word_1_163' title='bbox 3015 1285 3245 1352; x_wconf 86' lang='lat' dir='ltr'><strong>dicitur,</strong></span> <span class='ocrx_word' id='word_1_164' title='bbox 3282 1285 3448 1357; x_wconf 90' lang='lat' dir='ltr'><strong>quod</strong></span> <span class='ocrx_word' id='word_1_165' title='bbox 3474 1300 3655 1356; x_wconf 87' lang='lat' dir='ltr'><strong>supra</strong></span> 
     </span>
    </p>
   </div>
   <div class='ocr_carea' id='block_1_22' title="bbox 293 1375 3105 1452">
    <p class='ocr_par' dir='ltr' id='par_1_22' title="bbox 293 1375 3105 1452">
     <span class='ocr_line' id='line_1_22' title="bbox 293 1375 3105 1452; baseline -0.007 0"><span class='ocrx_word' id='word_1_166' title='bbox 293 1383 474 1452; x_wconf 66' lang='grc' dir='ltr'><strong>φύσιν·</strong></span> <span class='ocrx_word' id='word_1_167' title='bbox 2012 1386 2291 1438; x_wconf 85' lang='lat' dir='ltr'><strong>uaturam</strong></span> <span class='ocrx_word' id='word_1_168' title='bbox 2330 1385 2438 1450; x_wconf 91' lang='lat' dir='ltr'><strong>est,</strong></span> <span class='ocrx_word' id='word_1_169' title='bbox 2470 1394 2593 1435; x_wconf 89' lang='lat' dir='ltr'><strong>non</strong></span> <span class='ocrx_word' id='word_1_170' title='bbox 2622 1377 2781 1449; x_wconf 83' lang='lat' dir='ltr'><strong>quod</strong></span> <span class='ocrx_word' id='word_1_171' title='bbox 2812 1375 3105 1433; x_wconf 87' lang='lat' dir='ltr'><strong>naturale.</strong></span> 
     </span>
    </p>
   </div>
   <div class='ocr_carea' id='block_1_23' title="bbox 365 1463 2016 1540">
    <p class='ocr_par' dir='ltr' id='par_1_23' title="bbox 365 1467 1900 1540">
     <span class='ocr_line' id='line_1_23' title="bbox 365 1467 1900 1540; baseline 0 -18"><span class='ocrx_word' id='word_1_172' title='bbox 365 1472 467 1522; x_wconf 82' lang='lat' dir='ltr'><strong>Kal</strong></span> <span class='ocrx_word' id='word_1_173' title='bbox 533 1467 729 1530; x_wconf 78' lang='grc' dir='ltr'>τέξεται</span> <span class='ocrx_word' id='word_1_174' title='bbox 786 1496 854 1508; x_wconf 91' lang='grc'><strong>--</strong></span> <span class='ocrx_word' id='word_1_175' title='bbox 909 1469 1020 1540; x_wconf 82' lang='grc' dir='ltr'>μεθ’</span> <span class='ocrx_word' id='word_1_176' title='bbox 1079 1469 1224 1540; x_wconf 82' lang='grc' dir='ltr'>ἡμων</span> <span class='ocrx_word' id='word_1_177' title='bbox 1279 1468 1304 1519; x_wconf 97' lang='lat'><strong>6</strong></span> <span class='ocrx_word' id='word_1_178' title='bbox 1360 1472 1509 1528; x_wconf 81' lang='grc' dir='ltr'>Θεός,</span> <span class='ocrx_word' id='word_1_179' title='bbox 1580 1468 1900 1540; x_wconf 77' lang='grc' dir='ltr'>Καλέσουσι,</span> 
     </span>
    </p>
   </div>
   <div class='ocr_carea' id='block_1_24' title="bbox 1999 1463 3650 1540">
    <p class='ocr_par' dir='ltr' id='par_1_24' title="bbox 2086 1463 3650 1538">
     <span class='ocr_line' id='line_1_24' title="bbox 2086 1463 3650 1538; baseline -0.005 -12"><span class='ocrx_word' id='word_1_180' title='bbox 2086 1471 2252 1526; x_wconf 87' lang='lat' dir='ltr'><strong>Vers.</strong></span> <span class='ocrx_word' id='word_1_181' title='bbox 2279 1469 2364 1523; x_wconf 78' lang='lat'><strong>23.</strong></span> <span class='ocrx_word' id='word_1_182' title='bbox 2395 1469 2472 1524; x_wconf 73' lang='lat' dir='ltr'><strong>Et</strong></span> <span class='ocrx_word' id='word_1_183' title='bbox 2484 1469 2679 1538; x_wconf 78' lang='lat' dir='ltr'><strong>pariet</strong></span> <span class='ocrx_word' id='word_1_184' title='bbox 2698 1498 2762 1506; x_wconf 95' lang='lat'>—</span> <span class='ocrx_word' id='word_1_185' title='bbox 2785 1466 3081 1522; x_wconf 79' lang='lat' dir='ltr'><strong>nobiscum</strong></span> <span class='ocrx_word' id='word_1_186' title='bbox 3103 1465 3264 1520; x_wconf 78' lang='lat' dir='ltr'><strong>Deus.</strong></span> <span class='ocrx_word' id='word_1_187' title='bbox 3305 1463 3650 1520; x_wconf 87' lang='lat' dir='ltr'><strong>Vocabunt:</strong></span> 
     </span>
    </p>
   </div>
   <div class='ocr_carea' id='block_1_25' title="bbox 292 1551 1943 1633">
    <p class='ocr_par' dir='ltr' id='par_1_25' title="bbox 292 1552 1906 1625">
     <span class='ocr_line' id='line_1_25' title="bbox 292 1552 1906 1625; baseline 0.003 -16"><span class='ocrx_word' id='word_1_188' title='bbox 292 1561 426 1618; x_wconf 83' lang='grc' dir='ltr'>τίνες</span> <span class='ocrx_word' id='word_1_189' title='bbox 476 1574 490 1625; x_wconf 86' lang='grc'>;</span> <span class='ocrx_word' id='word_1_190' title='bbox 539 1553 693 1608; x_wconf 87' lang='grc' dir='ltr'>Ὀσοι</span> <span class='ocrx_word' id='word_1_191' title='bbox 751 1552 957 1614; x_wconf 79' lang='grc' dir='ltr'>δηλαδὴ</span> <span class='ocrx_word' id='word_1_192' title='bbox 1013 1559 1388 1610; x_wconf 89' lang='grc' dir='ltr'>πιστεύσουσιν</span> <span class='ocrx_word' id='word_1_193' title='bbox 1445 1557 1512 1618; x_wconf 84' lang='grc' dir='ltr'><strong>εἰς</strong></span> <span class='ocrx_word' id='word_1_194' title='bbox 1567 1557 1741 1614; x_wconf 76' lang='grc' dir='ltr'>αὐτόν.</span> <span class='ocrx_word' id='word_1_195' title='bbox 1804 1556 1906 1614; x_wconf 71' lang='grc' dir='ltr'><strong>Καὶ</strong></span> 
     </span>
    </p>
   </div>
   <div class='ocr_carea' id='block_1_26' title="bbox 2004 1551 3655 1633">
    <p class='ocr_par' dir='ltr' id='par_1_26' title="bbox 2013 1551 3655 1633">
     <span class='ocr_line' id='line_1_26' title="bbox 2013 1551 3655 1633; baseline -0.005 -17"><span class='ocrx_word' id='word_1_196' title='bbox 2013 1559 2266 1633; x_wconf 90' lang='lat' dir='ltr'><strong>quinam</strong></span> <span class='ocrx_word' id='word_1_197' title='bbox 2290 1557 2319 1613; x_wconf 70' lang='lat'><strong><em>7</em></strong></span> <span class='ocrx_word' id='word_1_198' title='bbox 2344 1558 2687 1628; x_wconf 86' lang='lat' dir='ltr'><strong>Quicunque</strong></span> <span class='ocrx_word' id='word_1_199' title='bbox 2717 1555 2935 1611; x_wconf 87' lang='lat' dir='ltr'><strong>scilicet</strong></span> <span class='ocrx_word' id='word_1_200' title='bbox 2960 1553 3018 1610; x_wconf 93' lang='lat' dir='ltr'><strong>in</strong></span> <span class='ocrx_word' id='word_1_201' title='bbox 3048 1554 3246 1625; x_wconf 87' lang='lat' dir='ltr'><strong>ipsum</strong></span> <span class='ocrx_word' id='word_1_202' title='bbox 3276 1551 3655 1609; x_wconf 89' lang='lat' dir='ltr'><strong>crediderint.</strong></span> 
     </span>
    </p>
   </div>
   <div class='ocr_carea' id='block_1_27' title="bbox 294 1640 1945 1721">
    <p class='ocr_par' dir='ltr' id='par_1_27' title="bbox 294 1640 1905 1721">
     <span class='ocr_line' id='line_1_27' title="bbox 294 1640 1905 1721; baseline 0.005 -26"><span class='ocrx_word' id='word_1_203' title='bbox 294 1648 400 1716; x_wconf 80' lang='grc' dir='ltr'>μὴν</span> <span class='ocrx_word' id='word_1_204' title='bbox 459 1640 636 1704; x_wconf 75' lang='grc' dir='ltr'>οὐδεὶς</span> <span class='ocrx_word' id='word_1_205' title='bbox 692 1644 846 1697; x_wconf 79' lang='grc' dir='ltr'>αὐτὸν</span> <span class='ocrx_word' id='word_1_206' title='bbox 893 1645 1225 1718; x_wconf 73' lang='grc' dir='ltr'>Ἐμμανουήλ</span> <span class='ocrx_word' id='word_1_207' title='bbox 1277 1645 1561 1719; x_wconf 79' lang='grc' dir='ltr'>ὠνόμασεν.</span> <span class='ocrx_word' id='word_1_208' title='bbox 1621 1645 1905 1721; x_wconf 82' lang='grc' dir='ltr'>Ὀνομαστὶ</span> 
     </span>
    </p>
   </div>
   <div class='ocr_carea' id='block_1_28' title="bbox 2006 1640 3657 1721">
    <p class='ocr_par' dir='ltr' id='par_1_28' title="bbox 2013 1642 3657 1721">
     <span class='ocr_line' id='line_1_28' title="bbox 2013 1642 3657 1721; baseline -0.004 -17"><span class='ocrx_word' id='word_1_209' title='bbox 2013 1648 2188 1721; x_wconf 81' lang='lat' dir='ltr'><strong>Atqui</strong></span> <span class='ocrx_word' id='word_1_210' title='bbox 2205 1646 2403 1703; x_wconf 90' lang='lat' dir='ltr'><strong>nullus</strong></span> <span class='ocrx_word' id='word_1_211' title='bbox 2421 1647 2620 1719; x_wconf 88' lang='lat' dir='ltr'><strong>ipsum</strong></span> <span class='ocrx_word' id='word_1_212' title='bbox 2649 1643 3002 1701; x_wconf 88' lang='lat' dir='ltr'><strong>Emmanuel</strong></span> <span class='ocrx_word' id='word_1_213' title='bbox 3027 1642 3380 1699; x_wconf 82' lang='lat' dir='ltr'><strong>nominavit.</strong></span> <span class='ocrx_word' id='word_1_214' title='bbox 3411 1642 3657 1698; x_wconf 85' lang='lat' dir='ltr'><strong>Nomine</strong></span> 
     </span>
    </p>
   </div>
   <div class='ocr_carea' id='block_1_29' title="bbox 295 1728 1946 1810">
    <p class='ocr_par' dir='ltr' id='par_1_29' title="bbox 295 1728 1905 1810">
     <span class='ocr_line' id='line_1_29' title="bbox 295 1728 1905 1810; baseline 0.004 -26"><span class='ocrx_word' id='word_1_215' title='bbox 295 1734 408 1802; x_wconf 74' lang='grc' dir='ltr'>μεν,</span> <span class='ocrx_word' id='word_1_216' title='bbox 463 1728 641 1794; x_wconf 86' lang='grc' dir='ltr'>ούδείς</span> <span class='ocrx_word' id='word_1_217' title='bbox 672 1747 686 1762; x_wconf 84' lang='grc'><strong>⁹</strong></span> <span class='ocrx_word' id='word_1_218' title='bbox 718 1742 1092 1809; x_wconf 78' lang='grc' dir='ltr'>πραγματικῶς</span> <span class='ocrx_word' id='word_1_219' title='bbox 1136 1731 1216 1801; x_wconf 65' lang='grc' dir='ltr'>δὲ,</span> <span class='ocrx_word' id='word_1_220' title='bbox 1282 1736 1487 1795; x_wconf 88' lang='grc' dir='ltr'>πάντες.</span> <span class='ocrx_word' id='word_1_221' title='bbox 1545 1737 1610 1788; x_wconf 85' lang='grc' dir='ltr'><strong>Οἱ</strong></span> <span class='ocrx_word' id='word_1_222' title='bbox 1655 1740 1757 1810; x_wconf 81' lang='grc' dir='ltr'><strong>γὰρ</strong></span> <span class='ocrx_word' id='word_1_223' title='bbox 1811 1759 1905 1791; x_wconf 88' lang='grc' dir='ltr'>πι-</span> 
     </span>
    </p>
   </div>
   <div class='ocr_carea' id='block_1_30' title="bbox 2009 1728 3660 1810">
    <p class='ocr_par' dir='ltr' id='par_1_30' title="bbox 2015 1730 3660 1810">
     <span class='ocr_line' id='line_1_30' title="bbox 2015 1730 3660 1810; baseline -0.005 -17"><span class='ocrx_word' id='word_1_224' title='bbox 2015 1736 2262 1810; x_wconf 88' lang='lat' dir='ltr'><strong>quidem</strong></span> <span class='ocrx_word' id='word_1_225' title='bbox 2293 1736 2511 1801; x_wconf 87' lang='lat' dir='ltr'><strong>nullus,</strong></span> <span class='ocrx_word' id='word_1_226' title='bbox 2548 1750 2610 1790; x_wconf 91' lang='lat' dir='ltr'><strong>re</strong></span> <span class='ocrx_word' id='word_1_227' title='bbox 2641 1738 2837 1791; x_wconf 89' lang='lat' dir='ltr'><strong>autem</strong></span> <span class='ocrx_word' id='word_1_228' title='bbox 2867 1747 3102 1788; x_wconf 85' lang='lat' dir='ltr'><strong>omnes.</strong></span> <span class='ocrx_word' id='word_1_229' title='bbox 3159 1731 3310 1797; x_wconf 84' lang='lat' dir='ltr'><strong>Quia</strong></span> <span class='ocrx_word' id='word_1_230' title='bbox 3355 1730 3512 1786; x_wconf 89' lang='lat' dir='ltr'><strong>enim</strong></span> <span class='ocrx_word' id='word_1_231' title='bbox 3540 1745 3660 1786; x_wconf 84' lang='lat' dir='ltr'><strong>cre-</strong></span> 
     </span>
    </p>
   </div>
   <div class='ocr_carea' id='block_1_31' title="bbox 302 1818 1953 1904">
    <p class='ocr_par' dir='ltr' id='par_1_31' title="bbox 302 1818 1953 1903">
     <span class='ocr_line' id='line_1_31' title="bbox 302 1818 1953 1903; baseline 0.003 -29"><span class='ocrx_word' id='word_1_232' title='bbox 302 1824 580 1891; x_wconf 81' lang='grc' dir='ltr'>στεύοντες,</span> <span class='ocrx_word' id='word_1_233' title='bbox 659 1822 740 1874; x_wconf 86' lang='grc' dir='ltr'>ὅτι</span> <span class='ocrx_word' id='word_1_234' title='bbox 787 1823 812 1874; x_wconf 92' lang='lat'><strong>6</strong></span> <span class='ocrx_word' id='word_1_235' title='bbox 864 1818 1220 1895; x_wconf 85' lang='grc' dir='ltr'>διαλεγόμενος</span> <span class='ocrx_word' id='word_1_236' title='bbox 1297 1823 1496 1890; x_wconf 75' lang='grc' dir='ltr'>αὐτοῖς,</span> <span class='ocrx_word' id='word_1_237' title='bbox 1573 1825 1724 1888; x_wconf 81' lang='grc' dir='ltr'>οὗτός</span> <span class='ocrx_word' id='word_1_238' title='bbox 1793 1825 1953 1903; x_wconf 73' lang='grc' dir='ltr'>ἔστι]</span> 
     </span>
    </p>
   </div>
   <div class='ocr_carea' id='block_1_32' title="bbox 2011 1818 3662 1904">
    <p class='ocr_par' dir='ltr' id='par_1_32' title="bbox 2017 1818 3662 1894">
     <span class='ocr_line' id='line_1_32' title="bbox 2017 1818 3662 1894; baseline -0.005 -12"><span class='ocrx_word' id='word_1_239' title='bbox 2017 1827 2242 1893; x_wconf 87' lang='lat' dir='ltr'><strong>dentes,</strong></span> <span class='ocrx_word' id='word_1_240' title='bbox 2264 1841 2401 1880; x_wconf 91' lang='lat' dir='ltr'><strong>cum</strong></span> <span class='ocrx_word' id='word_1_241' title='bbox 2427 1824 2518 1880; x_wconf 88' lang='lat' dir='ltr'><strong>hic</strong></span> <span class='ocrx_word' id='word_1_242' title='bbox 2548 1821 3042 1894; x_wconf 88' lang='lat' dir='ltr'><strong>comprobaretur</strong></span> <span class='ocrx_word' id='word_1_243' title='bbox 3062 1835 3194 1876; x_wconf 92' lang='lat' dir='ltr'><strong>esse</strong></span> <span class='ocrx_word' id='word_1_244' title='bbox 3219 1818 3396 1890; x_wconf 89' lang='lat' dir='ltr'><strong>Deus,</strong></span> <span class='ocrx_word' id='word_1_245' title='bbox 3425 1818 3504 1874; x_wconf 83' lang='lat' dir='ltr'><strong>ita</strong></span> <span class='ocrx_word' id='word_1_246' title='bbox 3536 1833 3662 1874; x_wconf 87' lang='lat' dir='ltr'><strong>esse</strong></span> 
     </span>
    </p>
   </div>
   <div class='ocr_carea' id='block_1_33' title="bbox 300 1907 1951 1986">
    <p class='ocr_par' dir='ltr' id='par_1_33' title="bbox 300 1908 1906 1986">
     <span class='ocr_line' id='line_1_33' title="bbox 300 1908 1906 1986; baseline 0.003 -23"><span class='ocrx_word' id='word_1_247' title='bbox 300 1913 444 1981; x_wconf 83' lang='grc' dir='ltr'>Θεὸς,</span> <span class='ocrx_word' id='word_1_248' title='bbox 509 1908 594 1982; x_wconf 82' lang='grc' dir='ltr'><strong>ἀφ’</strong></span> <span class='ocrx_word' id='word_1_249' title='bbox 650 1910 718 1960; x_wconf 86' lang='grc' dir='ltr'>ὧν</span> <span class='ocrx_word' id='word_1_250' title='bbox 770 1910 935 1972; x_wconf 82' lang='grc' dir='ltr'>οὕτως</span> <span class='ocrx_word' id='word_1_251' title='bbox 1003 1910 1296 1981; x_wconf 76' lang='grc' dir='ltr'>ἐπίστευον,</span> <span class='ocrx_word' id='word_1_252' title='bbox 1351 1912 1767 1986; x_wconf 71' lang='grc' dir='ltr'>συνωμολόγουν,</span> <span class='ocrx_word' id='word_1_253' title='bbox 1827 1917 1906 1968; x_wconf 86' lang='grc' dir='ltr'>ὅτι</span> 
     </span>
    </p>
   </div>
   <div class='ocr_carea' id='block_1_34' title="bbox 2014 1907 3665 1986">
    <p class='ocr_par' dir='ltr' id='par_1_34' title="bbox 2017 1907 3665 1982">
     <span class='ocr_line' id='line_1_34' title="bbox 2017 1907 3665 1982; baseline -0.006 -11"><span class='ocrx_word' id='word_1_254' title='bbox 2017 1913 2376 1972; x_wconf 85' lang='lat' dir='ltr'><strong>credebant:</strong></span> <span class='ocrx_word' id='word_1_255' title='bbox 2443 1910 2882 1969; x_wconf 85' lang='lat' dir='ltr'><strong>confitebantur</strong></span> <span class='ocrx_word' id='word_1_256' title='bbox 2928 1908 3094 1982; x_wconf 92' lang='lat' dir='ltr'><strong>quod</strong></span> <span class='ocrx_word' id='word_1_257' title='bbox 3156 1912 3315 1964; x_wconf 87' lang='lat' dir='ltr'><strong>esset</strong></span> <span class='ocrx_word' id='word_1_258' title='bbox 3379 1907 3665 1963; x_wconf 75' lang='lat' dir='ltr'><strong>nobiscum</strong></span> 
     </span>
    </p>
   </div>
   <div class='ocr_carea' id='block_1_35' title="bbox 300 1995 1951 2076">
    <p class='ocr_par' dir='ltr' id='par_1_35' title="bbox 300 1996 1904 2076">
     <span class='ocr_line' id='line_1_35' title="bbox 300 1996 1904 2076; baseline 0.005 -24"><span class='ocrx_word' id='word_1_259' title='bbox 300 1996 425 2052; x_wconf 84' lang='grc' dir='ltr'>Μεθ’</span> <span class='ocrx_word' id='word_1_260' title='bbox 479 2000 625 2071; x_wconf 79' lang='grc' dir='ltr'>ἡμῶν</span> <span class='ocrx_word' id='word_1_261' title='bbox 674 1999 699 2050; x_wconf 92' lang='grc' dir='ltr'><strong>ό</strong></span> <span class='ocrx_word' id='word_1_262' title='bbox 768 2003 916 2068; x_wconf 84' lang='grc' dir='ltr'>Θεὸς,</span> <span class='ocrx_word' id='word_1_263' title='bbox 971 2001 1136 2050; x_wconf 87' lang='grc' dir='ltr'>εἶτουν</span> <span class='ocrx_word' id='word_1_264' title='bbox 1213 2006 1682 2075; x_wconf 87' lang='grc' dir='ltr'>συναναστρέφεται</span> <span class='ocrx_word' id='word_1_265' title='bbox 1758 2005 1904 2076; x_wconf 76' lang='grc' dir='ltr'>ἡμῖν,</span> 
     </span>
    </p>
   </div>
   <div class='ocr_carea' id='block_1_36' title="bbox 2009 1995 3660 2076">
    <p class='ocr_par' dir='ltr' id='par_1_36' title="bbox 2015 1995 3660 2072">
     <span class='ocr_line' id='line_1_36' title="bbox 2015 1995 3660 2072; baseline -0.005 -12"><span class='ocrx_word' id='word_1_266' title='bbox 2015 2001 2424 2060; x_wconf 82' lang='lat' dir='ltr'><strong>Deus.Etenim</strong></span> <span class='ocrx_word' id='word_1_267' title='bbox 2440 2000 2759 2057; x_wconf 91' lang='lat' dir='ltr'><strong>nobiscum</strong></span> <span class='ocrx_word' id='word_1_268' title='bbox 2776 1999 2949 2072; x_wconf 89' lang='lat' dir='ltr'><strong>quasi</strong></span> <span class='ocrx_word' id='word_1_269' title='bbox 2968 1999 3151 2056; x_wconf 88' lang='lat' dir='ltr'><strong>homo</strong></span> <span class='ocrx_word' id='word_1_270' title='bbox 3170 1995 3660 2053; x_wconf 87' lang='lat' dir='ltr'><strong>conversabatur:</strong></span> 
     </span>
    </p>
   </div>
   <div class='ocr_carea' id='block_1_37' title="bbox 303 2082 1954 2163">
    <p class='ocr_par' dir='ltr' id='par_1_37' title="bbox 303 2082 1908 2163">
     <span class='ocr_line' id='line_1_37' title="bbox 303 2082 1908 2163; baseline 0.004 -25"><span class='ocrx_word' id='word_1_271' title='bbox 303 2088 368 2148; x_wconf 83' lang='grc' dir='ltr'>ὡς</span> <span class='ocrx_word' id='word_1_272' title='bbox 417 2087 708 2159; x_wconf 82' lang='grc' dir='ltr'>ἄνθρωπος·</span> <span class='ocrx_word' id='word_1_273' title='bbox 771 2093 937 2140; x_wconf 86' lang='grc' dir='ltr'>Τοῦτο</span> <span class='ocrx_word' id='word_1_274' title='bbox 986 2082 1045 2138; x_wconf 76' lang='grc' dir='ltr'>δ⁴ε</span> <span class='ocrx_word' id='word_1_275' title='bbox 1090 2084 1203 2139; x_wconf 71' lang='grc' dir='ltr'>ἔστι</span> <span class='ocrx_word' id='word_1_276' title='bbox 1247 2091 1305 2141; x_wconf 90' lang='grc' dir='ltr'>τὸ</span> <span class='ocrx_word' id='word_1_277' title='bbox 1355 2088 1707 2163; x_wconf 83' lang='grc' dir='ltr'>Ἐμμανουήλ.</span> <span class='ocrx_word' id='word_1_278' title='bbox 1760 2095 1908 2154; x_wconf 87' lang='grc' dir='ltr'>Ἐθος</span> 
     </span>
    </p>
   </div>
   <div class='ocr_carea' id='block_1_38' title="bbox 2014 2082 3665 2163">
    <p class='ocr_par' dir='ltr' id='par_1_38' title="bbox 2015 2085 3665 2158">
     <span class='ocr_line' id='line_1_38' title="bbox 2015 2085 3665 2158; baseline -0.005 -8"><span class='ocrx_word' id='word_1_279' title='bbox 2015 2092 2132 2150; x_wconf 89' lang='lat' dir='ltr'><strong>hoc</strong></span> <span class='ocrx_word' id='word_1_280' title='bbox 2158 2095 2357 2148; x_wconf 87' lang='lat' dir='ltr'><strong>autem</strong></span> <span class='ocrx_word' id='word_1_281' title='bbox 2398 2094 2505 2155; x_wconf 90' lang='lat' dir='ltr'><strong>est,</strong></span> <span class='ocrx_word' id='word_1_282' title='bbox 2536 2088 2905 2146; x_wconf 86' lang='lat' dir='ltr'><strong>Emmanuel.</strong></span> <span class='ocrx_word' id='word_1_283' title='bbox 2935 2090 3082 2144; x_wconf 82' lang='lat' dir='ltr'><strong>Nam</strong></span> <span class='ocrx_word' id='word_1_284' title='bbox 3108 2086 3258 2144; x_wconf 87' lang='lat' dir='ltr'><strong>alias</strong></span> <span class='ocrx_word' id='word_1_285' title='bbox 3297 2101 3532 2158; x_wconf 90' lang='lat' dir='ltr'><strong>quoque</strong></span> <span class='ocrx_word' id='word_1_286' title='bbox 3570 2085 3665 2142; x_wconf 87' lang='lat' dir='ltr'><strong>hic</strong></span> 
     </span>
    </p>
   </div>
   <div class='ocr_carea' id='block_1_39' title="bbox 305 2171 1956 2252">
    <p class='ocr_par' dir='ltr' id='par_1_39' title="bbox 305 2171 1908 2250">
     <span class='ocr_line' id='line_1_39' title="bbox 305 2171 1908 2250; baseline 0.004 -22"><span class='ocrx_word' id='word_1_287' title='bbox 305 2171 384 2242; x_wconf 69' lang='grc' dir='ltr'>δὲ,</span> <span class='ocrx_word' id='word_1_288' title='bbox 444 2179 535 2227; x_wconf 79' lang='grc' dir='ltr'>καὶ</span> <span class='ocrx_word' id='word_1_289' title='bbox 598 2174 783 2248; x_wconf 87' lang='grc' dir='ltr'>έτέρως</span> <span class='ocrx_word' id='word_1_290' title='bbox 846 2173 1090 2235; x_wconf 76' lang='grc' dir='ltr'>πολλάκις</span> <span class='ocrx_word' id='word_1_291' title='bbox 1162 2182 1271 2238; x_wconf 88' lang='grc' dir='ltr'>τοῖς</span> <span class='ocrx_word' id='word_1_292' title='bbox 1342 2184 1635 2250; x_wconf 76' lang='grc' dir='ltr'>προφήταις</span> <span class='ocrx_word' id='word_1_293' title='bbox 1703 2179 1908 2242; x_wconf 77' lang='grc' dir='ltr'>κλήσεις</span> 
     </span>
    </p>
   </div>
   <div class='ocr_carea' id='block_1_40' title="bbox 2015 2171 3666 2252">
    <p class='ocr_par' dir='ltr' id='par_1_40' title="bbox 2018 2174 3666 2252">
     <span class='ocr_line' id='line_1_40' title="bbox 2018 2174 3666 2252; baseline -0.005 -15"><span class='ocrx_word' id='word_1_294' title='bbox 2018 2185 2107 2237; x_wconf 90' lang='lat' dir='ltr'><strong>est</strong></span> <span class='ocrx_word' id='word_1_295' title='bbox 2143 2178 2450 2252; x_wconf 88' lang='lat' dir='ltr'><strong>prophetis</strong></span> <span class='ocrx_word' id='word_1_296' title='bbox 2489 2193 2638 2244; x_wconf 88' lang='lat' dir='ltr'><strong>mos,</strong></span> <span class='ocrx_word' id='word_1_297' title='bbox 2689 2177 3026 2234; x_wconf 87' lang='lat' dir='ltr'><strong>vocationes</strong></span> <span class='ocrx_word' id='word_1_298' title='bbox 3077 2174 3379 2248; x_wconf 87' lang='lat' dir='ltr'><strong>appellare</strong></span> <span class='ocrx_word' id='word_1_299' title='bbox 3433 2174 3666 2231; x_wconf 81' lang='lat' dir='ltr'><strong>futuras</strong></span> 
     </span>
    </p>
   </div>
   <div class='ocr_carea' id='block_1_41' title="bbox 307 2261 1958 2344">
    <p class='ocr_par' dir='ltr' id='par_1_41' title="bbox 307 2261 1907 2344">
     <span class='ocr_line' id='line_1_41' title="bbox 307 2261 1907 2344; baseline 0.004 -29"><span class='ocrx_word' id='word_1_300' title='bbox 307 2262 596 2334; x_wconf 75' lang='grc' dir='ltr'>ὀνομάζειν,</span> <span class='ocrx_word' id='word_1_301' title='bbox 673 2265 767 2326; x_wconf 85' lang='grc' dir='ltr'><strong>τὰς</strong></span> <span class='ocrx_word' id='word_1_302' title='bbox 838 2261 1236 2336; x_wconf 82' lang='grc' dir='ltr'>ἁποϐησομένας</span> <span class='ocrx_word' id='word_1_303' title='bbox 1308 2266 1542 2339; x_wconf 82' lang='grc' dir='ltr'>πράξεις.</span> <span class='ocrx_word' id='word_1_304' title='bbox 1629 2273 1728 2321; x_wconf 81' lang='lat' dir='ltr'><strong>Kal</strong></span> <span class='ocrx_word' id='word_1_305' title='bbox 1806 2272 1907 2344; x_wconf 84' lang='grc' dir='ltr'>γὰρ</span> 
     </span>
    </p>
   </div>
   <div class='ocr_carea' id='block_1_42' title="bbox 2018 2261 3669 2344">
    <p class='ocr_par' dir='ltr' id='par_1_42' title="bbox 2019 2263 3669 2341">
     <span class='ocr_line' id='line_1_42' title="bbox 2019 2263 3669 2341; baseline -0.005 -14"><span class='ocrx_word' id='word_1_306' title='bbox 2019 2270 2297 2327; x_wconf 86' lang='lat' dir='ltr'><strong>actiones.</strong></span> <span class='ocrx_word' id='word_1_307' title='bbox 2325 2268 2626 2341; x_wconf 88' lang='lat' dir='ltr'><strong>Siquidem</strong></span> <span class='ocrx_word' id='word_1_308' title='bbox 2655 2282 2904 2340; x_wconf 89' lang='lat' dir='ltr'><strong>puerum</strong></span> <span class='ocrx_word' id='word_1_309' title='bbox 2927 2266 3089 2322; x_wconf 91' lang='lat' dir='ltr'><strong>hunc</strong></span> <span class='ocrx_word' id='word_1_310' title='bbox 3115 2265 3262 2320; x_wconf 92' lang='lat' dir='ltr'><strong>inter</strong></span> <span class='ocrx_word' id='word_1_311' title='bbox 3282 2263 3400 2320; x_wconf 87' lang='lat' dir='ltr'><strong>alia</strong></span> <span class='ocrx_word' id='word_1_312' title='bbox 3420 2264 3669 2320; x_wconf 74' lang='lat' dir='ltr'><strong>nomine</strong></span> 
     </span>
    </p>
   </div>
   <div class='ocr_carea' id='block_1_43' title="bbox 306 2348 1957 2432">
    <p class='ocr_par' dir='ltr' id='par_1_43' title="bbox 306 2348 1911 2432">
     <span class='ocr_line' id='line_1_43' title="bbox 306 2348 1911 2432; baseline 0.006 -30"><span class='ocrx_word' id='word_1_313' title='bbox 306 2355 454 2404; x_wconf 85' lang='grc' dir='ltr'>τουτὶ</span> <span class='ocrx_word' id='word_1_314' title='bbox 497 2354 556 2404; x_wconf 86' lang='grc' dir='ltr'>τὸ</span> <span class='ocrx_word' id='word_1_315' title='bbox 603 2348 815 2404; x_wconf 80' lang='grc' dir='ltr'>παιδίον</span> <span class='ocrx_word' id='word_1_316' title='bbox 859 2351 906 2404; x_wconf 78' lang='grc' dir='ltr'><strong>έν</strong></span> <span class='ocrx_word' id='word_1_317' title='bbox 951 2351 1117 2414; x_wconf 75' lang='grc' dir='ltr'>ἄλλοις</span> <span class='ocrx_word' id='word_1_318' title='bbox 1170 2354 1196 2405; x_wconf 92' lang='lat'><strong>6</strong></span> <span class='ocrx_word' id='word_1_319' title='bbox 1247 2359 1518 2426; x_wconf 77' lang='grc' dir='ltr'>προφήτης</span> <span class='ocrx_word' id='word_1_320' title='bbox 1584 2354 1911 2432; x_wconf 69' lang='grc' dir='ltr'>ἐπιτρέπεται</span> 
     </span>
    </p>
   </div>
   <div class='ocr_carea' id='block_1_44' title="bbox 2018 2348 3669 2432">
    <p class='ocr_par' dir='ltr' id='par_1_44' title="bbox 2020 2351 3669 2431">
     <span class='ocr_line' id='line_1_44' title="bbox 2020 2351 3669 2431; baseline -0.004 -17"><span class='ocrx_word' id='word_1_321' title='bbox 2020 2357 2328 2431; x_wconf 64' lang='lat' dir='ltr'><strong>propheta</strong></span> <span class='ocrx_word' id='word_1_322' title='bbox 2358 2357 2632 2430; x_wconf 56' lang='lat' dir='ltr'><strong>praecepit</strong></span> <span class='ocrx_word' id='word_1_323' title='bbox 2676 2359 2851 2423; x_wconf 89' lang='lat' dir='ltr'><strong>Deus,</strong></span> <span class='ocrx_word' id='word_1_324' title='bbox 2883 2360 2944 2412; x_wconf 94' lang='lat' dir='ltr'><strong>ut</strong></span> <span class='ocrx_word' id='word_1_325' title='bbox 2968 2358 3131 2410; x_wconf 90' lang='lat' dir='ltr'><strong>vocet</strong></span> <span class='ocrx_word' id='word_1_326' title='bbox 3161 2370 3172 2408; x_wconf 91' lang='lat'>:</span> <span class='ocrx_word' id='word_1_327' title='bbox 3213 2353 3338 2408; x_wconf 84' lang='lat' dir='ltr'><strong>Cito</strong></span> <span class='ocrx_word' id='word_1_328' title='bbox 3380 2351 3669 2423; x_wconf 65' lang='lat' dir='ltr'><strong>pradabi—</strong></span> 
     </span>
    </p>
   </div>
   <div class='ocr_carea' id='block_1_45' title="bbox 305 2438 1956 2520">
    <p class='ocr_par' dir='ltr' id='par_1_45' title="bbox 305 2438 1913 2520">
     <span class='ocr_line' id='line_1_45' title="bbox 305 2438 1913 2520; baseline 0.006 -28"><span class='ocrx_word' id='word_1_329' title='bbox 305 2438 544 2510; x_wconf 84' lang='grc' dir='ltr'>καλέσαι,</span> <span class='ocrx_word' id='word_1_330' title='bbox 642 2444 860 2513; x_wconf 81' lang='grc' dir='ltr'><strong>Ταχέως</strong></span> <span class='ocrx_word' id='word_1_331' title='bbox 955 2440 1258 2510; x_wconf 87' lang='grc' dir='ltr'>σκύλευσον,</span> <span class='ocrx_word' id='word_1_332' title='bbox 1363 2442 1550 2507; x_wconf 84' lang='grc' dir='ltr'>Ὀξέως</span> <span class='ocrx_word' id='word_1_333' title='bbox 1635 2450 1913 2520; x_wconf 87' lang='grc' dir='ltr'>προνόμευ-</span> 
     </span>
    </p>
   </div>
   <div class='ocr_carea' id='block_1_46' title="bbox 2020 2438 3671 2520">
    <p class='ocr_par' dir='ltr' id='par_1_46' title="bbox 2026 2440 3671 2518">
     <span class='ocr_line' id='line_1_46' title="bbox 2026 2440 3671 2518; baseline -0.004 -16"><span class='ocrx_word' id='word_1_334' title='bbox 2026 2445 2300 2514; x_wconf 75' lang='grc' dir='ltr'>ιιιν,Οἰιο</span> <span class='ocrx_word' id='word_1_335' title='bbox 2325 2445 2588 2518; x_wconf 73' lang='lat' dir='ltr'><strong>spoliabit</strong></span> <span class='ocrx_word' id='word_1_336' title='bbox 2620 2446 2702 2500; x_wconf 78' lang='lat' dir='ltr'><strong>“z</strong></span> <span class='ocrx_word' id='word_1_337' title='bbox 2760 2459 2883 2501; x_wconf 92' lang='lat' dir='ltr'><strong>non</strong></span> <span class='ocrx_word' id='word_1_338' title='bbox 2931 2442 3097 2516; x_wconf 87' lang='lat' dir='ltr'><strong>quod</strong></span> <span class='ocrx_word' id='word_1_339' title='bbox 3149 2441 3388 2498; x_wconf 90' lang='lat' dir='ltr'><strong>nomine</strong></span> <span class='ocrx_word' id='word_1_340' title='bbox 3444 2440 3526 2498; x_wconf 88' lang='lat' dir='ltr'><strong>ita</strong></span> <span class='ocrx_word' id='word_1_341' title='bbox 3580 2455 3671 2496; x_wconf 84' lang='lat' dir='ltr'><strong>vo-</strong></span> 
     </span>
    </p>
   </div>
   <div class='ocr_carea' id='block_1_47' title="bbox 311 2528 1962 2606">
    <p class='ocr_par' dir='ltr' id='par_1_47' title="bbox 311 2529 1910 2604">
     <span class='ocr_line' id='line_1_47' title="bbox 311 2529 1910 2604; baseline 0.004 -23"><span class='ocrx_word' id='word_1_342' title='bbox 311 2546 399 2582; x_wconf 90' lang='grc' dir='ltr'><strong>σον</strong></span> <span class='ocrx_word' id='word_1_343' title='bbox 425 2543 442 2559; x_wconf 76' lang='grc'><em>⁸</em></span> <span class='ocrx_word' id='word_1_344' title='bbox 484 2529 588 2601; x_wconf 78' lang='grc' dir='ltr'><strong>οὐχ</strong></span> <span class='ocrx_word' id='word_1_345' title='bbox 619 2531 690 2592; x_wconf 87' lang='grc' dir='ltr'>ὡς</span> <span class='ocrx_word' id='word_1_346' title='bbox 718 2529 851 2582; x_wconf 81' lang='grc' dir='ltr'>οὕτω</span> <span class='ocrx_word' id='word_1_347' title='bbox 907 2529 1182 2593; x_wconf 72' lang='grc' dir='ltr'>κληθέντος</span> <span class='ocrx_word' id='word_1_348' title='bbox 1227 2530 1501 2604; x_wconf 79' lang='grc' dir='ltr'>ὀνομαστὶ,</span> <span class='ocrx_word' id='word_1_349' title='bbox 1547 2532 1655 2586; x_wconf 79' lang='grc' dir='ltr'>ἀλλ’</span> <span class='ocrx_word' id='word_1_350' title='bbox 1704 2536 1775 2597; x_wconf 79' lang='grc' dir='ltr'>ὡς</span> <span class='ocrx_word' id='word_1_351' title='bbox 1819 2535 1910 2588; x_wconf 85' lang='grc' dir='ltr'>αύ-</span> 
     </span>
    </p>
   </div>
   <div class='ocr_carea' id='block_1_48' title="bbox 2018 2528 3669 2606">
    <p class='ocr_par' dir='ltr' id='par_1_48' title="bbox 2021 2528 3669 2606">
     <span class='ocr_line' id='line_1_48' title="bbox 2021 2528 3669 2606; baseline -0.004 -14"><span class='ocrx_word' id='word_1_352' title='bbox 2021 2537 2192 2592; x_wconf 89' lang='lat' dir='ltr'><strong>catus</strong></span> <span class='ocrx_word' id='word_1_353' title='bbox 2221 2532 2312 2600; x_wconf 86' lang='lat' dir='ltr'><strong>sit,</strong></span> <span class='ocrx_word' id='word_1_354' title='bbox 2346 2533 2449 2590; x_wconf 90' lang='lat' dir='ltr'><strong>sed</strong></span> <span class='ocrx_word' id='word_1_355' title='bbox 2481 2533 2636 2606; x_wconf 91' lang='lat' dir='ltr'><strong>quod</strong></span> <span class='ocrx_word' id='word_1_356' title='bbox 2667 2533 2864 2590; x_wconf 90' lang='lat' dir='ltr'><strong>statim</strong></span> <span class='ocrx_word' id='word_1_357' title='bbox 2903 2529 3218 2587; x_wconf 89' lang='lat' dir='ltr'><strong>diabolum</strong></span> <span class='ocrx_word' id='word_1_358' title='bbox 3261 2528 3570 2600; x_wconf 79' lang='lat' dir='ltr'><strong>fugaverit,</strong></span> <span class='ocrx_word' id='word_1_359' title='bbox 3613 2531 3669 2586; x_wconf 83' lang='lat' dir='ltr'><strong>et</strong></span> 
     </span>
    </p>
   </div>
   <div class='ocr_carea' id='block_1_49' title="bbox 309 2614 1960 2696">
    <p class='ocr_par' dir='ltr' id='par_1_49' title="bbox 309 2614 1912 2694">
     <span class='ocr_line' id='line_1_49' title="bbox 309 2614 1912 2694; baseline 0.004 -24"><span class='ocrx_word' id='word_1_360' title='bbox 309 2622 428 2671; x_wconf 77' lang='lat' dir='ltr'><strong>rixa</strong></span> <span class='ocrx_word' id='word_1_361' title='bbox 478 2621 566 2670; x_wconf 85' lang='grc' dir='ltr'><strong>τόν</strong></span> <span class='ocrx_word' id='word_1_362' title='bbox 624 2614 866 2672; x_wconf 87' lang='grc' dir='ltr'>διάϐολον</span> <span class='ocrx_word' id='word_1_363' title='bbox 935 2624 1475 2694; x_wconf 85' lang='grc' dir='ltr'>κατατροπωσαμένου</span> <span class='ocrx_word' id='word_1_364' title='bbox 1538 2627 1628 2675; x_wconf 75' lang='grc' dir='ltr'>καὶ</span> <span class='ocrx_word' id='word_1_365' title='bbox 1690 2623 1912 2678; x_wconf 84' lang='grc' dir='ltr'>σκυλεύ-</span> 
     </span>
    </p>
   </div>
   <div class='ocr_carea' id='block_1_50' title="bbox 2021 2614 3672 2696">
    <p class='ocr_par' dir='ltr' id='par_1_50' title="bbox 2023 2617 3672 2696">
     <span class='ocr_line' id='line_1_50' title="bbox 2023 2617 3672 2696; baseline -0.002 -18"><span class='ocrx_word' id='word_1_366' title='bbox 2023 2639 2176 2696; x_wconf 91' lang='lat' dir='ltr'><strong>quos</strong></span> <span class='ocrx_word' id='word_1_367' title='bbox 2206 2621 2300 2680; x_wconf 86' lang='lat' dir='ltr'><strong>ille</strong></span> <span class='ocrx_word' id='word_1_368' title='bbox 2339 2621 2604 2695; x_wconf 86' lang='lat' dir='ltr'><strong>captivos</strong></span> <span class='ocrx_word' id='word_1_369' title='bbox 2620 2620 2900 2688; x_wconf 88' lang='lat' dir='ltr'><strong>habebat,</strong></span> <span class='ocrx_word' id='word_1_370' title='bbox 2933 2619 3236 2693; x_wconf 65' lang='lat' dir='ltr'><strong>praedatus</strong></span> <span class='ocrx_word' id='word_1_371' title='bbox 3261 2619 3333 2675; x_wconf 91' lang='lat' dir='ltr'><strong>sit</strong></span> <span class='ocrx_word' id='word_1_372' title='bbox 3353 2634 3442 2684; x_wconf 90' lang='lat' dir='ltr'><strong>ac,</strong></span> <span class='ocrx_word' id='word_1_373' title='bbox 3459 2617 3672 2691; x_wconf 86' lang='lat' dir='ltr'><strong>spolia-</strong></span> 
     </span>
    </p>
   </div>
   <div class='ocr_carea' id='block_1_51' title="bbox 314 2704 1965 2788">
    <p class='ocr_par' dir='ltr' id='par_1_51' title="bbox 314 2704 1912 2788">
     <span class='ocr_line' id='line_1_51' title="bbox 314 2704 1912 2788; baseline 0.004 -28"><span class='ocrx_word' id='word_1_374' title='bbox 314 2725 514 2776; x_wconf 87' lang='grc' dir='ltr'>σαντος,</span> <span class='ocrx_word' id='word_1_375' title='bbox 571 2705 662 2769; x_wconf 79' lang='grc' dir='ltr'>οὓς</span> <span class='ocrx_word' id='word_1_376' title='bbox 721 2704 861 2780; x_wconf 83' lang='grc' dir='ltr'>εἶχεν</span> <span class='ocrx_word' id='word_1_377' title='bbox 905 2706 1094 2770; x_wconf 77' lang='grc' dir='ltr'>έκεῖνος</span> <span class='ocrx_word' id='word_1_378' title='bbox 1149 2708 1539 2782; x_wconf 83' lang='grc' dir='ltr'>αἰχμαλώτους,</span> <span class='ocrx_word' id='word_1_379' title='bbox 1587 2715 1676 2765; x_wconf 80' lang='grc' dir='ltr'><strong>και</strong></span> <span class='ocrx_word' id='word_1_380' title='bbox 1724 2732 1912 2788; x_wconf 87' lang='grc' dir='ltr'>προνο-</span> 
     </span>
    </p>
   </div>
   <div class='ocr_carea' id='block_1_52' title="bbox 2022 2704 3673 2788">
    <p class='ocr_par' dir='ltr' id='par_1_52' title="bbox 2023 2708 3673 2786">
     <span class='ocr_line' id='line_1_52' title="bbox 2023 2708 3673 2786; baseline -0.004 -17"><span class='ocrx_word' id='word_1_381' title='bbox 2023 2712 2188 2771; x_wconf 87' lang='lat' dir='ltr'><strong>verit.</strong></span> <span class='ocrx_word' id='word_1_382' title='bbox 2210 2713 2419 2785; x_wconf 83' lang='lat' dir='ltr'><strong>Rapuit</strong></span> <span class='ocrx_word' id='word_1_383' title='bbox 2437 2713 2637 2786; x_wconf 90' lang='lat' dir='ltr'><strong>itaque</strong></span> <span class='ocrx_word' id='word_1_384' title='bbox 2664 2727 2832 2778; x_wconf 87' lang='lat' dir='ltr'><strong>vasa,</strong></span> <span class='ocrx_word' id='word_1_385' title='bbox 2853 2727 2988 2784; x_wconf 69' lang='lat' dir='ltr'><strong>quas</strong></span> <span class='ocrx_word' id='word_1_386' title='bbox 3028 2708 3384 2783; x_wconf 88' lang='lat' dir='ltr'><strong>pravitatem</strong></span> <span class='ocrx_word' id='word_1_387' title='bbox 3413 2708 3542 2780; x_wconf 89' lang='lat' dir='ltr'><strong>ejus</strong></span> <span class='ocrx_word' id='word_1_388' title='bbox 3566 2708 3673 2764; x_wconf 88' lang='lat' dir='ltr'><strong>im-</strong></span> 
     </span>
    </p>
   </div>
   <div class='ocr_carea' id='block_1_53' title="bbox 312 2793 1963 2874">
    <p class='ocr_par' dir='ltr' id='par_1_53' title="bbox 312 2793 1914 2873">
     <span class='ocr_line' id='line_1_53' title="bbox 312 2793 1914 2873; baseline 0.006 -27"><span class='ocrx_word' id='word_1_389' title='bbox 312 2797 614 2866; x_wconf 88' lang='grc' dir='ltr'>μεύσαντος,</span> <span class='ocrx_word' id='word_1_390' title='bbox 673 2798 857 2864; x_wconf 81' lang='grc' dir='ltr'>εἳτουν,</span> <span class='ocrx_word' id='word_1_391' title='bbox 933 2793 1325 2873; x_wconf 84' lang='grc' dir='ltr'>διαρπάσαντος</span> <span class='ocrx_word' id='word_1_392' title='bbox 1374 2801 1440 2852; x_wconf 80' lang='grc' dir='ltr'><strong>τὰ</strong></span> <span class='ocrx_word' id='word_1_393' title='bbox 1487 2801 1644 2860; x_wconf 87' lang='grc' dir='ltr'>σκεύη</span> <span class='ocrx_word' id='word_1_394' title='bbox 1698 2803 1765 2855; x_wconf 88' lang='grc' dir='ltr'><strong>τά</strong></span> <span class='ocrx_word' id='word_1_395' title='bbox 1819 2804 1914 2862; x_wconf 87' lang='grc' dir='ltr'><strong>τήν</strong></span> 
     </span>
    </p>
   </div>
   <div class='ocr_carea' id='block_1_54' title="bbox 2022 2793 3673 2874">
    <p class='ocr_par' dir='ltr' id='par_1_54' title="bbox 2023 2797 3673 2874">
     <span class='ocr_line' id='line_1_54' title="bbox 2023 2797 3673 2874; baseline -0.002 -16"><span class='ocrx_word' id='word_1_396' title='bbox 2023 2800 2300 2858; x_wconf 89' lang='lat' dir='ltr'><strong>biberant</strong></span> <span class='ocrx_word' id='word_1_397' title='bbox 2331 2819 2343 2858; x_wconf 91' lang='lat'><strong>:</strong></span> <span class='ocrx_word' id='word_1_398' title='bbox 2378 2800 2512 2857; x_wconf 91' lang='lat' dir='ltr'><strong>dico</strong></span> <span class='ocrx_word' id='word_1_399' title='bbox 2537 2816 2680 2858; x_wconf 88' lang='lat' dir='ltr'><strong>sane</strong></span> <span class='ocrx_word' id='word_1_400' title='bbox 2709 2800 3064 2874; x_wconf 87' lang='lat' dir='ltr'><strong>publicanos</strong></span> <span class='ocrx_word' id='word_1_401' title='bbox 3091 2803 3148 2855; x_wconf 89' lang='lat' dir='ltr'><strong>et</strong></span> <span class='ocrx_word' id='word_1_402' title='bbox 3177 2803 3376 2855; x_wconf 88' lang='lat' dir='ltr'><strong>scorta</strong></span> <span class='ocrx_word' id='word_1_403' title='bbox 3413 2801 3470 2855; x_wconf 91' lang='lat' dir='ltr'><strong>et</strong></span> <span class='ocrx_word' id='word_1_404' title='bbox 3499 2797 3673 2854; x_wconf 87' lang='lat' dir='ltr'><strong>latro-</strong></span> 
     </span>
    </p>
   </div>
   <div class='ocr_carea' id='block_1_55' title="bbox 311 2881 1962 2964">
    <p class='ocr_par' dir='ltr' id='par_1_55' title="bbox 311 2881 1915 2960">
     <span class='ocr_line' id='line_1_55' title="bbox 311 2881 1915 2960; baseline 0.007 -26"><span class='ocrx_word' id='word_1_405' title='bbox 311 2888 562 2958; x_wconf 86' lang='grc' dir='ltr'>πονηρίαν</span> <span class='ocrx_word' id='word_1_406' title='bbox 609 2883 767 2937; x_wconf 77' lang='grc' dir='ltr'>αὐτοῦ</span> <span class='ocrx_word' id='word_1_407' title='bbox 837 2881 1109 2959; x_wconf 78' lang='grc' dir='ltr'>δεξάμενοι,</span> <span class='ocrx_word' id='word_1_408' title='bbox 1181 2891 1314 2960; x_wconf 78' lang='grc' dir='ltr'>φημὶ</span> <span class='ocrx_word' id='word_1_409' title='bbox 1369 2884 1460 2957; x_wconf 82' lang='grc' dir='ltr'><strong>δή,</strong></span> <span class='ocrx_word' id='word_1_410' title='bbox 1518 2894 1756 2958; x_wconf 84' lang='grc' dir='ltr'>τελώνας,</span> <span class='ocrx_word' id='word_1_411' title='bbox 1824 2897 1915 2946; x_wconf 81' lang='grc' dir='ltr'><strong>καὶ</strong></span> 
     </span>
    </p>
   </div>
   <div class='ocr_carea' id='block_1_56' title="bbox 2020 2881 3671 2964">
    <p class='ocr_par' dir='ltr' id='par_1_56' title="bbox 2022 2887 3671 2964">
     <span class='ocr_line' id='line_1_56' title="bbox 2022 2887 3671 2964; baseline -0.002 -17"><span class='ocrx_word' id='word_1_412' title='bbox 2022 2905 2150 2957; x_wconf 90' lang='lat' dir='ltr'><strong>nes,</strong></span> <span class='ocrx_word' id='word_1_413' title='bbox 2174 2889 2399 2964; x_wconf 90' lang='lat' dir='ltr'><strong>quique</strong></span> <span class='ocrx_word' id='word_1_414' title='bbox 2431 2907 2501 2948; x_wconf 85' lang='lat' dir='ltr'><strong>ex</strong></span> <span class='ocrx_word' id='word_1_415' title='bbox 2528 2889 2800 2962; x_wconf 87' lang='lat' dir='ltr'><strong>gentibus</strong></span> <span class='ocrx_word' id='word_1_416' title='bbox 2852 2888 3245 2954; x_wconf 86' lang='lat' dir='ltr'><strong>crediderunt,</strong></span> <span class='ocrx_word' id='word_1_417' title='bbox 3279 2891 3335 2944; x_wconf 91' lang='lat' dir='ltr'><strong>et</strong></span> <span class='ocrx_word' id='word_1_418' title='bbox 3398 2887 3671 2960; x_wconf 85' lang='lat' dir='ltr'><strong>pleraque</strong></span> 
     </span>
    </p>
   </div>
   <div class='ocr_carea' id='block_1_57' title="bbox 311 2972 1962 3046">
    <p class='ocr_par' dir='ltr' id='par_1_57' title="bbox 311 2972 1916 3046">
     <span class='ocr_line' id='line_1_57' title="bbox 311 2972 1916 3046; baseline 0.006 -22"><span class='ocrx_word' id='word_1_419' title='bbox 311 2975 523 3044; x_wconf 81' lang='grc' dir='ltr'>πόρνας,</span> <span class='ocrx_word' id='word_1_420' title='bbox 579 2977 669 3026; x_wconf 80' lang='grc' dir='ltr'><strong>καὶ</strong></span> <span class='ocrx_word' id='word_1_421' title='bbox 715 2972 934 3046; x_wconf 79' lang='grc' dir='ltr'>λῃστὰς,</span> <span class='ocrx_word' id='word_1_422' title='bbox 989 2980 1078 3028; x_wconf 81' lang='grc' dir='ltr'>καὶ</span> <span class='ocrx_word' id='word_1_423' title='bbox 1123 2979 1244 3038; x_wconf 84' lang='grc' dir='ltr'>τοὺς</span> <span class='ocrx_word' id='word_1_424' title='bbox 1299 2975 1352 3040; x_wconf 70' lang='grc' dir='ltr'><strong>ἐξ</strong></span> <span class='ocrx_word' id='word_1_425' title='bbox 1398 2976 1553 3030; x_wconf 76' lang='grc' dir='ltr'>ὶθνῶν</span> <span class='ocrx_word' id='word_1_426' title='bbox 1587 2994 1600 3007; x_wconf 89' lang='grc'><strong>·</strong></span> <span class='ocrx_word' id='word_1_427' title='bbox 1633 2983 1723 3033; x_wconf 81' lang='grc' dir='ltr'>καὶ</span> <span class='ocrx_word' id='word_1_428' title='bbox 1750 2979 1916 3034; x_wconf 80' lang='grc' dir='ltr'>πολλὰ</span> 
     </span>
    </p>
   </div>
   <div class='ocr_carea' id='block_1_58' title="bbox 1014 2972 2665 3046">
    <p class='ocr_par' dir='ltr' id='par_1_58' title="bbox 1014 2975 2665 3040">
     <span class='ocr_line' id='line_1_58' title="bbox 1014 2975 2665 3040; baseline 0.006 -13"><span class='ocrx_word' id='word_1_429' title='bbox 1014 2980 1078 3028; x_wconf 81' lang='lat' dir='ltr'><strong>:al</strong></span> <span class='ocrx_word' id='word_1_430' title='bbox 1123 2979 1244 3038; x_wconf 84' lang='grc' dir='ltr'>τοὺς</span> <span class='ocrx_word' id='word_1_431' title='bbox 1299 2975 1352 3040; x_wconf 70' lang='grc' dir='ltr'><strong>ἐξ</strong></span> <span class='ocrx_word' id='word_1_432' title='bbox 1398 2976 1553 3030; x_wconf 76' lang='grc' dir='ltr'>ὶθνῶν</span> <span class='ocrx_word' id='word_1_433' title='bbox 1587 2994 1600 3007; x_wconf 89' lang='grc'><strong>·</strong></span> <span class='ocrx_word' id='word_1_434' title='bbox 1633 2983 1723 3033; x_wconf 81' lang='grc' dir='ltr'>καὶ</span> <span class='ocrx_word' id='word_1_435' title='bbox 1750 2979 1916 3034; x_wconf 80' lang='grc' dir='ltr'>πολλὰ</span> <span class='ocrx_word' id='word_1_436' title='bbox 2025 2978 2244 3036; x_wconf 75' lang='lat' dir='ltr'><strong>similia</strong></span> <span class='ocrx_word' id='word_1_437' title='bbox 2274 2979 2665 3037; x_wconf 85' lang='lat' dir='ltr'><strong>inveniemus.</strong></span> 
     </span>
    </p>
   </div>
   <div class='ocr_carea' id='block_1_59' title="bbox 317 3061 873 3136">
    <p class='ocr_par' dir='ltr' id='par_1_59' title="bbox 317 3061 873 3136">
     <span class='ocr_line' id='line_1_59' title="bbox 317 3061 873 3136; baseline 0.009 -26"><span class='ocrx_word' id='word_1_438' title='bbox 317 3066 535 3136; x_wconf 81' lang='grc' dir='ltr'>τοιαῦτα</span> <span class='ocrx_word' id='word_1_439' title='bbox 565 3061 873 3136; x_wconf 78' lang='grc' dir='ltr'>εὑρήσομεν.</span> 
     </span>
    </p>
   </div>
   <div class='ocr_carea' id='block_1_60' title="bbox 379 3135 2030 3255">
    <p class='ocr_par' dir='ltr' id='par_1_60' title="bbox 379 3135 1986 3255">
     <span class='ocr_line' id='line_1_60' title="bbox 379 3135 1986 3255; baseline 0.01 -57"><span class='ocrx_word' id='word_1_440' title='bbox 379 3135 662 3222; x_wconf 74' lang='grc' dir='ltr'>Διεγέρθεὶς</span> <span class='ocrx_word' id='word_1_441' title='bbox 733 3181 799 3192; x_wconf 90' lang='grc'><strong><em>-</em></strong></span> <span class='ocrx_word' id='word_1_442' title='bbox 873 3155 968 3210; x_wconf 80' lang='grc' dir='ltr'><strong>τήν</strong></span> <span class='ocrx_word' id='word_1_443' title='bbox 1041 3160 1268 3224; x_wconf 87' lang='grc' dir='ltr'>γυναῖκα</span> <span class='ocrx_word' id='word_1_444' title='bbox 1360 3155 1540 3208; x_wconf 71' lang='grc' dir='ltr'>αὐτοῦ.</span> <span class='ocrx_word' id='word_1_445' title='bbox 1615 3161 1764 3210; x_wconf 85' lang='grc' dir='ltr'>Διατί</span> <span class='ocrx_word' id='word_1_446' title='bbox 1841 3166 1914 3230; x_wconf 85' lang='grc' dir='ltr'>τῷ</span> <span class='ocrx_word' id='word_1_447' title='bbox 1945 3199 1986 3255; x_wconf 77' lang='lat' dir='ltr'>C</span> 
     </span>
    </p>
   </div>
   <div class='ocr_carea' id='block_1_61' title="bbox 2023 3135 3674 3255">
    <p class='ocr_par' dir='ltr' id='par_1_61' title="bbox 2103 3156 3674 3229">
     <span class='ocr_line' id='line_1_61' title="bbox 2103 3156 3674 3229; baseline -0.001 -16"><span class='ocrx_word' id='word_1_448' title='bbox 2103 3157 2263 3218; x_wconf 87' lang='lat' dir='ltr'><strong>Vers.</strong></span> <span class='ocrx_word' id='word_1_449' title='bbox 2295 3161 2384 3214; x_wconf 87' lang='lat'><strong>27.</strong></span> <span class='ocrx_word' id='word_1_450' title='bbox 2409 3159 2808 3229; x_wconf 74' lang='lat' dir='ltr'><strong>Experrectus</strong></span> <span class='ocrx_word' id='word_1_451' title='bbox 2837 3188 2900 3201; x_wconf 78' lang='grc' dir='ltr'>-ι</span> <span class='ocrx_word' id='word_1_452' title='bbox 2929 3157 3235 3229; x_wconf 84' lang='lat' dir='ltr'><strong>conjugem</strong></span> <span class='ocrx_word' id='word_1_453' title='bbox 3262 3170 3451 3212; x_wconf 84' lang='lat' dir='ltr'><strong>suam.</strong></span> <span class='ocrx_word' id='word_1_454' title='bbox 3477 3156 3674 3222; x_wconf 88' lang='lat' dir='ltr'><strong>Quare</strong></span> 
     </span>
    </p>
   </div>
   <div class='ocr_carea' id='block_1_62' title="bbox 307 3233 1958 3321">
    <p class='ocr_par' dir='ltr' id='par_1_62' title="bbox 307 3233 1958 3321">
     <span class='ocr_line' id='line_1_62' title="bbox 307 3233 1958 3321; baseline 0.008 -33"><span class='ocrx_word' id='word_1_455' title='bbox 307 3233 524 3309; x_wconf 67' lang='grc' dir='ltr'>ἐνυπνίῳ</span> <span class='ocrx_word' id='word_1_456' title='bbox 587 3239 712 3312; x_wconf 79' lang='grc' dir='ltr'>ῥᾷον</span> <span class='ocrx_word' id='word_1_457' title='bbox 786 3242 1060 3294; x_wconf 75' lang='grc' dir='ltr'>επίστευσε</span> <span class='ocrx_word' id='word_1_458' title='bbox 1115 3247 1234 3317; x_wconf 84' lang='grc' dir='ltr'>περὶ</span> <span class='ocrx_word' id='word_1_459' title='bbox 1307 3242 1613 3301; x_wconf 77' lang='grc' dir='ltr'>τηλικούτου</span> <span class='ocrx_word' id='word_1_460' title='bbox 1666 3248 1910 3321; x_wconf 83' lang='grc' dir='ltr'>πράγμα-</span> <span class='ocrx_word' id='word_1_461' title='bbox 1945 3233 1958 3252; x_wconf 58' lang='grc'>’</span> 
     </span>
    </p>
   </div>
   <div class='ocr_carea' id='block_1_63' title="bbox 2026 3233 3677 3321">
    <p class='ocr_par' dir='ltr' id='par_1_63' title="bbox 2027 3245 3677 3312">
     <span class='ocr_line' id='line_1_63' title="bbox 2027 3245 3677 3312; baseline -0.005 -2"><span class='ocrx_word' id='word_1_462' title='bbox 2027 3251 2264 3312; x_wconf 89' lang='lat' dir='ltr'><strong>somnio</strong></span> <span class='ocrx_word' id='word_1_463' title='bbox 2275 3249 2335 3306; x_wconf 91' lang='lat' dir='ltr'><strong>in</strong></span> <span class='ocrx_word' id='word_1_464' title='bbox 2353 3265 2414 3305; x_wconf 88' lang='lat' dir='ltr'><strong>re</strong></span> <span class='ocrx_word' id='word_1_465' title='bbox 2429 3249 2576 3306; x_wconf 89' lang='lat' dir='ltr'><strong>tanti</strong></span> <span class='ocrx_word' id='word_1_466' title='bbox 2589 3247 2878 3304; x_wconf 91' lang='lat' dir='ltr'><strong>momenti</strong></span> <span class='ocrx_word' id='word_1_467' title='bbox 2890 3245 3042 3304; x_wconf 91' lang='lat' dir='ltr'><strong>adeo</strong></span> <span class='ocrx_word' id='word_1_468' title='bbox 3055 3246 3226 3302; x_wconf 84' lang='lat' dir='ltr'><strong>facile</strong></span> <span class='ocrx_word' id='word_1_469' title='bbox 3239 3245 3488 3302; x_wconf 89' lang='lat' dir='ltr'><strong>credidit</strong></span> <span class='ocrx_word' id='word_1_470' title='bbox 3501 3245 3677 3310; x_wconf 86' lang='lat' dir='ltr'><strong>?Quia</strong></span> 
     </span>
    </p>
   </div>
   <div class='ocr_carea' id='block_1_64' title="bbox 303 3328 1954 3416">
    <p class='ocr_par' dir='ltr' id='par_1_64' title="bbox 303 3328 1912 3416">
     <span class='ocr_line' id='line_1_64' title="bbox 303 3328 1912 3416; baseline 0.007 -40"><span class='ocrx_word' id='word_1_471' title='bbox 303 3341 389 3386; x_wconf 86' lang='grc' dir='ltr'><strong>τος</strong></span> <span class='ocrx_word' id='word_1_472' title='bbox 421 3341 436 3392; x_wconf 88' lang='grc'><strong>;</strong></span> <span class='ocrx_word' id='word_1_473' title='bbox 466 3329 605 3416; x_wconf 29' lang='grc' dir='ltr'>Διότᾼι</span> <span class='ocrx_word' id='word_1_474' title='bbox 661 3328 686 3378; x_wconf 98' lang='lat'><strong>6</strong></span> <span class='ocrx_word' id='word_1_475' title='bbox 739 3332 910 3400; x_wconf 82' lang='grc' dir='ltr'>φανεὶς</span> <span class='ocrx_word' id='word_1_476' title='bbox 993 3328 1210 3400; x_wconf 73' lang='grc' dir='ltr'>ἄγγελος</span> <span class='ocrx_word' id='word_1_477' title='bbox 1272 3330 1584 3404; x_wconf 59' lang='lat' dir='ltr'><strong>summa</strong></span> <span class='ocrx_word' id='word_1_478' title='bbox 1650 3334 1792 3406; x_wconf 81' lang='grc' dir='ltr'>αύτῷ</span> <span class='ocrx_word' id='word_1_479' title='bbox 1855 3338 1912 3388; x_wconf 87' lang='grc' dir='ltr'>τὸ</span> 
     </span>
    </p>
   </div>
   <div class='ocr_carea' id='block_1_65' title="bbox 2027 3328 3678 3416">
    <p class='ocr_par' dir='ltr' id='par_1_65' title="bbox 2027 3333 3678 3416">
     <span class='ocr_line' id='line_1_65' title="bbox 2027 3333 3678 3416; baseline -0.008 -14"><span class='ocrx_word' id='word_1_480' title='bbox 2027 3356 2325 3416; x_wconf 86' lang='lat' dir='ltr'><strong>apparens</strong></span> <span class='ocrx_word' id='word_1_481' title='bbox 2350 3337 2600 3408; x_wconf 89' lang='lat' dir='ltr'><strong>angelus</strong></span> <span class='ocrx_word' id='word_1_482' title='bbox 2628 3336 2838 3393; x_wconf 80' lang='lat' dir='ltr'><strong>detexit</strong></span> <span class='ocrx_word' id='word_1_483' title='bbox 2869 3335 2920 3392; x_wconf 90' lang='lat' dir='ltr'><strong>ei</strong></span> <span class='ocrx_word' id='word_1_484' title='bbox 2947 3335 3163 3408; x_wconf 88' lang='lat' dir='ltr'><strong>proprii</strong></span> <span class='ocrx_word' id='word_1_485' title='bbox 3209 3333 3406 3390; x_wconf 89' lang='lat' dir='ltr'><strong>cordis</strong></span> <span class='ocrx_word' id='word_1_486' title='bbox 3455 3334 3678 3405; x_wconf 87' lang='lat' dir='ltr'><strong>cogita-</strong></span> 
     </span>
    </p>
   </div>
   <div class='ocr_carea' id='block_1_66' title="bbox 303 3409 1954 3498">
    <p class='ocr_par' dir='ltr' id='par_1_66' title="bbox 303 3409 1913 3498">
     <span class='ocr_line' id='line_1_66' title="bbox 303 3409 1913 3498; baseline 0.009 -35"><span class='ocrx_word' id='word_1_487' title='bbox 303 3421 399 3474; x_wconf 86' lang='grc' dir='ltr'>τῆς</span> <span class='ocrx_word' id='word_1_488' title='bbox 455 3409 681 3488; x_wconf 85' lang='grc' dir='ltr'>καρδίας</span> <span class='ocrx_word' id='word_1_489' title='bbox 729 3415 888 3468; x_wconf 81' lang='grc' dir='ltr'>αὐτοῦ</span> <span class='ocrx_word' id='word_1_490' title='bbox 933 3415 1221 3490; x_wconf 79' lang='grc' dir='ltr'>ένθύμημα.</span> <span class='ocrx_word' id='word_1_491' title='bbox 1281 3426 1474 3478; x_wconf 77' lang='grc' dir='ltr'>Συνῆκε</span> <span class='ocrx_word' id='word_1_492' title='bbox 1524 3424 1650 3498; x_wconf 79' lang='grc' dir='ltr'>γὰρ,</span> <span class='ocrx_word' id='word_1_493' title='bbox 1703 3426 1783 3476; x_wconf 82' lang='grc' dir='ltr'>ὅτι</span> <span class='ocrx_word' id='word_1_494' title='bbox 1835 3428 1913 3476; x_wconf 83' lang='grc' dir='ltr'><strong>ὅν-</strong></span> 
     </span>
    </p>
   </div>
   <div class='ocr_carea' id='block_1_67' title="bbox 2026 3409 3677 3498">
    <p class='ocr_par' dir='ltr' id='par_1_67' title="bbox 2026 3409 3677 3496">
     <span class='ocr_line' id='line_1_67' title="bbox 2026 3409 3677 3496; baseline -0.007 -7"><span class='ocrx_word' id='word_1_495' title='bbox 2026 3409 2270 3489; x_wconf 72' lang='lat' dir='ltr'><strong>tiohem.</strong></span> <span class='ocrx_word' id='word_1_496' title='bbox 2303 3425 2590 3484; x_wconf 83' lang='lat' dir='ltr'><strong>lntellexit</strong></span> <span class='ocrx_word' id='word_1_497' title='bbox 2617 3440 2755 3496; x_wconf 91' lang='lat' dir='ltr'><strong>ergo</strong></span> <span class='ocrx_word' id='word_1_498' title='bbox 2773 3439 2910 3481; x_wconf 89' lang='lat' dir='ltr'><strong>vere</strong></span> <span class='ocrx_word' id='word_1_499' title='bbox 2942 3440 2980 3480; x_wconf 90' lang='lat' dir='ltr'><strong>a</strong></span> <span class='ocrx_word' id='word_1_500' title='bbox 3028 3426 3144 3480; x_wconf 89' lang='lat' dir='ltr'><strong>Deo</strong></span> <span class='ocrx_word' id='word_1_501' title='bbox 3191 3423 3414 3480; x_wconf 87' lang='lat' dir='ltr'><strong>venisse</strong></span> <span class='ocrx_word' id='word_1_502' title='bbox 3449 3439 3463 3483; x_wconf 88' lang='lat'><strong>:</strong></span> <span class='ocrx_word' id='word_1_503' title='bbox 3511 3420 3677 3478; x_wconf 87' lang='lat' dir='ltr'><strong>solus</strong></span> 
     </span>
    </p>
   </div>
   <div class='ocr_carea' id='block_1_68' title="bbox 308 3503 1959 3584">
    <p class='ocr_par' dir='ltr' id='par_1_68' title="bbox 308 3503 1916 3584">
     <span class='ocr_line' id='line_1_68' title="bbox 308 3503 1916 3584; baseline 0.009 -31"><span class='ocrx_word' id='word_1_504' title='bbox 308 3519 411 3562; x_wconf 91' lang='grc' dir='ltr'><strong>τως</strong></span> <span class='ocrx_word' id='word_1_505' title='bbox 460 3503 607 3577; x_wconf 87' lang='grc' dir='ltr'>παρὰ</span> <span class='ocrx_word' id='word_1_506' title='bbox 658 3509 791 3556; x_wconf 84' lang='grc' dir='ltr'>Θεοῦ</span> <span class='ocrx_word' id='word_1_507' title='bbox 843 3504 964 3564; x_wconf 78' lang='grc' dir='ltr'>ἧκεν</span> <span class='ocrx_word' id='word_1_508' title='bbox 1015 3507 1041 3558; x_wconf 87' lang='lat'><strong>6</strong></span> <span class='ocrx_word' id='word_1_509' title='bbox 1095 3510 1285 3578; x_wconf 78' lang='grc' dir='ltr'>φανείς.</span> <span class='ocrx_word' id='word_1_510' title='bbox 1339 3514 1506 3572; x_wconf 83' lang='grc' dir='ltr'>Μόνος</span> <span class='ocrx_word' id='word_1_511' title='bbox 1559 3515 1660 3584; x_wconf 82' lang='grc' dir='ltr'>γὰρ</span> <span class='ocrx_word' id='word_1_512' title='bbox 1713 3513 1738 3565; x_wconf 92' lang='lat'><strong>6</strong></span> <span class='ocrx_word' id='word_1_513' title='bbox 1791 3517 1916 3576; x_wconf 83' lang='grc' dir='ltr'>Θεὸς</span> 
     </span>
    </p>
   </div>
   <div class='ocr_carea' id='block_1_69' title="bbox 2026 3503 3677 3584">
    <p class='ocr_par' dir='ltr' id='par_1_69' title="bbox 2027 3512 3677 3584">
     <span class='ocr_line' id='line_1_69' title="bbox 2027 3512 3677 3584; baseline -0.007 -6"><span class='ocrx_word' id='word_1_514' title='bbox 2027 3520 2188 3579; x_wconf 91' lang='lat' dir='ltr'><strong>enim</strong></span> <span class='ocrx_word' id='word_1_515' title='bbox 2219 3521 2374 3574; x_wconf 91' lang='lat' dir='ltr'><strong>Deus</strong></span> <span class='ocrx_word' id='word_1_516' title='bbox 2405 3515 2568 3572; x_wconf 89' lang='lat' dir='ltr'><strong>novit</strong></span> <span class='ocrx_word' id='word_1_517' title='bbox 2591 3512 2867 3571; x_wconf 89' lang='lat' dir='ltr'><strong>cordium</strong></span> <span class='ocrx_word' id='word_1_518' title='bbox 2892 3527 3139 3570; x_wconf 87' lang='lat' dir='ltr'><strong>arcana.</strong></span> <span class='ocrx_word' id='word_1_519' title='bbox 3175 3512 3502 3584; x_wconf 87' lang='lat' dir='ltr'><strong>Postquam</strong></span> <span class='ocrx_word' id='word_1_520' title='bbox 3535 3525 3677 3567; x_wconf 86' lang='lat' dir='ltr'><strong>vero</strong></span> 
     </span>
    </p>
   </div>
   <div class='ocr_carea' id='block_1_70' title="bbox 312 3585 1963 3682">
    <p class='ocr_par' dir='ltr' id='par_1_70' title="bbox 312 3585 1916 3682">
     <span class='ocr_line' id='line_1_70' title="bbox 312 3585 1916 3682; baseline 0.009 -42"><span class='ocrx_word' id='word_1_521' title='bbox 312 3585 427 3642; x_wconf 79' lang='grc' dir='ltr'>οἵδε</span> <span class='ocrx_word' id='word_1_522' title='bbox 457 3592 526 3682; x_wconf 66' lang='grc' dir='ltr'><strong>τα</strong></span> <span class='ocrx_word' id='word_1_523' title='bbox 567 3599 666 3644; x_wconf 87' lang='grc' dir='ltr'>τῶν</span> <span class='ocrx_word' id='word_1_524' title='bbox 722 3590 954 3669; x_wconf 84' lang='grc' dir='ltr'>καρδιῶν</span> <span class='ocrx_word' id='word_1_525' title='bbox 1003 3595 1360 3670; x_wconf 68' lang='grc' dir='ltr'>ἐνθυμήματα.</span> <span class='ocrx_word' id='word_1_526' title='bbox 1412 3597 1550 3652; x_wconf 82' lang='grc' dir='ltr'>Ἐπεὶ</span> <span class='ocrx_word' id='word_1_527' title='bbox 1599 3597 1658 3654; x_wconf 75' lang='grc' dir='ltr'><strong>δε</strong></span> <span class='ocrx_word' id='word_1_528' title='bbox 1703 3599 1916 3676; x_wconf 82' lang='grc' dir='ltr'>ἀνέμνη-</span> 
     </span>
    </p>
   </div>
   <div class='ocr_carea' id='block_1_71' title="bbox 2028 3585 3679 3682">
    <p class='ocr_par' dir='ltr' id='par_1_71' title="bbox 2028 3598 3679 3682">
     <span class='ocr_line' id='line_1_71' title="bbox 2028 3598 3679 3682; baseline -0.007 -16"><span class='ocrx_word' id='word_1_529' title='bbox 2028 3609 2231 3682; x_wconf 89' lang='lat' dir='ltr'><strong>ipsum</strong></span> <span class='ocrx_word' id='word_1_530' title='bbox 2259 3602 2574 3663; x_wconf 91' lang='lat' dir='ltr'><strong>admonuit</strong></span> <span class='ocrx_word' id='word_1_531' title='bbox 2594 3601 2941 3675; x_wconf 61' lang='lat' dir='ltr'><strong>prophetia.</strong></span> <span class='ocrx_word' id='word_1_532' title='bbox 2973 3600 3160 3667; x_wconf 64' lang='lat' dir='ltr'><strong>Isaias,</strong></span> <span class='ocrx_word' id='word_1_533' title='bbox 3193 3599 3463 3672; x_wconf 89' lang='lat' dir='ltr'><strong>magisin</strong></span> <span class='ocrx_word' id='word_1_534' title='bbox 3489 3598 3679 3656; x_wconf 82' lang='lat' dir='ltr'><strong>adim-</strong></span> 
     </span>
    </p>
   </div>
   <div class='ocr_carea' id='block_1_72' title="bbox 314 3679 1965 3771">
    <p class='ocr_par' dir='ltr' id='par_1_72' title="bbox 314 3679 1916 3771">
     <span class='ocr_line' id='line_1_72' title="bbox 314 3679 1916 3771; baseline 0.009 -42"><span class='ocrx_word' id='word_1_535' title='bbox 314 3695 400 3771; x_wconf 77' lang='grc' dir='ltr'><strong>σεν</strong></span> <span class='ocrx_word' id='word_1_536' title='bbox 463 3679 620 3732; x_wconf 79' lang='grc' dir='ltr'>αὐτόν</span> <span class='ocrx_word' id='word_1_537' title='bbox 665 3687 754 3734; x_wconf 79' lang='grc' dir='ltr'>καὶ</span> <span class='ocrx_word' id='word_1_538' title='bbox 802 3690 896 3745; x_wconf 86' lang='grc' dir='ltr'>τῆς</span> <span class='ocrx_word' id='word_1_539' title='bbox 941 3683 1158 3738; x_wconf 70' lang='grc' dir='ltr'>Ἠσαίου</span> <span class='ocrx_word' id='word_1_540' title='bbox 1216 3692 1553 3761; x_wconf 81' lang='grc' dir='ltr'>προφητείας,</span> <span class='ocrx_word' id='word_1_541' title='bbox 1604 3691 1676 3744; x_wconf 75' lang='grc' dir='ltr'>ἔτι</span> <span class='ocrx_word' id='word_1_542' title='bbox 1725 3691 1916 3764; x_wconf 82' lang='grc' dir='ltr'>μᾶλλον</span> 
     </span>
    </p>
   </div>
   <div class='ocr_carea' id='block_1_73' title="bbox 1178 3679 2829 3771">
    <p class='ocr_par' dir='ltr' id='par_1_73' title="bbox 1216 3679 2829 3771">
     <span class='ocr_line' id='line_1_73' title="bbox 1216 3679 2829 3771; baseline 0.002 -27"><span class='ocrx_word' id='word_1_543' title='bbox 1216 3692 1553 3761; x_wconf 78' lang='grc' dir='ltr'>προφητείας,</span> <span class='ocrx_word' id='word_1_544' title='bbox 1604 3691 1676 3744; x_wconf 73' lang='grc' dir='ltr'>ἔτι</span> <span class='ocrx_word' id='word_1_545' title='bbox 1725 3691 1916 3764; x_wconf 82' lang='grc' dir='ltr'>μᾶλλον</span> <span class='ocrx_word' id='word_1_546' title='bbox 2027 3679 2280 3771; x_wconf 81' lang='lat' dir='ltr'><strong>pletione</strong></span> <span class='ocrx_word' id='word_1_547' title='bbox 2301 3692 2692 3752; x_wconf 83' lang='lat' dir='ltr'><strong>conﬁrmatus</strong></span> <span class='ocrx_word' id='word_1_548' title='bbox 2722 3695 2829 3748; x_wconf 91' lang='lat' dir='ltr'><strong>est.</strong></span> 
     </span>
    </p>
   </div>
   <div class='ocr_carea' id='block_1_74' title="bbox 311 3766 1096 3844">
    <p class='ocr_par' dir='ltr' id='par_1_74' title="bbox 311 3766 1096 3844">
     <span class='ocr_line' id='line_1_74' title="bbox 311 3766 1096 3844; baseline 0.006 -23"><span class='ocrx_word' id='word_1_549' title='bbox 311 3766 382 3829; x_wconf 85' lang='grc' dir='ltr'><strong>εἰς</strong></span> <span class='ocrx_word' id='word_1_550' title='bbox 409 3767 762 3844; x_wconf 84' lang='grc' dir='ltr'>πληροφορίαν</span> <span class='ocrx_word' id='word_1_551' title='bbox 792 3770 1096 3833; x_wconf 74' lang='grc' dir='ltr'>ἐϐεϐαιώθη.</span> 
     </span>
    </p>
   </div>
   <div class='ocr_carea' id='block_1_75' title="bbox 386 3858 2037 3942">
    <p class='ocr_par' dir='ltr' id='par_1_75' title="bbox 386 3858 1917 3936">
     <span class='ocr_line' id='line_1_75' title="bbox 386 3858 1917 3936; baseline 0.009 -26"><span class='ocrx_word' id='word_1_552' title='bbox 386 3862 488 3911; x_wconf 78' lang='grc' dir='ltr'><strong>Καὶ</strong></span> <span class='ocrx_word' id='word_1_553' title='bbox 531 3858 625 3910; x_wconf 64' lang='grc' dir='ltr'>οὐκ</span> <span class='ocrx_word' id='word_1_554' title='bbox 654 3890 723 3901; x_wconf 90' lang='grc'><strong><em>-</em></strong></span> <span class='ocrx_word' id='word_1_555' title='bbox 759 3866 1100 3935; x_wconf 84' lang='grc' dir='ltr'>πρωτότοκον.</span> <span class='ocrx_word' id='word_1_556' title='bbox 1161 3867 1253 3936; x_wconf 86' lang='grc' dir='ltr'><strong>Τὸ,</strong></span> <span class='ocrx_word' id='word_1_557' title='bbox 1311 3866 1419 3934; x_wconf 82' lang='grc' dir='ltr'>ἕως,</span> <span class='ocrx_word' id='word_1_558' title='bbox 1488 3865 1708 3922; x_wconf 70' lang='grc' dir='ltr'>ἐνταῦθα</span> <span class='ocrx_word' id='word_1_559' title='bbox 1759 3872 1917 3924; x_wconf 80' lang='grc' dir='ltr'>τέθει-</span> 
     </span>
    </p>
   </div>
   <div class='ocr_carea' id='block_1_76' title="bbox 2026 3858 3677 3942">
    <p class='ocr_par' dir='ltr' id='par_1_76' title="bbox 2100 3867 3677 3942">
     <span class='ocr_line' id='line_1_76' title="bbox 2100 3867 3677 3942; baseline -0.004 -10"><span class='ocrx_word' id='word_1_560' title='bbox 2100 3878 2256 3933; x_wconf 84' lang='lat' dir='ltr'><strong>Vers.</strong></span> <span class='ocrx_word' id='word_1_561' title='bbox 2287 3873 2356 3928; x_wconf 73' lang='grc'><strong>24</strong></span> <span class='ocrx_word' id='word_1_562' title='bbox 2384 3874 2465 3930; x_wconf 78' lang='lat' dir='ltr'><strong>Et</strong></span> <span class='ocrx_word' id='word_1_563' title='bbox 2507 3889 2618 3930; x_wconf 83' lang='lat' dir='ltr'><strong>non</strong></span> <span class='ocrx_word' id='word_1_564' title='bbox 2681 3901 2751 3912; x_wconf 91' lang='lat'><strong>—-</strong></span> <span class='ocrx_word' id='word_1_565' title='bbox 2781 3867 3266 3942; x_wconf 78' lang='lat' dir='ltr'><strong>primogenitum.</strong></span> <span class='ocrx_word' id='word_1_566' title='bbox 3322 3869 3520 3928; x_wconf 87' lang='lat' dir='ltr'><strong>Posuit</strong></span> <span class='ocrx_word' id='word_1_567' title='bbox 3557 3870 3677 3937; x_wconf 88' lang='lat' dir='ltr'><strong>hic,</strong></span> 
     </span>
    </p>
   </div>
   <div class='ocr_carea' id='block_1_77' title="bbox 317 3947 1968 4034">
    <p class='ocr_par' dir='ltr' id='par_1_77' title="bbox 317 3947 1919 4032">
     <span class='ocr_line' id='line_1_77' title="bbox 317 3947 1919 4032; baseline 0.011 -35"><span class='ocrx_word' id='word_1_568' title='bbox 317 3960 418 4017; x_wconf 81' lang='grc' dir='ltr'>κεν,</span> <span class='ocrx_word' id='word_1_569' title='bbox 477 3947 584 4020; x_wconf 77' lang='grc' dir='ltr'><strong>οὐχ</strong></span> <span class='ocrx_word' id='word_1_570' title='bbox 642 3949 722 4002; x_wconf 81' lang='grc' dir='ltr'>ἵνα</span> <span class='ocrx_word' id='word_1_571' title='bbox 788 3951 1139 4026; x_wconf 74' lang='grc' dir='ltr'>ὑποπτεύσῃς,</span> <span class='ocrx_word' id='word_1_572' title='bbox 1218 3956 1298 4006; x_wconf 86' lang='grc' dir='ltr'>ὅτι</span> <span class='ocrx_word' id='word_1_573' title='bbox 1372 3959 1504 4028; x_wconf 81' lang='grc' dir='ltr'>μετὰ</span> <span class='ocrx_word' id='word_1_574' title='bbox 1567 3966 1732 4012; x_wconf 85' lang='grc' dir='ltr'>ταῦτα</span> <span class='ocrx_word' id='word_1_575' title='bbox 1791 3961 1919 4032; x_wconf 83' lang='grc' dir='ltr'>ἔγνω</span> 
     </span>
    </p>
   </div>
   <div class='ocr_carea' id='block_1_78' title="bbox 2030 3947 3681 4034">
    <p class='ocr_par' dir='ltr' id='par_1_78' title="bbox 2030 3959 3681 4034">
     <span class='ocr_line' id='line_1_78' title="bbox 2030 3959 3681 4034; baseline -0.003 -11"><span class='ocrx_word' id='word_1_576' title='bbox 2030 3967 2216 4032; x_wconf 83' lang='lat' dir='ltr'><strong>donec,</strong></span> <span class='ocrx_word' id='word_1_577' title='bbox 2241 3980 2364 4022; x_wconf 91' lang='lat' dir='ltr'><strong>non</strong></span> <span class='ocrx_word' id='word_1_578' title='bbox 2379 3968 2442 4021; x_wconf 92' lang='lat' dir='ltr'><strong>ut</strong></span> <span class='ocrx_word' id='word_1_579' title='bbox 2467 3961 2730 4034; x_wconf 87' lang='lat' dir='ltr'><strong>suspicio</strong></span> <span class='ocrx_word' id='word_1_580' title='bbox 2754 3959 2858 4018; x_wconf 88' lang='lat' dir='ltr'><strong>tibi</strong></span> <span class='ocrx_word' id='word_1_581' title='bbox 2893 3960 3257 4026; x_wconf 88' lang='lat' dir='ltr'><strong>suboriatur,</strong></span> <span class='ocrx_word' id='word_1_582' title='bbox 3285 3961 3448 4034; x_wconf 83' lang='lat' dir='ltr'><strong>quod</strong></span> <span class='ocrx_word' id='word_1_583' title='bbox 3472 3965 3681 4034; x_wconf 89' lang='lat' dir='ltr'><strong>postea</strong></span> 
     </span>
    </p>
   </div>
   <div class='ocr_carea' id='block_1_79' title="bbox 319 4034 1970 4127">
    <p class='ocr_par' dir='ltr' id='par_1_79' title="bbox 319 4034 1919 4127">
     <span class='ocr_line' id='line_1_79' title="bbox 319 4034 1919 4127; baseline 0.011 -42"><span class='ocrx_word' id='word_1_584' title='bbox 319 4034 498 4107; x_wconf 78' lang='grc' dir='ltr'>αὐτὴν,</span> <span class='ocrx_word' id='word_1_585' title='bbox 557 4035 663 4127; x_wconf 80' lang='grc' dir='ltr'>ἀλλ’</span> <span class='ocrx_word' id='word_1_586' title='bbox 713 4037 820 4092; x_wconf 74' lang='grc' dir='ltr'>ἕπει</span> <span class='ocrx_word' id='word_1_587' title='bbox 871 4039 926 4092; x_wconf 81' lang='grc' dir='ltr'><strong>έκ</strong></span> <span class='ocrx_word' id='word_1_588' title='bbox 971 4049 1210 4117; x_wconf 81' lang='grc' dir='ltr'>πορνείας</span> <span class='ocrx_word' id='word_1_589' title='bbox 1256 4044 1370 4116; x_wconf 83' lang='grc'><strong>(31)</strong></span> <span class='ocrx_word' id='word_1_590' title='bbox 1435 4049 1779 4118; x_wconf 81' lang='grc' dir='ltr'>γεγεννῆσθαι</span> <span class='ocrx_word' id='word_1_591' title='bbox 1832 4053 1919 4102; x_wconf 86' lang='grc' dir='ltr'>τὸν</span> 
     </span>
    </p>
   </div>
   <div class='ocr_carea' id='block_1_80' title="bbox 2031 4034 3682 4127">
    <p class='ocr_par' dir='ltr' id='par_1_80' title="bbox 2031 4048 3682 4127">
     <span class='ocr_line' id='line_1_80' title="bbox 2031 4048 3682 4127; baseline -0.004 -14"><span class='ocrx_word' id='word_1_592' title='bbox 2031 4053 2545 4127; x_wconf 87' lang='lat' dir='ltr'><strong>cognoveriteam.</strong></span> <span class='ocrx_word' id='word_1_593' title='bbox 2574 4050 2686 4108; x_wconf 91' lang='lat' dir='ltr'><strong>Sed</strong></span> <span class='ocrx_word' id='word_1_594' title='bbox 2699 4049 3398 4124; x_wconf 69' lang='lat' dir='ltr'><strong>quiaJudaaiChristume</strong></span> <span class='ocrx_word' id='word_1_595' title='bbox 3430 4048 3682 4106; x_wconf 82' lang='lat' dir='ltr'><strong>fornica-</strong></span> 
     </span>
    </p>
   </div>
   <div class='ocr_carea' id='block_1_81' title="bbox 317 4126 1968 4210">
    <p class='ocr_par' dir='ltr' id='par_1_81' title="bbox 317 4126 1920 4210">
     <span class='ocr_line' id='line_1_81' title="bbox 317 4126 1920 4210; baseline 0.009 -34"><span class='ocrx_word' id='word_1_596' title='bbox 317 4127 547 4198; x_wconf 82' lang='grc' dir='ltr'>Χριστὸν</span> <span class='ocrx_word' id='word_1_597' title='bbox 621 4126 906 4202; x_wconf 76' lang='grc' dir='ltr'>ἐφλυάρουν</span> <span class='ocrx_word' id='word_1_598' title='bbox 979 4128 1254 4203; x_wconf 81' lang='grc' dir='ltr'>Ἰουδαῖοι,</span> <span class='ocrx_word' id='word_1_599' title='bbox 1324 4139 1450 4208; x_wconf 86' lang='grc' dir='ltr'>πρὸς</span> <span class='ocrx_word' id='word_1_600' title='bbox 1517 4140 1607 4195; x_wconf 88' lang='grc' dir='ltr'><strong>τήν</strong></span> <span class='ocrx_word' id='word_1_601' title='bbox 1676 4135 1920 4210; x_wconf 84' lang='grc' dir='ltr'>βλάσφη-</span> 
     </span>
    </p>
   </div>
   <div class='ocr_carea' id='block_1_82' title="bbox 2032 4126 3683 4210">
    <p class='ocr_par' dir='ltr' id='par_1_82' title="bbox 2032 4126 3683 4210">
     <span class='ocr_line' id='line_1_82' title="bbox 2032 4126 3683 4210; baseline -0.005 -9"><span class='ocrx_word' id='word_1_602' title='bbox 2032 4126 2188 4201; x_wconf 85' lang='lat' dir='ltr'><strong>tione</strong></span> <span class='ocrx_word' id='word_1_603' title='bbox 2205 4149 2409 4200; x_wconf 89' lang='lat' dir='ltr'><strong>natum</strong></span> <span class='ocrx_word' id='word_1_604' title='bbox 2423 4140 2828 4210; x_wconf 87' lang='lat' dir='ltr'><strong>nugabantur,</strong></span> <span class='ocrx_word' id='word_1_605' title='bbox 2856 4137 3247 4210; x_wconf 72' lang='lat' dir='ltr'><strong>blasphemiae</strong></span> <span class='ocrx_word' id='word_1_606' title='bbox 3263 4154 3468 4194; x_wconf 89' lang='lat' dir='ltr'><strong>eorum</strong></span> <span class='ocrx_word' id='word_1_607' title='bbox 3486 4139 3683 4209; x_wconf 86' lang='lat' dir='ltr'><strong>suspi-</strong></span> 
     </span>
    </p>
   </div>
   <div class='ocr_carea' id='block_1_83' title="bbox 313 4214 1964 4303">
    <p class='ocr_par' dir='ltr' id='par_1_83' title="bbox 313 4214 1920 4303">
     <span class='ocr_line' id='line_1_83' title="bbox 313 4214 1920 4303; baseline 0.011 -39"><span class='ocrx_word' id='word_1_608' title='bbox 313 4232 409 4285; x_wconf 89' lang='grc' dir='ltr'><strong>μον</strong></span> <span class='ocrx_word' id='word_1_609' title='bbox 463 4214 723 4287; x_wconf 66' lang='grc' dir='ltr'>ὑπόληψιν</span> <span class='ocrx_word' id='word_1_610' title='bbox 767 4218 935 4271; x_wconf 79' lang='grc' dir='ltr'>αὐτῶν</span> <span class='ocrx_word' id='word_1_611' title='bbox 985 4222 1254 4294; x_wconf 82' lang='grc' dir='ltr'>ἱστάμενος</span> <span class='ocrx_word' id='word_1_612' title='bbox 1297 4224 1324 4275; x_wconf 92' lang='lat'><strong>6</strong></span> <span class='ocrx_word' id='word_1_613' title='bbox 1364 4223 1755 4296; x_wconf 75' lang='grc' dir='ltr'>εύαγγελιστῆς,</span> <span class='ocrx_word' id='word_1_614' title='bbox 1802 4233 1920 4303; x_wconf 80' lang='grc' dir='ltr'>περὶ</span> 
     </span>
    </p>
   </div>
   <div class='ocr_carea' id='block_1_84' title="bbox 2030 4214 3681 4303">
    <p class='ocr_par' dir='ltr' id='par_1_84' title="bbox 2032 4225 3681 4299">
     <span class='ocr_line' id='line_1_84' title="bbox 2032 4225 3681 4299; baseline -0.004 -10"><span class='ocrx_word' id='word_1_615' title='bbox 2032 4233 2201 4289; x_wconf 90' lang='lat' dir='ltr'><strong>cione</strong></span> <span class='ocrx_word' id='word_1_616' title='bbox 2214 4231 2465 4288; x_wconf 87' lang='lat' dir='ltr'><strong>obstans</strong></span> <span class='ocrx_word' id='word_1_617' title='bbox 2489 4227 2846 4299; x_wconf 80' lang='lat' dir='ltr'><strong>evangelista</strong></span> <span class='ocrx_word' id='word_1_618' title='bbox 2865 4225 2939 4282; x_wconf 92' lang='lat' dir='ltr'><strong>de</strong></span> <span class='ocrx_word' id='word_1_619' title='bbox 2959 4226 3086 4282; x_wconf 90' lang='lat' dir='ltr'><strong>solo</strong></span> <span class='ocrx_word' id='word_1_620' title='bbox 3116 4233 3380 4298; x_wconf 90' lang='lat' dir='ltr'><strong>tempore</strong></span> <span class='ocrx_word' id='word_1_621' title='bbox 3413 4226 3681 4282; x_wconf 90' lang='lat' dir='ltr'><strong>nativita-</strong></span> 
     </span>
    </p>
   </div>
   <div class='ocr_carea' id='block_1_85' title="bbox 311 4306 1962 4393">
    <p class='ocr_par' dir='ltr' id='par_1_85' title="bbox 311 4306 1919 4390">
     <span class='ocr_line' id='line_1_85' title="bbox 311 4306 1919 4390; baseline 0.009 -36"><span class='ocrx_word' id='word_1_622' title='bbox 311 4306 472 4374; x_wconf 85' lang='grc' dir='ltr'>μόνου</span> <span class='ocrx_word' id='word_1_623' title='bbox 540 4311 634 4357; x_wconf 85' lang='grc' dir='ltr'>τοῦ</span> <span class='ocrx_word' id='word_1_624' title='bbox 677 4311 841 4380; x_wconf 85' lang='grc' dir='ltr'>μέχρι</span> <span class='ocrx_word' id='word_1_625' title='bbox 891 4317 982 4370; x_wconf 82' lang='grc' dir='ltr'>τῆς</span> <span class='ocrx_word' id='word_1_626' title='bbox 1057 4306 1217 4363; x_wconf 77' lang='grc' dir='ltr'>αὐτοῦ</span> <span class='ocrx_word' id='word_1_627' title='bbox 1292 4317 1578 4384; x_wconf 86' lang='grc' dir='ltr'>γεννήσεως</span> <span class='ocrx_word' id='word_1_628' title='bbox 1637 4312 1919 4390; x_wconf 79' lang='grc' dir='ltr'>έπληροφό-</span> 
     </span>
    </p>
   </div>
   <div class='ocr_carea' id='block_1_86' title="bbox 2030 4306 3681 4393">
    <p class='ocr_par' dir='ltr' id='par_1_86' title="bbox 2031 4313 3681 4393">
     <span class='ocr_line' id='line_1_86' title="bbox 2031 4313 3681 4393; baseline -0.005 -15"><span class='ocrx_word' id='word_1_629' title='bbox 2031 4325 2154 4378; x_wconf 86' lang='lat' dir='ltr'><strong>tem</strong></span> <span class='ocrx_word' id='word_1_630' title='bbox 2184 4318 2551 4393; x_wconf 74' lang='lat' dir='ltr'><strong>praecedente</strong></span> <span class='ocrx_word' id='word_1_631' title='bbox 2585 4315 2826 4389; x_wconf 89' lang='lat' dir='ltr'><strong>plenam</strong></span> <span class='ocrx_word' id='word_1_632' title='bbox 2859 4314 2994 4370; x_wconf 86' lang='lat' dir='ltr'><strong>fecit</strong></span> <span class='ocrx_word' id='word_1_633' title='bbox 3023 4313 3237 4370; x_wconf 78' lang='lat' dir='ltr'><strong>ﬁdem:</strong></span> <span class='ocrx_word' id='word_1_634' title='bbox 3265 4313 3681 4386; x_wconf 89' lang='lat' dir='ltr'><strong>deinsequenti</strong></span> 
     </span>
    </p>
   </div>
   <div class='ocr_carea' id='block_1_87' title="bbox 309 4393 1960 4478">
    <p class='ocr_par' dir='ltr' id='par_1_87' title="bbox 309 4393 1919 4478">
     <span class='ocr_line' id='line_1_87' title="bbox 309 4393 1919 4478; baseline 0.01 -35"><span class='ocrx_word' id='word_1_635' title='bbox 309 4409 442 4478; x_wconf 88' lang='grc' dir='ltr'>ρησε</span> <span class='ocrx_word' id='word_1_636' title='bbox 467 4396 688 4465; x_wconf 86' lang='grc' dir='ltr'>χρόνου,</span> <span class='ocrx_word' id='word_1_637' title='bbox 721 4399 780 4448; x_wconf 87' lang='grc' dir='ltr'><strong>τό</strong></span> <span class='ocrx_word' id='word_1_638' title='bbox 829 4393 888 4449; x_wconf 72' lang='grc' dir='ltr'><strong>δι</strong></span> <span class='ocrx_word' id='word_1_639' title='bbox 939 4401 1070 4471; x_wconf 76' lang='grc' dir='ltr'>μετὰ</span> <span class='ocrx_word' id='word_1_640' title='bbox 1119 4406 1304 4468; x_wconf 83' lang='grc' dir='ltr'>ταῦτα,</span> <span class='ocrx_word' id='word_1_641' title='bbox 1359 4406 1442 4454; x_wconf 82' lang='grc' dir='ltr'>σοὶ</span> <span class='ocrx_word' id='word_1_642' title='bbox 1500 4403 1740 4457; x_wconf 74' lang='grc' dir='ltr'>κατελιπε</span> <span class='ocrx_word' id='word_1_643' title='bbox 1788 4405 1919 4458; x_wconf 86' lang='grc' dir='ltr'>συλ-</span> 
     </span>
    </p>
   </div>
   <div class='ocr_carea' id='block_1_88' title="bbox 2031 4393 3682 4478">
    <p class='ocr_par' dir='ltr' id='par_1_88' title="bbox 2031 4402 3682 4478">
     <span class='ocr_line' id='line_1_88' title="bbox 2031 4402 3682 4478; baseline -0.005 -12"><span class='ocrx_word' id='word_1_644' title='bbox 2031 4425 2171 4466; x_wconf 88' lang='lat' dir='ltr'><strong>vero</strong></span> <span class='ocrx_word' id='word_1_645' title='bbox 2202 4407 2308 4465; x_wconf 89' lang='lat' dir='ltr'><strong>tibi</strong></span> <span class='ocrx_word' id='word_1_646' title='bbox 2339 4405 2577 4478; x_wconf 89' lang='lat' dir='ltr'><strong>reliquit</strong></span> <span class='ocrx_word' id='word_1_647' title='bbox 2613 4403 3098 4475; x_wconf 89' lang='lat' dir='ltr'><strong>conjectandum.</strong></span> <span class='ocrx_word' id='word_1_648' title='bbox 3162 4402 3476 4469; x_wconf 90' lang='lat' dir='ltr'><strong>Quomodo</strong></span> <span class='ocrx_word' id='word_1_649' title='bbox 3523 4402 3682 4459; x_wconf 90' lang='lat' dir='ltr'><strong>enim</strong></span> 
     </span>
    </p>
   </div>
   <div class='ocr_carea' id='block_1_89' title="bbox 312 4477 1963 4564">
    <p class='ocr_par' dir='ltr' id='par_1_89' title="bbox 312 4477 1963 4564">
     <span class='ocr_line' id='line_1_89' title="bbox 312 4477 1963 4564; baseline 0.01 -33"><span class='ocrx_word' id='word_1_650' title='bbox 312 4477 640 4551; x_wconf 70' lang='grc' dir='ltr'>λογίζεσθαι.</span> <span class='ocrx_word' id='word_1_651' title='bbox 696 4490 814 4547; x_wconf 87' lang='grc' dir='ltr'><strong>Πῶς</strong></span> <span class='ocrx_word' id='word_1_652' title='bbox 867 4489 967 4562; x_wconf 85' lang='grc' dir='ltr'>γὰρ</span> <span class='ocrx_word' id='word_1_653' title='bbox 1023 4485 1085 4539; x_wconf 83' lang='grc' dir='ltr'><strong>ἂν</strong></span> <span class='ocrx_word' id='word_1_654' title='bbox 1144 4487 1503 4564; x_wconf 79' lang='grc' dir='ltr'>έπεχείρησεν,</span> <span class='ocrx_word' id='word_1_655' title='bbox 1560 4492 1589 4552; x_wconf 82' lang='grc' dir='ltr'><strong>ή</strong></span> <span class='ocrx_word' id='word_1_656' title='bbox 1651 4497 1742 4546; x_wconf 87' lang='grc' dir='ltr'><strong>καί</strong></span> <span class='ocrx_word' id='word_1_657' title='bbox 1791 4493 1963 4564; x_wconf 47' lang='grc' dir='ltr'>ὅλως,</span> 
     </span>
    </p>
   </div>
   <div class='ocr_carea' id='block_1_90' title="bbox 2030 4477 3681 4564">
    <p class='ocr_par' dir='ltr' id='par_1_90' title="bbox 2032 4477 3681 4564">
     <span class='ocr_line' id='line_1_90' title="bbox 2032 4477 3681 4564; baseline -0.005 -7"><span class='ocrx_word' id='word_1_658' title='bbox 2032 4501 2326 4562; x_wconf 89' lang='lat' dir='ltr'><strong>tentasset,</strong></span> <span class='ocrx_word' id='word_1_659' title='bbox 2364 4477 2483 4551; x_wconf 14' lang='lat' dir='ltr'><strong>vel,</strong></span> <span class='ocrx_word' id='word_1_660' title='bbox 2511 4494 2691 4550; x_wconf 89' lang='lat' dir='ltr'><strong>etiam</strong></span> <span class='ocrx_word' id='word_1_661' title='bbox 2735 4491 3054 4564; x_wconf 88' lang='lat' dir='ltr'><strong>cogitasset</strong></span> <span class='ocrx_word' id='word_1_662' title='bbox 3118 4507 3254 4549; x_wconf 91' lang='lat' dir='ltr'><strong>eam</strong></span> <span class='ocrx_word' id='word_1_663' title='bbox 3301 4506 3681 4563; x_wconf 84' lang='lat' dir='ltr'><strong>cognoscere,</strong></span> 
     </span>
    </p>
   </div>
   <div class='ocr_carea' id='block_1_91' title="bbox 315 4552 1966 4658">
    <p class='ocr_par' dir='ltr' id='par_1_91' title="bbox 315 4552 1966 4658">
     <span class='ocr_line' id='line_1_91' title="bbox 315 4552 1966 4658; baseline 0.011 -38"><span class='ocrx_word' id='word_1_664' title='bbox 315 4565 607 4658; x_wconf 61' lang='grc' dir='ltr'>ένεθυμήθη</span> <span class='ocrx_word' id='word_1_665' title='bbox 674 4552 886 4644; x_wconf 28' lang='grc' dir='ltr'>γνῶναι*</span> <span class='ocrx_word' id='word_1_666' title='bbox 936 4552 1030 4634; x_wconf 68' lang='grc' dir='ltr'><strong>τήν</strong></span> <span class='ocrx_word' id='word_1_667' title='bbox 1101 4552 1460 4632; x_wconf 57' lang='grc' dir='ltr'>συλλαϐοῦσαν</span> <span class='ocrx_word' id='word_1_668' title='bbox 1491 4552 1572 4632; x_wconf 44' lang='grc' dir='ltr'><strong>’ἐκ</strong></span> <span class='ocrx_word' id='word_1_669' title='bbox 1629 4552 1966 4656; x_wconf 75' lang='grc' dir='ltr'>Πνεύματος]</span> 
     </span>
    </p>
   </div>
   <div class='ocr_carea' id='block_1_92' title="bbox 2034 4552 3685 4658">
    <p class='ocr_par' dir='ltr' id='par_1_92' title="bbox 2034 4552 3685 4658">
     <span class='ocr_line' id='line_1_92' title="bbox 2034 4552 3685 4658; baseline -0.002 -15"><span class='ocrx_word' id='word_1_670' title='bbox 2034 4552 2247 4657; x_wconf 54' lang='lat' dir='ltr'><strong>quisue</strong></span> <span class='ocrx_word' id='word_1_671' title='bbox 2272 4552 2490 4658; x_wconf 79' lang='lat' dir='ltr'><strong>spiritu</strong></span> <span class='ocrx_word' id='word_1_672' title='bbox 2504 4587 2711 4639; x_wconf 89' lang='lat' dir='ltr'><strong>sancto</strong></span> <span class='ocrx_word' id='word_1_673' title='bbox 2730 4552 3116 4653; x_wconf 68' lang='lat' dir='ltr'><strong>concepisset,</strong></span> <span class='ocrx_word' id='word_1_674' title='bbox 3141 4552 3488 4654; x_wconf 66' lang='lat' dir='ltr'><strong>tantumque</strong></span> <span class='ocrx_word' id='word_1_675' title='bbox 3526 4552 3685 4640; x_wconf 80' lang='lat' dir='ltr'><strong>facta</strong></span> 
     </span>
    </p>
   </div>
   <div class='ocr_carea' id='block_1_93' title="bbox 316 4655 1967 4746">
    <p class='ocr_par' dir='ltr' id='par_1_93' title="bbox 316 4655 1920 4746">
     <span class='ocr_line' id='line_1_93' title="bbox 316 4655 1920 4746; baseline 0.011 -37"><span class='ocrx_word' id='word_1_676' title='bbox 316 4655 492 4746; x_wconf 65' lang='grc' dir='ltr'>ὀιγίου,</span> <span class='ocrx_word' id='word_1_677' title='bbox 559 4665 648 4714; x_wconf 80' lang='grc' dir='ltr'>καὶ</span> <span class='ocrx_word' id='word_1_678' title='bbox 715 4670 947 4716; x_wconf 81' lang='grc' dir='ltr'>τοιοῦτον</span> <span class='ocrx_word' id='word_1_679' title='bbox 1019 4661 1234 4738; x_wconf 85' lang='grc' dir='ltr'>δοχείον</span> <span class='ocrx_word' id='word_1_680' title='bbox 1305 4674 1643 4742; x_wconf 69' lang='grc' dir='ltr'>γεγενημένην</span> <span class='ocrx_word' id='word_1_681' title='bbox 1679 4687 1692 4738; x_wconf 90' lang='lat'><strong>;</strong></span> <span class='ocrx_word' id='word_1_682' title='bbox 1726 4655 1920 4726; x_wconf 86' lang='grc' dir='ltr'>Γνῶσιν</span> 
     </span>
    </p>
   </div>
   <div class='ocr_carea' id='block_1_94' title="bbox 2035 4655 3686 4746">
    <p class='ocr_par' dir='ltr' id='par_1_94' title="bbox 2035 4655 3686 4746">
     <span class='ocr_line' id='line_1_94' title="bbox 2035 4655 3686 4746; baseline -0.003 -14"><span class='ocrx_word' id='word_1_683' title='bbox 2035 4655 2636 4746; x_wconf 75' lang='lat' dir='ltr'><strong>essetreceptaculum</strong></span> <span class='ocrx_word' id='word_1_684' title='bbox 2661 4671 2688 4728; x_wconf 71' lang='lat'><strong>7</strong></span> <span class='ocrx_word' id='word_1_685' title='bbox 2718 4671 3132 4742; x_wconf 91' lang='lat' dir='ltr'><strong>Cognitionem</strong></span> <span class='ocrx_word' id='word_1_686' title='bbox 3157 4676 3358 4728; x_wconf 90' lang='lat' dir='ltr'><strong>autem</strong></span> <span class='ocrx_word' id='word_1_687' title='bbox 3383 4671 3478 4729; x_wconf 80' lang='lat' dir='ltr'><strong>hic</strong></span> <span class='ocrx_word' id='word_1_688' title='bbox 3501 4671 3686 4728; x_wconf 89' lang='lat' dir='ltr'><strong>hone-</strong></span> 
     </span>
    </p>
   </div>
   <div class='ocr_carea' id='block_1_95' title="bbox 321 4741 1972 4838">
    <p class='ocr_par' dir='ltr' id='par_1_95' title="bbox 321 4741 1924 4838">
     <span class='ocr_line' id='line_1_95' title="bbox 321 4741 1924 4838; baseline 0.011 -40"><span class='ocrx_word' id='word_1_689' title='bbox 321 4741 401 4812; x_wconf 78' lang='grc' dir='ltr'><strong>δε,</strong></span> <span class='ocrx_word' id='word_1_690' title='bbox 445 4745 667 4838; x_wconf 66' lang='grc' dir='ltr'>ένταῦθα</span> <span class='ocrx_word' id='word_1_691' title='bbox 710 4756 799 4810; x_wconf 83' lang='grc' dir='ltr'><strong>τήν</strong></span> <span class='ocrx_word' id='word_1_692' title='bbox 837 4755 1113 4828; x_wconf 83' lang='grc' dir='ltr'>συνάφειαν</span> <span class='ocrx_word' id='word_1_693' title='bbox 1163 4756 1402 4829; x_wconf 87' lang='grc' dir='ltr'>εύφήμως</span> <span class='ocrx_word' id='word_1_694' title='bbox 1456 4741 1712 4814; x_wconf 78' lang='grc' dir='ltr'>ἐκάλεσεν.</span> <span class='ocrx_word' id='word_1_695' title='bbox 1765 4760 1924 4815; x_wconf 79' lang='grc' dir='ltr'><strong>Ἀλλὰ</strong></span> 
     </span>
    </p>
   </div>
   <div class='ocr_carea' id='block_1_96' title="bbox 2033 4741 3684 4838">
    <p class='ocr_par' dir='ltr' id='par_1_96' title="bbox 2033 4741 3684 4838">
     <span class='ocr_line' id='line_1_96' title="bbox 2033 4741 3684 4838; baseline -0.002 -17"><span class='ocrx_word' id='word_1_696' title='bbox 2033 4768 2118 4821; x_wconf 90' lang='lat' dir='ltr'><strong>ste</strong></span> <span class='ocrx_word' id='word_1_697' title='bbox 2142 4780 2252 4838; x_wconf 88' lang='lat' dir='ltr'><strong>pro</strong></span> <span class='ocrx_word' id='word_1_698' title='bbox 2277 4741 2476 4820; x_wconf 78' lang='lat' dir='ltr'><strong>carnis</strong></span> <span class='ocrx_word' id='word_1_699' title='bbox 2515 4741 2934 4819; x_wconf 89' lang='lat' dir='ltr'><strong>commistione</strong></span> <span class='ocrx_word' id='word_1_700' title='bbox 2962 4761 3178 4832; x_wconf 91' lang='lat' dir='ltr'><strong>posuit.</strong></span> <span class='ocrx_word' id='word_1_701' title='bbox 3245 4762 3340 4817; x_wconf 82' lang='lat' dir='ltr'><strong>Est</strong></span> <span class='ocrx_word' id='word_1_702' title='bbox 3397 4765 3684 4834; x_wconf 66' lang='lat' dir='ltr'><strong>praeterea</strong></span> 
     </span>
    </p>
   </div>
   <div class='ocr_carea' id='block_1_97' title="bbox 319 4833 1970 4927">
    <p class='ocr_par' dir='ltr' id='par_1_97' title="bbox 319 4833 1921 4920">
     <span class='ocr_line' id='line_1_97' title="bbox 319 4833 1921 4920; baseline 0.011 -34"><span class='ocrx_word' id='word_1_703' title='bbox 319 4839 411 4888; x_wconf 77' lang='grc' dir='ltr'>καὶ</span> <span class='ocrx_word' id='word_1_704' title='bbox 460 4833 657 4912; x_wconf 82' lang='grc' dir='ltr'>ἰδίωμά</span> <span class='ocrx_word' id='word_1_705' title='bbox 714 4839 825 4894; x_wconf 76' lang='grc' dir='ltr'>ἔστι</span> <span class='ocrx_word' id='word_1_706' title='bbox 879 4850 971 4906; x_wconf 85' lang='grc' dir='ltr'>τῆς</span> <span class='ocrx_word' id='word_1_707' title='bbox 1021 4850 1244 4920; x_wconf 85' lang='grc' dir='ltr'>Γραφῆς,</span> <span class='ocrx_word' id='word_1_708' title='bbox 1297 4850 1354 4899; x_wconf 87' lang='grc' dir='ltr'>τὸ</span> <span class='ocrx_word' id='word_1_709' title='bbox 1401 4851 1496 4907; x_wconf 74' lang='grc' dir='ltr'><strong>τήν</strong></span> <span class='ocrx_word' id='word_1_710' title='bbox 1545 4847 1678 4912; x_wconf 79' lang='grc' dir='ltr'>λέξιν</span> <span class='ocrx_word' id='word_1_711' title='bbox 1733 4849 1921 4904; x_wconf 86' lang='grc' dir='ltr'>πολλά-</span> 
     </span>
    </p>
   </div>
   <div class='ocr_carea' id='block_1_98' title="bbox 2034 4833 3685 4927">
    <p class='ocr_par' dir='ltr' id='par_1_98' title="bbox 2035 4833 3685 4927">
     <span class='ocr_line' id='line_1_98' title="bbox 2035 4833 3685 4927; baseline -0.004 -16"><span class='ocrx_word' id='word_1_712' title='bbox 2035 4833 2344 4927; x_wconf 67' lang='lat' dir='ltr'><strong>Scriptura)</strong></span> <span class='ocrx_word' id='word_1_713' title='bbox 2383 4852 2624 4917; x_wconf 89' lang='lat' dir='ltr'><strong>idioma,</strong></span> <span class='ocrx_word' id='word_1_714' title='bbox 2655 4849 3000 4918; x_wconf 90' lang='lat' dir='ltr'><strong>dictionem,</strong></span> <span class='ocrx_word' id='word_1_715' title='bbox 3033 4850 3232 4918; x_wconf 84' lang='lat' dir='ltr'><strong>donec,</strong></span> <span class='ocrx_word' id='word_1_716' title='bbox 3281 4833 3532 4924; x_wconf 87' lang='lat' dir='ltr'><strong>ponere:</strong></span> <span class='ocrx_word' id='word_1_717' title='bbox 3568 4863 3685 4906; x_wconf 91' lang='lat' dir='ltr'><strong>non</strong></span> 
     </span>
    </p>
   </div>
   <div class='ocr_carea' id='block_1_99' title="bbox 321 4929 1972 5015">
    <p class='ocr_par' dir='ltr' id='par_1_99' title="bbox 321 4929 1924 5012">
     <span class='ocr_line' id='line_1_99' title="bbox 321 4929 1924 5012; baseline 0.01 -35"><span class='ocrx_word' id='word_1_718' title='bbox 321 4943 422 4993; x_wconf 88' lang='grc' dir='ltr'>κις,</span> <span class='ocrx_word' id='word_1_719' title='bbox 479 4930 576 4986; x_wconf 81' lang='grc' dir='ltr'><strong>τήν</strong></span> <span class='ocrx_word' id='word_1_720' title='bbox 629 4929 740 4999; x_wconf 77' lang='grc' dir='ltr'>ἕως,</span> <span class='ocrx_word' id='word_1_721' title='bbox 795 4935 866 5003; x_wconf 81' lang='grc' dir='ltr'>μὴ</span> <span class='ocrx_word' id='word_1_722' title='bbox 927 4930 1010 4985; x_wconf 80' lang='grc' dir='ltr'>έπὶ</span> <span class='ocrx_word' id='word_1_723' title='bbox 1080 4939 1490 5010; x_wconf 85' lang='grc' dir='ltr'>περιωρισμένου</span> <span class='ocrx_word' id='word_1_724' title='bbox 1547 4939 1744 4991; x_wconf 77' lang='grc' dir='ltr'>τιθέναι</span> <span class='ocrx_word' id='word_1_725' title='bbox 1794 4943 1924 5012; x_wconf 87' lang='grc' dir='ltr'>χρό-</span> 
     </span>
    </p>
   </div>
   <div class='ocr_carea' id='block_1_100' title="bbox 2032 4929 3683 5015">
    <p class='ocr_par' dir='ltr' id='par_1_100' title="bbox 2034 4939 3683 5015">
     <span class='ocr_line' id='line_1_100' title="bbox 2034 4939 3683 5015; baseline -0.001 -17"><span class='ocrx_word' id='word_1_726' title='bbox 2034 4948 2099 4999; x_wconf 92' lang='lat' dir='ltr'><strong>ut</strong></span> <span class='ocrx_word' id='word_1_727' title='bbox 2137 4946 2370 5015; x_wconf 91' lang='lat' dir='ltr'><strong>tempus</strong></span> <span class='ocrx_word' id='word_1_728' title='bbox 2401 4941 2770 4998; x_wconf 90' lang='lat' dir='ltr'><strong>determinet.</strong></span> <span class='ocrx_word' id='word_1_729' title='bbox 2800 4940 2980 4996; x_wconf 86' lang='lat' dir='ltr'><strong>Veluti</strong></span> <span class='ocrx_word' id='word_1_730' title='bbox 3011 4939 3085 4996; x_wconf 91' lang='lat' dir='ltr'><strong>de</strong></span> <span class='ocrx_word' id='word_1_731' title='bbox 3111 4957 3252 4998; x_wconf 86' lang='lat' dir='ltr'><strong>arca</strong></span> <span class='ocrx_word' id='word_1_732' title='bbox 3292 4944 3410 4997; x_wconf 90' lang='lat' dir='ltr'><strong>Noe</strong></span> <span class='ocrx_word' id='word_1_733' title='bbox 3439 4941 3534 4996; x_wconf 81' lang='lat' dir='ltr'><strong>:Et</strong></span> <span class='ocrx_word' id='word_1_734' title='bbox 3566 4953 3683 4996; x_wconf 81' lang='lat' dir='ltr'><strong>non</strong></span> 
     </span>
    </p>
   </div>
   <div class='ocr_carea' id='block_1_101' title="bbox 320 5017 1971 5102">
    <p class='ocr_par' dir='ltr' id='par_1_101' title="bbox 320 5017 1921 5102">
     <span class='ocr_line' id='line_1_101' title="bbox 320 5017 1921 5102; baseline 0.011 -38"><span class='ocrx_word' id='word_1_735' title='bbox 320 5029 409 5102; x_wconf 77' lang='grc' dir='ltr'><strong>νου</strong></span> <span class='ocrx_word' id='word_1_736' title='bbox 443 5035 456 5048; x_wconf 77' lang='grc' dir='ltr'><strong><em>ο</em></strong></span> <span class='ocrx_word' id='word_1_737' title='bbox 490 5017 539 5051; x_wconf 84' lang='grc'><strong>²⁰</strong></span> <span class='ocrx_word' id='word_1_738' title='bbox 581 5018 645 5078; x_wconf 83' lang='grc' dir='ltr'>ὡς</span> <span class='ocrx_word' id='word_1_739' title='bbox 695 5023 754 5072; x_wconf 86' lang='lat' dir='ltr'><strong>r6</strong></span> <span class='ocrx_word' id='word_1_740' title='bbox 802 5019 885 5074; x_wconf 72' lang='grc' dir='ltr'><strong>ἰπὶ</strong></span> <span class='ocrx_word' id='word_1_741' title='bbox 937 5029 1028 5083; x_wconf 80' lang='grc' dir='ltr'>τῆς</span> <span class='ocrx_word' id='word_1_742' title='bbox 1079 5022 1303 5077; x_wconf 84' lang='grc' dir='ltr'>κιϐωτοῦ</span> <span class='ocrx_word' id='word_1_743' title='bbox 1343 5046 1355 5060; x_wconf 77' lang='grc' dir='ltr'><strong>ο</strong></span> <span class='ocrx_word' id='word_1_744' title='bbox 1398 5031 1498 5080; x_wconf 82' lang='grc' dir='ltr'><strong>Καὶ</strong></span> <span class='ocrx_word' id='word_1_745' title='bbox 1546 5027 1640 5079; x_wconf 85' lang='grc' dir='ltr'><strong>ούκ</strong></span> <span class='ocrx_word' id='word_1_746' title='bbox 1689 5026 1921 5102; x_wconf 74' lang='grc' dir='ltr'>ἐπέστρε-</span> 
     </span>
    </p>
   </div>
   <div class='ocr_carea' id='block_1_102' title="bbox 2035 5017 3686 5102">
    <p class='ocr_par' dir='ltr' id='par_1_102' title="bbox 2035 5029 3686 5101">
     <span class='ocr_line' id='line_1_102' title="bbox 2035 5029 3686 5101; baseline -0.005 -11"><span class='ocrx_word' id='word_1_747' title='bbox 2035 5038 2119 5090; x_wconf 82' lang='lat' dir='ltr'><strong>est</strong></span> <span class='ocrx_word' id='word_1_748' title='bbox 2149 5046 2414 5090; x_wconf 83' lang='lat' dir='ltr'><strong>reversus</strong></span> <span class='ocrx_word' id='word_1_749' title='bbox 2442 5046 2666 5097; x_wconf 79' lang='lat' dir='ltr'><strong>corvus,</strong></span> <span class='ocrx_word' id='word_1_750' title='bbox 2700 5031 2885 5088; x_wconf 84' lang='lat' dir='ltr'><strong>donec</strong></span> <span class='ocrx_word' id='word_1_751' title='bbox 2915 5029 3131 5087; x_wconf 79' lang='lat' dir='ltr'><strong>siccata</strong></span> <span class='ocrx_word' id='word_1_752' title='bbox 3156 5035 3240 5086; x_wconf 80' lang='lat' dir='ltr'><strong>est</strong></span> <span class='ocrx_word' id='word_1_753' title='bbox 3272 5035 3431 5086; x_wconf 78' lang='lat' dir='ltr'><strong>terra</strong></span> <span class='ocrx_word' id='word_1_754' title='bbox 3456 5045 3468 5085; x_wconf 90' lang='lat'><strong>:</strong></span> <span class='ocrx_word' id='word_1_755' title='bbox 3505 5043 3686 5101; x_wconf 82' lang='lat' dir='ltr'><strong>neque</strong></span> 
     </span>
    </p>
   </div>
   <div class='ocr_carea' id='block_1_103' title="bbox 318 5099 1969 5193">
    <p class='ocr_par' dir='ltr' id='par_1_103' title="bbox 318 5099 1921 5193">
     <span class='ocr_line' id='line_1_103' title="bbox 318 5099 1921 5193; baseline 0.01 -39"><span class='ocrx_word' id='word_1_756' title='bbox 318 5099 413 5173; x_wconf 70' lang='grc' dir='ltr'>ψεν</span> <span class='ocrx_word' id='word_1_757' title='bbox 460 5105 486 5156; x_wconf 93' lang='grc' dir='ltr'><strong>ό</strong></span> <span class='ocrx_word' id='word_1_758' title='bbox 535 5106 715 5182; x_wconf 86' lang='grc' dir='ltr'>κόραξ,</span> <span class='ocrx_word' id='word_1_759' title='bbox 784 5110 878 5171; x_wconf 78' lang='grc' dir='ltr'>ἕως</span> <span class='ocrx_word' id='word_1_760' title='bbox 945 5111 1007 5164; x_wconf 80' lang='grc' dir='ltr'>οὗ</span> <span class='ocrx_word' id='word_1_761' title='bbox 1075 5111 1328 5188; x_wconf 76' lang='grc' dir='ltr'>ἐξηράνθη</span> <span class='ocrx_word' id='word_1_762' title='bbox 1387 5116 1417 5174; x_wconf 88' lang='grc' dir='ltr'><strong>ή</strong></span> <span class='ocrx_word' id='word_1_763' title='bbox 1466 5123 1558 5188; x_wconf 83' lang='grc' dir='ltr'>γῆ.</span> <span class='ocrx_word' id='word_1_764' title='bbox 1633 5120 1766 5170; x_wconf 79' lang='grc' dir='ltr'>Οὔτε</span> <span class='ocrx_word' id='word_1_765' title='bbox 1820 5099 1921 5193; x_wconf 79' lang='grc' dir='ltr'><strong>γὰρ</strong></span> 
     </span>
    </p>
   </div>
   <div class='ocr_carea' id='block_1_104' title="bbox 2037 5099 3688 5193">
    <p class='ocr_par' dir='ltr' id='par_1_104' title="bbox 2037 5099 3688 5192">
     <span class='ocr_line' id='line_1_104' title="bbox 2037 5099 3688 5192; baseline -0.004 -14"><span class='ocrx_word' id='word_1_766' title='bbox 2037 5120 2188 5178; x_wconf 79' lang='lat' dir='ltr'><strong>enim</strong></span> <span class='ocrx_word' id='word_1_767' title='bbox 2204 5127 2410 5192; x_wconf 82' lang='lat' dir='ltr'><strong>postea</strong></span> <span class='ocrx_word' id='word_1_768' title='bbox 2423 5135 2688 5178; x_wconf 78' lang='lat' dir='ltr'><strong>reversus</strong></span> <span class='ocrx_word' id='word_1_769' title='bbox 2701 5125 2786 5176; x_wconf 82' lang='lat' dir='ltr'><strong>est</strong></span> <span class='ocrx_word' id='word_1_770' title='bbox 2808 5121 2876 5175; x_wconf 85' lang='grc'><strong>²⁰.</strong></span> <span class='ocrx_word' id='word_1_771' title='bbox 2898 5119 2962 5173; x_wconf 87' lang='lat' dir='ltr'><strong>Et</strong></span> <span class='ocrx_word' id='word_1_772' title='bbox 2982 5133 3189 5174; x_wconf 84' lang='lat' dir='ltr'><strong>rurum</strong></span> <span class='ocrx_word' id='word_1_773' title='bbox 3212 5135 3225 5175; x_wconf 92' lang='lat'>:</span> <span class='ocrx_word' id='word_1_774' title='bbox 3251 5118 3397 5175; x_wconf 86' lang='lat' dir='ltr'><strong>Sede</strong></span> <span class='ocrx_word' id='word_1_775' title='bbox 3416 5132 3453 5174; x_wconf 90' lang='lat' dir='ltr'><strong>a</strong></span> <span class='ocrx_word' id='word_1_776' title='bbox 3474 5099 3688 5174; x_wconf 69' lang='grc' dir='ltr'>άεωὶνὶε</span> 
     </span>
    </p>
   </div>
   <div class='ocr_carea' id='block_1_105' title="bbox 315 5193 1966 5282">
    <p class='ocr_par' dir='ltr' id='par_1_105' title="bbox 315 5193 1923 5274">
     <span class='ocr_line' id='line_1_105' title="bbox 315 5193 1923 5274; baseline 0.009 -28"><span class='ocrx_word' id='word_1_777' title='bbox 315 5193 450 5265; x_wconf 84' lang='grc' dir='ltr'>μετὰ</span> <span class='ocrx_word' id='word_1_778' title='bbox 499 5202 667 5250; x_wconf 82' lang='grc' dir='ltr'>ταῦτα</span> <span class='ocrx_word' id='word_1_779' title='bbox 712 5195 1012 5274; x_wconf 67' lang='grc' dir='ltr'>ἐπέστρεψε.</span> <span class='ocrx_word' id='word_1_780' title='bbox 1079 5207 1180 5256; x_wconf 81' lang='lat' dir='ltr'><strong>Kal</strong></span> <span class='ocrx_word' id='word_1_781' title='bbox 1242 5199 1392 5267; x_wconf 78' lang='grc' dir='ltr'>αὖθις</span> <span class='ocrx_word' id='word_1_782' title='bbox 1425 5224 1439 5238; x_wconf 87' lang='grc'><strong>·</strong></span> <span class='ocrx_word' id='word_1_783' title='bbox 1484 5207 1658 5259; x_wconf 83' lang='grc' dir='ltr'>Κάθου</span> <span class='ocrx_word' id='word_1_784' title='bbox 1715 5204 1772 5259; x_wconf 81' lang='grc' dir='ltr'><strong>έκ</strong></span> <span class='ocrx_word' id='word_1_785' title='bbox 1830 5203 1923 5260; x_wconf 82' lang='grc' dir='ltr'>δε-</span> 
     </span>
    </p>
   </div>
   <div class='ocr_carea' id='block_1_106' title="bbox 2034 5193 3685 5282">
    <p class='ocr_par' dir='ltr' id='par_1_106' title="bbox 2034 5207 3685 5282">
     <span class='ocr_line' id='line_1_106' title="bbox 2034 5207 3685 5282; baseline -0.002 -14"><span class='ocrx_word' id='word_1_786' title='bbox 2034 5212 2193 5277; x_wconf 79' lang='lat' dir='ltr'><strong>meis,</strong></span> <span class='ocrx_word' id='word_1_787' title='bbox 2225 5209 2405 5268; x_wconf 82' lang='lat' dir='ltr'><strong>donec</strong></span> <span class='ocrx_word' id='word_1_788' title='bbox 2421 5225 2642 5282; x_wconf 85' lang='lat' dir='ltr'><strong>ponam</strong></span> <span class='ocrx_word' id='word_1_789' title='bbox 2668 5208 2928 5266; x_wconf 80' lang='lat' dir='ltr'><strong>inimicos</strong></span> <span class='ocrx_word' id='word_1_790' title='bbox 2953 5213 3080 5266; x_wconf 73' lang='lat' dir='ltr'><strong>tuo:</strong></span> <span class='ocrx_word' id='word_1_791' title='bbox 3108 5207 3426 5266; x_wconf 78' lang='lat' dir='ltr'><strong>scabellum</strong></span> <span class='ocrx_word' id='word_1_792' title='bbox 3468 5207 3685 5279; x_wconf 75' lang='lat' dir='ltr'><strong>pedum</strong></span> 
     </span>
    </p>
   </div>
   <div class='ocr_carea' id='block_1_107' title="bbox 387 5317 2498 5403">
    <p class='ocr_par' dir='ltr' id='par_1_107' title="bbox 387 5317 2498 5403">
     <span class='ocr_line' id='line_1_107' title="bbox 387 5317 2498 5403; baseline 0.008 -28"><span class='ocrx_word' id='word_1_793' title='bbox 387 5319 431 5355; x_wconf 76' lang='grc'><strong>³⁷</strong></span> <span class='ocrx_word' id='word_1_794' title='bbox 473 5317 641 5378; x_wconf 81' lang='lat' dir='ltr'><strong>Deut.</strong></span> <span class='ocrx_word' id='word_1_795' title='bbox 673 5337 807 5392; x_wconf 83' lang='lat' dir='ltr'><strong>xm,</strong></span> <span class='ocrx_word' id='word_1_796' title='bbox 839 5327 933 5384; x_wconf 85' lang='lat'><strong>27.</strong></span> <span class='ocrx_word' id='word_1_797' title='bbox 1016 5325 1197 5398; x_wconf 76' lang='lat' dir='ltr'><strong>&quot;Isa,</strong></span> <span class='ocrx_word' id='word_1_798' title='bbox 1226 5341 1318 5396; x_wconf 87' lang='lat' dir='ltr'><strong>vu,</strong></span> <span class='ocrx_word' id='word_1_799' title='bbox 1358 5332 1443 5387; x_wconf 70' lang='grc'><strong>14.</strong></span> <span class='ocrx_word' id='word_1_800' title='bbox 1521 5331 1568 5367; x_wconf 80' lang='grc'><strong>¹⁹</strong></span> <span class='ocrx_word' id='word_1_801' title='bbox 1598 5329 1713 5389; x_wconf 86' lang='lat' dir='ltr'><strong>lsa.</strong></span> <span class='ocrx_word' id='word_1_802' title='bbox 1744 5347 1862 5399; x_wconf 80' lang='lat' dir='ltr'><strong>vni,</strong></span> <span class='ocrx_word' id='word_1_803' title='bbox 1904 5333 1958 5390; x_wconf 87' lang='lat'><strong>3.</strong></span> <span class='ocrx_word' id='word_1_804' title='bbox 2038 5336 2086 5372; x_wconf 76' lang='grc' dir='ltr'><strong>³ο</strong></span> <span class='ocrx_word' id='word_1_805' title='bbox 2117 5337 2260 5393; x_wconf 87' lang='lat' dir='ltr'><strong>Gen.</strong></span> <span class='ocrx_word' id='word_1_806' title='bbox 2294 5353 2413 5403; x_wconf 84' lang='lat' dir='ltr'><strong>vm,</strong></span> <span class='ocrx_word' id='word_1_807' title='bbox 2444 5341 2498 5392; x_wconf 87' lang='lat'><strong>7.</strong></span> 
     </span>
    </p>
   </div>
   <div class='ocr_carea' id='block_1_108' title="bbox 1519 5455 2438 5529">
    <p class='ocr_par' dir='ltr' id='par_1_108' title="bbox 1519 5455 2438 5529">
     <span class='ocr_line' id='line_1_108' title="bbox 1519 5455 2438 5529; baseline 0.003 -3"><span class='ocrx_word' id='word_1_808' title='bbox 1519 5455 1744 5526; x_wconf 60' lang='lat' dir='ltr'><strong>Variae</strong></span> <span class='ocrx_word' id='word_1_809' title='bbox 1781 5455 2111 5527; x_wconf 88' lang='lat' dir='ltr'><strong>lectiones</strong></span> <span class='ocrx_word' id='word_1_810' title='bbox 2142 5465 2206 5528; x_wconf 91' lang='lat' dir='ltr'><strong>et</strong></span> <span class='ocrx_word' id='word_1_811' title='bbox 2235 5468 2438 5529; x_wconf 72' lang='lat' dir='ltr'><strong>notae.</strong></span> 
     </span>
    </p>
   </div>
   <div class='ocr_carea' id='block_1_109' title="bbox 381 5589 2032 5682">
    <p class='ocr_par' dir='ltr' id='par_1_109' title="bbox 381 5589 2032 5674">
     <span class='ocr_line' id='line_1_109' title="bbox 381 5589 2032 5674; baseline 0.008 -28"><span class='ocrx_word' id='word_1_812' title='bbox 381 5589 494 5666; x_wconf 84' lang='grc'><strong>(31)</strong></span> <span class='ocrx_word' id='word_1_813' title='bbox 523 5590 766 5652; x_wconf 88' lang='lat' dir='ltr'><strong>Videtur</strong></span> <span class='ocrx_word' id='word_1_814' title='bbox 788 5592 905 5653; x_wconf 89' lang='lat' dir='ltr'><strong>hoc</strong></span> <span class='ocrx_word' id='word_1_815' title='bbox 943 5593 1146 5654; x_wconf 87' lang='lat' dir='ltr'><strong>referri</strong></span> <span class='ocrx_word' id='word_1_816' title='bbox 1175 5596 1252 5655; x_wconf 86' lang='lat' dir='ltr'><strong>ad</strong></span> <span class='ocrx_word' id='word_1_817' title='bbox 1278 5598 1456 5657; x_wconf 84' lang='lat' dir='ltr'><strong>Joan.</strong></span> <span class='ocrx_word' id='word_1_818' title='bbox 1503 5613 1583 5665; x_wconf 84' lang='grc' dir='ltr'>ιιι,</span> <span class='ocrx_word' id='word_1_819' title='bbox 1625 5598 1716 5656; x_wconf 76' lang='grc'><strong>41.</strong></span> <span class='ocrx_word' id='word_1_820' title='bbox 1770 5598 2032 5674; x_wconf 67' lang='lat' dir='ltr'><strong>Scripsi:</strong></span> 
     </span>
    </p>
   </div>
   <div class='ocr_carea' id='block_1_110' title="bbox 2033 5589 3684 5682">
    <p class='ocr_par' dir='ltr' id='par_1_110' title="bbox 2033 5599 3684 5682">
     <span class='ocr_line' id='line_1_110' title="bbox 2033 5599 3684 5682; baseline 0 -22"><span class='ocrx_word' id='word_1_821' title='bbox 2033 5604 2225 5660; x_wconf 68' lang='lat' dir='ltr'><strong>autem</strong></span> <span class='ocrx_word' id='word_1_822' title='bbox 2261 5601 2604 5676; x_wconf 77' lang='grc' dir='ltr'>γεγεννῆσθαι</span> <span class='ocrx_word' id='word_1_823' title='bbox 2647 5599 2872 5678; x_wconf 89' lang='lat' dir='ltr'><strong>duplici</strong></span> <span class='ocrx_word' id='word_1_824' title='bbox 2900 5621 2975 5670; x_wconf 81' lang='grc' dir='ltr'><strong>νν,</strong></span> <span class='ocrx_word' id='word_1_825' title='bbox 3013 5599 3121 5682; x_wconf 86' lang='lat' dir='ltr'><strong>etsi</strong></span> <span class='ocrx_word' id='word_1_826' title='bbox 3161 5616 3283 5663; x_wconf 88' lang='lat' dir='ltr'><strong>nno</strong></span> <span class='ocrx_word' id='word_1_827' title='bbox 3320 5615 3684 5679; x_wconf 87' lang='lat' dir='ltr'><strong>repereram.</strong></span> 
     </span>
    </p>
   </div>
  </div>
