4180 6498
518 336 623 404 135

1862 330 2197 401 EUTHYMII
2236 335 2566 401 ZIGABENI

3815 333 3951 397 {36

519 480 776 529 tuorum.
804 473 847 508 ἰ
872 471 1192 543 Atquipost
1220 471 1604 528 inimicorum
1635 471 2087 545 subiectionem,
2130 486 2167 528 a

2283 471 2398 534 Ειῶν
2448 490 2570 544 μου,
2621 471 2710 532 ἕως
2757 469 2818 522 ἂν
2877 470 2949 522 θῶ
2998 473 3120 532 τοὺς
3167 467 3396 541 ὶχθρούς
3442 486 3539 521 σου
3589 463 3947 521 ὑποπόδιον

519 561 739 619 dextris
765 562 892 632 ejus
928 560 1123 626 sedet;
1156 559 1540 633 plurimaque
1579 561 1796 619 similia
1829 560 2168 634 frequenter

518 655 844 724 ponuntur.
885 648 1349 719 Primogenitum
1393 666 1635 725 quoque
1666 666 1827 707 nunc
1861 651 2017 715 dicit,
2042 665 2166 706 non

515 757 651 798 eum
683 740 780 812 qui
809 739 960 795 inter
983 739 1198 796 fratres
1238 739 1470 811 primus
1515 739 1709 806 fuerit,
1763 740 1868 797 sed
1917 740 2161 812 primum

516 834 572 887 et
595 830 810 886 solum.
855 832 1007 884 Inter
1044 827 1216 884 varia
1246 843 1508 901 namque
1537 829 1913 902 primogeniti
1945 828 2161 898 signiﬁ-

513 926 665 985 cata,
692 917 809 974 tale
838 918 1020 973 etiam
1049 916 1363 989 quidpiam
1393 918 1746 974 continetur.
1794 919 2021 974 Etenim
2045 918 2166 988 pri-

514 1024 686 1065 mum
722 1021 965 1079 quoque
1005 1021 1137 1062 esse
1183 1021 1344 1070 eum,
1394 1007 1499 1077 qui
1550 1006 1712 1063 solus
1751 1011 1860 1073 est,
1917 1011 2169 1063 testatur

519 1096 846 1167 Scriptura,
887 1110 1023 1150 cum
1051 1094 1194 1151 dicrt
1222 1111 1233 1148 :
1263 1095 1381 1167 Ego
1428 1097 1585 1152 Deus
1641 1096 1884 1167 primus,
1953 1101 2008 1152 et
2037 1101 2168 1166 post

520 1197 612 1239 me
635 1195 755 1237 non
780 1186 866 1237 est
895 1181 1051 1238 alter
1076 1183 1143 1236 ".

593 1382 635 1451 «ι-
659 1378 834 1452 Apud
861 1393 1095 1434 sacram
1127 1377 1492 1450 Scripturam
1557 1382 1812 1450 quatuor
1863 1381 2169 1450 ponuntur

523 1468 858 1539 signiﬁcata
881 1467 1059 1539 hujus
1084 1467 1368 1531 nominis,
1417 1465 1874 1539 primogenitus.
1926 1469 2170 1524 Denotat

523 1572 789 1630 namque
817 1557 1078 1629 primum
1101 1557 1253 1612 inter
1276 1556 1486 1612 fratres
1515 1556 1803 1626 genitum.
1834 1556 1930 1612 Sic
1963 1557 2168 1612 Ruben

524 1645 735 1702 dicitur
745 1645 1175 1716 primogenitus
1187 1646 1251 1701 in
1262 1645 1398 1715 ﬁliis
1409 1645 1589 1702 Ja'cob
1607 1646 1676 1700 ³³.
1715 1644 2012 1716 Signiﬁcat
2023 1661 2169 1717 quo-

524 1751 643 1807 que
668 1735 929 1807 primum
962 1739 1018 1790 et
1046 1734 1242 1790 solum
1274 1735 1562 1804 genitum,
1613 1734 1764 1790 sicut
1792 1734 1853 1790 in
1896 1735 2167 1806 praesenti

521 1799 782 1882 ιὸοοῖΑά
803 1826 932 1880 haec
947 1824 1124 1880 etiam
1137 1799 1379 1882 denotat
1389 1799 1697 1896 egregium
1717 1831 1771 1880 et
1790 1799 2165 1880 bon-oratum.
2200 1799 2246 1858 Β

525 1915 617 1970 Sic
655 1913 892 1984 dicitur,
935 1915 1194 1970 Ecclesia
1232 1915 1753 1986 primogenitorum
1796 1915 1858 1970 in
1889 1914 2037 1970 cretis
2073 1913 2170 1970 de-

518 2006 885 2074 scriptorum
901 2006 948 2040 ³⁸
963 2005 1178 2059 Praeter
1191 2004 1318 2060 haec
1340 2009 1538 2060 autem
1554 2005 1775 2073 omnia,
1801 2004 2098 2074 signiﬁcat
2119 2009 2173 2060 et

524 2107 664 2149 eum
696 2093 798 2166 qui
832 2092 1176 2166 simpliciter
1191 2095 1513 2165 praecessit,
1539 2093 1702 2164 juxta
1722 2093 1906 2150 illud:
1948 2094 2170 2149 Primo.

521 2183 756 2253 genitus
776 2181 962 2238 omnis
999 2189 1290 2239 creaturae
1319 2184 1366 2218 ³⁸
1411 2183 1524 2240 hoc
1581 2185 1693 2249 est,
1733 2188 1870 2240 ante
1926 2197 2170 2240 omnem

521 2275 856 2328 creaturam
886 2271 1116 2328 habens
1145 2287 1297 2329 esse.

593 2362 750 2416 Vers.
766 2359 852 2416 25.
874 2362 950 2417 Et
963 2362 1184 2418 vocavit
1199 2376 1424 2418 nomem
1439 2363 1560 2432 ejus
1572 2361 1791 2418 Iesum.
1812 2359 2064 2418 Vocavit
2079 2361 2170 2418 Jo-

521 2448 688 2523 seph,
720 2450 1240 2522 quemadmodum
1281 2450 1531 2506 edoctus
1569 2449 1798 2507 eratab
1827 2449 2066 2522 angelo.

1060 2593 1217 2650 CAP.
1250 2594 1394 2649 l.De
1411 2592 1632 2663 Magis.

601 2735 745 2807 Cap.
781 2737 847 2799 ll,
877 2735 1040 2799 Vers,
1062 2735 1113 2790 1.
1133 2734 1275 2790 Cum
1294 2742 1487 2791 autem
1505 2737 1735 2806 genitus
1757 2742 1902 2793 esset
1923 2737 2086 2793 Jesus
2109 2769 2175 2778 —

527 2825 962 2893 Hierosolyma.
996 2825 1190 2888 Quare
1216 2829 1271 2878 et
1299 2823 1498 2880 locum
1531 2824 1686 2889 dicit,
1733 2829 1789 2880 et
1818 2829 2074 2897 tempus,
2109 2842 2177 2882 ac

529 2911 775 2968 Herodis
799 2911 1149 2980 dignitatem
1179 2912 1207 2966 ?
1238 2911 1458 2967 Locum
1500 2911 1764 2984 quidem,
1798 2917 1862 2968 ut
1899 2914 2179 2971 ostendat

531 3000 890 3072 completam
937 3015 1064 3054 esse
1104 3000 1354 3056 Michreaa
1411 3002 1800 3074 prophetiam,
1868 3004 1971 3076 qui
2003 3004 2174 3060 dixit:

531 3090 608 3145 Et
634 3095 719 3160 tu,
735 3087 1037 3152 Bethleem,
1072 3095 1232 3145 terra
1260 3089 1434 3155 Juda,
1474 3105 1840 3162 nequaquam
1859 3093 2100 3151 minima
2120 3109 2177 3150 es

529 3181 688 3234 inter
705 3178 1004 3248 principes
1024 3177 1216 3249 Iuda,-
1247 3194 1318 3235 ex
1340 3185 1392 3234 te
1407 3180 1555 3235 enim
1585 3181 1766 3237 exibit
1793 3182 1919 3238 dua:
1948 3183 2052 3254 qui
2089 3199 2177 3240 re-

529 3273 625 3336 gat
645 3265 923 3336 populum
941 3281 1131 3323 meum
1156 3268 1344 3324 Israel
1364 3269 1436 3325 ".
1463 3271 1722 3342 Tempus
1743 3285 1904 3340 vero,
1932 3277 1992 3328 ut
2017 3272 2177 3327 simi-

531 3355 1236 3429 literdoceret,impletam
1250 3373 1382 3414 esse
1395 3359 1769 3432 prophetiam
1783 3359 2178 3417 Jacobdicen-

531 3446 600 3502 tis
615 3463 627 3501 :
645 3447 775 3502 Non
788 3446 1006 3518 deﬁciet
1018 3447 1422 3517 principatum
1450 3453 1648 3504 tenens
1662 3450 1733 3504 de
1745 3449 1783 3503 J
1787 3450 1922 3514 uda,
1939 3466 2040 3505 nec
2057 3451 2178 3506 dux

527 3535 599 3591 de
632 3536 954 3604 femoribus
986 3538 1131 3605 ejus,
1164 3537 1349 3594 donec
1379 3539 1641 3603 veniant,
1673 3553 1804 3609 quae
1845 3541 1897 3594 ei
1931 3541 2178 3609 reposita

527 3626 741 3680 sunt".
776 3624 1034 3679 Instante
1053 3639 1272 3695 nempe
1299 3625 1627 3680 nativitatis
1652 3625 1860 3681 Christi
1889 3631 2176 3699 tempore,

529 3711 739 3767 defecit
761 3711 1163 3783 principatum
1182 3717 1390 3768 tenens
1403 3713 1477 3769 de
1497 3716 1521 3769 Ι
1530 3714 1664 3773 uda.
1683 3730 1753 3770 ac
1772 3714 2056 3786 deinceps
2078 3715 2182 3771 do-

529 3799 936 3870 minaricmpit
952 3797 1210 3854 Herodes
1234 3800 1528 3855 Idummus
1550 3801 1902 3872 alienigena.
1925 3802 2182 3873 Dignita-

530 3894 647 3944 tem
679 3903 923 3960 quoque
975 3889 1177 3959 posuit
1221 3888 1480 3943 Herodis.
1533 3890 1658 3944 Fuit
1709 3890 1866 3946 enim
1925 3897 1980 3946 et
2035 3891 2182 3948 alter

533 3977 796 4032 Herodes
827 3977 1137 4040 tetrarcha,
1165 3978 1264 4048 qui
1295 3977 1727 4036 Praacursorem
1745 3980 2063 4038 interemit.

613 4188 676 4242 Ηι
711 4189 910 4242 autem
942 4181 1092 4254 Magi
1145 4186 1314 4240 erant
1368 4183 1581 4240 Persae.
1632 4183 1942 4258 Siquidem
1984 4185 2176 4243 Persae

530 4280 795 4336 maxime
823 4275 972 4329 inter
993 4287 1203 4328 omnes
1235 4274 1508 4329 nationes
1540 4274 1775 4346 magica
1801 4276 2176 4332 exercebant.

530 4367 854 4426 Considera
866 4363 1062 4427 etiam,
1078 4381 1110 4434 q
1125 4362 1387 4418 uomodo
1403 4363 1598 4419 statim
1615 4380 1650 4419 a
1664 4365 1956 4438 principio
1996 4366 2182 4438 genti-

531 4458 650 4516 bus
664 4457 724 4512 in
739 4453 1149 4511 confusionem
1167 4455 1192 4508 J
1202 4452 1530 4520 udaaorum,
1546 4453 1684 4510 ﬁdei
1692 4453 1798 4524 jan
1807 4471 1878 4510 ua
1892 4455 2177 4527 aperitur.

531 4547 677 4603 Cum
704 4543 862 4600 enim
892 4541 952 4597 hi
983 4541 1304 4612 prophetas
1335 4540 1643 4607 habentes,
1667 4542 1767 4616 qui
1797 4542 2004 4599 Christi
2035 4560 2183 4615 pras-

529 4635 802 4692 dixerant
830 4631 1173 4696 adventum,
1215 4644 1430 4701 parum
1461 4631 1833 4687 adverterent
1888 4634 2175 4698 animum,

528 4725 665 4781 ideo
707 4719 1071 4792 dispositum
1124 4721 1228 4784 est,
1262 4723 1327 4774 ut
1376 4719 1645 4776 venirent
1695 4721 1953 4786 Barbari,
2000 4721 2182 4794 hique

530 4805 1433 4883 Magi,etelonginquaregione,
1464 4815 1527 4863 ut
1558 4826 1658 4864 eos
1707 4810 2182 4884 docerent,qnod

531 4919 566 4958 a
591 4899 852 4976 propriis
900 4896 1206 4970 prOphetis
1244 4895 1471 4952 discere
1524 4913 1641 4954 non
1689 4900 1998 4968 curabant,
2027 4909 2087 4957 ut
2119 4918 2182 4958 se

530 4997 739 5066 postea
785 4986 1136 5044 contendere
1197 4984 1492 5041 voluerint
1544 5003 1661 5044 non
1699 4990 1962 5047 habeant
2017 4993 2181 5065 quod

531 5079 959 5154 reSpondeant.
995 5074 1148 5144 Quid
1172 5076 1328 5131 enim
1368 5075 1562 5132 dicere
1597 5084 1895 5152 poterunt,
1937 5081 2183 5154 quando

605 5285 649 5321 ²¹
679 5283 835 5338 Psal.
864 5297 975 5347 CIX,
1010 5283 1063 5338 1.
1138 5283 1185 5354 θ’
1219 5284 1330 5339 Isa.
1362 5298 1514 5354 κων,
1550 5287 1606 5340 6.

535 5356 588 5411 2.
655 5356 704 5393 ³⁷
736 5354 878 5412 Gen.
911 5369 1068 5422 XLIX,
1095 5353 1179 5411 10.

2275 570 2374 613 τῶν
2427 558 2605 614 ποδῶν
2662 579 2778 613 σου.
2840 564 3042 624 Καίτοι,
3114 564 3204 610 καὶ
3255 561 3385 631 μετὰ
3456 563 3550 616 τὴν
3609 559 3946 629 ὑποταγὴν

2275 659 2375 702 τῶν
2423 649 2648 724 έχθρῶν,
2709 652 2899 720 ὁμοίως
2974 648 3028 700 ἐκ
3081 644 3264 710 δεξιῶν
3335 646 3496 699 αὐτοῦ
3557 643 3938 702 καθεδεῖται.

2279 739 2378 792 Καὶ
2427 738 2588 791 πολλὰ
2635 746 2853 790 τοιαῦτα
2922 737 3190 808 πολλαχοῦ
3245 740 3469 808 κείμενα.
3543 741 3938 808 Πρωτότοκον

2277 824 2357 895 δε,
2388 827 2522 898 λέγει
2573 834 2681 898 νῦν,
2727 827 2786 879 ού
2816 830 2903 879 τόν
2951 835 3150 899 πρῶτον
3209 825 3258 877 έν
3313 822 3569 896 ἀδελφοῖς,
3625 823 3768 876 ἀλλὰ
3825 830 3937 877 τὸν

2275 921 2362 968 καὶ
2403 926 2623 989 πρῶτον,
2673 921 2764 968 καὶ
2817 920 2988 988 μόνον.
3047 914 3200 967 ’Ἐστι
3251 916 3351 988 γάρ
3409 933 3459 964 τι
3502 919 3590 966 καὶ
3646 921 3934 967 τοιοῦτον

2277 1002 2413 1066 εἶδος
2457 1006 2508 1058 έν
2555 1012 2669 1067 ταῖς
2715 1009 3003 1077 σημασίαις
3050 1011 3141 1055 τοῦ
3195 1007 3548 1076 πρωτοτόκου.
3622 1007 3725 1055 Καὶ
3795 1007 3930 1077 γὰρ

2277 1094 2394 1165 (32)
2443 1100 2644 1168 πρῶτόν
2692 1093 2856 1161 ἔστιν,
2916 1095 2998 1145 ὅτε
3052 1096 3138 1144 τὸν
3186 1097 3338 1164 μόνον
3385 1092 3413 1149 ἠ
3451 1096 3626 1164 Γραφή
3677 1091 3862 1145 καλεῖ
3908 1110 3924 1124 ·

2277 1185 2341 1244 ὡς
2387 1188 2446 1235 τό
2484 1201 2496 1212 ο
2530 1186 2664 1254 Ἐγώ
2712 1183 2815 1255 εἰμι
2885 1185 3012 1242 Θεὸς
3069 1189 3290 1255 πρῶτος,
3340 1185 3430 1233 καὶ
3486 1181 3595 1252 μετ’
3652 1178 3743 1252 ἔμε
3806 1181 3926 1234 οὐκ

2275 1274 2411 1326 ἔστιν
2440 1274 2623 1345 ἕτερος.

2347 1397 2616 1471 [Τέσσαρα
2640 1392 2700 1448 δέ
2727 1396 2838 1467 (33)
2867 1394 3010 1470 παρὰ
3038 1403 3097 1468 τῇ
3147 1396 3257 1467 θεία
3288 1400 3462 1467 Γραφῇ
3506 1400 3596 1446 τοῦ
3622 1399 3923 1466 πρωτοτόο

2277 1507 2371 1540 κου
2403 1491 2467 1539 τὰ
2500 1490 2872 1559 σημαινόμενα.
2916 1485 3071 1542 Δηλοῖ
3113 1488 3213 1559 γὰρ
3262 1487 3348 1536 τὸν
3393 1492 3595 1556 πρῶτον
3625 1485 3917 1554 τεχθέντα

2279 1576 2327 1629 ἕν
2378 1573 2636 1648 ἀδελφοῖς,
2697 1577 2766 1636 ὡς
2822 1577 2846 1626 ὁ
2889 1574 3126 1646 Ῥουϐεὶμ
3186 1573 3384 1645 λέγεται
3457 1576 3783 1646 πρωτότοκος
3852 1573 3913 1625 ἐν

2280 1669 2408 1725 υἱοῖς
2469 1663 2671 1717 Ἰακώϐ.
2734 1663 2849 1716 "Erl
2907 1660 2964 1716 δὲ
3020 1668 3106 1714 καὶ
3161 1665 3244 1714 τὸν
3316 1669 3515 1736 πρῶτον
3574 1667 3662 1714 καὶ
3725 1668 3909 1733 μόνον

2280 1757 2552 1826 τεχθέντα,
2608 1756 2672 1813 ὡς
2722 1756 2806 1806 επὶ
2863 1760 2952 1804 τοῦ
3002 1756 3335 1824 προκειμένου
3392 1750 3575 1824 ῥητοῦ.
3635 1754 3770 1822 ΙἸρός
3833 1748 3904 1803 δὲ

2279 1847 2503 1912 τούτοις,
2558 1847 2646 1894 καὶ
2696 1845 2781 1893 τόν
2826 1841 3081 1915 ἐξαίρετον
3129 1845 3216 1891 καὶ
3256 1844 3425 1911 τίμιον
3470 1881 3482 1893 .
3517 1841 3586 1892 ὡς
3629 1843 3686 1891 τό
3724 1858 3736 1870 ·
3785 1845 3903 1893 Καὶ

2283 1933 2567 1990 Ἐκκλησία
2642 1935 2979 2005 πρωτοτόκων
3064 1930 3533 2002 ἀπογεγραμμένων
3609 1927 3656 1979 ἐν
3723 1929 3900 2001 ούρα-

2280 2030 2402 2082 νοίς.
2445 2023 2558 2075 Ἐπί
2588 2027 2720 2072 πᾶσι
2767 2017 2846 2086 δι,
2897 2024 2985 2070 καὶ
3024 2024 3109 2070 τόν
3155 2018 3323 2078 ἁπλῶς
3372 2022 3619 2092 προόντα,
3673 2021 3739 2079 ὡς
3770 2027 3830 2070 τό
3877 2041 3892 2052 ·

2282 2115 2613 2188 Πρωτότοκος
2682 2111 2856 2171 πάσης
2921 2114 3157 2174 κτίσεως,
3237 2112 3492 2177 τουτέστι,
3547 2111 3645 2180 πρὸ
3703 2109 3891 2170 πάσης

2281 2205 2500 2263 κτίσεως
2532 2199 2642 2270 olm]

2355 2384 2454 2434 Kal
2505 2378 2712 2432 έκάλεσε
2787 2380 2842 2430 τὸ
2918 2380 3078 2449 ὄνομα
3153 2374 3310 2427 αύτοῦ
3378 2374 3601 2433 Ἰησοῦν.
3665 2374 3870 2428 Ἐκάλε-

2285 2489 2368 2522 σεν
2412 2470 2540 2522 αύτὸ
2571 2469 2596 2520 ὁ
2628 2467 2844 2539 Ἰωσὴφ,
2889 2468 2952 2527 ὡς
2997 2460 3264 2536 ἐδιδάχθη
3322 2466 3466 2538 παρὰ
3514 2470 3606 2516 τοῦ
3638 2462 3880 2534 ἀγγέλου.

2676 2613 2820 2664 ΚΕΦ.
2861 2607 2935 2663 Δ’.
2968 2611 3094 2680 Περὶ
3132 2613 3230 2658 τῶν
3268 2611 3480 2677 Μαγων.

2357 2754 2426 2811 Β’.
2479 2759 2581 2806 Τοῦ
2639 2747 2698 2804 δε
2769 2751 2943 2807 Ἰησοῦ
3015 2749 3338 2820 γεννηθέντος
3403 2777 3475 2787 -
3529 2745 3879 2820 Ἰεροσόλυμα·

2284 2849 2428 2902 Τίνος
2481 2843 2658 2907 ἕνεκεν,
2700 2842 2787 2891 καὶ
2842 2843 2928 2890 τόν
2985 2843 3140 2889 τόπον
3192 2835 3346 2907 λέγει,
3402 2838 3491 2886 καὶ
3545 2839 3630 2887 τόν
3670 2841 3879 2908 χρόνον,

2285 2938 2374 2984 καὶ
2418 2934 2475 2983 τὸ
2527 2938 2618 2982 τοῦ
2671 2924 2907 3002 Ἡρώδου
2986 2924 3190 2997 ἀξίωμα
3223 2941 3236 2990 ;
3270 2929 3366 2976 Τόν
3423 2926 3514 2995 μεν
3566 2927 3740 2989 τόπον,
3804 2925 3885 2976 ἱνα

2288 3017 2458 3092 δείξῃ,
2527 3020 2606 3070 ὅτι
2654 3016 2989 3090 πεπλήρωται
3042 3015 3070 3071 ἠ
3132 3020 3222 3064 τοῦ
3284 3016 3521 3083 Μιχαίου
3575 3017 3882 3084 προφητεία,

2286 3109 2594 3183 εἰρηκότος·
2631 3111 2730 3158 Καὶ
2789 3108 2872 3173 σύ,
2949 3102 3190 3173 Βηθλεὲμ,
3259 3110 3325 3171 γῆ
3394 3095 3588 3169 Ἰούδα,
3645 3097 3886 3172 ούδαμῶς

2285 3199 2542 3268 ἐλαχιστη
2601 3191 2648 3247 εἶ
2694 3193 2741 3245 έν
2795 3201 2898 3251 τοῖς
2950 3194 3200 3263 ἡγεμόσιν
3254 3186 3430 3242 Ἰούδα
3471 3205 3484 3217 °
3524 3187 3580 3240 ἕκ
3637 3196 3732 3240 σοῦ
3783 3193 3884 3262 γὰρ

2287 3285 2600 3350 ἐξελεύσεται
2674 3284 2974 3354 ἡγούμενος,
3057 3281 3199 3338 ὅστις
3281 3284 3522 3349 ποιμανεί
3602 3280 3690 3328 τὸν
3765 3277 3886 3344 λαόν

2283 3395 2385 3448 μου
2444 3377 2529 3426 τὸν
2582 3370 2816 3443 Ἰσραήλ.
2861 3373 2959 3421 Τὸν
3017 3363 3075 3420 δὲ
3121 3371 3334 3440 χρόνον,
3393 3367 3474 3417 ἶνα
3521 3361 3742 3436 διδάξῃ,
3807 3368 3887 3418 ὅτι

2283 3467 2477 3536 ὁμοίως
2553 3460 2822 3532 ἐπληρώθη
2909 3462 2998 3508 καὶ
3053 3458 3082 3514 ἡ
3143 3459 3431 3529 προφητεία
3513 3462 3604 3506 τοῦ
3677 3453 3884 3520 Ἰακὼϐ,

2288 3553 2560 3610 εἰπόντος·
2597 3549 2707 3601 Ούκ
2783 3545 3002 3616 ἐκλείψει
3084 3546 3265 3616 ἄρχων
3352 3543 3407 3606 ἕξ
3481 3539 3678 3608 Ἰούδα,
3764 3538 3889 3595 ούδε

2288 3642 2567 3712 ἡγούμενος
2631 3636 2685 3688 ἐκ
2739 3643 2839 3688 τῶν
2895 3643 3072 3708 μηρῶν
3132 3633 3311 3702 αύτοῦ,
3370 3634 3460 3694 ἕως
3524 3629 3582 3683 ἂν
3639 3631 3785 3703 ἢθη,

2291 3728 2581 3782 ἀπόκειται.
2635 3733 2738 3778 Τοῦ
2788 3731 3021 3798 Χριστοῦ
3069 3726 3170 3795 γὰρ
3223 3724 3530 3793 γεννηθῆναι
3595 3720 3889 3793 μέλλοντος,

2290 3817 2510 3881 ἐξέλιπεν
2571 3817 2752 3889 ἄρχων
2806 3813 2858 3877 ἐξ
2924 3809 3125 3880 Ἰούδα,
3201 3815 3290 3862 καὶ
3357 3809 3534 3862 λοιπόν
3603 3809 3726 3884 ἦρξε
3789 3818 3888 3860 τῶν

2290 3903 2561 3960 Ἰουδαίων
2613 3900 2853 3976 Ἡρώδης
2903 3903 2928 3954 ὁ
2982 3897 3302 3973 Ἰδουμαῖος,
3356 3897 3648 3971 ἀλλόφυλος.
3706 3901 3774 3952 Τὸ
3830 3893 3891 3950 δι

2213 4011 2216 4014 ‘
2289 3995 2496 4069 ἀξίωμα
2535 4001 2627 4046 τοῦ
2675 3988 2934 4066 Ἡρώδου,
2969 3987 3109 4042 διότι
3157 3994 3244 4041 καὶ
3283 3989 3452 4062 ἕτερος
3480 3991 3684 4060 γέγονεν
3719 3986 3888 4060 Ἡρώ-

2291 4083 2392 4147 δης
2420 4087 2446 4137 ό
2471 4085 2785 4158 τετράρχης,
2819 4082 2844 4133 ὁ
2874 4084 2960 4132 τόν
2994 4074 3298 4154 Προδρομον
3329 4076 3532 4132 ἀνελών.

2361 4191 2520 4247 Οὗτοι
2546 4186 2604 4243 δι
2635 4191 2684 4242 οἱ
2727 4190 2922 4259 Μάγοι,
2976 4190 3173 4258 Πέρσαι
3228 4181 3382 4243 ἦσαν.
3433 4187 3500 4235 Ol
3544 4186 3743 4257 Πέρσαι
3786 4184 3887 4257 γαρ

2289 4280 2522 4354 μάλιστα
2575 4287 2675 4330 τῶν
2735 4277 2898 4330 ἄλλων
2956 4279 3151 4333 ἤσκουν
3210 4276 3276 4326 τὰ
3331 4274 3550 4346 μαγικά.
3610 4271 3748 4346 Ὀρα
3807 4268 3886 4337 δε,

2289 4373 2422 4430 ὃπῶς
2494 4370 2550 4422 έκ
2620 4370 2909 4442 προοιμίων
2985 4363 3244 4435 ἀνοίγεται
3317 4369 3428 4423 τοῖς
3505 4363 3672 4414 ἔθνεσι
3760 4363 3892 4433 θύρα

2288 4465 2534 4522 πίστεως,
2569 4455 2640 4519 εἰς
2669 4455 2931 4526 αἰσχύνην
2979 4463 3077 4506 τῶν
3123 4447 3412 4506 Ἰουδαίων.
3459 4450 3600 4504 Ἐπεὶ
3647 4452 3746 4522 γὰρ
3789 4457 3890 4500 τῶν

2289 4555 2565 4622 προφητῶν
2620 4545 2911 4610 ἀκούοντες,
2967 4546 3466 4618 προαναφωνούντων
3514 4543 3607 4598 τὴν
3655 4545 3891 4613 Χριστοῦ

2290 4641 2606 4709 παρουσίαν,
2653 4634 2712 4687 ού
2769 4630 2979 4707 σφόδρα
3030 4638 3336 4705 προσεῖχον,
3383 4629 3712 4700 ᾠκονομήθη,
3766 4635 3890 4702 Bap-

2291 4726 2482 4802 ϐάρους
2535 4724 2717 4793 ἕλθεῖν,
2776 4727 2865 4775 καὶ
2911 4725 3123 4782 τούτους
3175 4723 3412 4790 Μάγους,
3463 4723 3551 4770 καὶ
3604 4717 3657 4769 ἐκ
3709 4723 3890 4789 χώρας

2290 4822 2510 4890 μακρᾶς,
2568 4818 2658 4866 καὶ
2725 4809 2945 4874 διδάξαι
2998 4811 3207 4876 αύτούς,
3266 4809 3291 4860 ὃ
3345 4810 3487 4880 παρὰ
3540 4816 3638 4859 τῶν
3695 4826 3893 4881 προφηο

2291 4913 2389 4958 τῶν
2437 4905 2619 4976 μαθεῖν
2672 4901 2765 4954 ούκ
2818 4902 3128 4972 ἠνέσχοντο,
3193 4901 3292 4962 ἶνα,
3355 4897 3398 4949 εἰ
3445 4896 3894 4969 φιλονεικήσουσιν

2291 4998 2387 5059 ἔτι,
2442 4994 2617 5054 πάσης
2661 4989 2944 5062 ἀπολογίας
2984 4987 3111 5041 ὦσιν
3169 4987 3516 5062 ἐστερημένοι.
3576 4989 3639 5038 Τί
3676 4987 3777 5058 γὰρ
3833 4983 3893 5036 ἂν

2291 5087 2381 5138 καὶ
2431 5079 2676 5137 δύναιντο
2737 5080 2919 5152 λέγειν,
2976 5079 3097 5132 ὅταν
3165 5077 3342 5149 Μάγοι
3415 5078 3504 5150 μὲν
3559 5073 3660 5127 ἀπὸ
3729 5073 3894 5145 ὅψεως

1687 5289 1731 5322 ³³
1755 5285 1897 5342 Gen.
1930 5302 2097 5345 xxxv.
2125 5288 2176 5344 2E

2292 5290 2340 5326 “
2368 5287 2544 5346 Hebr.
2578 5302 2739 5354 xvni,
2766 5286 2855 5343 23.
2933 5287 2980 5322 ³⁸
3013 5283 3241 5343 Coloss.
3275 5298 3311 5350 ι,
3349 5283 3433 5339 15.
3512 5284 3560 5318 ³⁸
3603 5279 3779 5338 Mich.
3829 5295 3890 5347 v,

1762 5482 1979 5553 Variae
2021 5484 2351 5554 lectiones
2391 5495 2456 5554 et
2487 5493 2669 5552 notae

533 5645 542 5656 ο
607 5623 724 5775 (323
762 5626 864 5680 Καί
890 5622 1059 5710 addit
1087 5625 1164 5684 A.

604 5699 695 5772 (33
749 5701 812 5755 Δί
839 5700 1058 5760 omittit
1085 5701 1149 5755 Α.

604 5699 695 5772 (33

749 5701 812 5755 Δί
839 5697 1058 5760 omittit
1085 5701 1149 5755 Α.
1183 5697 1464 5772 praeterea
1493 5693 1643 5762 haec,
1666 5713 1802 5772 qua:
1837 5699 2071 5758 inclusa
2097 5705 2256 5774 sunt,
2280 5703 2340 5760 in
2367 5699 2639 5775 margine
2692 5696 2894 5757 habet.
