4180 6460
216 426 320 496 13³7

1201 427 1573 491 COMMENT.
1617 431 1686 486 IN
1726 431 2180 492 MATTH/EUM.
2219 466 2285 476 —
2319 435 2484 492 CAP.
2526 427 2598 491 Ῑῐ.

3476 437 3578 494 138

218 563 334 624 ἑνὸς
363 561 576 635 ἀστέρος
603 561 975 629 πιστεύσωσιν,
1001 558 1149 612 αὐτοὶ
1167 554 1226 612 δὲ
1253 554 1390 632 μηδὲ
1413 565 1521 621 τοῖς
1545 560 1815 622 τοσούτοις

1934 559 2094 629 Magi,
2146 559 2274 617 viso
2324 560 2496 616 unico
2540 562 2724 626 astro,
2765 559 3155 628 crediderunt,
3210 561 3324 634 ipsi
3377 567 3577 622 autem

221 657 514 726 προφήταις
543 649 828 722 ἀνέχωνται
855 651 1146 705 πιστεύειν.

295 745 538 811 Λέγοντες
626 769 695 779 -
784 745 1153 812 προσκυνῆσαι
1251 737 1411 808 αύτῷ.
1493 740 1592 789 Καὶ
1663 737 1814 789 πόθεν

221 832 468 900 ἔγνωσαν,
523 829 599 879 ὅτι
659 828 685 878 ό
744 825 914 901 ἀστήρ
973 825 1162 886 ἐκεῖνος
1228 823 1487 898 βασιλέως
1545 821 1814 877 Ἰουδαίων

1251 736 1411 808 αύτῷ.

221 914 408 974 ἐδήλου
474 921 752 987 γέννησιν;
799 915 889 970 Ἐκ
955 923 1047 967 τοῦ
1121 919 1296 986 γένους
1352 921 1442 966 τοῦ
1496 911 1816 985 ἀστρολόγου

221 1005 432 1077 Βαλαὰμ
479 1009 844 1076 καταγόμενοι,
886 1009 975 1055 καὶ
1011 1007 1104 1060 τήν
1150 1001 1341 1054 ἐκείνου
1382 1007 1634 1073 μετιόντες
1673 999 1819 1052 ἐπισ-

218 1101 410 1166 τήμην,
467 1094 706 1166 εὕρισκον
760 1093 913 1145 αὐτόν
986 1095 1354 1165 προειρηκότα.
1439 1092 1518 1141 ὅτι
1566 1088 1818 1140 Ἀνατελεῖ

218 1182 412 1257 ἄστρον
471 1181 522 1244 ἐξ
601 1180 806 1245 Ἰακὼϐ,
880 1186 968 1232 καὶ
1040 1179 1385 1237 ἀναστήσεται
1445 1178 1706 1250 ἄνθρωπος
1765 1177 1819 1238 ἐξ

216 1271 434 1345 Ἰσραήλ
493 1275 582 1321 καὶ
638 1269 816 1320 λοιπόν
874 1268 973 1320 ἀπὸ
1031 1278 1124 1328 τῆς
1192 1270 1433 1326 τοιαύτης
1503 1271 1818 1338 προφητείας

223 1357 523 1429 ἐγίνωσκον,
575 1358 652 1409 ὃτι
704 1356 1006 1429 βλαστῆσαι
1048 1356 1214 1428 μέλλει
1263 1354 1315 1417 ἐξ
1360 1351 1620 1410 Ἰουδαίων
1664 1353 1815 1426 βασι-

223 1446 358 1516 λεύς,
417 1443 570 1502 δίκην
627 1444 837 1519 ἀστέρος
889 1445 1082 1516 ὑψηλός
1135 1449 1224 1496 καὶ
1274 1443 1655 1518 λαμπρότατος.
1718 1447 1819 1494 Καὶ

225 1534 402 1586 λοιπὸν
460 1537 630 1586 ἔκτοτε
693 1539 1013 1608 παρετήρουν
1065 1536 1179 1593 τοὺς
1239 1531 1484 1604 ἀστέρας⁶
1536 1539 1821 1588 τηνικαῦτα

225 1619 285 1675 δέ
337 1627 422 1674 τὸν
488 1622 723 1680 ἀσυνήθη
782 1630 962 1674 τοῦτον
1017 1626 1104 1674 καὶ
1155 1627 1434 1692 καινοφανῆ
1492 1620 1817 1690 θεασάμενοι,

221 1707 386 1783 μηδὲν
441 1710 780 1783 μελλήσαντες
829 1708 981 1784 ᾖλθον
1057 1717 1423 1784 προσκυνῆσαι
1493 1716 1565 1778 τῷ
1645 1726 1821 1778 γεννη-

225 1801 380 1868 θέντι,
464 1800 688 1860 θέλοντες
763 1799 821 1851 ἔκ
899 1805 1105 1874 πρώτης
1172 1797 1374 1858 ἡλικίας
1445 1796 1582 1868 αύτῳ
1651 1795 1820 1867 φιλίαν

1924 663 2118 720 neque
2150 653 2231 705 tot
2260 650 2567 722 prOphetis
2617 649 2850 706 credere
2888 649 3220 707 voluerunt.

1995 737 2158 793 Vers.
2193 738 2244 792 2.
2273 739 2529 794 Dicentes
2549 769 2605 779 —
2645 738 2722 793 ad
2745 739 3122 795 adorandum
3147 756 3296 798 eum.
3329 743 3394 798 Et
3423 743 3580 800 unde

1924 832 2332 895 cognoverunt
2364 826 2598 882 stellam
2632 826 2794 882 illam
2822 827 2972 897 regis
2998 827 3343 884 Judaorum
3374 831 3582 888 nativi-

1925 918 2104 970 tatem
2135 915 2512 970 manifestare
2543 915 2572 971 τ
2603 915 2752 980 Quia
2779 930 2849 970 ex
2881 931 3096 985 genere
3131 917 3369 974 Balaam
3400 925 3584 977 astro-

1925 1002 2046 1072 logi
2089 1002 2553 1070 descendebant,
2585 1003 2872 1073 etscripta
2898 1002 3058 1057 illius
3088 1005 3399 1075 adeuntes,
3420 1007 3582 1063 inve-

1924 1097 2139 1147 nerunt
2169 1091 2246 1146 ab
2271 1108 2336 1147 eo
2369 1092 2590 1146 dictum
2629 1108 2640 1146 :
2677 1091 2916 1148 Orietur
2964 1093 3141 1149 stella
3171 1108 3246 1150 ea:
3295 1093 3499 1160 Iacob,
3527 1103 3581 1154 et

1927 1187 2226 1250 consurget
2259 1179 2419 1235 homo
2449 1198 2515 1234 ea:
2555 1180 2736 1236 Israel
2775 1181 2842 1234 ³⁸.
2876 1181 2996 1235 Tali
3038 1181 3238 1254 itaque
3271 1184 3584 1255 prophetia

1926 1269 2198 1340 permoti,
2229 1273 2619 1338 agnoverunt,
2654 1285 2723 1324 ex
2747 1268 2969 1323 Judais
2992 1285 3191 1339 regem
3217 1271 3582 1329 nasciturum

1927 1357 1984 1411 in
2016 1357 2259 1410 modum
2293 1356 2497 1420 stella,
2546 1357 2848 1412 excelsum
2879 1357 3098 1413 scilicet
3129 1364 3184 1414 et
3210 1359 3458 1415 clarum.
3501 1363 3582 1416 Ex

1928 1461 1998 1500 eo
2027 1445 2205 1514 igitur
2230 1450 2492 1516 tempore
2517 1446 2717 1500 stellas
2745 1445 3146 1502 observabant
3179 1465 3191 1502 :
3223 1453 3358 1503 tunc
3382 1455 3582 1504 autem

1926 1534 2083 1589 hanc
2130 1535 2445 1601 insuetam,
2479 1539 2532 1590 et
2563 1540 2827 1590 recenter
2865 1540 3250 1607 apparentem
3294 1537 3578 1604 videntes,

1929 1621 2073 1676 nihil
2098 1621 2438 1678 cunctando
2472 1628 2782 1691 venerunt,
2813 1628 2872 1678 ut
2907 1639 3044 1678 eum
3093 1624 3194 1696 qui
3227 1629 3403 1680 natus
3433 1629 3578 1690 erat,

1928 1711 2268 1774 adorarent,
2296 1711 2562 1766 volentes
2595 1727 2630 1766 a
2660 1711 2855 1782 prima
2876 1711 3077 1767 statim
3105 1716 3273 1768 atate
3305 1712 3416 1784 ipsi
3443 1729 3583 1784 pen-

1929 1798 2068 1854 dere
2101 1798 2314 1854 tributa
2340 1800 2440 1870 (b),
2473 1803 2536 1854 ut
2565 1799 2976 1872 cognito,quis
2994 1805 3169 1866 esset,
3189 1805 3246 1856 et
3270 1801 3327 1856 in
3355 1816 3476 1873 qua
3493 1816 3584 1857 or-

221 1886 626 1952 καταϐαλέσθαι,
677 1893 767 1940 καὶ
825 1889 907 1939 ἵνα
958 1892 1181 1958 γνόντες,
1242 1891 1320 1948 τίς
1375 1906 1429 1937 τε
1476 1888 1576 1949 εἴη,
1635 1888 1725 1937 καί
1771 1884 1820 1935 ἐν

1934 1891 2024 1943 tus
2049 1887 2422 1950 civitate,ubi
2437 1888 2736 1952 crevisset,
2780 1889 3042 1944 amicum
3058 1889 3166 1944 sibi
3183 1888 3486 1945 haberent.
3518 1890 3582 1944 Et

221 1981 348 2048 ποίᾳ
387 1976 531 2028 πόλει
585 1981 909 2048 γεγέννηται,
962 1975 1232 2036 αύξάνοντι
1290 1973 1417 2046 φίλῳ
1475 1978 1811 2048 χρήσωνται.

221 2063 374 2117 Ἀλλά
421 2069 586 2139 μέχρι
629 2069 716 2137 μὲν
762 2063 1113 2122 Παλαιστίνης
1166 2064 1264 2113 ύπὸ
1295 2067 1385 2114 τοῦ
1435 2061 1647 2136 ἀστέρος
1677 2058 1821 2118 ὡδη-

223 2161 434 2225 γοῦντο·
498 2160 603 2212 τοῖς
650 2151 1032 2226 Ἱεροσολύμοις
1091 2146 1150 2202 δὲ
1196 2150 1590 2220 πλησιάσαντες,
1651 2149 1823 2201 ούκέτι

229 2249 408 2294 τοῦτον
466 2237 623 2294 εἶδον.
694 2247 858 2292 Τοῦτο
915 2235 974 2291 δὲ
1049 2242 1271 2310 γέγονεν,
1336 2239 1419 2290 ἵνα
1468 2241 1554 2289 τὸν
1628 2233 1823 2306 ὁδηγὸν

225 2329 587 2396 ἀπολέσαντες,
664 2328 1067 2399 ἀναγκασθῶσιν
1152 2325 1436 2400 ἐρωτῆσαι,
1511 2329 1599 2376 καὶ
1691 2323 1824 2376 οὓτω

220 2420 435 2488 γένηται
488 2413 787 2474 κατάδηλον
831 2411 1128 2484 Ἰουδαίοις,
1175 2416 1256 2466 ὅτι
1295 2418 1598 2486 γεγέννηται
1627 2414 1652 2464 ό
1701 2421 1828 2485 Χρι-

223 2507 363 2571 στὸς,
414 2507 484 2566 ὡς
539 2509 613 2576 μή
673 2500 936 2556 δυνασθαι
995 2503 1184 2563 αύτούς
1239 2501 1288 2564 ἐς
1354 2503 1569 2576 ὕστερον
1637 2500 1820 2572 λέγειν,

222 2597 300 2645 ὅτι
356 2593 466 2646 Ούκ
528 2590 764 2665 οἴδαμεν,
829 2591 874 2644 εἰ
929 2595 1248 2664 γεγέννηται.
1315 2591 1574 2662 Ἐμήνυσε
1628 2585 1686 2641 δὲ
1737 2591 1822 2639 τὸν

223 2685 454 2756 Χριστὸν
507 2679 697 2754 ἀστὴρ,
757 2682 840 2733 ἵνα
892 2685 982 2732 καὶ
1039 2683 1068 2738 ή
1138 2699 1228 2732 του
1283 2678 1497 2750 Βαλαὰμ
1535 2680 1824 2751 προφητεία

223 2769 495 2845 πληρωθῇ.
555 2770 694 2822 Ἐπεὶ
740 2771 839 2842 γὰρ
908 2771 955 2820 οἰ
1022 2778 1305 2842 προφῆται,
1361 2773 1467 2827 τοῖς
1542 2762 1822 2825 Ἰουδαίοις

225 2863 345 2933 περὶ
436 2865 526 2910 τοῦ
611 2865 848 2932 Χριστοῦ
946 2860 1338 2930 προμηνύοντες,
1432 2855 1526 2907 ούκ
1620 2853 1819 2926 ἔμελλον

222 2948 436 3014 πείθειν,
485 2946 660 2998 λοιπὸν
699 2953 808 3007 τοῖς
853 2947 1044 2997 ἔθνεσιν
1096 2945 1265 3017 ἀστήρ
1313 2946 1494 3016 μηνύει
1543 2946 1626 2994 τὸν
1677 2942 1819 3000 ἣλιον

946 2860 1338 2930 προμηνύοντες,
1432 2855 1526 2907 ούκ

224 3042 316 3094 τῆς
355 3031 714 3102 δικαιοσύνης,
765 3033 819 3086 ἐκ
868 3042 962 3095 τῆς
1001 3043 1097 3105 γῆς
1138 3032 1489 3085 ἀνατέλλοντα·
1535 3034 1666 3083 Οὔτε
1715 3033 1817 3102 γὰρ

224 3127 510 3198 προφήτην,
579 3127 694 3174 οὔτε
752 3122 966 3194 ἄγγελον
1042 3119 1284 3191 ήδεισαν,
1348 3122 1429 3173 ἵνα
1505 3116 1576 3172 δι’
1654 3119 1820 3170 αὐτῶν

221 3211 530 3264 ὲλκυσθῶσι.
597 3215 760 3263 Μόνοι
818 3207 876 3262 δε
944 3214 1030 3262 τὸν
1099 3209 1294 3283 ἀστέρα
1348 3217 1529 3261 τοῦτον
1587 3226 1818 3282 παρεση-

219 3307 511 3372 μειὼσαντο
583 3303 803 3372 Πέρσαι,
864 3301 932 3358 ὡς
1007 3302 1154 3369 μόνοι
1233 3303 1352 3369 περὶ
1417 3301 1510 3355 τήν
1579 3297 1820 3369 ὀξυτέραν

220 3388 565 3462 ἀστρολογίαν
618 3385 673 3438 ἐκ
723 3391 962 3446 νεότητος
1032 3385 1436 3457 ἀσχολούμενοι.
1503 3385 1577 3436 Ού
1643 3387 1822 3444 πάντες

223 3472 284 3528 δὲ
331 3475 380 3526 οἰ
411 3478 630 3548 Πέρσαι,
681 3474 762 3525 ὅτι
801 3469 922 3524 οὐδὲ
968 3473 1084 3546 (34)
1127 3475 1309 3533 πάντες
1336 3470 1470 3531 ἦσαν
1498 3473 1630 3534 ὀξεῖς
1677 3469 1820 3541 ούδε,

222 3562 429 3636 ἔμελλον
460 3563 653 3634 ὁμοίως
674 3562 959 3620 πιστεύειν,

296 3653 436 3725 Πρὸς
484 3647 544 3702 δὲ
589 3653 711 3710 τοὺς
761 3648 1201 3723 προϐαλλομένους
1247 3652 1334 3702 τὸν
1400 3648 1595 3724 ἀστέρα
1643 3655 1822 3702 τοῦτον

220 3740 288 3801 εἰς
343 3742 655 3813 συνηγορίαν
714 3745 806 3798 τῆς
852 3737 1288 3809 γενεθλιαλογίας,
1337 3739 1540 3812 ῥητέον,
1594 3739 1674 3790 ὅτι
1728 3738 1823 3789 οὐκ

221 3830 282 3887 ἧν
338 3828 486 3889 οὗτος
529 3829 678 3899 φύσει
726 3825 916 3901 ἀστήρ,
972 3825 1080 3878 ἀλλ’
1129 3826 1245 3897 ὄψει
1295 3831 1446 3899 μόνον
1489 3825 1677 3901 ἀστήρ,
1732 3831 1821 3878 καὶ

225 3919 288 3978 ὡς
338 3915 544 3978 ἀληθῶς
587 3917 698 3968 θεία
752 3934 832 3975 τις
880 3911 1122 3987 δύναμις,
1174 3915 1242 3975 εἰς
1294 3916 1489 3972 ταύτην
1539 3933 1825 3986 μετασχη-

226 4006 546 4077 ματισθεῐσα
593 4008 685 4062 τήν
734 4002 872 4073 ὄψιν.
923 4009 1023 4056 Καὶ
1053 4010 1205 4055 τοῦτο
1263 3999 1420 4061 δῆλον
1469 4001 1570 4055 ἀπὸ
1602 4002 1819 4054 πολλῶν.

226 4099 434 4167 Πρῶτον
485 4095 593 4164 μὲν,
644 4091 744 4144 ἀπὸ
788 4098 878 4151 τοῖς
922 4096 1148 4163 πορείας.
1207 4094 1406 4152 Παντὸς
1456 4094 1556 4164 γάρ
1609 4089 1826 4164 ἀστέρος

225 4181 282 4244 ἐξ
342 4180 586 4240 ἀνατολῆς
634 4179 703 4242 εἰς
770 4175 926 4232 δύσιν
997 4177 1330 4252 βαδίζοντος,
1382 4175 1529 4240 οὖτος
1574 4183 1722 4251 μόνος
1774 4178 1826 4242 ἐξ

225 4269 415 4343 ἀρκτου
489 4271 618 4341 πρὸς
704 4266 1034 4340 μεσημϐρίαν
1106 4266 1321 4341 ἐφέρετο·

224 4359 384 4430 ἔλαχε
429 4360 568 4410 θέσιν
624 4359 653 4415 ἡ
720 4356 1042 4413 Παλαιστίνη
1097 4360 1226 4430 πρὸς
1271 4361 1364 4414 τήν
1407 4352 1663 4430 Περσιδα.
1704 4358 1826 4408 Δεύ-

223 4465 371 4519 τερον
404 4442 482 4512 δε,
536 4444 635 4497 ἀπὸ
675 4452 764 4506 τῆς
790 4444 1175 4517 λαμπρότητος·
1225 4441 1430 4504 οὐδενὸς
1471 4447 1572 4518 γὰρ
1607 4441 1825 4517 ἀστέρος

224 4534 277 4589 ἕν
328 4537 498 4608 ἡμέρα
545 4537 866 4606 φαινομένου,
917 4531 1011 4585 διὰ
1052 4538 1145 4591 τήν
1176 4532 1460 4607 ὑπερϐολὴν
1497 4541 1588 4593 τῆς
1615 4532 1828 4593 ἡλιακῆς

1411 4270 1654 4324 τοιαύτην
1723 4270 1823 4339 γὰρ

1931 1973 2180 2045 quidem
2218 1989 2407 2046 usque
2435 1973 2510 2029 ad
2550 1973 2876 2030 Palastina
2907 1976 3212 2045 regionem
3242 1975 3425 2032 stella
3471 1976 3584 2032 du-

1930 2066 2124 2118 catum
2154 2062 2514 2118 habuerunt.
2551 2062 2658 2118 Ubi
2689 2067 2885 2119 autem
2919 2064 3336 2136 Hierosolymis
3367 2080 3584 2138 appro-

1929 2149 2343 2222 pinquassent,
2368 2149 2630 2222 amplius
2651 2166 2784 2206 eam
2817 2167 2936 2206 non
2968 2151 3264 2209 viderunt.
3299 2152 3469 2218 Quod
3502 2152 3584 2209 fa-

1930 2243 2091 2294 ctum
2123 2245 2232 2308 est,
2266 2243 2329 2293 ut
2367 2237 2518 2294 duce
2553 2239 2781 2310 perdito
2813 2239 3176 2309 interrogare
3209 2245 3580 2310 cogerentur,

1931 2327 2214 2399 ﬁeretque
2239 2326 2456 2382 Judais
2484 2326 2857 2383 manifestum
2888 2332 3098 2384 natum
3128 2344 3259 2384 esse
3287 2328 3584 2385 Christum

1932 2431 2007 2471 ne
2053 2415 2112 2470 in
2151 2420 2455 2487 posterum
2509 2414 2699 2470 dicere
2756 2421 2997 2488 possent
3047 2432 3059 2471 :
3103 2419 3229 2473 Non
3282 2417 3582 2485 novimus,

1931 2507 2133 2560 utrum
2161 2507 2336 2559 natus
2355 2504 2446 2560 sit.
2473 2503 2831 2573 Signiﬁcavit
2869 2504 3048 2560 etiam
3075 2504 3235 2561 stella
3262 2503 3582 2570 Christum,

1932 2596 1996 2648 ut
2029 2591 2270 2648 Balaam
2302 2592 2615 2664 prophetia
2641 2591 3044 2665 compleretur.
3075 2593 3225 2659 Quia
3263 2594 3421 2650 enim
3450 2610 3584 2666 pro-

1931 2681 2145 2752 pheta,
2163 2679 2450 2736 Christum
2471 2685 3007 2752 pramonstrantes,
3027 2681 3248 2737 Judais
3271 2697 3586 2754 persuasu-

1929 2769 1978 2825 ri
1994 2785 2114 2824 non
2141 2773 2328 2833 erant,
2362 2768 2663 2840 reliquum
2681 2773 2824 2837 erat,
2857 2773 2918 2825 ut
2950 2770 3224 2839 gentibus
3246 2770 3414 2828 stella
3441 2771 3586 2827 indi-

1930 2861 2089 2914 caret
2108 2857 2348 2928 justitia
2377 2856 2572 2914 Solem
2621 2873 2653 2912 e
2683 2860 2838 2913 terra
2868 2859 3174 2914 orientem.
3212 2861 3407 2931 Neque
3426 2863 3586 2916 enim

1929 2947 2279 3019 prophetam
2313 2950 2416 3001 aut
2447 2945 2719 3001 nuntium
2747 2946 3038 3013 viderant,
3071 2953 3134 3002 ut
3155 2947 3232 3001 ab
3261 2949 3343 3002 eis
3369 2963 3586 3016 cogno-

1932 3039 2179 3090 scerent.
2205 3035 2321 3089 Soli
2343 3039 2543 3090 autem
2574 3034 2763 3090 Persa
2795 3035 3023 3090 stellam
3055 3034 3214 3090 hanc
3237 3035 3584 3092 observave-

1929 3126 2090 3193 rant;
2120 3123 2228 3179 soli
2255 3139 2516 3194 namque
2542 3123 2885 3192 diligentius
2917 3123 3076 3179 circa
3097 3124 3481 3194 astrologiam
3509 3125 3586 3180 ab

1931 3212 2184 3268 infantia
2209 3212 2681 3283 occupabantur.
2699 3214 2895 3284 Neque
2919 3217 3110 3267 tamen
3133 3229 3342 3267 omnes
3370 3214 3583 3280 Persa,

1930 3300 2072 3371 quia
2087 3315 2206 3356 non
2236 3315 2445 3355 omnes
2468 3299 2618 3355 acris
2651 3306 2819 3355 erant
2861 3299 3102 3369 ingenii,
3128 3316 3320 3370 neque
3347 3301 3588 3374 aquali-

1932 3393 2019 3444 ter
2043 3403 2256 3444 omnes
2287 3392 2455 3444 erant
2473 3387 2767 3444 credituri.

2003 3644 2171 3700 Nunc
2188 3659 2328 3700 vero
2353 3642 2676 3700 dicendum
2698 3648 2785 3700 est
2802 3648 3007 3700 contra
3024 3642 3460 3712 Genethliacos,
3483 3646 3589 3720 qui

1933 3734 2164 3790 stellam
2181 3734 2333 3790 hanc
2351 3732 2657 3805 proferunt
2671 3734 2730 3789 in
2750 3734 3147 3806 patrocinium
3171 3735 3312 3791 artis
3342 3735 3590 3792 Geneth-

1932 3823 2118 3889 liaca,
2145 3821 2374 3878 stellam
2405 3822 2563 3878 hanc
2608 3837 2725 3878 non
2778 3827 3057 3878 naturam
3111 3823 3432 3889 stellarum,
3481 3825 3588 3880 sed

1933 3910 2190 3980 ﬁguram
2205 3911 2814 3967 duntaxathabuisse.
2847 3915 2910 3968 Et
2944 3927 3075 3967 vere
3089 3912 3294 3969 divina
3306 3913 3589 3985 quadam

1935 3999 2123 4055 inerat
2149 4001 2418 4071 potentia
2447 4000 2504 4055 in
2532 4001 2683 4056 hanc
2722 4000 2973 4071 ﬁguram
3027 4001 3473 4060 transformata.
3525 4005 3591 4058 Et

1934 4089 2047 4144 hoc
2074 4088 2319 4160 quidem
2349 4105 2422 4143 ex
2456 4089 2654 4144 multis
2674 4089 3058 4145 manifestum
3090 4095 3191 4146 est.
3245 4092 3506 4146 Primum
3554 4108 3590 4148 a

1934 4178 2051 4233 via.
2080 4180 2214 4232 Nam
2245 4177 2519 4249 qualibet
2573 4177 2740 4232 stella
2791 4177 2868 4233 ab
2913 4183 3046 4233 ortu
3106 4179 3473 4248 progreditur
3529 4179 3587 4234 in

1935 4281 2239 4329 occasum,
2293 4265 2422 4320 sola
2452 4266 2579 4320 hac
2612 4282 2647 4321 a
2701 4265 3101 4336 septentrione
3155 4267 3212 4320 in
3278 4266 3589 4322 meridiem

1936 4354 2236 4410 ferebatur
2269 4371 2281 4405 :
2317 4353 2496 4408 talem
2527 4369 2746 4424 nempe
2775 4354 3016 4408 sortitur
3049 4353 3366 4409 Palastina
3389 4353 3589 4423 situm,

1937 4443 1984 4498 si
2008 4441 2087 4498 ad
2128 4441 2430 4496 Persidem
2457 4441 2748 4496 conferas.
2780 4441 3053 4497 Secundo
3085 4458 3116 4496 a
3142 4441 3478 4514 splendore.
3513 4444 3593 4499 Si-

1936 4531 2181 4603 quidem
2214 4529 2378 4586 nulla
2423 4530 2482 4585 in
2541 4529 2634 4585 die
2684 4533 2954 4600 apparet,
3013 4537 3248 4602 propter
3284 4546 3591 4587 excessum

221 4625 609 4695 λαμπρότητος,
662 4628 843 4674 τοῦτον
914 4625 1090 4694 μόνον,
1148 4620 1194 4673 ἓν
1269 4623 1438 4694 ἡμέρᾳ
1508 4626 1821 4694 φαινόμενον¹

1939 4621 2082 4676 lueis
2109 4619 2318 4675 solaris
2360 4636 2376 4673 :
2417 4620 2566 4675 hanc
2598 4618 2785 4675 solam
2827 4619 2886 4674 in
2936 4619 3026 4674 die
3080 4625 3471 4692 apparentem
3504 4621 3592 4678 sol

224 4711 324 4765 ούκ
363 4707 591 4769 ἠδύνατο
644 4712 670 4762 ό
727 4710 868 4773 ἣλιος
917 4709 1281 4786 ἀποκρύπτειν.
1335 4715 1541 4784 Τρίτον,
1587 4709 1688 4762 ἀπὸ
1738 4717 1830 4762 τοῦ

223 4801 503 4873 φαίνεσθαι
541 4801 676 4852 κατὰ
728 4798 901 4872 λόγον,
940 4805 1030 4852 καὶ
1077 4801 1228 4852 πάλιν
1260 4801 1607 4872 κρύπτεσθαι.
1655 4803 1832 4873 Μέχρι

221 4891 316 4962 μὲν
374 4891 473 4962 γὰρ
523 4887 877 4951 Παλαιστίνης
928 4887 1154 4961 ἐφαίνετο
1213 4884 1421 4961 ὁδηγῶν
1474 4888 1681 4949 αύτούς·
1725 4887 1832 4940 ἐπεὶ

225 4975 289 5031 δὲ
362 4985 460 5030 τῶν
538 4975 904 5052 Ἰεροσολύμων
985 4976 1262 5045 ἐπέϐησαν,
1324 4976 1543 5052 ἔκρυψεν
1619 4976 1823 5029 ἑαυτὸν*

222 5061 339 5119 εἶτα
388 5065 541 5118 πάλιν
594 5065 885 5129 ἐξελθοῦσιν
942 5066 1114 5128 αὐτοῖς
1160 5065 1260 5120 ἀπὸ
1313 5073 1413 5120 τῶν
1460 5064 1830 5143 Ἱεροσολύμων

299 5241 346 5281 ’⁸
375 5246 550 5302 Num.
581 5248 741 5311 xxiv,
773 5246 866 5304 17.

1939 4708 2237 4766 occultare
2264 4723 2384 4765 non
2416 4711 2664 4780 poterat.
2710 4708 2900 4764 Tertio
2931 4723 3001 4763 ex
3050 4709 3162 4765 hoc
3213 4710 3377 4782 quod
3423 4716 3593 4780 prout

1939 4814 2093 4870 opus
2114 4802 2236 4855 erat
2250 4797 2598 4869 apparebat,
2615 4813 2942 4869 rursusque
2957 4797 3383 4854 occultabatur.
3401 4801 3594 4872 Usque

1941 4888 2018 4944 ad
2039 4886 2362 4943 Palastinac
2383 4887 2541 4942 enim
2554 4887 2856 4957 regionem
2880 4887 3160 4943 ducatum
3179 4887 3290 4944 illis
3305 4895 3595 4961 prastans

1943 4977 2237 5048 apparuit.
2273 4977 2353 5030 Ex
2378 4991 2500 5047 quo
2532 4980 2730 5032 autem
2761 4976 3170 5048 Hierosolyma
3198 4982 3592 5040 accesserunt,

1943 5065 2207 5140 seipsam
2229 5063 2548 5122 occultavit
2571 5081 2961 5139 :rursumque
2975 5065 3054 5122 ab
3081 5064 3500 5139 Hierosolymis
3521 5079 3592 5123 ex

1439 5365 1661 5445 Varia
1704 5370 2032 5444 lectiones
2075 5381 2142 5443 et
2172 5382 2379 5442 nota.

299 5506 414 5586 (34)
436 5509 522 5584 Οἱ,
553 5506 722 5571 addit
750 5515 822 5570 Α.

297 5637 672 5724 (ὁὶξςηιζενε
687 5637 928 5724 trib-uta.
961 5637 1124 5724 Forte
1149 5641 1301 5717 φόρον
1329 5642 1430 5699 aut
1453 5643 1674 5719 φόρους,
1693 5657 1805 5718 pro

1936 5645 2039 5713 ίαν,
2068 5638 2229 5716 legit.
2272 5633 2496 5715 Redde,
2525 5631 2846 5704 amicitiam
2888 5636 3186 5710 exhibere.
3228 5639 3318 5705 Ita
3365 5643 3598 5724 εὐποιίαν

221 5708 664 5768 καταϐάλλεσθαι.
696 5709 936 5783 Alciphr
965 5725 1024 5782 p.
1051 5709 1140 5765 43.

475 5807 724 5872 Ριτιιοι..
769 5807 882 5869 Gn.
917 5806 1171 5872 CXXIX.

3319 5813 3356 5874 5
