4180 6518
566 417 669 476 139

1892 415 2237 475 ΕυΤΗΥΜΙΙ
2280 415 2603 475 ZIGABENI

3825 416 3956 476 M0

562 541 862 606 euntibus,
887 541 1347 598 demonstratur.
1370 540 1438 597 Et
1479 539 1592 596 illis
1632 540 1879 614 quidem
1909 543 2189 599 euntibus

2323 543 2572 616 ἐπεφάνη,
2624 548 2713 596 καὶ
2761 539 3090 615 βαδιζόντων
3130 545 3220 615 μεν
3277 549 3576 617 προηγεῖτο,
3639 544 3942 615 ἱσταμένων

559 629 951 703 praecedebat,
987 627 1281 685 stantibus
1311 643 1453 684 vero
1479 628 2010 695 circummanebat,
2039 633 2214 702 juxta

556 719 791 774 illorum
809 717 1218 773 necessitatem
1243 733 1418 772 suum
1436 717 1706 788 prtebens
1727 723 1972 774 motum.
1990 718 2210 787 Quarto

554 822 626 864 ex
646 822 717 864 eo
742 805 909 879 quod
939 811 1106 862 terra:
1136 805 1406 876 proxima
1440 805 1771 871 incedebat,
1814 823 2003 878 neque
2048 809 2208 864 enim

552 895 903 968 speluncam
933 899 1036 951 aut
1051 893 1450 949 diversorium
1490 893 1980 960 demonstrasset,
2011 897 2056 950 si
2080 895 2210 950 aliis

549 985 824 1058 proxima
853 981 1064 1050 stellis,
1099 981 1372 1038 sublimis
1397 981 1520 1038 lata
1539 981 1745 1038 fuisset
1777 999 1790 1038 :
1824 999 1984 1038 nunc
2009 990 2210 1040 autem

548 1076 820 1139 veniens,
854 1071 1014 1128 stetit
1043 1086 1224 1144 supra
1248 1069 1468 1137 locum,
1502 1071 1564 1126 in
1604 1087 1720 1142 quo
1747 1077 1871 1127 erat
1896 1088 2064 1143 puer.

622 1162 786 1218 Vers.
817 1165 874 1218 3.
911 1161 1061 1216 Cum
1079 1160 1334 1217 audisset
1349 1167 1545 1216 autem
1569 1189 1629 1200 —
1652 1175 1786 1216 cum
1809 1161 1931 1216 illo.
1953 1161 2209 1218 Herodes

550 1249 798 1322 quidem
815 1249 946 1320 jure
973 1248 1248 1304 turbatus
1279 1252 1386 1315 est,
1429 1263 1646 1319 nempe
1675 1248 1889 1304 timens
1919 1249 1992 1303 de
2023 1265 2207 1319 regno

552 1353 684 1406 suo,
714 1338 1093 1410 ﬁliorumque
1125 1352 1364 1392 suorum
1391 1354 1404 1402 ;
1437 1341 1560 1392 tota
1589 1344 1788 1393 autem
1817 1337 2043 1404 civitas,
2071 1353 2207 1410 qua:

549 1425 1572 1499 Hierosolymaappellantur,quare
1607 1425 1839 1481 turbata
1855 1431 1946 1482 est
1972 1425 2000 1480 ?
2034 1426 2207 1498 Atqui

548 1516 809 1588 gaudere
843 1515 1039 1587 ipsam
1078 1514 1274 1583 magis
1303 1515 1582 1585 oportuit,
1606 1514 1769 1586 quod
1795 1514 1932 1585 ipsis
1956 1517 2070 1570 Rex
2103 1530 2205 1570 na-

548 1610 645 1661 tus
703 1609 880 1669 esset,
939 1619 1117 1676 quem
1167 1603 1309 1659 olim
1361 1603 1663 1674 prophetae
1725 1602 2086 1659 Salvatorem
2132 1619 2203 1659 ac

546 1693 1003 1766 Redemptorem
1053 1692 1230 1748 lsrael
1271 1693 1834 1764 prrenuntiaverant,
1876 1698 1931 1748 et
1962 1692 2203 1761 gloriari

545 1788 834 1854 tanquam
878 1781 1271 1854 propinquos,
1319 1781 1485 1852 quod
1533 1781 1730 1836 statim
1775 1797 1812 1836 a
1878 1780 2199 1836 cunabulis

2323 627 2382 683 δὲ
2444 635 2723 705 περιέμενε,
2782 635 2912 704 πρὸς
2960 636 3053 690 την
3104 637 3289 703 χρείαν
3355 631 3522 682 αὐτῶν
3579 635 3671 688 τὴν
3735 631 3942 684 ἑαυτοῦ

2319 722 2624 791 ποιούμενος
2687 724 2917 779 κίνησιν,
2998 725 3272 792 Τέταρτον,
3342 718 3441 770 ἀπὸ
3508 727 3598 770 τοῦ
3675 716 3936 791 βαδιζειν

2321 827 2593 881 πρόσγεια·
2655 809 2712 860 οὐ
2765 811 2866 883 γὰρ
2933 809 2993 859 ἄν
3048 805 3210 870 ἔδειξε
3261 810 3320 859 τό
3366 807 3480 879 (35)
3536 807 3808 870 σπήλαιον,
3883 811 3932 862 εἰ

2318 896 2693 970 παραπλησίως
2731 904 2834 957 τοίς
2896 895 3067 958 ἄλλοις
3122 896 3379 969 ἄστρασιν
3426 896 3625 966 ὑψηλός
3678 895 3916 970 ἐφέρετο,

2319 985 2481 1045 Οὗτος
2513 981 2590 1051 δε,
2625 985 2778 1037 έλθὼν
2809 988 2932 1042 ἔστη
2962 987 3148 1052 ἔπάνω,
3178 985 3237 1037 οὗ
3273 982 3332 1043 ἦν
3360 987 3418 1036 τὸ
3454 981 3686 1037 παιδίον.

2386 1163 2642 1222 Ἀκούσας
2688 1159 2747 1215 δε
2794 1194 2861 1203 -
2891 1163 3002 1234 μετ’
3049 1163 3229 1217 αὐτοῦ.
3263 1162 3320 1213 Ὀ
3362 1165 3452 1234 μεν
3503 1159 3745 1236 Ἡρώδης
3788 1161 3924 1216 έτα-

2316 1252 2518 1324 ράχθη,
2561 1247 2830 1312 δειλιάσας
2868 1256 2984 1326 περὶ
3039 1260 3132 1312 τῆς
3173 1250 3444 1323 βασιλείας
3494 1252 3676 1303 ἑαυτοῦ
3722 1271 3775 1304 τε
3822 1259 3924 1306 καὶ

2316 1348 2414 1390 τῶν
2462 1336 2664 1390 παίδων
2709 1339 2889 1393 αὐτοῦ.
2939 1346 3093 1392 Πᾶσα
3141 1337 3199 1392 δι
3247 1342 3275 1397 ἡ
3333 1339 3494 1408 πόλις,
3551 1342 3580 1398 ἠ
3623 1340 3920 1412 καλουμένη

2313 1425 2664 1500 Ἱεροσόλυμα,
2717 1424 2862 1480 διατί
2902 1431 3213 1502 τετάρακται
3247 1445 3260 1494 ;
3294 1434 3466 1480 καίτοι
3495 1433 3704 1499 χαίρειν
3749 1430 3922 1488 αὐτὴν

2313 1511 2421 1567 ἔδει
2476 1515 2686 1586 μᾶλλον,
2738 1518 2818 1568 ὅτι
2875 1515 3113 1587 έγεννηθη
3167 1517 3344 1578 αὐτοῖς
3420 1515 3688 1588 βασιλεὺς,
3755 1519 3809 1569 ὃν
3871 1522 3926 1571 οἱ

2312 1613 2576 1676 προφῆται
2628 1604 2789 1656 πάλαι
2840 1605 3286 1676 προκατήγγειλαν
3317 1612 3530 1678 Σωτῆρα
3568 1611 3657 1656 καὶ
3698 1612 3924 1678 Λυτρω-

2312 1697 2405 1750 τὴν
2457 1700 2548 1744 τοῦ
2597 1693 2828 1766 Ἰσραὴλ,
2878 1699 2966 1745 καὶ
3006 1692 3484 1763 ἐγκαλλωπίζεσθαι
3520 1696 3587 1754 ὡς
3639 1695 3752 1766 (36)
3787 1713 3924 1766 συγ-

2309 1788 2486 1851 γενεῖς,
2530 1783 2609 1832 ὅτι
2645 1782 2794 1842 εὐθὺς
2835 1780 2888 1832 έκ
2922 1784 3232 1855 σπαργάνων
3263 1784 3384 1843 τούς
3431 1787 3635 1854 Πέρσας
3681 1781 3920 1836 εἵλκυσεν

545 1873 752 1928 Persas
810 1870 884 1926 ad
942 1871 1034 1926 sui
1105 1869 1519 1926 adorationem
1577 1870 1918 1926 attraheret.
1979 1870 2195 1926 Verum

2310 1867 2378 1928 εἰς
2429 1873 2815 1942 προσκύνησιν·
2865 1869 2972 1920 ἀλλ’
3029 1872 3057 1927 ἠ
3113 1868 3380 1941 βασκανία
3444 1869 3755 1941 τετυφλωκεν
3817 1872 3916 1923 αὐ-

545 1957 864 2014 excaacavit
900 1957 1031 2013 illos
1062 1956 1307 2022 invidia,
1334 1956 1655 2028 statimque
1709 1956 2036 2021 audientes,
2081 1962 2198 2012 tur-

545 2045 1312 2118 batisuntquasitimentes,
1331 2061 1404 2101 ne
1433 2045 1581 2102 forte
1604 2045 1857 2100 salutem
1874 2060 2200 2116 conseque-

543 2140 767 2192 rentur.
798 2138 986 2191 Persre
1009 2150 1151 2192 vero
1176 2151 1302 2191 cum
1321 2139 1516 2191 essent
1536 2134 1820 2200 extranei,
1854 2149 1976 2190 non
2004 2134 2198 2190 solum

542 2227 690 2281 Nato
720 2239 842 2280 non
881 2223 1255 2291 inviderunt;
1286 2225 1409 2280 imo
1457 2240 1495 2280 a
1531 2223 1747 2278 ﬁnibus
1777 2239 1901 2278 sua:
1937 2223 2196 2292 regionis

543 2328 733 2385 usque
789 2313 1084 2370 Bethleem
1138 2318 1379 2385 propter
1426 2329 1567 2369 eum
1631 2317 1940 2368 venerunt.
2005 2310 2198 2366 Judaei

541 2408 740 2458 autem
780 2418 918 2459 cum
957 2408 1156 2459 essent
1183 2401 1444 2471 cognati,
1471 2400 1649 2457 etiam
1677 2401 1880 2470 gloriae
1926 2401 2057 2471 ejus
2113 2401 2197 2455 in-

539 2490 831 2559 viderunt,
857 2506 932 2547 ne
958 2491 1104 2548 forte
1145 2505 1404 2560 magnus
1443 2490 1678 2545 futurus
1719 2493 1919 2544 esset:
1952 2493 2010 2544 et
2057 2504 2196 2544 cum

538 2573 840 2632 Bethleem
889 2590 1078 2647 prope
1121 2573 1430 2636 haberent,
1485 2573 1565 2628 ita
1604 2572 1791 2627 invidi
1838 2572 2077 2628 fuerunt
2126 2588 2196 2628 ac

539 2663 712 2736 pigri,
748 2668 812 2719 ut
840 2663 918 2719 ad
943 2678 1079 2718 eam
1106 2677 1228 2717 non
1250 2660 1601 2716 accederent
1637 2660 1734 2730 (c).

611 2753 772 2806 Vers.
821 2753 880 2807 4.
942 2751 1015 2805 Et
1074 2747 1779 2820 congregatis—Christus
1831 2756 2191 2805 nasceretur.

538 2839 719 2911 Atqui
744 2839 892 2909 Magi
942 2853 1068 2894 non
1109 2837 1391 2892 dixerunt
1433 2852 1498 2892 se
1537 2835 1830 2892 Christum
1882 2853 2147 2909 quaerere
2180 2859 2192 2903 ;

539 2943 648 2984 cur
686 2926 863 2996 igitur
921 2924 1179 2981 Herodes
1219 2925 1294 2981 de
1350 2925 1582 2981 Christo
1635 2925 2016 2996 interrogat?
2055 2926 2198 2998 quia

537 3014 905 3086 jamdudum
935 3013 1232 3078 audiebat,
1262 3013 1322 3068 in
1353 3013 1628 3085 proximo
1671 3015 2038 3071 nasciturum
2069 3030 2196 3070 esse

541 3102 837 3158 Christum
866 3117 1069 3173 regem
1100 3101 1296 3172 Israel,
1342 3101 1656 3175 statimque
1685 3103 1936 3159 audiens
1988 3104 2049 3159 in
2102 3105 2197 3158 Ju-

542 3191 674 3247 daaa
738 3196 951 3248 natum
1010 3207 1136 3247 esse
1213 3206 1436 3262 regem,
1500 3196 1556 3247 et
1607 3191 1771 3264 quod
1819 3192 1970 3247 hunc
2027 3190 2196 3247 stella

542 3279 733 3335 Persis
762 3279 1103 3344 indicasset,
1140 3279 1422 3336 intellexit
1463 3295 1601 3335 eum
1624 3295 1773 3346 esse,
1803 3280 1906 3352 qui
1960 3279 2194 3336 diceba-

541 3372 638 3426 tur
692 3369 960 3425 Christus
995 3374 1090 3435 ;et
1119 3373 1408 3425 convocat
1467 3369 1764 3442 principes
1821 3369 2192 3425 sacerdotum

537 3473 608 3515 ac
637 3457 884 3524 scribas,
920 3461 1114 3530 utpote
1163 3458 1317 3514 dicta
1359 3457 1729 3530 prophetica,
1782 3457 2087 3530 librosque
2132 3459 2193 3512 in

536 3561 638 3602 ore
688 3545 996 3612 habentes,
1036 3552 1093 3601 et
1151 3546 1491 3615 interrogat,
1538 3547 1642 3601 ubi
1681 3546 1946 3601 Christus
1992 3560 2195 3600 nasce-

534 3639 717 3697 retur,
757 3635 868 3690 hoc
907 3639 1016 3701 est,
1067 3633 1130 3688 in
1161 3649 1282 3704 quo
1322 3639 1491 3690 terra:
1545 3633 1674 3689 loco
1714 3634 2053 3688 nasciturus
2109 3633 2193 3688 in-

535 3721 852 3778 veniretur.
916 3719 1001 3775 llli
1051 3735 1192 3776 vero
1237 3726 1296 3775 et
1335 3721 1540 3778 locum
1591 3721 1817 3784 dicunt,
1880 3725 1937 3775 et
1983 3724 2193 3776 testem

538 3811 721 3866 citant
749 3807 1130 3880 prophetam.
1189 3808 1344 3864 Scire
1371 3813 1572 3864 autem
1609 3813 1858 3881 oportet,
1891 3809 2049 3882 quod
2088 3825 2192 3866 no-

537 3896 812 3954 minatim
843 3895 1127 3952 Christum
1159 3911 1287 3953 esse
1307 3898 1514 3962 Deum,
1547 3897 1772 3954 caeteris
1814 3896 2191 3954 manifestius

540 3985 775 4058 scripsit
805 3981 1036 4042 Daniel.

611 4163 748 4218 Vers
761 4205 774 4219 .
794 4161 847 4218 5.
862 4160 1295 4218 Atilli—Vers.
1313 4162 1366 4216 6.
1385 4163 1590 4221 Israel.
1605 4162 1861 4220 Michmaa
1875 4165 2191 4238 prophetia

537 4255 641 4319 est,
685 4256 746 4308 ut
769 4250 1179 4324 praediximus.
1231 4252 1496 4308 Recitant
1551 4258 1749 4308 autem
1801 4253 1996 4326 ipsam
2044 4272 2191 4328 pon-

535 4340 724 4398 tiﬁces
776 4346 832 4398 et
866 4340 1072 4396 scriba:
1127 4340 1240 4396 sub
1295 4341 1746 4412 compendium.
1813 4342 1957 4398 Vide
2022 4360 2186 4415 ergo,

533 4445 667 4502 quae
693 4430 752 4485 in
779 4428 1020 4484 laudem
1056 4428 1353 4484 Bethleem
1387 4430 1666 4485 Dominus
1691 4446 1795 4502 per
1826 4431 2189 4503 prophetam

533 4518 1002 4576 annuntiaverit.
1063 4517 1202 4581 Etsi,
1243 4519 1458 4591 inquit,
1499 4520 1626 4575 vilis
1665 4536 1926 4592 appares
1973 4521 2053 4577 ad
2102 4540 2192 4579 as-

2309 1960 2451 2019 τοὺς,
2483 1964 2571 2009 καὶ
2617 1958 2763 2018 εὐθὺς
2811 1956 3120 2019 ἀκούσαντες
3176 1958 3570 2031 ἐταράχθησαν,
3612 1962 3783 2032 ὥσπερ
3822 1956 3913 2012 δε-

2310 2041 2562 2110 δοικότες,
2622 2051 2814 2117 μήποτε
2870 2052 3130 2118 σωτηρίας
3184 2050 3446 2117 τύχωσιν,
3517 2046 3652 2098 Αλλὰ
3709 2052 3912 2120 Πέρσαι

2305 2137 2417 2205 μὲν,
2476 2134 2759 2205 ἀλλογενείς
2812 2139 2968 2204 ὄντες,
3022 2135 3079 2187 ου
3139 2140 3290 2206 μόνον
3343 2136 3436 2187 οὐκ
3499 2135 3782 2207 έφθόνησαν
3831 2147 3909 2207 τῷ

2305 2224 2620 2294 γεννηθέντι,
2662 2222 2788 2275 ἀλλὰ
2832 2228 2920 2276 καὶ
2949 2222 3050 2276 ἀπὸ
3099 2232 3198 2276 τῶν
3229 2227 3459 2296 περάτων
3490 2232 3580 2284 τῆς
3605 2225 3905 2296 οἰκουμένης

2305 2316 2469 2385 μέχρι
2517 2320 2610 2373 τῆς
2665 2312 2888 2385 Βηθλεὲμ
2940 2310 3092 2370 ἦλθον
3151 2309 3223 2364 δι’
3278 2313 3456 2368 αὐτόν.
3523 2309 3763 2365 Ὶονδκῖοι
3817 2309 3900 2379 δὲ,

2309 2408 2577 2471 συγγενεί;
2613 2404 2981 2472 τυγχάνοντες,
3018 2408 3106 2453 καί
3135 2403 3420 2472 ἐφθόνησαν
3450 2401 3590 2471 αὐτῷ
3614 2410 3703 2462 τῆς
3723 2398 3892 2465 δόξης,

2307 2489 2350 2540 εἰ
2376 2488 2549 2560 μελλοι
2577 2494 2735 2561 μέγας
2762 2492 2997 2557 ἔσεσθαι,
3024 2494 3112 2542 καὶ
3138 2495 3230 2548 την
3257 2490 3482 2562 Βηθλεεμ
3510 2490 3655 2561 ἐγγὺς
3677 2495 3900 2562 ἔχοντες,

2307 2576 2401 2628 οὐκ
2479 2576 2732 2635 ἀπήλθον,
2844 2580 2996 2630 Οὕτω
3081 2583 3170 2630 καὶ
3255 2580 3488 2653 φθονεροὶ
3592 2575 3724 2636 ἦσαν
3817 2585 3907 2631 καὶ

2310 2663 2521 2737 ὀκνηροί
2534 2707 2547 2720 .

2381 2757 2480 2805 Καὶ
2540 2761 2847 2826 συναγαγὼν
2902 2784 2969 2796 -
3044 2756 3070 2806 ό
3160 2759 3391 2829 Χριστός
3467 2760 3726 2826 γεννᾶται.
3806 2761 3907 2808 Καὶ

2305 2844 2408 2913 μὴν
2452 2844 2500 2893 οἱ
2551 2845 2724 2914 Μάγοι
2775 2843 2866 2895 οὐκ
2911 2840 3070 2909 εἶπον,
3105 2845 3185 2895 ὃτι
3241 2847 3326 2895 τόν
3386 2848 3611 2916 Χριστόν
3646 2847 3892 2906 ζητοῦσι,

2306 2936 2421 2991 Πῶς
2452 2928 2538 2982 οὖν
2582 2933 2607 2983 ὁ
2652 2929 2893 3005 ’Πρώδης
2948 2936 3061 3006 περὶ
3115 2939 3206 2984 τοῦ
3259 2940 3487 3004 Χριστοῦ
3521 2930 3723 3004 έρωτᾲ;
3763 2938 3905 2985 Διότι

2303 3018 2464 3071 πάλαι
2532 3020 2732 3085 ἤκουεν,
2808 3023 2888 3072 ὅτι
2953 3020 3120 3092 μέλλει
3181 3022 3491 3091 γεννηθῆναι
3562 3021 3587 3070 ό
3675 3027 3904 3093 Χριστός

2305 3105 2552 3178 βασιλεὺς
2588 3116 2677 3160 τοῦ
2717 3108 2949 3182 Ἰσραὴλ,
2997 3114 3084 3160 καὶ
3137 3109 3283 3168 εὐθὺς
3324 3107 3573 3172 ἀκούσας,
3623 3110 3697 3161 ὅτι
3740 3108 3900 3180 βασιο

2302 3194 2416 3256 λεὺς
2472 3194 2707 3266 ἐγεννήθη
2777 3196 2824 3248 έν
2895 3193 3147 3268 Ἰουδαίᾳ,
3208 3201 3297 3248 καὶ
3369 3199 3448 3248 ὅτι
3500 3195 3670 3271 ἀστὴρ
3724 3206 3900 3250 τοῦτον

2305 3287 2532 3356 Πέρσαις
2588 3283 2830 3355 ἐμήνυσε,
2883 3294 3121 3353 συνῆκεν,
3183 3287 3261 3336 ὅτι
3315 3281 3459 3345 οὗτὸς
3502 3283 3641 3337 ἔστιν
3685 3287 3710 3336 ό
3757 3284 3898 3357 λεγό-

2301 3390 2450 3442 μενος
2507 3377 2759 3445 Χριστός,
2831 3379 2919 3425 καὶ
2994 3374 3243 3444 συγκαλεί
3321 3378 3437 3433 τοὺς
3467 3372 3729 3447 ἀρχιερεῖς
3812 3378 3898 3426 καὶ

2302 3465 2421 3521 τοὺς
2477 3466 2820 3532 Γραμματείς,
2883 3464 2952 3523 ὡς
3005 3461 3099 3523 τὰς
3147 3465 3468 3536 προφητικὰς
3531 3459 3747 3533 βίϐλους
3811 3467 3897 3514 καὶ

2299 3549 2480 3622 ῥήσεις
2515 3548 2632 3620 (37)
2667 3546 2759 3600 διὰ
2796 3555 3049 3621 στόματος
3103 3569 3335 3622 εχοντας,
3391 3555 3480 3602 καὶ
3538 3545 3763 3623 διερωτᾲ
3799 3558 3894 3602 ποῦ

2301 3638 2327 3687 ό
2384 3641 2613 3710 Χριστός
2664 3644 2923 3708 γεννᾶται,
2980 3642 3260 3710 τουτέστιν,
3323 3637 3370 3690 έν
3424 3644 3556 3710 ποίῳ
3606 3645 3748 3709 τόπῳ
3805 3646 3894 3699 τῆς

2299 3733 2399 3796 γῆς
2449 3728 2763 3798 εὑρίσκεται,
2818 3728 2899 3778 ὄτι
2953 3734 3210 3798 γεννᾶταιο
3267 3730 3317 3779 οί
3369 3723 3427 3780 δε
3474 3733 3562 3778 καὶ
3618 3730 3704 3778 τόν
3743 3731 3892 3778 τόπον

2298 3813 2530 3884 λέγουσι,
2570 3819 2658 3866 καὶ
2693 3817 2937 3889 μάρτυρα
2984 3818 3285 3890 παράγουσι
3318 3820 3401 3868 τόν
3456 3821 3744 3888 προφήτην.
3780 3820 3886 3889 Χρή

2301 3898 2360 3954 δε
2419 3906 2712 3973 γινώσκειν,
2766 3905 2845 3955 ὅτι
2901 3903 3149 3976 ὀνομαστί
3198 3905 3312 3975 (38)
3376 3908 3603 3978 Χριστὸν
3655 3908 3742 3956 τὸν
3775 3911 3892 3979 Χριο

2303 3993 2422 4042 στὸν
2481 3998 2822 4066 φανερώτερον
2895 4001 2994 4044 τῶν
3054 3991 3216 4044 ἄλλων
3289 4001 3562 4065 προφητῶν
3621 3993 3647 4044 ὁ
3709 3991 3890 4050 Δανιὴλ

2301 4076 2607 4151 ἀνέγραψεν.

2371 4169 2437 4219 Οἱ
2467 4163 2526 4220 δε
2554 4198 2623 4208 -
2671 4166 2904 4241 Ἰσραήλ.
2948 4173 3188 4240 Μιχαίου
3228 4171 3316 4241 μεν
3348 4171 3376 4228 ἡ
3411 4174 3721 4242 προφητεία,
3766 4170 3888 4222 καθ-

2298 4260 2363 4316 ὼς
2429 4254 2662 4329 ἀνωτέρω
2735 4253 3124 4330 δεδηλώκαμεν·
3187 4256 3569 4330 ἀπαγγέλλουσι
3618 4254 3678 4310 δε
3735 4258 3888 4316 αὐτὴν

2298 4344 2410 4396 κατ’
2469 4343 2713 4416 ἐπιτομὴν
2768 4347 2816 4396 οἰ
2874 4345 3139 4420 ἀρχιερεῖς
3195 4351 3285 4398 καὶ
3339 4353 3692 4419 Γραμματείς.
3761 4344 3890 4420 Ὀρα

2301 4429 2380 4500 δε,
2418 4434 2571 4485 ὁποῖα
2604 4440 2721 4508 περὶ
2776 4442 2866 4493 τῆς
2913 4435 3140 4506 Βηθλεὲμ
3189 4431 3281 4486 διὰ
3327 4442 3418 4487 τοῦ
3472 4441 3735 4509 προφήτου
3773 4453 3891 4506 προο

2300 4528 2618 4594 ανεφώνησεν
2653 4525 2678 4573 ό
2741 4527 2892 4590 Θεὸς,
2949 4525 3027 4575 ὅτι
3083 4524 3142 4576 Εἰ
3193 4528 3280 4576 καὶ
3337 4528 3394 4575 τὸ
3451 4529 3746 4595 φαινόμενον
3806 4522 3888 4573 εὐ-

532 4611 796 4677 pectum,
823 4611 1117 4678 quantum
1147 4590 1344 4663 tamen
1384 4608 1462 4664 ad
1490 4608 1569 4674 id,
1619 4590 1785 4681 quod
1817 4610 2020 4666 animo
2051 4627 2190 4668 con-

2305 4590 2447 4673 τελης
2493 4610 2543 4663 εἴ
2602 4611 2740 4682 (39),
2793 4609 2920 4663 ἀλλὰ
2966 4631 3022 4683 γε
3069 4616 3127 4664 τό
3180 4590 3468 4684 νοούμενον-
3495 4590 3882 4683 οὐκ-ἐλαχίστη

532 4694 768 4766 cipitur,
836 4710 959 4749 non
1021 4709 1084 4750 es
1129 4695 1376 4753 minima
1418 4696 1566 4752 inter
1635 4697 1936 4769 principes
2005 4698 2189 4757 tribus

531 4783 712 4841 Juda.
757 4782 1046 4849 Quaelibet
1103 4799 1363 4858 namque
1401 4785 1588 4842 tribus
1624 4785 1888 4842 diversos
1926 4785 2189 4846 habebat

529 4871 590 4928 in
622 4873 877 4944 propriis
916 4873 1244 4930 civitatibus
1300 4874 1621 4948 principes.
1671 4877 1738 4930 Et
1798 4891 1931 4932 vere
1988 4879 2188 4934 nomi-

530 4960 852 5018 natissima
877 4959 987 5018 fuit
1024 4967 1158 5034 post
1186 4963 1509 5022 Salvatoris
1566 4962 1968 5024 Nativitatem.
2031 4967 2186 5032 Quo-

2296 4719 2377 4762 τις
2457 4701 2718 4772 ὑπάρχεις
2785 4699 2834 4752 ἕν
2904 4701 3046 4762 ὅλαις
3101 4709 3217 4762 ταῖς
3293 4704 3591 4774 ἡγεμονίαις
3652 4708 3741 4760 τῆς
3798 4708 3882 4752 τοῦ

2295 4785 2476 4842 Ἰούδα
2521 4789 2699 4861 φυλῆς.
2753 4789 2977 4848 Ἐκάστη
3046 4792 3147 4866 γὰρ
3216 4789 3344 4860 φυλὴ
3409 4783 3696 4863 διαφόρους
3754 4783 3883 4860 εἶχεν

2294 4878 2574 4950 ἡγεμονίας
2630 4877 2680 4929 έν
2737 4885 2847 4940 ταῖς
2896 4879 3106 4940 οἰκείαις
3159 4879 3362 4936 πόλεσι.
3419 4884 3518 4932 Καὶ
3569 4878 3724 4939 ὄντως
3780 4877 3888 4930 ὀνο-

2292 4969 2594 5038 μαστοτάτη
2644 4970 2840 5040 γέγονε,
2893 4970 3026 5041 μετὰ
3069 4973 3164 5028 τὴν
3213 4972 3451 5041 γέννησιν
3499 4975 3590 5021 τοῦ
3625 4974 3880 5040 Σωτῆρος,

1741 5139 1966 5210 Varia:
1996 5139 2324 5212 lectiones
2373 5152 2438 5212 et
2476 5154 2677 5213 notae.

601 5309 718 5386 (35)
760 5309 997 5372 Καλύϐην
1027 5307 1288 5386 appellat
1332 5309 1734 5386 Chrysostom.
1768 5310 1962 5386 t._VlI,
1999 5327 2039 5383 p
2061 5313 2133 5386 88
2164 5331 2179 5381 ;

526 5381 820 5455 κατάλυμα,
855 5401 960 5440 seu
1010 5381 1546 5455 diversorium,_'_d_e
1579 5398 1693 5455 s_uo_
1731 5381 1965 5455 videtur
2000 5381 2182 5455 adje-

526 5455 684 5536 cisse
694 5451 989 5536 interpres
1029 5453 1372 5536 Hentenius.
1417 5453 1568 5536 .Yide
1607 5451 1757 5509 infra
1787 5452 1864 5536 ad
1902 5470 2054 5511 vers.
2094 5451 2173 5536 lt.

597 5526 711 5601 (36)
743 5528 828 5583 lta
856 5522 1174 5598 interpres.
1211 5522 1431 5594 Conjici
1454 5529 1652 5581 tamen
1674 5526 1887 5598 possit,
1917 5531 2173 5600 συγγενεῖ.

2289 5316 2418 5372 Mox
2440 5320 2640 5373 tamen
2658 5319 2757 5391 est
2785 5314 3066 5391 ἀλλογενείς
3098 5319 3156 5391 et
3191 5331 3396 5374 rursus
3428 5320 3712 5391 συγγενεῖς.

2359 5391 2475 5460 (3⁸])
2515 5392 2616 5440 Καὶ
2642 5387 2835 5460 ῥήσεις,
2869 5387 3088 5445 omittit

2356 5457 2473 5530 (38)
2512 5457 2828 5515 Hentenius
2863 5460 3095 5516 videtur
3131 5459 3344 5530 legisse
3384 5465 3534 5518 Θεόν.

2357 5531 2474 5604 (39)
2518 5536 2710 5598 Δοκείς,
2735 5545 2845 5604 pro
2876 5531 2940 5586 εἷ.
2978 5537 3042 5586 Δ.

594 5674 664 5754 (c)
693 5674 1071 5734 Accederent.
1102 5670 1347 5730 Videtur
1367 5671 1584 5747 legisse
1613 5673 1859 5751 έπῆλθον,
1889 5677 2057 5753 quod
2084 5691 2195 5737 non

2305 5676 2538 5754 splicet.
