4180 6464
237 397 337 457 141

242 526 520 578 Ἐκάστοτε
573 523 674 594 γὰρ
741 522 795 573 ἐκ
832 522 1064 594 περάτων
1128 529 1222 582 τῆς
1279 521 1578 594 οἰκουμένης
1657 525 1840 595 ἕρχον-
1868 521 1915 575 Α

248 633 338 666 ται
373 615 563 670 ταύτην
607 610 867 683 ὀψόμενοι,
918 614 1008 661 καὶ
1055 614 1509 683 προσκυνήσοντες
1536 614 1621 662 τόν
1663 616 1838 678 τόπον,

247 704 368 754 ἔνθα
429 703 455 752 ό
509 703 734 772 Χριστός
800 702 1122 769 γεγέννηται.
1177 695 1304 750 Εἶτα
1363 700 1546 756 τίθησι
1597 703 1686 751 καὶ
1747 703 1841 758 τήν

249 790 422 842 αἰτίαν
487 797 580 848 τῆς
629 784 984 849 ἐνδοξότητοςο
1054 787 1134 838 ὅτι
1191 786 1277 839 Ἐκ
1345 795 1438 838 σοῦ
1504 786 1839 857 ἐξελεύσεται,

248 880 410 928 εἷτουν
442 875 749 948 βλαστήσει,
795 877 1093 947 ἡγούμενος.
1146 874 1457 946 Ἢγούμενον
1513 872 1570 928 δε
1605 876 1716 946 (40)
1754 882 1841 929 καὶ

243 968 464 1036 ποιμένα
519 963 725 1016 ἐκάλεσε
784 967 872 1014 τόν
929 962 1167 1035 βασιλέα.
1216 963 1274 1014 ⁸0
1327 965 1428 1037 γὰρ
1493 968 1724 1037 Χριστός
1781 961 1841 1022 ἦν

242 1056 331 1124 μὲν
376 1053 490 1124 (41)
543 1050 812 1124 βασιλεὺς,
863 1056 952 1103 καὶ
1003 1054 1073 1113 ὡς
1120 1055 1270 1112 Θεός.
1318 1051 1378 1103 Ἠ
1430 1050 1674 1124 βασιλεία
1715 1056 1839 1125 γὰρ,

250 1146 434 1212 φησὶν,
500 1141 530 1198 ἠ
565 1139 658 1212 ἐμή
694 1140 786 1191 οῦκ
839 1142 975 1192 ἔστιν
1021 1139 1074 1190 ἐκ
1130 1146 1222 1191 τοῦ
1275 1144 1476 1211 κόσμου
1523 1143 1726 1192 τούτου·
1780 1138 1840 1197 ἦν

245 1225 304 1281 δε
347 1233 459 1294 καὶ,
487 1231 554 1289 ὡς
605 1229 894 1300 ἄνθρωπος.
954 1226 1078 1298 Εἶχε
1129 1231 1230 1302 γὰρ
1289 1231 1416 1298 ἔργα
1463 1226 1742 1299 βασιλέως,
1783 1232 1840 1280 τὸ

240 1319 530 1388 νομοθετεῖν
589 1324 698 1376 τοίς
753 1318 1000 1376 ὑπηκόοις
1065 1317 1242 1384 αὐτοῦ,
1304 1320 1362 1368 τό
1417 1317 1710 1390 ῥυθμίζειν,
1781 1319 1840 1368 τὸ

243 1409 522 1478 περιέπειν,
595 1408 654 1456 τὸ
727 1407 1200 1476 ὁπεραποθνήσκειν
1255 1405 1444 1470 αὐτῶν,
1511 1405 1545 1456 ἆ
1610 1405 1844 1476 μάλιστα

243 1493 708 1566 χαρακτηρίξουσι
748 1498 834 1545 τόν
862 1492 1026 1551 ἀληθῆ
1062 1491 1302 1566 βασιλέα.
1333 1497 1402 1545 Τό
1431 1495 1534 1566 γὰρ
1574 1490 1838 1565 διάδημα,

245 1586 334 1633 καὶ
382 1583 413 1639 ἡ
454 1586 727 1654 πορφυρὶς,
783 1586 872 1633 καὶ
909 1584 976 1633 τὰ
1019 1589 1260 1652 τοιαῦτα,
1305 1585 1468 1654 τύφου
1516 1581 1706 1653 μᾶλλον
1755 1587 1844 1635 καὶ

245 1667 544 1732 ἀλαζονείας
570 1669 674 1721 εἰσί
682 1711 694 1724 .

317 1762 418 1810 Καὶ
459 1766 564 1818 πῶς
599 1756 731 1809 εἶπεν
783 1757 937 1809 αὐτόν
985 1763 1204 1831 ποιμένα
1254 1766 1347 1810 τοῦ
1401 1757 1650 1833 Ἰσραήλ;
1704 1761 1846 1831 σύμ-

245 1865 418 1898 πασαν
477 1848 578 1919 γὰρ
626 1850 719 1904 τὴν
797 1846 1100 1918 οἰκουμένην
1174 1847 1438 1919 ἑποίμανε.
1501 1855 1655 1914 Πῶς;
1733 1847 1918 1926 ’ἹναΒ

247 1939 317 2007 μή
379 1931 837 1987 σκανδαλισθῶσιν
898 1932 1174 2000 Ἰουδαῖοι,
1235 1939 1299 1996 ὡς
1356 1933 1522 2008 μηδέν
1589 1955 1641 1988 τι
1696 1936 1844 1989 πλέον

251 2031 350 2074 τῶν
393 2023 555 2075 ἄλλων
586 2025 816 2093 ἔχοντες,
864 2021 969 2074 ἀλλ’
1013 2023 1096 2074 ἵνα
1125 2022 1311 2092 μᾶλλον
1366 2027 1564 2095 ἔχωσιν
1610 2023 1845 2096 ἀφορμήν

253 2111 579 2175 οἰκειώσεως,
609 2111 716 2162 ἐπεὶ
763 2114 852 2161 καὶ
914 2109 966 2171 ἐξ
1034 2110 1201 2161 αὐτῶν
1235 2110 1540 2182 ἐϐλάστησε,
1588 2118 1676 2164 καὶ
1724 2113 1846 2186 παρ’

252 2199 425 2259 αὐτοῖς
476 2199 592 2271 (42)
623 2197 885 2269 ἐγεννήθη.
928 2197 988 2250 Εἰ
1045 2194 1104 2250 δέ
1144 2217 1225 2259 τις
1255 2202 1406 2251 εἴποι·
1460 2205 1560 2253 Καί
1606 2209 1716 2262 πῶς
1753 2203 1847 2254 ούκ

254 2285 522 2358 ἐποίμαινεν
593 2287 706 2356 (43)
760 2286 975 2354 αύτούςς
1041 2286 1184 2338 οὗτοι
1249 2289 1350 2360 γὰρ
1405 2287 1535 2340 εἰσιν
1612 2289 1843 2363 Ἰσραήλ·

249 2372 485 2441 ἀκούσει,
537 2376 617 2426 ὅτι
669 2380 758 2426 καὶ
822 2381 972 2427 τοῦτο
1027 2379 1329 2433 πεποίηκεν.
1408 2374 1562 2428 Ὀσοι
1619 2380 1720 2451 γὰρ
1796 2376 1849 2440 ἐξ

245 2461 417 2514 αὐτῶν
487 2460 821 2530 ἐπίστευσαν,
905 2462 1147 2534 ἐποίμανε
1234 2466 1468 2533 τούτους,
1523 2463 1722 2527 Ἀλλως
1794 2485 1849 2518 τε

247 2546 328 2618 δε,
368 2550 580 2623 Ἰσραήλ
628 2549 742 2603 ἔστι
779 2557 882 2613 πᾶς
909 2548 1058 2611 εἰδὼς
1114 2555 1262 2606 Θεόν.
1318 2551 1532 2626 Ἰσραήλ
1560 2555 1659 2624 γὰρ
1691 2553 1846 2626 ἑρμη-

245 2641 462 2707 νεύεται,
520 2640 650 2713 ὀρῶν
719 2644 867 2693 Θεόν.
940 2645 1076 2698 Φησὶ
1126 2643 1226 2713 γὰρ
1278 2641 1304 2691 ό
1354 2639 1572 2706 Παῦλος,
1618 2642 1699 2693 ὅτι
1769 2641 1845 2694 Ού

243 2728 432 2788 πάντες
495 2730 543 2780 οἱ
611 2726 664 2791 ἑξ
717 2727 950 2802 Ἰσραήλ,
1037 2728 1180 2780 οὗτοι
1253 2728 1481 2801 Ἰσραήλ.
1548 2729 1606 2780 Εἰ
1661 2725 1720 2782 δε
1768 2735 1841 2802 μή

246 2817 442 2878 πάντας
497 2821 613 2877 τοὺς
676 2816 945 2889 Ἐϐραίους
1009 2815 1296 2888 ἐποίμανεν,
1352 2816 1552 2870 ἐκείνων
1615 2817 1728 2870 ἐστὶ
1783 2822 1842 2870 τὸ

251 2903 504 2976 ἔγκλημα,
562 2910 632 2976 μή
701 2905 1022 2963 θελησάντων
1079 2904 1164 2956 ὑπ’
1207 2905 1367 2957 αὐτοῦ
1437 2908 1832 2978 ποιμαίνεσθαι,

252 2995 439 3064 Εἶρηκε
457 2995 576 3067 γάρ’
611 2993 719 3045 Ούκ
759 2992 1076 3060 ἀπεστάλην,
1110 2993 1154 3045 εἰ
1199 2997 1270 3065 μή
1303 2994 1370 3054 εἰς
1396 2997 1464 3046 τὰ
1514 2994 1753 3069 πρόϐατα
1778 2999 1844 3048 τὰ

253 3078 552 3133 ἀπολωλότα
577 3085 720 3134 οἴκου
749 3081 986 3156 Ἰσραήλ.
1025 3086 1124 3134 Καὶ
1154 3082 1180 3133 ό
1211 3081 1574 3153 εύαγγελιστής
1602 3079 1661 3136 δε
1683 3103 1842 3155 φησιν

252 3168 510 3237 Ἰωάννης,
553 3171 633 3222 ὅτι
658 3170 745 3231 Εἰς
768 3173 834 3222 τὰ
859 3167 978 3223 ἴδια
1006 3167 1146 3237 ἦλθε,
1178 3174 1269 3222 καὶ
1317 3172 1366 3222 οἱ
1415 3167 1548 3223 ἴδιοι
1591 3171 1743 3224 αὐτὸν
1782 3172 1842 3224 ού

247 3219 1146 3331 παρελαὲὲν.”’“⁷””
1323 3219 1364 3222 ’⁷
1786 3219 1835 3224 ⁷⁷
1875 3219 1914 3275 ο

322 3431 604 3485 Κάνταῦθα
679 3429 738 3485 δε
801 3440 1182 3507 κακουργοῦσιν
1259 3430 1512 3486 Ἰουδαῖοι
1588 3434 1842 3506 λέγοντες,

252 3522 333 3571 ὅτι
386 3525 504 3593 περὶ
551 3528 643 3571 τοῦ
692 3519 982 3594 Ζοροϐάϐελ
1029 3518 1137 3573 εἷπε
1202 3529 1368 3574 ταῦτα
1434 3525 1462 3581 ἠ
1524 3530 1834 3596 προφητεία.

250 3611 387 3682 Πρός
426 3609 511 3668 οὖς
552 3627 733 3681 φαμεν,
791 3610 871 3662 ὅτι
919 3613 1007 3662 καὶ
1060 3615 1162 3682 μὴν
1215 3612 1240 3662 ὁ
1303 3610 1593 3686 Ζοροϐάϐελ
1658 3613 1751 3664 οὐκ
1795 3612 1844 3664 ἐν

249 3697 493 3770 Βηθλεὲμ,
549 3695 658 3749 ἀλλ’
701 3695 749 3749 ἐν
796 3696 1061 3775 Βαϐυλῶνι¹
1111 3703 1432 3771 γεγέννηται.
1481 3705 1546 3753 Σὺ
1593 3697 1652 3754 δὲ
1711 3703 1842 3754 θαύ-

247 3804 414 3858 μασον
470 3790 564 3844 τὴν
606 3786 900 3859 οἰκονομίαν
963 3795 1056 3840 τοῦ
1117 3796 1268 3860 Θεοῦ,
1348 3798 1456 3851 πῶς
1521 3793 1842 3862 παρεσκεύα-

250 3893 332 3926 σεν
362 3875 462 3926 ύπό
509 3877 598 3946 μεν
629 3883 728 3927 τῶν
773 3877 966 3947 Μάγων
1007 3873 1341 3948 διδαχθῆναι
1376 3881 1496 3940 τοὺς
1526 3875 1839 3945 Ἰουδαίους,

249 3964 327 4014 ὅτι
379 3967 470 4014 καὶ
517 3961 684 4037 ἀστήρ
736 3967 823 4016 τόν
877 3969 1108 4038 Χριστὸν
1170 3965 1435 4042 ἐκήρυξεν,
1489 3968 1589 4018 ὑπὸ
1631 3964 1690 4019 δε
1742 3975 1842 4019 τῶν

249 4047 515 4104 Ἰουδαίων
567 4055 684 4112 τοὺς
743 4055 980 4124 Μάγους,
1058 4055 1139 4106 ὅτι
1208 4059 1298 4107 καὶ
1349 4062 1616 4128 προφῆται
1660 4062 1841 4108 τοῦτον

243 4139 711 4212 προκατήγγειλαν.

313 4232 436 4282 Τότε
511 4224 1066 4304 Ἡρώδης-ἀστέρος.
1155 4234 1302 4283 Διατί
1376 4230 1544 4305 λάθρα
1630 4233 1842 4292 τούτους

239 4315 490 4382 ἐκάλεσες
547 4312 684 4368 διότι
714 4318 982 4369 ὑπώπτευε
1011 4322 1131 4378 τοὺς
1185 4315 1493 4386 Ἰουδαίους,
1535 4321 1606 4380 ὡς
1654 4339 1842 4392 συγγε-

238 4411 344 4466 νεῖς
379 4412 473 4456 τοῦ
511 4411 765 4476 Χριστοῦ,
805 4410 894 4458 καὶ
929 4405 1023 4458 ούκ
1079 4405 1253 4464 ἤθελεν
1308 4405 1510 4459 ἀκούειν
1571 4407 1778 4477 αὐτούς,
1809 4407 1846 4460 ἄ

239 4492 440 4565 ἔμελλεν
489 4490 748 4564 ἐρωτῆσαι
777 4499 867 4546 καί
906 4496 1271 4566 παραγγεῖλαι,
1305 4501 1502 4568 μήποτε
1542 4501 1838 4564 νοήσαντες,

239 4583 321 4634 ὅτι
344 4580 658 4633 ἐπιϐουλεύει
681 4581 838 4652 αύτῷ,
865 4579 899 4634 δ
905 4591 1124 4635 ιασῶσιν
1146 4583 1323 4652 αὐτόν,
1344 4587 1413 4646 ὡς
1436 4581 1574 4637 ἴδιον
1596 4583 1839 4657 βασιλέα.
1873 4563 1918 4619 D

241 4668 542 4743 Ἠκρίϐωσε
573 4666 652 4739 δὲ,
685 4669 799 4722 ἀντὶ
825 4678 917 4722 τοῦ
949 4671 1200 4746 Ἀκριϐῶς
1235 4674 1439 4745 ἔμαθεν.
1468 4672 1758 4746 Ἢκρίϐωσε
1785 4670 1843 4725 δε

237 4761 331 4811 τὸν
360 4763 550 4833 χρόνον
593 4767 680 4811 τοῦ
714 4756 946 4834 ἀστέρος,
992 4762 1075 4812 ὅτε
1110 4760 1266 4833 ἐφάνη
1300 4761 1494 4832 αὐτοῖς,
1529 4763 1610 4814 ἱνα
1657 4761 1842 4814 ἐκεῖθεν

236 4847 515 4920 ἀριθμήσῃ
566 4851 652 4900 τόν
703 4853 895 4922 χρόνον
944 4858 1035 4910 τῆς
1094 4856 1184 4902 τοῦ
1243 4855 1480 4924 Χριστοῦ
1536 4855 1838 4922 γεννήσεως.

237 4932 616 5011 Προσεδόκησε
656 4940 777 5010 γὰρ,
831 4939 912 4990 ὅτι
963 4939 1041 4991 ὅτε
1070 4936 1218 5002 οὗτος
1254 4938 1435 5011 ἐφάνη,
1471 4943 1586 4992 τότε
1637 4941 1843 5001 πάντως

235 5025 483 5098 ἐγεννήθη
516 5030 606 5079 καὶ
632 5025 658 5078 ό
685 5031 937 5099 Χριστός.

311 5205 361 5240 ³ο
384 5203 552 5264 Joan.
593 5219 746 5273 xvm,
774 5206 863 5264 36.
939 5206 988 5244 ³ο
1016 5207 1186 5265 Rom.
1217 5222 1296 5276 1x,
1319 5206 1373 5264 6.

1231 394 1601 453 COMMFNT.
1642 394 1715 450 ΙΝ
1755 393 2206 450 ΜΑΤΤΗᾸΕΗΜ.
2241 424 2308 434 -
2334 392 2487 449 CAP.
2519 393 2588 450 II.

1450 5207 1496 5243 ³¹
1529 5205 1748 5266 Matth.
1783 5221 1877 5275 xv,
1909 5207 2001 5263 24.

3499 395 3604 451 142

1951 519 2092 576 tidie
2143 519 2300 576 enim
2355 518 2434 576 ab
2491 517 2774 575 universo
2843 517 2989 576 orbe
3047 517 3354 584 accedunt,
3405 518 3600 592 ipsam

1949 607 2154 674 visuri,
2186 607 2528 680 locumque,
2577 607 2680 663 ubi
2731 608 2993 664 Christus
3049 613 3229 665 natus
3261 608 3602 675 est,adora-

1950 697 2084 752 turi.
2137 697 2356 752 Deinde
2406 711 2644 766 magna:
2695 697 2868 753 fama:
2929 713 2998 753 ac
3047 697 3311 754 nominis
3358 713 3602 754 causam

1948 785 2151 857 ponit:
2189 787 2286 842 Ex
2314 791 2370 842 te
2415 785 2569 841 enim
2624 784 2822 849 exibit,
2870 785 2984 841 hoc
3013 790 3119 851 est,
3150 790 3427 842 nascetur
3451 787 3599 844 dux.

1950 875 2170 929 Ducem
2202 879 2403 929 autem
2444 888 2514 928 ac
2580 878 2884 944 pastorem
2934 873 3056 929 sive
3116 879 3426 940 rectorem,
3460 875 3605 932 dixit

1948 976 2171 1030 regem.
2221 964 2369 1018 Nam
2428 961 2688 1017 Christus
2741 966 2798 1016 et
2847 961 3182 1017 secundum
3239 962 3603 1020 divinitatem

1949 1051 2069 1105 Rex
2119 1055 2282 1117 erat;
2338 1051 2602 1118 Regnum
2653 1049 2780 1121 (ait)
2838 1065 3027 1106 meum
3083 1065 3202 1105 non
3244 1056 3330 1106 est
3375 1065 3450 1107 ex
3495 1051 3604 1109 hoc

1948 1139 2164 1194 mundo
2190 1140 2270 1203 '9;
2302 1142 2360 1193 et
2400 1137 2733 1193 secundum
2793 1137 3230 1194 humanitatem
3259 1153 3274 1192 :
3306 1138 3605 1210 siquidem

1950 1226 2103 1295 regis
2135 1225 2450 1282 exercebat
2471 1241 2676 1297 opera,
2704 1225 2864 1298 leges
2892 1225 3165 1282 videlicet
3184 1225 3442 1283 subditis
3460 1242 3607 1282 con-

1949 1314 2120 1380 dens,
2155 1315 2456 1385 corrigens
2511 1314 2640 1369 illos
2689 1331 2757 1371 ac
2811 1314 3045 1380 fovens,
3098 1317 3156 1370 et
3202 1329 3311 1386 pro
3368 1314 3453 1370 eis
3481 1329 3607 1370 mo-

1948 1404 2306 1474 rienszqum
2365 1404 2626 1458 maxime
2666 1418 2827 1467 eum,
2879 1403 2984 1474 qui
3034 1417 3168 1458 vere
3222 1417 3323 1458 rex
3353 1406 3468 1468 est,
3520 1402 3606 1458 in-

1953 1491 2241 1562 signiunt.
2295 1491 2577 1548 Diadema
2622 1491 2784 1546 enim
2815 1497 2873 1547 et
2929 1505 3220 1563 purpura,
3248 1489 3602 1564 reliquaque

1953 1579 2188 1646 similia,
2217 1580 2408 1636 fastus
2439 1581 2634 1651 magis
2667 1583 2808 1635 sunt
2837 1583 2892 1635 et
2922 1580 3311 1652 arrogantia.

2026 1757 2340 1824 Quomodo
2379 1762 2580 1813 autem
2633 1773 2772 1813 eum
2818 1755 2970 1812 dixit
3014 1760 3318 1828 pastorem
3364 1755 3488 1813 sive
3517 1771 3605 1812 re-

1955 1849 2178 1902 ctorem
2205 1845 2383 1901 Israel
2414 1846 2759 1916 (utrumque
2807 1844 2968 1900 enim
3018 1845 3318 1915 signiﬁcat
3352 1844 3608 1902 verbum

1953 1938 2236 2006 ποιμαίνω,
2291 1937 2348 1988 et
2378 1948 2580 2004 regere
2625 1937 2683 1989 et
2730 1932 3018 2004 pascere),
3067 1948 3205 1988 cum
3262 1932 3606 1990 universam

1954 2022 2185 2092 paverit
2237 2021 2442 2076 orbem
2496 2019 2524 2074 ?
2583 2019 2663 2076 Ne
2724 2020 3107 2078 oﬂendantur
3161 2020 3368 2088 Judmi,
3435 2021 3606 2094 quasi

1956 2109 2182 2165 caeteris
2220 2107 2365 2163 nihil
2409 2106 2667 2179 amplius
2718 2108 3033 2174 habentes,
3083 2109 3184 2164 sed
3223 2109 3607 2165 occasionem

1955 2197 2152 2266 magis
2180 2196 2445 2253 habeant
2477 2195 2894 2253 familiaritatis
2949 2198 3112 2267 ejus:
3141 2197 3303 2269 quod
3327 2197 3406 2253 ab
3458 2197 3610 2269 ipsis

1957 2285 2283 2355 genitus,et
2308 2285 2470 2356 apud
2499 2301 2600 2340 eos
2631 2289 2810 2341 natus
2832 2285 2990 2341 sit.Si
3022 2286 3156 2357 quis
3185 2290 3383 2341 autem
3406 2285 3566 2341 dicat
3592 2301 3606 2341 :

1957 2373 2270 2439 Quomodo
2295 2388 2438 2442 ergo
2469 2373 2598 2429 illos
2621 2389 2742 2429 non
2762 2373 2944 2445 pavit,
2961 2389 3099 2429 cum
3124 2374 3242 2429 sint
3263 2373 3374 2445 ipsi
3394 2372 3613 2429 Israel?

1954 2462 2192 2526 Audiat,
2246 2461 2413 2534 quod
2447 2461 2627 2518 etiam
2666 2463 2777 2518 hoc
2828 2461 3007 2527 fecit;
3059 2462 3217 2533 pavit
3271 2461 3431 2518 enim
3480 2461 3613 2518 illos

1954 2550 2060 2622 qui
2103 2565 2176 2604 ex
2215 2550 2361 2619 ipsis
2417 2550 2850 2615 crediderunt;
2911 2550 3129 2622 alioqui
3195 2550 3371 2606 etiam
3433 2549 3610 2606 Israel

1954 2643 2045 2693 est
2070 2638 2268 2694 omnis
2297 2638 2396 2710 qui
2426 2638 2582 2694 videt
2606 2640 2811 2694 Deum.
2845 2639 3026 2694 lsrael
3066 2654 3353 2712 namque,
3398 2638 3448 2694 si
3479 2639 3611 2711 quis

1951 2727 2388 2799 interpretetur,
2411 2727 2573 2782 idem
2611 2733 2786 2782 sonat
2809 2727 2977 2799 quod
3032 2727 3234 2784 videns
3280 2728 3482 2784 Deum.
3523 2726 3611 2782 Di-

1953 2815 2029 2871 cit
2077 2820 2277 2871 autem
2325 2815 2546 2871 Paulus
2576 2832 2589 2871 :
2644 2816 2778 2871 Non
2828 2831 3020 2872 omnes
3039 2818 3145 2887 qui
3173 2817 3250 2873 ab
3279 2816 3467 2873 Israel
3491 2815 3612 2872 des-

1953 2903 2218 2969 cendunt,
2263 2904 2471 2960 Itisunl
2499 2903 2796 2961 Israelin
2823 2907 2890 2959 ³ο.
2927 2904 3096 2970 Quod
3153 2905 3201 2960 si
3249 2919 3372 2960 non
3397 2919 3610 2961 omnes

1951 2992 2116 3063 pavit
2134 2991 2434 3055 Hebraeos,
2467 2991 2700 3048 illorum
2729 2992 2908 3065 culpa
2935 2997 3042 3063 est,
3079 2993 3182 3064 qui
3213 2992 3292 3049 ab
3330 3008 3400 3049 eo
3445 2992 3607 3064 pasci

1951 3079 2282 3136 noluerunt.
2314 3080 2477 3138 Dixit
2505 3080 2696 3146 enim;
2733 3081 2871 3137 Non
2923 3097 3051 3137 sum
3090 3083 3309 3149 missus,
3381 3081 3498 3136 nisi
3527 3081 3608 3137 ad

1951 3183 2077 3225 oves
2104 3169 2362 3240 perditas
2405 3169 2611 3225 domus
2659 3170 2843 3225 Israel
2879 3171 2947 3222 ".
3000 3169 3377 3240 Evangelista
3401 3174 3606 3225 autem

1950 3259 2231 3314 Joannes.
2273 3257 2342 3312 In
2379 3273 2508 3324 sua,
2570 3257 2780 3330 inquit,
2829 3258 3007 3329 venit,
3077 3264 3131 3314 et
3171 3257 3261 3312 sui
3292 3272 3426 3314 eum
3483 3273 3604 3313 non

1952 3352 2298 3414 receperunt
2333 3347 2400 3400 ³³.

2025 3437 2143 3489 Hoc
2157 3449 2400 3506 quoque
2430 3433 2765 3506 depravant
2797 3433 2824 3488 J
2836 3433 3008 3499 udaei,
3028 3433 3314 3497 dicentes,
3338 3432 3412 3488 de
3433 3435 3608 3489 Zoro-

1951 3522 2125 3578 babel
2151 3523 2418 3578 locutam
2445 3539 2573 3577 esse
2602 3521 2999 3595 prophetiam.
3035 3522 3261 3588 Quibus
3287 3536 3397 3576 nos
3445 3538 3476 3577 e
3519 3522 3608 3578 di-

1952 3627 2124 3667 verso
2153 3611 2420 3682 dicimus,
2464 3611 2792 3667 Zorobabel
2832 3627 2952 3667 non
3002 3611 3063 3666 in
3119 3610 3433 3674 Bethleem,
3500 3611 3607 3667 sed

1951 3699 2012 3755 in
2046 3700 2363 3772 Babylonia
2427 3707 2637 3756 natum
2668 3716 2816 3755 esse.
2859 3703 2942 3756 Tu
2974 3716 3115 3756 vero
3160 3700 3258 3755 Dei
3304 3699 3605 3756 admirare

1952 3789 2448 3860 gubernationem
2475 3806 2489 3845 :
2515 3789 2824 3861 quomodo
2850 3789 3164 3854 ordinavit,
3195 3804 3230 3844 a
3255 3789 3437 3860 Magis
3474 3790 3606 3861 qui-

1951 3877 2090 3933 dem
2133 3877 2329 3933 doceri
2391 3877 2657 3940 Judmos,
2709 3879 2868 3950 quod
2922 3877 3121 3950 ipsum
3177 3876 3347 3933 stella
3391 3876 3606 3948 praedi-

1952 3966 2204 4022 caverit:
2241 3982 2277 4022 a
2304 3966 2524 4022 Judmis
2545 3972 2736 4022 autem
2763 3969 2986 4038 Magos,
3015 3965 3182 4039 quod
3212 3970 3270 4023 et
3299 3965 3602 4039 prophetae

1951 4052 2149 4126 ipsum
2175 4055 2726 4126 prtenuntiaverint.

2021 4233 2184 4286 Vers.
2207 4231 2261 4286 7.
2291 4232 2442 4288 Tunc
2469 4231 2718 4287 Herodes
2756 4232 3042 4288 —stellas.
3078 4232 3269 4296 Quare
3299 4229 3410 4286 hos
3441 4227 3599 4286 clam

1950 4319 2239 4376 vocavit?
2262 4320 2410 4384 Quia
2453 4324 2766 4391 suspectos
2812 4319 3074 4375 habebat
3101 4318 3362 4384 Iudaeos,
3396 4333 3602 4390 nempe

1952 4407 2162 4463 Christi
2188 4413 2470 4476 cognatos
2501 4423 2511 4462 :
2547 4423 2656 4462 nec
2707 4406 2968 4469 volebat,
3033 4411 3097 4462 ut
3130 4406 3246 4479 ipsi
3309 4405 3599 4473 audirent,

1951 4511 2088 4568 quas
2114 4495 2582 4564 interrogaturus
2599 4499 2698 4550 aut
2728 4500 3133 4566 prmcepturus
3158 4498 3286 4550 erat
3315 4509 3423 4549 :ne
3452 4493 3601 4551 forte

1953 4583 2342 4654 intelligentes
2361 4582 2526 4655 quod
2547 4583 2599 4638 ei
2621 4582 3016 4649 insidiaretur,
3044 4589 3349 4639 servarent
3375 4581 3598 4655 ipsum,

1951 4677 2240 4743 tanquam
2273 4673 2583 4743 proprium
2615 4686 2834 4742 regem.
2879 4673 3093 4727 Exacte
3133 4678 3334 4728 autem
3362 4673 3600 4744 perqui-

1952 4758 2107 4827 sivit,
2141 4760 2260 4816 sive
2285 4760 2489 4816 didicit
2536 4766 2775 4832 tempus
2835 4758 3035 4824 stellaa,
3089 4759 3336 4831 quando
3381 4759 3600 4816 scilicet

1951 4849 2036 4904 eis
2067 4849 2430 4921 apparuerit,
2460 4854 2520 4905 ut
2550 4849 2687 4905 inde
2725 4853 2964 4920 tempus
3013 4847 3340 4905 Nativitatis
3391 4849 3600 4905 Christi

1951 4943 2312 4993 numeraret.
2369 4937 2650 5010 Cogitavit
2696 4938 2878 5004 enim,
2939 4942 3081 4993 tunc
3128 4936 3338 5008 procul
3411 4937 3598 4993 dubio

1951 5031 2164 5084 natum
2201 5042 2328 5083 esse
2359 5027 2677 5095 Christum,
2725 5028 2966 5100 quando
2994 5025 3166 5083 stella
3213 5031 3596 5098 apparuerat.

2077 5207 2125 5243 ³³
2156 5207 2329 5265 Joan.
2360 5207 2402 5279 Ι,
2425 5207 2514 5266 11.

1448 5411 1668 5484 Variae
1693 5409 2023 5481 lectiones
2057 5419 2124 5479 et
2151 5418 2358 5480 notae.

449 5613 530 5678 Δέ,
557 5608 774 5668 omittit
804 5611 871 5666 A.

304 5606 428 5757 (403
449 5613 530 5678 Δί,
557 5608 774 5668 omittit
804 5611 871 5666 A.

307 5685 398 5757 (41
464 5682 603 5741 Post
625 5686 736 5759 μέν,
766 5697 973 5741 rursus
999 5681 1182 5742 habet
1206 5683 1308 5762 γάρ
1343 5682 1410 5740 A.

2162 5604 2407 5679 Ἐγενήθη
2440 5610 2510 5666 Α.

2156 5678 2434 5762 Ἐποίμανε
2460 5678 2677 5763 τούτους
2707 5679 2785 5762 At

2011 5606 2130 5764 ἵξἓῖ
