4180 6454
586 379 688 442 143

1897 385 2244 446 EUTHYMII
2287 384 2615 446 ZIGABENI

3843 391 3971 453 144

647 512 808 567 Vers.
837 511 888 565 8.
919 510 1001 566 Et
1041 507 1229 566 missis
1255 507 1382 567 illis
1414 536 1483 552 -
1525 511 1762 568 adorem
1790 527 1916 569 eum
1947 513 2090 570 Vide
2115 513 2212 570 do-

2404 520 2504 568 Καὶ
2578 514 2788 586 πέμψας
2836 515 3024 577 αὐτους
3065 547 3131 557 -
3162 522 3514 590 προσκυνήσω
3587 518 3748 588 αὐτῷ.
3797 519 3974 594 Ὀρα

575 599 702 656 lum
735 599 1000 665 Herodis,
1043 603 1099 655 et
1150 599 1465 656 considera
1516 600 1644 671 ejus
1683 601 2106 672 insipientiam.
2165 605 2221 660 Si

579 689 738 746 enim
769 704 904 744 vere
931 688 1291 745 adoraturus
1341 692 1485 753 erat,
1537 704 1725 761 quare
1780 690 1896 745 hoc
1947 690 2221 747 clanculo

569 777 995 850 praecipiebat?
1027 777 1084 833 Si
1104 792 1244 833 vero
1268 777 1462 848 ipsum
1481 777 1750 833 occidere
1773 779 2047 848 parabat,
2077 795 2221 851 quo-

568 867 752 924 modo
815 865 1208 936 intelligebat,
1288 881 1354 921 ex
1426 873 1650 922 secreto
1732 874 2030 940 praecepto
2108 869 2218 924 hos

567 957 630 1014 in
661 956 783 1012 doli
825 955 1228 1026 suspicionem
1260 954 1691 1011 adducendas?
1725 956 1987 1011 Primum
2021 963 2221 1015 autem

569 1045 644 1101 de
673 1045 841 1100 stella
868 1043 1184 1113 diligenter
1222 1042 1600 1116 perquisivit,
1655 1049 1711 1099 et
1770 1050 1910 1100 tunc
1954 1048 2223 1117 praecepit

575 1137 665 1202 ut,
689 1133 739 1188 si
759 1133 812 1188 ei
845 1148 967 1188 non
984 1131 1439 1188 manifestarent
1461 1147 1610 1197 eum,
1629 1132 1703 1188 de
1728 1148 1851 1204 quo
1870 1133 1979 1188 sibi
2007 1149 2223 1190 renun-

572 1221 704 1278 tiari
730 1220 1112 1294 praecipiebat
1140 1221 1379 1290 cognito
1419 1224 1684 1293 tempore
1721 1221 1927 1286 stellae,
1978 1227 2220 1293 paratas

571 1310 820 1366 insidias
870 1325 1144 1366 exercere
1225 1315 1447 1381 posset.
1516 1309 1718 1375 Sed,o
1783 1309 2064 1377 Herodes,
2116 1311 2221 1382 qui

573 1404 780 1455 contra
803 1399 991 1453 Deum
1021 1413 1292 1470 pugnam
1333 1397 1613 1470 suscipis,
1663 1398 1810 1465 redi,
1878 1414 2106 1471 quaeso,
2141 1397 2221 1454 ad

571 1487 845 1558 teipsum.
869 1487 1180 1549 Quomodo
1201 1486 1468 1542 occidere
1490 1502 1667 1558 paras
1697 1487 2177 1558 immortalem(d)
2193 1488 2222 1542 ‘I

574 1575 888 1641 Quomodo
933 1590 1054 1630 non
1106 1574 1406 1644 intelligis,
1454 1575 1640 1648 quod,
1691 1591 1871 1649 quem
1916 1577 2219 1646 prophetas

571 1659 714 1715 olim
782 1660 1306 1719 annuntiaverunt.
1402 1658 1685 1730 stellaque
1739 1660 2112 1730 signiﬁcavit,
2165 1666 2220 1715 et

568 1747 720 1818 Magi
732 1745 809 1803 ad
823 1745 1202 1803 adorandum
1218 1746 1443 1802 inducti
1459 1747 1761 1811 sunt,huic
1775 1752 1828 1803 te
1844 1748 2218 1819 superstitem

571 1851 702 1892 esse
728 1837 796 1906 (e)
829 1835 1072 1891 omnino
1095 1837 1166 1891 sit
1194 1835 1569 1908 impossibile
1596 1835 1624 1890 ‘I

637 1923 1121 1990 Vers.9.Quicum
1144 1925 1449 1980 audissent
1473 1953 1537 1965 —
1554 1930 1680 1981 erat
1695 1939 1867 1994 puer.
1887 1925 2215 1997 Postquam

564 2014 692 2085 jam
720 2011 922 2068 locum
946 2010 1295 2075 didicerant,
1345 2028 1530 2085 quare
1576 2029 1811 2069 rursum
1871 2014 2020 2086 ipsis
2053 2013 2220 2071 stella

568 2101 907 2174 apparuit?
963 2101 1031 2156 Ut
1087 2115 1338 2172 puerum
1388 2101 1842 2158 demonstraret.
1898 2102 2217 2168 Quomodo

571 2192 729 2248 enim
754 2189 922 2246 aliter
946 2205 1085 2246 eum
1143 2191 1528 2260 agnovissent
1579 2191 1641 2246 in
1689 2191 1927 2258 tugurio
1984 2197 2213 2257 natum,

572 2295 682 2336 nec
712 2279 901 2334 cubile
932 2278 1313 2350 splendidum
1343 2279 1667 2336 habentem
1694 2281 1722 2336 ?
1767 2279 1854 2336 Ob
1893 2280 2006 2336 hoc
2038 2281 2218 2349 igitur

567 2369 807 2426 veniens
832 2369 990 2424 stetit
1016 2383 1199 2438 supra
1235 2369 1412 2424 locum
1443 2369 1501 2424 in
1532 2384 1646 2441 quo
1673 2375 1800 2425 erat
1847 2384 2016 2438 puer,
2069 2368 2216 2426 divi-

564 2471 714 2514 num
752 2455 1072 2513 ostendens
1101 2471 1227 2512 esse
1250 2461 1512 2528 partum.

634 2546 799 2601 Vers.
844 2545 932 2600 l0.
998 2546 1138 2601 Visa
1190 2553 1384 2601 autem
1436 2544 1605 2601 stella
1653 2576 1721 2584 —-
1774 2545 1964 2601 valde.
2019 2547 2215 2603 Gavisi

567 2638 726 2698 sunt,
779 2636 982 2704 utpote
1037 2637 1266 2703 reperto
1312 2632 1484 2698 duce,
1559 2648 1948 2704 nequaquam
1999 2633 2213 2690 fallaci.

568 2723 653 2777 Ex
689 2721 804 2776 hoc
826 2720 986 2776 enim
1021 2725 1241 2777 certam
1294 2719 1634 2776 habuerunt
1682 2720 1989 2787 fiduciam,
2059 2723 2216 2794 quod

565 2808 886 2882 quaesitum
914 2809 1260 2864 invenirent.

639 2899 802 2952 Vers.
845 2897 932 2952 11.
961 2897 1038 2953 Et
1060 2896 1303 2968 ingressi
1331 2927 1400 2937 -—
1427 2897 1614 2954 Matre
1647 2898 1786 2969 ejus.
1835 2899 2090 2954 Domum
2121 2899 2216 2955 hic

569 2987 866 3058 tugurium
897 2992 1081 3051 vocat,
1109 2987 1273 3057 quod
1315 2988 1502 3042 Lucas
1551 2987 1940 3043 diversorium
1971 2987 2118 3043 dixit
2144 2991 2210 3044 ³³.

569 3078 795 3132 Domus
815 3090 1034 3146 nempe
1049 3079 1194 3142 erat,
1214 3075 1378 3148 quod
1411 3080 1715 3147 utcunque
1753 3077 2210 3147 inhabitaretur;

567 3163 966 3221 diversorium
997 3167 1218 3232 autem,
1251 3169 1542 3236 tanquam
1574 3164 1746 3221 sedes
1768 3181 1838 3222 ac
1869 3167 2105 3221 mansio
2131 3167 2216 3222 in-

567 3252 983 3324 gredientium.
1007 3252 1406 3310 Diversorium
1441 3253 1600 3309 enim
1627 3253 1908 3319 dicimus,
1929 3255 2108 3311 etiam
2125 3255 2213 3327 ip-

566 3358 701 3398 sum
728 3341 1067 3398 tentorium.
1102 3341 1251 3398 Cum
1291 3342 1452 3399 enim
1501 3343 1940 3399 concurrissent
1968 3343 2028 3399 in
2075 3344 2215 3399 civi-

565 3435 747 3488 tatem
773 3430 1066 3487 Bethleem
1092 3446 1302 3487 omnes
1331 3431 1490 3504 quia
1519 3431 1706 3488 David
1742 3432 2210 3496 descendebant,

563 3535 745 3577 causa
768 3536 980 3576 census
1005 3536 1188 3592 quem
1220 3522 1410 3576 Caesar
1424 3520 1551 3575 ﬁeri
1571 3520 1846 3590 jusserat,
1874 3526 2050 3592 prout
2074 3523 2212 3575 scri-

563 3609 683 3680 psit
715 3609 899 3663 Lucas
929 3609 998 3672 ³⁵,
1030 3623 1153 3663 non
1180 3608 1550 3672 invenerunt,
1619 3607 1721 3678 qui
1780 3624 1919 3663 cum
1975 3610 2214 3678 Virgine

563 3701 734 3753 erant
767 3695 1019 3751 domum
1057 3695 1310 3750 liberam
1353 3696 1428 3750 ad
1458 3695 1910 3766 hospitandum,
1969 3697 2105 3753 ideo
2137 3699 2214 3755 ad

565 3783 963 3840 diversorium
988 3782 1296 3854 quoddam
1328 3783 1793 3853 declinaverunt,
1829 3785 1887 3840 in
1919 3801 2040 3858 quo
2072 3803 2213 3859 prae-

566 3887 707 3944 sepe
729 3876 856 3927 erat
879 3871 1311 3942 jumentorum.
1340 3872 1542 3927 Statim
1563 3876 1763 3928 autem
1783 3876 2008 3946 peperit
2040 3878 2212 3948 Virgo

568 3960 902 4016 Christum:
935 3963 991 4015 et
1027 3960 1166 4032 quia
1197 3959 1533 4016 aliuslocus
1563 3975 1684 4017 non
1709 3966 1835 4018 erat
1865 3963 1924 4019 in
1953 3963 2212 4020 diverso-

563 4049 673 4120 rio,
701 4047 1038 4105 involutum
1068 4047 1268 4105 fasciis
1297 4048 1610 4116 infantem,
1639 4050 1946 4110 reclinavit
1989 4052 2046 4108 in
2069 4069 2211 4126 prae-

565 4153 721 4210 sepe,
745 4136 916 4209 juxta
940 4138 1160 4194 Lucam
1192 4139 1261 4193 ³⁸.

632 4227 872 4293 Deinde,
903 4227 1053 4284 icut
1092 4227 1171 4284 ait
1202 4227 1682 4300 Chrysostomus,
1718 4229 1912 4301 ipsum
1945 4230 2070 4288 tulit
2098 4231 2204 4305 (f):

560 4319 616 4373 et
643 4317 883 4387 quando
912 4317 1164 4387 ingressi
1184 4322 1316 4372 sunt
1347 4317 1522 4387 Magi,
1558 4318 1758 4390 ipsum
1787 4335 1964 4391 super
2012 4336 2210 4391 genua

556 4404 838 4463 habebat.
875 4408 988 4462 Nec
1017 4408 1175 4461 enim
1220 4421 1384 4461 more
1416 4405 1665 4462 aliarum
1707 4412 1958 4464 matrum
1998 4413 2208 4481 partus

559 4495 790 4551 dolores
821 4495 1142 4560 sustinuit;
1175 4494 1320 4565 quia
1357 4510 1551 4567 neque
1577 4511 1646 4551 ex
1700 4497 1829 4552 viro
1872 4502 2204 4569 pepererat.

2330 607 2416 656 τὸν
2447 601 2597 655 δόλον
2645 612 2737 655 τοῦ
2788 601 3045 676 Ἡρώδου,
3104 610 3191 656 καὶ
3221 602 3444 678 διάσυρε
3493 611 3584 664 τὴν
3616 609 3793 658 οἶνοιαν
3843 610 3968 660 αὖ-

2329 699 2440 745 τοῦ.
2486 692 2545 744 Εἰ
2593 696 2681 762 μὲν
2724 695 2822 765 γὰρ
2855 692 3056 754 ἀληθῶς
3107 694 3302 764 ἔμελλεν
3348 695 3487 764 αὐτῷ
3539 705 3959 768 προσκυνῆσαι,

3293 783 3378 852 ;εἰ
3434 780 3491 834 δὲ
3547 782 3733 836 ἀνελεῖν
3773 785 3960 838 αὐτὸν

2331 866 2583 933 ἐϐούλετο,
2633 878 2741 929 πῶς
2772 869 2828 920 οὗ
2896 866 3149 932 συνεῖδεν,
3205 872 3282 922 ὅτι
3339 869 3393 922 ἔκ
3448 879 3537 922 τοῦ
3580 871 3748 946 λάθρα
3805 894 3956 948 παρ-

2331 956 2590 1026 αγγελλειν
2684 957 2750 1016 εἰς
2845 957 3073 1026 ὑποψίαν
3171 955 3325 1010 δόλου

2333 1051 2540 1116 Πρῶτον
2597 1041 2655 1096 δὲ
2712 1045 2974 1116 ἠκρίϐωσε
3023 1051 3141 1120 περὶ
3201 1055 3291 1098 τοῦ
3365 1046 3600 1120 ἀστέρος,
3667 1055 3754 1100 καὶ
3813 1056 3961 1104 τότε

2331 777 2478 832 διατί
2508 780 2675 854 λάθρα
2723 789 2871 832 τοῦτο
2923 782 3265 856 παρήγγειλεν

2845 957 3073 1026 ὑποψίαν
3171 957 3325 1010 δόλου
3422 963 3637 1022 τούτους
3718 960 3959 1026 ἐνιησις

2329 1133 2690 1204 παρήγγειλεν,
2747 1135 2828 1185 ἵνα
2870 1134 2912 1185 εἰ
2963 1139 3033 1206 μὴ
3083 1132 3416 1191 δηλώσουσιν
3474 1137 3632 1206 αὐτῷ,
3693 1143 3811 1211 περὶ
3890 1141 3961 1192 οὗ

2329 1221 2690 1293 παρήγγειλεν,
2747 1221 2847 1273 ἀπὸ
2913 1230 3002 1274 τοῦ
3054 1228 3251 1294 χρόνου
3312 1231 3404 1275 τοῦ
3456 1224 3667 1297 ἀστέρος
3719 1223 3954 1299 δυνηθῇ

2332 1310 2560 1382 θηρᾶσαι
2634 1314 2720 1361 τόν
2803 1310 3268 1382 ἐπιϐουλευόμενον.
3351 1311 3507 1376 ’Δλλ’,
3558 1311 3597 1363 ὦ
3675 1316 3949 1386 θεομάχε,

2329 1402 2486 1468 φαίην
2550 1399 2610 1448 ἄν
2674 1401 2803 1471 πρὸς
2846 1399 3020 1465 αὑτὸν,
3094 1408 3197 1459 πῶς
3253 1398 3534 1474 ἐπιχειρεῖς
3597 1401 3782 1454 ἀνελεῖν
3843 1411 3952 1456 τόν

2330 1482 2623 1553 balare-1;
2673 1495 2779 1548 πῶς
2830 1487 2887 1538 ου
2936 1495 3183 1550 συνῆκας,
3233 1490 3312 1539 ὅτι
3357 1491 3408 1539 ὃν
3457 1498 3720 1562 προφῆται
3769 1491 3951 1544 πάλαι

2328 1574 2696 1645 κατήγγειλαν,
2755 1579 2843 1626 καὶ
2895 1574 3060 1647 ἀστὴρ
3120 1576 3361 1648 ἐμήνυσε,
3415 1582 3504 1628 καὶ
3543 1580 3712 1649 Μάγοι
3763 1599 3943 1653 προει-⁹

2329 1669 2496 1713 κυνεῖν
2581 1662 2887 1733 ἐπείγονται,
2949 1667 3135 1716 τούτου
3229 1668 3585 1739 περιγενέσθαι
3670 1669 3945 1732 παντελῶς

2333 1745 2585 1803 ἀδύνατον
2612 1767 2626 1815 ;

2402 1928 2467 1977 Οἱ
2525 1924 2582 1979 δὲ
2650 1926 2961 1990 ἀκούσαντες
3024 1961 3090 1970 -
3149 1926 3208 1988 ἦν
3276 1935 3332 1983 τὸ
3386 1928 3618 1986 παιδίον.
3684 1935 3935 1989 Ἐπεὶτό

2326 2019 2524 2088 χωρίον
2576 2018 2785 2087 ἔμαθον,
2839 2023 2976 2079 τίνος
3022 2020 3180 2071 ἕνεκεν
3231 2021 3256 2071 6
3331 2019 3498 2095 ἀστὴρ
3552 2023 3704 2074 πάλιν
3767 2023 3928 2096 ἐφάνη

2327 2103 2541 2168 αὑτοίςς
2575 2103 2684 2157 Ἵνα
2726 2101 2975 2177 ὑποδείξῃ
3018 2111 3074 2158 τὸ
3128 2105 3360 2166 παιδίον,
3423 2116 3536 2171 Πῶς
3570 2113 3671 2185 γὰρ
3724 2113 3782 2162 οἷν
3828 2118 3926 2164 έπ-

2326 2196 2552 2262 έγνωσαν
2607 2193 2731 2245 αὑτὸ
2800 2192 2847 2244 ἐν
2900 2194 3097 2267 καλυϐῃ
3171 2201 3548 2269 γεγεννημένον,
3621 2204 3705 2250 καὶ
3785 2206 3920 2270 μήτε

2323 2286 2523 2354 μητέρα
2553 2285 2674 2352 ἔχον
2711 2281 2990 2356 λαμπράν;
3037 2286 3130 2335 Διά
3180 2294 3328 2336 τοῦτο
3375 2291 3548 2338 τοίνυν
3612 2286 3762 2340 ίλθὼν
3796 2290 3914 2346 ἔστη

2325 2368 2510 2434 ἐπάνω,
2559 2372 2688 2422 ὅπου
2743 2367 2803 2429 ἦν
2834 2376 2891 2422 τὸ
2923 2369 3157 2440 παιδίον,
3193 2370 3458 2443 δεικνύων,
3511 2377 3591 2426 ὅτι
3644 2379 3774 2428 Θεῖόν
3807 2376 3909 2428 ἐστι

2323 2460 2381 2508 τὸ
2411 2460 2670 2527 γεννηθέν.

2397 2542 2615 2607 ’ἰδόντες
2670 2543 2726 2598 δὲ
2780 2550 2863 2599 τὸν
2922 2547 3117 2622 ἀστέρα
3176 2581 3244 2589 -
3312 2547 3537 2624 σφόδρα.
3597 2551 3922 2625 Ἐχάρησαν,

2324 2636 2393 2694 ὡς
2453 2635 2676 2707 εὑρόντες
2735 2639 2820 2686 τόν
2880 2633 3269 2706 ἀψευδέστατον
3338 2635 3551 2710 ὁδηγὸν.
3608 2639 3924 2714 Ἐπληροφο-

2322 2723 2562 2796 ρήθησαν
2609 2726 2709 2795 γὰρ
2771 2723 2966 2787 λοιπόν,
3022 2726 3098 2778 ὅτι
3148 2733 3238 2777 καὶ
3290 2729 3348 2778 τὸ
3413 2728 3724 2800 ζητούμενον
3778 2731 3926 2804 εὑρή-

2325 2827 2506 2864 σουσι.

2396 2903 2496 2950 Καὶ
2545 2897 2769 2960 έλθόντες
2838 2901 2905 2960 εἰς
2971 2931 3038 2944 --
3095 2911 3188 2964 τῆς
3241 2906 3435 2976 μητρός
3499 2904 3680 2959 αὐτοῦ.
3739 2905 3925 2957 Οἰκίαν

2322 2984 2542 3038 ἐνταῦθα
2597 2992 2684 3045 τὴν
2742 2988 2969 3047 καλύϐην
3027 2993 3247 3062 εἴρηκεν,
3305 2995 3363 3050 ἦν
3415 2993 3440 3043 6
3491 2999 3697 3053 Λουκᾶς
3764 2997 3925 3046 κατά-

2320 3072 2459 3144 λυμα
2498 3073 2653 3130 εἶπεν.
2703 3076 2860 3128 Οἰκία
2907 3081 2997 3148 μὲν
3043 3082 3142 3154 γὰρ
3195 3076 3278 3150 ἦν,
3331 3077 3423 3131 διὰ
3471 3084 3526 3132 τὸ
3577 3078 3926 3139 ὁπωσδήποτε

2323 3162 2599 3214 οἰκεῖσθαι·
2674 3165 2948 3237 κατάλυμα
2995 3162 3053 3219 δε
3123 3170 3186 3227 ὡς
3248 3173 3528 3240 καταγωγὴ
3587 3177 3684 3220 τῶν
3762 3171 3925 3243 εἰσερ-

2323 3255 2578 3322 χομὲνων.
2652 3253 2932 3306 Καταλύειν
2987 3257 3088 3328 γὰρ
3140 3255 3348 3327 λέγομεν
3399 3263 3487 3309 καὶ
3543 3261 3600 3309 τὸ
3658 3277 3924 3317 κατασκη-

2321 3347 2458 3393 νοῡν,
2510 3342 2718 3392 Πάντων
2759 3344 2859 3414 γὰρ
2919 3351 3016 3393 τῶν
3057 3342 3110 3394 ἐκ
3165 3341 3330 3396 Δαυὶδ
3379 3350 3742 3417 καταγομένων
3798 3365 3921 3398 συν-

2323 3424 2732 3499 διδραμηκότων
2760 3430 2830 3491 εἰς
2867 3435 2961 3488 τὴν
3003 3431 3148 3482 πόλιν
3180 3432 3359 3498 αὐτοῦ,
3405 3439 3495 3491 τὴν
3537 3434 3781 3506 Βηθλεὲμ,
3829 3433 3924 3488 διὰ

2322 3521 2414 3574 τὴν
2443 3519 2586 3589 παρά
2614 3523 2872 3592 Καίσαρος
2895 3518 3196 3592 ἀπογραφὴν
3223 3523 3288 3583 ὡς
3316 3523 3340 3573 6
3375 3529 3580 3585 Λουκᾶς
3615 3526 3919 3596 ἱστόρησεν,

2322 3605 2427 3676 οὐχ
2475 3607 2618 3678 εὗρον
2672 3605 2926 3682 ἐλεύθερον
2983 3610 3093 3679 (44)
3145 3608 3283 3662 οἶκον
3336 3611 3496 3674 ξενίας
3547 3614 3594 3664 οἱ
3651 3619 3765 3688 περὶ
3829 3619 3924 3672 τὴν

2324 3696 2599 3765 Παρθένον·
2651 3693 2735 3748 διὸ
2781 3703 2868 3749 καὶ
2916 3698 2983 3758 εἰς
3020 3699 3249 3758 καλύϐην
3289 3703 3402 3752 τινὰ
3437 3701 3747 3770 κατέλυσαν,
3799 3705 3846 3754 ἓν

2323 3784 2483 3854 φάτνῃ
2520 3782 2715 3856 ἀλόγων
2745 3782 2826 3858 ᾖν.
2860 3787 3060 3839 Αὐτίκά
3087 3785 3145 3840 δὲ
3174 3795 3472 3860 γεννήσασα
3516 3795 3600 3842 τὸν
3635 3795 3860 3864 Χριστὸν
3890 3794 3920 3850 ἡ

2324 3874 2596 3944 Παρθένος,
2632 3873 2740 3927 ἐπεὶ
2785 3875 2877 3926 οὐκ
2918 3873 2976 3948 ᾖν
3008 3882 3162 3940 τόπος
3209 3878 3354 3939 ἄλλος
3404 3879 3452 3930 ἐν
3486 3889 3556 3951 τῷ
3594 3880 3922 3951 καταλύματι

2321 3959 2512 4033 ἐκείνῳ,
2550 3970 2981 4034 σπαργανώσασα
3012 3964 3233 4019 ἀνέκλινε
3264 3971 3320 4019 τὸ
3350 3967 3538 4042 βρέφος
3570 3967 3617 4020 έν
3639 3976 3700 4040 τῇ
3728 3989 3917 4042 φάτνῃ,

2320 4052 2457 4101 κατὰ
2487 4054 2574 4102 τὸν
2613 4057 2841 4110 Λουκᾶν.

2393 4223 2537 4292 Εἶτα,
2591 4230 2765 4290 καθώς
2803 4248 2959 4300 φησιν
3013 4232 3038 4282 ό
3086 4232 3198 4303 (45)
3247 4237 3645 4306 Χρυσόστομος,
3699 4234 3921 4288 ἀνεῦετο

2319 4323 2495 4381 τοῦτο,
2518 4321 2604 4368 καὶ
2629 4316 2711 4369 ἐπὶ
2733 4327 2830 4369 τῶν
2851 4321 3076 4390 γονάτων
3095 4317 3254 4392 εἶχεν,
3282 4324 3362 4375 ὅτε
3385 4325 3432 4374 οἱ
3460 4326 3629 4395 Μάγοι
3652 4324 3916 4397 εἰσῄεσαν.

2320 4401 2460 4456 Οὐδὶ
2489 4408 2589 4479 γὰρ
2622 4407 2669 4457 έν
2716 4403 2927 4469 ὀδύναις
2977 4405 3058 4481 ᾖν,
3101 4411 3168 4471 ὡς
3217 4413 3270 4463 αἱ
3305 4411 3454 4464 ἄλλαι
3499 4417 3733 4488 μητέρες,
3779 4410 3921 4466 διότι

2319 4493 2413 4545 οὐκ
2451 4492 2503 4556 ἐξ
2537 4491 2722 4568 ἀνδρὸς
2755 4495 3011 4567 ἐγέννησε.

627 4584 786 4639 Vers.
818 4584 905 4638 ll.
930 4583 1004 4637 Et
1023 4582 1324 4650 prostrati
1350 4612 1416 4622 —-
1448 4584 1772 4654 myrrham.
1812 4588 1874 4640 Et
1909 4585 2208 4656 quomodo

2392 4587 2492 4635 Καὶ
2549 4589 2784 4647 πεσόντες
2848 4617 2916 4626 -
2972 4589 3224 4664 σμύρναν,
3288 4594 3388 4642 Καὶ
3436 4599 3540 4651 πῶς
3596 4588 3917 4650 έπείσθησαν

555 4669 754 4744 ipsum
768 4687 904 4728 esse
917 4669 1450 4736 crediderunt,cum
1465 4672 1611 4727 nihil
1629 4672 1893 4728 viderent
1906 4673 2057 4728 circa
2071 4689 2206 4729 eum

555 4766 760 4834 praeter
789 4759 1117 4829 tugurium,
1151 4764 1208 4815 et
1239 4764 1489 4816 matrem
1520 4760 1976 4833 pauperculam,
2008 4761 2211 4818 vilem'

557 4864 668 4920 que
698 4846 1021 4920 puerulum
1051 4846 1248 4904 fasciis
1275 4849 1612 4906 involutum
1637 4850 1665 4905 ?
1697 4849 2011 4914 Quomodo
2033 4849 2061 4904 ?
2086 4850 2210 4907 Pri-

556 4952 728 4994 mum
750 4935 994 5009 quidem
1023 4951 1060 4995 ε,
1091 4936 1276 5004 stella,
1302 4954 1432 5012 quae
1463 4953 1650 5011 supra
1668 4937 1868 5012 ipsum
1895 4953 2206 5012 permane-

625 5117 677 5194 _”
705 5116 844 5173 Luc.
885 5120 1012 5183 11,7.
1038 5119 1085 5156 ³⁵
1113 5115 1239 5177 lbid
1269 5119 1318 5175 1.
1355 5118 1402 5156 ³⁸
1435 5117 1583 5176 Ibid.
1608 5121 1660 5176 7.

2318 4671 2395 4723 ὅτι
2455 4672 2604 4735 οὗτός
2657 4673 2818 4744 ἐστιν,
2875 4673 3024 4730 οὐδὲν
3084 4682 3220 4750 μέγα
3279 4684 3397 4754 περὶ
3463 4679 3618 4732 αὐτὸν
3679 4683 3913 4754 ὁρῶντες,

2318 4758 2444 4812 ἀλλά
2486 4761 2733 4831 καλύϐην,
2775 4769 3094 4840 καὶμητέρα
3153 4771 3428 4843 πενιχρὰν,
3474 4788 3562 4821 και
3610 4773 3666 4822 τὸ
3698 4766 3912 4823 παιδίον

2318 4849 2524 4912 εὐτελῶς
2586 4850 3084 4928 έσπαργανωμένονς
3147 4863 3304 4925 Πῶςς
3378 4864 3567 4929 Πρώτα
3641 4862 3753 4932 μὲν,
3816 4859 3919 4913 ἀπὸ

2314 4945 2406 4992 τοῦ
2468 4938 2807 5016 ἐφισταμένου
2879 4942 3113 5019 ἀστέρος,
3163 4947 3341 5001 ἔπειτα
3389 4943 3449 5000 δί
3495 4952 3586 5001 καὶ
3673 4950 3786 5003 θεία
3842 4969 3921 5013 τις

1835 5238 2395 5319 Variaalectiones
2428 5255 2629 5318 notae.

623 5389 736 5466 (44)
766 5384 1027 5466 ⁸Ετοιμον,
1061 5383 1417 5464 σχολάζοντα.

621 5537 709 5609 (οι)
735 5533 1162 5609 Immortalem:
1181 5530 1476 5609 ,’Av«?w:9v
1496 5531 1603 5602 qui
1624 5523 1758 5609 ραρξ
1784 5522 2012 5609 nequit
2035 5524 2200 5609 idem

546 5602 905 5666 vocabulum
932 5602 1191 5662 occurrit
1220 5617 1360 5675 pag.
1379 5602 1442 5656 Ἡ
1479 5603 1700 5676 penult.
1735 5603 1846 5676 (col
1866 5602 2004 5660 ’.147
2039 5604 2124 5675 C).

620 5678 693 5767 (ε)
717 5678 1112 5756 Superstitem
1141 5674 1278 5734 esse.
1324 5674 1708 5755 Περιγενέσθαι,
1731 5674 2034 5751 superare,
2073 5674 2200 5736 vm-

2385 5392 2500 5465 (45)
2539 5395 2704 5452 Tom.
2737 5393 2856 5462 VII,
2885 5410 2947 5468 p.
2976 5394 3090 5453 με.

2312 5549 2464 5680 οωῧί
2495 5603 2672 5666 Tulit.
2708 5609 3002 5702 Suscepit,
3031 5610 3288 5670 sustulit.
