4180 6470
306 439 411 496 145

308 563 562 638 ἓλλαμψις
648 561 1038 638 ὶπληροφόρησε
1109 563 1202 622 τὰς
1287 559 1470 632 ψυχὰς
1525 563 1712 616 αὐτῶν.

307 662 456 708 τοῦτο
509 650 687 721 δῆλον,
729 651 813 724 ἀφ’
863 652 930 702 ὧν
987 655 1346 723 προσήνεγκαν
1395 647 1594 725 δώρων.
1646 648 1903 722 Σύμϐολον

307 747 429 817 γὰρ,
481 743 506 794 6
557 745 646 814 μὲν
687 744 913 812 χρυσὸς,
953 738 1246 813 βασιλείας·
1288 743 1494 810 χρυσόν
1533 741 1632 810 γὰρ
1671 744 1719 791 οί
1771 740 1904 796 ὑπὴ-

308 851 420 884 κοοι
479 837 586 890 τοῖς
645 829 928 902 βασιλεῦσι
987 825 1436 901 δασμοφοροῦσιν·
1499 830 1524 879 ὁ
1578 825 1636 881 δε
1679 827 1901 894 λίϐανος,

310 923 563 980 θεότητος·
595 918 802 980 λίϐανος
839 921 940 991 γὰρ
986 926 1058 989 τῷ
1093 923 1200 987 Θεῷ
1250 916 1517 989 ἐθυμιᾶτο·
1563 919 1593 974 ἡ
1644 913 1702 969 δὲ
1740 919 1902 989 σμύρ-

307 1030 387 1077 να,
435 1013 748 1082 νεκρωσεως·
818 1026 983 1079 ταύτῃ
1042 1009 1143 1080 γὰρ
1211 1008 1259 1058 οἱ
1323 1005 1484 1058 πάλαι
1540 1009 1656 1066 τούς
1697 1008 1902 1080 νεκρούς

305 1097 530 1170 ἤλειφον,
558 1099 720 1169 χάριν
759 1103 850 1148 τοῦ
898 1100 970 1168 μὴ
1028 1097 1308 1164 σήπεσθαι,
1354 1091 1494 1167 μηδὲ
1523 1095 1684 1156 ὄζειν,
1722 1092 1900 1147 Ἔδειο

306 1185 396 1250 ξαν
453 1182 563 1254 οὖν,
636 1185 721 1256 ἀφ’
779 1185 845 1235 ὧν
910 1189 1271 1256 προσήγαγον,
1331 1185 1408 1236 ὅτι
1470 1187 1528 1236 τὸ
1601 1188 1896 1256 φαινόμενον

302 1282 456 1327 τοῦτο
508 1270 722 1326 παιδίον
779 1277 867 1326 καὶ
907 1271 1154 1346 βασιλεύς
1208 1273 1340 1340 ἐστι,
1373 1277 1463 1326 καὶ
1513 1276 1662 1342 Θεὸς,
1692 1278 1782 1325 καὶ
1826 1292 1899 1326 νε-

305 1365 655 1436 κρωθησεται,
688 1365 757 1426 ὡς
785 1364 1074 1439 ἄνθρωπος,
1105 1358 1199 1414 διὰ
1224 1365 1342 1425 τοὺς
1372 1363 1692 1436 ἀνθρώπους.

373 1630 528 1685 Ἔστι
589 1628 648 1684 δὲ
693 1635 784 1684 καὶ
827 1629 1004 1704 ἑτέρως
1059 1629 1238 1696 εἰπεῖν,
1285 1629 1364 1682 ὃτι
1421 1628 1527 1682 ἐπεὶ
1561 1631 1610 1682 οἱ
1658 1627 1895 1701 βασιλεῖς

299 1718 599 1782 Βαϐυλῶνος
660 1724 754 1778 τὴν
810 1719 1147 1794 Ἰερουσαλὴμ
1220 1719 1380 1771 πάλαι
1435 1718 1892 1793 πολιορκήσαντες,

303 1811 366 1860 τά
391 1827 442 1860 τε
484 1810 594 1861 θεῖα
617 1807 856 1880 κειμήλια
881 1807 1240 1877 ἁπεσύλησαν,
1269 1812 1359 1860 καὶ
1387 1810 1478 1869 τὰς
1509 1809 1690 1866 θυσίας
1729 1808 1893 1859 ἔπαυ-

1301 433 1658 490 COMMENT.
1705 433 1777 489 IN
1814 430 2267 490 MATTHEUM.
2308 463 2377 473 —
2415 431 2568 488 CAP.
2602 429 2671 488 ΙΙ.

1806 563 1907 614 Καὶ
1939 561 1985 616 Α
2014 558 2118 615 bat
2146 577 2159 615 :
2195 559 2411 616 deinde
2436 563 2636 616 autem
2689 555 2969 628 splendor
2996 554 3248 629 quidam
3277 550 3515 612 divinus
3536 553 3664 611 ani-

3564 425 3667 487 146

2015 663 2145 702 mas
2180 647 2447 720 ipsorum
2499 647 2854 712 illustrabat,
2916 651 2972 702 et
3018 645 3179 701 hunc
3217 642 3661 700 manifestabat.

2013 735 2331 808 Propterea
2369 736 2774 792 obtuleruntei
2793 735 2914 789 haec
2933 749 3201 790 munera.
3235 734 3458 789 Aurum
3484 731 3668 805 siqui-

2011 824 2148 880 dem
2180 826 2358 894 regiaa
2384 825 2684 893 dignitatis
2713 828 2837 880 erat
2863 822 3202 895 symbolum
3235 822 3485 889 ;subditi
3506 822 3666 877 enim

2010 929 2158 970 auro
2189 914 2406 973 tributa
2434 912 2676 983 regibus
2702 912 2973 983 pendunt
3004 930 3017 976 ;
3043 911 3175 966 thus
3225 915 3427 966 autem
3459 910 3667 965 divini-

2010 1003 2164 1067 tatis,
2210 1005 2374 1057 thure
2422 1016 2676 1073 namque
2726 1003 2844 1056 Deo
2885 1000 3189 1066 adoletur;
3239 999 3479 1069 myrrha
3521 1013 3664 1055 vero

2008 1089 2401 1157 mortalitatis,
2414 1089 2528 1145 hac
2541 1088 2700 1144 enim
2715 1093 2942 1144 veteres
2960 1087 3264 1159 ungebant
3280 1091 3568 1151 mortuos,
3586 1101 3660 1142 ne

2009 1184 2428 1251 putrescerent,
2459 1183 2562 1234 aut
2614 1192 2858 1246 gravem
2889 1177 3206 1233 redderent
3247 1174 3516 1232 odorem.
3567 1174 3658 1230 Ab

2007 1270 2098 1324 his
2129 1269 2322 1339 igitur,
2356 1283 2494 1340 qua:
2539 1265 2928 1338 protulerunt,
2985 1263 3359 1332 muneribus,
3413 1262 3662 1320 demon-

2007 1359 2270 1412 strarunt
2325 1371 2462 1412 eum
2507 1353 2611 1427 qui
2650 1353 2925 1426 apparuit
2983 1368 3260 1425 puerum,
3316 1356 3372 1410 et
3442 1355 3660 1422 Regem

2009 1461 2142 1500 esse
2177 1449 2235 1502 et
2278 1448 2487 1515 Deum,
2522 1459 2587 1499 ac
2616 1448 2906 1516 tanquam
2933 1443 3245 1501 hominem
3282 1446 3526 1515 propter
3553 1441 3662 1499 ho-

2003 1535 2196 1590 mines
2235 1535 2615 1590 moriturum.
2780 1605 2784 1610 δ

2075 1626 2267 1680 Potest
2313 1638 2557 1696 quoque
2597 1627 2653 1680 et
2698 1621 2813 1678 alio
2872 1620 3054 1677 modo
3106 1619 3243 1687 dici,
3292 1617 3459 1692 quod
3509 1617 3657 1691 quia

2002 1713 2191 1781 Reges
2213 1710 2532 1782 Babylonis
2569 1709 2888 1767 Jerusalem
2917 1708 3229 1782 quondam
3281 1721 3658 1780 expugnave-

2002 1804 2155 1866 rant,
2215 1815 2282 1855 ac
2339 1799 2575 1856 divinos
2649 1800 2956 1856 thesauros
3028 1796 3351 1870 deprmdati
3400 1795 3655 1864 fuerant,

301 1916 417 1963 σαν,
451 1901 539 1948 καὶ
587 1900 671 1948 τόν
715 1896 838 1948 λαόν
884 1897 1231 1968 κατέσφαξαν·
1266 1898 1294 1954 ἠ
1351 1893 1409 1948 δὲ
1459 1904 1548 1956 τῆς
1602 1894 1891 1955 Βαϐυλῶνος

2005 1893 2060 1944 et
2078 1887 2302 1942 hostias
2353 1903 2588 1944 cessare
2645 1887 2925 1952 fecerant,
2969 1885 3382 1958 populumque
3425 1883 3660 1973 jugula-

302 1984 548 2058 βασιλεία
589 1988 720 2058 μετὰ
765 1989 856 2037 καὶ
912 1993 1011 2036 τῶν
1063 1988 1353 2056 χρημάτων
1394 1985 1463 2046 εἰς
1525 1987 1647 2045 τοὺς
1695 1987 1895 2056 Πέρσας

301 2079 565 2146 μετέπεσε·
607 2073 892 2146 κομίζουσι
939 2072 1117 2124 λοιπόν
1165 2075 1214 2125 οἱ
1252 2079 1467 2146 Πέρσαι,
1498 2069 1756 2143 διάδοχοι
1795 2080 1895 2123 τῶν

303 2162 636 2215 Βαϐυλωνίων
683 2165 973 2234 γεγονότες,
1026 2168 1098 2228 τῷ
1156 2166 1384 2233 Δεσπότῃ
1440 2169 1530 2214 τοῦ
1576 2160 1896 2232 ἀτιμασθέν-

301 2271 391 2313 τος
447 2255 561 2304 τότε
610 2258 735 2302 ναοῦ
798 2253 1002 2322 χρυσόν
1054 2253 1164 2322 μεν,
1218 2248 1331 2302 ἀντὶ
1381 2258 1478 2302 τῶν
1526 2249 1896 2322 ἀφαιρεθέντων

303 2348 526 2414 χρυσῶν
589 2338 887 2412 κειμηλίων·
955 2337 1156 2391 λίϐανον
1220 2335 1300 2408 δε,
1355 2341 1468 2392 ἀντὶ
1522 2346 1620 2391 τῶν
1681 2340 1892 2390 θυσιῶν·

299 2429 531 2504 σμύρναν
559 2425 654 2499 δὲ,
672 2429 797 2504 ὑπὲρ
850 2435 949 2480 τῶν
979 2431 1433 2501 κατασφαγέντων.

367 2610 432 2660 Σύ
486 2604 546 2660 δὲ
597 2611 840 2679 γίνωσκε,
881 2609 960 2658 ὅτι
1007 2607 1179 2677 ὥσπερ
1228 2607 1278 2658 οἱ
1308 2606 1502 2677 Μάγοι,
1531 2604 1574 2658 εἰ
1613 2605 1684 2677 μῆ
1717 2601 1894 2678 πόῤῥω

291 2705 388 2758 τῆς
431 2697 622 2749 ἑαυτῶν
669 2695 895 2766 ἐγένοντο
939 2702 1056 2766 γῆς,
1098 2694 1191 2746 ούκ
1238 2695 1300 2746 ἄν
1331 2690 1468 2746 εἶδον
1506 2697 1592 2745 τὸν
1637 2697 1888 2764 Χριστόν·

295 2786 458 2847 οὕτως
508 2780 630 2837 οὐδὲ
679 2783 832 2844 αὐτὸς
893 2801 1075 2836 τουτον
1127 2779 1272 2855 ἷδης,
1323 2783 1364 2834 εἰ
1434 2787 1505 2854 μὴ
1565 2781 1739 2856 πόρῥω
1790 2789 1889 2833 τῶν

295 2877 485 2945 γηίνων
541 2877 775 2944 σχέσεῶν
813 2871 1067 2944 ἀποστῇς.
1111 2877 1266 2942 ’Ἀφες
1317 2875 1500 2924 καὶσὺ
1549 2874 1635 2923 τόν
1686 2869 1890 2923 ἐπίϐου-

296 2962 381 3015 λον
432 2960 674 3034 βασιλέα,
713 2966 802 3015 καὶ
849 2965 942 3020 τὴν
987 2963 1367 3036 ταραττομένην
1408 2959 1578 3026 πόλιν,
1628 2958 1758 3031 λέγω
1817 2955 1885 3018 δὴ

299 3053 386 3103 τὸν
451 3047 777 3123 ἐνεδρεύοντα
839 3052 1253 3124 κοσμοκράτορα,
1307 3054 1396 3101 καὶ
1471 3052 1564 3107 τὴν
1619 3047 1888 3106 πολιτικήν

293 3139 507 3211 τύρϐην,
562 3143 648 3192 καὶ
687 3145 910 3192 σπεῦσον
971 3137 1054 3191 ἐπὶ
1109 3142 1195 3190 τὸν
1251 3142 1503 3212 Χριστόν.
1557 3138 1663 3192 Κοῖν
1723 3140 1887 3209 μάγος

293 3233 561 3302 περίεργος
618 3231 744 3291 εἴης,
789 3228 883 3279 κᾶν
948 3227 1143 3298 πόιμήν
1191 3226 1406 3296 ἁπλοῦς,
1429 3222 1580 3279 οὐδέν
1617 3245 1674 3278 σε
1725 3225 1886 3277 κωλύ·
1925 3268 1965 3327 C

295 3336 376 3369 σει
435 3324 610 3384 τοῦτο,
657 3319 807 3386 μόνον
856 3313 959 3379 ἐάν,
1010 3314 1153 3376 ἄξιον
1204 3317 1418 3366 σεαυτὸν
1475 3317 1722 3376 τοιαύτης
1768 3315 1885 3375 θέας

295 3403 742 3478 ἀπεργασάμενος,
790 3402 872 3455 ἐπὶ
917 3410 990 3472 τῷ
1040 3410 1407 3476 προσκυνῆσαι
1456 3402 1604 3474 ἥκῃς,
1670 3407 1760 3454 καὶ
1811 3407 1880 3474 μὴ

297 3492 381 3544 ἐπὶ
443 3491 514 3562 τῷ
561 3489 841 3562 ἀτιμάσαι.
881 3495 982 3543 Καὶ
1025 3491 1126 3562 γὰρ
1173 3488 1416 3562 ἀτιμάζει
1462 3493 1550 3543 τὸν
1594 3494 1820 3564 Χριστόν
1859 3491 1884 3543 6

294 3581 516 3643 ἀναξίως
559 3579 717 3632 αὐτοῦ
760 3577 1182 3652 μεταλαμϐάνων.
1239 3585 1337 3633 Και
1375 3581 1680 3653 προσάγαγε
1723 3578 1880 3650 αὐτῷ,

293 3667 407 3722 ἀντὶ
469 3671 558 3741 μὲν
631 3675 856 3742 χρυσοῦ,
931 3667 1270 3740 λαμπρότητα
1348 3669 1588 3742 καθαρῶν
1654 3667 1884 3742 πραξεων

289 3761 378 3810 καὶ
405 3763 590 3830 τιμίων
616 3757 798 3828 λόγων·
831 3755 944 3808 ἀντὶ
989 3753 1047 3808 δε
1072 3755 1301 3824 λιϐάνου,
1329 3762 1654 3832 προσευχήν·
1689 3763 1884 3810 Karta-

291 3848 528 3904 θυνθήτω
563 3847 685 3920 γὰρ,
715 3849 893 3917 φησιν,
939 3846 968 3902 ἡ
1023 3846 1296 3919 προσευχὴ
1340 3865 1462 3918 μου,
1525 3849 1592 3907 ὡς
1648 3847 1887 3918 θυμιαμα

290 3933 500 3986 ἐνώπιόν
543 3953 656 3987 σου·
703 3935 817 3986 ἀντὶ
847 3929 906 3986 δι
956 3935 1210 4006 σμύρνης,
1240 3937 1489 4008 νέκρωσιν
1535 3935 1736 4003 παθῶν,
1767 3933 1885 3996 ἣτις

288 4022 519 4094 μάλιστα
565 4026 776 4094 συνέχει
819 4024 908 4079 τὴν
939 4021 1122 4074 οὐσίαν
1166 4029 1259 4084 τῆς
1303 4021 1511 4095 ψυχῆς,
1546 4026 1636 4076 καὶ
1667 4019 1887 4084 εύωδίας

289 4110 515 4184 ἐμπίπλη
525 4130 579 4163 σι

359 4203 542 4254 Σκόπει
609 4197 687 4266 δὲ,
743 4200 824 4253 ὃτι
874 4205 972 4252 τῶν
1023 4200 1217 4271 Μάγῶν
1262 4198 1506 4253 ἐλθόντων
1564 4199 1632 4262 εἰς
1673 4199 1887 4275 Ἰεροσό-

286 4289 445 4361 λυμα,
487 4294 576 4342 καὶ
621 4294 738 4363 περὶ
784 4296 875 4342 τοῦ
924 4287 1140 4362 ἀστέρος
1195 4288 1458 4356 εἰπόντων,
1507 4289 1658 4352 εὐθὺς
1712 4289 1888 4364 ἐθορυ·

288 4377 424 4436 ϐήθη
455 4383 603 4430 πᾶσα
632 4379 662 4436 ἡ
705 4377 853 4440 πόλις
881 4382 969 4430 καὶ
1017 4380 1043 4430 6
1087 4383 1347 4451 προφήτης
1390 4378 1460 4440 εὶς
1514 4383 1670 4451 μέσον
1710 4379 1884 4450 ἣγετο,

289 4470 378 4518 καὶ
445 4468 470 4517 ό
530 4473 619 4518 τοῦ
657 4471 810 4520 τόκου
863 4471 1019 4528 τόπος
1077 4465 1396 4539 ἐφανεροῦτο,
1441 4467 1530 4520 καί
1582 4467 1712 4520 ἄλλα
1770 4469 1887 4521 τινὰ

292 4554 509 4625 ἐγίνετο,
560 4556 626 4607 τὰ
682 4557 818 4608 κατὰ
884 4559 1004 4617 τοὺς
1059 4553 1450 4627 ἁγραυλοῦντας
1501 4560 1766 4628 ποιμένας,
1819 4558 1886 4609 τὰ

288 4645 425 4694 κατὰ
480 4646 597 4704 τοὺς
663 4643 931 4706 αἰνοῦντας
987 4646 1073 4696 τὸν
1138 4645 1259 4696 Θεὸν
1313 4642 1580 4715 ἀγγέλους,
1619 4647 1688 4698 τὰ
1750 4648 1885 4699 κατὰ

289 4733 379 4782 τὸν
457 4735 683 4803 Συμεὼν,
734 4733 799 4784 τὰ
863 4734 999 4784 κατὰ
1062 4735 1156 4790 τὴν
1223 4737 1424 4800 Ἄνναν,
1481 4733 1608 4808 ἅπερ
1678 4738 1885 4796 Λουκᾶς

292 4817 570 4893 ἀνέγραψε.
633 4826 808 4874 Ταῦτα
882 4817 940 4874 δὲ
1015 4823 1185 4874 πάντα
1245 4820 1476 4889 ἐτελεῖτο,
1542 4823 1643 4891 ἶνα,
1709 4825 1882 4886 καθὼς

289 4912 687 4980 προειρήκαμεν,
729 4913 797 4980 μὴ
855 4904 1111 4962 δύνωνται
1161 4909 1320 4982 λέγειν
1379 4909 1450 4970 εἰς
1505 4909 1718 4986 ὕστερον
1756 4910 1885 4965 Ἰου-

291 4993 454 5067 δαῖοι,
492 4998 572 5049 ὅτι
619 4997 713 5049 ούκ
761 4999 1007 5069 ἔγνωσαν,
1057 5001 1180 5051 πότε
1235 5002 1556 5070 γεγέννηται.
1618 5004 1717 5052 Καὶ
1760 5002 1882 5073 γὰρ,

289 5084 360 5145 ὣς
403 5104 558 5156 φησιν
603 5086 628 5137 ό
671 5090 1051 5158 Χρυσόστομος
1099 5086 1234 5157 (46),
1273 5088 1407 5160 ἄχρι
1467 5087 1884 5161 συμπληρώσεως

286 5181 387 5224 τῶν
445 5175 646 5248 ἡμερῶν
700 5180 790 5226 τοῦ
855 5176 1206 5248 καθαρισμοῦ,
1286 5179 1552 5228 τουτέστιν
1611 5174 1694 5228 ἐπὶ
1771 5195 1886 5230 τεσ-

290 5264 588 5334 σαράκοντα
611 5263 826 5337 ἡμέρας,
854 5261 902 5315 ἐν
956 5263 1184 5337 Βηθλεὲμ
1215 5260 1275 5323 ἧν
1331 5266 1387 5318 τὸ
1415 5261 1648 5344 παιδίον·
1693 5269 1794 5319 Καὶ
1841 5284 1885 5319 ει

1918 4616 1964 4672 D

362 5440 409 5477 ³⁸
437 5439 589 5498 Psal.
623 5455 748 5508 cn,
780 5445 840 5500 2.
925 5443 971 5478 ³⁷
996 5443 1133 5501 Luc.
1175 5459 1235 5515 n,
1269 5443 1414 5502 8-38.

2005 1984 2206 2032 verant
2240 1993 2253 2042 ;
2286 1991 2538 2045 regnum
2569 1981 2767 2032 autem
2824 1974 3144 2048 Babylonis
3201 1990 3323 2030 una
3362 1989 3499 2028 cum
3533 1972 3658 2027 suis

2004 2066 2296 2122 thesauris
2317 2065 2394 2120 ad
2421 2066 2630 2121 Persas
2667 2065 3007 2122 devolutum
3036 2067 3162 2120 erat
3198 2079 3210 2117 :
3244 2063 3373 2120 ideo
3402 2061 3659 2119 afferunt

2005 2154 2197 2210 Persas
2247 2153 2712 2225 Babyloniorum
2784 2154 3046 2210 hmredes
3124 2153 3378 2209 Domino
3430 2149 3652 2223 templi,

2005 2243 2169 2316 quod
2192 2247 2330 2299 tunc
2360 2242 2721 2300 contumelia
2746 2242 3023 2299 affectum
3056 2241 3263 2306 fuerat,
3289 2256 3505 2298 aurum
3529 2239 3658 2312 qui-

2005 2332 2144 2388 dem
2174 2346 2279 2403 pro
2305 2330 2546 2388 sublatis
2583 2331 2712 2388 auri
2765 2330 3082 2395 thesauris,
3133 2329 3267 2386 thus
3305 2333 3504 2387 autem
3548 2343 3657 2400 pro

2005 2419 2238 2486 hostiis,
2261 2420 2566 2492 myrrham
2611 2434 2751 2476 vero
2781 2434 2891 2491 pro
2915 2417 3226 2491 jugulatis.

2074 2511 2157 2565 Tu
2186 2508 2392 2565 itidem
2412 2508 2685 2573 observa,
2715 2507 2880 2580 quod
2924 2507 3433 2579 quemadmodum
3480 2507 3654 2577 Magi,

2002 2597 2116 2654 nisi
2155 2599 2332 2668 longe
2361 2613 2397 2654 a
2433 2596 2673 2669 prapria
2701 2601 2856 2654 terra
2897 2596 3299 2664 recessissent,
3358 2595 3656 2652 Christum

1999 2701 2388 2758 nequaquam
2419 2685 2719 2752 vidissent,
2754 2686 2837 2742 ita
2873 2700 3067 2758 neque
3099 2689 3161 2741 tu
3199 2685 3400 2757 ipsum
3452 2683 3654 2741 videre

2000 2774 2243 2847 poteris,
2276 2774 2393 2830 nisi
2424 2774 2600 2844 longe
2628 2790 2664 2831 a
2693 2774 2939 2830 terrenis
2974 2773 3287 2830 atfectibus
3315 2773 3652 2830 recesseris.

1997 2863 2234 2920 Dimitte
2264 2870 2322 2919 et
2360 2868 2423 2918 tu
2453 2878 2696 2935 quoque
2726 2878 2929 2933 regem
2976 2862 3220 2920 insidias
3248 2865 3555 2934 parantem
3582 2875 3654 2919 ac

1997 2952 2298 3008 turbatam
2332 2951 2633 3008 civitatem
2676 2967 2690 3018 ;
2722 2951 2856 3008 dico
2888 2966 3031 3008 sane
3069 2951 3453 3008 insidiantem
3483 2965 3657 3007 mun-

1996 3041 2055 3096 di
2083 3045 2388 3106 rectorem,
2419 3040 2862 3113 tumultumque
2891 3040 3164 3108 civitatis,
3182 3040 3323 3097 etad
3352 3039 3655 3097 Christum

1995 3129 2230 3186 festina.
2265 3129 2397 3186 Sive
2427 3131 2587 3186 enim
2627 3132 2831 3199 Magus
2859 3128 3043 3185 fueris
3091 3129 3328 3186 curiosa
3374 3131 3652 3196 sectatus,

1996 3218 2116 3274 sive
2148 3223 2349 3291 pastor
2379 3218 2651 3290 simplex,
2705 3217 2853 3276 nihil
2885 3216 2946 3273 id
2986 3217 3093 3275 tibi
3142 3217 3417 3284 abfuerit,
3469 3215 3654 3275 modo

1999 3309 2099 3364 tali
2128 3307 2359 3364 visione
2391 3307 2649 3379 teipsum
2687 3307 2936 3378 dignum
2973 3306 3252 3376 reddens,
3294 3306 3375 3364 ad
3395 3323 3534 3363 eum
3561 3321 3655 3363 ve-

1994 3397 2126 3452 nias
2148 3395 2548 3458 adorandum,
2581 3401 2637 3451 et
2666 3410 2788 3450 non
2811 3395 2890 3451 ad
2938 3395 3447 3452 inhonorandum.
3490 3395 3652 3451 Chri-

1995 3490 2155 3541 stum
2226 3483 2522 3556 siquidem
2586 3483 2924 3550 inhonorat,
2993 3485 3098 3555 qui
3144 3484 3346 3556 ipsum
3408 3483 3652 3554 indigne

1994 3573 2220 3646 recipit.
2257 3573 2470 3646 Sicque
2495 3572 2644 3630 offer
2699 3573 2817 3644 ipsi
2871 3587 2977 3645 pro
3035 3587 3185 3630 auro
3243 3572 3493 3645 quidem
3545 3588 3654 3645 pu-

1991 3679 2199 3722 rorum
2250 3678 2503 3737 operum
2573 3662 2952 3735 splendorem
2988 3679 3002 3730 ;
3035 3678 3145 3737 pro
3206 3663 3377 3720 thure
3455 3665 3652 3721 autem

1993 3752 2369 3811 orationem:
2403 3752 2724 3823 Dirigatur
2769 3753 2930 3808 enim
2987 3753 3182 3810 oratio
3231 3767 3380 3821 mea,
3435 3752 3649 3826 inquit,

1991 3845 2137 3900 sicut
2155 3843 2457 3899 incensum
2517 3843 2582 3898 in
2612 3847 2918 3912 conspectu
2971 3848 3072 3899 tuo
3136 3843 3205 3898 ³⁸.
3259 3842 3366 3899 Pro
3403 3842 3652 3914 myrrha

1993 3947 2136 3990 vero
2192 3930 2576 3988 aﬂ‘ectionum
2641 3930 3186 3996 mortiﬁcationem,
3263 3945 3400 4003 quin
3453 3930 3650 4000 magis

1994 4023 2308 4078 conservat
2375 4021 2591 4076 animas
2641 4018 3068 4090 substantiam,
3116 4024 3172 4078 et
3221 4020 3388 4077 suavi
3443 4018 3652 4093 implet

1996 4110 2204 4169 odore.

2067 4197 2392 4256 Considera
2470 4197 2671 4262 etiam,
2745 4197 2914 4270 quod
2967 4198 3157 4268 Magis
3240 4197 3650 4271 Hierosolyma

1994 4285 2485 4359 ingredientibus,
2515 4290 2569 4342 et
2580 4285 2654 4342 de
2681 4285 3268 4358 stellaloquentibus,
3296 4285 3497 4342 statim
3526 4289 3651 4343 tota

1995 4376 2205 4434 civitas
2229 4374 2469 4431 turbata
2505 4379 2611 4444 est,
2643 4373 3056 4447 prophetaque
3085 4373 3146 4430 in
3170 4373 3435 4430 medium
3460 4373 3652 4432 addu-

1993 4469 2122 4522 ctus
2137 4467 2242 4531 est,
2271 4479 2342 4520 ac
2369 4462 2538 4519 locus
2567 4467 2772 4535 partus
2795 4461 3222 4520 manifestatus.
3251 4465 3318 4520 Et
3341 4462 3460 4522 alia
3487 4477 3650 4536 qum-

1994 4553 2137 4610 dam
2158 4552 2314 4609 facta
2333 4555 2473 4608 sunt
2505 4567 2518 4606 :
2545 4556 2670 4607 tum
2685 4550 2841 4609 circa
2869 4553 3132 4624 pastores
3162 4550 3225 4609 in
3261 4567 3409 4624 agro
3430 4551 3648 4624 degen-

1993 4646 2099 4708 tes,
2135 4645 2262 4698 tnm
2288 4640 2446 4698 circa
2474 4639 2720 4710 angelos
2744 4640 2934 4698 Deum
2961 4640 3288 4711 laudantes,
3319 4646 3449 4700 tum
3491 4641 3650 4700 circa

1993 4731 2332 4788 Simeonem
2411 4733 2468 4787 et
2517 4731 2772 4796 Annam,
2828 4746 2962 4803 qum
3034 4732 3224 4789 Lucas
3283 4732 3520 4806 scripsit
3572 4733 3646 4790 ⁸⁷.

1993 4821 2128 4877 Haec
2158 4824 2358 4878 autem
2389 4819 2592 4878 omnia
2625 4819 2916 4893 completa
2959 4825 3097 4878 sunt
3134 4825 3216 4889 ut,
3247 4821 3643 4895 quemadmo-

1993 4909 2139 4966 dum
2160 4909 2443 4980 diximus,
2473 4924 2594 4966 non
2616 4913 2867 4982 possent
2895 4910 2959 4966 in
2991 4914 3292 4983 posterum
3321 4912 3519 4969 dicere
3544 4912 3648 4966 Ju-

1993 4998 2108 5054 daei
2147 4999 2330 5067 :Nos,
2375 4998 2624 5071 quando
2682 5004 2858 5056 natus
2888 5003 2995 5066 est,
3048 5015 3172 5056 non
3223 5000 3644 5073 cognovimus.

1993 5087 2238 5158 Etenim,
2272 5087 2420 5144 sicut
2448 5087 2590 5145 dicit
2610 5087 3086 5161 Chrysostomus,
3116 5104 3310 5162 usque
3335 5088 3414 5148 ad
3438 5087 3648 5160 imple-

1992 5175 2217 5232 tionem
2264 5176 2495 5233 dierum
2575 5175 3032 5244 Puriﬁcationis,
3087 5176 3204 5234 hoc
3243 5181 3330 5234 est
3367 5177 3446 5234 ad
3503 5192 3649 5249 qua-

1991 5264 2268 5340 draginta
2295 5267 2442 5334 dies,
2475 5267 2697 5326 mansit
2746 5281 2895 5340 puer
2949 5266 3248 5326 Bethleem
3279 5270 3384 5336 ;ut
3406 5265 3522 5325 nisi
3548 5281 3647 5322 vo-

1496 5568 1719 5638 Variae
1761 5567 2090 5639 lectiones
2139 5575 2205 5638 et
2242 5576 2444 5638 notae.

368 5710 478 5787 (46)
508 5711 674 5773 Tom.
707 5711 824 5784 VII,
863 5729 922 5786 p.
963 5711 1086 5770 103.
