4180 6494
310 420 414 476 149

309 547 562 618 κουμένης
617 541 824 604 ἀπάσης
852 548 915 614 τῇ
949 541 1100 614 φλογὶ
1153 547 1244 600 τῆς
1289 537 1531 598 ἀσεϐείας
1582 533 1716 595 ἦσαν
1763 533 1903 589 ἔκκε-
1937 536 1983 589 Α

311 636 583 705 καυμίναι,
640 639 700 704 τῇ
761 633 849 702 μὶν
906 634 1028 692 τοὺς
1083 630 1284 702 μάγους
1347 625 1635 691 ἀπέστειλε,
1694 632 1790 687 τῆς
1846 621 1905 677 δὲ

314 721 470 783 αὑτὸς
524 719 698 787 ἐπέϐη,
757 718 1062 790 βουλόμενος
1133 717 1421 790 ἀμφοτέρας
1485 712 1901 788 διορθώσασθαι.

313 809 561 862 Διδάσκει
593 805 650 860 δὲ
697 810 830 879 ἡμᾶς
876 807 1121 872 ἐντεῦθεν,
1169 810 1258 858 καὶ
1302 807 1382 857 ὅτι
1429 808 1538 878 χρὴ
1589 806 1672 855 τὸν
1720 805 1906 855 πιστὸν

313 897 463 958 εὐθὺς
516 899 570 948 έκ
624 901 909 968 προοιμίων
980 897 1300 968 πειρασμοὺς
1369 888 1693 967 προσδοκᾷν.
1770 890 1907 965 Ὀρα

312 982 402 1037 οὑν
459 984 613 1036 αὑτὸν
670 983 724 1036 ἐκ
783 984 1093 1056 σπαργάνων
1151 981 1598 1051 ἐπιϐουλευόμενον
1651 984 1741 1033 καὶ
1794 982 1907 1052 φεύ-

309 1093 468 1146 γοντα
513 1077 645 1146 πρός
698 1077 792 1130 τὴν
851 1073 1126 1146 ὑπερορίαν
1158 1088 1171 1101 °
1202 1073 1375 1144 φεύγει
1414 1066 1475 1121 δε
1522 1073 1611 1121 καὶ
1654 1071 1684 1127 ἠ
1731 1072 1907 1142 μήτηρ

310 1167 403 1215 καὶ
449 1165 474 1214 0
513 1163 729 1233 Ἰωσήφ.
789 1165 889 1214 Καὶ
941 1163 989 1212 οἱ
1045 1162 1206 1232 μάγοι
1252 1155 1310 1212 δι
1361 1157 1410 1210 ἓν
1465 1158 1608 1221 τάξει
1660 1155 1908 1229 φυγάδων

309 1250 595 1311 λεληθότως
653 1249 1014 1324 ἀνεχώρησαν.
1086 1253 1186 1302 Καὶ
1249 1252 1469 1321 μυρίους
1531 1246 1744 1306 ἅπαντες
1790 1248 1906 1316 (40)

313 1340 618 1398 ὑπέστησαν
669 1342 1012 1412 πειρασμοὺς,
1082 1340 1181 1402 ἱνα,
1233 1339 1353 1389 ὅταν
1410 1339 1500 1388 καὶ
1554 1339 1619 1388 σὺ
1664 1332 1909 1407 διακονῇς

314 1435 642 1500 πνευματικῷ
695 1429 980 1501 πράγματι,
1048 1431 1137 1478 καὶ
1196 1429 1512 1499 περιπίπτῃς
1575 1430 1904 1498 πειρασμοῖς,

315 1517 450 1588 ἔχῃς
504 1512 818 1588 ὑπόδειγμα,
865 1519 1050 1588 καὶμὴ
1107 1511 1398 1588 δυσφορῇς,
1451 1512 1579 1564 ἀλλά
1622 1517 1907 1584 γινώσκῃς,

311 1605 393 1656 ὅτι
449 1610 728 1678 πειρασμοὶ
804 1612 914 1664 τοῖς
984 1605 1205 1675 ἀγαθοῖς
1271 1604 1550 1676 πράγμασι
1623 1601 1910 1672 συγκεκλη-

308 1712 521 1767 ρωνται,
592 1701 682 1744 τοῦ
753 1689 998 1745 διαϐόλου
1078 1695 1168 1764 μεν
1245 1691 1318 1752 εἰς
1395 1687 1645 1762 ἐμπόδιον
1723 1689 1909 1750 αύτούς

309 1779 667 1856 ίπεγείροντος,
715 1788 807 1833 τοῦ
866 1788 999 1834 Θεοῦ
1065 1777 1125 1833 δε
1172 1786 1635 1854 παραχωροῦντος,
1694 1779 1765 1839 εἰς
1816 1773 1906 1828 δοο

307 1874 480 1942 κίμιον
511 1877 610 1922 τῶν
643 1869 959 1942 ἀγαπώντων
986 1869 1160 1923 αὑτὸν.

383 2052 484 2102 Καὶ
545 2047 701 2120 βλέπε
763 2042 1085 2118 παράδοξον.
1159 2043 1479 2101 Παλαιστίνη
1551 2045 1640 2116 μὲν
1703 2040 1910 2095 ίπιϐου-

309 2135 466 2206 λεύει,
512 2139 771 2206 Αἴγυπτος
819 2129 879 2186 δί
938 2131 1096 2192 σώζει
1143 2135 1230 2183 τὸν
1283 2135 1544 2204 φεύγοντα⁶
1593 2133 1674 2183 ἵνα
1716 2133 1910 2203 μάθῃς,

313 2227 396 2278 ὅτι
438 2226 464 2276 0
514 2226 644 2282 Θεὸς
698 2228 804 2281 τοῖς
857 2219 1116 2281 ἆπιπόνοις
1167 2221 1234 2272 τὰ
1289 2217 1423 2278 ἡδέα
1478 2219 1764 2288 συνίζευξε,
1822 2223 1912 2270 καὶ

316 2312 668 2386 ἀμφοτέρωθεν
713 2312 978 2382 ὑφαίνεται
1032 2316 1131 2360 τῶν
1189 2307 1350 2378 ἁγίων
1400 2309 1426 2359 ό
1471 2306 1581 2379 βίος
1631 2307 1657 2358 ὃ
1705 2303 1772 2364 δὴ
1824 2310 1912 2358 καὶ

311 2399 533 2452 ἐνταῦθα
584 2402 778 2470 γέγονε.
832 2405 1060 2469 Πρῶτον,
1094 2395 1297 2466 ὑποψία
1331 2401 1450 2469 περὶ
1495 2402 1586 2454 τήν
1633 2397 1912 2468 Παρθένον.

307 2485 438 2555 εἷτα,
483 2490 614 2560 μετά
662 2490 748 2538 τὸν
797 2489 967 2550 τόκον,
1010 2486 1160 2559 χαρά
1190 2501 1203 2515 ⁸
1240 2483 1393 2536 πάλιν
1447 2489 1583 2556 φυγὴ
1639 2484 1706 2544 εἰς
1760 2487 1914 2554 Αἴγυ-

307 2596 453 2642 πτον,
509 2577 622 2627 εἶτα
661 2573 848 2626 ἐκεῖθεν
895 2572 1179 2634 ἀνάκλησις
1207 2591 1220 2604 ·
1256 2569 1404 2632 αὖθις
1448 2571 1624 2644 φόϐος,
1680 2569 1774 2624 διὰ
1826 2575 1912 2623 τόν

309 2664 592 2738 Ἀρχελαον
623 2684 637 2697 ο
668 2664 844 2715 ἔπειτα
919 2660 966 2712 ἐν
1042 2669 1104 2734 τῇ
1179 2661 1418 2735 Ναζαρετ
1491 2662 1681 2721 ἄνεσις.
1752 2663 1912 2712 Οὔπω

305 2756 406 2826 γὰρ
443 2751 503 2811 ἦν
537 2759 630 2804 τοῦ
691 2753 1107 2824 θαυματουργεῖν
1162 2754 1361 2824 καιρός.
1423 2748 1482 2801 Εἰ
1538 2751 1639 2820 γὰρ
1681 2747 1736 2800 ἔκ
1773 2754 1911 2822 πρώ-

309 2860 399 2902 της
443 2840 651 2902 ἡλικίας
701 2835 1000 2902 ἐπεδείξατο
1063 2839 1324 2910 θαύματα,
1375 2837 1468 2889 οὑκ
1518 2836 1578 2888 ἀν
1623 2838 1907 2894 ἐπιστεύθη

309 2933 565 3001 γεγονέναι
607 2930 896 3002 ἄνθρωπος,
937 2929 1002 2987 ὡς
1037 2931 1350 3002 ⁴ι’ροέφημ.εν.
1399 2928 1493 2979 Διά
1530 2933 1680 2978 τοῦτο
1723 2927 1912 2986 κύησις

314 3017 630 3090 ἐννεάμηνος,
700 3021 788 3069 καὶ
846 3020 1102 3088 γέννησις,
1165 3020 1254 3068 καὶ
1320 3014 1753 3087 γαλακτοτροφίά,
1821 3018 1911 3066 καὶ

312 3109 378 3159 τὰ
426 3106 556 3173 ἑξῆς,
615 3107 697 3157 ἵνα
751 3101 847 3157 διὰ
905 3107 1108 3157 πάντων
1161 3100 1540 3178 εύπαράδεκτος
1578 3105 1607 3162 ἡ
1657 3102 1912 3176 ἐνανθρώ-

311 3215 476 3257 πησις
521 3195 681 3247 αὑτοῦ
730 3198 962 3265 γένηται.
1018 3192 1128 3245 Ούκ
1183 3195 1258 3244 ἲτι
1309 3189 1367 3244 δε
1402 3194 1427 3243 0
1457 3193 1671 3263 ἄγγελος
1718 3190 1910 3264 ὀνομά-
1943 3220 1983 3276 C

313 3285 392 3344 ζει
419 3288 513 3341 τὴν
567 3284 824 3356 Παρθένόν
872 3288 1096 3352 γυναῖκα
1146 3288 1237 3332 τοῦ
1283 3281 1497 3352 Ἰωσὴφ,
1552 3279 1678 3331 ἀλλά
1713 3284 1913 3354 μητέρα

311 3379 409 3423 τοῦ
437 3369 679 3422 παιδίουο
732 3369 916 3426 Ἐλύθη
965 3371 1067 3442 γὰρ
1117 3365 1225 3426 ἤδη
1261 3371 1287 3426 ἡ
1327 3367 1543 3438 ὑποψία,
1598 3373 1687 3421 καὶ
1715 3369 1909 3426 πεπλη-

315 3463 574 3532 ροφόρητο
625 3457 804 3510 λοιπόν
855 3457 1070 3528 Ἰωσὴφ,
1130 3457 1210 3508 ὅτι
1266 3459 1399 3518 θεῖός
1463 3455 1601 3509 ἐστιν
1654 3458 1680 3509 ό
1737 3461 1906 3518 τόκος.

317 3547 489 3599 Εἰπὼν
520 3542 600 3614 δὲ,
652 3547 732 3598 ὅτι
771 3551 928 3616 Φεῦγε
975 3545 1048 3606 εἰς
1095 3548 1372 3615 Αἴγυπτον,
1430 3545 1523 3597 οὑκ
1572 3543 1910 3616 ἐπηγγείλατο

317 3631 647 3688 συνοδεύσειν
701 3634 892 3700 αὐτοῖς,
949 3633 1314 3706 αἰνιττόμενος,
1374 3635 1454 3686 ὅτι
1509 3638 1668 3706 μέγαν
1719 3636 1909 3705 ἔχουσι

313 3720 686 3795 συνοδοιπόρον
736 3727 794 3775 τὸ
846 3719 1079 3792 παιδίον,
1113 3721 1139 3774 ὃ
1181 3728 1270 3775 καὶ
1325 3722 1396 3785 εἰς
1456 3726 1716 3794 Αἴγυπτον
1756 3725 1907 3796 ὑπερ-

309 3813 537 3884 ορισθεν,
596 3808 795 3865 δέδωκε
858 3819 962 3872 τοῖς
1038 3811 1341 3883 Αἰγυπτίοις
1421 3810 1656 3884 ἀφορμὴν
1714 3812 1909 3865 οἰκειώο

315 3919 460 3961 σεως.
507 3899 751 3974 Ὕστερον
798 3902 900 3975 γάρ
949 3900 1168 3962 ἅπαντες
1219 3900 1362 3952 οὗτοι
1417 3896 1684 3973 δεξάμενοι
1719 3905 1778 3954 τό
1809 3906 1907 3960 κη-

311 4008 484 4061 ρυγμα
512 3997 604 4042 τοῦ
635 3989 969 4062 Εὑαγγελίου,
1019 3993 1154 4060 μέγα
1205 3987 1445 4064 ἐφρόνουν
1488 3988 1572 4042 ἐπὶ
1617 3998 1690 4060 τῷ
1722 3987 1910 4043 ὑποδί-

313 4077 504 4140 ξασθαι
533 4080 784 4149 φεύγοντα
819 4082 905 4130 τὸν
939 4080 1146 4150 Κύριον.

1330 408 1688 468 COMMENT.
1731 407 1804 464 IN
1845 405 2280 466 ΜΑΤΤΗΛΕΠΜ.
2315 436 2387 452 -
2424 405 2588 464 CAP.
2614 402 2685 462 ῙῙ.

3569 400 3674 460 150

2015 533 2267 606 bylonia
2323 537 2382 590 et
2433 533 2725 606 Egyptus
2775 531 2835 588 in
2887 530 3029 588 orbe
3078 533 3371 588 terrarum
3408 529 3674 587 maxime

2014 629 2183 680 erant
2237 623 2494 680 incensas
2553 621 2874 690 impietatis
2926 621 3197 678 ﬂamma.
3253 620 3344 676 Ab
3390 619 3492 676 illa
3532 634 3672 692 ergo

2014 712 2222 782 Magos
2273 712 2532 779 attraxit,
2582 711 2641 767 in
2693 711 2851 766 hanc
2899 715 3097 766 autem
3151 710 3404 775 intravit,
3452 713 3674 765 utram-

2012 817 2130 873 que
2164 801 2366 857 volens
2405 799 2482 857 ad
2513 805 2737 856 rectam
2781 798 2938 855 viam
2979 799 3209 855 reduci.
3256 799 3398 854 Hinc
3432 813 3673 871 quoque

2013 891 2186 946 docet
2235 906 2364 953 nos,
2392 888 2551 961 quod
2600 891 2657 943 et
2697 886 2935 942 ﬁdelem
2989 887 3189 942 statim
3239 902 3275 942 a
3328 887 3672 959 primordiis

2014 978 2365 1034 tentationes
2412 979 2757 1049 exspectare
2805 979 3097 1047 oporteat.
3142 975 3281 1030 Vide
3325 977 3484 1031 enim
3527 991 3675 1044 quo-

2015 1069 2198 1126 modo
2229 1069 2356 1140 ipse
2389 1067 2579 1123 statim
2618 1081 2654 1122 a
2692 1063 2863 1121 cunis
2902 1065 3203 1136 appetitur
3233 1063 3485 1129 insidiis,
3523 1065 3673 1122 abit-

2015 1174 2131 1230 que
2161 1157 2221 1214 in
2257 1156 2530 1212 exsilium
2573 1170 2585 1208 :
2636 1153 2784 1223 fugit
2815 1168 3057 1226 quoque
3105 1155 3294 1209 mater
3335 1168 3404 1210 ac
3437 1154 3670 1225 Joseph.

2018 1248 2130 1304 Sed
2153 1251 2209 1302 et
2245 1245 2393 1315 Magi
2434 1244 2492 1300 in
2532 1243 2782 1300 modum
2822 1241 3174 1312 fugientium
3199 1240 3354 1298 clam
3381 1241 3670 1299 discesse-

2012 1339 2174 1399 runt,
2248 1348 2577 1405 omnesque
2643 1331 2785 1403 justi
2853 1331 3201 1387 innumeras
3269 1331 3674 1388 sustinuerunt

2016 1423 2386 1486 tentationes,
2456 1427 2520 1476 ut
2584 1420 2628 1476 si
2697 1419 2944 1492 quando
3014 1419 3098 1474 rei
3166 1419 3454 1491 spirituali
3529 1435 3677 1492 ope-

2015 1528 2145 1569 ram
2171 1511 2426 1574 dederis,
2451 1514 2627 1581 atque
2659 1509 2718 1564 in
2741 1507 3093 1564 tentationes
3117 1507 3416 1573 incideris,
3447 1508 3677 1565 habeas

2015 1599 2369 1671 exemplum,
2425 1602 2481 1654 et
2530 1613 2605 1653 ne
2665 1596 2907 1652 moleste
2961 1595 3136 1661 feras,
3196 1596 3301 1652 sed
3359 1612 3673 1668 agnoscas,

2016 1689 2183 1762 quod
2221 1687 2572 1744 tentationes
2610 1687 2670 1740 in
2729 1690 2936 1740 sortem
2976 1684 3152 1740 bonis
3192 1685 3474 1757 operibus
3518 1686 3674 1741 datae

2016 1781 2156 1833 sunt
2195 1775 2479 1832 :diabolo
2517 1774 2763 1847 quidem
2806 1773 2866 1828 in
2905 1772 3284 1829 obstaculum
3316 1773 3673 1837 adducente,

1942 1865 1988 1920 B
2018 1867 2138 1922 Deo
2172 1880 2310 1921 vero
2363 1863 2441 1919 ad
2486 1862 2894 1935 probationem
2921 1877 3128 1917 eorum
3179 1861 3284 1934 qui
3327 1861 3496 1919 illum
3544 1861 3674 1918 dili-

2019 1957 2180 2024 gunt,
2223 1951 2538 2007 ordinante
2552 1990 2565 2005 .

2092 2039 2234 2096 Vide
2286 2044 2486 2094 autem
2551 2038 2635 2094 rei
2686 2037 3003 2094 novitatem
3065 2054 3079 2092 :
3139 2037 3432 2111 siquidem
3491 2038 3678 2096 Pala-

2019 2128 2176 2186 stina
2221 2127 2552 2190 insidiatur,
2593 2127 2876 2198 Egyptus
2919 2141 3058 2182 vero
3099 2132 3289 2182 servat
3326 2126 3675 2197 fugientem,

2020 2222 2084 2274 ut
2112 2217 2310 2273 discas
2338 2218 2522 2272 Deum
2547 2215 2808 2272 tristibus
2830 2215 2964 2271 laeta
2993 2216 3398 2286 coniunxisse.
3431 2219 3580 2273 Nam
3601 2217 3676 2273 ab

2019 2306 2287 2377 utrisque
2320 2310 2663 2361 sanctorum
2712 2305 2833 2359 vita
2870 2304 3182 2376 probatur,
3232 2304 3396 2377 quod
3443 2320 3582 2361 sane
3623 2308 3679 2361 et

2018 2394 2115 2450 hic
2154 2393 2378 2450 factum
2431 2397 2536 2448 est.
2600 2392 2861 2448 Primum
2911 2393 3172 2465 suspicio
3209 2393 3420 2449 habita
3473 2397 3562 2450 est
3601 2393 3678 2449 de

2020 2482 2252 2552 Virgine
2287 2498 2300 2547 ;
2333 2481 2549 2537 deinde
2580 2495 2647 2536 ex
2680 2485 2853 2553 partu
2883 2481 3196 2553 gaudium.
3231 2484 3488 2537 Rursum
3533 2480 3678 2552 fuga

2020 2572 2082 2627 in
2130 2573 2450 2643 Egyptum
2487 2588 2500 2638 ;
2534 2574 2739 2642 postea
2780 2573 2980 2626 autem
3012 2569 3171 2625 illinc
3201 2570 3523 2627 revocatio.
3573 2571 3676 2627 lte-

2018 2675 2152 2716 rum
2208 2664 2402 2714 metus
2445 2662 2688 2730 propter
2732 2657 3126 2724 Archelaum;
3169 2658 3384 2714 deinde
3432 2658 3668 2731 requies

2018 2747 2075 2804 in
2117 2747 2420 2806 Nazareth.
2450 2747 2715 2802 Necdum
2763 2747 2924 2802 enim
2963 2746 3175 2802 edendi
3207 2746 3498 2803 miracula
3529 2751 3671 2804 tem-

2015 2853 2134 2910 pus
2181 2841 2326 2892 erat.
2369 2837 2520 2892 Nam
2556 2835 2606 2892 si
2643 2851 2680 2892 a
2722 2835 2919 2908 prima
2952 2835 3145 2892 statim
3181 2839 3350 2892 astate
3378 2837 3676 2909 stupenda

2019 2925 2512 2991 demonstrasset,
2554 2939 2934 2997 nequaquam
2966 2923 3145 2980 homo
3192 2923 3451 2981 creditus
3477 2925 3670 2998 'esset,

2019 3017 2086 3069 ut
2115 3012 2526 3086 praediximus.
2554 3013 2617 3068 ln
2643 3012 2803 3068 hunc
2827 3012 2986 3069 enim
3012 3011 3185 3068 ﬁnem
3210 3027 3425 3068 novem
3453 3012 3670 3069 mensi-

2019 3102 2129 3157 bus
2183 3106 2352 3158 utero
2391 3104 2677 3172 gestatus,
2731 3105 2909 3156 natus
2959 3116 3028 3157 ac
3082 3100 3230 3158 lacte
3268 3101 3524 3158 nutritus
3563 3103 3671 3169 est,

2019 3195 2352 3263 caeteraque
2383 3205 2493 3245 suo
2532 3188 2692 3246 facta
2725 3196 2864 3244 sunt
2893 3190 3120 3256 ordine,
3157 3194 3221 3246 ut
3257 3205 3363 3263 per
3399 3191 3525 3247 hinc
3555 3206 3673 3246 om-

2019 3280 2118 3336 nia
2174 3279 2342 3335 facile
2400 3279 2522 3350 ejus
2575 3278 2904 3333 incarnatio
2967 3277 3346 3349 suscipiatur.
3413 3279 3675 3348 Angelus

2021 3372 2222 3424 autem
2243 3367 2527 3438 deinceps
2551 3365 2849 3435 Virginem
2874 3380 2995 3421 non
3018 3366 3289 3421 nominat
3306 3381 3559 3422 uxorem
3581 3369 3672 3422 Jo-

2021 3460 2189 3528 seph,
2231 3456 2335 3511 sed
2389 3456 2553 3527 pueri
2593 3457 2863 3510 matrem.
2909 3454 3041 3509 Jam
3091 3454 3252 3510 enim
3301 3453 3498 3510 soluta
3546 3458 3672 3512 erat

2019 3544 2305 3616 suspicio,
2337 3548 2394 3599 et
2421 3542 2643 3614 Joseph
2674 3542 2884 3598 certior
2927 3541 3186 3608 effectus,
3228 3541 3500 3598 divinum
3540 3558 3672 3599 esse

2016 3638 2274 3706 partum.
2310 3633 2520 3689 Dicens
2549 3636 2748 3689 autem
2778 3649 2792 3688 :
2848 3633 3011 3703 Fuge
3039 3633 3101 3688 in
3140 3632 3503 3702 (Em/ptum,
3549 3647 3672 3690 non

2017 3722 2288 3796 promisit
2312 3721 2586 3778 comitem
2619 3737 2679 3776 se
2710 3720 2836 3777 fore
2866 3721 3110 3786 itineris,
3142 3719 3474 3790 insinuans,
3507 3721 3673 3795 quod

2018 3827 2300 3881 magnum
2364 3811 2653 3867 haberent
2702 3810 2814 3866 vim
2863 3810 3162 3876 comitem,
3217 3813 3354 3882 puta
3398 3825 3670 3882 puerum.

2017 3901 2152 3957 Haec
2182 3903 2468 3973 praeterea
2519 3899 2650 3970 ejus
2703 3898 2766 3954 in
2814 3899 3130 3972 Egyptum
3189 3897 3494 3970 relegatio,
3549 3916 3674 3957 ma-

2018 4005 2202 4060 gnam
2255 3988 2422 4044 dedit
2474 3987 2761 4060 Egyptiis
2812 3988 3191 4044 occasionem
3240 3986 3669 4045 familiaritatis.

2018 4079 2234 4136 Postea
2266 4078 2425 4134 enim
2465 4093 2674 4133 omnes
2703 4075 2784 4143 hi,
2828 4080 3098 4149 suscepta
3136 4075 3436 4148 Evangelii
3457 4077 3671 4150 praedi-

312 4165 562 4232 catione,
621 4166 952 4239 plurimum
1021 4164 1430 4236 gloriabantur
1481 4165 1808 4239 animoque
1877 4166 2227 4237 gestiebant,
2290 4181 2383 4233 eo,
2460 4165 2627 4239 quod
2680 4163 3004 4236 fugientem
3072 4164 3395 4221 Dominum
3469 4181 3674 4222 susce-

310 4254 558 4326 pissent.

385 4348 484 4396 Καὶ
532 4344 646 4396 ’ίσθι
680 4375 748 4385 -
781 4352 874 4397 τοῦ
914 4343 1164 4400 ἀπολέσαι
1213 4345 1360 4402 αὑτό.
1418 4345 1560 4399 Ἰσθι
1610 4345 1726 4416 (50)
1783 4345 1906 4414 ἐκεῖ,

2087 4346 2250 4400 Vers.
2286 4344 2370 4400 13.
2418 4343 2493 4399 Et
2535 4346 2651 4398 esto
2689 4371 2758 4382 —
2795 4340 2876 4398 ad
2901 4339 3259 4410 perdendum
3306 4355 3460 4404 eum.
3511 4343 3672 4414 Esto,

311 4430 426 4484 ἀντὶ
464 4438 556 4484 τοῦ
600 4433 767 4502 Οἰκει,
817 4429 1076 4508 διάτριϐε.
1123 4441 1300 4488 Ταῦτα
1340 4431 1399 4487 δε
1437 4433 1663 4494 ἀκούσας
1691 4435 1904 4506 Ἰωσὴφ,

309 4520 404 4572 ούκ
457 4517 868 4580 ἕσκανδαλίσθη.
938 4531 1131 4583 Συνῆκε
1193 4526 1312 4600 γὰρ,
1378 4524 1477 4589 ὅτι,
1535 4522 1643 4575 ἐπεὶ
1701 4522 1910 4595 ἄγγελοι

312 4605 646 4661 διακονοῦσιν
701 4610 774 4672 εἰς
836 4613 900 4664 τὰ
959 4615 1094 4664 κατά
1147 4616 1206 4664 τὸ
1281 4607 1515 4677 παιδίον,
1580 4611 1910 4685 οἰκονομικῶς

310 4697 480 4748 πάντα
543 4701 762 4768 γίνεται,
819 4703 908 4752 καὶ
970 4700 1029 4752 οὑ
1085 4705 1194 4776 χρή
1263 4699 1716 4776 περιεργάζεσθαι,
1787 4697 1911 4752 ούδε

311 4783 613 4857 ἀντιλέγειν,
667 4785 776 4839 ἀλλ’
834 4787 1081 4849 εὐπειθῶς
1137 4792 1308 4856 εἴκειν,
1364 4790 1440 4851 οἷς
1491 4788 1552 4841 ἀν
1601 4790 1626 4841 ὁ
1659 4791 1786 4851 Θεὸς
1833 4807 1912 4841 κε-

309 4871 429 4946 λεύῃ
442 4895 454 4907 ο

381 4960 441 5013 Ὀ
494 4958 554 5014 δὲ
602 4991 674 5005 --
723 4967 807 5016 τόν
863 4967 982 5018 Υἰόν
1051 4985 1171 5038 μου.
1222 4969 1292 5020 Τό
1365 4963 1445 5035 δε,
1507 4964 1593 5028 Ἐξ
1646 4965 1911 5037 Αἰγύπτου

314 5049 535 5102 ἐκάλεσα
597 5053 685 5103 τὸν
743 5054 860 5106 Υἱόν
914 5072 1035 5126 μου,
1094 5059 1212 5127 περὶ
1269 5062 1367 5118 τῆς
1421 5053 1748 5116 ἀνακλήσεως
1797 5053 1911 5106 ἔα.)-

312 5143 412 5191 τῶν
444 5133 696 5193 Ἰουδαῖοι
743 5140 970 5216 ῥηθῆναι
1015 5141 1246 5214 λέγουσι.
1292 5146 1430 5218 Πρὸς
1458 5142 1546 5206 οὓς
1583 5143 1696 5214 (51)
1727 5161 1906 5216 φαμεν,

2016 4433 2129 4489 hoc
2158 4435 2268 4497 est,
2310 4430 2534 4497 Habita,
2584 4445 2952 4486 conversare.
3000 4428 3132 4484 Haec
3179 4433 3377 4486 autem
3427 4429 3675 4485 audiens

2015 4520 2255 4592 Joseph,
2279 4535 2394 4575 non
2414 4533 2630 4590 passus
2648 4521 2735 4574 est
2753 4515 3202 4574 oﬁ'endiculum.
3225 4520 3373 4574 Nam
3392 4517 3672 4576 intellexit

2018 4608 2202 4682 quod,
2236 4624 2375 4665 cum
2402 4607 2599 4679 angeli
2626 4606 2879 4663 ministri
2911 4609 3112 4663 essent
3141 4607 3217 4663 ad
3244 4623 3315 4664 ea
3342 4623 3478 4681 quae
3519 4607 3674 4666 circa

2017 4713 2269 4769 puerum
2291 4697 2640 4766 agebantur,
2667 4695 2873 4752 omnia
2891 4695 3392 4754 administratorie
3409 4697 3631 4754 ﬁebant
3654 4713 3670 4764 ;

2019 4801 2127 4842 nec
2155 4787 2216 4843 in
2247 4787 2334 4842 bis
2365 4785 2670 4842 curiosum
2702 4801 2832 4842 esse
2862 4785 3188 4858 oportebat,
3235 4786 3341 4841 sed
3371 4785 3546 4843 facile
3594 4784 3672 4842 ad

2021 4874 2228 4931 omnia
2256 4890 2392 4946 quas
2421 4873 2705 4930 Dominus
2732 4873 3032 4945 jussisset,
3063 4873 3325 4931 obedire.

2091 4965 2249 5019 Vers.
2289 4966 2350 5018 14
2374 4963 2486 5019 Ille
2513 4978 2650 5020 vero
2678 4994 2747 5004 —
2776 4963 2843 5018 V.
2868 4968 2952 5021 l5.
2974 4963 3192 5019 Filium
3213 4976 3417 5020 meum.
3443 4961 3673 5017 Dictum

2021 5051 2169 5108 illud
2185 5068 2197 5108 :
2212 5052 2310 5108 Ea:
2329 5052 2598 5124 (Egi/pta
2615 5053 2821 5110 vocavi
2828 5053 3022 5120 ﬁlium
3042 5067 3249 5118 meum,
3271 5051 3458 5107 Judaei
3473 5051 3546 5107 de
3564 5064 3674 5107 sua

2019 5141 2284 5215 ipsorum
2355 5141 2737 5200 revocatione
2793 5139 3021 5199 dictum
3086 5143 3378 5198 asserunt.
3443 5137 3673 5207 Quibus

1521 5319 1748 5390 Varia:
1772 5318 2100 5390 lectiones
2131 5327 2198 5388 et
2225 5326 2431 5388 notae.

381 5511 497 5586 (49)
525 5512 783 5587 Aliquid
803 5513 896 5571 hic
942 5515 1133 5574 deest.
1173 5516 1494 5573 Hentenius
1540 5516 1723 5573 habet
1747 5515 1908 5587 iusti.

309 5582 484 5663 Forte
507 5582 656 5663 θεῇς
675 5588 722 5638 οἱ
755 5582 955 5663 δίκαιοι
1001 5587 1224 5658 legerit.
1281 5589 1395 5663 S__6d
1435 5594 1630 5654 πιστοὶ,
1665 5582 1910 5663 ἐνάρετοι,

309 5659 366 5710 et
420 5657 659 5724 similia,
705 5658 883 5715 etiam
908 5673 1031 5715 non
1072 5657 1218 5720 sunt
1256 5659 1469 5717 aliena:
1527 5663 1654 5718 Mox
1707 5657 1916 5732 legitur

2021 5534 2384 5655 αγιζὶἱλγεκεῖ,
2420 5584 2638 5640 omittit
2664 5584 2730 5642 Α.

2097 5587 2210 5729 ξω)
2239 5657 2378 5716 Vide
2406 5657 2706 5729 Chrysost.

2119 5657 2210 5731 51)
2239 5657 2378 5716 Vide
2406 5657 2706 5730 Chrysost.
2746 5658 2786 5716 t.
2820 5657 2938 5728 VII,
2957 5672 3016 5731 p.
3052 5656 3176 5718 124.
