4180 6522
493 344 596 407 {51

1813 343 2165 405 EUTHYMII
2202 346 2510 406 ZIGABEN
2518 345 2539 405 Ι

3757 338 3886 397 152

490 490 605 535 nos
663 472 929 542 dicimus,
997 471 1154 530 hanc
1199 487 1434 546 quoque
1493 471 1816 546 prOphetiae
1864 489 2141 531 normam

2255 477 2336 530 ὅτι
2369 478 2457 527 καὶ
2481 480 2632 526 τοῦτο
2689 476 3006 546 προφητείας
3051 475 3201 545 νόμος
3256 469 3389 539 εστὶ,
3446 471 3505 524 τὸ
3531 467 3696 522 πολλά
3725 468 3874 521 πολι

493 581 641 632 esse,
691 569 754 620 ut
799 563 978 618 multa
1026 563 1366 635 frequenter
1395 562 1464 618 de
1495 562 1622 618 aliis
1651 563 1946 632 dicantur,
1988 569 2044 620 et
2080 563 2141 620 in

465 653 618 728 aliis
654 652 1081 725 compleantur.
1117 652 1632 717 Quemadmodum
1671 653 1744 708 de
1775 653 2046 707 Simeone
2086 655 2144 707 et

489 743 626 800 Levi
659 759 673 798 :
731 741 1001 797 Dividam
1051 756 1143 797 eos
1178 743 1239 795 in
1266 741 1461 806 Jacob,
1496 747 1545 797 et
1577 742 1908 811 dispergam
1949 757 2039 797 eos
2079 741 2142 794 in

488 833 681 890 Israel
711 832 758 866 ⁴³
793 847 804 885 :
839 830 1135 903 siquidem
1174 830 1232 884 id
1263 830 1510 902 posteris
1540 846 1748 886 eorum
1787 831 2020 886 accidit.
2060 831 2139 886 Si-

487 921 705 977 militer
757 923 813 976 et
861 919 1007 974 illud
1047 918 1274 974 dictum
1313 919 1391 974 ad
1434 918 1615 975 Jacob
1649 935 1662 973 :
1695 920 1838 975 Esto
1882 920 2140 975 dominus

483 1012 751 1082 fratrum
779 1015 1033 1071 tuorum,
1060 1013 1114 1064 et
1135 1008 1376 1064 adorent
1401 1014 1456 1064 te
1471 1007 1584 1077 ﬁlii
1604 1011 1798 1078 patris
1824 1009 1994 1077 tui“,
2017 1022 2139 1063 non

488 1105 578 1156 est
606 1099 667 1155 in
710 1113 781 1154 eo
824 1096 1206 1169 completum,
1252 1097 1512 1152 maxime
1551 1113 1690 1153 cum
1737 1097 1865 1169 ispe
1916 1101 2140 1152 timeret

471 1181 562 1244 'ac
586 1190 880 1253 tremeret,
911 1187 1190 1257 totiesque
1217 1191 1351 1241 ante
1382 1185 1623 1242 fratrem
1658 1203 1836 1241 suum
1866 1187 2017 1241 Esau
2044 1200 2141 1255 ge-

489 1293 572 1334 nu
601 1276 860 1334 ﬂecteret
893 1292 905 1330 ε
939 1275 1043 1332 sed
1075 1275 1134 1330 in
1174 1274 1430 1347 posteris
1469 1278 1598 1345 ejus
1637 1275 1997 1347 completum
2032 1279 2134 1330 est.

492 1365 603 1422 Sed
629 1370 687 1422 et
717 1364 1052 1421 maledictio
1090 1367 1210 1420 Noe
1241 1362 1526 1418 adversus
1569 1363 1875 1428 Chanaan,
1918 1363 1975 1418 in
2004 1378 2140 1435 pos-

488 1454 628 1511 teris
650 1455 781 1527 ejus
806 1453 1050 1525 impleta
1080 1455 1188 1508 est.
1221 1452 1314 1508 Sic
1339 1466 1484 1521 ergo
1500 1456 1555 1508 et
1577 1452 1672 1508 hic
1701 1452 1975 1507 dicimus.
2008 1454 2140 1507 Uter

489 1543 650 1600 enim
675 1542 871 1598 verius
902 1542 1010 1596 dici
1037 1544 1229 1612 potest
1256 1541 1357 1595 Dei
1383 1539 1582 1609 Filius,
1606 1540 1733 1595 isne
1755 1541 1854 1612 qui
1881 1540 2138 1596 vitulum

490 1629 780 1699 adoravit,
803 1634 859 1685 et
879 1628 1146 1686 initiatus
1175 1631 1267 1684 est
1286 1627 1668 1699 Beelphegor,
1696 1627 1967 1699 ﬁliosque
1999 1643 2139 1682 suos

489 1734 560 1775 ac
579 1719 731 1776 ﬁlias
747 1718 1064 1774 daemoniis
1081 1716 1437 1773 sacriﬁcavit
1462 1733 1475 1771 :
1505 1731 1582 1772 an
1604 1715 1707 1787 qui
1727 1720 1936 1771 natura
1962 1715 2140 1771 Filius

487 1812 592 1874 est,
622 1808 868 1881 aqualis
899 1808 958 1862 in
987 1807 1212 1862 honore
1243 1821 1380 1861 cum
1417 1820 1487 1860 eo
1508 1804 1613 1877 qui
1644 1804 1893 1872 genuit?

2251 564 2398 626 λάκις
2450 565 2674 638 ῥηθῆναι
2727 566 2814 633 μεν
2869 561 2944 613 ἐπ’
3005 561 3191 628 ἀλλων,
3261 560 3596 634 πληρωθῆναι
3653 555 3715 610 δὲ
3786 557 3869 630 ἐφ’

2251 653 2572 724 ἐτέρωνσὼς
2649 656 2706 703 τὸ
2790 649 2872 704 ἐπὶ
2950 659 3040 703 τοῦ
3108 655 3309 722 Συμεὼν
3387 655 3475 701 καὶ
3553 656 3643 700 τοῦ
3725 651 3866 700 Λευὶ

2246 743 2418 818 ῥηθὲν,
2494 743 2573 793 ὃτι
2626 748 2882 815 Διαμεριῶ
2940 740 3122 800 αὐτοὺς
3175 740 3224 792 ἓν
3278 738 3482 803 Ἰακώϐ,
3540 742 3630 790 καὶ
3691 734 3793 789 δια
3843 753 3858 766 ’

2251 840 2422 904 σπερῶ
2475 830 2658 890 αὐτοὺς
2708 829 2755 881 ἐν
2798 829 3031 901 Ἰσραήλ.
3089 833 3188 883 Καὶ
3243 831 3341 902 γὰρ
3401 827 3485 880 ἐπὶ
3540 836 3637 878 τῶν
3693 826 3858 896 ἐκγό-

2246 941 2342 971 νων
2389 920 2554 971 αὐτῶν
2613 918 2777 983 ἐξέϐη.
2842 923 2940 974 Καὶ
2996 922 3051 970 τό
3100 919 3184 970 ἐπὶ
3236 926 3326 970 τοῦ
3377 915 3557 973 Ἰακὼϐ
3611 913 3670 969 δε
3710 916 3859 989 εἰρη-

2245 1013 2412 1082 μένον,
2477 1010 2557 1061 ὃτι
2631 1013 2780 1060 Γίνου
2864 1011 3042 1082 κύριος
3117 1014 3206 1059 τοῦ
3279 1003 3500 1078 ἀδελφοῦ
3576 1025 3692 1071 σου,
3755 1011 3852 1057 καὶ

2246 1099 2763 1170 προσκυνησάτωσάν
2873 1116 2930 1149 σε
3031 1099 3136 1148 υἱοὶ

2246 1187 2339 1239 οῦκ
2370 1186 2446 1239 ἐπ’
2489 1188 2649 1239 αὑτοῦ
2704 1185 2839 1247 τελος
2885 1189 3012 1257 ἔσχε
3045 1203 3057 1216 ·
3091 1194 3200 1246 πῶς
3246 1187 3371 1258 γὰρ,
3411 1192 3502 1237 τοῦ
3548 1181 3856 1246 δεδοικότος

3247 1103 3338 1148 τοῦ
3447 1100 3639 1167 πατρός
3728 1114 3853 1165 σου,

2245 1281 2334 1328 καὶ
2411 1280 2682 1349 τρέμοντος
2766 1280 2854 1326 καὶ
2937 1276 3187 1345 μυριάκις
3265 1281 3676 1347 προσκυνοῦντος
3760 1277 3852 1326 τὸν

2248 1360 2466 1436 ἀδελφὸν
2524 1365 2684 1416 αὐτοῦ
2762 1367 2846 1416 τὸν
2903 1363 3071 1415 Ἠσαῦ
3107 1379 3120 1430 ;
3157 1362 3262 1414 ἀλλ’
3313 1361 3396 1415 ἐπὶ
3459 1372 3557 1414 τὼν
3633 1361 3853 1434 ἐκγόνων

2247 1452 2428 1510 αὑτοῦ,
2460 1458 2558 1506 Καὶ
2588 1456 2646 1504 τό
2676 1455 2821 1526 παρά
2872 1459 2963 1504 τοῦ
3014 1458 3126 1504 Νῶε
3158 1448 3216 1504 δε
3261 1451 3442 1522 λεχθὲν
3488 1451 3571 1504 ἐπὶ
3617 1461 3708 1504 τοῦ
3741 1460 3853 1507 Χα-

2247 1544 2393 1609 ναάν,
2453 1541 2537 1593 ἐπὶ
2593 1550 2692 1593 τῶν
2748 1542 2970 1612 ἐκγονων
3037 1541 3198 1592 αὑτοῦ
3269 1540 3622 1613 πεπλήρωται,
3698 1543 3851 1593 Οὕτω

2250 1627 2317 1688 δὴ
2378 1629 2645 1682 κάνταῦθα
2717 1629 2944 1702 λέγομεν.
3004 1635 3094 1690 Τίς
3152 1632 3249 1702 γὰρ
3333 1628 3671 1701 ἀληθέστερος
3731 1635 3852 1692 Υἱός

2250 1726 2382 1772 Θεοῦ
2417 1737 2430 1787 ;
2463 1722 2488 1769 0
2520 1723 2604 1770 τόν
2635 1725 2843 1790 μόσχον
2879 1724 3267 1793 προσκυνήσας,
3320 1723 3409 1770 καὶ
3455 1717 3702 1778 τελεσθεὶς
3732 1722 3847 1786 (50)

2246 1815 2316 1875 τῷ
2345 1806 2648 1882 Βεελφεγωρ,
2697 1812 2785 1858 καὶ
2837 1809 3000 1867 θύσας
3047 1810 3167 1868 τοὺς
3218 1809 3361 1868 υἱοὺς
3411 1809 3571 1859 αὐτοῦ
3619 1811 3709 1859 καὶ
3759 1827 3849 1869 τας

489 1900 773 1971 θυγατέρας
801 1904 913 1957 τοῖς
943 1893 1255 1967 δαιμονίοις,
1289 1895 1317 1952 ἢ
1350 1896 1374 1945 0
1417 1898 1569 1966 φύσει
1603 1899 1722 1955 Υίὸς
1754 1899 1841 1946 καὶ
1873 1896 2120 1966 ὁμότιμος
2152 1903 2222 1966 τῷ
2248 1899 2618 1967 γεγεννηκότι;

561 1989 602 2058 -ξ-
634 1988 755 2041 Hoc
785 1986 859 2041 de
898 1985 1023 2056 ipso
1067 1984 1306 2055 quidem
1336 1983 1515 2039 Israel
1555 1983 1788 2049 dicitur,
1831 1989 1893 2040 ut
1930 1984 2140 2041 asserit
2175 1985 2219 2039 Β

489 2078 798 2147 Nyssenus
824 2091 838 2140 ;
872 2089 1078 2130 verum
1110 2072 1170 2128 in
1201 2072 1399 2127 multis
1430 2072 1862 2144 exemplaribus
1888 2087 2010 2128 non
2037 2072 2140 2128 ha-

487 2163 682 2230 betur,
707 2167 837 2234 post
865 2161 1236 2234 publicatum
1265 2159 1527 2218 Videlicet
1556 2160 1957 2233 Evangelium,
1988 2176 2023 2218 a
2047 2163 2142 2216 Ju-

489 2252 638 2309 daeis
657 2253 969 2326 rejectum.

828 2341 977 2397 CAP.
1016 2341 1084 2396 II.
1123 2341 1210 2397 De
1245 2339 1447 2410 pueris
1478 2339 1823 2410 interfectis.

562 2433 720 2487 Vers.
756 2431 840 2486 16.
867 2431 1025 2486 Tunc
1049 2428 1304 2486 Herodes
1331 2458 1397 2468 —
1423 2428 1622 2485 valde.
1645 2428 1826 2497 Tunc,
1854 2427 2097 2500 quando
2117 2428 2145 2483 ’ἲ

490 2520 823 2593 Postquam
853 2517 1144 2587 videlicet,
1175 2518 1277 2590 qui
1307 2518 1448 2573 Jesu
1484 2532 1693 2572 curam
1732 2516 2049 2582 habebant,
2085 2515 2145 2570 in

489 2610 811 2680 Egyptum
855 2607 1150 2677 fugerunt.
1200 2608 1390 2677 Usque
1440 2605 1518 2662 ad
1563 2604 1622 2660 id
1668 2604 1828 2660 enim
1865 2604 2147 2676 temporis

493 2698 649 2753 circa
675 2711 848 2752 curas
890 2696 1037 2752 alias
1075 2701 1401 2766 occupatus
1440 2693 1551 2749 fuit
1598 2695 1851 2748 Herodes
1897 2711 1911 2748 :
1965 2708 2148 2748 uxore

491 2785 739 2859 propria
767 2801 835 2840 ac
875 2784 1009 2840 ﬁliis
1043 2782 1424 2840 molientibus
1454 2785 1661 2837 contra
1691 2797 1827 2838 eum
1853 2781 2097 2836 insidias
2131 2797 2143 2836 :

494 2875 698 2946 sicque
729 2875 1029 2946 Magorum
1058 2872 1280 2929 oblitus
1304 2874 1449 2928 erat.
1470 2870 1533 2925 Id
1562 2875 1760 2926 autem
1783 2869 1987 2926 divina
2012 2871 2148 2927 Pro-

491 2962 756 3020 videntia
775 2962 998 3019 factum
1029 2966 1134 3026 est,
1171 2965 1234 3015 ut
1253 2959 1316 3014 in
1340 2961 1594 3030 Egypto
1620 2974 1766 3030 puer
1792 2964 2144 3015 servaretur.

495 3050 644 3123 Magi
671 3052 874 3123 itaque
896 3049 1110 3119 angelo
1133 3047 1469 3103 obedientes
1485 3046 1707 3102 reversi
1728 3051 1863 3102 sunt
1887 3066 1900 3106 :
1926 3047 2029 3103 sed
2051 3047 2148 3104 hic

496 3138 750 3196 illusisse
781 3138 898 3194 sibi
927 3135 1191 3201 credidit,
1224 3135 1369 3208 quia
1396 3149 1519 3190 non
1538 3134 1968 3202 indicaverant,
2002 3135 2152 3193 sicut

495 3229 913 3302 promiserant.
965 3225 1235 3298 Oportuit
1285 3228 1487 3280 autem
1518 3240 1638 3281 non
1687 3224 1880 3291 irasci,
1932 3225 2036 3282 sed
2085 3225 2152 3280 ti-

2324 1986 2505 2055 [Τοῦτο
2720 1991 2808 2036 τοῦ
2857 1984 2998 2041 Ἰωήλ
3056 1985 3170 2054 (52)
3215 1988 3304 2055 μέν
3358 1982 3519 2050 ἐστιν,
3569 1987 3635 2045 ὡς
3675 1985 3700 2036 0
3733 1985 3847 2055 (53)

2249 2077 2465 2134 Νυσσης
2515 2073 2651 2144 λέγει
2683 2090 2696 2103 ’
2732 2071 2781 2124 έν
2829 2072 3033 2134 πολλοῖς
3094 2068 3153 2125 δι
3204 2082 3302 2123 τῶν
3371 2072 3690 2145 ἀντιγράφων
3739 2075 3845 2144 οὐχ

2250 2163 2484 2236 εὕρηται,
2515 2161 2636 2234 παρ’
2692 2158 2963 2214 Ἰουδαίων
3020 2160 3281 2227 ἐκϐληθεν,
3349 2164 3475 2234 μετά
3525 2167 3580 2214 τό
3611 2161 3843 2233 Εὐαγγέ-

2251 2251 2382 2324 λιον]
2393 2294 2406 2307 .

2470 2345 2614 2393 ΚΕΦ⁶
2650 2338 2719 2396 Β’.
2753 2343 2877 2410 Περὶ
2902 2347 3002 2389 τῶν
3029 2337 3392 2412 ἀναιρεθέντων
3421 2338 3653 2394 παίδων.

2323 2433 2449 2482 Τότε
2512 2423 2749 2500 Ἡρώδης
2807 2457 2877 2468 -
2926 2427 3059 2482 λίαν.
3136 2433 3280 2494 Τότε,
3359 2430 3698 2495 πότε;ΜεΘό
3755 2428 3846 2486 ὁη-

2254 2514 2389 2576 λαδή
2446 2516 2495 2569 οἰ
2550 2521 2667 2590 περὶ
2723 2519 2808 2568 τὸν
2881 2516 3084 2574 Ἰησοῦν
3166 2519 3352 2588 ἔφυγον
3425 2517 3496 2579 εἰς
3570 2520 3850 2587 Αἴγυπτον.

2255 2606 2423 2679 Ἀχρι
2469 2608 2571 2678 γάρ
2615 2609 2725 2657 τότε
2799 2609 2916 2676 περὶ
2984 2602 3262 2679 φροντίδας
3315 2606 3488 2680 ἐτέρας
3548 2608 3573 2658 0
3623 2602 3856 2679 Ἡρώδης

2259 2693 2663 2767 ἀσχολούμενος,
2698 2689 2783 2744 οἷα
2811 2701 2904 2755 τῆς
2952 2698 3195 2764 γυναικός
3240 2694 3396 2746 αὑτοῦ
3450 2699 3539 2747 καὶ
3589 2703 3688 2746 τῶν
3736 2700 3854 2746 παί-

2258 2780 2383 2850 δων,
2448 2785 2917 2852 συσκευασαμένων
2995 2782 3270 2841 ἐπιϐουλὴν
3341 2782 3454 2835 κατ’
3511 2783 3691 2848 αὐτοῦ,
3757 2791 3857 2834 τῶν

2256 2873 2451 2942 Μάγων
2508 2869 2796 2933 ἐπελάθετο,
2831 2871 2964 2922 κατά
3019 2872 3155 2922 θείαν
3209 2875 3469 2943 πρόνοιαν,
3533 2874 3616 2922 ῖνα
3662 2867 3859 2924 διασω-

2259 2962 2320 3032 θῇ
2365 2960 2431 3020 εἰς
2463 2961 2724 3030 Δῖγυπτον
2755 2962 2812 3010 τὸ
2865 2955 3096 3014 παιδίον.
3146 2963 3211 3012 Oi
3259 2964 3348 3032 μὶν
3396 2957 3483 3013 οὖν
3540 2964 3733 3032 Μάγοι,
3785 2967 3857 3029 τῷ

2258 3047 2458 3121 ἀγγίλῳ
2519 3049 2830 3117 πεισθέντες,
2903 3047 3284 3123 ἀνεχώρησαν·
3318 3050 3470 3112 οὗτος
3543 3047 3602 3103 δὲ
3672 3049 3855 3102 ὑπελα-

2260 3137 2362 3202 ϐεν,
2421 3139 2499 3189 ὅτι
2550 3135 2814 3199 ἐνέπαιξαν
2863 3137 3022 3207 αὐτῷ,
3073 3145 3143 3209 μή
3205 3142 3544 3211 μηνύσαντες,
3602 3143 3669 3200 ὡς
3731 3141 3858 3191 υπε-

2263 3245 2478 3296 σχοντο.
2539 3222 2685 3278 Ἔδει
2745 3222 2802 3279 δὲ
2866 3231 2937 3298 μὴ
3011 3229 3333 3298 θυμωθῆναι,
3393 3227 3519 3280 ἀλλά
3570 3227 3859 3299 φοϐηθῆναι

495 3333 659 3374 mere
704 3320 761 3373 et
797 3314 1074 3386 cogitare,
1105 3311 1270 3386 quod
1301 3311 1522 3368 frustra
1565 3312 1935 3383 diligentiam
1985 3313 2149 3370 adhi-

2259 3321 2349 3367 καὶ
2381 3310 2631 3383 συνιδεῖν,
2680 3316 2757 3366 ὅτι
2803 3317 2974 3386 μάτην
3025 3314 3259 3372 σπεύδει.
3313 3322 3412 3371 Καὶ
3462 3320 3561 3392 γὰρ
3602 3323 3691 3370 καὶ
3740 3322 3863 3391 πρόσ

494 3407 670 3462 beret.
718 3404 946 3461 Etenim
996 3402 1163 3476 prius
1211 3417 1452 3475 quoque
1501 3402 1772 3459 audierat
1813 3419 1826 3458 :
1883 3419 1919 3460 a
1964 3402 2152 3473 Magis

495 3495 760 3568 quidem,
794 3493 957 3566 quod
984 3491 1150 3549 stella
1199 3497 1410 3547 natum
1449 3506 1588 3546 eum
1625 3491 2023 3561 signiﬁcasset
2053 3507 2065 3547 :
2118 3507 2155 3547 a

497 3583 872 3655 pontiﬁcibus
902 3586 1100 3637 autem
1133 3583 1190 3636 et
1237 3579 1462 3650 scribis,
1512 3580 1676 3650 quod
1728 3580 2029 3651 prophetae
2079 3579 2155 3636 de

497 3672 599 3728 illo
625 3669 1044 3742 praedixerant.
1085 3669 1216 3739 Ipse
1247 3673 1450 3722 tamen
1476 3667 1740 3722 maxime
1789 3667 2152 3734 insaniebat,

500 3764 563 3815 ut
633 3755 882 3813 tandem
931 3755 1060 3825 ejus
1137 3753 1550 3811 ostenderetur
1622 3754 1852 3812 malitia
1911 3772 1982 3814 ac
2059 3755 2157 3813 de-

499 3845 748 3903 mantia.

570 3934 739 3991 Vers.
771 3931 860 3986 16.
891 3931 972 3987 Et
997 3961 1065 3970 —
1092 3945 1130 3988 a
1158 3929 1358 4002 Magis.
1391 3930 1530 3988 Hinc
1561 3931 1692 3988 ausi
1732 3939 1868 3989 sunt
1907 3934 2158 4007 quidam

498 4023 716 4088 dicere,
741 4019 1031 4077 Christum
1065 4018 1251 4076 fuisse
1281 4019 1539 4077 duorum
1574 4035 1889 4090 annorum,
1911 4023 2158 4096 quando

501 4131 536 4169 a
564 4110 746 4181 Magis
769 4107 1051 4166 adoratus
1080 4113 1182 4177 est,
1213 4112 1270 4165 et
1295 4107 1526 4166 stellam
1549 4114 1813 4184 tempore
1839 4114 2158 4170 nativitatis

499 4201 630 4272 ejus
660 4198 986 4272 aperuisse,
1017 4198 1293 4271 duosque
1315 4213 1505 4255 annos
1533 4199 1595 4256 in
1621 4199 1827 4258 itinere
1847 4201 2157 4274 Magorum

501 4291 894 4361 consumptos
951 4303 1101 4344 esse.
1157 4288 1608 4360 Chrysostomus
1655 4305 1796 4346 vero
1857 4291 2156 4348 silentium

497 4377 751 4451 imponit
778 4379 907 4435 haec
941 4376 1364 4434 astruentibus.
1419 4378 1731 4444 Quomodo
1767 4379 1926 4436 enim
1959 4380 2154 4436 verisi-

496 4467 634 4524 mile
676 4471 852 4535 esset,
885 4465 958 4523 ad
992 4465 1252 4522 duorum
1278 4469 1516 4538 tempus
1556 4482 1853 4524 annorum
1893 4469 2022 4524 illos
2052 4469 2158 4525 iter

496 4554 726 4622 fecisse,
759 4554 994 4611 etiamsi
1022 4569 1129 4625 per
1151 4561 1354 4623 gentes
1378 4554 1632 4627 locaque
1662 4560 1944 4614 extranea
1969 4557 2158 4613 venis-

2259 3423 2402 3478 τερον
2459 3409 2652 3462 ἤκουσε
2703 3407 2845 3478 παρά
2895 3408 2984 3472 μεν
3029 3414 3127 3457 τῶν
3178 3409 3386 3478 Μάγων,
3429 3409 3508 3458 ὅτι
3562 3405 3730 3480 ἀστὴρ
3776 3411 3860 3458 τὸν

2260 3495 2566 3565 γεννηθέντα
2621 3498 2881 3565 μεμήνυκε
2923 3511 2936 3523 °
2968 3497 3112 3567 παρά
3169 3492 3227 3547 δε
3275 3504 3375 3546 τῶν
3434 3494 3720 3570 ἀρχιερέων
3773 3500 3858 3547 καὶ

2263 3586 2630 3654 Γραμματέων,
2684 3583 2763 3634 ὅτι
2821 3591 3085 3656 προφῇται
3157 3589 3272 3657 περὶ
3350 3585 3508 3636 αὑτοῦ
3576 3589 3864 3656 προανεφώ-

2263 3691 2426 3729 νησαν
2458 3672 2522 3722 '0
2555 3667 2613 3724 δι
2645 3670 2877 3743 μάλιστα
2929 3677 3182 3744 μαίνεται,
3238 3677 3324 3726 ’ίνα
3376 3670 3569 3748 δειχθῇ
3622 3672 3783 3726 τέλεον
3829 3675 3857 3732 ἡ

2264 3764 2489 3833 πονηρία
2517 3764 2605 3813 καὶ
2630 3761 2782 3814 οἶνοια
2809 3761 2985 3817 αὐτοῦ.

2340 3938 2439 3988 Καὶ
2490 3965 2559 3976 -
2613 3937 2755 4008 ποιρά
2813 3943 2910 3987 τῶν
2988 3938 3201 4008 Μάγων.
3265 3936 3520 3991 Ἐντεῦθεν
3573 3940 3861 4011 ὁρμώμενοί

2265 4043 2393 4085 τινες
2442 4021 2600 4091 εἶπον,
2653 4022 2749 4078 δύο
2799 4025 3042 4077 ἐνιαυτῶν
3099 4033 3226 4079 εἶναι
3286 4030 3372 4079 τὸν
3417 4032 3664 4100 Χριστὸν,
3735 4031 3864 4086 01m-

2264 4117 2383 4166 νίκα
2431 4114 2529 4166 ὑπὸ
2592 4123 2688 4165 τῶν
2745 4115 2936 4185 Μάγων
3018 4118 3406 4188 προσεκυνήθη.
3477 4123 3701 4176 Φανῆναι
3772 4121 3861 4189 μὲν

2264 4205 2365 4277 γὰρ
2397 4206 2480 4255 τὸν
2513 4201 2706 4275 ἀστέρά
2749 4203 2856 4274 οἶμα
2898 4211 2958 4276 τῇ
3005 4211 3241 4275 γεννήσει
3285 4206 3464 4272 αὐτοῦ,
3511 4211 3626 4267 τοὺς
3676 4203 3773 4259 δύο
3804 4203 3864 4259 δε

2266 4291 2524 4352 ἐνιαυτοὺς
2581 4290 2905 4350 ἀναλωθῆναι
2942 4295 3077 4345 κατὰ
3126 4299 3219 4351 τὴν
3268 4304 3366 4346 τῶν
3421 4299 3611 4367 Μάγων
3655 4293 3864 4348 ὁδοιπο-

2263 4384 2401 4452 ρίαν.
2469 4379 2526 4432 Ὀ
2603 4377 2662 4433 δε
2726 4386 3099 4456 Χρυσόστομος
3357 4386 3686 4458 ἐπιστομίζει
3749 4391 3865 4446 τοὺς

2265 4469 2400 4520 οὕτω
2424 4467 2676 4540 λέγοντας.
2732 4478 2843 4531 Πῶς
2891 4475 2988 4547 γὰρ
3023 4469 3083 4531 ἦν
3131 4474 3277 4538 εἰκὸς,
3329 4471 3472 4533 διετῆ
3530 4481 3720 4549 χρόνον
3779 4475 3867 4526 αὐ-

2263 4561 2381 4618 τοὺς
2436 4555 2650 4623 ὁδεύειν,
2701 4559 2742 4612 εἰ
2785 4565 2874 4613 καὶ
2919 4557 2992 4612 δι’
3044 4561 3198 4614 ἐθνῶν
3245 4567 3331 4615 καὶ
3373 4568 3541 4616 τόπων
3590 4563 3862 4621 ἀσυνήθων

498 4642 680 4701 sent?
717 4646 847 4709 Qua
884 4641 1064 4698 etiam
1104 4657 1302 4706 causa,
1342 4642 1446 4715 qui
1488 4643 1695 4700 Christi
1735 4661 1942 4702 curam
1976 4645 2149 4702 habe-

2264 4644 2510 4709 ἐϐάδιζον
2544 4653 2726 4716 ;Τίνος
2773 4648 2832 4701 δὲ
2875 4654 2964 4702 καὶ
3017 4653 3178 4722 χάριν
3232 4655 3281 4704 οἱ
3333 4659 3450 4726 περὶ
3497 4657 3585 4705 τὸν
3633 4657 3863 4725 Χριστὸν

497 4732 665 4797 bant,
692 4730 928 4787 duobus
945 4730 1194 4786 annisin
1227 4729 1518 4787 Bethleem
1541 4733 2003 4805 permansissent
2024 4741 2156 4807 post

499 4836 772 4886 censum,
800 4819 972 4890 cujus
997 4817 1188 4890 gratia
1216 4833 1286 4876 eo
1317 4825 1594 4878 venerant
1621 4821 1648 4877 ?
1678 4823 1789 4878 Sed
1815 4823 1956 4881 dicit
1988 4828 2154 4882 tanto

498 4914 757 4984 tempore
787 4907 1021 4966 stellam
1045 4909 1223 4965 antea
1250 4909 1618 4981 apparuisse,
1651 4917 1876 4984 quanto
1907 4918 2156 4987 possent

582 5089 628 5126 ⁴³
658 5087 805 5145 Gen.
842 5100 1000 5153 nix,
1031 5085 1085 5155 7,
1165 5083 1214 5121 “
1247 5085 1366 5144 Gen
1397 5101 1578 5159 xxvii,
1612 5088 1701 5147 29.

2267 4733 2363 4789 δύο
2426 4737 2693 4801 ἐνιαυτοὺς
2746 4737 2945 4810 ἔμελλον
3024 4737 3262 4812 ἐνδημεῖν
3327 4750 3387 4815 τῇ
3447 4743 3689 4814 Βηθλεὲμ,
3735 4744 3865 4814 μετά

2264 4831 2358 4884 τὴν
2403 4825 2732 4899 ἀπογραφὴν,
2764 4829 2826 4888 ἧς
2871 4829 3032 4900 χάριν
3083 4829 3235 4887 ἦλθον
3269 4830 3414 4900 ἐκεῖ;
3453 4831 3603 4884 Ἀλλά
3645 4839 3865 4904 φανῆναι

2266 4918 2355 4988 μεν
2391 4919 2476 4969 τὸν
2524 4918 2719 4988 άστίρα
2768 4921 2868 4993 πρὸ
2910 4918 3022 4989 (55)
3082 4924 3300 4994 χρόνον,
3362 4917 3434 4974 δι’
3482 4923 3606 4974 ὅσου
3663 4919 3866 4992 ἔμελλον

1701 5211 1928 5281 Variae
1954 5212 2285 5281 lectiones
2327 5224 2393 5283 et
2420 5224 2627 5285 nota.

570 5410 680 5485 (50)
713 5409 924 5485 Chrys.
1029 5407 1155 5485 ΥΠ,
1186 5422 1245 5480 Ρ.
1277 5409 1401 5485 435.
1676 5406 1962 5485 Βεελφεγὼρ
1991 5407 2161 5462 τελοὺσ

495 5478 672 5556 μενόςξ
693 5489 749 5556 et
784 5478 849 5556 ρ.
879 5480 1000 5556 162.
1027 5481 1092 5536 D.
1125 5478 1208 5552 Τῷ
1235 5479 1522 5556 Ιξεελφεγωρ
1555 5478 1917 5556 ίτελέσθησαν.

592 5557 679 5626 51)
707 5549 941 5610 Inclusa
966 5552 1029 5609 in
1083 5549 1576 5626 margine'_hab_e_t
1603 5551 1668 5605 A.

592 5557 679 5626 51)
707 5555 941 5610 Inclusa
966 5555 1029 5609 in
1083 5555 1357 5621 margine
1393 5555 1576 5607 habet
1603 5555 1668 5605 A.

567 5555 682 5701 £52)
731 5626 1051 5687 Hentenius
1090 5639 1202 5698 pro
1253 5620 1420 5690 Ἰωήλ,
1472 5620 1700 5680 videtur
1743 5621 1976 5698 legisse,
2024 5623 2151 5693 Ἰήλ,

2269 5409 2331 5467 id
2351 5415 2449 5487 est
2474 5411 2703 5487 Ἰσραήλ.

2365 5485 2457 5557 53)
2496 5484 2810 5557 Gregorius
2837 5484 3164 5557 Nyssenus.

2361 5556 2451 5628 54)
2491 5557 2656 5628 Tom.
2692 5556 2800 5620 VII,
2830 5556 2968 5628 pag.
3000 5558 3122 5625 108,
3151 5561 3215 5612 Α.

2335 5627 2448 5700 (55)
2489 5627 2685 5682 Πολλοῦ
2748 5627 2914 5687 addit
2965 5628 3006 5687 ι.
3053 5629 3091 5686 l.
3149 5629 3432 5704 Chrysost
3483 5633 3650 5690 Forte
3684 5634 3866 5690 τόσου.
