  <div class='ocr_page' id='page_1' title='image "/cluster/home/n/w/nwhite01/storage/ocr_20150623/129/hvd.32044019208511/084.png"; bbox 0 0 4180 6456; ppageno 0'>
   <div class='ocr_carea' id='block_1_1' title="bbox 275 413 372 469">
    <p class='ocr_par' dir='ltr' id='par_1_1' title="bbox 275 413 372 469">
     <span class='ocr_line' id='line_1_1' title="bbox 275 413 372 469; baseline 0 -1"><span class='ocrx_word' id='word_1_1' title='bbox 275 413 372 469; x_wconf 76' lang='grc'>153</span> 
     </span>
    </p>
   </div>
   <div class='ocr_carea' id='block_1_2' title="bbox 1262 410 2619 470">
    <p class='ocr_par' dir='ltr' id='par_1_2' title="bbox 1262 410 2619 470">
     <span class='ocr_line' id='line_1_2' title="bbox 1262 410 2619 470; baseline -0.004 0"><span class='ocrx_word' id='word_1_2' title='bbox 1262 411 1628 470; x_wconf 85' lang='lat' dir='ltr'>COMMENT.</span> <span class='ocrx_word' id='word_1_3' title='bbox 1671 411 1743 466; x_wconf 90' lang='lat' dir='ltr'><strong>IN</strong></span> <span class='ocrx_word' id='word_1_4' title='bbox 1777 411 2217 470; x_wconf 71' lang='lat' dir='ltr'>MATTH/EUM.</span> <span class='ocrx_word' id='word_1_5' title='bbox 2257 443 2325 452; x_wconf 92' lang='lat'>——</span> <span class='ocrx_word' id='word_1_6' title='bbox 2365 411 2520 467; x_wconf 80' lang='lat' dir='ltr'>CAP.</span> <span class='ocrx_word' id='word_1_7' title='bbox 2551 410 2619 465; x_wconf 88' lang='lat' dir='ltr'>II.</span> 
     </span>
    </p>
   </div>
   <div class='ocr_carea' id='block_1_3' title="bbox 3526 397 3624 454">
    <p class='ocr_par' dir='ltr' id='par_1_3' title="bbox 3526 397 3624 454">
     <span class='ocr_line' id='line_1_3' title="bbox 3526 397 3624 454; baseline -0.02 0"><span class='ocrx_word' id='word_1_8' title='bbox 3526 397 3624 454; x_wconf 71' lang='grc'>154</span> 
     </span>
    </p>
   </div>
   <div class='ocr_carea' id='block_1_4' title="bbox 276 525 1862 614">
    <p class='ocr_par' dir='ltr' id='par_1_4' title="bbox 276 536 1862 614">
     <span class='ocr_line' id='line_1_4' title="bbox 276 536 1862 614; baseline -0.002 -23"><span class='ocrx_word' id='word_1_9' title='bbox 276 536 540 602; x_wconf 73' lang='grc' dir='ltr'>ὁδεύοντες</span> <span class='ocrx_word' id='word_1_10' title='bbox 595 542 811 614; x_wconf 72' lang='grc' dir='ltr'>φθάσαι,</span> <span class='ocrx_word' id='word_1_11' title='bbox 895 543 986 593; x_wconf 83' lang='grc' dir='ltr'>καὶ</span> <span class='ocrx_word' id='word_1_12' title='bbox 1034 538 1314 598; x_wconf 77' lang='grc' dir='ltr'>ἐπιστῆναι</span> <span class='ocrx_word' id='word_1_13' title='bbox 1371 539 1561 591; x_wconf 76' lang='grc' dir='ltr'>αὐτίκα</span> <span class='ocrx_word' id='word_1_14' title='bbox 1611 538 1862 610; x_wconf 78' lang='grc' dir='ltr'>γεννηθέν·</span> 
     </span>
    </p>
   </div>
   <div class='ocr_carea' id='block_1_5' title="bbox 1975 525 3625 614">
    <p class='ocr_par' dir='ltr' id='par_1_5' title="bbox 1986 525 3625 614">
     <span class='ocr_line' id='line_1_5' title="bbox 1986 525 3625 614; baseline -0.008 -23"><span class='ocrx_word' id='word_1_15' title='bbox 1986 537 2066 594; x_wconf 89' lang='lat' dir='ltr'>illi</span> <span class='ocrx_word' id='word_1_16' title='bbox 2111 537 2450 608; x_wconf 74' lang='lat' dir='ltr'>gradientes</span> <span class='ocrx_word' id='word_1_17' title='bbox 2489 534 2799 609; x_wconf 81' lang='lat' dir='ltr'>pervenire</span> <span class='ocrx_word' id='word_1_18' title='bbox 2832 550 2845 589; x_wconf 89' lang='lat'><strong>:</strong></span> <span class='ocrx_word' id='word_1_19' title='bbox 2880 536 3198 604; x_wconf 81' lang='lat' dir='ltr'>statimque</span> <span class='ocrx_word' id='word_1_20' title='bbox 3227 530 3362 586; x_wconf 86' lang='lat' dir='ltr'>nato</span> <span class='ocrx_word' id='word_1_21' title='bbox 3393 525 3625 614; x_wconf 85' lang='lat' dir='ltr'>Christo</span> 
     </span>
    </p>
   </div>
   <div class='ocr_carea' id='block_1_6' title="bbox 277 624 1874 704">
    <p class='ocr_par' dir='ltr' id='par_1_6' title="bbox 277 624 1874 704">
     <span class='ocr_line' id='line_1_6' title="bbox 277 624 1874 704; baseline 0.001 -24"><span class='ocrx_word' id='word_1_22' title='bbox 277 647 330 680; x_wconf 87' lang='grc' dir='ltr'>τι</span> <span class='ocrx_word' id='word_1_23' title='bbox 378 636 448 698; x_wconf 83' lang='grc' dir='ltr'>τῷ</span> <span class='ocrx_word' id='word_1_24' title='bbox 492 637 724 704; x_wconf 85' lang='grc' dir='ltr'>Χριστῷ.</span> <span class='ocrx_word' id='word_1_25' title='bbox 777 630 870 682; x_wconf 87' lang='grc' dir='ltr'>Διά</span> <span class='ocrx_word' id='word_1_26' title='bbox 909 636 1062 681; x_wconf 79' lang='grc' dir='ltr'>τοῦτο</span> <span class='ocrx_word' id='word_1_27' title='bbox 1119 631 1220 702; x_wconf 83' lang='grc' dir='ltr'>γὰρ</span> <span class='ocrx_word' id='word_1_28' title='bbox 1273 626 1546 699; x_wconf 79' lang='grc' dir='ltr'>προέλαϐεν</span> <span class='ocrx_word' id='word_1_29' title='bbox 1595 628 1619 677; x_wconf 87' lang='grc' dir='ltr'><strong>ὁ</strong></span> <span class='ocrx_word' id='word_1_30' title='bbox 1685 624 1874 697; x_wconf 74' lang='grc' dir='ltr'>ἀστὴρ,</span> 
     </span>
    </p>
   </div>
   <div class='ocr_carea' id='block_1_7' title="bbox 282 716 1873 791">
    <p class='ocr_par' dir='ltr' id='par_1_7' title="bbox 282 716 1873 791">
     <span class='ocr_line' id='line_1_7' title="bbox 282 716 1873 791; baseline -0.001 -25"><span class='ocrx_word' id='word_1_31' title='bbox 282 716 364 767; x_wconf 87' lang='grc' dir='ltr'>ἱνα</span> <span class='ocrx_word' id='word_1_32' title='bbox 402 719 680 788; x_wconf 78' lang='grc' dir='ltr'>φθάσαντες</span> <span class='ocrx_word' id='word_1_33' title='bbox 723 717 941 791; x_wconf 75' lang='grc' dir='ltr'>εύρωσιν</span> <span class='ocrx_word' id='word_1_34' title='bbox 995 717 1148 769; x_wconf 64' lang='grc' dir='ltr'>αὐτὸν</span> <span class='ocrx_word' id='word_1_35' title='bbox 1200 716 1246 768; x_wconf 83' lang='grc' dir='ltr'>ἐν</span> <span class='ocrx_word' id='word_1_36' title='bbox 1316 717 1653 790; x_wconf 73' lang='grc' dir='ltr'>σπαργάνοις.</span> <span class='ocrx_word' id='word_1_37' title='bbox 1710 721 1873 766; x_wconf 74' lang='grc' dir='ltr'>Τοῦτο</span> 
     </span>
    </p>
   </div>
   <div class='ocr_carea' id='block_1_8' title="bbox 275 801 1865 879">
    <p class='ocr_par' dir='ltr' id='par_1_8' title="bbox 275 801 1865 879">
     <span class='ocr_line' id='line_1_8' title="bbox 275 801 1865 879; baseline -0.001 -25"><span class='ocrx_word' id='word_1_38' title='bbox 275 807 376 878; x_wconf 83' lang='grc' dir='ltr'>γὰρ</span> <span class='ocrx_word' id='word_1_39' title='bbox 423 802 482 861; x_wconf 69' lang='grc' dir='ltr'>ἦν</span> <span class='ocrx_word' id='word_1_40' title='bbox 522 824 577 856; x_wconf 77' lang='grc' dir='ltr'>το</span> <span class='ocrx_word' id='word_1_41' title='bbox 605 803 928 879; x_wconf 75' lang='grc' dir='ltr'>παράδοξον.</span> <span class='ocrx_word' id='word_1_42' title='bbox 979 805 1140 857; x_wconf 80' lang='grc' dir='ltr'>Ὠστε</span> <span class='ocrx_word' id='word_1_43' title='bbox 1169 801 1387 871; x_wconf 73' lang='grc' dir='ltr'>ἄδηλον,</span> <span class='ocrx_word' id='word_1_44' title='bbox 1421 807 1520 856; x_wconf 85' lang='grc' dir='ltr'>εἴτε</span> <span class='ocrx_word' id='word_1_45' title='bbox 1559 805 1704 855; x_wconf 77' lang='grc' dir='ltr'>οὗτοι</span> <span class='ocrx_word' id='word_1_46' title='bbox 1765 804 1865 874; x_wconf 83' lang='grc' dir='ltr'>πρὸ</span> 
     </span>
    </p>
   </div>
   <div class='ocr_carea' id='block_1_9' title="bbox 273 887 1875 968">
    <p class='ocr_par' dir='ltr' id='par_1_9' title="bbox 273 887 1875 968">
     <span class='ocr_line' id='line_1_9' title="bbox 273 887 1875 968; baseline -0.002 -24"><span class='ocrx_word' id='word_1_47' title='bbox 273 900 372 944; x_wconf 85' lang='grc' dir='ltr'>τῶν</span> <span class='ocrx_word' id='word_1_48' title='bbox 423 897 692 965; x_wconf 78' lang='grc' dir='ltr'>ποιμένων,</span> <span class='ocrx_word' id='word_1_49' title='bbox 767 897 866 946; x_wconf 81' lang='grc' dir='ltr'>εἴτε</span> <span class='ocrx_word' id='word_1_50' title='bbox 923 897 1021 968; x_wconf 84' lang='grc' dir='ltr'>πρὸ</span> <span class='ocrx_word' id='word_1_51' title='bbox 1092 897 1286 945; x_wconf 88' lang='grc' dir='ltr'>τούτων</span> <span class='ocrx_word' id='word_1_52' title='bbox 1340 895 1388 944; x_wconf 83' lang='grc' dir='ltr'>οἱ</span> <span class='ocrx_word' id='word_1_53' title='bbox 1444 895 1678 963; x_wconf 78' lang='grc' dir='ltr'>ποιμένες</span> <span class='ocrx_word' id='word_1_54' title='bbox 1739 887 1875 942; x_wconf 66' lang='grc' dir='ltr'>εἶδον</span> 
     </span>
    </p>
   </div>
   <div class='ocr_carea' id='block_1_10' title="bbox 270 976 1872 1059">
    <p class='ocr_par' dir='ltr' id='par_1_10' title="bbox 270 976 1872 1059">
     <span class='ocr_line' id='line_1_10' title="bbox 270 976 1872 1059; baseline -0.003 -25"><span class='ocrx_word' id='word_1_55' title='bbox 270 985 356 1034; x_wconf 88' lang='grc' dir='ltr'>τὸν</span> <span class='ocrx_word' id='word_1_56' title='bbox 406 985 656 1056; x_wconf 85' lang='grc' dir='ltr'>Χριστὸν.</span> <span class='ocrx_word' id='word_1_57' title='bbox 707 983 979 1059; x_wconf 80' lang='grc' dir='ltr'>Ὁπότερον</span> <span class='ocrx_word' id='word_1_58' title='bbox 1048 985 1148 1057; x_wconf 80' lang='grc' dir='ltr'>γὰρ</span> <span class='ocrx_word' id='word_1_59' title='bbox 1212 983 1274 1033; x_wconf 79' lang='grc' dir='ltr'>ἄν</span> <span class='ocrx_word' id='word_1_60' title='bbox 1329 985 1512 1046; x_wconf 81' lang='grc' dir='ltr'>εἴποις,</span> <span class='ocrx_word' id='word_1_61' title='bbox 1574 976 1872 1039; x_wconf 77' lang='grc' dir='ltr'>ἀκινδύνως</span> 
     </span>
    </p>
   </div>
   <div class='ocr_carea' id='block_1_11' title="bbox 268 1069 420 1142">
    <p class='ocr_par' dir='ltr' id='par_1_11' title="bbox 268 1069 420 1142">
     <span class='ocr_line' id='line_1_11' title="bbox 268 1069 420 1142; baseline 0.02 -21"><span class='ocrx_word' id='word_1_62' title='bbox 268 1069 420 1142; x_wconf 83' lang='grc' dir='ltr'>ἐρεῖς.</span> 
     </span>
    </p>
   </div>
   <div class='ocr_carea' id='block_1_12' title="bbox 347 1156 1870 1233">
    <p class='ocr_par' dir='ltr' id='par_1_12' title="bbox 347 1156 1870 1233">
     <span class='ocr_line' id='line_1_12' title="bbox 347 1156 1870 1233; baseline -0.001 -21"><span class='ocrx_word' id='word_1_63' title='bbox 347 1159 406 1212; x_wconf 84' lang='grc' dir='ltr'>Εἰ</span> <span class='ocrx_word' id='word_1_64' title='bbox 445 1156 504 1211; x_wconf 73' lang='grc' dir='ltr'>δὲ</span> <span class='ocrx_word' id='word_1_65' title='bbox 553 1158 652 1212; x_wconf 87' lang='grc' dir='ltr'>ἀπὸ</span> <span class='ocrx_word' id='word_1_66' title='bbox 700 1157 901 1223; x_wconf 79' lang='grc' dir='ltr'>διετοῦς</span> <span class='ocrx_word' id='word_1_67' title='bbox 949 1165 1038 1212; x_wconf 86' lang='grc' dir='ltr'>καὶ</span> <span class='ocrx_word' id='word_1_68' title='bbox 1096 1163 1366 1233; x_wconf 80' lang='grc' dir='ltr'>κατωτέρω</span> <span class='ocrx_word' id='word_1_69' title='bbox 1417 1164 1534 1220; x_wconf 84' lang='grc' dir='ltr'>τούς</span> <span class='ocrx_word' id='word_1_70' title='bbox 1591 1156 1788 1220; x_wconf 80' lang='grc' dir='ltr'>παῖδας</span> <span class='ocrx_word' id='word_1_71' title='bbox 1845 1161 1870 1210; x_wconf 89' lang='lat'>0</span> 
     </span>
    </p>
   </div>
   <div class='ocr_carea' id='block_1_13' title="bbox 259 1239 1867 1322">
    <p class='ocr_par' dir='ltr' id='par_1_13' title="bbox 259 1239 1867 1322">
     <span class='ocr_line' id='line_1_13' title="bbox 259 1239 1867 1322; baseline -0.001 -22"><span class='ocrx_word' id='word_1_72' title='bbox 259 1239 514 1320; x_wconf 78' lang='grc' dir='ltr'>Ἠρώδης</span> <span class='ocrx_word' id='word_1_73' title='bbox 571 1247 788 1321; x_wconf 86' lang='grc' dir='ltr'>ἀναιρεῖ,</span> <span class='ocrx_word' id='word_1_74' title='bbox 845 1253 916 1322; x_wconf 76' lang='grc' dir='ltr'>μὴ</span> <span class='ocrx_word' id='word_1_75' title='bbox 991 1251 1286 1321; x_wconf 75' lang='grc' dir='ltr'>θαυμάσῃς.</span> <span class='ocrx_word' id='word_1_76' title='bbox 1355 1248 1680 1301; x_wconf 75' lang='grc' dir='ltr'>’Υπώπτευσε</span> <span class='ocrx_word' id='word_1_77' title='bbox 1743 1251 1867 1322; x_wconf 80' lang='grc' dir='ltr'>γὰρ,</span> 
     </span>
    </p>
   </div>
   <div class='ocr_carea' id='block_1_14' title="bbox 266 1329 1868 1412">
    <p class='ocr_par' dir='ltr' id='par_1_14' title="bbox 266 1329 1868 1412">
     <span class='ocr_line' id='line_1_14' title="bbox 266 1329 1868 1412; baseline 0 -24"><span class='ocrx_word' id='word_1_78' title='bbox 266 1341 341 1408; x_wconf 80' lang='grc' dir='ltr'><strong><em>μὴ</em></strong></span> <span class='ocrx_word' id='word_1_79' title='bbox 400 1336 548 1397; x_wconf 74' lang='grc' dir='ltr'>εὐθὺς</span> <span class='ocrx_word' id='word_1_80' title='bbox 611 1338 861 1411; x_wconf 79' lang='grc' dir='ltr'>ὁραθῆναι</span> <span class='ocrx_word' id='word_1_81' title='bbox 910 1341 996 1390; x_wconf 86' lang='grc' dir='ltr'>τόν</span> <span class='ocrx_word' id='word_1_82' title='bbox 1053 1339 1249 1412; x_wconf 82' lang='grc' dir='ltr'>ἀστέρα</span> <span class='ocrx_word' id='word_1_83' title='bbox 1304 1339 1412 1398; x_wconf 77' lang='grc' dir='ltr'>τοῖς</span> <span class='ocrx_word' id='word_1_84' title='bbox 1471 1340 1695 1408; x_wconf 88' lang='grc' dir='ltr'>Μάγοις,</span> <span class='ocrx_word' id='word_1_85' title='bbox 1758 1329 1868 1388; x_wconf 83' lang='grc' dir='ltr'>ἀλλ’</span> 
     </span>
    </p>
   </div>
   <div class='ocr_carea' id='block_1_15' title="bbox 267 1423 1866 1499">
    <p class='ocr_par' dir='ltr' id='par_1_15' title="bbox 267 1423 1866 1499">
     <span class='ocr_line' id='line_1_15' title="bbox 267 1423 1866 1499; baseline 0.001 -23"><span class='ocrx_word' id='word_1_86' title='bbox 267 1423 398 1485; x_wconf 71' lang='grc' dir='ltr'>ἴσως</span> <span class='ocrx_word' id='word_1_87' title='bbox 444 1424 738 1497; x_wconf 80' lang='grc' dir='ltr'>προλαϐεῖν,</span> <span class='ocrx_word' id='word_1_88' title='bbox 796 1432 883 1479; x_wconf 86' lang='grc' dir='ltr'>καὶ</span> <span class='ocrx_word' id='word_1_89' title='bbox 942 1424 1034 1479; x_wconf 80' lang='grc' dir='ltr'>διὰ</span> <span class='ocrx_word' id='word_1_90' title='bbox 1100 1433 1270 1492; x_wconf 80' lang='grc' dir='ltr'>τοῦτο,</span> <span class='ocrx_word' id='word_1_91' title='bbox 1345 1425 1629 1499; x_wconf 80' lang='grc' dir='ltr'>ἀσφαλείας</span> <span class='ocrx_word' id='word_1_92' title='bbox 1685 1427 1866 1494; x_wconf 78' lang='grc' dir='ltr'>ἕνεκεν,</span> 
     </span>
    </p>
   </div>
   <div class='ocr_carea' id='block_1_16' title="bbox 270 1511 1868 1590">
    <p class='ocr_par' dir='ltr' id='par_1_16' title="bbox 270 1511 1868 1590">
     <span class='ocr_line' id='line_1_16' title="bbox 270 1511 1868 1590; baseline 0.001 -26"><span class='ocrx_word' id='word_1_93' title='bbox 270 1511 516 1566; x_wconf 81' lang='grc' dir='ltr'>ὶπλάτυνέ</span> <span class='ocrx_word' id='word_1_94' title='bbox 568 1534 622 1567; x_wconf 88' lang='grc' dir='ltr'>τε</span> <span class='ocrx_word' id='word_1_95' title='bbox 663 1519 748 1567; x_wconf 85' lang='grc' dir='ltr'>τὸν</span> <span class='ocrx_word' id='word_1_96' title='bbox 802 1519 1001 1590; x_wconf 85' lang='grc' dir='ltr'>καιρὸν,</span> <span class='ocrx_word' id='word_1_97' title='bbox 1057 1521 1145 1569; x_wconf 80' lang='grc' dir='ltr'>καὶ</span> <span class='ocrx_word' id='word_1_98' title='bbox 1203 1521 1364 1589; x_wconf 82' lang='grc' dir='ltr'>μέχρι</span> <span class='ocrx_word' id='word_1_99' title='bbox 1418 1525 1515 1567; x_wconf 85' lang='grc' dir='ltr'>τῶν</span> <span class='ocrx_word' id='word_1_100' title='bbox 1573 1517 1724 1590; x_wconf 82' lang='grc' dir='ltr'>ὁρίων</span> <span class='ocrx_word' id='word_1_101' title='bbox 1778 1524 1868 1575; x_wconf 84' lang='grc' dir='ltr'>τῆς</span> 
     </span>
    </p>
   </div>
   <div class='ocr_carea' id='block_1_17' title="bbox 269 1602 1865 1676">
    <p class='ocr_par' dir='ltr' id='par_1_17' title="bbox 269 1602 1865 1676">
     <span class='ocr_line' id='line_1_17' title="bbox 269 1602 1865 1676; baseline 0 -22"><span class='ocrx_word' id='word_1_102' title='bbox 269 1602 498 1675; x_wconf 73' lang='grc' dir='ltr'>Βηθλεὲμ.</span> <span class='ocrx_word' id='word_1_103' title='bbox 543 1607 626 1655; x_wconf 89' lang='grc' dir='ltr'>τὸν</span> <span class='ocrx_word' id='word_1_104' title='bbox 689 1608 835 1675; x_wconf 76' lang='grc' dir='ltr'>φόνον</span> <span class='ocrx_word' id='word_1_105' title='bbox 887 1604 1111 1669; x_wconf 77' lang='grc' dir='ltr'>ἐξέτεινε,</span> <span class='ocrx_word' id='word_1_106' title='bbox 1171 1606 1253 1656; x_wconf 81' lang='grc' dir='ltr'>ἵνα</span> <span class='ocrx_word' id='word_1_107' title='bbox 1307 1604 1590 1676; x_wconf 77' lang='grc' dir='ltr'>συγκλιίση</span> <span class='ocrx_word' id='word_1_108' title='bbox 1666 1624 1865 1656; x_wconf 84' lang='grc' dir='ltr'>παντα-</span> 
     </span>
    </p>
   </div>
   <div class='ocr_carea' id='block_1_18' title="bbox 263 1691 1865 1768">
    <p class='ocr_par' dir='ltr' id='par_1_18' title="bbox 263 1691 1865 1768">
     <span class='ocr_line' id='line_1_18' title="bbox 263 1691 1865 1768; baseline 0.001 -26"><span class='ocrx_word' id='word_1_109' title='bbox 263 1691 424 1762; x_wconf 85' lang='grc' dir='ltr'>χόθεν</span> <span class='ocrx_word' id='word_1_110' title='bbox 463 1696 521 1743; x_wconf 86' lang='grc' dir='ltr'>τὸ</span> <span class='ocrx_word' id='word_1_111' title='bbox 563 1694 790 1764; x_wconf 76' lang='grc' dir='ltr'>θήραμα,</span> <span class='ocrx_word' id='word_1_112' title='bbox 841 1698 930 1744; x_wconf 87' lang='grc' dir='ltr'>καὶ</span> <span class='ocrx_word' id='word_1_113' title='bbox 985 1702 1054 1763; x_wconf 84' lang='grc' dir='ltr'>τῷ</span> <span class='ocrx_word' id='word_1_114' title='bbox 1104 1693 1284 1751; x_wconf 81' lang='grc' dir='ltr'>πλήθει</span> <span class='ocrx_word' id='word_1_115' title='bbox 1340 1702 1438 1745; x_wconf 87' lang='grc' dir='ltr'>τῶν</span> <span class='ocrx_word' id='word_1_116' title='bbox 1489 1692 1865 1768; x_wconf 79' lang='grc' dir='ltr'>ἀναιρουμένων</span> 
     </span>
    </p>
   </div>
   <div class='ocr_carea' id='block_1_19' title="bbox 273 1777 1868 1857">
    <p class='ocr_par' dir='ltr' id='par_1_19' title="bbox 273 1777 1868 1857">
     <span class='ocr_line' id='line_1_19' title="bbox 273 1777 1868 1857; baseline 0.001 -26"><span class='ocrx_word' id='word_1_117' title='bbox 273 1779 521 1852; x_wconf 77' lang='grc' dir='ltr'>συνανελῃ</span> <span class='ocrx_word' id='word_1_118' title='bbox 589 1786 676 1832; x_wconf 82' lang='grc' dir='ltr'>καὶ</span> <span class='ocrx_word' id='word_1_119' title='bbox 745 1800 831 1833; x_wconf 88' lang='grc' dir='ltr'>τον</span> <span class='ocrx_word' id='word_1_120' title='bbox 888 1785 1135 1857; x_wconf 87' lang='grc' dir='ltr'>Χριστὸν.</span> <span class='ocrx_word' id='word_1_121' title='bbox 1191 1785 1289 1834; x_wconf 84' lang='grc' dir='ltr'>Καὶ</span> <span class='ocrx_word' id='word_1_122' title='bbox 1337 1785 1455 1842; x_wconf 84' lang='grc' dir='ltr'>τούς</span> <span class='ocrx_word' id='word_1_123' title='bbox 1514 1784 1603 1853; x_wconf 70' lang='grc' dir='ltr'>μὲν</span> <span class='ocrx_word' id='word_1_124' title='bbox 1680 1777 1868 1842; x_wconf 81' lang='grc' dir='ltr'>διετεῖς</span> 
     </span>
    </p>
   </div>
   <div class='ocr_carea' id='block_1_20' title="bbox 1986 612 3627 698">
    <p class='ocr_par' dir='ltr' id='par_1_20' title="bbox 1986 612 3627 698">
     <span class='ocr_line' id='line_1_20' title="bbox 1986 612 3627 698; baseline -0.009 -16"><span class='ocrx_word' id='word_1_125' title='bbox 1986 627 2268 684; x_wconf 83' lang='lat' dir='ltr'>adfuisse.</span> <span class='ocrx_word' id='word_1_126' title='bbox 2293 627 2537 698; x_wconf 79' lang='lat' dir='ltr'>Propter</span> <span class='ocrx_word' id='word_1_127' title='bbox 2549 625 2663 680; x_wconf 90' lang='lat' dir='ltr'>hoc</span> <span class='ocrx_word' id='word_1_128' title='bbox 2677 624 2835 680; x_wconf 89' lang='lat' dir='ltr'>enim</span> <span class='ocrx_word' id='word_1_129' title='bbox 2851 622 3019 678; x_wconf 82' lang='lat' dir='ltr'>stella</span> <span class='ocrx_word' id='word_1_130' title='bbox 3035 627 3268 692; x_wconf 79' lang='lat' dir='ltr'>tempus</span> <span class='ocrx_word' id='word_1_131' title='bbox 3281 612 3627 686; x_wconf 87' lang='lat' dir='ltr'>anticipavit</span> 
     </span>
    </p>
   </div>
   <div class='ocr_carea' id='block_1_21' title="bbox 1986 706 3624 787">
    <p class='ocr_par' dir='ltr' id='par_1_21' title="bbox 1986 706 3624 787">
     <span class='ocr_line' id='line_1_21' title="bbox 1986 706 3624 787; baseline -0.009 -16"><span class='ocrx_word' id='word_1_132' title='bbox 1986 717 2518 787; x_wconf 63' lang='lat' dir='ltr'>utpraavenientes,</span> <span class='ocrx_word' id='word_1_133' title='bbox 2547 715 2606 769; x_wconf 91' lang='lat' dir='ltr'>in</span> <span class='ocrx_word' id='word_1_134' title='bbox 2637 713 2831 769; x_wconf 85' lang='lat' dir='ltr'>fasciis</span> <span class='ocrx_word' id='word_1_135' title='bbox 2879 728 3017 767; x_wconf 92' lang='lat' dir='ltr'>eum</span> <span class='ocrx_word' id='word_1_136' title='bbox 3070 709 3419 765; x_wconf 80' lang='lat' dir='ltr'>invenirent.</span> <span class='ocrx_word' id='word_1_137' title='bbox 3476 706 3624 758; x_wconf 82' lang='lat' dir='ltr'>Nam</span> 
     </span>
    </p>
   </div>
   <div class='ocr_carea' id='block_1_22' title="bbox 1983 794 3624 874">
    <p class='ocr_par' dir='ltr' id='par_1_22' title="bbox 1983 794 3624 874">
     <span class='ocr_line' id='line_1_22' title="bbox 1983 794 3624 874; baseline -0.009 -14"><span class='ocrx_word' id='word_1_138' title='bbox 1983 804 2111 860; x_wconf 66' lang='lat' dir='ltr'>hmo</span> <span class='ocrx_word' id='word_1_139' title='bbox 2166 820 2261 860; x_wconf 91' lang='lat' dir='ltr'>res</span> <span class='ocrx_word' id='word_1_140' title='bbox 2320 807 2443 859; x_wconf 89' lang='lat' dir='ltr'>erat</span> <span class='ocrx_word' id='word_1_141' title='bbox 2490 802 2665 874; x_wconf 90' lang='lat' dir='ltr'>plena</span> <span class='ocrx_word' id='word_1_142' title='bbox 2742 800 3026 872; x_wconf 89' lang='lat' dir='ltr'>mysterii.</span> <span class='ocrx_word' id='word_1_143' title='bbox 3084 800 3371 853; x_wconf 89' lang='lat' dir='ltr'>Incertum</span> <span class='ocrx_word' id='word_1_144' title='bbox 3429 794 3624 862; x_wconf 79' lang='lat' dir='ltr'>igitur,</span> 
     </span>
    </p>
   </div>
   <div class='ocr_carea' id='block_1_23' title="bbox 1983 884 3626 962">
    <p class='ocr_par' dir='ltr' id='par_1_23' title="bbox 1983 884 3626 962">
     <span class='ocr_line' id='line_1_23' title="bbox 1983 884 3626 962; baseline -0.009 -14"><span class='ocrx_word' id='word_1_145' title='bbox 1983 894 2327 948; x_wconf 85' lang='lat' dir='ltr'>venerintne</span> <span class='ocrx_word' id='word_1_146' title='bbox 2383 891 2443 946; x_wconf 92' lang='lat' dir='ltr'>hi</span> <span class='ocrx_word' id='word_1_147' title='bbox 2497 895 2629 946; x_wconf 89' lang='lat' dir='ltr'>ante</span> <span class='ocrx_word' id='word_1_148' title='bbox 2682 893 2971 962; x_wconf 82' lang='lat' dir='ltr'>pastores,</span> <span class='ocrx_word' id='word_1_149' title='bbox 3022 903 3098 942; x_wconf 92' lang='lat' dir='ltr'>an</span> <span class='ocrx_word' id='word_1_150' title='bbox 3158 889 3423 956; x_wconf 86' lang='lat' dir='ltr'>pastores</span> <span class='ocrx_word' id='word_1_151' title='bbox 3491 884 3626 936; x_wconf 87' lang='lat' dir='ltr'>ante</span> 
     </span>
    </p>
   </div>
   <div class='ocr_carea' id='block_1_24' title="bbox 1980 973 3624 1053">
    <p class='ocr_par' dir='ltr' id='par_1_24' title="bbox 1980 973 3624 1053">
     <span class='ocr_line' id='line_1_24' title="bbox 1980 973 3624 1053; baseline -0.007 -17"><span class='ocrx_word' id='word_1_152' title='bbox 1980 981 2148 1053; x_wconf 91' lang='lat' dir='ltr'>ipsos</span> <span class='ocrx_word' id='word_1_153' title='bbox 2179 997 2191 1035; x_wconf 88' lang='lat'><em>:</em></span> <span class='ocrx_word' id='word_1_154' title='bbox 2228 981 2514 1036; x_wconf 85' lang='lat' dir='ltr'>utrumvis</span> <span class='ocrx_word' id='word_1_155' title='bbox 2552 978 2707 1034; x_wconf 90' lang='lat' dir='ltr'>enim</span> <span class='ocrx_word' id='word_1_156' title='bbox 2739 977 2977 1041; x_wconf 81' lang='lat' dir='ltr'>dixeris,</span> <span class='ocrx_word' id='word_1_157' title='bbox 3013 990 3214 1030; x_wconf 91' lang='lat' dir='ltr'>secure</span> <span class='ocrx_word' id='word_1_158' title='bbox 3244 973 3438 1028; x_wconf 84' lang='lat' dir='ltr'>dicere</span> <span class='ocrx_word' id='word_1_159' title='bbox 3466 974 3624 1042; x_wconf 89' lang='lat' dir='ltr'>pote-</span> 
     </span>
    </p>
   </div>
   <div class='ocr_carea' id='block_1_25' title="bbox 1979 1085 2080 1126">
    <p class='ocr_par' dir='ltr' id='par_1_25' title="bbox 1979 1085 2080 1126">
     <span class='ocr_line' id='line_1_25' title="bbox 1979 1085 2080 1126; baseline -0.04 0"><span class='ocrx_word' id='word_1_160' title='bbox 1979 1085 2080 1126; x_wconf 68' lang='lat' dir='ltr'>r18.</span> 
     </span>
    </p>
   </div>
   <div class='ocr_carea' id='block_1_26' title="bbox 2053 1150 3628 1224">
    <p class='ocr_par' dir='ltr' id='par_1_26' title="bbox 2053 1150 3628 1224">
     <span class='ocr_line' id='line_1_26' title="bbox 2053 1150 3628 1224; baseline -0.007 -12"><span class='ocrx_word' id='word_1_161' title='bbox 2053 1157 2223 1224; x_wconf 86' lang='lat' dir='ltr'>Quod</span> <span class='ocrx_word' id='word_1_162' title='bbox 2251 1157 2297 1213; x_wconf 92' lang='lat' dir='ltr'>si</span> <span class='ocrx_word' id='word_1_163' title='bbox 2328 1173 2359 1212; x_wconf 86' lang='lat' dir='ltr'>a</span> <span class='ocrx_word' id='word_1_164' title='bbox 2381 1156 2608 1212; x_wconf 90' lang='lat' dir='ltr'>bimatu</span> <span class='ocrx_word' id='word_1_165' title='bbox 2634 1160 2689 1212; x_wconf 92' lang='lat' dir='ltr'>et</span> <span class='ocrx_word' id='word_1_166' title='bbox 2715 1155 2865 1210; x_wconf 91' lang='lat' dir='ltr'>infra</span> <span class='ocrx_word' id='word_1_167' title='bbox 2892 1152 3068 1224; x_wconf 88' lang='lat' dir='ltr'>jussit</span> <span class='ocrx_word' id='word_1_168' title='bbox 3109 1150 3367 1206; x_wconf 87' lang='lat' dir='ltr'>Herodes</span> <span class='ocrx_word' id='word_1_169' title='bbox 3410 1162 3628 1220; x_wconf 88' lang='lat' dir='ltr'>pueros</span> 
     </span>
    </p>
   </div>
   <div class='ocr_carea' id='block_1_27' title="bbox 1980 1240 3627 1315">
    <p class='ocr_par' dir='ltr' id='par_1_27' title="bbox 1980 1240 3627 1315">
     <span class='ocr_line' id='line_1_27' title="bbox 1980 1240 3627 1315; baseline -0.005 -14"><span class='ocrx_word' id='word_1_170' title='bbox 1980 1246 2256 1312; x_wconf 88' lang='lat' dir='ltr'>interimi,</span> <span class='ocrx_word' id='word_1_171' title='bbox 2291 1261 2363 1301; x_wconf 91' lang='lat' dir='ltr'>ne</span> <span class='ocrx_word' id='word_1_172' title='bbox 2394 1244 2652 1301; x_wconf 87' lang='lat' dir='ltr'>mireris:</span> <span class='ocrx_word' id='word_1_173' title='bbox 2685 1242 3103 1315; x_wconf 84' lang='lat' dir='ltr'>suspicabatur</span> <span class='ocrx_word' id='word_1_174' title='bbox 3131 1240 3311 1304; x_wconf 92' lang='lat' dir='ltr'>enim,</span> <span class='ocrx_word' id='word_1_175' title='bbox 3347 1253 3468 1293; x_wconf 93' lang='lat' dir='ltr'>non</span> <span class='ocrx_word' id='word_1_176' title='bbox 3508 1241 3627 1292; x_wconf 89' lang='lat' dir='ltr'>sta-</span> 
     </span>
    </p>
   </div>
   <div class='ocr_carea' id='block_1_28' title="bbox 1977 1326 3626 1407">
    <p class='ocr_par' dir='ltr' id='par_1_28' title="bbox 1977 1326 3626 1407">
     <span class='ocr_line' id='line_1_28' title="bbox 1977 1326 3626 1407; baseline -0.007 -15"><span class='ocrx_word' id='word_1_177' title='bbox 1977 1337 2080 1392; x_wconf 88' lang='lat' dir='ltr'>tim</span> <span class='ocrx_word' id='word_1_178' title='bbox 2096 1326 2447 1407; x_wconf 85' lang='lat' dir='ltr'>apparuisse</span> <span class='ocrx_word' id='word_1_179' title='bbox 2470 1333 2649 1405; x_wconf 80' lang='lat' dir='ltr'>Magis</span> <span class='ocrx_word' id='word_1_180' title='bbox 2678 1332 2930 1398; x_wconf 89' lang='lat' dir='ltr'>stellam,</span> <span class='ocrx_word' id='word_1_181' title='bbox 2947 1331 3051 1386; x_wconf 89' lang='lat' dir='ltr'>sed</span> <span class='ocrx_word' id='word_1_182' title='bbox 3075 1328 3344 1385; x_wconf 80' lang='lat' dir='ltr'>fortassis</span> <span class='ocrx_word' id='word_1_183' title='bbox 3371 1342 3626 1399; x_wconf 91' lang='lat' dir='ltr'>puerum</span> 
     </span>
    </p>
   </div>
   <div class='ocr_carea' id='block_1_29' title="bbox 1979 1415 3626 1496">
    <p class='ocr_par' dir='ltr' id='par_1_29' title="bbox 1979 1415 3626 1496">
     <span class='ocr_line' id='line_1_29' title="bbox 1979 1415 3626 1496; baseline -0.007 -16"><span class='ocrx_word' id='word_1_184' title='bbox 1979 1429 2112 1480; x_wconf 88' lang='lat' dir='ltr'>ante</span> <span class='ocrx_word' id='word_1_185' title='bbox 2126 1425 2254 1495; x_wconf 88' lang='lat' dir='ltr'>ejus</span> <span class='ocrx_word' id='word_1_186' title='bbox 2266 1423 2695 1496; x_wconf 87' lang='lat' dir='ltr'>apparitionem</span> <span class='ocrx_word' id='word_1_187' title='bbox 2709 1425 2915 1476; x_wconf 85' lang='lat' dir='ltr'>natum</span> <span class='ocrx_word' id='word_1_188' title='bbox 2927 1419 3128 1475; x_wconf 84' lang='lat' dir='ltr'>fuisse.</span> <span class='ocrx_word' id='word_1_189' title='bbox 3152 1417 3282 1472; x_wconf 87' lang='lat' dir='ltr'>Ideo</span> <span class='ocrx_word' id='word_1_190' title='bbox 3297 1415 3626 1472; x_wconf 87' lang='lat' dir='ltr'>securitatis</span> 
     </span>
    </p>
   </div>
   <div class='ocr_carea' id='block_1_30' title="bbox 1976 1502 3626 1583">
    <p class='ocr_par' dir='ltr' id='par_1_30' title="bbox 1976 1502 3626 1583">
     <span class='ocr_line' id='line_1_30' title="bbox 1976 1502 3626 1583; baseline -0.007 -15"><span class='ocrx_word' id='word_1_191' title='bbox 1976 1528 2151 1569; x_wconf 85' lang='lat' dir='ltr'>causa</span> <span class='ocrx_word' id='word_1_192' title='bbox 2170 1516 2400 1583; x_wconf 90' lang='lat' dir='ltr'>tempus</span> <span class='ocrx_word' id='word_1_193' title='bbox 2412 1511 2587 1568; x_wconf 91' lang='lat' dir='ltr'>antici</span> <span class='ocrx_word' id='word_1_194' title='bbox 2595 1511 2780 1582; x_wconf 85' lang='lat' dir='ltr'>pavit,</span> <span class='ocrx_word' id='word_1_195' title='bbox 2794 1513 2851 1565; x_wconf 88' lang='lat' dir='ltr'>et</span> <span class='ocrx_word' id='word_1_196' title='bbox 2872 1522 3060 1580; x_wconf 90' lang='lat' dir='ltr'>usque</span> <span class='ocrx_word' id='word_1_197' title='bbox 3079 1506 3157 1563; x_wconf 91' lang='lat' dir='ltr'>ad</span> <span class='ocrx_word' id='word_1_198' title='bbox 3171 1506 3314 1560; x_wconf 91' lang='lat' dir='ltr'>ﬁnes</span> <span class='ocrx_word' id='word_1_199' title='bbox 3330 1502 3626 1559; x_wconf 83' lang='lat' dir='ltr'>Bethleem</span> 
     </span>
    </p>
   </div>
   <div class='ocr_carea' id='block_1_31' title="bbox 1975 1592 3623 1670">
    <p class='ocr_par' dir='ltr' id='par_1_31' title="bbox 1975 1592 3623 1670">
     <span class='ocr_line' id='line_1_31' title="bbox 1975 1592 3623 1670; baseline -0.006 -14"><span class='ocrx_word' id='word_1_200' title='bbox 1975 1601 2204 1657; x_wconf 70' lang='lat' dir='ltr'>caadem</span> <span class='ocrx_word' id='word_1_201' title='bbox 2267 1599 2546 1665; x_wconf 82' lang='lat' dir='ltr'>extendit,</span> <span class='ocrx_word' id='word_1_202' title='bbox 2600 1603 2662 1655; x_wconf 94' lang='lat' dir='ltr'>ut</span> <span class='ocrx_word' id='word_1_203' title='bbox 2713 1597 2996 1670; x_wconf 85' lang='lat' dir='ltr'>undique,</span> <span class='ocrx_word' id='word_1_204' title='bbox 3053 1596 3208 1667; x_wconf 91' lang='lat' dir='ltr'>quod</span> <span class='ocrx_word' id='word_1_205' title='bbox 3275 1592 3623 1656; x_wconf 77' lang='lat' dir='ltr'>venabatur,</span> 
     </span>
    </p>
   </div>
   <div class='ocr_carea' id='block_1_32' title="bbox 1976 1680 3625 1754">
    <p class='ocr_par' dir='ltr' id='par_1_32' title="bbox 1976 1680 3625 1754">
     <span class='ocr_line' id='line_1_32' title="bbox 1976 1680 3625 1754; baseline -0.005 -10"><span class='ocrx_word' id='word_1_206' title='bbox 1976 1689 2369 1754; x_wconf 85' lang='lat' dir='ltr'>concluderet,</span> <span class='ocrx_word' id='word_1_207' title='bbox 2399 1694 2454 1745; x_wconf 94' lang='lat' dir='ltr'>et</span> <span class='ocrx_word' id='word_1_208' title='bbox 2478 1703 2596 1744; x_wconf 90' lang='lat' dir='ltr'>una</span> <span class='ocrx_word' id='word_1_209' title='bbox 2622 1703 2756 1743; x_wconf 89' lang='lat' dir='ltr'>cum</span> <span class='ocrx_word' id='word_1_210' title='bbox 2779 1686 3222 1743; x_wconf 78' lang='lat' dir='ltr'>interfectorum</span> <span class='ocrx_word' id='word_1_211' title='bbox 3248 1680 3625 1739; x_wconf 90' lang='lat' dir='ltr'>multitudine</span> 
     </span>
    </p>
   </div>
   <div class='ocr_carea' id='block_1_33' title="bbox 1975 1768 3625 1844">
    <p class='ocr_par' dir='ltr' id='par_1_33' title="bbox 1975 1768 3625 1844">
     <span class='ocr_line' id='line_1_33' title="bbox 1975 1768 3625 1844; baseline -0.007 -10"><span class='ocrx_word' id='word_1_212' title='bbox 1975 1779 2155 1834; x_wconf 90' lang='lat' dir='ltr'>etiam</span> <span class='ocrx_word' id='word_1_213' title='bbox 2180 1777 2478 1833; x_wconf 86' lang='lat' dir='ltr'>Christum</span> <span class='ocrx_word' id='word_1_214' title='bbox 2519 1776 2891 1832; x_wconf 88' lang='lat' dir='ltr'>interﬁceret.</span> <span class='ocrx_word' id='word_1_215' title='bbox 2921 1774 3035 1829; x_wconf 87' lang='lat' dir='ltr'>Eos</span> <span class='ocrx_word' id='word_1_216' title='bbox 3063 1787 3225 1841; x_wconf 86' lang='lat' dir='ltr'>ergo,</span> <span class='ocrx_word' id='word_1_217' title='bbox 3272 1771 3378 1844; x_wconf 87' lang='lat' dir='ltr'>qui</span> <span class='ocrx_word' id='word_1_218' title='bbox 3417 1768 3625 1826; x_wconf 85' lang='lat' dir='ltr'>bimuli</span> 
     </span>
    </p>
   </div>
   <div class='ocr_carea' id='block_1_34' title="bbox 267 1858 1862 1943">
    <p class='ocr_par' dir='ltr' id='par_1_34' title="bbox 267 1866 1860 1943">
     <span class='ocr_line' id='line_1_34' title="bbox 267 1866 1860 1943; baseline 0.002 -25"><span class='ocrx_word' id='word_1_219' title='bbox 267 1866 485 1941; x_wconf 85' lang='grc' dir='ltr'>ἀναιρεῖ,</span> <span class='ocrx_word' id='word_1_220' title='bbox 541 1870 622 1920; x_wconf 80' lang='grc' dir='ltr'>ἵνα</span> <span class='ocrx_word' id='word_1_221' title='bbox 651 1871 749 1942; x_wconf 68' lang='grc' dir='ltr'>ἔχη</span> <span class='ocrx_word' id='word_1_222' title='bbox 804 1870 997 1932; x_wconf 88' lang='grc' dir='ltr'>πλάτος</span> <span class='ocrx_word' id='word_1_223' title='bbox 1050 1872 1317 1943; x_wconf 88' lang='grc' dir='ltr'>ὁχρόνος,</span> <span class='ocrx_word' id='word_1_224' title='bbox 1363 1872 1530 1930; x_wconf 87' lang='grc' dir='ltr'>καθὼς</span> <span class='ocrx_word' id='word_1_225' title='bbox 1570 1870 1860 1942; x_wconf 80' lang='grc' dir='ltr'>εἰρήκαμεν·</span> 
     </span>
    </p>
   </div>
   <div class='ocr_carea' id='block_1_35' title="bbox 1975 1858 3622 1943">
    <p class='ocr_par' dir='ltr' id='par_1_35' title="bbox 1976 1858 3622 1935">
     <span class='ocr_line' id='line_1_35' title="bbox 1976 1858 3622 1935; baseline -0.006 -13"><span class='ocrx_word' id='word_1_226' title='bbox 1976 1872 2160 1930; x_wconf 89' lang='lat' dir='ltr'>erant,</span> <span class='ocrx_word' id='word_1_227' title='bbox 2203 1865 2437 1929; x_wconf 87' lang='lat' dir='ltr'>occidit,</span> <span class='ocrx_word' id='word_1_228' title='bbox 2485 1869 2548 1919; x_wconf 92' lang='lat' dir='ltr'>ut</span> <span class='ocrx_word' id='word_1_229' title='bbox 2574 1869 2812 1935; x_wconf 90' lang='lat' dir='ltr'>tempus</span> <span class='ocrx_word' id='word_1_230' title='bbox 2852 1862 3302 1933; x_wconf 90' lang='lat' dir='ltr'>ampliationem</span> <span class='ocrx_word' id='word_1_231' title='bbox 3361 1858 3622 1921; x_wconf 84' lang='lat' dir='ltr'>haberet,</span> 
     </span>
    </p>
   </div>
   <div class='ocr_carea' id='block_1_36' title="bbox 265 1955 1864 2031">
    <p class='ocr_par' dir='ltr' id='par_1_36' title="bbox 265 1955 1864 2031">
     <span class='ocr_line' id='line_1_36' title="bbox 265 1955 1864 2031; baseline 0.001 -25"><span class='ocrx_word' id='word_1_232' title='bbox 265 1960 382 2016; x_wconf 80' lang='grc' dir='ltr'>τοὺς</span> <span class='ocrx_word' id='word_1_233' title='bbox 436 1961 704 2029; x_wconf 83' lang='grc' dir='ltr'>κατωτέρω</span> <span class='ocrx_word' id='word_1_234' title='bbox 765 1955 823 2009; x_wconf 77' lang='grc' dir='ltr'>δὲ</span> <span class='ocrx_word' id='word_1_235' title='bbox 891 1961 1108 2029; x_wconf 79' lang='grc' dir='ltr'>φονεύει,</span> <span class='ocrx_word' id='word_1_236' title='bbox 1175 1961 1305 2010; x_wconf 86' lang='grc' dir='ltr'>κατά</span> <span class='ocrx_word' id='word_1_237' title='bbox 1360 1962 1447 2010; x_wconf 87' lang='grc' dir='ltr'>τόν</span> <span class='ocrx_word' id='word_1_238' title='bbox 1513 1963 1726 2031; x_wconf 86' lang='grc' dir='ltr'>χρόνον,</span> <span class='ocrx_word' id='word_1_239' title='bbox 1812 1959 1864 2009; x_wconf 85' lang='grc' dir='ltr'>ὃν</span> 
     </span>
    </p>
   </div>
   <div class='ocr_carea' id='block_1_37' title="bbox 270 2043 1864 2118">
    <p class='ocr_par' dir='ltr' id='par_1_37' title="bbox 270 2043 1864 2118">
     <span class='ocr_line' id='line_1_37' title="bbox 270 2043 1864 2118; baseline 0.001 -24"><span class='ocrx_word' id='word_1_240' title='bbox 270 2043 532 2118; x_wconf 73' lang='grc' dir='ltr'>ἡκρίϐωσε</span> <span class='ocrx_word' id='word_1_241' title='bbox 583 2047 729 2116; x_wconf 83' lang='grc' dir='ltr'>παρὰ</span> <span class='ocrx_word' id='word_1_242' title='bbox 767 2065 867 2096; x_wconf 89' lang='grc' dir='ltr'>των</span> <span class='ocrx_word' id='word_1_243' title='bbox 914 2047 1134 2114; x_wconf 87' lang='grc' dir='ltr'>Μάγων.</span> <span class='ocrx_word' id='word_1_244' title='bbox 1189 2045 1346 2098; x_wconf 81' lang='grc' dir='ltr'>Ὠστε</span> <span class='ocrx_word' id='word_1_245' title='bbox 1399 2052 1487 2098; x_wconf 85' lang='grc' dir='ltr'>καὶ</span> <span class='ocrx_word' id='word_1_246' title='bbox 1535 2051 1622 2098; x_wconf 83' lang='grc' dir='ltr'>τόν</span> <span class='ocrx_word' id='word_1_247' title='bbox 1652 2051 1864 2118; x_wconf 84' lang='grc' dir='ltr'>χρόνον,</span> 
     </span>
    </p>
   </div>
   <div class='ocr_carea' id='block_1_38' title="bbox 267 2132 1868 2206">
    <p class='ocr_par' dir='ltr' id='par_1_38' title="bbox 267 2132 1868 2206">
     <span class='ocr_line' id='line_1_38' title="bbox 267 2132 1868 2206; baseline 0.002 -23"><span class='ocrx_word' id='word_1_248' title='bbox 267 2133 320 2183; x_wconf 87' lang='grc' dir='ltr'>ὃν</span> <span class='ocrx_word' id='word_1_249' title='bbox 374 2135 529 2203; x_wconf 83' lang='grc' dir='ltr'>ἔμαθε</span> <span class='ocrx_word' id='word_1_250' title='bbox 579 2136 724 2204; x_wconf 85' lang='grc' dir='ltr'>παρά</span> <span class='ocrx_word' id='word_1_251' title='bbox 780 2141 880 2182; x_wconf 86' lang='grc' dir='ltr'>τῶν</span> <span class='ocrx_word' id='word_1_252' title='bbox 936 2134 1152 2202; x_wconf 90' lang='grc' dir='ltr'>Μάγων,</span> <span class='ocrx_word' id='word_1_253' title='bbox 1227 2132 1464 2206; x_wconf 77' lang='grc' dir='ltr'>ἐτήρησε,</span> <span class='ocrx_word' id='word_1_254' title='bbox 1541 2140 1630 2186; x_wconf 88' lang='grc' dir='ltr'>καὶ</span> <span class='ocrx_word' id='word_1_255' title='bbox 1677 2134 1868 2194; x_wconf 79' lang='grc' dir='ltr'>πλάτος</span> 
     </span>
    </p>
   </div>
   <div class='ocr_carea' id='block_1_39' title="bbox 268 2218 1867 2292">
    <p class='ocr_par' dir='ltr' id='par_1_39' title="bbox 268 2218 1867 2292">
     <span class='ocr_line' id='line_1_39' title="bbox 268 2218 1867 2292; baseline 0.002 -21"><span class='ocrx_word' id='word_1_256' title='bbox 268 2220 435 2292; x_wconf 83' lang='grc' dir='ltr'>ἕτερον</span> <span class='ocrx_word' id='word_1_257' title='bbox 497 2219 650 2281; x_wconf 68' lang='grc' dir='ltr'>αὐτὸς</span> <span class='ocrx_word' id='word_1_258' title='bbox 694 2221 1004 2291; x_wconf 81' lang='grc' dir='ltr'>προσέθηκε.</span> <span class='ocrx_word' id='word_1_259' title='bbox 1056 2223 1251 2272; x_wconf 84' lang='grc' dir='ltr'>Λοιπὸν</span> <span class='ocrx_word' id='word_1_260' title='bbox 1308 2218 1394 2272; x_wconf 76' lang='grc' dir='ltr'>οὖν</span> <span class='ocrx_word' id='word_1_261' title='bbox 1446 2225 1525 2286; x_wconf 88' lang='grc' dir='ltr'>τὸ,</span> <span class='ocrx_word' id='word_1_262' title='bbox 1586 2225 1732 2274; x_wconf 77' lang='grc' dir='ltr'>Κατὰ</span> <span class='ocrx_word' id='word_1_263' title='bbox 1782 2226 1867 2274; x_wconf 89' lang='grc' dir='ltr'>τόν</span> 
     </span>
    </p>
   </div>
   <div class='ocr_carea' id='block_1_40' title="bbox 270 2306 1868 2382">
    <p class='ocr_par' dir='ltr' id='par_1_40' title="bbox 270 2306 1868 2382">
     <span class='ocr_line' id='line_1_40' title="bbox 270 2306 1868 2382; baseline 0.003 -25"><span class='ocrx_word' id='word_1_264' title='bbox 270 2311 482 2378; x_wconf 87' lang='grc' dir='ltr'>χρόνον,</span> <span class='ocrx_word' id='word_1_265' title='bbox 557 2309 609 2358; x_wconf 86' lang='grc' dir='ltr'>ὃν</span> <span class='ocrx_word' id='word_1_266' title='bbox 671 2306 934 2380; x_wconf 77' lang='grc' dir='ltr'>ὴκρίϐωσε</span> <span class='ocrx_word' id='word_1_267' title='bbox 982 2310 1123 2381; x_wconf 87' lang='grc' dir='ltr'>παρά</span> <span class='ocrx_word' id='word_1_268' title='bbox 1178 2315 1278 2360; x_wconf 86' lang='grc' dir='ltr'>τῶν</span> <span class='ocrx_word' id='word_1_269' title='bbox 1332 2311 1545 2380; x_wconf 86' lang='grc' dir='ltr'>Μάγων,</span> <span class='ocrx_word' id='word_1_270' title='bbox 1603 2314 1673 2381; x_wconf 79' lang='grc' dir='ltr'>μὴ</span> <span class='ocrx_word' id='word_1_271' title='bbox 1741 2314 1868 2382; x_wconf 82' lang='grc' dir='ltr'>πρὸς</span> 
     </span>
    </p>
   </div>
   <div class='ocr_carea' id='block_1_41' title="bbox 265 2392 1868 2473">
    <p class='ocr_par' dir='ltr' id='par_1_41' title="bbox 265 2392 1868 2473">
     <span class='ocr_line' id='line_1_41' title="bbox 265 2392 1868 2473; baseline 0.004 -28"><span class='ocrx_word' id='word_1_272' title='bbox 265 2398 324 2445; x_wconf 90' lang='grc' dir='ltr'>τὸ</span> <span class='ocrx_word' id='word_1_273' title='bbox 379 2393 479 2446; x_wconf 88' lang='grc' dir='ltr'>ἀπὸ</span> <span class='ocrx_word' id='word_1_274' title='bbox 521 2392 727 2457; x_wconf 79' lang='grc' dir='ltr'>διετοῦς</span> <span class='ocrx_word' id='word_1_275' title='bbox 799 2401 1012 2468; x_wconf 71' lang='grc' dir='ltr'>νοήσῃς,</span> <span class='ocrx_word' id='word_1_276' title='bbox 1094 2394 1220 2448; x_wconf 87' lang='grc' dir='ltr'>ἀλλά</span> <span class='ocrx_word' id='word_1_277' title='bbox 1287 2401 1419 2468; x_wconf 83' lang='grc' dir='ltr'>πρὸς</span> <span class='ocrx_word' id='word_1_278' title='bbox 1486 2401 1544 2449; x_wconf 90' lang='grc' dir='ltr'>τὸ</span> <span class='ocrx_word' id='word_1_279' title='bbox 1602 2403 1868 2473; x_wconf 81' lang='grc' dir='ltr'>κατωτέρω</span> 
     </span>
    </p>
   </div>
   <div class='ocr_carea' id='block_1_42' title="bbox 267 2482 1866 2558">
    <p class='ocr_par' dir='ltr' id='par_1_42' title="bbox 267 2482 1866 2558">
     <span class='ocr_line' id='line_1_42' title="bbox 267 2482 1866 2558; baseline 0.003 -24"><span class='ocrx_word' id='word_1_280' title='bbox 267 2482 536 2544; x_wconf 85' lang='grc' dir='ltr'>σύνταξον.</span> <span class='ocrx_word' id='word_1_281' title='bbox 584 2488 697 2555; x_wconf 81' lang='grc' dir='ltr'>Χρὴ</span> <span class='ocrx_word' id='word_1_282' title='bbox 756 2486 854 2558; x_wconf 83' lang='grc' dir='ltr'>γὰρ</span> <span class='ocrx_word' id='word_1_283' title='bbox 913 2486 1044 2556; x_wconf 83' lang='grc' dir='ltr'>μετὰ</span> <span class='ocrx_word' id='word_1_284' title='bbox 1092 2489 1150 2535; x_wconf 86' lang='grc' dir='ltr'>τὸ</span> <span class='ocrx_word' id='word_1_285' title='bbox 1222 2483 1323 2536; x_wconf 88' lang='grc' dir='ltr'>ἀπὸ</span> <span class='ocrx_word' id='word_1_286' title='bbox 1399 2482 1600 2546; x_wconf 75' lang='grc' dir='ltr'>διετοῦς</span> <span class='ocrx_word' id='word_1_287' title='bbox 1654 2488 1866 2558; x_wconf 80' lang='grc' dir='ltr'>στίζειν,</span> 
     </span>
    </p>
   </div>
   <div class='ocr_carea' id='block_1_43' title="bbox 265 2570 1865 2647">
    <p class='ocr_par' dir='ltr' id='par_1_43' title="bbox 265 2570 1865 2647">
     <span class='ocr_line' id='line_1_43' title="bbox 265 2570 1865 2647; baseline 0.001 -24"><span class='ocrx_word' id='word_1_288' title='bbox 265 2571 376 2623; x_wconf 78' lang='grc' dir='ltr'>εἶτα</span> <span class='ocrx_word' id='word_1_289' title='bbox 416 2574 472 2622; x_wconf 86' lang='grc' dir='ltr'>τὸ</span> <span class='ocrx_word' id='word_1_290' title='bbox 529 2570 647 2634; x_wconf 81' lang='grc' dir='ltr'>ἑξῆς</span> <span class='ocrx_word' id='word_1_291' title='bbox 690 2571 802 2624; x_wconf 86' lang='grc' dir='ltr'>ὂλον</span> <span class='ocrx_word' id='word_1_292' title='bbox 855 2570 1242 2643; x_wconf 84' lang='grc' dir='ltr'>ἀναγινώσκειν.</span> <span class='ocrx_word' id='word_1_293' title='bbox 1291 2573 1351 2625; x_wconf 80' lang='grc' dir='ltr'>Εἰ</span> <span class='ocrx_word' id='word_1_294' title='bbox 1396 2576 1520 2647; x_wconf 81' lang='grc' dir='ltr'>γὰρ,</span> <span class='ocrx_word' id='word_1_295' title='bbox 1573 2576 1641 2636; x_wconf 80' lang='grc' dir='ltr'>ὥς</span> <span class='ocrx_word' id='word_1_296' title='bbox 1689 2595 1865 2647; x_wconf 77' lang='grc' dir='ltr'>φασιν,</span> 
     </span>
    </p>
   </div>
   <div class='ocr_carea' id='block_1_44' title="bbox 265 2657 1863 2737">
    <p class='ocr_par' dir='ltr' id='par_1_44' title="bbox 265 2657 1863 2737">
     <span class='ocr_line' id='line_1_44' title="bbox 265 2657 1863 2737; baseline 0.003 -27"><span class='ocrx_word' id='word_1_297' title='bbox 265 2660 421 2730; x_wconf 80' lang='grc' dir='ltr'>ἔμαθε</span> <span class='ocrx_word' id='word_1_298' title='bbox 471 2663 614 2735; x_wconf 87' lang='grc' dir='ltr'>παρά</span> <span class='ocrx_word' id='word_1_299' title='bbox 661 2667 760 2711; x_wconf 87' lang='grc' dir='ltr'>τῶν</span> <span class='ocrx_word' id='word_1_300' title='bbox 810 2662 1003 2730; x_wconf 88' lang='grc' dir='ltr'>Μάγων</span> <span class='ocrx_word' id='word_1_301' title='bbox 1061 2657 1206 2720; x_wconf 84' lang='grc' dir='ltr'>διετῆ</span> <span class='ocrx_word' id='word_1_302' title='bbox 1266 2661 1604 2735; x_wconf 82' lang='grc' dir='ltr'>πληρωθῆναι</span> <span class='ocrx_word' id='word_1_303' title='bbox 1651 2667 1863 2737; x_wconf 85' lang='grc' dir='ltr'>χρόνον,</span> 
     </span>
    </p>
   </div>
   <div class='ocr_carea' id='block_1_45' title="bbox 269 2746 1114 2823">
    <p class='ocr_par' dir='ltr' id='par_1_45' title="bbox 269 2746 1114 2823">
     <span class='ocr_line' id='line_1_45' title="bbox 269 2746 1114 2823; baseline 0 -23"><span class='ocrx_word' id='word_1_304' title='bbox 269 2747 362 2800; x_wconf 75' lang='grc' dir='ltr'>οὐκ</span> <span class='ocrx_word' id='word_1_305' title='bbox 392 2749 451 2800; x_wconf 81' lang='grc' dir='ltr'>οἷν</span> <span class='ocrx_word' id='word_1_306' title='bbox 479 2746 638 2804; x_wconf 80' lang='grc' dir='ltr'>ἀνεῖλε</span> <span class='ocrx_word' id='word_1_307' title='bbox 659 2752 780 2812; x_wconf 91' lang='grc' dir='ltr'>τούς</span> <span class='ocrx_word' id='word_1_308' title='bbox 818 2753 1114 2823; x_wconf 84' lang='grc' dir='ltr'>κατωτέρω.</span> 
     </span>
    </p>
   </div>
   <div class='ocr_carea' id='block_1_46' title="bbox 340 3007 1857 3083">
    <p class='ocr_par' dir='ltr' id='par_1_46' title="bbox 340 3007 1857 3083">
     <span class='ocr_line' id='line_1_46' title="bbox 340 3007 1857 3083; baseline 0.001 -22"><span class='ocrx_word' id='word_1_309' title='bbox 340 3008 620 3082; x_wconf 84' lang='grc' dir='ltr'>Ἀπορούσι</span> <span class='ocrx_word' id='word_1_310' title='bbox 656 3007 715 3064; x_wconf 76' lang='grc' dir='ltr'>δέ</span> <span class='ocrx_word' id='word_1_311' title='bbox 751 3030 900 3082; x_wconf 88' lang='grc' dir='ltr'>τινες,</span> <span class='ocrx_word' id='word_1_312' title='bbox 944 3007 1112 3072; x_wconf 83' lang='grc' dir='ltr'>διατί,</span> <span class='ocrx_word' id='word_1_313' title='bbox 1161 3017 1254 3062; x_wconf 80' lang='grc' dir='ltr'>τοῦ</span> <span class='ocrx_word' id='word_1_314' title='bbox 1303 3018 1536 3082; x_wconf 80' lang='grc' dir='ltr'>Χριστοῦ</span> <span class='ocrx_word' id='word_1_315' title='bbox 1590 3007 1857 3083; x_wconf 75' lang='grc' dir='ltr'>φυγαδευ-</span> 
     </span>
    </p>
   </div>
   <div class='ocr_carea' id='block_1_47' title="bbox 275 3095 1858 3171">
    <p class='ocr_par' dir='ltr' id='par_1_47' title="bbox 275 3095 1858 3171">
     <span class='ocr_line' id='line_1_47' title="bbox 275 3095 1858 3171; baseline 0.001 -22"><span class='ocrx_word' id='word_1_316' title='bbox 275 3099 460 3162; x_wconf 80' lang='grc' dir='ltr'>θέντος,</span> <span class='ocrx_word' id='word_1_317' title='bbox 509 3101 875 3171; x_wconf 78' lang='grc' dir='ltr'>περιώφθησαν</span> <span class='ocrx_word' id='word_1_318' title='bbox 929 3102 976 3152; x_wconf 86' lang='grc' dir='ltr'>οἱ</span> <span class='ocrx_word' id='word_1_319' title='bbox 1041 3095 1230 3159; x_wconf 77' lang='grc' dir='ltr'>παῖδες</span> <span class='ocrx_word' id='word_1_320' title='bbox 1286 3096 1483 3160; x_wconf 69' lang='grc' dir='ltr'>ἀδίκως</span> <span class='ocrx_word' id='word_1_321' title='bbox 1541 3099 1650 3151; x_wconf 85' lang='grc' dir='ltr'>ἀντ’</span> <span class='ocrx_word' id='word_1_322' title='bbox 1699 3101 1858 3152; x_wconf 71' lang='grc' dir='ltr'>αὑτοῦ</span> 
     </span>
    </p>
   </div>
   <div class='ocr_carea' id='block_1_48' title="bbox 267 3187 1859 3262">
    <p class='ocr_par' dir='ltr' id='par_1_48' title="bbox 267 3187 1859 3262">
     <span class='ocr_line' id='line_1_48' title="bbox 267 3187 1859 3262; baseline 0.001 -25"><span class='ocrx_word' id='word_1_323' title='bbox 267 3192 763 3260; x_wconf 70' lang='grc' dir='ltr'>κατασφαττόριενοι.</span> <span class='ocrx_word' id='word_1_324' title='bbox 833 3191 967 3262; x_wconf 83' lang='grc' dir='ltr'>Πρὸς</span> <span class='ocrx_word' id='word_1_325' title='bbox 1043 3187 1126 3248; x_wconf 83' lang='grc' dir='ltr'>ούς</span> <span class='ocrx_word' id='word_1_326' title='bbox 1193 3187 1425 3261; x_wconf 80' lang='grc' dir='ltr'>λέγομεν,</span> <span class='ocrx_word' id='word_1_327' title='bbox 1510 3188 1590 3241; x_wconf 85' lang='grc' dir='ltr'>ὃτι</span> <span class='ocrx_word' id='word_1_328' title='bbox 1683 3188 1859 3241; x_wconf 88' lang='grc' dir='ltr'>πολλοί</span> 
     </span>
    </p>
   </div>
   <div class='ocr_carea' id='block_1_49' title="bbox 266 3272 1857 3350">
    <p class='ocr_par' dir='ltr' id='par_1_49' title="bbox 266 3272 1857 3350">
     <span class='ocr_line' id='line_1_49' title="bbox 266 3272 1857 3350; baseline 0.001 -22"><span class='ocrx_word' id='word_1_329' title='bbox 266 3278 356 3346; x_wconf 66' lang='grc' dir='ltr'>μὲν</span> <span class='ocrx_word' id='word_1_330' title='bbox 388 3278 436 3327; x_wconf 83' lang='grc' dir='ltr'>οἱ</span> <span class='ocrx_word' id='word_1_331' title='bbox 464 3272 785 3345; x_wconf 75' lang='grc' dir='ltr'>ἀδικοῦντες,</span> <span class='ocrx_word' id='word_1_332' title='bbox 817 3274 990 3336; x_wconf 70' lang='grc' dir='ltr'>οὐδεὶς</span> <span class='ocrx_word' id='word_1_333' title='bbox 1040 3273 1098 3328; x_wconf 77' lang='grc' dir='ltr'>δε</span> <span class='ocrx_word' id='word_1_334' title='bbox 1129 3278 1154 3327; x_wconf 89' lang='grc' dir='ltr'>ό</span> <span class='ocrx_word' id='word_1_335' title='bbox 1212 3273 1570 3350; x_wconf 63' lang='grc' dir='ltr'>ἀδικούμενος</span> <span class='ocrx_word' id='word_1_336' title='bbox 1617 3284 1717 3337; x_wconf 81' lang='grc' dir='ltr'>Πᾶς</span> <span class='ocrx_word' id='word_1_337' title='bbox 1759 3281 1857 3350; x_wconf 74' lang='grc' dir='ltr'>γὰρ</span> 
     </span>
    </p>
   </div>
   <div class='ocr_carea' id='block_1_50' title="bbox 267 3361 1858 3438">
    <p class='ocr_par' dir='ltr' id='par_1_50' title="bbox 267 3361 1858 3438">
     <span class='ocr_line' id='line_1_50' title="bbox 267 3361 1858 3438; baseline 0 -22"><span class='ocrx_word' id='word_1_338' title='bbox 267 3362 574 3416; x_wconf 82' lang='grc' dir='ltr'>ἀδικεῖσθαι</span> <span class='ocrx_word' id='word_1_339' title='bbox 622 3361 810 3429; x_wconf 80' lang='grc' dir='ltr'>δοκῶν,</span> <span class='ocrx_word' id='word_1_340' title='bbox 842 3365 871 3422; x_wconf 79' lang='grc' dir='ltr'>ἢ</span> <span class='ocrx_word' id='word_1_341' title='bbox 922 3361 1017 3416; x_wconf 75' lang='grc' dir='ltr'>διὰ</span> <span class='ocrx_word' id='word_1_342' title='bbox 1060 3363 1209 3416; x_wconf 84' lang='grc' dir='ltr'>λύσιν</span> <span class='ocrx_word' id='word_1_343' title='bbox 1241 3369 1437 3417; x_wconf 81' lang='grc' dir='ltr'>οἰκείων</span> <span class='ocrx_word' id='word_1_344' title='bbox 1474 3365 1858 3438; x_wconf 72' lang='grc' dir='ltr'>ἁμαρτημάτων</span> 
     </span>
    </p>
   </div>
   <div class='ocr_carea' id='block_1_51' title="bbox 266 3449 1858 3528">
    <p class='ocr_par' dir='ltr' id='par_1_51' title="bbox 266 3449 1858 3528">
     <span class='ocr_line' id='line_1_51' title="bbox 266 3449 1858 3528; baseline 0.002 -24"><span class='ocrx_word' id='word_1_345' title='bbox 266 3455 473 3522; x_wconf 85' lang='grc' dir='ltr'>πάσχει</span> <span class='ocrx_word' id='word_1_346' title='bbox 515 3460 707 3516; x_wconf 87' lang='grc' dir='ltr'>κακῶς,</span> <span class='ocrx_word' id='word_1_347' title='bbox 758 3457 846 3503; x_wconf 83' lang='grc' dir='ltr'>καὶ</span> <span class='ocrx_word' id='word_1_348' title='bbox 897 3453 989 3504; x_wconf 78' lang='grc' dir='ltr'>οὐκ</span> <span class='ocrx_word' id='word_1_349' title='bbox 1040 3449 1318 3520; x_wconf 79' lang='grc' dir='ltr'>ἀδικεῖται,</span> <span class='ocrx_word' id='word_1_350' title='bbox 1371 3454 1414 3506; x_wconf 80' lang='grc' dir='ltr'>εἰ</span> <span class='ocrx_word' id='word_1_351' title='bbox 1468 3459 1536 3527; x_wconf 77' lang='grc' dir='ltr'>μὴ</span> <span class='ocrx_word' id='word_1_352' title='bbox 1589 3460 1678 3507; x_wconf 81' lang='grc' dir='ltr'>καὶ</span> <span class='ocrx_word' id='word_1_353' title='bbox 1727 3455 1858 3528; x_wconf 80' lang='grc' dir='ltr'>μᾶλ-</span> 
     </span>
    </p>
   </div>
   <div class='ocr_carea' id='block_1_52' title="bbox 264 3538 1860 3614">
    <p class='ocr_par' dir='ltr' id='par_1_52' title="bbox 264 3538 1860 3614">
     <span class='ocr_line' id='line_1_52' title="bbox 264 3538 1860 3614; baseline 0.003 -23"><span class='ocrx_word' id='word_1_354' title='bbox 264 3541 353 3592; x_wconf 88' lang='grc' dir='ltr'>λον</span> <span class='ocrx_word' id='word_1_355' title='bbox 417 3539 775 3612; x_wconf 81' lang='grc' dir='ltr'>εύεργετεῖται·</span> <span class='ocrx_word' id='word_1_356' title='bbox 850 3544 880 3598; x_wconf 83' lang='grc' dir='ltr'><strong>ἤ</strong></span> <span class='ocrx_word' id='word_1_357' title='bbox 959 3538 1034 3593; x_wconf 84' lang='grc' dir='ltr'>δι’</span> <span class='ocrx_word' id='word_1_358' title='bbox 1105 3539 1339 3614; x_wconf 76' lang='grc' dir='ltr'>ἀφορμὴν</span> <span class='ocrx_word' id='word_1_359' title='bbox 1422 3545 1699 3614; x_wconf 79' lang='grc' dir='ltr'>στεφάνων,</span> <span class='ocrx_word' id='word_1_360' title='bbox 1773 3548 1860 3596; x_wconf 79' lang='grc' dir='ltr'>καὶ</span> 
     </span>
    </p>
   </div>
   <div class='ocr_carea' id='block_1_53' title="bbox 266 3628 1860 3705">
    <p class='ocr_par' dir='ltr' id='par_1_53' title="bbox 266 3628 1860 3705">
     <span class='ocr_line' id='line_1_53' title="bbox 266 3628 1860 3705; baseline 0.002 -24"><span class='ocrx_word' id='word_1_361' title='bbox 266 3631 458 3702; x_wconf 82' lang='grc' dir='ltr'>ὁμοίως</span> <span class='ocrx_word' id='word_1_362' title='bbox 513 3628 861 3700; x_wconf 76' lang='grc' dir='ltr'>εύεργετείται,</span> <span class='ocrx_word' id='word_1_363' title='bbox 939 3636 1264 3705; x_wconf 84' lang='grc' dir='ltr'>προσκαίρου</span> <span class='ocrx_word' id='word_1_364' title='bbox 1323 3634 1672 3694; x_wconf 79' lang='grc' dir='ltr'>κακοπαθείας</span> <span class='ocrx_word' id='word_1_365' title='bbox 1735 3633 1860 3684; x_wconf 84' lang='grc' dir='ltr'>αἰω-</span> 
     </span>
    </p>
   </div>
   <div class='ocr_carea' id='block_1_54' title="bbox 263 3715 1858 3793">
    <p class='ocr_par' dir='ltr' id='par_1_54' title="bbox 263 3715 1858 3793">
     <span class='ocr_line' id='line_1_54' title="bbox 263 3715 1858 3793; baseline 0.002 -25"><span class='ocrx_word' id='word_1_366' title='bbox 263 3721 376 3769; x_wconf 91' lang='grc' dir='ltr'>νίαν</span> <span class='ocrx_word' id='word_1_367' title='bbox 426 3715 719 3769; x_wconf 82' lang='grc' dir='ltr'>ἀνάπαυσιν</span> <span class='ocrx_word' id='word_1_368' title='bbox 764 3716 1234 3791; x_wconf 81' lang='grc' dir='ltr'>ἀντικομιζόμενος.</span> <span class='ocrx_word' id='word_1_369' title='bbox 1293 3725 1390 3773; x_wconf 81' lang='grc' dir='ltr'>Καὶ</span> <span class='ocrx_word' id='word_1_370' title='bbox 1453 3722 1477 3772; x_wconf 90' lang='lat'>0</span> <span class='ocrx_word' id='word_1_371' title='bbox 1522 3723 1612 3793; x_wconf 74' lang='grc' dir='ltr'>μὲν</span> <span class='ocrx_word' id='word_1_372' title='bbox 1662 3717 1858 3773; x_wconf 77' lang='grc' dir='ltr'>ἀδικῶν</span> 
     </span>
    </p>
   </div>
   <div class='ocr_carea' id='block_1_55' title="bbox 1716 3811 1857 3862">
    <p class='ocr_par' dir='ltr' id='par_1_55' title="bbox 1716 3811 1857 3862">
     <span class='ocr_line' id='line_1_55' title="bbox 1716 3811 1857 3862; baseline 0 0"><span class='ocrx_word' id='word_1_373' title='bbox 1716 3811 1857 3862; x_wconf 83' lang='grc' dir='ltr'>Ἐπεὶ</span> 
     </span>
    </p>
   </div>
   <div class='ocr_carea' id='block_1_56' title="bbox 263 3890 1858 3972">
    <p class='ocr_par' dir='ltr' id='par_1_56' title="bbox 263 3890 1858 3972">
     <span class='ocr_line' id='line_1_56' title="bbox 263 3890 1858 3972; baseline 0.004 -27"><span class='ocrx_word' id='word_1_374' title='bbox 263 3899 432 3946; x_wconf 90' lang='grc' dir='ltr'>τοίνυν</span> <span class='ocrx_word' id='word_1_375' title='bbox 458 3896 505 3947; x_wconf 81' lang='grc' dir='ltr'>οὶ</span> <span class='ocrx_word' id='word_1_376' title='bbox 551 3890 739 3955; x_wconf 76' lang='grc' dir='ltr'>παῖδες</span> <span class='ocrx_word' id='word_1_377' title='bbox 784 3896 927 3948; x_wconf 75' lang='grc' dir='ltr'>οὗτοι</span> <span class='ocrx_word' id='word_1_378' title='bbox 973 3892 1066 3948; x_wconf 78' lang='grc' dir='ltr'>διὰ</span> <span class='ocrx_word' id='word_1_379' title='bbox 1109 3896 1257 3948; x_wconf 81' lang='grc' dir='ltr'>λύσιν</span> <span class='ocrx_word' id='word_1_380' title='bbox 1305 3897 1502 3950; x_wconf 84' lang='grc' dir='ltr'>οἰκείων</span> <span class='ocrx_word' id='word_1_381' title='bbox 1543 3899 1858 3972; x_wconf 80' lang='grc' dir='ltr'>ἁμαρτημά-</span> 
     </span>
    </p>
   </div>
   <div class='ocr_carea' id='block_1_57' title="bbox 237 3981 1858 4068">
    <p class='ocr_par' dir='ltr' id='par_1_57' title="bbox 237 3981 1858 4068">
     <span class='ocr_line' id='line_1_57' title="bbox 237 3981 1858 4068; baseline 0.003 -33"><span class='ocrx_word' id='word_1_382' title='bbox 237 4002 362 4068; x_wconf 23' lang='grc' dir='ltr'>,των</span> <span class='ocrx_word' id='word_1_383' title='bbox 405 3983 498 4035; x_wconf 77' lang='grc' dir='ltr'>οὐκ</span> <span class='ocrx_word' id='word_1_384' title='bbox 548 3982 894 4058; x_wconf 79' lang='grc' dir='ltr'>ἀνῃρέθησαν,</span> <span class='ocrx_word' id='word_1_385' title='bbox 928 3981 1211 4060; x_wconf 78' lang='grc' dir='ltr'>πρόδηλον,</span> <span class='ocrx_word' id='word_1_386' title='bbox 1246 3987 1322 4039; x_wconf 88' lang='grc' dir='ltr'>ὅτι</span> <span class='ocrx_word' id='word_1_387' title='bbox 1372 3983 1444 4039; x_wconf 77' lang='grc' dir='ltr'>δι’</span> <span class='ocrx_word' id='word_1_388' title='bbox 1477 3986 1712 4060; x_wconf 74' lang='grc' dir='ltr'>ἀφορμὴν</span> <span class='ocrx_word' id='word_1_389' title='bbox 1748 4007 1858 4040; x_wconf 88' lang='grc' dir='ltr'>στε-</span> 
     </span>
    </p>
   </div>
   <div class='ocr_carea' id='block_1_58' title="bbox 264 4072 1857 4143">
    <p class='ocr_par' dir='ltr' id='par_1_58' title="bbox 264 4072 1857 4143">
     <span class='ocr_line' id='line_1_58' title="bbox 264 4072 1857 4143; baseline 0.004 -22"><span class='ocrx_word' id='word_1_390' title='bbox 264 4072 428 4143; x_wconf 74' lang='grc' dir='ltr'>φάνων</span> <span class='ocrx_word' id='word_1_391' title='bbox 466 4074 775 4142; x_wconf 86' lang='grc' dir='ltr'>πεπόνθασι,</span> <span class='ocrx_word' id='word_1_392' title='bbox 807 4077 897 4125; x_wconf 86' lang='grc' dir='ltr'>καὶ</span> <span class='ocrx_word' id='word_1_393' title='bbox 951 4073 1044 4125; x_wconf 72' lang='grc' dir='ltr'>οὐκ</span> <span class='ocrx_word' id='word_1_394' title='bbox 1095 4072 1452 4134; x_wconf 80' lang='grc' dir='ltr'>ἠδικήθησαν.</span> <span class='ocrx_word' id='word_1_395' title='bbox 1492 4075 1642 4138; x_wconf 81' lang='grc' dir='ltr'>Ἴσως</span> <span class='ocrx_word' id='word_1_396' title='bbox 1685 4073 1857 4129; x_wconf 76' lang='grc' dir='ltr'>δὲκαὶ</span> 
     </span>
    </p>
   </div>
   <div class='ocr_carea' id='block_1_59' title="bbox 266 4157 1856 4239">
    <p class='ocr_par' dir='ltr' id='par_1_59' title="bbox 266 4157 1856 4239">
     <span class='ocr_line' id='line_1_59' title="bbox 266 4157 1856 4239; baseline 0.004 -28"><span class='ocrx_word' id='word_1_397' title='bbox 266 4157 380 4212; x_wconf 73' lang='grc' dir='ltr'>οὐδ’</span> <span class='ocrx_word' id='word_1_398' title='bbox 429 4160 628 4232; x_wconf 77' lang='grc' dir='ltr'>ἔμελλον</span> <span class='ocrx_word' id='word_1_399' title='bbox 668 4159 924 4219; x_wconf 81' lang='grc' dir='ltr'>ἀποϐῆναι</span> <span class='ocrx_word' id='word_1_400' title='bbox 971 4168 1232 4238; x_wconf 88' lang='grc' dir='ltr'>χρηστοί.</span> <span class='ocrx_word' id='word_1_401' title='bbox 1295 4164 1354 4217; x_wconf 82' lang='grc' dir='ltr'>Εἰ</span> <span class='ocrx_word' id='word_1_402' title='bbox 1381 4166 1481 4238; x_wconf 80' lang='grc' dir='ltr'>γὰρ</span> <span class='ocrx_word' id='word_1_403' title='bbox 1531 4169 1651 4228; x_wconf 85' lang='grc' dir='ltr'>τούς</span> <span class='ocrx_word' id='word_1_404' title='bbox 1682 4165 1856 4239; x_wconf 78' lang='grc' dir='ltr'>ἀμαρ-</span> 
     </span>
    </p>
   </div>
   <div class='ocr_carea' id='block_1_60' title="bbox 261 4249 1857 4317">
    <p class='ocr_par' dir='ltr' id='par_1_60' title="bbox 261 4249 1857 4317">
     <span class='ocr_line' id='line_1_60' title="bbox 261 4249 1857 4317; baseline 0.005 -19"><span class='ocrx_word' id='word_1_405' title='bbox 261 4249 505 4311; x_wconf 86' lang='grc' dir='ltr'>τάνοντας</span> <span class='ocrx_word' id='word_1_406' title='bbox 556 4249 651 4300; x_wconf 77' lang='grc' dir='ltr'>οὐκ</span> <span class='ocrx_word' id='word_1_407' title='bbox 705 4249 936 4303; x_wconf 85' lang='grc' dir='ltr'>ἐκκόπτει</span> <span class='ocrx_word' id='word_1_408' title='bbox 1003 4251 1249 4313; x_wconf 89' lang='grc' dir='ltr'>πολλάκις</span> <span class='ocrx_word' id='word_1_409' title='bbox 1309 4251 1408 4305; x_wconf 86' lang='grc' dir='ltr'>ἀπὸ</span> <span class='ocrx_word' id='word_1_410' title='bbox 1465 4261 1553 4314; x_wconf 86' lang='grc' dir='ltr'>τῆς</span> <span class='ocrx_word' id='word_1_411' title='bbox 1616 4258 1753 4317; x_wconf 87' lang='grc' dir='ltr'>ζωῆς</span> <span class='ocrx_word' id='word_1_412' title='bbox 1832 4257 1857 4306; x_wconf 89' lang='lat'>0</span> 
     </span>
    </p>
   </div>
   <div class='ocr_carea' id='block_1_61' title="bbox 263 4339 1856 4414">
    <p class='ocr_par' dir='ltr' id='par_1_61' title="bbox 263 4339 1856 4414">
     <span class='ocr_line' id='line_1_61' title="bbox 263 4339 1856 4414; baseline 0.003 -24"><span class='ocrx_word' id='word_1_413' title='bbox 263 4339 407 4401; x_wconf 84' lang='grc' dir='ltr'>Θεὸς,</span> <span class='ocrx_word' id='word_1_414' title='bbox 490 4340 746 4409; x_wconf 81' lang='grc' dir='ltr'>ἀναμένων</span> <span class='ocrx_word' id='word_1_415' title='bbox 826 4344 919 4397; x_wconf 81' lang='grc' dir='ltr'>τὴν</span> <span class='ocrx_word' id='word_1_416' title='bbox 1024 4339 1337 4414; x_wconf 78' lang='grc' dir='ltr'>ἐπίστροφην</span> <span class='ocrx_word' id='word_1_417' title='bbox 1421 4343 1610 4410; x_wconf 76' lang='grc' dir='ltr'>αὐτῶν,</span> <span class='ocrx_word' id='word_1_418' title='bbox 1688 4342 1856 4414; x_wconf 83' lang='grc' dir='ltr'>πολλῷ</span> 
     </span>
    </p>
   </div>
   <div class='ocr_carea' id='block_1_62' title="bbox 262 4424 1857 4502">
    <p class='ocr_par' dir='ltr' id='par_1_62' title="bbox 262 4424 1857 4502">
     <span class='ocr_line' id='line_1_62' title="bbox 262 4424 1857 4502; baseline 0.006 -27"><span class='ocrx_word' id='word_1_419' title='bbox 262 4424 452 4497; x_wconf 75' lang='grc' dir='ltr'>μᾶλλον</span> <span class='ocrx_word' id='word_1_420' title='bbox 498 4425 592 4478; x_wconf 82' lang='grc' dir='ltr'>ούκ</span> <span class='ocrx_word' id='word_1_421' title='bbox 634 4424 694 4477; x_wconf 80' lang='grc' dir='ltr'>ἂν</span> <span class='ocrx_word' id='word_1_422' title='bbox 741 4426 1085 4500; x_wconf 81' lang='grc' dir='ltr'>ἐριζοτόμησε</span> <span class='ocrx_word' id='word_1_423' title='bbox 1145 4432 1266 4489; x_wconf 84' lang='grc' dir='ltr'>τούς</span> <span class='ocrx_word' id='word_1_424' title='bbox 1325 4429 1595 4502; x_wconf 83' lang='grc' dir='ltr'>μέλλοντας</span> <span class='ocrx_word' id='word_1_425' title='bbox 1645 4434 1857 4484; x_wconf 84' lang='grc' dir='ltr'>ἔσεσθαι</span> 
     </span>
    </p>
   </div>
   <div class='ocr_carea' id='block_1_63' title="bbox 263 4513 1858 4590">
    <p class='ocr_par' dir='ltr' id='par_1_63' title="bbox 263 4513 1858 4590">
     <span class='ocr_line' id='line_1_63' title="bbox 263 4513 1858 4590; baseline 0.004 -26"><span class='ocrx_word' id='word_1_426' title='bbox 263 4513 518 4586; x_wconf 77' lang='grc' dir='ltr'>μεγάλους</span> <span class='ocrx_word' id='word_1_427' title='bbox 548 4514 620 4574; x_wconf 85' lang='grc' dir='ltr'>εἰς</span> <span class='ocrx_word' id='word_1_428' title='bbox 667 4513 875 4590; x_wconf 82' lang='grc' dir='ltr'>ἀρετὴν,</span> <span class='ocrx_word' id='word_1_429' title='bbox 917 4517 1027 4568; x_wconf 84' lang='grc' dir='ltr'>Ούκ</span> <span class='ocrx_word' id='word_1_430' title='bbox 1076 4523 1145 4578; x_wconf 86' lang='grc' dir='ltr'>είς</span> <span class='ocrx_word' id='word_1_431' title='bbox 1180 4521 1384 4590; x_wconf 83' lang='grc' dir='ltr'>μακρὰν</span> <span class='ocrx_word' id='word_1_432' title='bbox 1437 4515 1612 4572; x_wconf 77' lang='grc' dir='ltr'>δὲκαὶ</span> <span class='ocrx_word' id='word_1_433' title='bbox 1663 4522 1688 4572; x_wconf 94' lang='lat'>0</span> <span class='ocrx_word' id='word_1_434' title='bbox 1741 4541 1858 4574; x_wconf 89' lang='grc' dir='ltr'>παι-</span> 
     </span>
    </p>
   </div>
   <div class='ocr_carea' id='block_1_64' title="bbox 265 3802 1636 3880">
    <p class='ocr_par' dir='ltr' id='par_1_64' title="bbox 265 3802 1636 3880">
     <span class='ocr_line' id='line_1_64' title="bbox 265 3802 1636 3880; baseline 0.006 -24"><span class='ocrx_word' id='word_1_435' title='bbox 265 3802 459 3858; x_wconf 76' lang='grc' dir='ltr'>ἀδικεί·</span> <span class='ocrx_word' id='word_1_436' title='bbox 512 3807 537 3857; x_wconf 88' lang='grc' dir='ltr'><strong><em>ὁ</em></strong></span> <span class='ocrx_word' id='word_1_437' title='bbox 589 3802 648 3858; x_wconf 83' lang='grc' dir='ltr'>δε</span> <span class='ocrx_word' id='word_1_438' title='bbox 699 3814 868 3867; x_wconf 85' lang='grc' dir='ltr'>κακῶς</span> <span class='ocrx_word' id='word_1_439' title='bbox 920 3810 1146 3880; x_wconf 87' lang='grc' dir='ltr'>πάσχων</span> <span class='ocrx_word' id='word_1_440' title='bbox 1198 3807 1291 3860; x_wconf 86' lang='grc' dir='ltr'>ούκ</span> <span class='ocrx_word' id='word_1_441' title='bbox 1349 3805 1636 3866; x_wconf 77' lang='grc' dir='ltr'>ἀδικεῖται.</span> 
     </span>
    </p>
   </div>
   <div class='ocr_carea' id='block_1_65' title="bbox 490 4338 1610 4415">
    <p class='ocr_par' dir='ltr' id='par_1_65' title="bbox 490 4338 1610 4415">
     <span class='ocr_line' id='line_1_65' title="bbox 490 4338 1610 4415; baseline 0.004 -27"><span class='ocrx_word' id='word_1_442' title='bbox 490 4340 746 4409; x_wconf 81' lang='grc' dir='ltr'>ἀναμένων</span> <span class='ocrx_word' id='word_1_443' title='bbox 826 4344 919 4397; x_wconf 81' lang='grc' dir='ltr'>τὴν</span> <span class='ocrx_word' id='word_1_444' title='bbox 1024 4338 1337 4415; x_wconf 78' lang='grc' dir='ltr'>ἐπίστροφην</span> <span class='ocrx_word' id='word_1_445' title='bbox 1421 4343 1610 4410; x_wconf 76' lang='grc' dir='ltr'>αὐτῶν,</span> 
     </span>
    </p>
   </div>
   <div class='ocr_carea' id='block_1_66' title="bbox 1976 1949 3628 2027">
    <p class='ocr_par' dir='ltr' id='par_1_66' title="bbox 1976 1949 3628 2027">
     <span class='ocr_line' id='line_1_66' title="bbox 1976 1949 3628 2027; baseline -0.005 -17"><span class='ocrx_word' id='word_1_446' title='bbox 1976 1955 2126 2010; x_wconf 90' lang='lat' dir='ltr'>sicut</span> <span class='ocrx_word' id='word_1_447' title='bbox 2149 1953 2530 2027; x_wconf 75' lang='lat' dir='ltr'>praediximus</span> <span class='ocrx_word' id='word_1_448' title='bbox 2561 1969 2574 2017; x_wconf 91' lang='lat'>;</span> <span class='ocrx_word' id='word_1_449' title='bbox 2609 1952 2740 2007; x_wconf 91' lang='lat' dir='ltr'>illos</span> <span class='ocrx_word' id='word_1_450' title='bbox 2779 1967 2934 2017; x_wconf 83' lang='lat' dir='ltr'>vero,</span> <span class='ocrx_word' id='word_1_451' title='bbox 2983 1950 3088 2022; x_wconf 90' lang='lat' dir='ltr'>qui</span> <span class='ocrx_word' id='word_1_452' title='bbox 3157 1949 3404 2005; x_wconf 90' lang='lat' dir='ltr'>minoris</span> <span class='ocrx_word' id='word_1_453' title='bbox 3458 1949 3628 2002; x_wconf 88' lang='lat' dir='ltr'>erant</span> 
     </span>
    </p>
   </div>
   <div class='ocr_carea' id='block_1_67' title="bbox 1975 2036 3622 2114">
    <p class='ocr_par' dir='ltr' id='par_1_67' title="bbox 1975 2036 3622 2114">
     <span class='ocr_line' id='line_1_67' title="bbox 1975 2036 3622 2114; baseline -0.005 -15"><span class='ocrx_word' id='word_1_454' title='bbox 1975 2044 2184 2109; x_wconf 66' lang='lat' dir='ltr'>aetatis,</span> <span class='ocrx_word' id='word_1_455' title='bbox 2205 2043 2534 2098; x_wconf 87' lang='lat' dir='ltr'>secundum</span> <span class='ocrx_word' id='word_1_456' title='bbox 2554 2046 2788 2114; x_wconf 88' lang='lat' dir='ltr'>tempus</span> <span class='ocrx_word' id='word_1_457' title='bbox 2806 2041 2969 2113; x_wconf 90' lang='lat' dir='ltr'>quod</span> <span class='ocrx_word' id='word_1_458' title='bbox 2985 2039 3345 2112; x_wconf 83' lang='lat' dir='ltr'>exquisierat</span> <span class='ocrx_word' id='word_1_459' title='bbox 3366 2054 3398 2091; x_wconf 84' lang='grc' dir='ltr'>ιι</span> <span class='ocrx_word' id='word_1_460' title='bbox 3425 2036 3622 2104; x_wconf 81' lang='lat' dir='ltr'>Magis.</span> 
     </span>
    </p>
   </div>
   <div class='ocr_carea' id='block_1_68' title="bbox 1975 2125 3620 2204">
    <p class='ocr_par' dir='ltr' id='par_1_68' title="bbox 1975 2125 3620 2204">
     <span class='ocr_line' id='line_1_68' title="bbox 1975 2125 3620 2204; baseline -0.007 -15"><span class='ocrx_word' id='word_1_461' title='bbox 1975 2135 2176 2204; x_wconf 86' lang='lat' dir='ltr'>Itaque</span> <span class='ocrx_word' id='word_1_462' title='bbox 2197 2138 2522 2203; x_wconf 90' lang='lat' dir='ltr'>ettempus,</span> <span class='ocrx_word' id='word_1_463' title='bbox 2547 2131 2760 2203; x_wconf 90' lang='lat' dir='ltr'>quoda</span> <span class='ocrx_word' id='word_1_464' title='bbox 2783 2130 2966 2198; x_wconf 84' lang='lat' dir='ltr'>Magis</span> <span class='ocrx_word' id='word_1_465' title='bbox 2989 2130 3207 2194; x_wconf 90' lang='lat' dir='ltr'>didicit,</span> <span class='ocrx_word' id='word_1_466' title='bbox 3252 2125 3620 2183; x_wconf 86' lang='lat' dir='ltr'>observavit:</span> 
     </span>
    </p>
   </div>
   <div class='ocr_carea' id='block_1_69' title="bbox 1976 2214 3626 2290">
    <p class='ocr_par' dir='ltr' id='par_1_69' title="bbox 1976 2214 3626 2290">
     <span class='ocr_line' id='line_1_69' title="bbox 1976 2214 3626 2290; baseline -0.007 -12"><span class='ocrx_word' id='word_1_467' title='bbox 1976 2226 2034 2279; x_wconf 90' lang='lat' dir='ltr'>et</span> <span class='ocrx_word' id='word_1_468' title='bbox 2073 2221 2446 2278; x_wconf 80' lang='lat' dir='ltr'>latitudinem</span> <span class='ocrx_word' id='word_1_469' title='bbox 2483 2221 2731 2277; x_wconf 87' lang='lat' dir='ltr'>alteram</span> <span class='ocrx_word' id='word_1_470' title='bbox 2766 2220 2892 2290; x_wconf 90' lang='lat' dir='ltr'>ipse</span> <span class='ocrx_word' id='word_1_471' title='bbox 2926 2219 3158 2289; x_wconf 89' lang='lat' dir='ltr'>adjecit.</span> <span class='ocrx_word' id='word_1_472' title='bbox 3201 2219 3402 2272; x_wconf 82' lang='lat' dir='ltr'>Restat</span> <span class='ocrx_word' id='word_1_473' title='bbox 3427 2214 3626 2285; x_wconf 80' lang='lat' dir='ltr'>igitur,</span> 
     </span>
    </p>
   </div>
   <div class='ocr_carea' id='block_1_70' title="bbox 1978 2304 3628 2377">
    <p class='ocr_par' dir='ltr' id='par_1_70' title="bbox 1978 2304 3628 2377">
     <span class='ocr_line' id='line_1_70' title="bbox 1978 2304 3628 2377; baseline -0.006 -10"><span class='ocrx_word' id='word_1_474' title='bbox 1978 2316 2043 2367; x_wconf 90' lang='lat' dir='ltr'>ut</span> <span class='ocrx_word' id='word_1_475' title='bbox 2072 2310 2256 2366; x_wconf 84' lang='lat' dir='ltr'>verba</span> <span class='ocrx_word' id='word_1_476' title='bbox 2277 2308 2405 2365; x_wconf 85' lang='lat' dir='ltr'>illa:</span> <span class='ocrx_word' id='word_1_477' title='bbox 2431 2309 2772 2365; x_wconf 83' lang='lat' dir='ltr'>Secundum</span> <span class='ocrx_word' id='word_1_478' title='bbox 2795 2311 3039 2377; x_wconf 84' lang='lat' dir='ltr'>tempus,</span> <span class='ocrx_word' id='word_1_479' title='bbox 3055 2306 3209 2377; x_wconf 81' lang='lat' dir='ltr'>quod</span> <span class='ocrx_word' id='word_1_480' title='bbox 3223 2304 3576 2376; x_wconf 80' lang='lat' dir='ltr'>exquisierat</span> <span class='ocrx_word' id='word_1_481' title='bbox 3591 2316 3628 2357; x_wconf 89' lang='lat' dir='ltr'>a</span> 
     </span>
    </p>
   </div>
   <div class='ocr_carea' id='block_1_71' title="bbox 1976 2391 3625 2470">
    <p class='ocr_par' dir='ltr' id='par_1_71' title="bbox 1976 2391 3625 2470">
     <span class='ocr_line' id='line_1_71' title="bbox 1976 2391 3625 2470; baseline -0.007 -14"><span class='ocrx_word' id='word_1_482' title='bbox 1976 2399 2188 2470; x_wconf 80' lang='lat' dir='ltr'>Magis,</span> <span class='ocrx_word' id='word_1_483' title='bbox 2213 2413 2336 2455; x_wconf 93' lang='lat' dir='ltr'>non</span> <span class='ocrx_word' id='word_1_484' title='bbox 2353 2397 2412 2453; x_wconf 91' lang='lat' dir='ltr'>in</span> <span class='ocrx_word' id='word_1_485' title='bbox 2431 2413 2522 2462; x_wconf 90' lang='lat' dir='ltr'>eo,</span> <span class='ocrx_word' id='word_1_486' title='bbox 2537 2395 2702 2469; x_wconf 88' lang='lat' dir='ltr'>quod</span> <span class='ocrx_word' id='word_1_487' title='bbox 2725 2396 2958 2466; x_wconf 91' lang='lat' dir='ltr'>dicitur,</span> <span class='ocrx_word' id='word_1_488' title='bbox 2981 2412 3016 2451; x_wconf 92' lang='lat' dir='ltr'>a</span> <span class='ocrx_word' id='word_1_489' title='bbox 3033 2396 3276 2458; x_wconf 82' lang='lat' dir='ltr'>bimatu,</span> <span class='ocrx_word' id='word_1_490' title='bbox 3303 2391 3625 2461; x_wconf 89' lang='lat' dir='ltr'>intelligas;</span> 
     </span>
    </p>
   </div>
   <div class='ocr_carea' id='block_1_72' title="bbox 1978 2479 3625 2558">
    <p class='ocr_par' dir='ltr' id='par_1_72' title="bbox 1978 2479 3625 2558">
     <span class='ocr_line' id='line_1_72' title="bbox 1978 2479 3625 2558; baseline -0.007 -13"><span class='ocrx_word' id='word_1_491' title='bbox 1978 2488 2084 2544; x_wconf 87' lang='lat' dir='ltr'>sed</span> <span class='ocrx_word' id='word_1_492' title='bbox 2113 2489 2172 2544; x_wconf 90' lang='lat' dir='ltr'>in</span> <span class='ocrx_word' id='word_1_493' title='bbox 2205 2503 2296 2556; x_wconf 92' lang='lat' dir='ltr'>eo,</span> <span class='ocrx_word' id='word_1_494' title='bbox 2339 2486 2505 2558; x_wconf 88' lang='lat' dir='ltr'>quod</span> <span class='ocrx_word' id='word_1_495' title='bbox 2526 2485 2784 2549; x_wconf 88' lang='lat' dir='ltr'>additur,</span> <span class='ocrx_word' id='word_1_496' title='bbox 2827 2491 2880 2540; x_wconf 81' lang='lat' dir='ltr'>et</span> <span class='ocrx_word' id='word_1_497' title='bbox 2929 2484 3115 2554; x_wconf 80' lang='lat' dir='ltr'>infra.</span> <span class='ocrx_word' id='word_1_498' title='bbox 3172 2484 3410 2554; x_wconf 90' lang='lat' dir='ltr'>Oportet</span> <span class='ocrx_word' id='word_1_499' title='bbox 3467 2479 3625 2536; x_wconf 91' lang='lat' dir='ltr'>enim</span> 
     </span>
    </p>
   </div>
   <div class='ocr_carea' id='block_1_73' title="bbox 1977 2571 3630 2648">
    <p class='ocr_par' dir='ltr' id='par_1_73' title="bbox 1977 2571 3630 2648">
     <span class='ocr_line' id='line_1_73' title="bbox 1977 2571 3630 2648; baseline -0.006 -14"><span class='ocrx_word' id='word_1_500' title='bbox 1977 2582 2106 2648; x_wconf 92' lang='lat' dir='ltr'>post</span> <span class='ocrx_word' id='word_1_501' title='bbox 2164 2578 2242 2643; x_wconf 92' lang='lat' dir='ltr'>id,</span> <span class='ocrx_word' id='word_1_502' title='bbox 2295 2577 2461 2648; x_wconf 90' lang='lat' dir='ltr'>quod</span> <span class='ocrx_word' id='word_1_503' title='bbox 2513 2575 2739 2642; x_wconf 90' lang='lat' dir='ltr'>dicitur,</span> <span class='ocrx_word' id='word_1_504' title='bbox 2805 2590 2842 2631; x_wconf 93' lang='lat' dir='ltr'>a</span> <span class='ocrx_word' id='word_1_505' title='bbox 2897 2574 3140 2637; x_wconf 79' lang='lat' dir='ltr'>bimatu,</span> <span class='ocrx_word' id='word_1_506' title='bbox 3188 2571 3630 2627; x_wconf 88' lang='lat' dir='ltr'>distinctionem</span> 
     </span>
    </p>
   </div>
   <div class='ocr_carea' id='block_1_74' title="bbox 1974 2656 3624 2737">
    <p class='ocr_par' dir='ltr' id='par_1_74' title="bbox 1974 2656 3624 2737">
     <span class='ocr_line' id='line_1_74' title="bbox 1974 2656 3624 2737; baseline -0.007 -16"><span class='ocrx_word' id='word_1_507' title='bbox 1974 2680 2208 2737; x_wconf 92' lang='lat' dir='ltr'>ponere,</span> <span class='ocrx_word' id='word_1_508' title='bbox 2237 2663 2453 2719; x_wconf 89' lang='lat' dir='ltr'>deinde</span> <span class='ocrx_word' id='word_1_509' title='bbox 2485 2666 2675 2719; x_wconf 89' lang='lat' dir='ltr'>totum</span> <span class='ocrx_word' id='word_1_510' title='bbox 2719 2661 2883 2734; x_wconf 90' lang='lat' dir='ltr'>quod</span> <span class='ocrx_word' id='word_1_511' title='bbox 2909 2659 3175 2733; x_wconf 90' lang='lat' dir='ltr'>sequitur</span> <span class='ocrx_word' id='word_1_512' title='bbox 3206 2658 3383 2714; x_wconf 92' lang='lat' dir='ltr'>simul</span> <span class='ocrx_word' id='word_1_513' title='bbox 3417 2656 3624 2727; x_wconf 88' lang='lat' dir='ltr'>legere.</span> 
     </span>
    </p>
   </div>
   <div class='ocr_carea' id='block_1_75' title="bbox 1975 2751 3624 2822">
    <p class='ocr_par' dir='ltr' id='par_1_75' title="bbox 1975 2751 3624 2822">
     <span class='ocr_line' id='line_1_75' title="bbox 1975 2751 3624 2822; baseline -0.004 -12"><span class='ocrx_word' id='word_1_514' title='bbox 1975 2755 2032 2810; x_wconf 92' lang='lat' dir='ltr'>Si</span> <span class='ocrx_word' id='word_1_515' title='bbox 2050 2754 2232 2822; x_wconf 92' lang='lat' dir='ltr'>enim,</span> <span class='ocrx_word' id='word_1_516' title='bbox 2251 2753 2398 2808; x_wconf 90' lang='lat' dir='ltr'>sicut</span> <span class='ocrx_word' id='word_1_517' title='bbox 2421 2752 2646 2818; x_wconf 90' lang='lat' dir='ltr'>dicunt,</span> <span class='ocrx_word' id='word_1_518' title='bbox 2663 2751 2922 2807; x_wconf 92' lang='lat' dir='ltr'>duorum</span> <span class='ocrx_word' id='word_1_519' title='bbox 2947 2765 3246 2806; x_wconf 89' lang='lat' dir='ltr'>annorum</span> <span class='ocrx_word' id='word_1_520' title='bbox 3271 2753 3505 2819; x_wconf 91' lang='lat' dir='ltr'>tempus</span> <span class='ocrx_word' id='word_1_521' title='bbox 3528 2762 3624 2803; x_wconf 81' lang='lat' dir='ltr'>ex-</span> 
     </span>
    </p>
   </div>
   <div class='ocr_carea' id='block_1_76' title="bbox 1973 2836 3623 2917">
    <p class='ocr_par' dir='ltr' id='par_1_76' title="bbox 1973 2836 3623 2917">
     <span class='ocr_line' id='line_1_76' title="bbox 1973 2836 3623 2917; baseline -0.004 -18"><span class='ocrx_word' id='word_1_522' title='bbox 1973 2843 2200 2917; x_wconf 87' lang='lat' dir='ltr'>pletum</span> <span class='ocrx_word' id='word_1_523' title='bbox 2218 2858 2353 2900; x_wconf 87' lang='lat' dir='ltr'>esse</span> <span class='ocrx_word' id='word_1_524' title='bbox 2379 2841 2703 2907; x_wconf 90' lang='lat' dir='ltr'>didicisset,</span> <span class='ocrx_word' id='word_1_525' title='bbox 2728 2856 3117 2914; x_wconf 86' lang='lat' dir='ltr'>nequaquam</span> <span class='ocrx_word' id='word_1_526' title='bbox 3132 2855 3236 2896; x_wconf 91' lang='lat' dir='ltr'>eos</span> <span class='ocrx_word' id='word_1_527' title='bbox 3257 2836 3623 2912; x_wconf 88' lang='lat' dir='ltr'>perdidisset,</span> 
     </span>
    </p>
   </div>
   <div class='ocr_carea' id='block_1_77' title="bbox 1971 2930 2800 3005">
    <p class='ocr_par' dir='ltr' id='par_1_77' title="bbox 1971 2930 2800 3005">
     <span class='ocr_line' id='line_1_77' title="bbox 1971 2930 2800 3005; baseline -0.002 -18"><span class='ocrx_word' id='word_1_528' title='bbox 1971 2931 2078 3005; x_wconf 91' lang='lat' dir='ltr'>qui</span> <span class='ocrx_word' id='word_1_529' title='bbox 2111 2931 2354 2987; x_wconf 91' lang='lat' dir='ltr'>minoris</span> <span class='ocrx_word' id='word_1_530' title='bbox 2386 2934 2555 2987; x_wconf 90' lang='lat' dir='ltr'>erant</span> <span class='ocrx_word' id='word_1_531' title='bbox 2586 2930 2800 2986; x_wconf 62' lang='lat' dir='ltr'>astatis.</span> 
     </span>
    </p>
   </div>
   <div class='ocr_carea' id='block_1_78' title="bbox 2043 3017 3626 3092">
    <p class='ocr_par' dir='ltr' id='par_1_78' title="bbox 2043 3017 3626 3092">
     <span class='ocr_line' id='line_1_78' title="bbox 2043 3017 3626 3092; baseline -0.004 -17"><span class='ocrx_word' id='word_1_532' title='bbox 2043 3020 2330 3078; x_wconf 90' lang='lat' dir='ltr'>Dubitant</span> <span class='ocrx_word' id='word_1_533' title='bbox 2349 3025 2548 3076; x_wconf 88' lang='lat' dir='ltr'>autem</span> <span class='ocrx_word' id='word_1_534' title='bbox 2577 3019 2836 3092; x_wconf 89' lang='lat' dir='ltr'>quidam,</span> <span class='ocrx_word' id='word_1_535' title='bbox 2861 3035 3048 3092; x_wconf 90' lang='lat' dir='ltr'>quam</span> <span class='ocrx_word' id='word_1_536' title='bbox 3081 3017 3160 3075; x_wconf 92' lang='lat' dir='ltr'>ob</span> <span class='ocrx_word' id='word_1_537' title='bbox 3193 3031 3461 3082; x_wconf 89' lang='lat' dir='ltr'>causam,</span> <span class='ocrx_word' id='word_1_538' title='bbox 3488 3028 3626 3070; x_wconf 87' lang='lat' dir='ltr'>cum</span> 
     </span>
    </p>
   </div>
   <div class='ocr_carea' id='block_1_79' title="bbox 1972 3105 3626 3181">
    <p class='ocr_par' dir='ltr' id='par_1_79' title="bbox 1972 3105 3626 3181">
     <span class='ocr_line' id='line_1_79' title="bbox 1972 3105 3626 3181; baseline -0.005 -15"><span class='ocrx_word' id='word_1_539' title='bbox 1972 3109 2241 3166; x_wconf 88' lang='lat' dir='ltr'>Christus</span> <span class='ocrx_word' id='word_1_540' title='bbox 2256 3109 2455 3179; x_wconf 88' lang='lat' dir='ltr'>fugam</span> <span class='ocrx_word' id='word_1_541' title='bbox 2470 3110 2581 3165; x_wconf 83' lang='lat' dir='ltr'>arri</span> <span class='ocrx_word' id='word_1_542' title='bbox 2590 3109 3040 3181; x_wconf 87' lang='lat' dir='ltr'>puisset,curam</span> <span class='ocrx_word' id='word_1_543' title='bbox 3053 3123 3175 3162; x_wconf 92' lang='lat' dir='ltr'>non</span> <span class='ocrx_word' id='word_1_544' title='bbox 3197 3105 3404 3162; x_wconf 85' lang='lat' dir='ltr'>habuit</span> <span class='ocrx_word' id='word_1_545' title='bbox 3416 3118 3626 3176; x_wconf 89' lang='lat' dir='ltr'>puero-</span> 
     </span>
    </p>
   </div>
   <div class='ocr_carea' id='block_1_80' title="bbox 1899 3192 3626 3290">
    <p class='ocr_par' dir='ltr' id='par_1_80' title="bbox 1899 3192 3626 3290">
     <span class='ocr_line' id='line_1_80' title="bbox 1899 3192 3626 3290; baseline -0.005 -36"><span class='ocrx_word' id='word_1_546' title='bbox 1899 3233 1939 3290; x_wconf 65' lang='grc' dir='ltr'>Ο</span> <span class='ocrx_word' id='word_1_547' title='bbox 1968 3214 2124 3290; x_wconf 82' lang='lat' dir='ltr'>rum,</span> <span class='ocrx_word' id='word_1_548' title='bbox 2145 3199 2250 3290; x_wconf 84' lang='lat' dir='ltr'>qui</span> <span class='ocrx_word' id='word_1_549' title='bbox 2271 3213 2378 3290; x_wconf 84' lang='lat' dir='ltr'>pro</span> <span class='ocrx_word' id='word_1_550' title='bbox 2396 3199 2530 3269; x_wconf 91' lang='lat' dir='ltr'>ipso</span> <span class='ocrx_word' id='word_1_551' title='bbox 2544 3197 2797 3269; x_wconf 89' lang='lat' dir='ltr'>jugulati</span> <span class='ocrx_word' id='word_1_552' title='bbox 2818 3200 2978 3290; x_wconf 79' lang='lat' dir='ltr'>sunt.</span> <span class='ocrx_word' id='word_1_553' title='bbox 2997 3195 3353 3290; x_wconf 39' lang='lat' dir='ltr'>Quibus-nos</span> <span class='ocrx_word' id='word_1_554' title='bbox 3369 3192 3626 3289; x_wconf 78' lang='lat' dir='ltr'>dicimus</span> 
     </span>
    </p>
   </div>
   <div class='ocr_carea' id='block_1_81' title="bbox 1970 3279 3620 3357">
    <p class='ocr_par' dir='ltr' id='par_1_81' title="bbox 1970 3279 3620 3357">
     <span class='ocr_line' id='line_1_81' title="bbox 1970 3279 3620 3357; baseline -0.006 -13"><span class='ocrx_word' id='word_1_555' title='bbox 1970 3288 2190 3344; x_wconf 90' lang='lat' dir='ltr'>multos</span> <span class='ocrx_word' id='word_1_556' title='bbox 2237 3287 2455 3357; x_wconf 87' lang='lat' dir='ltr'>injuste</span> <span class='ocrx_word' id='word_1_557' title='bbox 2499 3301 2708 3356; x_wconf 90' lang='lat' dir='ltr'>agere:</span> <span class='ocrx_word' id='word_1_558' title='bbox 2744 3285 2976 3341; x_wconf 89' lang='lat' dir='ltr'>nullum</span> <span class='ocrx_word' id='word_1_559' title='bbox 3003 3290 3202 3339; x_wconf 92' lang='lat' dir='ltr'>autem</span> <span class='ocrx_word' id='word_1_560' title='bbox 3230 3283 3446 3353; x_wconf 90' lang='lat' dir='ltr'>injuste</span> <span class='ocrx_word' id='word_1_561' title='bbox 3478 3279 3620 3352; x_wconf 91' lang='lat' dir='ltr'>pati.</span> 
     </span>
    </p>
   </div>
   <div class='ocr_carea' id='block_1_82' title="bbox 1969 3369 3626 3447">
    <p class='ocr_par' dir='ltr' id='par_1_82' title="bbox 1969 3369 3626 3447">
     <span class='ocr_line' id='line_1_82' title="bbox 1969 3369 3626 3447; baseline -0.007 -14"><span class='ocrx_word' id='word_1_562' title='bbox 1969 3377 2174 3433; x_wconf 91' lang='lat' dir='ltr'>Omnis</span> <span class='ocrx_word' id='word_1_563' title='bbox 2187 3376 2364 3438; x_wconf 90' lang='lat' dir='ltr'>enim,</span> <span class='ocrx_word' id='word_1_564' title='bbox 2388 3376 2494 3447; x_wconf 89' lang='lat' dir='ltr'>qui</span> <span class='ocrx_word' id='word_1_565' title='bbox 2510 3374 2725 3444; x_wconf 90' lang='lat' dir='ltr'>injuste</span> <span class='ocrx_word' id='word_1_566' title='bbox 2751 3373 2875 3445; x_wconf 91' lang='lat' dir='ltr'>pati</span> <span class='ocrx_word' id='word_1_567' title='bbox 2893 3373 3146 3436; x_wconf 84' lang='lat' dir='ltr'>videtur,</span> <span class='ocrx_word' id='word_1_568' title='bbox 3172 3375 3274 3427; x_wconf 91' lang='lat' dir='ltr'>aut</span> <span class='ocrx_word' id='word_1_569' title='bbox 3294 3369 3536 3442; x_wconf 90' lang='lat' dir='ltr'>patitur,</span> <span class='ocrx_word' id='word_1_570' title='bbox 3559 3371 3626 3423; x_wconf 89' lang='lat' dir='ltr'>ut</span> 
     </span>
    </p>
   </div>
   <div class='ocr_carea' id='block_1_83' title="bbox 1968 3456 3623 3538">
    <p class='ocr_par' dir='ltr' id='par_1_83' title="bbox 1968 3456 3623 3538">
     <span class='ocr_line' id='line_1_83' title="bbox 1968 3456 3623 3538; baseline -0.007 -17"><span class='ocrx_word' id='word_1_571' title='bbox 1968 3464 2213 3538; x_wconf 90' lang='lat' dir='ltr'>propria</span> <span class='ocrx_word' id='word_1_572' title='bbox 2227 3464 2409 3520; x_wconf 91' lang='lat' dir='ltr'>diluat</span> <span class='ocrx_word' id='word_1_573' title='bbox 2421 3463 2635 3518; x_wconf 89' lang='lat' dir='ltr'>delicta</span> <span class='ocrx_word' id='word_1_574' title='bbox 2655 3478 2668 3528; x_wconf 91' lang='lat'>;</span> <span class='ocrx_word' id='word_1_575' title='bbox 2684 3465 2740 3518; x_wconf 90' lang='lat' dir='ltr'>et</span> <span class='ocrx_word' id='word_1_576' title='bbox 2765 3462 2845 3517; x_wconf 91' lang='lat' dir='ltr'>ita</span> <span class='ocrx_word' id='word_1_577' title='bbox 2859 3460 3084 3516; x_wconf 89' lang='lat' dir='ltr'>malum</span> <span class='ocrx_word' id='word_1_578' title='bbox 3101 3459 3339 3531; x_wconf 90' lang='lat' dir='ltr'>quidem</span> <span class='ocrx_word' id='word_1_579' title='bbox 3354 3456 3623 3520; x_wconf 87' lang='lat' dir='ltr'>sustinet,</span> 
     </span>
    </p>
   </div>
   <div class='ocr_carea' id='block_1_84' title="bbox 1967 3546 3626 3623">
    <p class='ocr_par' dir='ltr' id='par_1_84' title="bbox 1967 3546 3626 3623">
     <span class='ocr_line' id='line_1_84' title="bbox 1967 3546 3626 3623; baseline -0.005 -15"><span class='ocrx_word' id='word_1_580' title='bbox 1967 3569 2170 3609; x_wconf 83' lang='lat' dir='ltr'>verum</span> <span class='ocrx_word' id='word_1_581' title='bbox 2183 3568 2301 3608; x_wconf 92' lang='lat' dir='ltr'>non</span> <span class='ocrx_word' id='word_1_582' title='bbox 2317 3553 2395 3623; x_wconf 91' lang='lat' dir='ltr'>inj</span> <span class='ocrx_word' id='word_1_583' title='bbox 2407 3551 2704 3623; x_wconf 89' lang='lat' dir='ltr'>uste,quin</span> <span class='ocrx_word' id='word_1_584' title='bbox 2719 3550 2911 3622; x_wconf 90' lang='lat' dir='ltr'>potius</span> <span class='ocrx_word' id='word_1_585' title='bbox 2933 3547 3218 3604; x_wconf 92' lang='lat' dir='ltr'>beneﬁcio</span> <span class='ocrx_word' id='word_1_586' title='bbox 3236 3546 3509 3611; x_wconf 88' lang='lat' dir='ltr'>afﬁcitur;</span> <span class='ocrx_word' id='word_1_587' title='bbox 3525 3549 3626 3600; x_wconf 89' lang='lat' dir='ltr'>aut</span> 
     </span>
    </p>
   </div>
   <div class='ocr_carea' id='block_1_85' title="bbox 1971 3635 3627 3711">
    <p class='ocr_par' dir='ltr' id='par_1_85' title="bbox 1971 3635 3627 3711">
     <span class='ocr_line' id='line_1_85' title="bbox 1971 3635 3627 3711; baseline -0.005 -13"><span class='ocrx_word' id='word_1_588' title='bbox 1971 3647 2034 3699; x_wconf 91' lang='lat' dir='ltr'>ut</span> <span class='ocrx_word' id='word_1_589' title='bbox 2059 3659 2294 3700; x_wconf 60' lang='lat' dir='ltr'>coronae</span> <span class='ocrx_word' id='word_1_590' title='bbox 2311 3642 2682 3699; x_wconf 90' lang='lat' dir='ltr'>occasionem</span> <span class='ocrx_word' id='word_1_591' title='bbox 2707 3640 2945 3706; x_wconf 85' lang='lat' dir='ltr'>habeat,</span> <span class='ocrx_word' id='word_1_592' title='bbox 2975 3644 3031 3696; x_wconf 89' lang='lat' dir='ltr'>et</span> <span class='ocrx_word' id='word_1_593' title='bbox 3047 3639 3128 3696; x_wconf 91' lang='lat' dir='ltr'>ita</span> <span class='ocrx_word' id='word_1_594' title='bbox 3147 3652 3387 3711; x_wconf 87' lang='lat' dir='ltr'>quoque</span> <span class='ocrx_word' id='word_1_595' title='bbox 3409 3635 3627 3692; x_wconf 90' lang='lat' dir='ltr'>beneﬁ-</span> 
     </span>
    </p>
   </div>
   <div class='ocr_carea' id='block_1_86' title="bbox 1968 3725 3620 3805">
    <p class='ocr_par' dir='ltr' id='par_1_86' title="bbox 1968 3725 3620 3805">
     <span class='ocr_line' id='line_1_86' title="bbox 1968 3725 3620 3805; baseline -0.004 -16"><span class='ocrx_word' id='word_1_596' title='bbox 1968 3734 2146 3802; x_wconf 91' lang='lat' dir='ltr'>cium,</span> <span class='ocrx_word' id='word_1_597' title='bbox 2187 3738 2422 3805; x_wconf 88' lang='lat' dir='ltr'>propter</span> <span class='ocrx_word' id='word_1_598' title='bbox 2454 3732 2876 3803; x_wconf 86' lang='lat' dir='ltr'>tempestivam</span> <span class='ocrx_word' id='word_1_599' title='bbox 2907 3730 3048 3786; x_wconf 89' lang='lat' dir='ltr'>mali</span> <span class='ocrx_word' id='word_1_600' title='bbox 3089 3727 3491 3802; x_wconf 81' lang='lat' dir='ltr'>tolerantiam,</span> <span class='ocrx_word' id='word_1_601' title='bbox 3541 3725 3620 3783; x_wconf 93' lang='lat' dir='ltr'>ob</span> 
     </span>
    </p>
   </div>
   <div class='ocr_carea' id='block_1_87' title="bbox 1967 3815 3624 3895">
    <p class='ocr_par' dir='ltr' id='par_1_87' title="bbox 1967 3815 3624 3895">
     <span class='ocr_line' id='line_1_87' title="bbox 1967 3815 3624 3895; baseline -0.005 -16"><span class='ocrx_word' id='word_1_602' title='bbox 1967 3839 2152 3895; x_wconf 91' lang='lat' dir='ltr'>quam</span> <span class='ocrx_word' id='word_1_603' title='bbox 2171 3827 2524 3894; x_wconf 90' lang='lat' dir='ltr'>perpetuam</span> <span class='ocrx_word' id='word_1_604' title='bbox 2549 3821 2760 3879; x_wconf 87' lang='lat' dir='ltr'>referet</span> <span class='ocrx_word' id='word_1_605' title='bbox 2776 3819 3056 3893; x_wconf 88' lang='lat' dir='ltr'>requiem.</span> <span class='ocrx_word' id='word_1_606' title='bbox 3077 3823 3302 3892; x_wconf 87' lang='lat' dir='ltr'>Itaque,</span> <span class='ocrx_word' id='word_1_607' title='bbox 3327 3817 3431 3889; x_wconf 88' lang='lat' dir='ltr'>qui</span> <span class='ocrx_word' id='word_1_608' title='bbox 3461 3815 3624 3872; x_wconf 88' lang='lat' dir='ltr'>alteri</span> 
     </span>
    </p>
   </div>
   <div class='ocr_carea' id='block_1_88' title="bbox 1965 3906 3620 3982">
    <p class='ocr_par' dir='ltr' id='par_1_88' title="bbox 1965 3906 3620 3982">
     <span class='ocr_line' id='line_1_88' title="bbox 1965 3906 3620 3982; baseline -0.004 -15"><span class='ocrx_word' id='word_1_609' title='bbox 1965 3912 2187 3982; x_wconf 89' lang='lat' dir='ltr'>irrogat</span> <span class='ocrx_word' id='word_1_610' title='bbox 2215 3912 2510 3982; x_wconf 86' lang='lat' dir='ltr'>injuriam,</span> <span class='ocrx_word' id='word_1_611' title='bbox 2546 3909 2685 3966; x_wconf 87' lang='lat' dir='ltr'>facit</span> <span class='ocrx_word' id='word_1_612' title='bbox 2703 3909 2945 3982; x_wconf 92' lang='lat' dir='ltr'>quidem</span> <span class='ocrx_word' id='word_1_613' title='bbox 2982 3909 3267 3980; x_wconf 90' lang='lat' dir='ltr'>injuriam</span> <span class='ocrx_word' id='word_1_614' title='bbox 3301 3923 3312 3962; x_wconf 89' lang='lat'><strong>:</strong></span> <span class='ocrx_word' id='word_1_615' title='bbox 3347 3906 3452 3978; x_wconf 88' lang='lat' dir='ltr'>qui</span> <span class='ocrx_word' id='word_1_616' title='bbox 3476 3920 3620 3962; x_wconf 82' lang='lat' dir='ltr'>vero</span> 
     </span>
    </p>
   </div>
   <div class='ocr_carea' id='block_1_89' title="bbox 1968 3994 3625 4072">
    <p class='ocr_par' dir='ltr' id='par_1_89' title="bbox 1968 3994 3625 4072">
     <span class='ocr_line' id='line_1_89' title="bbox 1968 3994 3625 4072; baseline -0.003 -16"><span class='ocrx_word' id='word_1_617' title='bbox 1968 3999 2196 4057; x_wconf 88' lang='lat' dir='ltr'>malum</span> <span class='ocrx_word' id='word_1_618' title='bbox 2209 4000 2474 4066; x_wconf 86' lang='lat' dir='ltr'>sustinet,</span> <span class='ocrx_word' id='word_1_619' title='bbox 2505 4014 2883 4072; x_wconf 89' lang='lat' dir='ltr'>nequaquam</span> <span class='ocrx_word' id='word_1_620' title='bbox 2912 3998 3134 4070; x_wconf 91' lang='lat' dir='ltr'>injuria</span> <span class='ocrx_word' id='word_1_621' title='bbox 3159 3996 3436 4053; x_wconf 89' lang='lat' dir='ltr'>afﬁcitur.</span> <span class='ocrx_word' id='word_1_622' title='bbox 3475 3994 3625 4062; x_wconf 88' lang='lat' dir='ltr'>Quia</span> 
     </span>
    </p>
   </div>
   <div class='ocr_carea' id='block_1_90' title="bbox 1967 4085 3621 4162">
    <p class='ocr_par' dir='ltr' id='par_1_90' title="bbox 1967 4085 3621 4162">
     <span class='ocr_line' id='line_1_90' title="bbox 1967 4085 3621 4162; baseline -0.004 -17"><span class='ocrx_word' id='word_1_623' title='bbox 1967 4104 2108 4161; x_wconf 90' lang='lat' dir='ltr'>ergo</span> <span class='ocrx_word' id='word_1_624' title='bbox 2120 4089 2180 4144; x_wconf 89' lang='lat' dir='ltr'>hi</span> <span class='ocrx_word' id='word_1_625' title='bbox 2203 4089 2369 4162; x_wconf 88' lang='lat' dir='ltr'>pueri</span> <span class='ocrx_word' id='word_1_626' title='bbox 2385 4104 2506 4146; x_wconf 91' lang='lat' dir='ltr'>non</span> <span class='ocrx_word' id='word_1_627' title='bbox 2524 4094 2768 4160; x_wconf 88' lang='lat' dir='ltr'>propter</span> <span class='ocrx_word' id='word_1_628' title='bbox 2784 4087 3224 4144; x_wconf 84' lang='lat' dir='ltr'>absolutionem</span> <span class='ocrx_word' id='word_1_629' title='bbox 3239 4085 3621 4157; x_wconf 89' lang='lat' dir='ltr'>propriorum</span> 
     </span>
    </p>
   </div>
   <div class='ocr_carea' id='block_1_91' title="bbox 1967 4175 3622 4249">
    <p class='ocr_par' dir='ltr' id='par_1_91' title="bbox 1967 4175 3622 4249">
     <span class='ocr_line' id='line_1_91' title="bbox 1967 4175 3622 4249; baseline -0.005 -15"><span class='ocrx_word' id='word_1_630' title='bbox 1967 4177 2317 4234; x_wconf 88' lang='lat' dir='ltr'>delictorum</span> <span class='ocrx_word' id='word_1_631' title='bbox 2346 4176 2842 4249; x_wconf 88' lang='lat' dir='ltr'>interemptisunt,</span> <span class='ocrx_word' id='word_1_632' title='bbox 2873 4175 3264 4232; x_wconf 87' lang='lat' dir='ltr'>manifestum</span> <span class='ocrx_word' id='word_1_633' title='bbox 3291 4178 3382 4228; x_wconf 89' lang='lat' dir='ltr'>est</span> <span class='ocrx_word' id='word_1_634' title='bbox 3407 4186 3622 4243; x_wconf 90' lang='lat' dir='ltr'>passos</span> 
     </span>
    </p>
   </div>
   <div class='ocr_carea' id='block_1_92' title="bbox 1967 4259 3620 4335">
    <p class='ocr_par' dir='ltr' id='par_1_92' title="bbox 1967 4259 3620 4335">
     <span class='ocr_line' id='line_1_92' title="bbox 1967 4259 3620 4335; baseline -0.005 -13"><span class='ocrx_word' id='word_1_635' title='bbox 1967 4281 2118 4331; x_wconf 90' lang='lat' dir='ltr'>esse,</span> <span class='ocrx_word' id='word_1_636' title='bbox 2151 4270 2216 4321; x_wconf 90' lang='lat' dir='ltr'>ut</span> <span class='ocrx_word' id='word_1_637' title='bbox 2240 4266 2640 4329; x_wconf 90' lang='lat' dir='ltr'>occasionem,</span> <span class='ocrx_word' id='word_1_638' title='bbox 2673 4280 2788 4335; x_wconf 86' lang='lat' dir='ltr'>qua</span> <span class='ocrx_word' id='word_1_639' title='bbox 2819 4267 3272 4328; x_wconf 87' lang='lat' dir='ltr'>coronarentur,</span> <span class='ocrx_word' id='word_1_640' title='bbox 3309 4259 3620 4324; x_wconf 90' lang='lat' dir='ltr'>haberent,</span> 
     </span>
    </p>
   </div>
   <div class='ocr_carea' id='block_1_93' title="bbox 1966 4345 3622 4426">
    <p class='ocr_par' dir='ltr' id='par_1_93' title="bbox 1966 4345 3622 4426">
     <span class='ocr_line' id='line_1_93' title="bbox 1966 4345 3622 4426; baseline -0.005 -16"><span class='ocrx_word' id='word_1_641' title='bbox 1966 4371 2074 4410; x_wconf 90' lang='lat' dir='ltr'>nec</span> <span class='ocrx_word' id='word_1_642' title='bbox 2127 4370 2337 4426; x_wconf 86' lang='lat' dir='ltr'>passos</span> <span class='ocrx_word' id='word_1_643' title='bbox 2387 4368 2515 4409; x_wconf 89' lang='lat' dir='ltr'>esse</span> <span class='ocrx_word' id='word_1_644' title='bbox 2564 4352 2865 4423; x_wconf 90' lang='lat' dir='ltr'>injuriam.</span> <span class='ocrx_word' id='word_1_645' title='bbox 2901 4351 3190 4407; x_wconf 87' lang='lat' dir='ltr'>Fortassis</span> <span class='ocrx_word' id='word_1_646' title='bbox 3238 4355 3437 4405; x_wconf 88' lang='lat' dir='ltr'>autem</span> <span class='ocrx_word' id='word_1_647' title='bbox 3475 4351 3532 4404; x_wconf 89' lang='lat' dir='ltr'>et</span> <span class='ocrx_word' id='word_1_648' title='bbox 3563 4345 3622 4403; x_wconf 91' lang='lat' dir='ltr'>hi</span> 
     </span>
    </p>
   </div>
   <div class='ocr_carea' id='block_1_94' title="bbox 1966 4438 3619 4515">
    <p class='ocr_par' dir='ltr' id='par_1_94' title="bbox 1966 4438 3619 4515">
     <span class='ocr_line' id='line_1_94' title="bbox 1966 4438 3619 4515; baseline -0.004 -17"><span class='ocrx_word' id='word_1_649' title='bbox 1966 4443 2134 4515; x_wconf 90' lang='lat' dir='ltr'>pueri</span> <span class='ocrx_word' id='word_1_650' title='bbox 2149 4442 2318 4514; x_wconf 88' lang='lat' dir='ltr'>probi</span> <span class='ocrx_word' id='word_1_651' title='bbox 2334 4441 2513 4498; x_wconf 89' lang='lat' dir='ltr'>futuri</span> <span class='ocrx_word' id='word_1_652' title='bbox 2531 4456 2650 4497; x_wconf 90' lang='lat' dir='ltr'>non</span> <span class='ocrx_word' id='word_1_653' title='bbox 2665 4447 2852 4497; x_wconf 88' lang='lat' dir='ltr'>erant.</span> <span class='ocrx_word' id='word_1_654' title='bbox 2875 4440 2931 4497; x_wconf 92' lang='lat' dir='ltr'>Si</span> <span class='ocrx_word' id='word_1_655' title='bbox 2946 4438 3105 4496; x_wconf 89' lang='lat' dir='ltr'>enim</span> <span class='ocrx_word' id='word_1_656' title='bbox 3120 4454 3221 4494; x_wconf 91' lang='lat' dir='ltr'>eos</span> <span class='ocrx_word' id='word_1_657' title='bbox 3232 4438 3336 4512; x_wconf 90' lang='lat' dir='ltr'>qui</span> <span class='ocrx_word' id='word_1_658' title='bbox 3349 4439 3619 4510; x_wconf 90' lang='lat' dir='ltr'>peccant,</span> 
     </span>
    </p>
   </div>
   <div class='ocr_carea' id='block_1_95' title="bbox 1967 4529 3620 4601">
    <p class='ocr_par' dir='ltr' id='par_1_95' title="bbox 1967 4529 3620 4601">
     <span class='ocr_line' id='line_1_95' title="bbox 1967 4529 3620 4601; baseline -0.003 -15"><span class='ocrx_word' id='word_1_659' title='bbox 1967 4533 2117 4586; x_wconf 83' lang='lat' dir='ltr'>Deus</span> <span class='ocrx_word' id='word_1_660' title='bbox 2141 4531 2202 4586; x_wconf 92' lang='lat' dir='ltr'>in</span> <span class='ocrx_word' id='word_1_661' title='bbox 2231 4531 2352 4588; x_wconf 90' lang='lat' dir='ltr'>vita</span> <span class='ocrx_word' id='word_1_662' title='bbox 2383 4530 2654 4596; x_wconf 88' lang='lat' dir='ltr'>sustinet,</span> <span class='ocrx_word' id='word_1_663' title='bbox 2687 4529 2962 4601; x_wconf 90' lang='lat' dir='ltr'>ipsorum</span> <span class='ocrx_word' id='word_1_664' title='bbox 2993 4533 3348 4601; x_wconf 85' lang='lat' dir='ltr'>exspectans</span> <span class='ocrx_word' id='word_1_665' title='bbox 3375 4540 3620 4583; x_wconf 86' lang='lat' dir='ltr'>conver-</span> 
     </span>
    </p>
   </div>
   <div class='ocr_carea' id='block_1_96' title="bbox 269 4591 1862 4690">
    <p class='ocr_par' dir='ltr' id='par_1_96' title="bbox 269 4598 1855 4682">
     <span class='ocr_line' id='line_1_96' title="bbox 269 4598 1855 4682; baseline 0.006 -29"><span class='ocrx_word' id='word_1_666' title='bbox 269 4598 509 4664; x_wconf 83' lang='grc' dir='ltr'>δοκτόνος</span> <span class='ocrx_word' id='word_1_667' title='bbox 556 4601 790 4677; x_wconf 72' lang='grc' dir='ltr'>Ἡρωδης</span> <span class='ocrx_word' id='word_1_668' title='bbox 843 4601 997 4663; x_wconf 78' lang='grc' dir='ltr'>δίκην</span> <span class='ocrx_word' id='word_1_669' title='bbox 1051 4603 1211 4658; x_wconf 79' lang='grc' dir='ltr'>ἔδωκε</span> <span class='ocrx_word' id='word_1_670' title='bbox 1241 4615 1334 4668; x_wconf 86' lang='grc' dir='ltr'>τῆς</span> <span class='ocrx_word' id='word_1_671' title='bbox 1376 4611 1620 4670; x_wconf 86' lang='grc' dir='ltr'>τοιαύτης</span> <span class='ocrx_word' id='word_1_672' title='bbox 1649 4629 1855 4682; x_wconf 80' lang='grc' dir='ltr'>μιαιφο-</span> 
     </span>
    </p>
   </div>
   <div class='ocr_carea' id='block_1_97' title="bbox 1975 4591 3622 4690">
    <p class='ocr_par' dir='ltr' id='par_1_97' title="bbox 1975 4615 3622 4690">
     <span class='ocr_line' id='line_1_97' title="bbox 1975 4615 3622 4690; baseline -0.003 -14"><span class='ocrx_word' id='word_1_673' title='bbox 1975 4621 2202 4676; x_wconf 80' lang='lat' dir='ltr'>sionem</span> <span class='ocrx_word' id='word_1_674' title='bbox 2228 4640 2239 4680; x_wconf 93' lang='lat'><strong>:</strong></span> <span class='ocrx_word' id='word_1_675' title='bbox 2267 4620 2451 4676; x_wconf 86' lang='lat' dir='ltr'>multo</span> <span class='ocrx_word' id='word_1_676' title='bbox 2473 4619 2664 4690; x_wconf 89' lang='lat' dir='ltr'>magis</span> <span class='ocrx_word' id='word_1_677' title='bbox 2680 4619 3012 4675; x_wconf 86' lang='lat' dir='ltr'>credendus</span> <span class='ocrx_word' id='word_1_678' title='bbox 3032 4621 3137 4683; x_wconf 91' lang='lat' dir='ltr'>est,</span> <span class='ocrx_word' id='word_1_679' title='bbox 3169 4615 3388 4688; x_wconf 90' lang='lat' dir='ltr'>eosqui</span> <span class='ocrx_word' id='word_1_680' title='bbox 3407 4617 3622 4673; x_wconf 86' lang='lat' dir='ltr'>virtute</span> 
     </span>
    </p>
   </div>
   <div class='ocr_carea' id='block_1_98' title="bbox 265 4693 1856 4770">
    <p class='ocr_par' dir='ltr' id='par_1_98' title="bbox 265 4693 1856 4770">
     <span class='ocr_line' id='line_1_98' title="bbox 265 4693 1856 4770; baseline 0.008 -32"><span class='ocrx_word' id='word_1_681' title='bbox 265 4694 398 4755; x_wconf 87' lang='grc' dir='ltr'>νίας,</span> <span class='ocrx_word' id='word_1_682' title='bbox 453 4698 622 4764; x_wconf 82' lang='grc' dir='ltr'>πικρῷ</span> <span class='ocrx_word' id='word_1_683' title='bbox 679 4693 788 4764; x_wconf 80' lang='grc'>(58)</span> <span class='ocrx_word' id='word_1_684' title='bbox 850 4695 1054 4766; x_wconf 82' lang='grc' dir='ltr'>θανάτῳ</span> <span class='ocrx_word' id='word_1_685' title='bbox 1104 4695 1398 4757; x_wconf 82' lang='grc' dir='ltr'>καταλύσας</span> <span class='ocrx_word' id='word_1_686' title='bbox 1449 4699 1534 4748; x_wconf 87' lang='grc' dir='ltr'>τόν</span> <span class='ocrx_word' id='word_1_687' title='bbox 1588 4695 1724 4770; x_wconf 79' lang='grc' dir='ltr'>βίον,</span> <span class='ocrx_word' id='word_1_688' title='bbox 1797 4703 1856 4760; x_wconf 67' lang='grc' dir='ltr'>ὡς</span> 
     </span>
    </p>
   </div>
   <div class='ocr_carea' id='block_1_99' title="bbox 261 4775 758 4853">
    <p class='ocr_par' dir='ltr' id='par_1_99' title="bbox 261 4775 758 4853">
     <span class='ocr_line' id='line_1_99' title="bbox 261 4775 758 4853; baseline 0.01 -22"><span class='ocrx_word' id='word_1_689' title='bbox 261 4775 516 4842; x_wconf 78' lang='grc' dir='ltr'>Ἰώσηπος</span> <span class='ocrx_word' id='word_1_690' title='bbox 541 4779 758 4853; x_wconf 82' lang='grc' dir='ltr'>ἱστορεῖ.</span> 
     </span>
    </p>
   </div>
   <div class='ocr_carea' id='block_1_100' title="bbox 332 5054 1855 5134">
    <p class='ocr_par' dir='ltr' id='par_1_100' title="bbox 332 5054 1855 5134">
     <span class='ocr_line' id='line_1_100' title="bbox 332 5054 1855 5134; baseline 0.007 -29"><span class='ocrx_word' id='word_1_691' title='bbox 332 5057 414 5106; x_wconf 90' lang='grc' dir='ltr'>ότε</span> <span class='ocrx_word' id='word_1_692' title='bbox 481 5054 752 5130; x_wconf 80' lang='grc' dir='ltr'>ἐπληρώθη</span> <span class='ocrx_word' id='word_1_693' title='bbox 829 5086 899 5097; x_wconf 91' lang='lat'><strong><em>—</em></strong></span> <span class='ocrx_word' id='word_1_694' title='bbox 959 5056 1053 5109; x_wconf 73' lang='grc' dir='ltr'>οὐκ</span> <span class='ocrx_word' id='word_1_695' title='bbox 1129 5057 1278 5115; x_wconf 74' lang='grc' dir='ltr'>εἰσίν.</span> <span class='ocrx_word' id='word_1_696' title='bbox 1336 5059 1492 5113; x_wconf 80' lang='grc' dir='ltr'>Ἔνθα</span> <span class='ocrx_word' id='word_1_697' title='bbox 1544 5066 1722 5134; x_wconf 81' lang='grc' dir='ltr'>φησὶν,</span> <span class='ocrx_word' id='word_1_698' title='bbox 1776 5062 1855 5116; x_wconf 85' lang='grc' dir='ltr'>ὃτι</span> 
     </span>
    </p>
   </div>
   <div class='ocr_carea' id='block_1_101' title="bbox 260 5139 1854 5224">
    <p class='ocr_par' dir='ltr' id='par_1_101' title="bbox 260 5139 1854 5224">
     <span class='ocr_line' id='line_1_101' title="bbox 260 5139 1854 5224; baseline 0.006 -28"><span class='ocrx_word' id='word_1_699' title='bbox 260 5139 399 5196; x_wconf 85' lang='grc' dir='ltr'>Τότε</span> <span class='ocrx_word' id='word_1_700' title='bbox 455 5141 725 5217; x_wconf 74' lang='grc' dir='ltr'>ἐπληρώθη</span> <span class='ocrx_word' id='word_1_701' title='bbox 779 5147 838 5196; x_wconf 87' lang='grc' dir='ltr'>τὸ</span> <span class='ocrx_word' id='word_1_702' title='bbox 885 5146 1060 5219; x_wconf 69' lang='grc' dir='ltr'>ῥηθὲν,</span> <span class='ocrx_word' id='word_1_703' title='bbox 1111 5142 1393 5215; x_wconf 77' lang='grc' dir='ltr'>δείκνυσιν,</span> <span class='ocrx_word' id='word_1_704' title='bbox 1444 5148 1523 5201; x_wconf 85' lang='grc' dir='ltr'>ὃτι</span> <span class='ocrx_word' id='word_1_705' title='bbox 1584 5159 1736 5204; x_wconf 80' lang='grc' dir='ltr'>τοῦτο</span> <span class='ocrx_word' id='word_1_706' title='bbox 1773 5156 1854 5224; x_wconf 82' lang='grc' dir='ltr'>γέ-</span> 
     </span>
    </p>
   </div>
   <div class='ocr_carea' id='block_1_102' title="bbox 255 5229 1855 5312">
    <p class='ocr_par' dir='ltr' id='par_1_102' title="bbox 255 5229 1855 5312">
     <span class='ocr_line' id='line_1_102' title="bbox 255 5229 1855 5312; baseline 0.007 -29"><span class='ocrx_word' id='word_1_707' title='bbox 255 5249 390 5302; x_wconf 87' lang='grc' dir='ltr'>γονε,</span> <span class='ocrx_word' id='word_1_708' title='bbox 447 5229 749 5304; x_wconf 83' lang='grc' dir='ltr'>προειδότος</span> <span class='ocrx_word' id='word_1_709' title='bbox 817 5241 906 5285; x_wconf 84' lang='grc' dir='ltr'>τοῦ</span> <span class='ocrx_word' id='word_1_710' title='bbox 958 5240 1112 5301; x_wconf 82' lang='grc' dir='ltr'>Θεοῦ,</span> <span class='ocrx_word' id='word_1_711' title='bbox 1175 5241 1263 5290; x_wconf 83' lang='grc' dir='ltr'>καὶ</span> <span class='ocrx_word' id='word_1_712' title='bbox 1323 5245 1855 5312; x_wconf 75' lang='grc' dir='ltr'>προαναφωνήσαντος</span> 
     </span>
    </p>
   </div>
   <div class='ocr_carea' id='block_1_103' title="bbox 256 5315 1854 5401">
    <p class='ocr_par' dir='ltr' id='par_1_103' title="bbox 256 5315 1854 5401">
     <span class='ocr_line' id='line_1_103' title="bbox 256 5315 1854 5401; baseline 0.008 -30"><span class='ocrx_word' id='word_1_713' title='bbox 256 5319 383 5371; x_wconf 75' lang='grc' dir='ltr'>αὐτὸ</span> <span class='ocrx_word' id='word_1_714' title='bbox 440 5315 533 5373; x_wconf 82' lang='grc' dir='ltr'>διὰ</span> <span class='ocrx_word' id='word_1_715' title='bbox 578 5329 670 5374; x_wconf 84' lang='grc' dir='ltr'>τοῦ</span> <span class='ocrx_word' id='word_1_716' title='bbox 735 5327 1139 5395; x_wconf 75' lang='grc' dir='ltr'>προφήτου,-καὶ</span> <span class='ocrx_word' id='word_1_717' title='bbox 1213 5333 1662 5400; x_wconf 82' lang='grc' dir='ltr'>συγχωρήσαντος</span> <span class='ocrx_word' id='word_1_718' title='bbox 1721 5336 1854 5401; x_wconf 86' lang='grc' dir='ltr'>γενέ-</span> 
     </span>
    </p>
   </div>
   <div class='ocr_carea' id='block_1_104' title="bbox 1964 4705 3620 4780">
    <p class='ocr_par' dir='ltr' id='par_1_104' title="bbox 1964 4705 3620 4780">
     <span class='ocr_line' id='line_1_104' title="bbox 1964 4705 3620 4780; baseline -0.002 -16"><span class='ocrx_word' id='word_1_719' title='bbox 1964 4708 2172 4779; x_wconf 88' lang='lat' dir='ltr'>magni</span> <span class='ocrx_word' id='word_1_720' title='bbox 2211 4709 2389 4765; x_wconf 86' lang='lat' dir='ltr'>futuri</span> <span class='ocrx_word' id='word_1_721' title='bbox 2430 4712 2628 4766; x_wconf 88' lang='lat' dir='ltr'>essent</span> <span class='ocrx_word' id='word_1_722' title='bbox 2657 4723 3042 4780; x_wconf 89' lang='lat' dir='ltr'>nequaquam</span> <span class='ocrx_word' id='word_1_723' title='bbox 3087 4707 3210 4764; x_wconf 85' lang='lat' dir='ltr'>vita</span> <span class='ocrx_word' id='word_1_724' title='bbox 3248 4705 3620 4780; x_wconf 88' lang='lat' dir='ltr'>privaturum</span> 
     </span>
    </p>
   </div>
   <div class='ocr_carea' id='block_1_105' title="bbox 1964 4797 3620 4871">
    <p class='ocr_par' dir='ltr' id='par_1_105' title="bbox 1964 4797 3620 4871">
     <span class='ocr_line' id='line_1_105' title="bbox 1964 4797 3620 4871; baseline -0.002 -17"><span class='ocrx_word' id='word_1_725' title='bbox 1964 4798 2168 4855; x_wconf 89' lang='lat' dir='ltr'>fuisse.</span> <span class='ocrx_word' id='word_1_726' title='bbox 2197 4802 2399 4871; x_wconf 88' lang='lat' dir='ltr'>Neque</span> <span class='ocrx_word' id='word_1_727' title='bbox 2423 4799 2608 4856; x_wconf 89' lang='lat' dir='ltr'>multo</span> <span class='ocrx_word' id='word_1_728' title='bbox 2635 4802 2770 4871; x_wconf 88' lang='lat' dir='ltr'>post</span> <span class='ocrx_word' id='word_1_729' title='bbox 2804 4814 3128 4871; x_wconf 91' lang='lat' dir='ltr'>puerorum</span> <span class='ocrx_word' id='word_1_730' title='bbox 3154 4797 3491 4854; x_wconf 87' lang='lat' dir='ltr'>interfector</span> <span class='ocrx_word' id='word_1_731' title='bbox 3515 4798 3620 4851; x_wconf 89' lang='lat' dir='ltr'>He-</span> 
     </span>
    </p>
   </div>
   <div class='ocr_carea' id='block_1_106' title="bbox 1964 4885 3618 4960">
    <p class='ocr_par' dir='ltr' id='par_1_106' title="bbox 1964 4885 3618 4960">
     <span class='ocr_line' id='line_1_106' title="bbox 1964 4885 3618 4960; baseline -0.003 -16"><span class='ocrx_word' id='word_1_732' title='bbox 1964 4887 2135 4944; x_wconf 88' lang='lat' dir='ltr'>rodes</span> <span class='ocrx_word' id='word_1_733' title='bbox 2165 4903 2378 4960; x_wconf 74' lang='lat' dir='ltr'>poenas</span> <span class='ocrx_word' id='word_1_734' title='bbox 2407 4887 2573 4944; x_wconf 87' lang='lat' dir='ltr'>dedit</span> <span class='ocrx_word' id='word_1_735' title='bbox 2607 4886 2880 4944; x_wconf 69' lang='lat' dir='ltr'>violenta:</span> <span class='ocrx_word' id='word_1_736' title='bbox 2920 4887 3120 4953; x_wconf 63' lang='lat' dir='ltr'>caadis,</span> <span class='ocrx_word' id='word_1_737' title='bbox 3154 4885 3369 4943; x_wconf 89' lang='lat' dir='ltr'>acerba</span> <span class='ocrx_word' id='word_1_738' title='bbox 3426 4889 3618 4941; x_wconf 88' lang='lat' dir='ltr'>morte</span> 
     </span>
    </p>
   </div>
   <div class='ocr_carea' id='block_1_107' title="bbox 1965 4975 3214 5049">
    <p class='ocr_par' dir='ltr' id='par_1_107' title="bbox 1965 4975 3214 5049">
     <span class='ocr_line' id='line_1_107' title="bbox 1965 4975 3214 5049; baseline -0.003 -16"><span class='ocrx_word' id='word_1_739' title='bbox 1965 4976 2148 5033; x_wconf 89' lang='lat' dir='ltr'>vitam</span> <span class='ocrx_word' id='word_1_740' title='bbox 2181 4975 2436 5045; x_wconf 86' lang='lat' dir='ltr'>solvens,</span> <span class='ocrx_word' id='word_1_741' title='bbox 2465 4980 2641 5049; x_wconf 88' lang='lat' dir='ltr'>prout</span> <span class='ocrx_word' id='word_1_742' title='bbox 2669 4977 2874 5034; x_wconf 89' lang='lat' dir='ltr'>scribit</span> <span class='ocrx_word' id='word_1_743' title='bbox 2896 4975 3214 5048; x_wconf 89' lang='lat' dir='ltr'>Josephus.</span> 
     </span>
    </p>
   </div>
   <div class='ocr_carea' id='block_1_108' title="bbox 2037 5060 3611 5136">
    <p class='ocr_par' dir='ltr' id='par_1_108' title="bbox 2037 5060 3611 5136">
     <span class='ocr_line' id='line_1_108' title="bbox 2037 5060 3611 5136; baseline -0.003 -17"><span class='ocrx_word' id='word_1_744' title='bbox 2037 5067 2192 5120; x_wconf 89' lang='lat' dir='ltr'>Vers.</span> <span class='ocrx_word' id='word_1_745' title='bbox 2215 5069 2298 5120; x_wconf 87' lang='lat' dir='ltr'>l7.</span> <span class='ocrx_word' id='word_1_746' title='bbox 2324 5066 2854 5136; x_wconf 49' lang='lat' dir='ltr'>Tunc&#39;completum</span> <span class='ocrx_word' id='word_1_747' title='bbox 2869 5071 2947 5121; x_wconf 82' lang='lat' dir='ltr'>est</span> <span class='ocrx_word' id='word_1_748' title='bbox 2965 5067 3206 5119; x_wconf 86' lang='lat' dir='ltr'>—Vers.</span> <span class='ocrx_word' id='word_1_749' title='bbox 3226 5063 3312 5120; x_wconf 90' lang='grc'>18.</span> <span class='ocrx_word' id='word_1_750' title='bbox 3335 5077 3454 5118; x_wconf 81' lang='lat' dir='ltr'>non</span> <span class='ocrx_word' id='word_1_751' title='bbox 3473 5060 3611 5116; x_wconf 75' lang='lat' dir='ltr'>sint.</span> 
     </span>
    </p>
   </div>
   <div class='ocr_carea' id='block_1_109' title="bbox 1966 5151 3611 5224">
    <p class='ocr_par' dir='ltr' id='par_1_109' title="bbox 1966 5151 3611 5224">
     <span class='ocr_line' id='line_1_109' title="bbox 1966 5151 3611 5224; baseline -0.002 -15"><span class='ocrx_word' id='word_1_752' title='bbox 1966 5153 2220 5220; x_wconf 87' lang='lat' dir='ltr'>Quando</span> <span class='ocrx_word' id='word_1_753' title='bbox 2251 5153 2392 5210; x_wconf 91' lang='lat' dir='ltr'>dicit</span> <span class='ocrx_word' id='word_1_754' title='bbox 2425 5156 2623 5211; x_wconf 86' lang='lat' dir='ltr'>:Tunc</span> <span class='ocrx_word' id='word_1_755' title='bbox 2679 5154 3028 5224; x_wconf 80' lang='lat' dir='ltr'>completum</span> <span class='ocrx_word' id='word_1_756' title='bbox 3051 5159 3137 5210; x_wconf 83' lang='lat' dir='ltr'>est</span> <span class='ocrx_word' id='word_1_757' title='bbox 3189 5151 3341 5224; x_wconf 86' lang='lat' dir='ltr'>quod</span> <span class='ocrx_word' id='word_1_758' title='bbox 3385 5151 3611 5206; x_wconf 81' lang='lat' dir='ltr'>dictum</span> 
     </span>
    </p>
   </div>
   <div class='ocr_carea' id='block_1_110' title="bbox 1965 5241 3611 5316">
    <p class='ocr_par' dir='ltr' id='par_1_110' title="bbox 1965 5241 3611 5316">
     <span class='ocr_line' id='line_1_110' title="bbox 1965 5241 3611 5316; baseline -0.004 -16"><span class='ocrx_word' id='word_1_759' title='bbox 1965 5249 2066 5315; x_wconf 83' lang='lat' dir='ltr'>est,</span> <span class='ocrx_word' id='word_1_760' title='bbox 2101 5242 2412 5314; x_wconf 84' lang='lat' dir='ltr'>signiﬁcat,</span> <span class='ocrx_word' id='word_1_761' title='bbox 2445 5244 2558 5300; x_wconf 90' lang='lat' dir='ltr'>hoc</span> <span class='ocrx_word' id='word_1_762' title='bbox 2588 5243 2938 5316; x_wconf 83' lang='lat' dir='ltr'>providente</span> <span class='ocrx_word' id='word_1_763' title='bbox 2984 5245 3102 5298; x_wconf 90' lang='lat' dir='ltr'>Deo</span> <span class='ocrx_word' id='word_1_764' title='bbox 3133 5241 3358 5298; x_wconf 93' lang='lat' dir='ltr'>factum</span> <span class='ocrx_word' id='word_1_765' title='bbox 3387 5253 3516 5294; x_wconf 90' lang='lat' dir='ltr'>esse</span> <span class='ocrx_word' id='word_1_766' title='bbox 3542 5253 3611 5294; x_wconf 91' lang='lat' dir='ltr'>ac</span> 
     </span>
    </p>
   </div>
   <div class='ocr_carea' id='block_1_111' title="bbox 1968 5327 3611 5406">
    <p class='ocr_par' dir='ltr' id='par_1_111' title="bbox 1968 5327 3611 5406">
     <span class='ocr_line' id='line_1_111' title="bbox 1968 5327 3611 5406; baseline -0.001 -18"><span class='ocrx_word' id='word_1_767' title='bbox 1968 5347 2073 5404; x_wconf 88' lang='lat' dir='ltr'>per</span> <span class='ocrx_word' id='word_1_768' title='bbox 2096 5333 2454 5404; x_wconf 87' lang='lat' dir='ltr'>Prophetam</span> <span class='ocrx_word' id='word_1_769' title='bbox 2481 5332 2858 5406; x_wconf 63' lang='lat' dir='ltr'>praedicente,</span> <span class='ocrx_word' id='word_1_770' title='bbox 2882 5335 2937 5390; x_wconf 87' lang='lat' dir='ltr'>et</span> <span class='ocrx_word' id='word_1_771' title='bbox 2959 5331 3042 5390; x_wconf 90' lang='lat' dir='ltr'>ita</span> <span class='ocrx_word' id='word_1_772' title='bbox 3071 5329 3193 5388; x_wconf 84' lang='lat' dir='ltr'>fieri</span> <span class='ocrx_word' id='word_1_773' title='bbox 3219 5327 3611 5403; x_wconf 88' lang='lat' dir='ltr'>permittente,</span> 
     </span>
    </p>
   </div>
   <div class='ocr_carea' id='block_1_112' title="bbox 1484 5504 2419 5578">
    <p class='ocr_par' dir='ltr' id='par_1_112' title="bbox 1484 5504 2419 5578">
     <span class='ocr_line' id='line_1_112' title="bbox 1484 5504 2419 5578; baseline 0.007 -7"><span class='ocrx_word' id='word_1_774' title='bbox 1484 5504 1712 5575; x_wconf 72' lang='lat' dir='ltr'>Variae</span> <span class='ocrx_word' id='word_1_775' title='bbox 1745 5508 2074 5576; x_wconf 88' lang='lat' dir='ltr'>lectiones</span> <span class='ocrx_word' id='word_1_776' title='bbox 2118 5517 2184 5577; x_wconf 92' lang='lat' dir='ltr'>et</span> <span class='ocrx_word' id='word_1_777' title='bbox 2213 5518 2419 5578; x_wconf 78' lang='lat' dir='ltr'>notae.</span> 
     </span>
    </p>
   </div>
   <div class='ocr_carea' id='block_1_113' title="bbox 326 5692 2098 5777">
    <p class='ocr_par' dir='ltr' id='par_1_113' title="bbox 326 5692 2098 5777">
     <span class='ocr_line' id='line_1_113' title="bbox 326 5692 2098 5777; baseline 0.006 -27"><span class='ocrx_word' id='word_1_778' title='bbox 326 5694 438 5770; x_wconf 79' lang='lat'>(58)</span> <span class='ocrx_word' id='word_1_779' title='bbox 468 5692 784 5768; x_wconf 86' lang='lat' dir='ltr'>Josephus,</span> <span class='ocrx_word' id='word_1_780' title='bbox 816 5693 900 5753; x_wconf 86' lang='lat' dir='ltr'>De</span> <span class='ocrx_word' id='word_1_781' title='bbox 933 5695 1080 5755; x_wconf 79' lang='lat' dir='ltr'>bello</span> <span class='ocrx_word' id='word_1_782' title='bbox 1097 5696 1362 5772; x_wconf 77' lang='lat' dir='ltr'>Iudaico,</span> <span class='ocrx_word' id='word_1_783' title='bbox 1386 5698 1489 5758; x_wconf 87' lang='lat' dir='ltr'>lib.</span> <span class='ocrx_word' id='word_1_784' title='bbox 1521 5718 1560 5771; x_wconf 87' lang='grc' dir='ltr'>ι,</span> <span class='ocrx_word' id='word_1_785' title='bbox 1594 5717 1727 5775; x_wconf 89' lang='lat' dir='ltr'>cap.</span> <span class='ocrx_word' id='word_1_786' title='bbox 1760 5703 1848 5771; x_wconf 80' lang='grc'>21,</span> <span class='ocrx_word' id='word_1_787' title='bbox 1876 5717 1938 5777; x_wconf 91' lang='lat' dir='ltr'>p.</span> <span class='ocrx_word' id='word_1_788' title='bbox 1970 5707 2098 5765; x_wconf 87' lang='lat'>772.</span> 
     </span>
    </p>
   </div>
  </div>
