4180 6452
578 426 682 482 155

1891 421 2243 479 EUTHYMII
2284 421 2616 480 ZIGABENI

3828 429 3942 485 156

582 549 912 608 secundum
953 565 1125 606 suam
1175 549 1692 620 gubernationem.
1723 548 1956 605 Rbama
1999 563 2222 603 nomen

2335 550 2459 600 σθαι
2509 546 2579 602 δι’
2629 550 2952 623 οἰκονομίαν.
2990 552 3153 626 Ῥαμὰ
3181 556 3271 626 μὲν
3301 550 3389 607 οὖν
3441 558 3602 628 ὄνομα
3644 551 3704 614 ἧν
3743 557 3939 622 τόπου,

581 645 705 696 erat
723 639 834 694 loci
867 639 930 694 in
971 638 1283 694 Bethleem.
1316 638 1653 695 Nominavit
1681 643 1882 694 autem
1925 635 2222 693 Bethleem

576 727 808 792 Rachel,
842 733 1084 800 propter
1137 727 1347 783 Rachel
1394 743 1644 782 uxorem
1703 726 1906 791 Jacob,
1967 741 2106 798 quae
2164 725 2224 780 in

577 817 870 872 Bethleem
906 816 1140 889 sepulta
1168 821 1276 873 est.
1303 818 1613 886 Postquam
1647 821 1846 872 autem
1877 815 2025 870 dixit
2052 831 2066 869 :
2101 815 2227 871 Vox

574 905 637 960 in
669 905 903 961 Rhama
929 905 1138 961 audita
1169 909 1271 969 est,
1307 903 1572 960 subdens
1619 903 1903 970 declarat,
1947 919 2084 975 quae
2114 917 2227 958 vox

577 993 772 1058 fuerit,
788 1009 1007 1064 nempe
1037 993 1405 1056 lamentatio,
1424 992 1712 1064 ploratus,
1728 997 1784 1048 et
1804 992 1978 1047 ﬂetus
1993 990 2226 1056 multus,

575 1088 820 1154 propter
835 1082 1318 1138 crudelissimam
1336 1097 1658 1153 puerorum
1675 1080 2147 1137 exstinctionem.
2165 1082 2230 1135 Et

577 1170 769 1227 noluit
807 1170 1109 1226 Bethleem
1167 1169 1635 1226 consolationem
1690 1169 2023 1235 admittere,
2087 1168 2230 1240 quia

577 1258 749 1331 pueri
804 1259 898 1314 sui
938 1274 1062 1315 non
1113 1262 1270 1324 sunt,
1310 1259 1426 1314 hoc
1465 1263 1568 1323 est,
1601 1272 1724 1314 non
1785 1258 2020 1315 vivunt.
2085 1256 2230 1312 Hinc

579 1351 783 1404 autem
814 1347 1168 1403 calamitatis
1195 1347 1429 1420 aperuit
1459 1345 1963 1416 magnitudinem.

651 1437 790 1491 Vers
843 1438 907 1491 19
963 1436 1198 1490 Mortuo
1253 1465 1326 1477 —
1379 1437 1540 1490 Vers.
1596 1435 1684 1489 20.
1749 1435 1954 1491 Pueri.
1987 1433 2228 1492 Terram

581 1523 759 1580 Israel
819 1523 1162 1596 simpliciter
1211 1522 1360 1580 dixit
1418 1523 1822 1579 Palaestinam.
1888 1524 2228 1588 Qumrentes

581 1618 780 1670 autem
803 1612 1068 1668 animam
1084 1613 1272 1684 pueri,
1288 1618 1350 1668 ut
1366 1628 1497 1668 eam
1510 1611 1825 1675 auferrent,
1847 1616 1904 1667 et
1931 1626 2228 1683 acorpora

581 1706 945 1775 separarent,
987 1702 1255 1758 diciteos
1285 1701 1387 1773 qui
1437 1700 1728 1756 Herodem
1778 1701 2222 1770 contingebant.

650 1793 692 1862 1-
718 1793 958 1847 Mortem
987 1792 1263 1847 acerbam
1283 1789 1494 1846 habuit
1525 1789 1808 1845 Herodes.
1831 1789 2012 1845 Febre
2041 1792 2225 1859 enim,

2331 640 2381 689 εν
2435 639 2679 711 Βηθλεεμ·
2730 639 2929 712 Ῥαχὴλ
2988 638 3047 694 δε
3085 650 3176 701 τὴν
3227 643 3452 716 Βηθλεὲμ
3511 645 3792 716 ὠνόμασεν,
3826 642 3940 695 ἀπὸ

2330 725 2550 798 Ῥαχὴλ,
2598 737 2692 790 τῆς
2739 733 2986 799 γυναικὸς
3034 731 3241 800 Ἰακὼϐ,
3281 737 3530 803 ταφείσης
3574 731 3619 784 ἐν
3667 731 3929 801 Βηθλεέμ..

2335 816 2502 868 Εἰπὼν
2553 813 2632 883 δε,
2677 819 2756 868 ὅτι
2788 823 2930 876 Φωνὴ
2985 819 3034 870 ἐν
3062 819 3225 891 Ῥαμὰ
3265 821 3524 887 ἠκούσθη,
3579 820 3936 893 ἐφερμηνεύει,

2335 909 2410 964 τίς
2450 900 2510 975 ᾖν
2555 906 2584 961 ἠ
2643 910 2802 976 φωνὴ,
2858 908 2937 957 ὅτι
2997 909 3198 978 θρῆνος,
3254 913 3342 960 καὶ
3396 911 3462 960 τὰ
3509 907 3638 974 ἑξῆς,
3704 905 3797 959 διὰ
3834 914 3938 967 τὴν

2337 992 2607 1063 ὠμοτάτην
2664 992 2926 1067 ἀναίρεσιν
3000 1004 3096 1046 τών
3164 993 3407 1052 παιδίων,
3478 1001 3574 1049 Καὶ
3621 996 3715 1048 οὐκ
3755 996 3938 1054 ἤθελεν

2336 1082 2365 1137 ἠ
2421 1081 2643 1152 Βηθλεὲμ
2671 1085 3126 1154 παρηγορηθῆναι,
3189 1080 3326 1136 διότι
3368 1085 3458 1136 ουκ
3491 1085 3591 1136 εἰσὶ
3629 1087 3694 1136 τὰ
3735 1082 3942 1137 παιδία

2337 1170 2463 1228 αὐτῆ
2477 1192 2516 1235 ς,
2544 1175 2832 1233 τουτέστιν,
2865 1172 2922 1223 οὐ
2950 1173 3128 1232 ζῶσιν.
3157 1172 3405 1227 Ἐντεῦθεν
3433 1169 3491 1226 δι
3521 1177 3613 1231 τὴν
3644 1173 3938 1249 ὑπερϐολὴν

2337 1266 2428 1311 τοῦ
2457 1261 2652 1320 πάθους
2681 1259 2899 1333 ὶνίφηνε.

2406 1437 2814 1501 Τελευτήσαντος
2870 1472 2937 1480 -
2999 1436 3240 1494 παιδίου.
3315 1446 3413 1498 Γῆν
3471 1440 3700 1513 Ἰσραὴλ,
3761 1440 3938 1504 ἁπλῶς

2337 1526 2445 1580 εἶπε
2480 1532 2572 1586 τὴν
2603 1528 2971 1587 Παλαιστίνην·
3027 1530 3308 1590 ζητοῦντας
3362 1525 3420 1581 δε
3450 1533 3542 1587 τὴν
3597 1529 3782 1600 ψυχὴν
3839 1538 3935 1581 τοῦ

2336 1614 2578 1684 παιδίου,
2609 1626 2700 1669 τοῦ
2729 1617 2905 1690 ἐξᾶραι
2937 1618 3098 1675 αὐτὴν
3133 1621 3220 1669 καὶ
3250 1614 3524 1680 διαζεύξαι
3550 1625 3640 1670 τοῦ
3672 1622 3934 1689 σώματος,

2338 1710 2468 1776 φησὶ
2499 1709 2618 1767 τοὺς
2649 1711 2764 1778 περὶ
2785 1710 2870 1758 τόν
2893 1703 3154 1778 Ἡρώδην.

2406 1795 2448 1863 εί-
2482 1797 2676 1866 Πικράν
2724 1795 2837 1864 (59)
2879 1795 3112 1852 τελευτὴν
3159 1795 3315 1866 ἔσχεν
3368 1794 3394 1845 ὀ
3423 1790 3681 1866 Ἡρώδης,
3727 1804 3934 1867 πυρετῷ

578 1881 934 1953 dysenteria,
955 1879 1171 1945 scabie,
1199 1879 1471 1952 podagra
1507 1894 1578 1934 ac
1604 1878 1998 1933 verendorum
2025 1884 2225 1950 putre-

2335 1887 2424 1934 καὶ
2470 1879 2796 1956 δυσεντερίᾳ,
2853 1888 2935 1934 καὶ
2989 1891 3206 1954 κνησμῷ
3262 1887 3351 1934 καὶ
3395 1886 3534 1953 ὄγκῳ
3581 1879 3779 1949 ποδῶν,
3837 1888 3929 1935 καὶ

580 1969 740 2036 dine,
771 1971 1151 2038 generatione
1179 1968 1498 2036 vermium,
1557 1966 1821 2038 spirandi
1863 1966 2222 2034 difﬁcultate,

581 2061 911 2114 actremore
940 2057 1358 2113 membrorum
1386 2055 1610 2112 malam
1642 2055 1819 2111 solvit
1845 2056 2134 2113 animam.

652 2234 815 2289 Vers.
846 2235 934 2291 21.
982 2234 1094 2302 Qui
1123 2233 1414 2290 excitatus
1444 2263 1512 2272 -—
1537 2232 1698 2288 Vers.
1726 2233 1815 2286 22.
1834 2233 1948 2288 Ire.
1983 2232 2228 2290 Volebat

579 2322 820 2394 quidem
837 2323 1172 2378 habitarein
1189 2321 1453 2394 partibus
1465 2321 1494 2375 J
1501 2321 2011 2392 udmae,siquidem
2023 2323 2050 2376 J
2059 2321 2227 2378 udzea

579 2416 635 2468 et
655 2411 894 2468 Galilaea
910 2412 1220 2468 Palestina:
1242 2409 1518 2480 regiones
1534 2414 1721 2465 erant.
1747 2411 1960 2464 Verum
1986 2415 2227 2482 propter

574 2499 928 2556 Archelaum
958 2499 1154 2556 timuit
1191 2499 1290 2554 illo
1320 2499 1424 2563 ire,
1484 2513 1559 2552 ne
1586 2497 1732 2553 forte
1763 2502 1819 2553 et
1840 2501 1965 2569 ipse
1995 2502 2225 2569 patrem

575 2588 905 2644 mitaretur.
940 2592 1143 2660 Neque
1177 2587 1340 2642 enim
1371 2585 1762 2642 determinate
1788 2585 2228 2656 signiﬁcaverat

578 2676 828 2744 angelus
856 2673 1241 2731 habitationis
1281 2673 1503 2740 locum,
1564 2677 1632 2730 ut
1683 2673 1967 2730 fiduciam
2006 2673 2226 2731 habere

577 2769 802 2837 posset.

652 2852 812 2909 Scire
853 2855 1053 2908 autem
1086 2855 1330 2923 oportet,
1375 2849 1560 2923 quod,
1619 2854 1852 2907 mortuo
1901 2865 2225 2923 puerorum

578 2940 951 2998 interfectore
1014 2940 1260 3008 Herode,
1315 2945 1575 3012 quatuor
1631 2939 1768 2994 ﬁliis
1818 2939 1949 3010 ejus
2003 2940 2221 3007 electis,

577 3028 774 3085 divisit
811 3029 1006 3085 Caesar
1031 3032 1332 3098 Augustus
1371 3043 1625 3099 regnum
1668 3029 1884 3101 ipsius.
1935 3030 2223 3088 Archelao

577 3117 825 3189 quidem
863 3117 1084 3174 Iudaeae
1136 3117 1443 3188 regionem
1507 3117 1846 3185 distribuit;
1898 3117 2030 3174 aliis
2081 3134 2224 3174 vero

579 3210 766 3280 partes
818 3206 986 3272 alias,
1077 3207 1229 3263 sicut
1284 3206 1423 3262 dicit
1490 3207 1676 3262 Lucas
1725 3208 1793 3264 ⁸⁸.
1863 3207 1976 3263 Eos
2025 3213 2224 3264 autem

2335 3209 2590 3283 ἀπένειμε,
2661 3219 2766 3271 τοῖς

576 3311 748 3366 reges
815 3296 1140 3353 tetrarchas
1198 3296 1548 3361 nominavit,
1616 3296 1901 3367 quoniam
1971 3297 2225 3369 quisque

579 3399 783 3440 eorum
801 3390 1028 3456 quarta:
1042 3383 1229 3457 partis
1254 3384 1651 3457 principatum
1681 3385 1943 3441 tenebat.
1972 3383 2145 3450 Quod
2173 3385 2223 3438 si

577 3473 766 3530 Lucas
790 3474 1065 3530 Pontium
1105 3473 1354 3530 Pilatum
1383 3472 1605 3529 Judaem
1627 3473 1942 3543 praesidem
1972 3473 2222 3543 scripsit,

577 3562 726 3618 nihil
756 3563 1000 3619 mirum.
1031 3561 1421 3617 Postmodum
1453 3560 1612 3616 enim
1641 3562 1927 3617 Archelao
1953 3576 1985 3615 e
2041 3576 2225 3630 regno

577 3655 816 3722 propter
850 3650 1260 3706 accusationes
1309 3649 1518 3718 ejecto,
1573 3648 1635 3702 in
1687 3655 1990 3718 posterum
2046 3664 2226 3705 nemo

579 3752 703 3803 rex,
737 3737 840 3793 sed
862 3740 1212 3810 procurator
1263 3736 1589 3791 dicebatur.
1634 3736 1840 3808 Itaque
1894 3735 2114 3793 Pilatus
2165 3737 2225 3794 in

584 3825 894 3897 praesidem
910 3824 1131 3881 Iudaeae
1147 3823 1258 3880 sub
1274 3823 1505 3880 Tiberio
1523 3825 1751 3882 Caesare
1767 3840 1803 3882 a
1816 3827 1993 3882 Roma
2008 3825 2223 3882 missus

583 3919 674 3970 est
700 3913 786 3986 (ι).

651 4003 818 4057 Vers.
858 4003 952 4060 22.
999 4002 1252 4058 Oraculo
1303 4007 1494 4059 autem
1553 4009 1782 4074 accepto
1833 4035 1903 4046 -
1944 4005 2220 4064 Vers.23.

583 4089 915 4147 Nazareth.
948 4090 1119 4162 Atqui
1141 4091 1188 4145 si
1208 4089 1265 4147 in
1287 4091 1549 4148 Judaaam
1570 4093 1652 4149 ire
1675 4095 1974 4150 metuebat
1988 4099 2226 4167 propter

581 4177 958 4247 Archelaum,
986 4179 1302 4250 oportebat
1331 4185 1388 4236 et
1419 4180 1720 4238 Galilmam
1753 4183 1956 4239 timere
1984 4189 2226 4256 propter
2271 4237 2275 4240 .

580 4265 817 4325 fratrem
849 4268 972 4340 ejus
1000 4268 1314 4336 Herodem,
1370 4269 1470 4342 qui
1525 4270 1588 4326 in
1618 4287 1690 4328 ea
1738 4272 2026 4328 tetrarcha
2078 4277 2222 4339 erat,

582 4356 732 4413 sicut
750 4356 890 4413 dicit
919 4358 1134 4414 Lucas.
1168 4358 1388 4415 Verum
1421 4357 1740 4426 Bethleem,
1766 4362 1877 4418 sita
1904 4361 1965 4418 in
1997 4360 2222 4426 Iudaea,

580 4451 855 4516 suspecta
884 4450 1029 4502 erat.

647 4535 810 4589 Vers.
844 4533 938 4589 23.
1013 4533 1089 4590 Ut
1140 4565 1209 4575 —
1272 4536 1592 4594 vocabitur.
1656 4541 1725 4594 Et
1787 4539 2034 4594 ubinam
2109 4537 2224 4595 hoc

2339 1970 2498 2040 σήψει
2525 1977 2617 2022 τοῦ
2665 1967 2870 2023 αἰδοίου
2915 1971 3188 2032 σκώληκας
3216 1976 3471 2043 γεννώση,
3513 1975 3601 2021 καὶ
3644 1967 3926 2042 δυσπνοίᾳ,

2335 2065 2424 2111 καὶ
2475 2064 2671 2134 τρόμῳ,
2723 2064 2812 2111 καὶ
2853 2068 3080 2131 σπασμῷ
3110 2068 3206 2111 τῶν
3251 2059 3433 2131 μελῶν,
3485 2057 3777 2134 ἀπορρήξας
3833 2064 3927 2117 τὴν

2335 2150 2562 2222 πονηρὰν
2593 2148 2799 2219 ψυχήν.

2403 2236 2460 2288 Ὀ
2516 2233 2574 2289 δε
2625 2236 2848 2308 ἔγερθεὶς
2904 2267 2974 2277 -
3026 2235 3276 2290 ἀπελθεῖν.
3312 2235 3576 2289 Ἐϐούλετο
3622 2238 3708 2308 μεν
3748 2255 3923 2287 κατοιο

2333 2334 2498 2385 κῆσαι
2531 2325 2580 2377 ἕν
2628 2334 2738 2386 τοῖς
2766 2329 2947 2398 μίρεσι
2993 2334 3087 2386 τῆς
3118 2322 3396 2384 Ἰουδαίας·
3429 2333 3606 2397 χῶραι
3652 2326 3753 2398 γὰρ
3792 2321 3918 2380 ἦσαν

2334 2422 2429 2475 τῆς
2459 2414 2828 2476 Παλαιστίνης,
2876 2417 2905 2473 ἠ
2957 2433 3009 2465 τε
3041 2411 3277 2466 Ἰουδαία
3323 2418 3411 2465 καὶ
3438 2416 3467 2470 ἠ
3513 2411 3775 2464 Γαλιλαία·
3827 2408 3920 2463 διὰ

2336 2499 2395 2554 δε
2423 2505 2510 2554 τὸν
2549 2502 2830 2576 Ἀρχέλαον
2880 2501 3105 2574 ἐφοϐήθη
3139 2501 3247 2554 ἐκεῖ
3297 2501 3550 2568 ἀπελθεῖν,
3602 2506 3801 2564 μήποτε
3836 2503 3925 2552 καὶ

2335 2591 2492 2653 αὐτὸς
2542 2597 2843 2663 μιμάσηται
2870 2595 2956 2642 τόν
2987 2594 3206 2663 πατέρα.
3269 2591 3342 2642 Οὐ
3373 2593 3471 2664 γὰρ
3519 2586 3697 2650 ἰδικῶς
3724 2588 3928 2661 ἐσήμα-

2334 2698 2412 2731 νεν
2467 2681 2492 2731 ό
2540 2679 2757 2751 ἄγγελος
2822 2683 2907 2732 τὸν
2960 2685 3112 2732 τόπον
3183 2687 3275 2741 τῆς
3328 2683 3619 2747 κατοικίας,
3676 2679 3760 2730 ἱνα
3811 2681 3929 2751 ἔχοι

2338 2766 2561 2842 Θαρῥεῖν.

2405 2861 2519 2931 Χρὴ
2573 2853 2632 2909 δε
2667 2862 2939 2928 γινώσκειν
2996 2858 3098 2922 ὅτι,
3151 2863 3243 2908 τοῦ
3286 2852 3635 2908 παιδοκτόνου
3686 2851 3925 2929 Ἡρώδου

2333 2943 2750 3015 τελευτήσαντος,
2824 2953 2933 3007 τοῖς
3002 2947 3326 3018 προκριθείσι
3405 2950 3659 3017 τέσσαρσι
3739 2948 3926 2997 τούτου

2331 3039 2487 3086 παισὶ
2513 3039 2606 3092 την
2651 3032 2923 3106 βασιλείαν
2967 3033 3122 3085 αὑτοῦ
3173 3029 3354 3086 διεῖλεν
3403 3034 3427 3084 ὁ
3468 3039 3671 3105 Καῖσαρ
3729 3036 3929 3103 Αὔγου-

2335 3141 2475 3183 στος·
2521 3127 2611 3174 καὶ
2676 3132 2746 3192 τῷ
2790 3126 2879 3194 μεν
2931 3121 3200 3194 Ἀρχελάῳ
3253 3127 3345 3179 τὴν
3414 3117 3672 3173 Ἰουδαίαν
3744 3127 3927 3192 χώραν

2850 3210 3022 3272 ἄλλοις
3093 3208 3151 3262 δε
3201 3212 3290 3271 τὰς
3335 3210 3491 3271 ἄλλας
3563 3206 3803 3282 μερίδας,
3863 3212 3929 3270 ὦς

2333 3318 2490 3371 φησιν
2544 3300 2570 3350 ό
2624 3305 2852 3361 Λουκᾶς.
2904 3300 3159 3370 Ὠνόμασε
3209 3295 3266 3350 δε
3325 3299 3514 3359 αὐτοὺς
3570 3296 3809 3370 βασιλεῖς
3845 3317 3925 3350 τε-

2331 3389 2590 3461 τράρχας,
2650 3384 2792 3440 διότι
2829 3389 3044 3449 ἕκαστος
3094 3388 3340 3459 τετάρτης
3370 3382 3580 3458 μερίδος
3635 3382 3819 3460 ἦρχεν.
3867 3385 3929 3438 Εἰ

2333 3472 2392 3528 δε
2443 3478 2468 3528 ὁ
2514 3482 2715 3536 Λουκᾶς
2765 3479 2848 3528 τὸν
2904 3481 3116 3528 Πόντιον
3168 3475 3390 3527 Πιλάτον
3448 3476 3773 3546 ἡγεμονεύειν
3832 3481 3926 3534 τῆς

2334 3560 2593 3627 Ἰουδαίας
2658 3563 2962 3637 ἀνέγραψεν,
3039 3559 3188 3615 οὐδὲν
3241 3568 3433 3617 καινόν.
3490 3569 3734 3635 Ὕστερον
3800 3565 3925 3635 γὰρ,

2335 3653 2626 3725 Ἀρχελάου
2668 3662 2759 3715 τῆς
2809 3652 3081 3726 βασιλείας
3132 3653 3435 3713 ἐκπεσόντος
3481 3650 3535 3703 ἐκ
3589 3656 3924 3724 κατηγορίας,

2330 3741 2502 3794 οὐκέτι
2553 3739 2822 3813 βασιλεὺς,
2865 3740 2972 3792 ἀλλ’
3022 3740 3314 3815 ἐπίτροπος,
3373 3744 3536 3793 εἶτουν
3574 3741 3780 3812 ἡγεμὼν
3834 3746 3930 3800 τῆς

2329 3827 2591 3903 Ἰουδαίας
2643 3831 2668 3880 ό
2737 3829 2957 3891 Πιλάτος
3027 3830 3126 3881 ὑπὸ
3177 3827 3414 3903 Τιϐερίου
3495 3832 3762 3900 Καίσαρος
3825 3826 3928 3880 ἀπὸ

2327 3902 2528 3990 Ῥώμης
2560 3916 2901 3980 ἔξαπεστάλη.

2402 4009 2796 4080 Χρηματισθεὶς
2854 4003 3011 4060 δε-
3066 4007 3329 4079 Ναζαρέτ.
3386 4009 3487 4059 Καὶ
3544 4009 3669 4077 μὴν,
3727 4008 3769 4056 εί
3832 4006 3928 4060 τὴν

2333 4091 2596 4149 Ἰουδαίαν
2628 4094 2878 4167 ἕφοϐηθη,
2913 4091 2985 4148 δι’
3030 4094 3334 4169 Ἀρχέλαον,
3373 4091 3478 4147 ἔδει
3519 4093 3808 4166 φοϐηθῆναι
3837 4097 3930 4144 καὶ

2331 4189 2424 4242 τήν
2485 4183 2778 4251 Γαλιλαίαν,
2849 4180 2942 4237 διὰ
2992 4187 3078 4236 τόν
3141 4179 3358 4256 ἀδελφόν
3431 4182 3590 4234 αὐτοῦ
3660 4177 3930 4256 Ἡρώδην,

2331 4280 2722 4348 τετραρχοῦντα
2773 4271 2954 4336 αὐτῆς,
3012 4273 3079 4334 ὥς
3137 4291 3266 4344 φησι
3319 4276 3543 4332 Λουκᾶς·
3604 4268 3770 4328 mw;
3825 4276 3930 4327 Βη-

2335 4361 2483 4434 θλεὲμ
2515 4358 2574 4420 ἧν
2602 4362 2846 4427 ὕποπτος,
2881 4359 2927 4412 ἐν
2958 4367 3020 4433 τῇ
3057 4357 3292 4433 Ἰουδαίᾳ
3314 4364 3541 4432 κειμένη.

2400 4538 2577 4600 Ὀπως
2627 4568 2697 4580 -
2725 4537 3062 4596 κληθήσεται.
3123 4541 3223 4590 Καὶ
3270 4543 3411 4590 ποῖοι
3470 4543 3733 4610 προφῆται
3772 4542 3930 4588 τοῦτο

579 4621 887 4694 propheta
943 4621 1267 4678 dixerunt?
1324 4627 1402 4681 Ne
1457 4641 1740 4698 quaeras;
1796 4641 1993 4698 neque
2063 4626 2222 4682 enim

2333 4624 2494 4696 εἶπον,
2535 4631 2603 4700 μη
2659 4627 2912 4699 ζητήσῃς·
2963 4625 3068 4698 οὐχ
3113 4627 3346 4701 εὑρήσεις
3390 4627 3515 4699 γὰρ,
3566 4620 3706 4676 διότι
3763 4622 3933 4676 πολλὰ

577 4710 864 4768 invenies.
880 4711 1142 4768 Plurima
1163 4713 1320 4770 enim
1338 4715 1829 4786 propheticorum
1846 4715 2221 4772 voluminum

576 4799 907 4872 perierunt:
938 4801 1152 4872 partim
1183 4803 1428 4875 quidem
1463 4819 1568 4874 per
1606 4803 1944 4875 frequentes
1976 4804 2220 4876 captivi-

577 4891 725 4944 tates
753 4904 766 4954 ;
797 4890 1009 4960 partim
1031 4894 1230 4947 autem
1248 4897 1493 4964 propter
1515 4891 1899 4948 Hebraeorum
1918 4892 2221 4966 negligen-

576 4975 720 5033 tiam
750 4993 763 5044 ;
795 4979 1086 5037 nonnulla
1114 4995 1349 5053 quoque
1387 4983 1631 5052 propter
1660 4980 1974 5040 malitiam.

649 5152 694 5189 ⁶⁸
723 5151 858 5210 Luc.
885 5168 964 5223 ιιι,
999 5155 1052 5210 1.

2330 4725 2429 4769 τῶν
2486 4723 2815 4789 προφητικῶν
2875 4713 3088 4786 βιϐλίων
3145 4713 3425 4779 ἀπώλοντο,
3465 4715 3528 4765 τὰ
3574 4711 3662 4784 μὲν
3723 4709 3770 4761 ἰν
3815 4718 3932 4772 ταῖς

2329 4803 2738 4877 αἰχμαλωσίαις,
2771 4801 2838 4855 τὰ
2869 4799 2926 4855 δε
2978 4808 3068 4855 καὶ
3123 4801 3176 4866 ἐξ
3224 4801 3462 4875 ἀμελείας
3500 4809 3598 4853 τῶν
3653 4798 3929 4872 Ἐϐραίων,

2328 4896 2447 4946 τινὰ
2475 4888 2534 4946 δε
2562 4896 2651 4945 καὶ
2681 4890 2735 4944 ἔκ
2764 4895 3103 4968 κακουργίας.

1806 5253 2030 5324 Variae
2059 5254 2388 5327 lectiones
2421 5262 2487 5325 et
2515 5263 2716 5326 notae.

637 5393 755 5474 (59)
780 5393 945 5474 _Haac
973 5392 1295 5474 Bentenius
1321 5393 1384 5451 in
1413 5393 1632 5452 codicis
1659 5395 1747 5452 sui
1767 5398 2036 5474 margine
2057 5415 2213 5474 repe-

569 5466 747 5522 rerat.
780 5466 847 5520 In
876 5468 1089 5520 neutro
1136 5479 1386 5522 meorum
1431 5472 1798 5540 comparent.
1834 5466 1981 5528 Su'nt
2009 5466 2210 5531 autem

2319 5402 2664 5527 ἱθιξοίὶξεέξῗ
2681 5397 3104 5527 'll‘goglliyllacitg,
3116 5413 3169 5525 ἑ
3191 5413 3314 5472 quo
3341 5396 3578 5456 addidi.
3607 5396 3753 5454 Vide
3768 5395 3926 5455 edit.

2367 5491 2404 5527 a
2435 5491 2486 5527 13
2655 5514 2670 5527 .
2764 5503 2784 5512 -
2876 5513 2888 5526 .
2961 5512 2975 5527 .
3078 5513 3090 5524 .
3167 5513 3178 5524 .

2322 5470 2486 5531 Paris
2516 5477 2670 5539 1631,
2699 5470 2975 5543 ίη-ίοιζρ.
3003 5471 3090 5526 16.
3116 5471 3178 5525 Β.

644 5640 708 5711 (ι’)
741 5637 1006 5725 Amplius
1044 5656 1164 5699 non
1195 5658 1298 5701 rex
1338 5644 1528 5717 (erat),
1561 5646 1665 5704 sed
1691 5655 2041 5720 procurator
2067 5667 2174 5710 seu
2203 5666 2418 5725 praises
2444 5649 2666 5708 Iudaea
2718 5648 2945 5707 Pilatus
2973 5665 3011 5708 a
3048 5648 3278 5707 Tiberio
3308 5647 3540 5707 Cmaare
3578 5649 3759 5704 Roma
3788 5644 3940 5704 mis-

573 5726 679 5772 sus
702 5713 848 5769 erat.
