4180 6456
267 471 369 528 15⁸1
1240 467 1606 526 COMMENT.
1648 466 1726 522 IN
1766 465 2213 523 MATTHIEUM.
2253 497 2320 509 —
2360 466 2520 524 CAP.
2553 467 2653 524 III.
3513 469 3616 524 158

339 601 484 652 lii-14>.
555 593 625 648 1".
707 603 916 670 Πρῶτος
984 597 1232 657 Ἰωάννης
1305 593 1522 666 ἐκήρυξε
1593 591 1864 666 βασιλείαν
1897 594 1990 648 Α(

1974 592 2127 648 CAP.
2207 593 2298 648 Ill.
2348 591 2588 650 Primus
2649 592 2901 649 Joannes
2949 592 3298 663 medicauit
3372 608 3611 664 regnum

932 685 1182 759 οὐρανῶν.

2645 683 2937 739 caelorum.

335 790 415 844 Ἐν
447 786 504 843 δὲ
535 797 647 852 ταῖς
689 793 910 864 ἡμέραις
949 823 1016 831 -
1063 787 1349 852 Ἰουδαίας.
1388 789 1468 842 Ἐν
1517 793 1691 850 ποίαις
1741 790 1862 860 ἡμέ-

2041 787 2186 858 Cap.
2227 788 2312 852 Ill,
2348 803 2499 842 vers.
2540 787 2590 841 1.
2643 787 2713 841 In
2752 787 2954 842 diebus
3020 795 3213 844 autem
3261 817 3331 829 —
3359 787 3603 844 Μάκαι.

257 899 374 954 ραις
406 895 419 944 ;
447 879 522 931 Οὐ
575 881 676 952 γὰρ
729 881 902 948 ὁπότε,
943 887 1068 942 παῖς
1110 881 1177 930 ὢν
1221 881 1246 930 6
1291 880 1519 944 Ἰησοῦς,
1566 878 1636 938 εἰς
1682 878 1860 938 Ναζα-

1970 878 2033 932 In
2055 877 2275 949 quibus
2294 876 2506 931 diebus
2522 877 2550 932 ?
2571 879 2768 948 Neque
2798 877 2955 932 enim
2991 877 3237 949 quando
3275 879 3446 933 Jesus
3468 892 3615 948 puer

254 986 341 1043 ρετ
398 963 547 1024 ἦλθεν
606 967 660 1030 ἐξ
713 967 998 1038 Αἰγύπτου,
1049 967 1153 1019 ἀλλ’
1202 966 1250 1018 ἐν
1302 975 1375 1037 τῷ
1422 973 1720 1038 τριακοστῷ
1772 966 1864 1017 αὐ-

1969 966 2166 1021 adhuc
2197 981 2268 1020 ex
2298 967 2528 1036 Egypo
2554 965 2714 1020 venit
2770 965 3073 1031 Nazarelh,
3131 965 3236 1020 sed
3295 982 3432 1021 cum
3485 967 3611 1036 jam

252 1063 344 1108 τοῦ
397 1058 606 1117 πάντως
660 1059 779 1121 ἔτει,
830 1059 1001 1118 καθὼς
1047 1059 1240 1130 ἱστορεί
1288 1061 1515 1117 Λουκᾶς.
1567 1054 1702 1108 Ἀλλ’
1749 1056 1863 1116 ἔθος

1969 1054 2207 1123 triginta
2257 1058 2414 1109 esset
2465 1067 2784 1116 annorum,
2830 1054 2979 1109 sicut
3054 1060 3254 1108 narrat
3314 1055 3500 1108 Lucas
3531 1056 3604 1110 ‘°.

252 1143 362 1197 ἐστὶ
402 1153 464 1217 τῇ
514 1151 716 1218 Γραφῇ,
747 1149 806 1197 τὸ
843 1144 890 1198 ἐν
932 1152 1041 1205 ταῖς
1074 1147 1292 1219 ἡμέραις
1335 1145 1544 1205 ἐκείναις
1575 1145 1688 1215 (60)
1719 1145 1859 1196 ἀκω-

1969 1145 2182 1198 Verum
2237 1142 2552 1214 Scripturaa
2619 1157 2751 1197 mos
2781 1146 2886 1208 est,
2942 1143 3007 1196 In
3074 1143 3275 1198 diebus
3351 1142 3476 1196 illis
3527 1141 3615 1196 di-

248 1231 414 1294 λύτως
439 1233 626 1304 λέγειν,
659 1232 732 1305 ἐφ’
785 1230 843 1285 οὖ
873 1234 934 1286 ἂν
965 1233 1180 1306 ἐθελήσῃ
1231 1238 1448 1308 χρόνου,
1501 1229 1735 1306 δηλούσῃ
1768 1237 1860 1304 μό-

1969 1247 2119 1296 cere,
2147 1230 2263 1287 hoc
2308 1235 2414 1296 est,
2449 1231 2860 1303 sequentibus,
2892 1231 2966 1286 de
3013 1231 3281 1304 quolibet
3319 1234 3606 1302 tempore,

251 1341 336 1373 νον
385 1325 472 1373 τὸν
522 1325 702 1393 καιρὸν
755 1323 962 1392 ἐκεῖνον,
1015 1322 1126 1393 ἓνῷ
1156 1326 1382 1394 γέγονεν,
1429 1319 1860 1393 ἀδιηγήσασθαι

1968 1319 2411 1376 manifestando
2441 1319 2634 1375 solum
2666 1326 2902 1391 tempus
2931 1319 3097 1384 illud,
3124 1335 3242 1392 quo
3269 1318 3424 1375 facta
3453 1323 3611 1385 sunt,

260 1407 525 1481 βούλεται,
571 1412 802 1483 καθάπερ
849 1415 938 1463 καὶ
980 1418 1067 1462 νῦν
1115 1412 1140 1463 6
1187 1409 1574 1483 Εὐαγγελιστής
1623 1410 1855 1475 ἐποίησε,

1966 1424 2102 1480 quin
2125 1406 2502 1464 narrarevult
2520 1424 2531 1461 :
2548 1407 3068 1480 quemadmodum
3091 1423 3251 1461 nunc
3282 1408 3610 1464 fecitEvan-

254 1499 321 1548 τά
357 1497 406 1548 ἐν
436 1500 578 1569 μέσῳ
608 1495 987 1572 παραδραμών.

1965 1496 2193 1566 gelista,
2223 1511 2358 1567 quin
2385 1496 2443 1550 in
2470 1495 2668 1550 medio
2699 1500 2838 1551 sunt
2868 1496 3339 1567 praetermittens.

328 1589 428 1639 Καὶ
475 1583 623 1638 διατὶ
667 1590 794 1659 μετὰ
841 1590 1147 1660 τριακοστὸν
1202 1589 1311 1648 ἔτος
1355 1589 1380 1639 6
1420 1591 1650 1660 Χριστὸς
1707 1585 1854 1646 ἡλθεν

2035 1587 2099 1640 Et
2123 1600 2308 1656 quare
2338 1591 2471 1655 post
2497 1584 2858 1640 tricesimum
2903 1599 3132 1639 annum
3172 1583 3608 1640 venitChristus

252 1672 336 1726 ἐπὶ
385 1677 441 1725 τὸ
491 1673 773 1747 βάπτισμα
805 1692 819 1739 ;
850 1680 992 1728 Διὸτι
1032 1677 1061 1735 ἡ
1113 1675 1292 1734 ἡλικία
1333 1677 1464 1734 αὐτη
1509 1684 1718 1750 στερεοῦ
1764 1681 1853 1729 καὶ

1961 1672 2038 1728 ad
2065 1672 2368 1744 baptisma
2395 1672 2584 1737 ?0uia
2608 1677 2750 1728 tetas
2764 1672 2892 1727 hinc
2917 1671 3123 1727 solidat
3138 1677 3315 1744 atque
3338 1671 3608 1744 perfectas

249 1763 628 1824 καθεστηκότος
706 1761 819 1815 ἐστὶ
899 1769 1240 1838 φρονήματος.
1318 1764 1455 1817 Ἐπεὶ
1515 1767 1613 1837 γὰρ
1680 1764 1852 1836 ἔμελλε

1959 1761 2286 1834 prudentia:
2324 1767 2428 1816 est.
2463 1761 2612 1825 Quia
2676 1763 2836 1816 enim
2870 1760 3134 1816 futurum
3165 1764 3309 1824 erat,
3370 1766 3433 1816 ut
3462 1765 3609 1817 vete-

249 1857 540 1920 μεταποιεῖν
585 1853 674 1923 μεν
728 1855 814 1903 τὸν
861 1851 1079 1904 παλαιὸν
1118 1857 1292 1924 νόμον,
1339 1854 1626 1924 νομοθετεῖν
1675 1850 1733 1906 δε
1763 1857 1850 1906 τὸν

1959 1865 2084 1904 rem
2115 1853 2537 1905 transmutaret
2565 1848 2776 1918 legem,
2810 1864 3152 1921 novamque
3177 1849 3457 1905 conderet
3484 1867 3497 1917 ;
3531 1849 3609 1905 ad

247 1942 375 2003 νέον,
421 1943 478 1990 τὸ
529 1936 588 1992 δὲ
630 1947 924 2012 μεταποιεῖν
975 1945 1064 1992 καὶ
1115 1943 1401 2012 νομοθετεῖν
1456 1945 1694 1994 τοιούτου
1745 1939 1898 1996 δεῖ-1

1959 1936 2482 1992 transmutandum
2547 1944 2746 1992 autem
2780 1940 2838 1992 et
2894 1937 3276 1994 statuendum
3332 1937 3430 1992 tali
3461 1953 3607 2008 opus

247 2046 332 2078 ται
385 2032 732 2100 φρονήματος,
801 2027 1026 2098 ἀνέμεινε
1087 2031 1276 2086 ταύτην
1329 2033 1420 2088 τήν
1477 2029 1701 2087 ἡλικίαν.
1767 2022 1850 2083 Δι-

1957 2030 2082 2081 erat
2114 2025 2444 2096 sapientia:
2478 2025 2613 2080 ideo
2674 2029 2901 2081 tantam
2958 2025 3322 2098 exspectavit
3349 2030 3603 2082 aetatem.

251 2113 402 2166 ελθὼν
429 2118 528 2187 γὰρ
559 2120 808 2187 πρότερον
853 2117 949 2176 τὰς
995 2112 1289 2186 ἐπισφαλεῖς
1335 2116 1560 2185 ἡλικίας,
1605 2117 1735 2188 λέγω
1779 2115 1846 2176 δή

1959 2113 2222 2168 Primum
2265 2112 2557 2184 siquidem
2609 2112 2870 2168 lubricas
2921 2113 3326 2185 pertransiens
3377 2119 3601 2179 aetates,

251 2207 346 2260 τήν
390 2199 669 2268 παιδικήν,
713 2202 760 2254 ἐν
855 2202 982 2254 πολύ
1034 2206 1089 2254 τὸ
1135 2201 1368 2272 ἀνόητον,
1412 2210 1501 2257 καὶ
1543 2210 1635 2264 τὴν
1675 2225 1848 2278 μειραο

1958 2217 2175 2272 nempe
2189 2200 2526 2272 pueritiam,
2550 2215 2686 2272 quas
2710 2201 2960 2256 multam
2982 2201 3162 2256 habet
3182 2202 3607 2273 insipientiam,

253 2287 448 2357 κιώδη,
495 2290 602 2362 ἐνῇ
640 2287 865 2363 σφοδρὸν
892 2294 948 2343 τὸ
980 2287 1276 2362 φιλήδονον,
1324 2296 1413 2343 καὶ
1458 2298 1550 2351 τὴν
1596 2301 1850 2362 νεανικήν,

1960 2289 2442 2357 adolescentiam,
2473 2290 2643 2358 cujus
2669 2293 2757 2343 est
2785 2289 3160 2344 vehementia
3185 2289 3606 2360 'voluptatum;

251 2377 504 2450 ἐνῇλίαν
554 2382 612 2430 τὸ
667 2379 1074 2451 φιλοχρήματον,
1135 2382 1182 2430 ἐν
1239 2388 1300 2452 τῇ
1353 2378 1598 2454 ἀνδρικῇ,
1640 2387 1772 2436 κατά
1801 2404 1854 2438 τε

1958 2379 2351 2450 juventutem,
2395 2378 2451 2432 in
2482 2393 2604 2449 qua
2635 2377 2822 2432 nimia
2863 2382 2954 2433 est
2981 2377 3273 2442 avaritia;
3313 2383 3520 2449 postea
3549 2377 3609 2435 in

251 2475 404 2540 σῶμα
461 2473 550 2520 καὶ
603 2473 860 2540 φρόνημα,
910 2467 1084 2520 λοιπὸν
1134 2465 1281 2526 ἦλθεν
1312 2467 1393 2520 ἐπὶ
1443 2474 1499 2522 τὸ
1551 2470 1852 2545 βάπτισμα,

1965 2472 2134 2522 aetate
2151 2465 2449 2531 virili,tam
2476 2465 2678 2538 quoad
2701 2481 3127 2538 corpus,quam
3145 2466 3346 2538 quoad
3361 2466 3616 2538 pruden-

253 2556 357 2626 ἵνα,
407 2555 509 2609 ἀπὸ
557 2560 743 2609 τούτου
795 2554 1149 2628 ἀναδειχθεὶς,
1206 2555 1432 2609 ἐντεῦθεν
1484 2559 1708 2629 ἄρξηται
1767 2569 1855 2614 τοῦ

1963 2555 2128 2620 tiam,
2153 2555 2313 2611 venit
2363 2553 2442 2610 ad
2493 2554 2799 2626 baptisma
2832 2576 2845 2610 :
2875 2559 2938 2610 ut
2968 2555 3046 2610 ab
3091 2554 3206 2610 hoc
3239 2554 3611 2612 demonstra-

249 2641 525 2698 διδάσκειν
567 2650 655 2697 καὶ
705 2654 900 2717 σημεῖα
946 2652 1133 2700 ποιεῖν.
1175 2647 1269 2696 Διά
1296 2653 1449 2698 τοῦτο
1479 2650 1580 2721 γὰρ
1622 2653 1736 2702 τότε
1765 2656 1854 2702 καὶ

1966 2647 2079 2708 tus,
2120 2643 2400 2715 deinceps
2451 2643 2664 2699 docere
2707 2642 3008 2716 inciperet,
3052 2643 3342 2716 signaque
3381 2643 3599 2701 facere.

252 2735 279 2785 6
317 2732 556 2797 Ἰωάννης
609 2737 709 2788 ὑπό
763 2742 896 2790 Θεοῦ
956 2739 1213 2808 πέμπεται
1265 2738 1394 2810 πρὸς
1443 2740 1529 2789 τὸν
1585 2735 1855 2810 Ἰορδάνην

1966 2735 2205 2804 Propter
2226 2732 2336 2788 hoc
2354 2732 2510 2788 enim
2539 2732 2717 2787 etiam
2735 2736 2875 2788 tunc
2887 2731 3151 2788 Joannes
3166 2748 3201 2788 a
3215 2733 3333 2788 Deo
3356 2732 3606 2790 mittitur

254 2825 538 2895 κηρύσσων
581 2823 692 2896 (61)
726 2823 1028 2898 βάπτισμα,
1064 2824 1147 2876 ἵνα
1186 2821 1279 2876 διὰ
1320 2827 1378 2877 τὸ
1425 2823 1708 2900 βάπτισμα
1737 2847 1858 2881 συν·-

1965 2821 2043 2877 ad
2076 2820 2415 2885 Jordanem,
2443 2820 2778 2892 prmdicans
2807 2821 3200 2892 baptismum,
3235 2826 3298 2876 ut
3326 2820 3609 2893 baptismi

256 2908 502 2985 δράμωσι
547 2912 744 2980 πολλοὶ,
787 2917 876 2965 καὶ
933 2913 1145 2973 ἐπιστὰς
1185 2913 1210 2964 6
1251 2917 1484 2987 Χριστὸς
1523 2915 1682 2987 μέσον
1735 2917 1856 2970 πολ-

1967 2925 2149 2966 causa
2190 2909 2356 2964 multi
2396 2914 2834 2980 concurrerent,
2866 2914 2924 2965 et
2951 2909 3012 2966 in
3050 2910 3251 2966 medio
3282 2909 3608 2967 multorum

249 2999 349 3051 λῶν
402 3003 734 3075 μαρωρηθῇ,
788 3002 1011 3054 κάτωθεν
1067 3005 1158 3075 μὲν
1223 3005 1365 3077 παρὰ
1418 3002 1672 3067 Ἰωάννου,
1728 3007 1857 3058 ἄνω-

1965 3003 2168 3057 astans
2223 2998 2505 3062 Christus,
2556 2997 2960 3054 testimonium
3012 2999 3326 3069 acciperet,
3387 2997 3611 3054 inferne

255 3089 336 3140 θεν
386 3084 445 3141 δέ
488 3093 630 3162 παρὰ
685 3098 776 3142 τοῦ
824 3094 1028 3163 Πατρός
1074 3095 1164 3143 καὶ
1210 3098 1300 3143 τοῦ
1353 3091 1504 3163 ἀγίου
1534 3097 1851 3166 Πνεύματος,

1964 3089 2207 3160 quidem
2235 3103 2272 3142 a
2295 3088 2546 3153 Joanne,
2580 3102 2836 3158 superne
2866 3102 3008 3142 vero
3037 3103 3072 3143 a
3101 3087 3272 3143 Patre
3303 3091 3359 3142 et
3391 3087 3611 3159 Spiritu

249 3180 338 3228 καὶ
404 3175 650 3246 ἐντεῦθεν,
722 3176 1141 3250 ἐπισπασάμενος
1207 3182 1389 3241 αὐτοὺς
1452 3181 1676 3255 ἄρξηται
1739 3203 1846 3255 μυ·

1964 3181 2191 3242 sancto,
2217 3180 2274 3231 et
2309 3175 2449 3230 hinc
2475 3191 2577 3230 eos
2616 3175 2940 3238 attrahens,
2974 3174 3259 3247 inciperet
3287 3176 3472 3232 sacris
3505 3174 3612 3230 ini-

253 3269 541 3336 σταγωγείν
571 3269 661 3316 καὶ
694 3267 1127 3340 θαυματουργεῖν,
1881 3289 1904 3343 ί

1001 3274 1127 3336 γεῖν.
1881 3289 1920 3343 C
1961 3265 2126 3333 tiare,
2151 3263 2436 3321 miracula
2460 3266 2652 3319 edere.

320 3356 424 3404 Καὶ
471 3354 626 3403 πόθεν
679 3353 704 3402 6
741 3353 986 3413 Ἰωάννης
1027 3357 1368 3428 παραγέγονεν
1409 3353 1579 3422 ;Ἀπὸ
1633 3366 1726 3419 τῆς
1775 3357 1845 3410 ἕνα

2031 3352 2195 3408 Unde
2224 3357 2423 3407 autem
2454 3350 2612 3405 venit
2637 3353 2894 3406 Joannes
2923 3351 2952 3405 ‘2
2979 3350 3068 3405 Ab
3093 3350 3355 3406 interiori
3384 3365 3607 3406 eremo.

250 3436 470 3510 δο-έρας
518 3438 733 3513 ἐρήμου.
797 3444 933 3496 Φησὶ
978 3443 1078 3514 γὰρ
1129 3443 1154 3492 6
1203 3447 1430 3513 Λουκᾷς,
1485 3445 1566 3496 ὅτι
1622 3445 1847 3517 Ἐγίνετο

1962 3441 2046 3497 Ait
2075 3439 2237 3497 enim
2262 3439 2484 3496 Lucas:
2518 3439 2757 3494 Factum
2788 3444 2870 3493 est
2901 3437 3136 3494 verbum
3170 3438 3406 3494 Domini
3433 3453 3613 3507 super

249 3529 396 3604 ῥῆμα
465 3533 599 3580 Θεοῦ
673 3525 756 3578 ἐπὶ
804 3527 1044 3586 Ἰωάννην
1111 3533 1198 3581 τὸν
1255 3537 1344 3582 τοῦ
1405 3537 1670 3604 Ζαχαρίου
1736 3535 1847 3587 υἱὸν

1960 3529 2250 3594 Joannem,
2304 3527 2608 3583 Zachariasr
2658 3527 2868 3596 ﬁlium,
2927 3527 2989 3581 in
3037 3526 3264 3582 deserto
3297 3542 3312 3592 ;
3343 3532 3394 3580 et
3451 3526 3611 3584 venit

250 3615 299 3669 ἐν
360 3623 422 3688 τῇ
488 3613 684 3690 ἐρήμῳ,
739 3619 828 3668 καὶ
905 3613 1050 3674 ἦλθεν
1124 3623 1193 3680 εὶς
1245 3622 1338 3677 τὴν
1404 3626 1698 3696 περίχωρον
1754 3632 1844 3676 τοῦ

1954 3618 2016 3674 in
2061 3618 2370 3688 regionem,
2421 3631 2550 3686 qua
2591 3615 2754 3672 circa
2797 3615 3110 3672 Jordanem
3177 3616 3376 3671 erat".
3439 3615 3601 3672 Hanc

248 3701 535 3778 Ἰορδάνου.
596 3705 800 3761 Ταύτην
881 3708 1052 3757 τοίνυν
1121 3711 1214 3765 τήν
1283 3712 1576 3784 περίχωρον
1628 3712 1654 3762 6
1703 3719 1844 3766 Ματ-

1954 3707 2129 3777 igitur
2177 3707 2504 3775 regionem,
2545 3720 2677 3777 qua)
2727 3703 2886 3760 circa
2931 3703 3255 3759 Jordanem
3296 3707 3441 3769 erat,
3470 3707 3605 3761 Mat-

246 3797 389 3857 θαῖος
438 3794 628 3866 ἔρημον
674 3801 768 3855 τῆς
800 3789 1064 3855 Ἰουδαίας
1106 3795 1360 3869 ὠνόμασε.
1416 3801 1514 3850 Δύο
1559 3801 1660 3874 γὰρ
1698 3809 1843 3854 νοοῦ-

1955 3795 2136 3852 thaeus
2166 3795 2466 3851 desertum
2484 3793 2818 3850 nominavit
2840 3793 3089 3848 Judteaa.
3124 3793 3284 3848 Duas
3309 3792 3606 3864 siquidem

243 3902 333 3956 μεν
364 3881 586 3954 ἐρήμους
619 3897 632 3911 θ
666 3885 786 3953 μίαν
833 3884 923 3954 μὲν
973 3886 1067 3941 τὴν
1135 3881 1426 3957 ἓνδοτέραν,
1471 3885 1556 3959 ἀφ’
1597 3889 1659 3950 ἧς
1686 3885 1832 3948 ἦλθε·

1951 3885 2144 3941 innuit
2197 3899 2427 3940 eremos
2465 3906 2477 3937 :
2523 3899 2707 3938 unam
2753 3881 3119 3949 interiorem,
3165 3897 3202 3938 a
3255 3897 3379 3954 qua
3435 3882 3595 3937 venit

245 3967 488 4043 δευτέραν
518 3967 598 4037 δὲ,
639 3973 733 4030 τήν
775 3973 918 4044 παρὰ
967 3972 1086 4044 (62)
1109 3975 1194 4024 τὸν
1235 3969 1524 4046 Ἰορδάνην,
1557 3974 1632 4048 ἐφ’
1676 3979 1736 4036 ἣν
1765 3977 1842 4041 ἐξ-

1955 3975 2208 4030 Ioannes
2242 3989 2255 4038 ;
2315 3972 2586 4035 alteram,
2625 3987 2763 4044 qua:
2801 3971 2960 4027 circa
3009 3970 3332 4027 Jordanem
3369 3974 3492 4027 erat
3525 3968 3606 4026 ad

242 4055 388 4116 ῆλθε.

1950 4078 2134 4135 quam
2158 4063 2336 4117 venit.

315 4149 415 4198 Καὶ
487 4145 646 4218 λέγων
707 4178 776 4187 -
832 4149 862 4206 ἡ
919 4145 1161 4220 βασιλεία
1227 4158 1324 4202 τῶν
1391 4151 1645 4224 οὐρανῶν.
1734 4162 1838 4208 Με-

2021 4153 2182 4206 Vers.
2214 4155 2266 4205 2.
2288 4151 2367 4206 Et
2397 4149 2594 4205 dicens
2610 4179 2677 4190 -
2701 4162 2941 4218 regnum
2966 4148 3256 4203 calorum.
3289 4147 3597 4219 Pmniteat,

241 4240 482 4300 remetire,
531 4239 710 4306 φησὶν,
766 4234 842 4307 ἐφ’
890 4231 961 4298 οἷς
1018 4239 1354 4310 ἡμαρτήκατε
1388 4259 1400 4272 ·
1435 4243 1623 4311 ἦγγικε
1667 4245 1768 4316 γὰρ
1812 4246 1838 4296 6

1956 4230 2163 4312 inquit,
2195 4254 2305 4294 vos
2335 4253 2604 4294 errorum
2636 4242 2972 4292 vestrorum
3000 4253 3018 4306 ;
3048 4235 3230 4290 instat
3258 4236 3419 4291 enim
3449 4235 3607 4291 Chri-

240 4325 493 4394 Χριστὸς,
545 4321 714 4375 ὀπίσω
755 4342 856 4395 μου
890 4323 1169 4397 ἕρχόμενος
1212 4326 1415 4398 (τοῦτον
1451 4330 1550 4401 γὰρ
1596 4336 1684 4380 νῦν
1733 4330 1840 4384 ὀνο-

1956 4324 2242 4398 stus,qui,
2275 4329 2520 4396 postme
2550 4329 2834 4380 venturus
2851 4326 2938 4378 est
2967 4321 3132 4395 (nam
3149 4321 3311 4377 hunc
3334 4322 3607 4379 nominat

241 4409 396 4481 μάζει
429 4408 700 4482 βασιλείαν
752 4411 1000 4486 οὐρανῶν,
1033 4417 1104 4477 ὡς
1158 4413 1384 4485 βασιλέα
1417 4415 1672 4490 οὐράνιον,
1706 4423 1839 4472 κατὰ

1951 4415 2044 4472 hic
2097 4409 2710 4484 regnum'ccelorum,
2764 4415 2968 4483 utpote
2994 4409 3293 4466 caelestem
3362 4412 3602 4480 Regem,

238 4501 332 4555 τήν
377 4497 640 4570 θεότητα),
690 4499 740 4560 ὃς
805 4500 1054 4575 εὑρίσκων
1107 4503 1242 4574 ὑμᾶς
1286 4511 1676 4575 μετανοοῦντας,
1733 4504 1836 4560 δω-

1954 4502 2282 4560 secundum
2363 4501 2753 4572 divinitatem)
2799 4517 2811 4556 :
2881 4499 2986 4572 qui
3031 4500 3080 4554 si
3134 4514 3242 4554 vos
3313 4499 3605 4556 invenerit

238 4589 470 4688 pii-errat:
489 4587 670 4657 ἄφεσιν
700 4595 797 4638 τῶν
830 4588 941 4661 (63)
975 4591 1369 4662 ἡμαρτημένων,
1870 4634 1889 4688 Ι

1879 4634 1916 4688 D
1949 4593 2378 4666 resipiscentes,
2410 4589 2659 4647 donabit
2684 4594 3066 4663 peccatorum
3093 4588 3530 4646 remissionem.

311 4671 380 4726 Ἠ
434 4671 703 4746 βασιλείαν
761 4677 986 4748 οὐρανῶν
1052 4677 1185 4750 λέγει
1267 4683 1361 4738 τήν
1430 4679 1689 4734 πολιτείαν
1739 4692 1838 4736 τῶν
1870 4671 1915 4688 υ

2019 4681 2116 4737 Vel
2145 4697 2397 4751 regnum
2424 4679 2706 4736 ccelorum
2755 4679 2898 4735 dicit
2930 4678 3194 4751 politiam
3243 4679 3599 4751 angelicam,

237 4761 485 4834 ἁγγελων,
540 4762 602 4821 ἣν
654 4765 680 4816 6
727 4768 954 4837 Χριστὸς
1002 4767 1122 4819 ὅσον
1149 4769 1291 4820 οὔπω
1339 4771 1623 4840 νομοθετεῖν
1671 4772 1840 4842 ἔμελλε

1953 4785 2132 4842 quam
2174 4769 2436 4826 Christus
2489 4767 2672 4840 paulo
2728 4774 2864 4840 post
2915 4767 3266 4824 conditurus
3319 4772 3448 4824 erat
3499 4785 3604 4840 per

239 4845 332 4902 διὰ
379 4859 479 4902 τῶν
536 4851 877 4924 εὐαγγελικῶν
925 4852 1159 4911 ἐντολῶν.
1221 4859 1438 4928 Λέγεται
1487 4854 1546 4909 δε
1595 4855 1841 4930 βασιλεία

1952 4857 2293 4928 evangelica
2323 4861 2638 4930 precepta.
2670 4857 2891 4914 Dicitur
2919 4872 3163 4930 quoque
3193 4872 3443 4928 regnum
3491 4872 3603 4912 cce-

235 4937 465 5009 οὐρανῶν
510 4944 600 4992 καὶ
649 4943 678 5000 ἡ
735 4939 1024 5004 ἀπόλαυσις
1069 4950 1168 4996 τῶν
1222 4943 1270 4996 ἓν
1313 4945 1552 5020 οὐρανοῖς
1597 4944 1829 5018 ἀγαθῶν.

1953 4946 2164 5012 lorum,
2198 4946 2396 5002 fruitio
2444 4944 2773 5003 caelestium
2819 4945 3140 5002 bonorum.
3194 4947 3501 5016 Signiﬁcat
3547 4950 3604 5002 et

234 5025 394 5084 Δηλοῖ
441 5023 500 5080 δὲ
541 5032 630 5081 καὶ
681 5029 812 5083 ἄλλα
856 5029 1066 5084 πλείονα
1109 5034 1167 5084 τὸ
1212 5033 1372 5106 ὄνομα
1425 5042 1518 5096 τῆς
1567 5033 1840 5106 βασιλείας

1952 5033 2063 5091 alia
2075 5033 2247 5106 plura
2264 5049 2484 5090 nomen
2497 5033 2664 5092 varie
2684 5033 3149 5106 signiﬁcativum
3173 5048 3412 5106 regnum
3440 5034 3603 5089 mlo-

232 5121 336 5166 τῶν
380 5115 631 5192 οὐρανῶν,
691 5118 1086 5192 πολυσήμαντον
1153 5119 1228 5190 ὃν,
1278 5123 1344 5183 ὡς
1384 5125 1647 5194 προϊόντες
1693 5124 1841 5198 εὑρὴ-

1604 5141 1647 5186 ις
1693 5124 1841 5198 εὑρὴ-
1946 5138 2096 5191 rum,
2123 5125 2301 5197 prout
2323 5123 2386 5180 in
2417 5122 2806 5198 sequentibus
2837 5121 2945 5182 erit
2972 5121 3255 5180 invenire.

237 5220 392 5275 σομεν
404 5247 419 5262 ,

1440 5334 1668 5406 Variae
1705 5334 2035 5406 lectiones
2067 5344 2134 5407 et
2171 5343 2374 5406 notae.

305 5442 352 5480 ιο
376 5443 496 5502 Luc
525 5443 728 5516 111,23.
765 5448 808 5484 ιτ
845 5449 903 5505 L.
935 5448 1027 5520 ιιι,
1060 5449 1148 5507 23.

229 5634 340 5724 sit.
374 5634 504 5724 M_ihi
527 5641 614 5724 “in
659 5634 921 5724 mentem
960 5645 1252 5724 veniebat,
1315 5634 1831 5724 ἀπολύτως,“ᾆζ)80-

841 5658 921 5698 3m
960 5645 1252 5724 veniebat,
1315 5634 1831 5724 ἀπολύτως,“ᾆζ)80-
2017 5634 2130 5724 (62)
2171 5634 2405 5724 ηέρμτάν
2429 5650 2492 5706 Α.

225 5705 503 5798 ξιξιεθζ
523 5712 961 5798 chrysostomo,
1007 5705 1266 5798 quihheeo
1305 5722 1515 5778 tractat
1542 5705 1726 5791 tl'vu,
1760 5738 1822 5792 p.

1131 5705 1266 5798 haec
1305 5722 1515 5778 tractat
1542 5705 1726 5791 tl'vu,
1760 5738 1822 5792 p.
2013 5705 2126 5796 (δεῖ
2162 5705 2272 5777 Τῶν
2291 5719 2678 5798 ἁμαρτημάτων
2702 5722 2770 5778 Α.

303 5565 415 5638 (60)
428 5569 525 5649 .Ita
541 5574 788 5641 uterque
800 5571 1016 5628 Codex.
1037 5574 1360 5630 Hentenius
1382 5573 1442 5631 id
1460 5590 1580 5632 non
1597 5591 1833 5649 expres-

312 5678 325 5690 .
374 5639 504 5695 Mihi
552 5641 614 5696 in
659 5646 921 5698 mentem
960 5645 1252 5711 veniebat,
1315 5645 1598 5714 ἀπολύτως,
1658 5649 1831 5705 abso-

303 5711 961 5796 t‘elgquhriysostomo,
1007 5715 1266 5796 quihheec
1305 5722 1515 5778 tractat
1542 5725 1583 5775 t.
1616 5721 1726 5791 Vll,
1760 5738 1822 5792 p.

896 5571 1442 5631 Iex.Henteniusid
1460 5590 1833 5649 nonexpres-
2037 5579 2098 5635 61
2167 5583 2455 5650 Σηρῦσσειν
2486 5578 2547 5633 Β.

896 5660 921 5698 n
960 5645 1252 5726 veniebat,
1315 5645 1598 5714 ἀπολύτως,
1658 5649 1831 5705 abso-
2013 5578 2130 5796 ἓωξ
2171 5653 2405 5738 Περὶρτόν
2429 5650 2493 5706 Α.

896 5729 961 5780 ιο,
1007 5717 1266 5796 quthhaec
1305 5722 1515 5778 tractat
1542 5725 1583 5775 t.
1616 5721 1726 5791 Vll,
1760 5738 1822 5792 p.
2037 5725 2100 5778 63
2162 5728 2272 5777 Των
2291 5740 2547 5796 aucupi-nu

233 5780 335 5837 £39
362 5779 508 5840 nihil
536 5782 601 5842 in
629 5779 786 5844 hanc
811 5779 951 5846 rem
970 5779 1239 5846 efﬁcitur.
