  <div class='ocr_page' id='page_1' title='image "/cluster/home/n/w/nwhite01/storage/ocr_20150623/129/hvd.32044019208511/087.png"; bbox 0 0 4180 6462; ppageno 0'>
   <div class='ocr_carea' id='block_1_1' title="bbox 601 411 708 467">
    <p class='ocr_par' dir='ltr' id='par_1_1' title="bbox 601 411 708 467">
     <span class='ocr_line' id='line_1_1' title="bbox 601 411 708 467; baseline -0.019 0"><span class='ocrx_word' id='word_1_1' title='bbox 601 411 708 467; x_wconf 82' lang='grc'><strong><em>159</em></strong></span> 
     </span>
    </p>
   </div>
   <div class='ocr_carea' id='block_1_2' title="bbox 1931 404 2648 462">
    <p class='ocr_par' dir='ltr' id='par_1_2' title="bbox 1931 404 2648 462">
     <span class='ocr_line' id='line_1_2' title="bbox 1931 404 2648 462; baseline 0.003 -2"><span class='ocrx_word' id='word_1_2' title='bbox 1931 404 2277 461; x_wconf 86' lang='lat' dir='ltr'><strong><em>EUTHYMII</em></strong></span> <span class='ocrx_word' id='word_1_3' title='bbox 2316 404 2648 462; x_wconf 85' lang='lat' dir='ltr'><strong><em>ZIGABENI</em></strong></span> 
     </span>
    </p>
   </div>
   <div class='ocr_carea' id='block_1_3' title="bbox 3892 414 4009 468">
    <p class='ocr_par' dir='ltr' id='par_1_3' title="bbox 3892 414 4009 468">
     <span class='ocr_line' id='line_1_3' title="bbox 3892 414 4009 468; baseline 0.017 -1"><span class='ocrx_word' id='word_1_4' title='bbox 3892 414 4009 468; x_wconf 80' lang='grc'><strong><em>160</em></strong></span> 
     </span>
    </p>
   </div>
   <div class='ocr_carea' id='block_1_4' title="bbox 674 532 2251 612">
    <p class='ocr_par' dir='ltr' id='par_1_4' title="bbox 674 532 2244 605">
     <span class='ocr_line' id='line_1_4' title="bbox 674 532 2244 605; baseline -0.002 -14"><span class='ocrx_word' id='word_1_5' title='bbox 674 536 839 593; x_wconf 83' lang='lat' dir='ltr'><strong><em>Vers.</em></strong></span> <span class='ocrx_word' id='word_1_6' title='bbox 873 534 925 590; x_wconf 90' lang='lat'><strong><em>3.</em></strong></span> <span class='ocrx_word' id='word_1_7' title='bbox 957 534 1072 592; x_wconf 86' lang='lat' dir='ltr'><strong><em>Hic</em></strong></span> <span class='ocrx_word' id='word_1_8' title='bbox 1113 564 1181 576; x_wconf 97' lang='lat'><strong>—</strong></span> <span class='ocrx_word' id='word_1_9' title='bbox 1233 534 1468 592; x_wconf 78' lang='lat' dir='ltr'><strong><em>semitas</em></strong></span> <span class='ocrx_word' id='word_1_10' title='bbox 1533 537 1685 605; x_wconf 82' lang='lat' dir='ltr'><strong><em>ejus.</em></strong></span> <span class='ocrx_word' id='word_1_11' title='bbox 1743 535 1863 590; x_wconf 65' lang='grc' dir='ltr'><strong><em>νοω</em></strong></span> <span class='ocrx_word' id='word_1_12' title='bbox 1919 532 2244 602; x_wconf 81' lang='lat' dir='ltr'><strong><em>clamantis,</em></strong></span> 
     </span>
    </p>
   </div>
   <div class='ocr_carea' id='block_1_5' title="bbox 2357 532 4003 612">
    <p class='ocr_par' dir='ltr' id='par_1_5' title="bbox 2428 534 4003 612">
     <span class='ocr_line' id='line_1_5' title="bbox 2428 534 4003 612; baseline 0.005 -27"><span class='ocrx_word' id='word_1_13' title='bbox 2428 534 2590 596; x_wconf 81' lang='grc' dir='ltr'>Οὗτος</span> <span class='ocrx_word' id='word_1_14' title='bbox 2647 565 2716 576; x_wconf 90' lang='grc'><strong>-</strong></span> <span class='ocrx_word' id='word_1_15' title='bbox 2771 539 2863 598; x_wconf 82' lang='grc' dir='ltr'>τὰς</span> <span class='ocrx_word' id='word_1_16' title='bbox 2918 535 3131 610; x_wconf 75' lang='grc' dir='ltr'>τρίϐους</span> <span class='ocrx_word' id='word_1_17' title='bbox 3183 537 3367 594; x_wconf 73' lang='grc' dir='ltr'>αὐτοῦ.</span> <span class='ocrx_word' id='word_1_18' title='bbox 3445 541 3536 604; x_wconf 84' lang='grc' dir='ltr'>Τὸ,</span> <span class='ocrx_word' id='word_1_19' title='bbox 3594 543 3737 597; x_wconf 70' lang='grc' dir='ltr'><strong><em>Φωνή</em></strong></span> <span class='ocrx_word' id='word_1_20' title='bbox 3817 538 4003 612; x_wconf 69' lang='grc' dir='ltr'>βοῶνς</span> 
     </span>
    </p>
   </div>
   <div class='ocr_carea' id='block_1_6' title="bbox 596 622 2247 696">
    <p class='ocr_par' dir='ltr' id='par_1_6' title="bbox 596 622 2247 696">
     <span class='ocr_line' id='line_1_6' title="bbox 596 622 2247 696; baseline -0.004 -14"><span class='ocrx_word' id='word_1_21' title='bbox 596 623 897 682; x_wconf 80' lang='lat' dir='ltr'><strong><em>defectiva</em></strong></span> <span class='ocrx_word' id='word_1_22' title='bbox 939 629 1027 680; x_wconf 88' lang='lat' dir='ltr'><strong><em>est</em></strong></span> <span class='ocrx_word' id='word_1_23' title='bbox 1078 624 1292 680; x_wconf 81' lang='lat' dir='ltr'><strong><em>oratio.</em></strong></span> <span class='ocrx_word' id='word_1_24' title='bbox 1341 623 1691 696; x_wconf 88' lang='lat' dir='ltr'><strong><em>Intelligitur</em></strong></span> <span class='ocrx_word' id='word_1_25' title='bbox 1747 623 1952 680; x_wconf 90' lang='lat' dir='ltr'><strong><em>enim:</em></strong></span> <span class='ocrx_word' id='word_1_26' title='bbox 1999 622 2123 678; x_wconf 75' lang='grc' dir='ltr'>νοτ</span> <span class='ocrx_word' id='word_1_27' title='bbox 2153 637 2247 677; x_wconf 91' lang='lat' dir='ltr'><strong><em>su-</em></strong></span> 
     </span>
    </p>
   </div>
   <div class='ocr_carea' id='block_1_7' title="bbox 593 710 2249 785">
    <p class='ocr_par' dir='ltr' id='par_1_7' title="bbox 593 710 2249 785">
     <span class='ocr_line' id='line_1_7' title="bbox 593 710 2249 785; baseline -0.003 -16"><span class='ocrx_word' id='word_1_28' title='bbox 593 713 780 770; x_wconf 87' lang='lat' dir='ltr'><strong><em>baudi</em></strong></span> <span class='ocrx_word' id='word_1_29' title='bbox 813 714 918 785; x_wconf 85' lang='lat' dir='ltr'><strong><em>(est</em></strong></span> <span class='ocrx_word' id='word_1_30' title='bbox 948 713 1088 768; x_wconf 80' lang='lat' dir='ltr'><strong><em>mihi</em></strong></span> <span class='ocrx_word' id='word_1_31' title='bbox 1119 714 1236 769; x_wconf 72' lang='lat' dir='ltr'><strong><em>viri</em></strong></span> <span class='ocrx_word' id='word_1_32' title='bbox 1261 714 1577 769; x_wconf 79' lang='lat' dir='ltr'><strong><em>clamantis</em></strong></span> <span class='ocrx_word' id='word_1_33' title='bbox 1608 715 1669 769; x_wconf 90' lang='lat' dir='ltr'><strong><em>in</em></strong></span> <span class='ocrx_word' id='word_1_34' title='bbox 1711 711 1977 779; x_wconf 84' lang='lat' dir='ltr'><strong><em>deserto),</em></strong></span> <span class='ocrx_word' id='word_1_35' title='bbox 2010 710 2112 766; x_wconf 92' lang='lat' dir='ltr'><strong><em>illo</em></strong></span> <span class='ocrx_word' id='word_1_36' title='bbox 2142 710 2249 765; x_wconf 86' lang='lat' dir='ltr'><strong><em>sci-</em></strong></span> 
     </span>
    </p>
   </div>
   <div class='ocr_carea' id='block_1_8' title="bbox 591 801 2244 874">
    <p class='ocr_par' dir='ltr' id='par_1_8' title="bbox 591 801 2244 874">
     <span class='ocr_line' id='line_1_8' title="bbox 591 801 2244 874; baseline -0.003 -15"><span class='ocrx_word' id='word_1_37' title='bbox 591 801 744 869; x_wconf 85' lang='lat' dir='ltr'><strong><em>licet,</em></strong></span> <span class='ocrx_word' id='word_1_38' title='bbox 771 802 939 874; x_wconf 91' lang='lat' dir='ltr'><strong><em>quod</em></strong></span> <span class='ocrx_word' id='word_1_39' title='bbox 982 807 1068 858; x_wconf 90' lang='lat' dir='ltr'><strong><em>est</em></strong></span> <span class='ocrx_word' id='word_1_40' title='bbox 1097 802 1261 874; x_wconf 91' lang='lat' dir='ltr'><strong><em>apud</em></strong></span> <span class='ocrx_word' id='word_1_41' title='bbox 1283 802 1608 858; x_wconf 83' lang='lat' dir='ltr'><strong><em>Jordanem</em></strong></span> <span class='ocrx_word' id='word_1_42' title='bbox 1638 818 1652 868; x_wconf 90' lang='lat'><strong>;</strong></span> <span class='ocrx_word' id='word_1_43' title='bbox 1682 801 1990 857; x_wconf 82' lang='lat' dir='ltr'><strong><em>clamantis</em></strong></span> <span class='ocrx_word' id='word_1_44' title='bbox 2022 804 2244 864; x_wconf 87' lang='lat' dir='ltr'><strong><em>autem,</em></strong></span> 
     </span>
    </p>
   </div>
   <div class='ocr_carea' id='block_1_9' title="bbox 591 889 2246 964">
    <p class='ocr_par' dir='ltr' id='par_1_9' title="bbox 591 889 2246 964">
     <span class='ocr_line' id='line_1_9' title="bbox 591 889 2246 964; baseline -0.002 -17"><span class='ocrx_word' id='word_1_45' title='bbox 591 907 726 964; x_wconf 65' lang='lat' dir='ltr'><strong><em>qua:</em></strong></span> <span class='ocrx_word' id='word_1_46' title='bbox 749 896 1116 964; x_wconf 86' lang='lat' dir='ltr'><strong><em>sequuntur:</em></strong></span> <span class='ocrx_word' id='word_1_47' title='bbox 1139 893 1354 948; x_wconf 85' lang='lat' dir='ltr'><strong><em>Parate</em></strong></span> <span class='ocrx_word' id='word_1_48' title='bbox 1376 893 1526 947; x_wconf 88' lang='lat' dir='ltr'><strong><em>viam</em></strong></span> <span class='ocrx_word' id='word_1_49' title='bbox 1548 891 1798 957; x_wconf 86' lang='lat' dir='ltr'><strong><em>Domini,</em></strong></span> <span class='ocrx_word' id='word_1_50' title='bbox 1818 894 1926 946; x_wconf 92' lang='lat' dir='ltr'><strong><em>etc.</em></strong></span> <span class='ocrx_word' id='word_1_51' title='bbox 1948 889 2114 944; x_wconf 85' lang='lat' dir='ltr'><strong><em>Viam</em></strong></span> <span class='ocrx_word' id='word_1_52' title='bbox 2145 904 2246 944; x_wconf 89' lang='lat' dir='ltr'><strong><em>au-</em></strong></span> 
     </span>
    </p>
   </div>
   <div class='ocr_carea' id='block_1_10' title="bbox 592 978 2248 1050">
    <p class='ocr_par' dir='ltr' id='par_1_10' title="bbox 592 978 2248 1050">
     <span class='ocr_line' id='line_1_10' title="bbox 592 978 2248 1050; baseline -0.002 -15"><span class='ocrx_word' id='word_1_53' title='bbox 592 985 714 1036; x_wconf 89' lang='lat' dir='ltr'><strong><em>tem</em></strong></span> <span class='ocrx_word' id='word_1_54' title='bbox 742 980 1000 1044; x_wconf 87' lang='lat' dir='ltr'><strong><em>Domini,</em></strong></span> <span class='ocrx_word' id='word_1_55' title='bbox 1022 984 1077 1035; x_wconf 88' lang='lat' dir='ltr'><strong><em>et</em></strong></span> <span class='ocrx_word' id='word_1_56' title='bbox 1104 981 1342 1035; x_wconf 85' lang='lat' dir='ltr'><strong><em>semitas</em></strong></span> <span class='ocrx_word' id='word_1_57' title='bbox 1362 981 1491 1050; x_wconf 87' lang='lat' dir='ltr'><strong><em>ejus</em></strong></span> <span class='ocrx_word' id='word_1_58' title='bbox 1518 987 1693 1035; x_wconf 85' lang='lat' dir='ltr'><strong><em>vocat</em></strong></span> <span class='ocrx_word' id='word_1_59' title='bbox 1717 979 1970 1045; x_wconf 89' lang='lat' dir='ltr'><strong><em>animas,</em></strong></span> <span class='ocrx_word' id='word_1_60' title='bbox 1996 978 2073 1033; x_wconf 91' lang='lat' dir='ltr'><strong><em>ad</em></strong></span> <span class='ocrx_word' id='word_1_61' title='bbox 2096 992 2248 1049; x_wconf 91' lang='lat' dir='ltr'><strong><em>quas</em></strong></span> 
     </span>
    </p>
   </div>
   <div class='ocr_carea' id='block_1_11' title="bbox 591 1065 2249 1139">
    <p class='ocr_par' dir='ltr' id='par_1_11' title="bbox 591 1065 2249 1139">
     <span class='ocr_line' id='line_1_11' title="bbox 591 1065 2249 1139; baseline -0.002 -15"><span class='ocrx_word' id='word_1_62' title='bbox 591 1073 917 1124; x_wconf 88' lang='lat' dir='ltr'><strong><em>venturum</em></strong></span> <span class='ocrx_word' id='word_1_63' title='bbox 945 1072 1068 1124; x_wconf 86' lang='lat' dir='ltr'><strong><em>erat</em></strong></span> <span class='ocrx_word' id='word_1_64' title='bbox 1093 1068 1335 1124; x_wconf 80' lang='lat' dir='ltr'><strong><em>verbum</em></strong></span> <span class='ocrx_word' id='word_1_65' title='bbox 1367 1068 1677 1136; x_wconf 79' lang='lat' dir='ltr'><strong><em>Evangelii</em></strong></span> <span class='ocrx_word' id='word_1_66' title='bbox 1713 1083 1727 1122; x_wconf 88' lang='lat'>:</span> <span class='ocrx_word' id='word_1_67' title='bbox 1757 1083 1912 1139; x_wconf 90' lang='lat' dir='ltr'><strong><em>quas</em></strong></span> <span class='ocrx_word' id='word_1_68' title='bbox 1941 1065 2118 1122; x_wconf 88' lang='lat' dir='ltr'><strong><em>etiam</em></strong></span> <span class='ocrx_word' id='word_1_69' title='bbox 2148 1081 2249 1137; x_wconf 88' lang='lat' dir='ltr'><strong><em>pa-</em></strong></span> 
     </span>
    </p>
   </div>
   <div class='ocr_carea' id='block_1_12' title="bbox 592 1153 2251 1225">
    <p class='ocr_par' dir='ltr' id='par_1_12' title="bbox 592 1153 2251 1225">
     <span class='ocr_line' id='line_1_12' title="bbox 592 1153 2251 1225; baseline -0.001 -15"><span class='ocrx_word' id='word_1_70' title='bbox 592 1170 730 1211; x_wconf 87' lang='lat' dir='ltr'><strong><em>rare</em></strong></span> <span class='ocrx_word' id='word_1_71' title='bbox 762 1155 1124 1219; x_wconf 76' lang='lat' dir='ltr'><strong><em>exhortatur,</em></strong></span> <span class='ocrx_word' id='word_1_72' title='bbox 1156 1155 1279 1212; x_wconf 85' lang='lat' dir='ltr'><strong><em>sive</em></strong></span> <span class='ocrx_word' id='word_1_73' title='bbox 1310 1155 1603 1212; x_wconf 89' lang='lat' dir='ltr'><strong><em>mundare</em></strong></span> <span class='ocrx_word' id='word_1_74' title='bbox 1634 1157 2034 1211; x_wconf 88' lang='lat' dir='ltr'><strong><em>instrumento</em></strong></span> <span class='ocrx_word' id='word_1_75' title='bbox 2067 1153 2251 1225; x_wconf 60' lang='lat' dir='ltr'><strong><em>paeni-</em></strong></span> 
     </span>
    </p>
   </div>
   <div class='ocr_carea' id='block_1_13' title="bbox 593 1242 2252 1316">
    <p class='ocr_par' dir='ltr' id='par_1_13' title="bbox 593 1242 2252 1316">
     <span class='ocr_line' id='line_1_13' title="bbox 593 1242 2252 1316; baseline -0.001 -18"><span class='ocrx_word' id='word_1_76' title='bbox 593 1243 810 1309; x_wconf 66' lang='lat' dir='ltr'><strong><em>tentiae,</em></strong></span> <span class='ocrx_word' id='word_1_77' title='bbox 843 1242 1226 1301; x_wconf 80' lang='lat' dir='ltr'><strong><em>affectionum</em></strong></span> <span class='ocrx_word' id='word_1_78' title='bbox 1263 1244 1472 1316; x_wconf 89' lang='lat' dir='ltr'><strong><em>spinas</em></strong></span> <span class='ocrx_word' id='word_1_79' title='bbox 1494 1244 1884 1308; x_wconf 83' lang='lat' dir='ltr'><strong><em>extrahendo,</em></strong></span> <span class='ocrx_word' id='word_1_80' title='bbox 1923 1242 2147 1316; x_wconf 81' lang='lat' dir='ltr'><strong><em>peccati</em></strong></span> <span class='ocrx_word' id='word_1_81' title='bbox 2170 1242 2252 1298; x_wconf 89' lang='lat' dir='ltr'><strong><em>la-</em></strong></span> 
     </span>
    </p>
   </div>
   <div class='ocr_carea' id='block_1_14' title="bbox 595 1330 2250 1404">
    <p class='ocr_par' dir='ltr' id='par_1_14' title="bbox 595 1330 2250 1404">
     <span class='ocr_line' id='line_1_14' title="bbox 595 1330 2250 1404; baseline 0 -18"><span class='ocrx_word' id='word_1_82' title='bbox 595 1330 770 1403; x_wconf 89' lang='lat' dir='ltr'><strong><em>pides</em></strong></span> <span class='ocrx_word' id='word_1_83' title='bbox 818 1332 1122 1403; x_wconf 86' lang='lat' dir='ltr'><strong><em>ejiciendo,</em></strong></span> <span class='ocrx_word' id='word_1_84' title='bbox 1159 1337 1214 1389; x_wconf 92' lang='lat' dir='ltr'><strong><em>et</em></strong></span> <span class='ocrx_word' id='word_1_85' title='bbox 1238 1333 1320 1389; x_wconf 87' lang='lat' dir='ltr'><strong><em>ita</em></strong></span> <span class='ocrx_word' id='word_1_86' title='bbox 1341 1349 1556 1390; x_wconf 83' lang='lat' dir='ltr'><strong><em>suaves</em></strong></span> <span class='ocrx_word' id='word_1_87' title='bbox 1600 1349 1670 1390; x_wconf 86' lang='lat' dir='ltr'><strong><em>ac</em></strong></span> <span class='ocrx_word' id='word_1_88' title='bbox 1702 1332 1915 1390; x_wconf 88' lang='lat' dir='ltr'><strong><em>molles</em></strong></span> <span class='ocrx_word' id='word_1_89' title='bbox 1944 1332 2023 1390; x_wconf 91' lang='lat' dir='ltr'><strong><em>ad</em></strong></span> <span class='ocrx_word' id='word_1_90' title='bbox 2063 1331 2250 1404; x_wconf 84' lang='lat' dir='ltr'><strong><em>ipsius</em></strong></span> 
     </span>
    </p>
   </div>
   <div class='ocr_carea' id='block_1_15' title="bbox 601 1421 1414 1494">
    <p class='ocr_par' dir='ltr' id='par_1_15' title="bbox 601 1421 1414 1494">
     <span class='ocr_line' id='line_1_15' title="bbox 601 1421 1414 1494; baseline 0.001 -19"><span class='ocrx_word' id='word_1_91' title='bbox 601 1421 1049 1494; x_wconf 88' lang='lat' dir='ltr'><strong><em>susceptionem</em></strong></span> <span class='ocrx_word' id='word_1_92' title='bbox 1077 1421 1414 1479; x_wconf 85' lang='lat' dir='ltr'><strong><em>efﬁciendo.</em></strong></span> 
     </span>
    </p>
   </div>
   <div class='ocr_carea' id='block_1_16' title="bbox 669 1598 2255 1675">
    <p class='ocr_par' dir='ltr' id='par_1_16' title="bbox 669 1598 2255 1675">
     <span class='ocr_line' id='line_1_16' title="bbox 669 1598 2255 1675; baseline -0.001 -21"><span class='ocrx_word' id='word_1_93' title='bbox 669 1600 830 1655; x_wconf 78' lang='lat' dir='ltr'><strong><em>Vers.</em></strong></span> <span class='ocrx_word' id='word_1_94' title='bbox 872 1603 926 1656; x_wconf 85' lang='grc'><strong><em>4.</em></strong></span> <span class='ocrx_word' id='word_1_95' title='bbox 957 1602 1076 1672; x_wconf 89' lang='lat' dir='ltr'><strong><em>Ipse</em></strong></span> <span class='ocrx_word' id='word_1_96' title='bbox 1101 1630 1166 1641; x_wconf 92' lang='lat'><strong><em>—</em></strong></span> <span class='ocrx_word' id='word_1_97' title='bbox 1198 1602 1316 1657; x_wconf 90' lang='lat' dir='ltr'><strong><em>mel</em></strong></span> <span class='ocrx_word' id='word_1_98' title='bbox 1367 1601 1647 1658; x_wconf 77' lang='lat' dir='ltr'><strong><em>silvestre.</em></strong></span> <span class='ocrx_word' id='word_1_99' title='bbox 1694 1598 1952 1656; x_wconf 77' lang='lat' dir='ltr'><strong><em>Meminit</em></strong></span> <span class='ocrx_word' id='word_1_100' title='bbox 1977 1603 2031 1656; x_wconf 88' lang='lat' dir='ltr'><strong><em>et</em></strong></span> <span class='ocrx_word' id='word_1_101' title='bbox 2055 1599 2255 1675; x_wconf 66' lang='lat' dir='ltr'><strong><em>vestis,</em></strong></span> 
     </span>
    </p>
   </div>
   <div class='ocr_carea' id='block_1_17' title="bbox 597 1686 2258 1760">
    <p class='ocr_par' dir='ltr' id='par_1_17' title="bbox 597 1686 2258 1760">
     <span class='ocr_line' id='line_1_17' title="bbox 597 1686 2258 1760; baseline -0.002 -17"><span class='ocrx_word' id='word_1_102' title='bbox 597 1690 654 1743; x_wconf 91' lang='lat' dir='ltr'><strong><em>et</em></strong></span> <span class='ocrx_word' id='word_1_103' title='bbox 681 1686 795 1744; x_wconf 92' lang='lat' dir='ltr'><strong><em>cibi</em></strong></span> <span class='ocrx_word' id='word_1_104' title='bbox 847 1688 993 1759; x_wconf 88' lang='lat' dir='ltr'><strong><em>ejus,</em></strong></span> <span class='ocrx_word' id='word_1_105' title='bbox 1026 1689 1351 1745; x_wconf 88' lang='lat' dir='ltr'><strong><em>ostendens</em></strong></span> <span class='ocrx_word' id='word_1_106' title='bbox 1407 1693 1464 1746; x_wconf 91' lang='lat' dir='ltr'><strong><em>et</em></strong></span> <span class='ocrx_word' id='word_1_107' title='bbox 1514 1703 1806 1760; x_wconf 83' lang='lat' dir='ltr'><strong><em>pannum,</em></strong></span> <span class='ocrx_word' id='word_1_108' title='bbox 1867 1692 1924 1744; x_wconf 89' lang='lat' dir='ltr'><strong><em>et</em></strong></span> <span class='ocrx_word' id='word_1_109' title='bbox 1976 1687 2258 1760; x_wconf 88' lang='lat' dir='ltr'><strong><em>simplici-</em></strong></span> 
     </span>
    </p>
   </div>
   <div class='ocr_carea' id='block_1_18' title="bbox 594 1775 2256 1849">
    <p class='ocr_par' dir='ltr' id='par_1_18' title="bbox 594 1775 2256 1849">
     <span class='ocr_line' id='line_1_18' title="bbox 594 1775 2256 1849; baseline -0.001 -17"><span class='ocrx_word' id='word_1_110' title='bbox 594 1779 778 1832; x_wconf 82' lang='lat' dir='ltr'>tatem</span> <span class='ocrx_word' id='word_1_111' title='bbox 836 1792 1043 1834; x_wconf 89' lang='lat' dir='ltr'><strong><em>eorum</em></strong></span> <span class='ocrx_word' id='word_1_112' title='bbox 1105 1777 1220 1849; x_wconf 87' lang='lat' dir='ltr'>(j):</span> <span class='ocrx_word' id='word_1_113' title='bbox 1277 1781 1334 1834; x_wconf 91' lang='lat' dir='ltr'><strong><em>et</em></strong></span> <span class='ocrx_word' id='word_1_114' title='bbox 1392 1792 1499 1848; x_wconf 90' lang='lat' dir='ltr'><strong><em>per</em></strong></span> <span class='ocrx_word' id='word_1_115' title='bbox 1546 1777 1672 1832; x_wconf 79' lang='lat' dir='ltr'><strong><em>hch</em></strong></span> <span class='ocrx_word' id='word_1_116' title='bbox 1720 1776 1944 1832; x_wconf 88' lang='lat' dir='ltr'><strong><em>docens</em></strong></span> <span class='ocrx_word' id='word_1_117' title='bbox 1991 1775 2256 1848; x_wconf 90' lang='lat' dir='ltr'><strong><em>corporis</em></strong></span> 
     </span>
    </p>
   </div>
   <div class='ocr_carea' id='block_1_19' title="bbox 2357 621 3997 701">
    <p class='ocr_par' dir='ltr' id='par_1_19' title="bbox 2357 621 3997 701">
     <span class='ocr_line' id='line_1_19' title="bbox 2357 621 3997 701; baseline 0.005 -28"><span class='ocrx_word' id='word_1_118' title='bbox 2357 641 2444 684; x_wconf 83' lang='grc' dir='ltr'><strong><em>τος</em></strong></span> <span class='ocrx_word' id='word_1_119' title='bbox 2506 621 2554 674; x_wconf 76' lang='grc' dir='ltr'>ἐν</span> <span class='ocrx_word' id='word_1_120' title='bbox 2606 631 2666 695; x_wconf 73' lang='grc' dir='ltr'>τῇ</span> <span class='ocrx_word' id='word_1_121' title='bbox 2729 623 2922 697; x_wconf 79' lang='grc' dir='ltr'>ἐρήμῳ,</span> <span class='ocrx_word' id='word_1_122' title='bbox 2984 626 3295 680; x_wconf 81' lang='grc' dir='ltr'>ἐλλειπτικον</span> <span class='ocrx_word' id='word_1_123' title='bbox 3354 627 3491 683; x_wconf 75' lang='grc' dir='ltr'>ἔστι.</span> <span class='ocrx_word' id='word_1_124' title='bbox 3567 634 3787 681; x_wconf 82' lang='grc' dir='ltr'>Νοεῑταε</span> <span class='ocrx_word' id='word_1_125' title='bbox 3858 634 3997 701; x_wconf 74' lang='grc' dir='ltr'>γὰρ,</span> 
     </span>
    </p>
   </div>
   <div class='ocr_carea' id='block_1_20' title="bbox 2357 712 3996 790">
    <p class='ocr_par' dir='ltr' id='par_1_20' title="bbox 2357 712 3996 790">
     <span class='ocr_line' id='line_1_20' title="bbox 2357 712 3996 790; baseline 0.005 -27"><span class='ocrx_word' id='word_1_126' title='bbox 2357 713 2436 763; x_wconf 86' lang='grc' dir='ltr'>ὅτι</span> <span class='ocrx_word' id='word_1_127' title='bbox 2471 717 2615 769; x_wconf 74' lang='grc' dir='ltr'>Φωνὴ</span> <span class='ocrx_word' id='word_1_128' title='bbox 2662 712 2960 774; x_wconf 59' lang='lat' dir='ltr'><strong><em>tgna-mai</em></strong></span> <span class='ocrx_word' id='word_1_129' title='bbox 3004 735 3093 787; x_wconf 91' lang='grc' dir='ltr'><strong><em>μοι</em></strong></span> <span class='ocrx_word' id='word_1_130' title='bbox 3143 713 3332 790; x_wconf 80' lang='grc' dir='ltr'>ἀνδρὸς</span> <span class='ocrx_word' id='word_1_131' title='bbox 3374 716 3598 788; x_wconf 73' lang='grc' dir='ltr'>βοῶντος</span> <span class='ocrx_word' id='word_1_132' title='bbox 3639 717 3688 768; x_wconf 86' lang='grc' dir='ltr'>ἐν</span> <span class='ocrx_word' id='word_1_133' title='bbox 3734 726 3808 788; x_wconf 71' lang='grc' dir='ltr'><strong><em>τῇ</em></strong></span> <span class='ocrx_word' id='word_1_134' title='bbox 3874 718 3996 790; x_wconf 81' lang='grc' dir='ltr'>ἐρη-</span> 
     </span>
    </p>
   </div>
   <div class='ocr_carea' id='block_1_21' title="bbox 2355 797 3990 878">
    <p class='ocr_par' dir='ltr' id='par_1_21' title="bbox 2355 797 3990 878">
     <span class='ocr_line' id='line_1_21' title="bbox 2355 797 3990 878; baseline 0.006 -29"><span class='ocrx_word' id='word_1_135' title='bbox 2355 820 2457 872; x_wconf 87' lang='grc' dir='ltr'><strong><em>μῳ,</em></strong></span> <span class='ocrx_word' id='word_1_136' title='bbox 2493 797 2701 859; x_wconf 82' lang='grc' dir='ltr'>δηλαδὴ</span> <span class='ocrx_word' id='word_1_137' title='bbox 2726 811 2787 874; x_wconf 70' lang='grc' dir='ltr'><strong><em>τῇ</em></strong></span> <span class='ocrx_word' id='word_1_138' title='bbox 2817 806 2959 874; x_wconf 84' lang='grc' dir='ltr'><strong><em>παρά</em></strong></span> <span class='ocrx_word' id='word_1_139' title='bbox 2979 808 3063 856; x_wconf 84' lang='grc' dir='ltr'>τὸν</span> <span class='ocrx_word' id='word_1_140' title='bbox 3085 802 3353 878; x_wconf 73' lang='grc' dir='ltr'><strong><em>Ἰορδάνην</em></strong></span> <span class='ocrx_word' id='word_1_141' title='bbox 3388 827 3399 838; x_wconf 88' lang='grc'><strong>·</strong></span> <span class='ocrx_word' id='word_1_142' title='bbox 3431 804 3657 877; x_wconf 78' lang='grc' dir='ltr'>βοῶντος</span> <span class='ocrx_word' id='word_1_143' title='bbox 3688 802 3745 857; x_wconf 73' lang='grc' dir='ltr'><strong><em>δὲ</em></strong></span> <span class='ocrx_word' id='word_1_144' title='bbox 3773 815 3990 858; x_wconf 74' lang='grc' dir='ltr'>ταῦτα.</span> 
     </span>
    </p>
   </div>
   <div class='ocr_carea' id='block_1_22' title="bbox 2359 888 3997 964">
    <p class='ocr_par' dir='ltr' id='par_1_22' title="bbox 2359 888 3997 964">
     <span class='ocr_line' id='line_1_22' title="bbox 2359 888 3997 964; baseline 0.002 -23"><span class='ocrx_word' id='word_1_145' title='bbox 2359 888 2702 961; x_wconf 75' lang='grc' dir='ltr'><strong><em>Ἑτοιμάσατε</em></strong></span> <span class='ocrx_word' id='word_1_146' title='bbox 2758 896 2850 949; x_wconf 77' lang='grc' dir='ltr'>τὴν</span> <span class='ocrx_word' id='word_1_147' title='bbox 2909 889 3029 944; x_wconf 78' lang='grc' dir='ltr'><strong><em>ὁδὸν</em></strong></span> <span class='ocrx_word' id='word_1_148' title='bbox 3088 899 3303 964; x_wconf 83' lang='grc' dir='ltr'>Κυρίου,</span> <span class='ocrx_word' id='word_1_149' title='bbox 3357 900 3445 946; x_wconf 83' lang='grc' dir='ltr'>καὶ</span> <span class='ocrx_word' id='word_1_150' title='bbox 3501 897 3564 945; x_wconf 83' lang='grc' dir='ltr'>τὰ</span> <span class='ocrx_word' id='word_1_151' title='bbox 3618 895 3747 957; x_wconf 80' lang='grc' dir='ltr'><strong><em>ἑξῆς.</em></strong></span> <span class='ocrx_word' id='word_1_152' title='bbox 3823 892 3997 947; x_wconf 77' lang='grc' dir='ltr'>Ὀδον</span> 
     </span>
    </p>
   </div>
   <div class='ocr_carea' id='block_1_23' title="bbox 2361 974 3996 1054">
    <p class='ocr_par' dir='ltr' id='par_1_23' title="bbox 2361 974 3996 1054">
     <span class='ocr_line' id='line_1_23' title="bbox 2361 974 3996 1054; baseline 0.003 -25"><span class='ocrx_word' id='word_1_153' title='bbox 2361 974 2418 1029; x_wconf 74' lang='grc' dir='ltr'><strong><em>δὲ</em></strong></span> <span class='ocrx_word' id='word_1_154' title='bbox 2462 984 2654 1050; x_wconf 82' lang='grc' dir='ltr'><strong><em>Κυρίου</em></strong></span> <span class='ocrx_word' id='word_1_155' title='bbox 2708 985 2796 1030; x_wconf 86' lang='grc' dir='ltr'><strong><em>καί</em></strong></span> <span class='ocrx_word' id='word_1_156' title='bbox 2843 980 3052 1053; x_wconf 73' lang='grc' dir='ltr'>τρίϐους</span> <span class='ocrx_word' id='word_1_157' title='bbox 3101 982 3258 1034; x_wconf 69' lang='grc' dir='ltr'>αὑτοῦ</span> <span class='ocrx_word' id='word_1_158' title='bbox 3311 982 3455 1034; x_wconf 88' lang='grc' dir='ltr'><strong><em>καλεί</em></strong></span> <span class='ocrx_word' id='word_1_159' title='bbox 3508 986 3599 1044; x_wconf 81' lang='grc' dir='ltr'>τὰς</span> <span class='ocrx_word' id='word_1_160' title='bbox 3653 983 3887 1054; x_wconf 69' lang='grc' dir='ltr'>ψυχὰς,</span> <span class='ocrx_word' id='word_1_161' title='bbox 3928 986 3996 1034; x_wconf 75' lang='grc' dir='ltr'>ὧν</span> 
     </span>
    </p>
   </div>
   <div class='ocr_carea' id='block_1_24' title="bbox 2360 1066 3994 1142">
    <p class='ocr_par' dir='ltr' id='par_1_24' title="bbox 2360 1066 3994 1142">
     <span class='ocr_line' id='line_1_24' title="bbox 2360 1066 3994 1142; baseline 0.004 -25"><span class='ocrx_word' id='word_1_162' title='bbox 2360 1066 2636 1118; x_wconf 70' lang='grc' dir='ltr'>ἐπιϐαίνειν</span> <span class='ocrx_word' id='word_1_163' title='bbox 2692 1067 2885 1139; x_wconf 77' lang='grc' dir='ltr'>ἔμελλεν</span> <span class='ocrx_word' id='word_1_164' title='bbox 2939 1072 2964 1120; x_wconf 85' lang='grc' dir='ltr'><strong>ό</strong></span> <span class='ocrx_word' id='word_1_165' title='bbox 3007 1069 3159 1141; x_wconf 79' lang='grc' dir='ltr'>λόγος</span> <span class='ocrx_word' id='word_1_166' title='bbox 3214 1079 3304 1123; x_wconf 77' lang='grc' dir='ltr'>τοῦ</span> <span class='ocrx_word' id='word_1_167' title='bbox 3363 1072 3698 1142; x_wconf 74' lang='grc' dir='ltr'>Εὐαγγελίου,</span> <span class='ocrx_word' id='word_1_168' title='bbox 3757 1072 3834 1132; x_wconf 76' lang='grc' dir='ltr'>ἇς</span> <span class='ocrx_word' id='word_1_169' title='bbox 3902 1078 3994 1124; x_wconf 77' lang='grc' dir='ltr'>καὶ</span> 
     </span>
    </p>
   </div>
   <div class='ocr_carea' id='block_1_25' title="bbox 2361 1158 3998 1235">
    <p class='ocr_par' dir='ltr' id='par_1_25' title="bbox 2361 1158 3998 1235">
     <span class='ocr_line' id='line_1_25' title="bbox 2361 1158 3998 1235; baseline 0.004 -28"><span class='ocrx_word' id='word_1_170' title='bbox 2361 1161 2700 1227; x_wconf 80' lang='grc' dir='ltr'>προτρέπεται</span> <span class='ocrx_word' id='word_1_171' title='bbox 2754 1158 3059 1230; x_wconf 81' lang='grc' dir='ltr'>ἑτοιμάζειν,</span> <span class='ocrx_word' id='word_1_172' title='bbox 3121 1162 3280 1230; x_wconf 71' lang='grc' dir='ltr'>ἠγουν</span> <span class='ocrx_word' id='word_1_173' title='bbox 3336 1162 3623 1234; x_wconf 85' lang='grc' dir='ltr'>καθαίρειν,</span> <span class='ocrx_word' id='word_1_174' title='bbox 3682 1168 3752 1230; x_wconf 78' lang='grc' dir='ltr'>τῷ</span> <span class='ocrx_word' id='word_1_175' title='bbox 3831 1161 3998 1235; x_wconf 80' lang='grc' dir='ltr'>ἐργα-</span> 
     </span>
    </p>
   </div>
   <div class='ocr_carea' id='block_1_26' title="bbox 2360 1243 3994 1320">
    <p class='ocr_par' dir='ltr' id='par_1_26' title="bbox 2360 1243 3994 1320">
     <span class='ocr_line' id='line_1_26' title="bbox 2360 1243 3994 1320; baseline 0.004 -25"><span class='ocrx_word' id='word_1_176' title='bbox 2360 1243 2478 1315; x_wconf 83' lang='grc' dir='ltr'>λείῳ</span> <span class='ocrx_word' id='word_1_177' title='bbox 2530 1253 2623 1305; x_wconf 83' lang='grc' dir='ltr'>τῆς</span> <span class='ocrx_word' id='word_1_178' title='bbox 2682 1252 2955 1318; x_wconf 80' lang='grc' dir='ltr'>μετανοίας</span> <span class='ocrx_word' id='word_1_179' title='bbox 3017 1245 3355 1309; x_wconf 82' lang='grc' dir='ltr'>ἀνασπῶντας</span> <span class='ocrx_word' id='word_1_180' title='bbox 3427 1253 3516 1320; x_wconf 69' lang='grc' dir='ltr'><strong><em>μεν</em></strong></span> <span class='ocrx_word' id='word_1_181' title='bbox 3592 1251 3682 1310; x_wconf 84' lang='grc' dir='ltr'><strong><em>τὰς</em></strong></span> <span class='ocrx_word' id='word_1_182' title='bbox 3733 1247 3994 1312; x_wconf 76' lang='grc' dir='ltr'>ἀκάνθας</span> 
     </span>
    </p>
   </div>
   <div class='ocr_carea' id='block_1_27' title="bbox 2363 1334 3989 1412">
    <p class='ocr_par' dir='ltr' id='par_1_27' title="bbox 2363 1334 3989 1412">
     <span class='ocr_line' id='line_1_27' title="bbox 2363 1334 3989 1412; baseline 0.003 -26"><span class='ocrx_word' id='word_1_183' title='bbox 2363 1343 2461 1386; x_wconf 82' lang='grc' dir='ltr'>τῶν</span> <span class='ocrx_word' id='word_1_184' title='bbox 2512 1336 2708 1400; x_wconf 83' lang='grc' dir='ltr'>πάθῶν,</span> <span class='ocrx_word' id='word_1_185' title='bbox 2770 1334 3100 1408; x_wconf 83' lang='grc' dir='ltr'>ἐκρίπτοντας</span> <span class='ocrx_word' id='word_1_186' title='bbox 3153 1334 3211 1390; x_wconf 67' lang='grc' dir='ltr'><strong><em>δὲ</em></strong></span> <span class='ocrx_word' id='word_1_187' title='bbox 3268 1341 3382 1398; x_wconf 74' lang='grc' dir='ltr'>τοὺς</span> <span class='ocrx_word' id='word_1_188' title='bbox 3433 1337 3608 1398; x_wconf 84' lang='grc' dir='ltr'>λίθους</span> <span class='ocrx_word' id='word_1_189' title='bbox 3661 1347 3753 1398; x_wconf 78' lang='grc' dir='ltr'>τῆς</span> <span class='ocrx_word' id='word_1_190' title='bbox 3797 1339 3989 1412; x_wconf 81' lang='grc' dir='ltr'>ἀμαρ-</span> 
     </span>
    </p>
   </div>
   <div class='ocr_carea' id='block_1_28' title="bbox 2363 1424 3988 1502">
    <p class='ocr_par' dir='ltr' id='par_1_28' title="bbox 2363 1424 3988 1502">
     <span class='ocr_line' id='line_1_28' title="bbox 2363 1424 3988 1502; baseline 0.004 -29"><span class='ocrx_word' id='word_1_191' title='bbox 2363 1427 2499 1488; x_wconf 88' lang='grc' dir='ltr'>τίας,</span> <span class='ocrx_word' id='word_1_192' title='bbox 2532 1428 2621 1475; x_wconf 81' lang='grc' dir='ltr'>καὶ</span> <span class='ocrx_word' id='word_1_193' title='bbox 2673 1424 2836 1486; x_wconf 73' lang='grc' dir='ltr'>οὕτως</span> <span class='ocrx_word' id='word_1_194' title='bbox 2886 1425 3084 1488; x_wconf 70' lang='grc' dir='ltr'>εὐθείας</span> <span class='ocrx_word' id='word_1_195' title='bbox 3139 1430 3227 1478; x_wconf 86' lang='grc' dir='ltr'>καὶ</span> <span class='ocrx_word' id='word_1_196' title='bbox 3280 1425 3476 1499; x_wconf 78' lang='grc' dir='ltr'>ὁμαλὰς</span> <span class='ocrx_word' id='word_1_197' title='bbox 3531 1427 3683 1487; x_wconf 72' lang='grc' dir='ltr'>αὑτὰς</span> <span class='ocrx_word' id='word_1_198' title='bbox 3733 1426 3988 1502; x_wconf 79' lang='grc' dir='ltr'>ἀπεργά-</span> 
     </span>
    </p>
   </div>
   <div class='ocr_carea' id='block_1_29' title="bbox 2367 1511 3226 1585">
    <p class='ocr_par' dir='ltr' id='par_1_29' title="bbox 2367 1511 3226 1585">
     <span class='ocr_line' id='line_1_29' title="bbox 2367 1511 3226 1585; baseline 0.005 -23"><span class='ocrx_word' id='word_1_199' title='bbox 2367 1512 2553 1571; x_wconf 77' lang='grc' dir='ltr'>ζεσθαι</span> <span class='ocrx_word' id='word_1_200' title='bbox 2582 1515 2710 1585; x_wconf 84' lang='grc' dir='ltr'>πρὸς</span> <span class='ocrx_word' id='word_1_201' title='bbox 2739 1511 3016 1585; x_wconf 79' lang='grc' dir='ltr'>ὑποδοχὴν</span> <span class='ocrx_word' id='word_1_202' title='bbox 3043 1514 3226 1572; x_wconf 77' lang='grc' dir='ltr'>αὑτοῦ,</span> 
     </span>
    </p>
   </div>
   <div class='ocr_carea' id='block_1_30' title="bbox 2437 1601 3983 1677">
    <p class='ocr_par' dir='ltr' id='par_1_30' title="bbox 2437 1601 3983 1677">
     <span class='ocr_line' id='line_1_30' title="bbox 2437 1601 3983 1677; baseline 0.004 -25"><span class='ocrx_word' id='word_1_203' title='bbox 2437 1601 2602 1661; x_wconf 70' lang='grc' dir='ltr'>Αὐτὸς</span> <span class='ocrx_word' id='word_1_204' title='bbox 2639 1632 2708 1641; x_wconf 88' lang='grc'><strong><em>-</em></strong></span> <span class='ocrx_word' id='word_1_205' title='bbox 2755 1602 2867 1674; x_wconf 70' lang='grc' dir='ltr'>μέλι</span> <span class='ocrx_word' id='word_1_206' title='bbox 2910 1605 3108 1676; x_wconf 86' lang='grc' dir='ltr'>οἶγριον.</span> <span class='ocrx_word' id='word_1_207' title='bbox 3154 1604 3528 1677; x_wconf 84' lang='grc' dir='ltr'>Ἐμνημόνευσε</span> <span class='ocrx_word' id='word_1_208' title='bbox 3576 1609 3664 1656; x_wconf 83' lang='grc' dir='ltr'>καὶ</span> <span class='ocrx_word' id='word_1_209' title='bbox 3704 1612 3800 1665; x_wconf 83' lang='grc' dir='ltr'>τῆς</span> <span class='ocrx_word' id='word_1_210' title='bbox 3858 1625 3983 1658; x_wconf 83' lang='grc' dir='ltr'>στο-</span> 
     </span>
    </p>
   </div>
   <div class='ocr_carea' id='block_1_31' title="bbox 2365 1680 3980 1764">
    <p class='ocr_par' dir='ltr' id='par_1_31' title="bbox 2365 1680 3980 1764">
     <span class='ocr_line' id='line_1_31' title="bbox 2365 1680 3980 1764; baseline 0.003 -24"><span class='ocrx_word' id='word_1_211' title='bbox 2365 1689 2474 1750; x_wconf 82' lang='grc' dir='ltr'>λῆς,</span> <span class='ocrx_word' id='word_1_212' title='bbox 2525 1695 2614 1742; x_wconf 85' lang='grc' dir='ltr'>καὶ</span> <span class='ocrx_word' id='word_1_213' title='bbox 2666 1700 2756 1751; x_wconf 78' lang='grc' dir='ltr'>τῆς</span> <span class='ocrx_word' id='word_1_214' title='bbox 2809 1701 2997 1764; x_wconf 73' lang='grc' dir='ltr'>τροφῆς</span> <span class='ocrx_word' id='word_1_215' title='bbox 3050 1693 3228 1754; x_wconf 68' lang='grc' dir='ltr'>αὐτοῦ,</span> <span class='ocrx_word' id='word_1_216' title='bbox 3287 1680 3532 1745; x_wconf 71' lang='grc' dir='ltr'>δεικνύων</span> <span class='ocrx_word' id='word_1_217' title='bbox 3580 1697 3638 1744; x_wconf 89' lang='grc' dir='ltr'>τὸ</span> <span class='ocrx_word' id='word_1_218' title='bbox 3678 1693 3826 1745; x_wconf 81' lang='grc' dir='ltr'>λιτὸν</span> <span class='ocrx_word' id='word_1_219' title='bbox 3890 1700 3980 1746; x_wconf 74' lang='grc' dir='ltr'>καὶ</span> 
     </span>
    </p>
   </div>
   <div class='ocr_carea' id='block_1_32' title="bbox 2369 1775 3976 1855">
    <p class='ocr_par' dir='ltr' id='par_1_32' title="bbox 2369 1775 3976 1855">
     <span class='ocr_line' id='line_1_32' title="bbox 2369 1775 3976 1855; baseline 0.002 -25"><span class='ocrx_word' id='word_1_220' title='bbox 2369 1775 2588 1850; x_wconf 78' lang='grc' dir='ltr'>σχέδιον</span> <span class='ocrx_word' id='word_1_221' title='bbox 2632 1780 2820 1844; x_wconf 65' lang='grc' dir='ltr'>αὐτῶν,</span> <span class='ocrx_word' id='word_1_222' title='bbox 2860 1786 2949 1832; x_wconf 78' lang='grc' dir='ltr'>καὶ</span> <span class='ocrx_word' id='word_1_223' title='bbox 3002 1777 3294 1844; x_wconf 69' lang='grc' dir='ltr'>διδάσκων,</span> <span class='ocrx_word' id='word_1_224' title='bbox 3339 1785 3502 1855; x_wconf 87' lang='grc' dir='ltr'>μικρὰ</span> <span class='ocrx_word' id='word_1_225' title='bbox 3540 1785 3628 1853; x_wconf 72' lang='grc' dir='ltr'><strong><em>μεν</em></strong></span> <span class='ocrx_word' id='word_1_226' title='bbox 3674 1788 3976 1855; x_wconf 69' lang='grc' dir='ltr'>φροντίζειν</span> 
     </span>
    </p>
   </div>
   <div class='ocr_carea' id='block_1_33' title="bbox 592 1863 2251 1942">
    <p class='ocr_par' dir='ltr' id='par_1_33' title="bbox 592 1863 2251 1937">
     <span class='ocr_line' id='line_1_33' title="bbox 592 1863 2251 1937; baseline 0.001 -19"><span class='ocrx_word' id='word_1_227' title='bbox 592 1863 910 1921; x_wconf 82' lang='lat' dir='ltr'><strong><em>minimam</em></strong></span> <span class='ocrx_word' id='word_1_228' title='bbox 925 1865 1274 1922; x_wconf 87' lang='lat' dir='ltr'><strong><em>habendam</em></strong></span> <span class='ocrx_word' id='word_1_229' title='bbox 1294 1882 1420 1922; x_wconf 87' lang='lat' dir='ltr'><strong><em>esse</em></strong></span> <span class='ocrx_word' id='word_1_230' title='bbox 1442 1881 1667 1930; x_wconf 88' lang='lat' dir='ltr'><strong><em>curam,</em></strong></span> <span class='ocrx_word' id='word_1_231' title='bbox 1683 1864 2251 1937; x_wconf 85' lang='lat' dir='ltr'><strong><em>despiciendamque</em></strong></span> 
     </span>
    </p>
   </div>
   <div class='ocr_carea' id='block_1_34' title="bbox 2357 1863 3973 1942">
    <p class='ocr_par' dir='ltr' id='par_1_34' title="bbox 2365 1866 3973 1942">
     <span class='ocr_line' id='line_1_34' title="bbox 2365 1866 3973 1942; baseline 0.004 -24"><span class='ocrx_word' id='word_1_232' title='bbox 2365 1876 2456 1918; x_wconf 79' lang='grc' dir='ltr'>τοῦ</span> <span class='ocrx_word' id='word_1_233' title='bbox 2515 1875 2774 1940; x_wconf 71' lang='grc' dir='ltr'>σώματος,</span> <span class='ocrx_word' id='word_1_234' title='bbox 2823 1877 3154 1942; x_wconf 73' lang='grc' dir='ltr'>καταφρονεῖν</span> <span class='ocrx_word' id='word_1_235' title='bbox 3214 1866 3270 1922; x_wconf 67' lang='grc' dir='ltr'><strong>δί</strong></span> <span class='ocrx_word' id='word_1_236' title='bbox 3331 1880 3421 1931; x_wconf 77' lang='grc' dir='ltr'>τῆς</span> <span class='ocrx_word' id='word_1_237' title='bbox 3478 1869 3827 1930; x_wconf 83' lang='grc' dir='ltr'>πολυτελείας.</span> <span class='ocrx_word' id='word_1_238' title='bbox 3893 1877 3973 1929; x_wconf 69' lang='lat' dir='ltr'><strong><em>Mli</em></strong></span> 
     </span>
    </p>
   </div>
   <div class='ocr_carea' id='block_1_35' title="bbox 595 1953 2255 2026">
    <p class='ocr_par' dir='ltr' id='par_1_35' title="bbox 595 1953 2255 2026">
     <span class='ocr_line' id='line_1_35' title="bbox 595 1953 2255 2026; baseline 0 -19"><span class='ocrx_word' id='word_1_239' title='bbox 595 1955 1143 2025; x_wconf 85' lang='lat' dir='ltr'><strong><em>sumptuositatem.</em></strong></span> <span class='ocrx_word' id='word_1_240' title='bbox 1202 1957 1281 2010; x_wconf 86' lang='lat' dir='ltr'><strong><em>Ne</em></strong></span> <span class='ocrx_word' id='word_1_241' title='bbox 1311 1970 1548 2026; x_wconf 65' lang='lat' dir='ltr'><strong><em>quaeras</em></strong></span> <span class='ocrx_word' id='word_1_242' title='bbox 1602 1958 1824 2022; x_wconf 87' lang='lat' dir='ltr'><strong><em>autem,</em></strong></span> <span class='ocrx_word' id='word_1_243' title='bbox 1878 1954 2013 2026; x_wconf 88' lang='lat' dir='ltr'><strong><em>quis</em></strong></span> <span class='ocrx_word' id='word_1_244' title='bbox 2052 1953 2132 2008; x_wconf 90' lang='lat' dir='ltr'><strong><em>illi</em></strong></span> <span class='ocrx_word' id='word_1_245' title='bbox 2155 1969 2255 2008; x_wconf 91' lang='lat' dir='ltr'><strong><em>ve-</em></strong></span> 
     </span>
    </p>
   </div>
   <div class='ocr_carea' id='block_1_36' title="bbox 598 2041 2253 2107">
    <p class='ocr_par' dir='ltr' id='par_1_36' title="bbox 598 2041 2253 2107">
     <span class='ocr_line' id='line_1_36' title="bbox 598 2041 2253 2107; baseline 0.002 -11"><span class='ocrx_word' id='word_1_246' title='bbox 598 2045 751 2096; x_wconf 88' lang='lat' dir='ltr'><strong><em>stem</em></strong></span> <span class='ocrx_word' id='word_1_247' title='bbox 816 2041 1071 2107; x_wconf 85' lang='lat' dir='ltr'><strong><em>texebat,</em></strong></span> <span class='ocrx_word' id='word_1_248' title='bbox 1127 2048 1229 2098; x_wconf 87' lang='lat' dir='ltr'><strong><em>aut</em></strong></span> <span class='ocrx_word' id='word_1_249' title='bbox 1294 2043 1452 2098; x_wconf 91' lang='lat' dir='ltr'><strong><em>unde</em></strong></span> <span class='ocrx_word' id='word_1_250' title='bbox 1503 2058 1713 2098; x_wconf 90' lang='lat' dir='ltr'><strong><em>zonam</em></strong></span> <span class='ocrx_word' id='word_1_251' title='bbox 1766 2042 2045 2098; x_wconf 89' lang='lat' dir='ltr'><strong><em>habebat.</em></strong></span> <span class='ocrx_word' id='word_1_252' title='bbox 2078 2041 2253 2099; x_wconf 89' lang='lat' dir='ltr'><strong><em>Multo</em></strong></span> 
     </span>
    </p>
   </div>
   <div class='ocr_carea' id='block_1_37' title="bbox 597 2130 2253 2203">
    <p class='ocr_par' dir='ltr' id='par_1_37' title="bbox 597 2130 2253 2203">
     <span class='ocr_line' id='line_1_37' title="bbox 597 2130 2253 2203; baseline 0.001 -17"><span class='ocrx_word' id='word_1_253' title='bbox 597 2130 758 2186; x_wconf 91' lang='lat' dir='ltr'><strong><em>enim</em></strong></span> <span class='ocrx_word' id='word_1_254' title='bbox 789 2131 984 2201; x_wconf 86' lang='lat' dir='ltr'><strong><em>magis</em></strong></span> <span class='ocrx_word' id='word_1_255' title='bbox 1023 2130 1444 2187; x_wconf 89' lang='lat' dir='ltr'><strong><em>admirandum</em></strong></span> <span class='ocrx_word' id='word_1_256' title='bbox 1488 2136 1594 2200; x_wconf 86' lang='lat' dir='ltr'><strong><em>est,</em></strong></span> <span class='ocrx_word' id='word_1_257' title='bbox 1625 2132 1932 2203; x_wconf 91' lang='lat' dir='ltr'><strong><em>quomodo</em></strong></span> <span class='ocrx_word' id='word_1_258' title='bbox 1960 2132 2021 2187; x_wconf 91' lang='lat' dir='ltr'><strong><em>in</em></strong></span> <span class='ocrx_word' id='word_1_259' title='bbox 2051 2146 2253 2188; x_wconf 90' lang='lat' dir='ltr'><strong><em>eremo</em></strong></span> 
     </span>
    </p>
   </div>
   <div class='ocr_carea' id='block_1_38' title="bbox 597 2220 2253 2294">
    <p class='ocr_par' dir='ltr' id='par_1_38' title="bbox 597 2220 2253 2294">
     <span class='ocr_line' id='line_1_38' title="bbox 597 2220 2253 2294; baseline 0 -18"><span class='ocrx_word' id='word_1_260' title='bbox 597 2236 634 2276; x_wconf 84' lang='lat' dir='ltr'><strong><em>a</em></strong></span> <span class='ocrx_word' id='word_1_261' title='bbox 663 2235 850 2292; x_wconf 91' lang='lat' dir='ltr'><strong><em>puero</em></strong></span> <span class='ocrx_word' id='word_1_262' title='bbox 881 2220 1034 2277; x_wconf 89' lang='lat' dir='ltr'><strong><em>aeris</em></strong></span> <span class='ocrx_word' id='word_1_263' title='bbox 1059 2220 1446 2293; x_wconf 77' lang='lat' dir='ltr'><strong><em>inaequalitati</em></strong></span> <span class='ocrx_word' id='word_1_264' title='bbox 1462 2237 1569 2294; x_wconf 87' lang='lat' dir='ltr'><strong><em>per</em></strong></span> <span class='ocrx_word' id='word_1_265' title='bbox 1589 2220 1767 2277; x_wconf 85' lang='lat' dir='ltr'><strong><em>talem</em></strong></span> <span class='ocrx_word' id='word_1_266' title='bbox 1791 2226 2027 2277; x_wconf 84' lang='lat' dir='ltr'><strong><em>aetatem</em></strong></span> <span class='ocrx_word' id='word_1_267' title='bbox 2048 2235 2253 2277; x_wconf 88' lang='lat' dir='ltr'><strong><em>assue-</em></strong></span> 
     </span>
    </p>
   </div>
   <div class='ocr_carea' id='block_1_39' title="bbox 597 2307 2249 2381">
    <p class='ocr_par' dir='ltr' id='par_1_39' title="bbox 597 2307 2249 2381">
     <span class='ocr_line' id='line_1_39' title="bbox 597 2307 2249 2381; baseline 0.001 -18"><span class='ocrx_word' id='word_1_268' title='bbox 597 2307 791 2364; x_wconf 87' lang='lat' dir='ltr'><strong><em>factus</em></strong></span> <span class='ocrx_word' id='word_1_269' title='bbox 817 2313 921 2365; x_wconf 90' lang='lat' dir='ltr'><strong><em>est.</em></strong></span> <span class='ocrx_word' id='word_1_270' title='bbox 954 2309 1016 2364; x_wconf 90' lang='lat' dir='ltr'><strong><em>ld</em></strong></span> <span class='ocrx_word' id='word_1_271' title='bbox 1039 2312 1241 2364; x_wconf 90' lang='lat' dir='ltr'><strong><em>autem</em></strong></span> <span class='ocrx_word' id='word_1_272' title='bbox 1271 2323 1458 2364; x_wconf 90' lang='lat' dir='ltr'><strong><em>unum</em></strong></span> <span class='ocrx_word' id='word_1_273' title='bbox 1508 2308 1678 2375; x_wconf 88' lang='lat' dir='ltr'><strong><em>scito,</em></strong></span> <span class='ocrx_word' id='word_1_274' title='bbox 1727 2308 1893 2381; x_wconf 92' lang='lat' dir='ltr'><strong><em>quod</em></strong></span> <span class='ocrx_word' id='word_1_275' title='bbox 1926 2309 2104 2366; x_wconf 87' lang='lat' dir='ltr'><strong><em>etiam</em></strong></span> <span class='ocrx_word' id='word_1_276' title='bbox 2129 2308 2249 2377; x_wconf 89' lang='lat' dir='ltr'><strong><em>illa,</em></strong></span> 
     </span>
    </p>
   </div>
   <div class='ocr_carea' id='block_1_40' title="bbox 598 2396 2251 2470">
    <p class='ocr_par' dir='ltr' id='par_1_40' title="bbox 598 2396 2251 2470">
     <span class='ocr_line' id='line_1_40' title="bbox 598 2396 2251 2470; baseline 0.001 -18"><span class='ocrx_word' id='word_1_277' title='bbox 598 2396 799 2453; x_wconf 87' lang='lat' dir='ltr'><strong><em>divina</em></strong></span> <span class='ocrx_word' id='word_1_278' title='bbox 876 2399 930 2453; x_wconf 91' lang='lat' dir='ltr'><strong><em>ei</em></strong></span> <span class='ocrx_word' id='word_1_279' title='bbox 987 2397 1334 2470; x_wconf 83' lang='lat' dir='ltr'><strong><em>provisione</em></strong></span> <span class='ocrx_word' id='word_1_280' title='bbox 1383 2397 2016 2462; x_wconf 88' lang='lat' dir='ltr'><strong><em>subministrabantur,</em></strong></span> <span class='ocrx_word' id='word_1_281' title='bbox 2062 2404 2118 2454; x_wconf 91' lang='lat' dir='ltr'><strong><em>et</em></strong></span> <span class='ocrx_word' id='word_1_282' title='bbox 2169 2398 2251 2454; x_wconf 85' lang='lat' dir='ltr'><strong><em>ita</em></strong></span> 
     </span>
    </p>
   </div>
   <div class='ocr_carea' id='block_1_41' title="bbox 599 2485 1786 2558">
    <p class='ocr_par' dir='ltr' id='par_1_41' title="bbox 599 2485 1786 2558">
     <span class='ocr_line' id='line_1_41' title="bbox 599 2485 1786 2558; baseline 0 -16"><span class='ocrx_word' id='word_1_283' title='bbox 599 2485 952 2542; x_wconf 88' lang='lat' dir='ltr'><strong><em>afﬂictiones</em></strong></span> <span class='ocrx_word' id='word_1_284' title='bbox 973 2485 1312 2542; x_wconf 88' lang='lat' dir='ltr'><strong><em>sufferendo</em></strong></span> <span class='ocrx_word' id='word_1_285' title='bbox 1341 2485 1786 2558; x_wconf 85' lang='lat' dir='ltr'><strong><em>perseverabat.</em></strong></span> 
     </span>
    </p>
   </div>
   <div class='ocr_carea' id='block_1_42' title="bbox 668 2574 2248 2648">
    <p class='ocr_par' dir='ltr' id='par_1_42' title="bbox 668 2574 2248 2648">
     <span class='ocr_line' id='line_1_42' title="bbox 668 2574 2248 2648; baseline -0.001 -19"><span class='ocrx_word' id='word_1_286' title='bbox 668 2574 952 2630; x_wconf 89' lang='lat' dir='ltr'><strong><em>Locustas</em></strong></span> <span class='ocrx_word' id='word_1_287' title='bbox 977 2590 1121 2630; x_wconf 90' lang='lat' dir='ltr'><strong><em>vero</em></strong></span> <span class='ocrx_word' id='word_1_288' title='bbox 1142 2575 1386 2646; x_wconf 88' lang='lat' dir='ltr'><strong><em>quidam</em></strong></span> <span class='ocrx_word' id='word_1_289' title='bbox 1405 2575 1726 2632; x_wconf 89' lang='lat' dir='ltr'><strong><em>herbarum</em></strong></span> <span class='ocrx_word' id='word_1_290' title='bbox 1739 2590 1868 2631; x_wconf 90' lang='lat' dir='ltr'><strong><em>esse</em></strong></span> <span class='ocrx_word' id='word_1_291' title='bbox 1893 2574 2150 2645; x_wconf 81' lang='lat' dir='ltr'><strong><em>virgulta</em></strong></span> <span class='ocrx_word' id='word_1_292' title='bbox 2167 2576 2248 2648; x_wconf 78' lang='grc' dir='ltr'>(Ιι)</span> 
     </span>
    </p>
   </div>
   <div class='ocr_carea' id='block_1_43' title="bbox 599 2662 2249 2734">
    <p class='ocr_par' dir='ltr' id='par_1_43' title="bbox 599 2662 2249 2734">
     <span class='ocr_line' id='line_1_43' title="bbox 599 2662 2249 2734; baseline 0.001 -16"><span class='ocrx_word' id='word_1_293' title='bbox 599 2662 876 2719; x_wconf 86' lang='lat' dir='ltr'><strong><em>dixerunt</em></strong></span> <span class='ocrx_word' id='word_1_294' title='bbox 894 2681 907 2731; x_wconf 91' lang='lat'><strong>;</strong></span> <span class='ocrx_word' id='word_1_295' title='bbox 923 2663 1171 2734; x_wconf 87' lang='lat' dir='ltr'><strong><em>quidam</em></strong></span> <span class='ocrx_word' id='word_1_296' title='bbox 1190 2668 1386 2720; x_wconf 88' lang='lat' dir='ltr'><strong><em>autem</em></strong></span> <span class='ocrx_word' id='word_1_297' title='bbox 1413 2663 1664 2721; x_wconf 88' lang='lat' dir='ltr'><strong><em>herbam</em></strong></span> <span class='ocrx_word' id='word_1_298' title='bbox 1685 2664 1901 2720; x_wconf 89' lang='lat' dir='ltr'><strong><em>dictam</em></strong></span> <span class='ocrx_word' id='word_1_299' title='bbox 1918 2663 2213 2720; x_wconf 88' lang='lat' dir='ltr'><strong><em>locustam</em></strong></span> <span class='ocrx_word' id='word_1_300' title='bbox 2234 2680 2249 2732; x_wconf 88' lang='lat'><strong>;</strong></span> 
     </span>
    </p>
   </div>
   <div class='ocr_carea' id='block_1_44' title="bbox 597 2751 2252 2823">
    <p class='ocr_par' dir='ltr' id='par_1_44' title="bbox 597 2751 2252 2823">
     <span class='ocr_line' id='line_1_44' title="bbox 597 2751 2252 2823; baseline 0 -15"><span class='ocrx_word' id='word_1_301' title='bbox 597 2751 696 2808; x_wconf 87' lang='lat' dir='ltr'><strong><em>alii</em></strong></span> <span class='ocrx_word' id='word_1_302' title='bbox 723 2766 860 2807; x_wconf 90' lang='lat' dir='ltr'><strong><em>vero</em></strong></span> <span class='ocrx_word' id='word_1_303' title='bbox 906 2751 1101 2822; x_wconf 90' lang='lat' dir='ltr'><strong><em>ipsum</em></strong></span> <span class='ocrx_word' id='word_1_304' title='bbox 1147 2752 1355 2809; x_wconf 89' lang='lat' dir='ltr'><strong><em>insecti</em></strong></span> <span class='ocrx_word' id='word_1_305' title='bbox 1406 2769 1615 2823; x_wconf 89' lang='lat' dir='ltr'><strong><em>genus.</em></strong></span> <span class='ocrx_word' id='word_1_306' title='bbox 1683 2753 1896 2809; x_wconf 89' lang='lat' dir='ltr'><strong><em>Dicunt</em></strong></span> <span class='ocrx_word' id='word_1_307' title='bbox 1941 2753 2101 2808; x_wconf 92' lang='lat' dir='ltr'><strong><em>enim</em></strong></span> <span class='ocrx_word' id='word_1_308' title='bbox 2158 2769 2252 2808; x_wconf 89' lang='lat' dir='ltr'><strong><em>us-</em></strong></span> 
     </span>
    </p>
   </div>
   <div class='ocr_carea' id='block_1_45' title="bbox 596 2839 2251 2914">
    <p class='ocr_par' dir='ltr' id='par_1_45' title="bbox 596 2839 2251 2914">
     <span class='ocr_line' id='line_1_45' title="bbox 596 2839 2251 2914; baseline 0.002 -20"><span class='ocrx_word' id='word_1_309' title='bbox 596 2855 716 2913; x_wconf 86' lang='lat' dir='ltr'><strong><em>que</em></strong></span> <span class='ocrx_word' id='word_1_310' title='bbox 775 2839 854 2896; x_wconf 88' lang='lat' dir='ltr'><strong><em>ad</em></strong></span> <span class='ocrx_word' id='word_1_311' title='bbox 918 2840 1273 2898; x_wconf 91' lang='lat' dir='ltr'><strong><em>hodiernum</em></strong></span> <span class='ocrx_word' id='word_1_312' title='bbox 1333 2841 1511 2907; x_wconf 85' lang='lat' dir='ltr'><strong><em>diem,</em></strong></span> <span class='ocrx_word' id='word_1_313' title='bbox 1547 2843 1607 2898; x_wconf 92' lang='lat' dir='ltr'><strong><em>in</em></strong></span> <span class='ocrx_word' id='word_1_314' title='bbox 1649 2841 1765 2898; x_wconf 90' lang='lat' dir='ltr'><strong><em>illis</em></strong></span> <span class='ocrx_word' id='word_1_315' title='bbox 1805 2841 2076 2914; x_wconf 90' lang='lat' dir='ltr'><strong><em>partibus</em></strong></span> <span class='ocrx_word' id='word_1_316' title='bbox 2131 2842 2251 2914; x_wconf 88' lang='lat' dir='ltr'><strong><em>ple-</em></strong></span> 
     </span>
    </p>
   </div>
   <div class='ocr_carea' id='block_1_46' title="bbox 595 2928 2250 3003">
    <p class='ocr_par' dir='ltr' id='par_1_46' title="bbox 595 2928 2250 3003">
     <span class='ocr_line' id='line_1_46' title="bbox 595 2928 2250 3003; baseline 0.002 -20"><span class='ocrx_word' id='word_1_317' title='bbox 595 2943 816 3000; x_wconf 89' lang='lat' dir='ltr'><strong><em>rosque</em></strong></span> <span class='ocrx_word' id='word_1_318' title='bbox 839 2928 984 2984; x_wconf 91' lang='lat' dir='ltr'><strong><em>illud</em></strong></span> <span class='ocrx_word' id='word_1_319' title='bbox 1015 2929 1186 2986; x_wconf 90' lang='lat' dir='ltr'><strong><em>edere</em></strong></span> <span class='ocrx_word' id='word_1_320' title='bbox 1215 2930 1382 2988; x_wconf 90' lang='lat' dir='ltr'><strong><em>fumo</em></strong></span> <span class='ocrx_word' id='word_1_321' title='bbox 1439 2932 1768 2996; x_wconf 88' lang='lat' dir='ltr'><strong><em>siccatum;</em></strong></span> <span class='ocrx_word' id='word_1_322' title='bbox 1810 2935 1864 2987; x_wconf 89' lang='lat' dir='ltr'>et</span> <span class='ocrx_word' id='word_1_323' title='bbox 1917 2930 2120 3003; x_wconf 90' lang='lat' dir='ltr'><strong><em>ipsum</em></strong></span> <span class='ocrx_word' id='word_1_324' title='bbox 2168 2932 2250 2987; x_wconf 83' lang='lat' dir='ltr'><strong><em>in-</em></strong></span> 
     </span>
    </p>
   </div>
   <div class='ocr_carea' id='block_1_47' title="bbox 595 3017 2247 3092">
    <p class='ocr_par' dir='ltr' id='par_1_47' title="bbox 595 3017 2247 3092">
     <span class='ocr_line' id='line_1_47' title="bbox 595 3017 2247 3092; baseline 0.002 -20"><span class='ocrx_word' id='word_1_325' title='bbox 595 3022 683 3072; x_wconf 87' lang='lat' dir='ltr'><strong><em>ter</em></strong></span> <span class='ocrx_word' id='word_1_326' title='bbox 711 3017 996 3074; x_wconf 88' lang='lat' dir='ltr'><strong><em>animalia</em></strong></span> <span class='ocrx_word' id='word_1_327' title='bbox 1041 3019 1270 3076; x_wconf 90' lang='lat' dir='ltr'><strong><em>munda</em></strong></span> <span class='ocrx_word' id='word_1_328' title='bbox 1328 3020 1737 3090; x_wconf 87' lang='lat' dir='ltr'><strong><em>legislatorem</em></strong></span> <span class='ocrx_word' id='word_1_329' title='bbox 1769 3019 2199 3076; x_wconf 86' lang='lat' dir='ltr'><strong><em>adnumerasse</em></strong></span> <span class='ocrx_word' id='word_1_330' title='bbox 2228 3038 2247 3092; x_wconf 84' lang='lat'><strong>;</strong></span> 
     </span>
    </p>
   </div>
   <div class='ocr_carea' id='block_1_48' title="bbox 593 3105 2245 3180">
    <p class='ocr_par' dir='ltr' id='par_1_48' title="bbox 593 3105 2245 3180">
     <span class='ocr_line' id='line_1_48' title="bbox 593 3105 2245 3180; baseline 0.002 -18"><span class='ocrx_word' id='word_1_331' title='bbox 593 3105 818 3162; x_wconf 87' lang='lat' dir='ltr'><strong><em>habere</em></strong></span> <span class='ocrx_word' id='word_1_332' title='bbox 849 3111 1046 3163; x_wconf 89' lang='lat' dir='ltr'><strong><em>autem</em></strong></span> <span class='ocrx_word' id='word_1_333' title='bbox 1069 3123 1313 3177; x_wconf 81' lang='lat' dir='ltr'><strong><em>gravem</em></strong></span> <span class='ocrx_word' id='word_1_334' title='bbox 1327 3108 1596 3178; x_wconf 88' lang='lat' dir='ltr'><strong><em>odorem,</em></strong></span> <span class='ocrx_word' id='word_1_335' title='bbox 1613 3107 1961 3180; x_wconf 89' lang='lat' dir='ltr'><strong><em>malumque</em></strong></span> <span class='ocrx_word' id='word_1_336' title='bbox 1984 3114 2245 3177; x_wconf 83' lang='lat' dir='ltr'><strong><em>gustum.</em></strong></span> 
     </span>
    </p>
   </div>
   <div class='ocr_carea' id='block_1_49' title="bbox 601 3193 2325 3285">
    <p class='ocr_par' dir='ltr' id='par_1_49' title="bbox 601 3193 2325 3285">
     <span class='ocr_line' id='line_1_49' title="bbox 601 3193 2325 3285; baseline 0.003 -36"><span class='ocrx_word' id='word_1_337' title='bbox 601 3193 865 3285; x_wconf 81' lang='lat' dir='ltr'><strong><em>Primum</em></strong></span> <span class='ocrx_word' id='word_1_338' title='bbox 922 3200 1124 3252; x_wconf 86' lang='lat' dir='ltr'><strong><em>tamen</em></strong></span> <span class='ocrx_word' id='word_1_339' title='bbox 1178 3197 1374 3269; x_wconf 90' lang='lat' dir='ltr'><strong><em>potius</em></strong></span> <span class='ocrx_word' id='word_1_340' title='bbox 1439 3195 1765 3285; x_wconf 89' lang='lat' dir='ltr'><strong><em>tenendum</em></strong></span> <span class='ocrx_word' id='word_1_341' title='bbox 1812 3201 1922 3285; x_wconf 84' lang='lat' dir='ltr'><strong><em>est.</em></strong></span> <span class='ocrx_word' id='word_1_342' title='bbox 1964 3197 2070 3254; x_wconf 82' lang='lat' dir='ltr'><strong><em>Mel</em></strong></span> <span class='ocrx_word' id='word_1_343' title='bbox 2103 3213 2250 3270; x_wconf 91' lang='lat' dir='ltr'><strong><em>quo-</em></strong></span> <span class='ocrx_word' id='word_1_344' title='bbox 2284 3226 2325 3285; x_wconf 67' lang='grc' dir='ltr'><strong><em>ρ</em></strong></span> 
     </span>
    </p>
   </div>
   <div class='ocr_carea' id='block_1_50' title="bbox 598 3283 2249 3358">
    <p class='ocr_par' dir='ltr' id='par_1_50' title="bbox 598 3283 2249 3358">
     <span class='ocr_line' id='line_1_50' title="bbox 598 3283 2249 3358; baseline 0.002 -20"><span class='ocrx_word' id='word_1_345' title='bbox 598 3298 716 3356; x_wconf 89' lang='lat' dir='ltr'><strong><em>que</em></strong></span> <span class='ocrx_word' id='word_1_346' title='bbox 767 3283 1031 3341; x_wconf 83' lang='lat' dir='ltr'><strong><em>silvestre</em></strong></span> <span class='ocrx_word' id='word_1_347' title='bbox 1061 3285 1121 3341; x_wconf 91' lang='lat' dir='ltr'><strong><em>in</em></strong></span> <span class='ocrx_word' id='word_1_348' title='bbox 1147 3289 1453 3358; x_wconf 84' lang='lat' dir='ltr'><strong><em>petrarum</em></strong></span> <span class='ocrx_word' id='word_1_349' title='bbox 1485 3284 1762 3341; x_wconf 86' lang='lat' dir='ltr'><strong><em>scissuris</em></strong></span> <span class='ocrx_word' id='word_1_350' title='bbox 1813 3284 1892 3343; x_wconf 85' lang='lat' dir='ltr'><strong><em>ab</em></strong></span> <span class='ocrx_word' id='word_1_351' title='bbox 1916 3287 2249 3357; x_wconf 82' lang='lat' dir='ltr'><strong><em>agrestibus</em></strong></span> 
     </span>
    </p>
   </div>
   <div class='ocr_carea' id='block_1_51' title="bbox 599 3370 2138 3443">
    <p class='ocr_par' dir='ltr' id='par_1_51' title="bbox 599 3370 2138 3443">
     <span class='ocr_line' id='line_1_51' title="bbox 599 3370 2138 3443; baseline 0.001 -16"><span class='ocrx_word' id='word_1_352' title='bbox 599 3370 814 3443; x_wconf 86' lang='lat' dir='ltr'><strong><em>apibus</em></strong></span> <span class='ocrx_word' id='word_1_353' title='bbox 835 3371 1146 3428; x_wconf 85' lang='lat' dir='ltr'><strong><em>conﬁcitur</em></strong></span> <span class='ocrx_word' id='word_1_354' title='bbox 1173 3389 1186 3427; x_wconf 89' lang='lat'><strong>:</strong></span> <span class='ocrx_word' id='word_1_355' title='bbox 1221 3372 1324 3429; x_wconf 89' lang='lat' dir='ltr'><strong><em>sed</em></strong></span> <span class='ocrx_word' id='word_1_356' title='bbox 1355 3388 1631 3429; x_wconf 89' lang='lat' dir='ltr'><strong><em>amarum</em></strong></span> <span class='ocrx_word' id='word_1_357' title='bbox 1657 3380 1742 3430; x_wconf 90' lang='lat' dir='ltr'><strong><em>est</em></strong></span> <span class='ocrx_word' id='word_1_358' title='bbox 1771 3389 1841 3430; x_wconf 89' lang='lat' dir='ltr'><strong><em>ac</em></strong></span> <span class='ocrx_word' id='word_1_359' title='bbox 1871 3374 2138 3431; x_wconf 90' lang='lat' dir='ltr'><strong><em>insuave.</em></strong></span> 
     </span>
    </p>
   </div>
   <div class='ocr_carea' id='block_1_52' title="bbox 666 3460 2248 3534">
    <p class='ocr_par' dir='ltr' id='par_1_52' title="bbox 666 3460 2248 3534">
     <span class='ocr_line' id='line_1_52' title="bbox 666 3460 2248 3534; baseline 0.001 -16"><span class='ocrx_word' id='word_1_360' title='bbox 666 3461 707 3530; x_wconf 65' lang='grc' dir='ltr'><strong><em>-ξ-</em></strong></span> <span class='ocrx_word' id='word_1_361' title='bbox 747 3460 967 3518; x_wconf 88' lang='lat' dir='ltr'><strong><em>Habitu</em></strong></span> <span class='ocrx_word' id='word_1_362' title='bbox 993 3462 1170 3517; x_wconf 88' lang='lat' dir='ltr'><strong><em>etiam</em></strong></span> <span class='ocrx_word' id='word_1_363' title='bbox 1229 3461 1610 3534; x_wconf 73' lang='lat' dir='ltr'><strong><em>przcdicabat,</em></strong></span> <span class='ocrx_word' id='word_1_364' title='bbox 1664 3467 1890 3520; x_wconf 87' lang='lat' dir='ltr'><strong><em>vestem</em></strong></span> <span class='ocrx_word' id='word_1_365' title='bbox 1918 3478 2131 3534; x_wconf 80' lang='lat' dir='ltr'><strong><em>gerens</em></strong></span> <span class='ocrx_word' id='word_1_366' title='bbox 2159 3464 2248 3520; x_wconf 80' lang='lat' dir='ltr'><strong><em>lu-</em></strong></span> 
     </span>
    </p>
   </div>
   <div class='ocr_carea' id='block_1_53' title="bbox 596 3549 2250 3618">
    <p class='ocr_par' dir='ltr' id='par_1_53' title="bbox 596 3549 2250 3618">
     <span class='ocr_line' id='line_1_53' title="bbox 596 3549 2250 3618; baseline 0.002 -14"><span class='ocrx_word' id='word_1_367' title='bbox 596 3549 866 3618; x_wconf 86' lang='lat' dir='ltr'><strong><em>gubrem.</em></strong></span> <span class='ocrx_word' id='word_1_368' title='bbox 901 3550 1112 3607; x_wconf 91' lang='lat' dir='ltr'><strong><em>Dicunt</em></strong></span> <span class='ocrx_word' id='word_1_369' title='bbox 1138 3555 1333 3606; x_wconf 89' lang='lat' dir='ltr'><strong><em>autem</em></strong></span> <span class='ocrx_word' id='word_1_370' title='bbox 1364 3551 1661 3607; x_wconf 89' lang='lat' dir='ltr'><strong><em>camelum</em></strong></span> <span class='ocrx_word' id='word_1_371' title='bbox 1717 3552 1982 3607; x_wconf 91' lang='lat' dir='ltr'><strong><em>medium</em></strong></span> <span class='ocrx_word' id='word_1_372' title='bbox 2007 3568 2139 3608; x_wconf 89' lang='lat' dir='ltr'><strong><em>esse</em></strong></span> <span class='ocrx_word' id='word_1_373' title='bbox 2164 3553 2250 3608; x_wconf 91' lang='lat' dir='ltr'><strong><em>in-</em></strong></span> 
     </span>
    </p>
   </div>
   <div class='ocr_carea' id='block_1_54' title="bbox 596 3639 2250 3705">
    <p class='ocr_par' dir='ltr' id='par_1_54' title="bbox 596 3639 2250 3705">
     <span class='ocr_line' id='line_1_54' title="bbox 596 3639 2250 3705; baseline 0.001 -11"><span class='ocrx_word' id='word_1_374' title='bbox 596 3642 684 3694; x_wconf 90' lang='lat' dir='ltr'><strong><em>ter</em></strong></span> <span class='ocrx_word' id='word_1_375' title='bbox 709 3639 940 3696; x_wconf 88' lang='lat' dir='ltr'><strong><em>munda</em></strong></span> <span class='ocrx_word' id='word_1_376' title='bbox 969 3639 1254 3696; x_wconf 88' lang='lat' dir='ltr'><strong><em>animalia</em></strong></span> <span class='ocrx_word' id='word_1_377' title='bbox 1305 3644 1360 3695; x_wconf 91' lang='lat' dir='ltr'><strong><em>et</em></strong></span> <span class='ocrx_word' id='word_1_378' title='bbox 1393 3639 1709 3695; x_wconf 90' lang='lat' dir='ltr'><strong><em>immunda</em></strong></span> <span class='ocrx_word' id='word_1_379' title='bbox 1743 3657 1756 3705; x_wconf 93' lang='lat'>;</span> <span class='ocrx_word' id='word_1_380' title='bbox 1812 3639 1945 3696; x_wconf 91' lang='lat' dir='ltr'><strong><em>licet</em></strong></span> <span class='ocrx_word' id='word_1_381' title='bbox 1975 3641 2134 3695; x_wconf 89' lang='lat' dir='ltr'><strong><em>enim</em></strong></span> <span class='ocrx_word' id='word_1_382' title='bbox 2155 3656 2250 3696; x_wconf 90' lang='lat' dir='ltr'><strong><em>ru-</em></strong></span> 
     </span>
    </p>
   </div>
   <div class='ocr_carea' id='block_1_55' title="bbox 597 3726 2249 3801">
    <p class='ocr_par' dir='ltr' id='par_1_55' title="bbox 597 3726 2249 3801">
     <span class='ocr_line' id='line_1_55' title="bbox 597 3726 2249 3801; baseline 0.002 -19"><span class='ocrx_word' id='word_1_383' title='bbox 597 3727 781 3783; x_wconf 91' lang='lat' dir='ltr'><strong><em>minet</em></strong></span> <span class='ocrx_word' id='word_1_384' title='bbox 805 3734 1096 3801; x_wconf 88' lang='lat' dir='ltr'><strong><em>tanquam</em></strong></span> <span class='ocrx_word' id='word_1_385' title='bbox 1119 3727 1441 3795; x_wconf 90' lang='lat' dir='ltr'><strong><em>mundum,</em></strong></span> <span class='ocrx_word' id='word_1_386' title='bbox 1473 3726 1702 3782; x_wconf 83' lang='lat' dir='ltr'><strong><em>inferne</em></strong></span> <span class='ocrx_word' id='word_1_387' title='bbox 1728 3732 1926 3784; x_wconf 87' lang='lat' dir='ltr'><strong><em>tamen</em></strong></span> <span class='ocrx_word' id='word_1_388' title='bbox 1960 3728 2249 3798; x_wconf 80' lang='lat' dir='ltr'><strong><em>ungulam</em></strong></span> 
     </span>
    </p>
   </div>
   <div class='ocr_carea' id='block_1_56' title="bbox 596 3815 2251 3890">
    <p class='ocr_par' dir='ltr' id='par_1_56' title="bbox 596 3815 2251 3890">
     <span class='ocr_line' id='line_1_56' title="bbox 596 3815 2251 3890; baseline 0.002 -19"><span class='ocrx_word' id='word_1_389' title='bbox 596 3831 720 3872; x_wconf 89' lang='lat' dir='ltr'><strong><em>non</em></strong></span> <span class='ocrx_word' id='word_1_390' title='bbox 775 3816 957 3874; x_wconf 91' lang='lat' dir='ltr'><strong><em>habet</em></strong></span> <span class='ocrx_word' id='word_1_391' title='bbox 980 3817 1210 3873; x_wconf 88' lang='lat' dir='ltr'><strong><em>ﬁssam.</em></strong></span> <span class='ocrx_word' id='word_1_392' title='bbox 1257 3815 1408 3881; x_wconf 86' lang='lat' dir='ltr'><strong><em>Quia</em></strong></span> <span class='ocrx_word' id='word_1_393' title='bbox 1444 3815 1625 3884; x_wconf 88' lang='lat' dir='ltr'><strong><em>igitur</em></strong></span> <span class='ocrx_word' id='word_1_394' title='bbox 1653 3817 1912 3872; x_wconf 88' lang='lat' dir='ltr'><strong><em>Joannes</em></strong></span> <span class='ocrx_word' id='word_1_395' title='bbox 1955 3817 2251 3890; x_wconf 87' lang='lat' dir='ltr'><strong><em>populum</em></strong></span> 
     </span>
    </p>
   </div>
   <div class='ocr_carea' id='block_1_57' title="bbox 595 3902 2250 3978">
    <p class='ocr_par' dir='ltr' id='par_1_57' title="bbox 595 3902 2250 3978">
     <span class='ocr_line' id='line_1_57' title="bbox 595 3902 2250 3978; baseline 0.003 -21"><span class='ocrx_word' id='word_1_396' title='bbox 595 3903 910 3961; x_wconf 89' lang='lat' dir='ltr'><strong><em>Judaicum</em></strong></span> <span class='ocrx_word' id='word_1_397' title='bbox 941 3905 1044 3978; x_wconf 90' lang='lat' dir='ltr'><strong><em>qui</em></strong></span> <span class='ocrx_word' id='word_1_398' title='bbox 1067 3904 1284 3960; x_wconf 88' lang='lat' dir='ltr'><strong><em>misere</em></strong></span> <span class='ocrx_word' id='word_1_399' title='bbox 1315 3902 1578 3958; x_wconf 89' lang='lat' dir='ltr'><strong><em>mundus</em></strong></span> <span class='ocrx_word' id='word_1_400' title='bbox 1623 3903 1970 3975; x_wconf 87' lang='lat' dir='ltr'><strong><em>apparebat,</em></strong></span> <span class='ocrx_word' id='word_1_401' title='bbox 2005 3921 2075 3961; x_wconf 89' lang='lat' dir='ltr'><strong><em>ac</em></strong></span> <span class='ocrx_word' id='word_1_402' title='bbox 2105 3922 2250 3978; x_wconf 90' lang='lat' dir='ltr'><strong><em>gen-</em></strong></span> 
     </span>
    </p>
   </div>
   <div class='ocr_carea' id='block_1_58' title="bbox 595 3990 2244 4066">
    <p class='ocr_par' dir='ltr' id='par_1_58' title="bbox 595 3990 2244 4066">
     <span class='ocr_line' id='line_1_58' title="bbox 595 3990 2244 4066; baseline 0.003 -17"><span class='ocrx_word' id='word_1_403' title='bbox 595 3993 780 4058; x_wconf 84' lang='lat' dir='ltr'><strong><em>tilem,</em></strong></span> <span class='ocrx_word' id='word_1_404' title='bbox 813 3994 917 4066; x_wconf 89' lang='lat' dir='ltr'><strong><em>qui</em></strong></span> <span class='ocrx_word' id='word_1_405' title='bbox 974 3990 1328 4048; x_wconf 89' lang='lat' dir='ltr'><strong><em>immundus</em></strong></span> <span class='ocrx_word' id='word_1_406' title='bbox 1361 3994 1504 4057; x_wconf 88' lang='lat' dir='ltr'><strong><em>erat,</em></strong></span> <span class='ocrx_word' id='word_1_407' title='bbox 1552 3990 1631 4048; x_wconf 88' lang='lat' dir='ltr'><strong><em>ad</em></strong></span> <span class='ocrx_word' id='word_1_408' title='bbox 1653 3993 1840 4050; x_wconf 91' lang='lat' dir='ltr'><strong><em>Deum</em></strong></span> <span class='ocrx_word' id='word_1_409' title='bbox 1887 3993 2244 4064; x_wconf 85' lang='lat' dir='ltr'><strong><em>adducebat,</em></strong></span> 
     </span>
    </p>
   </div>
   <div class='ocr_carea' id='block_1_59' title="bbox 595 4079 1685 4154">
    <p class='ocr_par' dir='ltr' id='par_1_59' title="bbox 595 4079 1685 4154">
     <span class='ocr_line' id='line_1_59' title="bbox 595 4079 1685 4154; baseline 0 -16"><span class='ocrx_word' id='word_1_410' title='bbox 595 4081 817 4138; x_wconf 90' lang='lat' dir='ltr'><strong><em>idcirco</em></strong></span> <span class='ocrx_word' id='word_1_411' title='bbox 856 4080 1009 4154; x_wconf 90' lang='lat' dir='ltr'><strong><em>pilos</em></strong></span> <span class='ocrx_word' id='word_1_412' title='bbox 1033 4079 1264 4136; x_wconf 87' lang='lat' dir='ltr'><strong><em>ferebat</em></strong></span> <span class='ocrx_word' id='word_1_413' title='bbox 1292 4079 1685 4138; x_wconf 87' lang='lat' dir='ltr'><strong><em>camelorum.</em></strong></span> 
     </span>
    </p>
   </div>
   <div class='ocr_carea' id='block_1_60' title="bbox 667 4253 2245 4330">
    <p class='ocr_par' dir='ltr' id='par_1_60' title="bbox 667 4253 2245 4330">
     <span class='ocr_line' id='line_1_60' title="bbox 667 4253 2245 4330; baseline 0.001 -14"><span class='ocrx_word' id='word_1_414' title='bbox 667 4259 886 4316; x_wconf 89' lang='lat' dir='ltr'><strong><em>Omnes</em></strong></span> <span class='ocrx_word' id='word_1_415' title='bbox 945 4256 1137 4313; x_wconf 88' lang='lat' dir='ltr'><strong><em>sancti</em></strong></span> <span class='ocrx_word' id='word_1_416' title='bbox 1191 4253 1364 4312; x_wconf 89' lang='lat' dir='ltr'><strong><em>cincti</em></strong></span> <span class='ocrx_word' id='word_1_417' title='bbox 1410 4272 1447 4314; x_wconf 89' lang='lat' dir='ltr'><strong><em>a</em></strong></span> <span class='ocrx_word' id='word_1_418' title='bbox 1501 4256 1810 4330; x_wconf 89' lang='lat' dir='ltr'><strong><em>Scriptura</em></strong></span> <span class='ocrx_word' id='word_1_419' title='bbox 1863 4258 2245 4330; x_wconf 89' lang='lat' dir='ltr'><strong><em>inducuntur,</em></strong></span> 
     </span>
    </p>
   </div>
   <div class='ocr_carea' id='block_1_61' title="bbox 594 4346 2247 4421">
    <p class='ocr_par' dir='ltr' id='par_1_61' title="bbox 594 4346 2247 4421">
     <span class='ocr_line' id='line_1_61' title="bbox 594 4346 2247 4421; baseline 0 -16"><span class='ocrx_word' id='word_1_420' title='bbox 594 4348 690 4405; x_wconf 87' lang='lat' dir='ltr'><strong><em>vel</em></strong></span> <span class='ocrx_word' id='word_1_421' title='bbox 718 4353 1011 4420; x_wconf 88' lang='lat' dir='ltr'><strong><em>tanquam</em></strong></span> <span class='ocrx_word' id='word_1_422' title='bbox 1064 4359 1300 4418; x_wconf 86' lang='lat' dir='ltr'><strong><em>semper</em></strong></span> <span class='ocrx_word' id='word_1_423' title='bbox 1320 4346 1381 4403; x_wconf 91' lang='lat' dir='ltr'><strong><em>in</em></strong></span> <span class='ocrx_word' id='word_1_424' title='bbox 1424 4363 1602 4421; x_wconf 90' lang='lat' dir='ltr'><strong><em>opere</em></strong></span> <span class='ocrx_word' id='word_1_425' title='bbox 1623 4349 1802 4421; x_wconf 89' lang='lat' dir='ltr'><strong><em>positi</em></strong></span> <span class='ocrx_word' id='word_1_426' title='bbox 1835 4364 1846 4404; x_wconf 92' lang='lat'>:</span> <span class='ocrx_word' id='word_1_427' title='bbox 1879 4349 2247 4421; x_wconf 86' lang='lat' dir='ltr'><strong><em>negligentes</em></strong></span> 
     </span>
    </p>
   </div>
   <div class='ocr_carea' id='block_1_62' title="bbox 2365 1953 3970 2030">
    <p class='ocr_par' dir='ltr' id='par_1_62' title="bbox 2365 1953 3970 2030">
     <span class='ocr_line' id='line_1_62' title="bbox 2365 1953 3970 2030; baseline 0.003 -25"><span class='ocrx_word' id='word_1_428' title='bbox 2365 1954 2600 2028; x_wconf 72' lang='grc' dir='ltr'>ζητησης</span> <span class='ocrx_word' id='word_1_429' title='bbox 2649 1953 2726 2020; x_wconf 68' lang='grc' dir='ltr'><strong><em>δὲ,</em></strong></span> <span class='ocrx_word' id='word_1_430' title='bbox 2793 1962 2871 2018; x_wconf 88' lang='grc' dir='ltr'><strong><em>τίς</em></strong></span> <span class='ocrx_word' id='word_1_431' title='bbox 2922 1958 3103 2028; x_wconf 76' lang='grc' dir='ltr'>ὗφηνεν</span> <span class='ocrx_word' id='word_1_432' title='bbox 3157 1958 3295 2027; x_wconf 68' lang='grc' dir='ltr'>αὐτῷ</span> <span class='ocrx_word' id='word_1_433' title='bbox 3353 1961 3409 2010; x_wconf 85' lang='grc' dir='ltr'>τὸ</span> <span class='ocrx_word' id='word_1_434' title='bbox 3463 1955 3681 2030; x_wconf 81' lang='grc' dir='ltr'>ἔνδυμα,</span> <span class='ocrx_word' id='word_1_435' title='bbox 3734 1959 3762 2016; x_wconf 69' lang='grc' dir='ltr'>ἡ</span> <span class='ocrx_word' id='word_1_436' title='bbox 3812 1963 3970 2012; x_wconf 82' lang='grc' dir='ltr'>ποθεν</span> 
     </span>
    </p>
   </div>
   <div class='ocr_carea' id='block_1_63' title="bbox 2364 2045 3966 2120">
    <p class='ocr_par' dir='ltr' id='par_1_63' title="bbox 2364 2045 3966 2120">
     <span class='ocr_line' id='line_1_63' title="bbox 2364 2045 3966 2120; baseline 0.002 -24"><span class='ocrx_word' id='word_1_437' title='bbox 2364 2047 2491 2115; x_wconf 80' lang='grc' dir='ltr'>ἔσχε</span> <span class='ocrx_word' id='word_1_438' title='bbox 2556 2050 2641 2102; x_wconf 79' lang='grc' dir='ltr'>τὴν</span> <span class='ocrx_word' id='word_1_439' title='bbox 2696 2045 2880 2105; x_wconf 78' lang='grc' dir='ltr'>ζώνην·</span> <span class='ocrx_word' id='word_1_440' title='bbox 2942 2045 3047 2098; x_wconf 74' lang='grc' dir='ltr'>ἐπεὶ</span> <span class='ocrx_word' id='word_1_441' title='bbox 3103 2049 3518 2120; x_wconf 65' lang='grc' dir='ltr'>θαυμασιώτερον</span> <span class='ocrx_word' id='word_1_442' title='bbox 3584 2047 3792 2119; x_wconf 82' lang='grc' dir='ltr'>μᾶλλον,</span> <span class='ocrx_word' id='word_1_443' title='bbox 3857 2058 3966 2110; x_wconf 73' lang='grc' dir='ltr'>πῶς</span> 
     </span>
    </p>
   </div>
   <div class='ocr_carea' id='block_1_64' title="bbox 2362 2131 3956 2208">
    <p class='ocr_par' dir='ltr' id='par_1_64' title="bbox 2362 2131 3956 2208">
     <span class='ocr_line' id='line_1_64' title="bbox 2362 2131 3956 2208; baseline 0.003 -24"><span class='ocrx_word' id='word_1_444' title='bbox 2362 2131 2410 2184; x_wconf 71' lang='grc' dir='ltr'>ἐν</span> <span class='ocrx_word' id='word_1_445' title='bbox 2466 2133 2638 2205; x_wconf 77' lang='grc' dir='ltr'><em>ἐρήμῲ</em></span> <span class='ocrx_word' id='word_1_446' title='bbox 2681 2136 2920 2191; x_wconf 82' lang='grc' dir='ltr'>νηπιοθεν</span> <span class='ocrx_word' id='word_1_447' title='bbox 2973 2133 3115 2208; x_wconf 72' lang='grc' dir='ltr'>ἀέρος</span> <span class='ocrx_word' id='word_1_448' title='bbox 3171 2135 3485 2207; x_wconf 75' lang='grc' dir='ltr'>ἀνωμαλίαις</span> <span class='ocrx_word' id='word_1_449' title='bbox 3538 2139 3668 2207; x_wconf 86' lang='grc' dir='ltr'>μετὰ</span> <span class='ocrx_word' id='word_1_450' title='bbox 3715 2140 3956 2196; x_wconf 71' lang='grc' dir='ltr'>τοιαύτης</span> 
     </span>
    </p>
   </div>
   <div class='ocr_carea' id='block_1_65' title="bbox 2361 2221 3949 2296">
    <p class='ocr_par' dir='ltr' id='par_1_65' title="bbox 2361 2221 3949 2296">
     <span class='ocr_line' id='line_1_65' title="bbox 2361 2221 3949 2296; baseline 0.001 -23"><span class='ocrx_word' id='word_1_451' title='bbox 2361 2222 2562 2282; x_wconf 79' lang='grc' dir='ltr'>ἡλικίας</span> <span class='ocrx_word' id='word_1_452' title='bbox 2610 2222 2820 2275; x_wconf 66' lang='grc' dir='ltr'>ἐπαλαιε</span> <span class='ocrx_word' id='word_1_453' title='bbox 2848 2240 2860 2253; x_wconf 91' lang='grc'>·</span> <span class='ocrx_word' id='word_1_454' title='bbox 2909 2228 3132 2294; x_wconf 86' lang='grc' dir='ltr'>γίνωσκε</span> <span class='ocrx_word' id='word_1_455' title='bbox 3182 2221 3239 2276; x_wconf 79' lang='grc' dir='ltr'>δε</span> <span class='ocrx_word' id='word_1_456' title='bbox 3287 2231 3458 2296; x_wconf 79' lang='grc' dir='ltr'>μόνον,</span> <span class='ocrx_word' id='word_1_457' title='bbox 3518 2226 3599 2276; x_wconf 85' lang='grc' dir='ltr'>ὅτι</span> <span class='ocrx_word' id='word_1_458' title='bbox 3641 2227 3774 2276; x_wconf 84' lang='grc' dir='ltr'>κατά</span> <span class='ocrx_word' id='word_1_459' title='bbox 3817 2228 3949 2276; x_wconf 83' lang='grc' dir='ltr'>θείαν</span> 
     </span>
    </p>
   </div>
   <div class='ocr_carea' id='block_1_66' title="bbox 2320 2300 3943 2388">
    <p class='ocr_par' dir='ltr' id='par_1_66' title="bbox 2320 2300 3943 2388">
     <span class='ocr_line' id='line_1_66' title="bbox 2320 2300 3943 2388; baseline 0 -26"><span class='ocrx_word' id='word_1_460' title='bbox 2320 2300 2326 2308; x_wconf 65' lang='grc'><em>’</em></span> <span class='ocrx_word' id='word_1_461' title='bbox 2359 2316 2600 2385; x_wconf 81' lang='grc' dir='ltr'>πρόνοιαν</span> <span class='ocrx_word' id='word_1_462' title='bbox 2650 2309 2814 2364; x_wconf 72' lang='grc' dir='ltr'>ἐκεῖνά</span> <span class='ocrx_word' id='word_1_463' title='bbox 2851 2331 2904 2366; x_wconf 85' lang='grc' dir='ltr'><strong><em>τε</em></strong></span> <span class='ocrx_word' id='word_1_464' title='bbox 2942 2311 3218 2378; x_wconf 74' lang='grc' dir='ltr'>ἐκτήσατο,</span> <span class='ocrx_word' id='word_1_465' title='bbox 3249 2318 3337 2365; x_wconf 85' lang='grc' dir='ltr'>καὶ</span> <span class='ocrx_word' id='word_1_466' title='bbox 3370 2313 3480 2386; x_wconf 77' lang='grc'>(64)</span> <span class='ocrx_word' id='word_1_467' title='bbox 3531 2313 3738 2388; x_wconf 80' lang='grc' dir='ltr'>ὸιήρκει</span> <span class='ocrx_word' id='word_1_468' title='bbox 3784 2313 3943 2366; x_wconf 72' lang='grc' dir='ltr'>ταλαι-</span> 
     </span>
    </p>
   </div>
   <div class='ocr_carea' id='block_1_67' title="bbox 2360 2402 2714 2475">
    <p class='ocr_par' dir='ltr' id='par_1_67' title="bbox 2360 2402 2714 2475">
     <span class='ocr_line' id='line_1_67' title="bbox 2360 2402 2714 2475; baseline 0.011 -22"><span class='ocrx_word' id='word_1_469' title='bbox 2360 2402 2686 2475; x_wconf 77' lang='grc' dir='ltr'>πωρούμενος</span> <span class='ocrx_word' id='word_1_470' title='bbox 2701 2444 2714 2457; x_wconf 94' lang='grc'><strong>.</strong></span> 
     </span>
    </p>
   </div>
   <div class='ocr_carea' id='block_1_68' title="bbox 2428 2574 3947 2656">
    <p class='ocr_par' dir='ltr' id='par_1_68' title="bbox 2428 2574 3947 2656">
     <span class='ocr_line' id='line_1_68' title="bbox 2428 2574 3947 2656; baseline -0.002 -24"><span class='ocrx_word' id='word_1_471' title='bbox 2428 2574 2697 2651; x_wconf 82' lang='grc' dir='ltr'>’Δκρίδας,</span> <span class='ocrx_word' id='word_1_472' title='bbox 2730 2576 2789 2632; x_wconf 70' lang='grc' dir='ltr'>δε</span> <span class='ocrx_word' id='word_1_473' title='bbox 2817 2583 2947 2642; x_wconf 68' lang='grc' dir='ltr'>τινες</span> <span class='ocrx_word' id='word_1_474' title='bbox 2972 2583 3060 2651; x_wconf 72' lang='grc' dir='ltr'>μὶν</span> <span class='ocrx_word' id='word_1_475' title='bbox 3095 2579 3374 2656; x_wconf 84' lang='grc' dir='ltr'>ἀκρέμονας</span> <span class='ocrx_word' id='word_1_476' title='bbox 3405 2581 3516 2653; x_wconf 84' lang='grc'>(65)</span> <span class='ocrx_word' id='word_1_477' title='bbox 3551 2579 3780 2654; x_wconf 80' lang='grc' dir='ltr'>βοτανῶν</span> <span class='ocrx_word' id='word_1_478' title='bbox 3824 2575 3947 2632; x_wconf 84' lang='grc' dir='ltr'>εἶναι</span> 
     </span>
    </p>
   </div>
   <div class='ocr_carea' id='block_1_69' title="bbox 2360 2663 3950 2743">
    <p class='ocr_par' dir='ltr' id='par_1_69' title="bbox 2360 2663 3950 2743">
     <span class='ocr_line' id='line_1_69' title="bbox 2360 2663 3950 2743; baseline -0.001 -24"><span class='ocrx_word' id='word_1_479' title='bbox 2360 2663 2519 2734; x_wconf 84' lang='grc' dir='ltr'>εἶπον,</span> <span class='ocrx_word' id='word_1_480' title='bbox 2579 2671 2711 2728; x_wconf 70' lang='grc' dir='ltr'>τινες</span> <span class='ocrx_word' id='word_1_481' title='bbox 2770 2665 2850 2733; x_wconf 70' lang='grc' dir='ltr'><strong><em>δὲ,</em></strong></span> <span class='ocrx_word' id='word_1_482' title='bbox 2901 2668 3125 2741; x_wconf 80' lang='grc' dir='ltr'>βοτάνην</span> <span class='ocrx_word' id='word_1_483' title='bbox 3185 2667 3381 2743; x_wconf 79' lang='grc' dir='ltr'>ἀκρίδα</span> <span class='ocrx_word' id='word_1_484' title='bbox 3424 2668 3762 2742; x_wconf 77' lang='grc' dir='ltr'>καλουμένην,</span> <span class='ocrx_word' id='word_1_485' title='bbox 3813 2667 3950 2720; x_wconf 67' lang='grc' dir='ltr'>οὖλοι</span> 
     </span>
    </p>
   </div>
   <div class='ocr_carea' id='block_1_70' title="bbox 2359 2751 3953 2832">
    <p class='ocr_par' dir='ltr' id='par_1_70' title="bbox 2359 2751 3953 2832">
     <span class='ocr_line' id='line_1_70' title="bbox 2359 2751 3953 2832; baseline -0.001 -24"><span class='ocrx_word' id='word_1_486' title='bbox 2359 2751 2418 2808; x_wconf 67' lang='grc' dir='ltr'><strong>δί</strong></span> <span class='ocrx_word' id='word_1_487' title='bbox 2456 2759 2514 2808; x_wconf 87' lang='grc' dir='ltr'>τὸ</span> <span class='ocrx_word' id='word_1_488' title='bbox 2575 2759 2701 2818; x_wconf 85' lang='grc' dir='ltr'>ζῶον</span> <span class='ocrx_word' id='word_1_489' title='bbox 2759 2757 2910 2812; x_wconf 70' lang='grc' dir='ltr'>αὐτὸ.</span> <span class='ocrx_word' id='word_1_490' title='bbox 2956 2762 3089 2810; x_wconf 75' lang='grc' dir='ltr'>Φασί</span> <span class='ocrx_word' id='word_1_491' title='bbox 3151 2760 3274 2832; x_wconf 79' lang='grc' dir='ltr'>γὰρ,</span> <span class='ocrx_word' id='word_1_492' title='bbox 3326 2762 3486 2831; x_wconf 76' lang='grc' dir='ltr'>μέχρι</span> <span class='ocrx_word' id='word_1_493' title='bbox 3534 2763 3622 2809; x_wconf 87' lang='grc' dir='ltr'>καὶ</span> <span class='ocrx_word' id='word_1_494' title='bbox 3654 2762 3875 2831; x_wconf 80' lang='grc' dir='ltr'>σήμερον</span> <span class='ocrx_word' id='word_1_495' title='bbox 3907 2755 3953 2808; x_wconf 83' lang='grc' dir='ltr'>ἐν</span> 
     </span>
    </p>
   </div>
   <div class='ocr_carea' id='block_1_71' title="bbox 2357 2845 3952 2919">
    <p class='ocr_par' dir='ltr' id='par_1_71' title="bbox 2357 2845 3952 2919">
     <span class='ocr_line' id='line_1_71' title="bbox 2357 2845 3952 2919; baseline 0.001 -23"><span class='ocrx_word' id='word_1_496' title='bbox 2357 2851 2461 2905; x_wconf 88' lang='grc' dir='ltr'>τοῖς</span> <span class='ocrx_word' id='word_1_497' title='bbox 2515 2849 2721 2917; x_wconf 85' lang='grc' dir='ltr'>μέρεσιν</span> <span class='ocrx_word' id='word_1_498' title='bbox 2773 2845 2983 2908; x_wconf 79' lang='grc' dir='ltr'>ἐκείνοις</span> <span class='ocrx_word' id='word_1_499' title='bbox 3038 2845 3255 2908; x_wconf 85' lang='grc' dir='ltr'>πολλοὺς</span> <span class='ocrx_word' id='word_1_500' title='bbox 3321 2849 3508 2899; x_wconf 68' lang='grc' dir='ltr'>ἐσθίειν</span> <span class='ocrx_word' id='word_1_501' title='bbox 3568 2846 3694 2898; x_wconf 76' lang='grc' dir='ltr'><strong><em>αὐτό</em></strong></span> <span class='ocrx_word' id='word_1_502' title='bbox 3756 2865 3952 2919; x_wconf 82' lang='grc' dir='ltr'>τεταρι·</span> 
     </span>
    </p>
   </div>
   <div class='ocr_carea' id='block_1_72' title="bbox 2360 2935 3955 3009">
    <p class='ocr_par' dir='ltr' id='par_1_72' title="bbox 2360 2935 3955 3009">
     <span class='ocr_line' id='line_1_72' title="bbox 2360 2935 3955 3009; baseline 0.001 -25"><span class='ocrx_word' id='word_1_503' title='bbox 2360 2938 2629 3005; x_wconf 75' lang='grc' dir='ltr'>χευμένον.</span> <span class='ocrx_word' id='word_1_504' title='bbox 2699 2940 2798 2986; x_wconf 80' lang='grc' dir='ltr'><strong><em>Καὶ</em></strong></span> <span class='ocrx_word' id='word_1_505' title='bbox 2866 2938 2966 3009; x_wconf 78' lang='grc' dir='ltr'>γὰρ</span> <span class='ocrx_word' id='word_1_506' title='bbox 3033 2938 3162 3006; x_wconf 83' lang='grc' dir='ltr'><strong><em>μετά</em></strong></span> <span class='ocrx_word' id='word_1_507' title='bbox 3217 2943 3313 2986; x_wconf 82' lang='grc' dir='ltr'>τῶν</span> <span class='ocrx_word' id='word_1_508' title='bbox 3385 2937 3620 3007; x_wconf 84' lang='grc' dir='ltr'>καθαρῶν</span> <span class='ocrx_word' id='word_1_509' title='bbox 3674 2935 3820 2994; x_wconf 77' lang='grc' dir='ltr'>ζώων</span> <span class='ocrx_word' id='word_1_510' title='bbox 3870 2938 3955 2986; x_wconf 83' lang='grc' dir='ltr'>καὶ</span> 
     </span>
    </p>
   </div>
   <div class='ocr_carea' id='block_1_73' title="bbox 2355 3019 3950 3094">
    <p class='ocr_par' dir='ltr' id='par_1_73' title="bbox 2355 3019 3950 3094">
     <span class='ocr_line' id='line_1_73' title="bbox 2355 3019 3950 3094; baseline -0.001 -20"><span class='ocrx_word' id='word_1_511' title='bbox 2355 3029 2506 3074; x_wconf 84' lang='grc' dir='ltr'>τοῦτο</span> <span class='ocrx_word' id='word_1_512' title='bbox 2549 3022 2701 3085; x_wconf 85' lang='grc' dir='ltr'>τάξαι</span> <span class='ocrx_word' id='word_1_513' title='bbox 2732 3028 2818 3074; x_wconf 87' lang='grc' dir='ltr'>τὸν</span> <span class='ocrx_word' id='word_1_514' title='bbox 2861 3025 3139 3094; x_wconf 82' lang='grc' dir='ltr'>νομοθέτην</span> <span class='ocrx_word' id='word_1_515' title='bbox 3171 3041 3183 3053; x_wconf 89' lang='grc'><strong>·</strong></span> <span class='ocrx_word' id='word_1_516' title='bbox 3218 3025 3356 3094; x_wconf 83' lang='grc' dir='ltr'>ἔχειν</span> <span class='ocrx_word' id='word_1_517' title='bbox 3389 3019 3446 3075; x_wconf 62' lang='grc' dir='ltr'><strong><em>δὴ</em></strong></span> <span class='ocrx_word' id='word_1_518' title='bbox 3479 3019 3698 3080; x_wconf 75' lang='grc' dir='ltr'>δυσώδη</span> <span class='ocrx_word' id='word_1_519' title='bbox 3737 3027 3827 3074; x_wconf 84' lang='grc' dir='ltr'>καὶ</span> <span class='ocrx_word' id='word_1_520' title='bbox 3867 3041 3950 3074; x_wconf 88' lang='grc' dir='ltr'>πο-</span> 
     </span>
    </p>
   </div>
   <div class='ocr_carea' id='block_1_74' title="bbox 2356 3107 3955 3183">
    <p class='ocr_par' dir='ltr' id='par_1_74' title="bbox 2356 3107 3955 3183">
     <span class='ocr_line' id='line_1_74' title="bbox 2356 3107 3955 3183; baseline 0 -21"><span class='ocrx_word' id='word_1_521' title='bbox 2356 3114 2516 3183; x_wconf 85' lang='grc' dir='ltr'>νηρὰν</span> <span class='ocrx_word' id='word_1_522' title='bbox 2574 3118 2783 3182; x_wconf 80' lang='grc' dir='ltr'>γεῦσιν,</span> <span class='ocrx_word' id='word_1_523' title='bbox 2859 3118 3100 3183; x_wconf 77' lang='grc' dir='ltr'>Κρεῖττον</span> <span class='ocrx_word' id='word_1_524' title='bbox 3171 3108 3228 3163; x_wconf 75' lang='grc' dir='ltr'><strong><em>δὲ</em></strong></span> <span class='ocrx_word' id='word_1_525' title='bbox 3305 3114 3363 3162; x_wconf 87' lang='grc' dir='ltr'>τὸ</span> <span class='ocrx_word' id='word_1_526' title='bbox 3424 3119 3649 3183; x_wconf 86' lang='grc' dir='ltr'>πρῶτον,</span> <span class='ocrx_word' id='word_1_527' title='bbox 3707 3111 3838 3164; x_wconf 64' lang='lat' dir='ltr'><strong><em>Mill</em></strong></span> <span class='ocrx_word' id='word_1_528' title='bbox 3899 3107 3955 3163; x_wconf 68' lang='grc' dir='ltr'>δί</span> 
     </span>
    </p>
   </div>
   <div class='ocr_carea' id='block_1_75' title="bbox 2357 3199 3953 3274">
    <p class='ocr_par' dir='ltr' id='par_1_75' title="bbox 2357 3199 3953 3274">
     <span class='ocr_line' id='line_1_75' title="bbox 2357 3199 3953 3274; baseline -0.002 -21"><span class='ocrx_word' id='word_1_529' title='bbox 2357 3203 2558 3274; x_wconf 79' lang='grc' dir='ltr'>ἄγριον,</span> <span class='ocrx_word' id='word_1_530' title='bbox 2614 3204 2673 3252; x_wconf 85' lang='grc' dir='ltr'>τὸ</span> <span class='ocrx_word' id='word_1_531' title='bbox 2730 3199 2778 3252; x_wconf 72' lang='grc' dir='ltr'>ἓν</span> <span class='ocrx_word' id='word_1_532' title='bbox 2830 3208 2945 3261; x_wconf 91' lang='grc' dir='ltr'>ταῖς</span> <span class='ocrx_word' id='word_1_533' title='bbox 2997 3209 3094 3251; x_wconf 84' lang='grc' dir='ltr'>τῶν</span> <span class='ocrx_word' id='word_1_534' title='bbox 3145 3207 3341 3272; x_wconf 81' lang='grc' dir='ltr'>πετρῶν</span> <span class='ocrx_word' id='word_1_535' title='bbox 3393 3206 3652 3270; x_wconf 86' lang='grc' dir='ltr'>σχισμαῖς</span> <span class='ocrx_word' id='word_1_536' title='bbox 3701 3201 3802 3250; x_wconf 78' lang='grc' dir='ltr'>ὑπὸ</span> <span class='ocrx_word' id='word_1_537' title='bbox 3855 3207 3953 3251; x_wconf 79' lang='grc' dir='ltr'>τῶν</span> 
     </span>
    </p>
   </div>
   <div class='ocr_carea' id='block_1_76' title="bbox 2359 3284 3956 3364">
    <p class='ocr_par' dir='ltr' id='par_1_76' title="bbox 2359 3284 3956 3364">
     <span class='ocr_line' id='line_1_76' title="bbox 2359 3284 3956 3364; baseline -0.001 -23"><span class='ocrx_word' id='word_1_538' title='bbox 2359 3288 2547 3364; x_wconf 82' lang='grc' dir='ltr'>ἀγρίων</span> <span class='ocrx_word' id='word_1_539' title='bbox 2611 3289 2871 3362; x_wconf 84' lang='grc' dir='ltr'>μελισσῶν</span> <span class='ocrx_word' id='word_1_540' title='bbox 2931 3291 3333 3362; x_wconf 71' lang='grc' dir='ltr'>γεωργούμενον,</span> <span class='ocrx_word' id='word_1_541' title='bbox 3403 3290 3586 3362; x_wconf 77' lang='grc' dir='ltr'>πικρὸν</span> <span class='ocrx_word' id='word_1_542' title='bbox 3653 3292 3741 3340; x_wconf 82' lang='grc' dir='ltr'>καὶ</span> <span class='ocrx_word' id='word_1_543' title='bbox 3796 3284 3956 3347; x_wconf 70' lang='grc' dir='ltr'>ἀηδὲς</span> 
     </span>
    </p>
   </div>
   <div class='ocr_carea' id='block_1_77' title="bbox 2359 3397 2438 3435">
    <p class='ocr_par' dir='ltr' id='par_1_77' title="bbox 2359 3397 2438 3435">
     <span class='ocr_line' id='line_1_77' title="bbox 2359 3397 2438 3435; baseline -0.013 -5"><span class='ocrx_word' id='word_1_544' title='bbox 2359 3397 2412 3430; x_wconf 90' lang='grc' dir='ltr'><strong><em>ον</em></strong></span> <span class='ocrx_word' id='word_1_545' title='bbox 2425 3423 2438 3435; x_wconf 84' lang='grc'><strong><em>,</em></strong></span> 
     </span>
    </p>
   </div>
   <div class='ocr_carea' id='block_1_78' title="bbox 2427 3463 3958 3538">
    <p class='ocr_par' dir='ltr' id='par_1_78' title="bbox 2427 3463 3958 3538">
     <span class='ocr_line' id='line_1_78' title="bbox 2427 3463 3958 3538; baseline -0.005 -16"><span class='ocrx_word' id='word_1_546' title='bbox 2427 3468 2468 3538; x_wconf 58' lang='lat'><strong><em>&#39;2-</em></strong></span> <span class='ocrx_word' id='word_1_547' title='bbox 2507 3467 2597 3527; x_wconf 89' lang='grc' dir='ltr'><strong><em>Εἰς</em></strong></span> <span class='ocrx_word' id='word_1_548' title='bbox 2637 3466 2748 3536; x_wconf 87' lang='grc'>(66)</span> <span class='ocrx_word' id='word_1_549' title='bbox 2801 3468 3072 3537; x_wconf 84' lang='grc' dir='ltr'>μετάνοιαν</span> <span class='ocrx_word' id='word_1_550' title='bbox 3113 3465 3225 3536; x_wconf 86' lang='grc'>(67)</span> <span class='ocrx_word' id='word_1_551' title='bbox 3268 3464 3543 3537; x_wconf 85' lang='grc' dir='ltr'>παρεκάλει</span> <span class='ocrx_word' id='word_1_552' title='bbox 3590 3469 3679 3516; x_wconf 85' lang='grc' dir='ltr'><strong><em>καὶ</em></strong></span> <span class='ocrx_word' id='word_1_553' title='bbox 3725 3463 3826 3517; x_wconf 77' lang='grc' dir='ltr'><strong><em>ἀπὸ</em></strong></span> <span class='ocrx_word' id='word_1_554' title='bbox 3865 3471 3958 3516; x_wconf 77' lang='grc' dir='ltr'>τοῦ</span> 
     </span>
    </p>
   </div>
   <div class='ocr_carea' id='block_1_79' title="bbox 2360 3552 3957 3628">
    <p class='ocr_par' dir='ltr' id='par_1_79' title="bbox 2360 3552 3957 3628">
     <span class='ocr_line' id='line_1_79' title="bbox 2360 3552 3957 3628; baseline -0.002 -21"><span class='ocrx_word' id='word_1_555' title='bbox 2360 3560 2658 3627; x_wconf 76' lang='grc' dir='ltr'>σχήματος.</span> <span class='ocrx_word' id='word_1_556' title='bbox 2708 3557 2958 3613; x_wconf 58' lang='grc' dir='ltr'>Πυθικὴν</span> <span class='ocrx_word' id='word_1_557' title='bbox 3003 3557 3104 3628; x_wconf 85' lang='grc' dir='ltr'><strong><em>γὰρ</em></strong></span> <span class='ocrx_word' id='word_1_558' title='bbox 3150 3552 3262 3626; x_wconf 84' lang='grc' dir='ltr'>εἶχε</span> <span class='ocrx_word' id='word_1_559' title='bbox 3309 3558 3400 3611; x_wconf 80' lang='grc' dir='ltr'>τήν</span> <span class='ocrx_word' id='word_1_560' title='bbox 3455 3553 3659 3610; x_wconf 74' lang='grc' dir='ltr'>στολὴν.</span> <span class='ocrx_word' id='word_1_561' title='bbox 3725 3558 3957 3624; x_wconf 83' lang='grc' dir='ltr'>Λέγουσι</span> 
     </span>
    </p>
   </div>
   <div class='ocr_carea' id='block_1_80' title="bbox 2359 3639 3948 3716">
    <p class='ocr_par' dir='ltr' id='par_1_80' title="bbox 2359 3639 3948 3716">
     <span class='ocr_line' id='line_1_80' title="bbox 2359 3639 3948 3716; baseline -0.001 -20"><span class='ocrx_word' id='word_1_562' title='bbox 2359 3641 2436 3714; x_wconf 64' lang='grc' dir='ltr'>δι,</span> <span class='ocrx_word' id='word_1_563' title='bbox 2495 3649 2588 3701; x_wconf 79' lang='grc' dir='ltr'><strong><em>την</em></strong></span> <span class='ocrx_word' id='word_1_564' title='bbox 2653 3643 2884 3716; x_wconf 87' lang='grc' dir='ltr'>κάμηλον</span> <span class='ocrx_word' id='word_1_565' title='bbox 2940 3643 3134 3715; x_wconf 73' lang='grc' dir='ltr'>μεταξὺ</span> <span class='ocrx_word' id='word_1_566' title='bbox 3219 3639 3347 3694; x_wconf 85' lang='grc' dir='ltr'>εἶναι</span> <span class='ocrx_word' id='word_1_567' title='bbox 3403 3643 3634 3716; x_wconf 84' lang='grc' dir='ltr'>καθαροῦ</span> <span class='ocrx_word' id='word_1_568' title='bbox 3692 3647 3779 3693; x_wconf 80' lang='grc' dir='ltr'>καὶ</span> <span class='ocrx_word' id='word_1_569' title='bbox 3847 3647 3948 3714; x_wconf 77' lang='grc' dir='ltr'><strong><em>μὴ.</em></strong></span> 
     </span>
    </p>
   </div>
   <div class='ocr_carea' id='block_1_81' title="bbox 2359 3729 3959 3805">
    <p class='ocr_par' dir='ltr' id='par_1_81' title="bbox 2359 3729 3959 3805">
     <span class='ocr_line' id='line_1_81' title="bbox 2359 3729 3959 3805; baseline 0.001 -22"><span class='ocrx_word' id='word_1_570' title='bbox 2359 3734 2499 3786; x_wconf 82' lang='grc' dir='ltr'>Καθὸ</span> <span class='ocrx_word' id='word_1_571' title='bbox 2542 3735 2630 3803; x_wconf 65' lang='grc' dir='ltr'>μὶν</span> <span class='ocrx_word' id='word_1_572' title='bbox 2677 3734 2776 3805; x_wconf 82' lang='grc' dir='ltr'>γὰρ</span> <span class='ocrx_word' id='word_1_573' title='bbox 2830 3735 3130 3805; x_wconf 84' lang='grc' dir='ltr'>μηρυκίζει,</span> <span class='ocrx_word' id='word_1_574' title='bbox 3186 3732 3413 3804; x_wconf 84' lang='grc' dir='ltr'>καθαρόν</span> <span class='ocrx_word' id='word_1_575' title='bbox 3461 3729 3573 3782; x_wconf 72' lang='grc' dir='ltr'>ἔστι</span> <span class='ocrx_word' id='word_1_576' title='bbox 3607 3745 3622 3762; x_wconf 84' lang='grc'>⁶</span> <span class='ocrx_word' id='word_1_577' title='bbox 3654 3732 3782 3782; x_wconf 87' lang='grc' dir='ltr'>καθὸ</span> <span class='ocrx_word' id='word_1_578' title='bbox 3844 3730 3959 3800; x_wconf 91' lang='grc'>(68)</span> 
     </span>
    </p>
   </div>
   <div class='ocr_carea' id='block_1_82' title="bbox 2358 3816 3955 3891">
    <p class='ocr_par' dir='ltr' id='par_1_82' title="bbox 2358 3816 3955 3891">
     <span class='ocr_line' id='line_1_82' title="bbox 2358 3816 3955 3891; baseline -0.002 -19"><span class='ocrx_word' id='word_1_579' title='bbox 2358 3816 2417 3872; x_wconf 63' lang='grc' dir='ltr'><strong><em>δὲ</em></strong></span> <span class='ocrx_word' id='word_1_580' title='bbox 2448 3819 2540 3872; x_wconf 73' lang='grc' dir='ltr'>οὐκ</span> <span class='ocrx_word' id='word_1_581' title='bbox 2570 3822 2678 3872; x_wconf 77' lang='grc' dir='ltr'>ἔστι</span> <span class='ocrx_word' id='word_1_582' title='bbox 2709 3816 2932 3891; x_wconf 86' lang='grc' dir='ltr'>διχηλόν</span> <span class='ocrx_word' id='word_1_583' title='bbox 2985 3822 3118 3872; x_wconf 85' lang='grc' dir='ltr'>κατὰ</span> <span class='ocrx_word' id='word_1_584' title='bbox 3166 3823 3288 3880; x_wconf 78' lang='grc' dir='ltr'>τοὺς</span> <span class='ocrx_word' id='word_1_585' title='bbox 3318 3823 3532 3890; x_wconf 79' lang='grc' dir='ltr'>ὄνυχας,</span> <span class='ocrx_word' id='word_1_586' title='bbox 3581 3817 3673 3870; x_wconf 69' lang='grc' dir='ltr'>οὐκ</span> <span class='ocrx_word' id='word_1_587' title='bbox 3718 3820 3830 3870; x_wconf 79' lang='grc' dir='ltr'>ἐστι</span> <span class='ocrx_word' id='word_1_588' title='bbox 3859 3838 3955 3869; x_wconf 87' lang='grc' dir='ltr'>κα-</span> 
     </span>
    </p>
   </div>
   <div class='ocr_carea' id='block_1_83' title="bbox 2359 3904 3956 3983">
    <p class='ocr_par' dir='ltr' id='par_1_83' title="bbox 2359 3904 3956 3983">
     <span class='ocr_line' id='line_1_83' title="bbox 2359 3904 3956 3983; baseline -0.004 -21"><span class='ocrx_word' id='word_1_589' title='bbox 2359 3910 2531 3983; x_wconf 82' lang='grc' dir='ltr'>Θαρὸν.</span> <span class='ocrx_word' id='word_1_590' title='bbox 2592 3907 2732 3963; x_wconf 87' lang='grc' dir='ltr'>Ἐπεὶ</span> <span class='ocrx_word' id='word_1_591' title='bbox 2782 3904 2868 3960; x_wconf 80' lang='grc' dir='ltr'>οὖν</span> <span class='ocrx_word' id='word_1_592' title='bbox 2925 3913 3012 3960; x_wconf 85' lang='grc' dir='ltr'>καὶ</span> <span class='ocrx_word' id='word_1_593' title='bbox 3043 3910 3068 3960; x_wconf 86' lang='grc' dir='ltr'><strong><em>ὁ</em></strong></span> <span class='ocrx_word' id='word_1_594' title='bbox 3097 3907 3331 3969; x_wconf 86' lang='grc' dir='ltr'>Ἰωάννης</span> <span class='ocrx_word' id='word_1_595' title='bbox 3383 3910 3468 3958; x_wconf 72' lang='grc' dir='ltr'>τὸν</span> <span class='ocrx_word' id='word_1_596' title='bbox 3522 3925 3576 3960; x_wconf 86' lang='grc' dir='ltr'><strong><em>τε</em></strong></span> <span class='ocrx_word' id='word_1_597' title='bbox 3626 3906 3738 3978; x_wconf 88' lang='grc'>(69)</span> <span class='ocrx_word' id='word_1_598' title='bbox 3786 3907 3956 3958; x_wconf 83' lang='grc' dir='ltr'>καθα-</span> 
     </span>
    </p>
   </div>
   <div class='ocr_carea' id='block_1_84' title="bbox 2355 3991 3962 4069">
    <p class='ocr_par' dir='ltr' id='par_1_84' title="bbox 2355 3991 3962 4069">
     <span class='ocr_line' id='line_1_84' title="bbox 2355 3991 3962 4069; baseline -0.004 -20"><span class='ocrx_word' id='word_1_599' title='bbox 2355 4001 2444 4069; x_wconf 86' lang='grc' dir='ltr'>ρὸν</span> <span class='ocrx_word' id='word_1_600' title='bbox 2489 3993 2744 4050; x_wconf 81' lang='grc' dir='ltr'>δοκοῦντα</span> <span class='ocrx_word' id='word_1_601' title='bbox 2786 3995 2928 4062; x_wconf 83' lang='grc' dir='ltr'>λαὸν,</span> <span class='ocrx_word' id='word_1_602' title='bbox 2983 3999 3069 4048; x_wconf 83' lang='grc' dir='ltr'>τὸν</span> <span class='ocrx_word' id='word_1_603' title='bbox 3119 3991 3430 4064; x_wconf 79' lang='grc' dir='ltr'>Ἰουδαϊκὸν,</span> <span class='ocrx_word' id='word_1_604' title='bbox 3469 3999 3558 4047; x_wconf 87' lang='grc' dir='ltr'>καὶ</span> <span class='ocrx_word' id='word_1_605' title='bbox 3604 3997 3689 4046; x_wconf 85' lang='grc' dir='ltr'>τὸν</span> <span class='ocrx_word' id='word_1_606' title='bbox 3731 3992 3962 4068; x_wconf 83' lang='grc' dir='ltr'>ἀκάθαρ-</span> 
     </span>
    </p>
   </div>
   <div class='ocr_carea' id='block_1_85' title="bbox 2356 4079 3962 4158">
    <p class='ocr_par' dir='ltr' id='par_1_85' title="bbox 2356 4079 3962 4158">
     <span class='ocr_line' id='line_1_85' title="bbox 2356 4079 3962 4158; baseline -0.002 -20"><span class='ocrx_word' id='word_1_607' title='bbox 2356 4105 2462 4152; x_wconf 90' lang='grc' dir='ltr'>τον,</span> <span class='ocrx_word' id='word_1_608' title='bbox 2512 4089 2598 4137; x_wconf 86' lang='grc' dir='ltr'>τὸν</span> <span class='ocrx_word' id='word_1_609' title='bbox 2647 4085 2861 4151; x_wconf 79' lang='grc' dir='ltr'>ἔθνικόν,</span> <span class='ocrx_word' id='word_1_610' title='bbox 2915 4092 3149 4158; x_wconf 80' lang='grc' dir='ltr'>προσῆγε</span> <span class='ocrx_word' id='word_1_611' title='bbox 3195 4091 3265 4155; x_wconf 86' lang='grc' dir='ltr'>τῷ</span> <span class='ocrx_word' id='word_1_612' title='bbox 3319 4091 3453 4154; x_wconf 81' lang='grc' dir='ltr'>θεῷ,</span> <span class='ocrx_word' id='word_1_613' title='bbox 3509 4084 3622 4155; x_wconf 88' lang='grc'>(70)</span> <span class='ocrx_word' id='word_1_614' title='bbox 3665 4079 3758 4135; x_wconf 80' lang='grc' dir='ltr'><strong><em>διὰ</em></strong></span> <span class='ocrx_word' id='word_1_615' title='bbox 3807 4088 3962 4135; x_wconf 79' lang='grc' dir='ltr'>τοῦτο</span> 
     </span>
    </p>
   </div>
   <div class='ocr_carea' id='block_1_86' title="bbox 2356 4171 3272 4247">
    <p class='ocr_par' dir='ltr' id='par_1_86' title="bbox 2356 4171 3272 4247">
     <span class='ocr_line' id='line_1_86' title="bbox 2356 4171 3272 4247; baseline 0 -23"><span class='ocrx_word' id='word_1_616' title='bbox 2356 4171 2523 4246; x_wconf 80' lang='grc' dir='ltr'>ἐφόρει</span> <span class='ocrx_word' id='word_1_617' title='bbox 2551 4176 2643 4236; x_wconf 76' lang='grc' dir='ltr'><strong><em>τὰς</em></strong></span> <span class='ocrx_word' id='word_1_618' title='bbox 2666 4179 2861 4247; x_wconf 86' lang='grc' dir='ltr'>τρίχας</span> <span class='ocrx_word' id='word_1_619' title='bbox 2890 4182 2983 4236; x_wconf 80' lang='grc' dir='ltr'>τῆς</span> <span class='ocrx_word' id='word_1_620' title='bbox 3013 4172 3272 4247; x_wconf 79' lang='grc' dir='ltr'>καμήλου.</span> 
     </span>
    </p>
   </div>
   <div class='ocr_carea' id='block_1_87' title="bbox 2427 4260 3962 4334">
    <p class='ocr_par' dir='ltr' id='par_1_87' title="bbox 2427 4260 3962 4334">
     <span class='ocr_line' id='line_1_87' title="bbox 2427 4260 3962 4334; baseline -0.003 -19"><span class='ocrx_word' id='word_1_621' title='bbox 2427 4263 2470 4332; x_wconf 67' lang='grc' dir='ltr'><strong><em>-ι-</em></strong></span> <span class='ocrx_word' id='word_1_622' title='bbox 2502 4264 2692 4324; x_wconf 83' lang='grc' dir='ltr'>Πάντες</span> <span class='ocrx_word' id='word_1_623' title='bbox 2741 4265 2790 4315; x_wconf 85' lang='grc' dir='ltr'>οἰ</span> <span class='ocrx_word' id='word_1_624' title='bbox 2830 4263 2972 4334; x_wconf 80' lang='grc' dir='ltr'>ἅγιοι</span> <span class='ocrx_word' id='word_1_625' title='bbox 3021 4261 3299 4333; x_wconf 74' lang='grc' dir='ltr'>ἐζωσμένοι</span> <span class='ocrx_word' id='word_1_626' title='bbox 3348 4260 3648 4332; x_wconf 87' lang='grc' dir='ltr'>εἰσάγονται</span> <span class='ocrx_word' id='word_1_627' title='bbox 3705 4260 3847 4334; x_wconf 86' lang='grc' dir='ltr'>παρὰ</span> <span class='ocrx_word' id='word_1_628' title='bbox 3893 4267 3962 4331; x_wconf 73' lang='grc' dir='ltr'><strong><em>τῇ</em></strong></span> 
     </span>
    </p>
   </div>
   <div class='ocr_carea' id='block_1_88' title="bbox 2357 4346 3966 4426">
    <p class='ocr_par' dir='ltr' id='par_1_88' title="bbox 2357 4346 3966 4426">
     <span class='ocr_line' id='line_1_88' title="bbox 2357 4346 3966 4426; baseline -0.001 -23"><span class='ocrx_word' id='word_1_629' title='bbox 2357 4356 2556 4424; x_wconf 72' lang='grc' dir='ltr'>Γραφῇ,</span> <span class='ocrx_word' id='word_1_630' title='bbox 2611 4353 2681 4412; x_wconf 85' lang='grc' dir='ltr'>ὡς</span> <span class='ocrx_word' id='word_1_631' title='bbox 2739 4357 2814 4404; x_wconf 80' lang='grc' dir='ltr'>αεὶ</span> <span class='ocrx_word' id='word_1_632' title='bbox 2870 4350 2918 4404; x_wconf 83' lang='grc' dir='ltr'>ἐν</span> <span class='ocrx_word' id='word_1_633' title='bbox 2967 4353 3099 4426; x_wconf 82' lang='grc' dir='ltr'>ἔργῳ</span> <span class='ocrx_word' id='word_1_634' title='bbox 3147 4353 3299 4410; x_wconf 83' lang='grc' dir='ltr'>ὄντες.</span> <span class='ocrx_word' id='word_1_635' title='bbox 3353 4350 3418 4402; x_wconf 84' lang='grc' dir='ltr'><strong>Οἱ</strong></span> <span class='ocrx_word' id='word_1_636' title='bbox 3467 4351 3569 4422; x_wconf 82' lang='grc' dir='ltr'><strong><em>γὰρ</em></strong></span> <span class='ocrx_word' id='word_1_637' title='bbox 3619 4346 3815 4421; x_wconf 82' lang='grc' dir='ltr'>ἀμελεῖς</span> <span class='ocrx_word' id='word_1_638' title='bbox 3870 4353 3966 4401; x_wconf 83' lang='grc' dir='ltr'>καὶ</span> 
     </span>
    </p>
   </div>
   <div class='ocr_carea' id='block_1_89' title="bbox 597 4436 2251 4514">
    <p class='ocr_par' dir='ltr' id='par_1_89' title="bbox 597 4437 2247 4514">
     <span class='ocr_line' id='line_1_89' title="bbox 597 4437 2247 4514; baseline 0.001 -19"><span class='ocrx_word' id='word_1_639' title='bbox 597 4439 757 4496; x_wconf 90' lang='lat' dir='ltr'><strong><em>enim</em></strong></span> <span class='ocrx_word' id='word_1_640' title='bbox 783 4442 837 4494; x_wconf 90' lang='lat' dir='ltr'><strong><em>et</em></strong></span> <span class='ocrx_word' id='word_1_641' title='bbox 869 4437 1106 4494; x_wconf 89' lang='lat' dir='ltr'><strong><em>delicati</em></strong></span> <span class='ocrx_word' id='word_1_642' title='bbox 1134 4453 1257 4497; x_wconf 90' lang='lat' dir='ltr'><strong><em>non</em></strong></span> <span class='ocrx_word' id='word_1_643' title='bbox 1287 4437 1608 4514; x_wconf 82' lang='lat' dir='ltr'><strong><em>cinguntur</em></strong></span> <span class='ocrx_word' id='word_1_644' title='bbox 1638 4457 1651 4493; x_wconf 90' lang='lat'><strong>:</strong></span> <span class='ocrx_word' id='word_1_645' title='bbox 1710 4438 1805 4496; x_wconf 89' lang='lat' dir='ltr'><strong><em>vel</em></strong></span> <span class='ocrx_word' id='word_1_646' title='bbox 1855 4439 1998 4511; x_wconf 88' lang='lat' dir='ltr'><strong><em>quia</em></strong></span> <span class='ocrx_word' id='word_1_647' title='bbox 2027 4455 2247 4496; x_wconf 85' lang='lat' dir='ltr'><strong><em>concu-</em></strong></span> 
     </span>
    </p>
   </div>
   <div class='ocr_carea' id='block_1_90' title="bbox 2357 4436 3966 4514">
    <p class='ocr_par' dir='ltr' id='par_1_90' title="bbox 2357 4436 3966 4514">
     <span class='ocr_line' id='line_1_90' title="bbox 2357 4436 3966 4514; baseline -0.002 -22"><span class='ocrx_word' id='word_1_648' title='bbox 2357 4440 2606 4514; x_wconf 72' lang='grc' dir='ltr'>τρυφηλοὶ</span> <span class='ocrx_word' id='word_1_649' title='bbox 2660 4439 2718 4492; x_wconf 71' lang='grc' dir='ltr'>οὐ</span> <span class='ocrx_word' id='word_1_650' title='bbox 2779 4443 3054 4503; x_wconf 85' lang='grc' dir='ltr'>ζώννυνται</span> <span class='ocrx_word' id='word_1_651' title='bbox 3112 4439 3244 4510; x_wconf 77' lang='grc'>(71).</span> <span class='ocrx_word' id='word_1_652' title='bbox 3305 4436 3371 4492; x_wconf 81' lang='grc' dir='ltr'><strong>Ἦ</strong></span> <span class='ocrx_word' id='word_1_653' title='bbox 3424 4439 3505 4490; x_wconf 86' lang='grc' dir='ltr'>ὅτι</span> <span class='ocrx_word' id='word_1_654' title='bbox 3548 4436 3832 4512; x_wconf 75' lang='grc' dir='ltr'>ἐνέκρωσαν</span> <span class='ocrx_word' id='word_1_655' title='bbox 3894 4436 3966 4488; x_wconf 79' lang='grc' dir='ltr'>τὰ</span> 
     </span>
    </p>
   </div>
   <div class='ocr_carea' id='block_1_91' title="bbox 1802 4588 2730 4660">
    <p class='ocr_par' dir='ltr' id='par_1_91' title="bbox 1802 4588 2730 4660">
     <span class='ocr_line' id='line_1_91' title="bbox 1802 4588 2730 4660; baseline -0.003 -2"><span class='ocrx_word' id='word_1_656' title='bbox 1802 4588 2028 4658; x_wconf 84' lang='lat' dir='ltr'><strong><em>Variae</em></strong></span> <span class='ocrx_word' id='word_1_657' title='bbox 2058 4590 2388 4660; x_wconf 88' lang='lat' dir='ltr'><strong><em>lectiones</em></strong></span> <span class='ocrx_word' id='word_1_658' title='bbox 2421 4600 2487 4659; x_wconf 87' lang='lat' dir='ltr'><strong><em>et</em></strong></span> <span class='ocrx_word' id='word_1_659' title='bbox 2527 4599 2730 4657; x_wconf 68' lang='lat' dir='ltr'><strong><em>notae.</em></strong></span> 
     </span>
    </p>
   </div>
   <div class='ocr_carea' id='block_1_92' title="bbox 681 4755 2248 4835">
    <p class='ocr_par' dir='ltr' id='par_1_92' title="bbox 681 4755 2248 4835">
     <span class='ocr_line' id='line_1_92' title="bbox 681 4755 2248 4835; baseline -0.001 -21"><span class='ocrx_word' id='word_1_660' title='bbox 681 4759 792 4835; x_wconf 76' lang='grc'>(64)</span> <span class='ocrx_word' id='word_1_661' title='bbox 833 4758 875 4813; x_wconf 89' lang='lat' dir='ltr'><strong><em>i.</em></strong></span> <span class='ocrx_word' id='word_1_662' title='bbox 924 4773 980 4816; x_wconf 91' lang='lat' dir='ltr'><strong><em>e.</em></strong></span> <span class='ocrx_word' id='word_1_663' title='bbox 1031 4755 1262 4835; x_wconf 76' lang='grc' dir='ltr'>διαρκῶς</span> <span class='ocrx_word' id='word_1_664' title='bbox 1327 4758 1636 4834; x_wconf 77' lang='grc' dir='ltr'>ἐνεκαρτέρει</span> <span class='ocrx_word' id='word_1_665' title='bbox 1682 4765 1742 4832; x_wconf 73' lang='grc' dir='ltr'><strong><em>τῇ</em></strong></span> <span class='ocrx_word' id='word_1_666' title='bbox 1789 4757 2118 4834; x_wconf 80' lang='grc' dir='ltr'>ταλαιπωρίᾳ</span> <span class='ocrx_word' id='word_1_667' title='bbox 2158 4764 2248 4813; x_wconf 86' lang='grc' dir='ltr'>καὶ</span> 
     </span>
    </p>
   </div>
   <div class='ocr_carea' id='block_1_93' title="bbox 603 4828 997 4902">
    <p class='ocr_par' dir='ltr' id='par_1_93' title="bbox 603 4828 997 4902">
     <span class='ocr_line' id='line_1_93' title="bbox 603 4828 997 4902; baseline -0.008 -19"><span class='ocrx_word' id='word_1_668' title='bbox 603 4828 997 4902; x_wconf 73' lang='grc' dir='ltr'>σκληραγωγίᾳ.</span> 
     </span>
    </p>
   </div>
   <div class='ocr_carea' id='block_1_94' title="bbox 667 4901 1924 4973">
    <p class='ocr_par' dir='ltr' id='par_1_94' title="bbox 667 4901 1924 4973">
     <span class='ocr_line' id='line_1_94' title="bbox 667 4901 1924 4973; baseline 0 -17"><span class='ocrx_word' id='word_1_669' title='bbox 667 4903 784 4973; x_wconf 7' lang='grc'>(765)</span> <span class='ocrx_word' id='word_1_670' title='bbox 827 4901 963 4967; x_wconf 89' lang='lat' dir='ltr'><strong><em>Quo</em></strong></span> <span class='ocrx_word' id='word_1_671' title='bbox 988 4917 1167 4956; x_wconf 89' lang='lat' dir='ltr'><strong><em>sensu</em></strong></span> <span class='ocrx_word' id='word_1_672' title='bbox 1183 4901 1366 4957; x_wconf 90' lang='lat' dir='ltr'><strong><em>habet</em></strong></span> <span class='ocrx_word' id='word_1_673' title='bbox 1408 4901 1606 4973; x_wconf 67' lang='lat' dir='ltr'><strong><em>Philo.</em></strong></span> <span class='ocrx_word' id='word_1_674' title='bbox 1636 4915 1775 4973; x_wconf 88' lang='lat' dir='ltr'><strong><em>pag.</em></strong></span> <span class='ocrx_word' id='word_1_675' title='bbox 1801 4906 1924 4958; x_wconf 80' lang='grc'>475.</span> 
     </span>
    </p>
   </div>
   <div class='ocr_carea' id='block_1_95' title="bbox 669 4970 2248 5044">
    <p class='ocr_par' dir='ltr' id='par_1_95' title="bbox 669 4970 2248 5044">
     <span class='ocr_line' id='line_1_95' title="bbox 669 4970 2248 5044; baseline -0.001 -16"><span class='ocrx_word' id='word_1_676' title='bbox 669 4972 782 5044; x_wconf 88' lang='grc'>(66)</span> <span class='ocrx_word' id='word_1_677' title='bbox 826 4976 942 5028; x_wconf 87' lang='lat' dir='ltr'><strong><em>Hoc</em></strong></span> <span class='ocrx_word' id='word_1_678' title='bbox 974 4978 1029 5028; x_wconf 91' lang='lat' dir='ltr'><strong><em>et</em></strong></span> <span class='ocrx_word' id='word_1_679' title='bbox 1053 4973 1396 5044; x_wconf 81' lang='lat' dir='ltr'><strong><em>proximum</em></strong></span> <span class='ocrx_word' id='word_1_680' title='bbox 1426 4970 1718 5029; x_wconf 80' lang='lat' dir='ltr'><strong><em>scholium</em></strong></span> <span class='ocrx_word' id='word_1_681' title='bbox 1768 4972 1829 5028; x_wconf 91' lang='lat' dir='ltr'><strong><em>in</em></strong></span> <span class='ocrx_word' id='word_1_682' title='bbox 1858 4971 2124 5042; x_wconf 88' lang='lat' dir='ltr'><strong><em>margine</em></strong></span> <span class='ocrx_word' id='word_1_683' title='bbox 2151 4970 2248 5044; x_wconf 67' lang='lat' dir='ltr'><strong><em>sui</em></strong></span> 
     </span>
    </p>
   </div>
   <div class='ocr_carea' id='block_1_96' title="bbox 599 5042 2249 5116">
    <p class='ocr_par' dir='ltr' id='par_1_96' title="bbox 599 5042 2249 5116">
     <span class='ocr_line' id='line_1_96' title="bbox 599 5042 2249 5116; baseline -0.001 -17"><span class='ocrx_word' id='word_1_684' title='bbox 599 5042 821 5099; x_wconf 83' lang='lat' dir='ltr'><strong><em>codicis</em></strong></span> <span class='ocrx_word' id='word_1_685' title='bbox 849 5042 1064 5116; x_wconf 83' lang='lat' dir='ltr'><strong><em>reperit</em></strong></span> <span class='ocrx_word' id='word_1_686' title='bbox 1095 5043 1418 5099; x_wconf 87' lang='lat' dir='ltr'><strong><em>Hentenius</em></strong></span> <span class='ocrx_word' id='word_1_687' title='bbox 1446 5059 1465 5116; x_wconf 86' lang='lat'>_;</span> <span class='ocrx_word' id='word_1_688' title='bbox 1495 5044 1610 5099; x_wconf 89' lang='lat' dir='ltr'><strong><em>mei</em></strong></span> <span class='ocrx_word' id='word_1_689' title='bbox 1631 5059 1752 5100; x_wconf 90' lang='lat' dir='ltr'><strong><em>non</em></strong></span> <span class='ocrx_word' id='word_1_690' title='bbox 1771 5047 2125 5116; x_wconf 85' lang='lat' dir='ltr'><strong><em>agnoscunt.</em></strong></span> <span class='ocrx_word' id='word_1_691' title='bbox 2150 5042 2249 5100; x_wconf 88' lang='lat' dir='ltr'><strong><em>Est</em></strong></span> 
     </span>
    </p>
   </div>
   <div class='ocr_carea' id='block_1_97' title="bbox 599 5114 1496 5186">
    <p class='ocr_par' dir='ltr' id='par_1_97' title="bbox 599 5114 1496 5186">
     <span class='ocr_line' id='line_1_97' title="bbox 599 5114 1496 5186; baseline -0.001 -15"><span class='ocrx_word' id='word_1_692' title='bbox 599 5131 670 5171; x_wconf 85' lang='lat' dir='ltr'><strong><em>ex</em></strong></span> <span class='ocrx_word' id='word_1_693' title='bbox 701 5114 1162 5186; x_wconf 86' lang='lat' dir='ltr'><strong><em>Theophylacto,</em></strong></span> <span class='ocrx_word' id='word_1_694' title='bbox 1191 5131 1251 5186; x_wconf 92' lang='lat' dir='ltr'><strong><em>p.</em></strong></span> <span class='ocrx_word' id='word_1_695' title='bbox 1277 5118 1361 5186; x_wconf 71' lang='lat' dir='ltr'><strong><em>t7,</em></strong></span> <span class='ocrx_word' id='word_1_696' title='bbox 1406 5114 1496 5170; x_wconf 82' lang='lat' dir='ltr'><strong><em>t8.</em></strong></span> 
     </span>
    </p>
   </div>
   <div class='ocr_carea' id='block_1_98' title="bbox 673 5183 2249 5258">
    <p class='ocr_par' dir='ltr' id='par_1_98' title="bbox 673 5183 2249 5258">
     <span class='ocr_line' id='line_1_98' title="bbox 673 5183 2249 5258; baseline -0.001 -18"><span class='ocrx_word' id='word_1_697' title='bbox 673 5185 784 5258; x_wconf 87' lang='grc'>(67)</span> <span class='ocrx_word' id='word_1_698' title='bbox 828 5183 973 5258; x_wconf 64' lang='lat' dir='ltr'><strong><em>Haec</em></strong></span> <span class='ocrx_word' id='word_1_699' title='bbox 1002 5183 1345 5258; x_wconf 75' lang='lat' dir='ltr'><strong><em>supplenda</em></strong></span> <span class='ocrx_word' id='word_1_700' title='bbox 1375 5189 1512 5258; x_wconf 77' lang='lat' dir='ltr'><strong><em>sunt</em></strong></span> <span class='ocrx_word' id='word_1_701' title='bbox 1543 5184 1707 5256; x_wconf 90' lang='lat' dir='ltr'><strong><em>apud</em></strong></span> <span class='ocrx_word' id='word_1_702' title='bbox 1735 5183 2111 5251; x_wconf 85' lang='lat' dir='ltr'><strong><em>Hentenium,</em></strong></span> <span class='ocrx_word' id='word_1_703' title='bbox 2145 5183 2249 5257; x_wconf 89' lang='lat' dir='ltr'><strong><em>qui</em></strong></span> 
     </span>
    </p>
   </div>
   <div class='ocr_carea' id='block_1_99' title="bbox 602 5255 1620 5331">
    <p class='ocr_par' dir='ltr' id='par_1_99' title="bbox 602 5255 1620 5331">
     <span class='ocr_line' id='line_1_99' title="bbox 602 5255 1620 5331; baseline -0.004 -18"><span class='ocrx_word' id='word_1_704' title='bbox 602 5255 800 5331; x_wconf 78' lang='lat' dir='ltr'><strong><em>tamen</em></strong></span> <span class='ocrx_word' id='word_1_705' title='bbox 828 5255 1097 5331; x_wconf 66' lang='grc' dir='ltr'>ἐκήρυσσξ</span> <span class='ocrx_word' id='word_1_706' title='bbox 1119 5255 1620 5331; x_wconf 71' lang='lat' dir='ltr'><strong><em>videturlegisse.</em></strong></span> 
     </span>
    </p>
   </div>
   <div class='ocr_carea' id='block_1_100' title="bbox 672 5325 1774 5401">
    <p class='ocr_par' dir='ltr' id='par_1_100' title="bbox 672 5325 1774 5401">
     <span class='ocr_line' id='line_1_100' title="bbox 672 5325 1774 5401; baseline -0.003 -17"><span class='ocrx_word' id='word_1_707' title='bbox 672 5329 782 5401; x_wconf 90' lang='lat'>(68)</span> <span class='ocrx_word' id='word_1_708' title='bbox 824 5325 992 5385; x_wconf 82' lang='lat' dir='ltr'><strong><em>Forte</em></strong></span> <span class='ocrx_word' id='word_1_709' title='bbox 1013 5330 1154 5381; x_wconf 84' lang='grc' dir='ltr'>κάτω</span> <span class='ocrx_word' id='word_1_710' title='bbox 1183 5325 1398 5399; x_wconf 89' lang='lat' dir='ltr'><strong><em>reperit</em></strong></span> <span class='ocrx_word' id='word_1_711' title='bbox 1426 5325 1774 5382; x_wconf 87' lang='lat' dir='ltr'><strong><em>Hentenius.</em></strong></span> 
     </span>
    </p>
   </div>
   <div class='ocr_carea' id='block_1_101' title="bbox 673 5483 2248 5558">
    <p class='ocr_par' dir='ltr' id='par_1_101' title="bbox 673 5483 2248 5558">
     <span class='ocr_line' id='line_1_101' title="bbox 673 5483 2248 5558; baseline -0.001 -14"><span class='ocrx_word' id='word_1_712' title='bbox 673 5485 738 5558; x_wconf 70' lang='grc' dir='ltr'>(γ)</span> <span class='ocrx_word' id='word_1_713' title='bbox 769 5487 1050 5558; x_wconf 83' lang='lat' dir='ltr'><strong><em>Pannum</em></strong></span> <span class='ocrx_word' id='word_1_714' title='bbox 1079 5493 1133 5544; x_wconf 84' lang='lat' dir='ltr'><strong><em>et</em></strong></span> <span class='ocrx_word' id='word_1_715' title='bbox 1155 5485 1588 5556; x_wconf 80' lang='lat' dir='ltr'><strong><em>simplicitatem</em></strong></span> <span class='ocrx_word' id='word_1_716' title='bbox 1611 5500 1824 5558; x_wconf 78' lang='lat' dir='ltr'><strong><em>eorum.</em></strong></span> <span class='ocrx_word' id='word_1_717' title='bbox 1847 5487 2119 5558; x_wconf 81' lang='lat' dir='ltr'><strong><em>Pannum</em></strong></span> <span class='ocrx_word' id='word_1_718' title='bbox 2146 5483 2248 5542; x_wconf 85' lang='lat' dir='ltr'><strong><em>ha-</em></strong></span> 
     </span>
    </p>
   </div>
   <div class='ocr_carea' id='block_1_102' title="bbox 598 5555 2248 5630">
    <p class='ocr_par' dir='ltr' id='par_1_102' title="bbox 598 5555 2248 5630">
     <span class='ocr_line' id='line_1_102' title="bbox 598 5555 2248 5630; baseline 0 -18"><span class='ocrx_word' id='word_1_719' title='bbox 598 5555 700 5613; x_wconf 83' lang='lat' dir='ltr'><strong><em>bet</em></strong></span> <span class='ocrx_word' id='word_1_720' title='bbox 721 5555 899 5615; x_wconf 83' lang='lat' dir='ltr'><strong><em>etiam</em></strong></span> <span class='ocrx_word' id='word_1_721' title='bbox 929 5559 1107 5616; x_wconf 88' lang='lat' dir='ltr'><strong><em>editio</em></strong></span> <span class='ocrx_word' id='word_1_722' title='bbox 1159 5555 1435 5630; x_wconf 89' lang='lat' dir='ltr'><strong><em>princeps</em></strong></span> <span class='ocrx_word' id='word_1_723' title='bbox 1486 5557 1888 5630; x_wconf 67' lang='lat' dir='ltr'><strong><em>Levaniensis.</em></strong></span> <span class='ocrx_word' id='word_1_724' title='bbox 1940 5556 2248 5614; x_wconf 86' lang='lat' dir='ltr'><strong><em>Habebam</em></strong></span> 
     </span>
    </p>
   </div>
   <div class='ocr_carea' id='block_1_103' title="bbox 600 5575 2247 5711">
    <p class='ocr_par' dir='ltr' id='par_1_103' title="bbox 600 5575 2247 5711">
     <span class='ocr_line' id='line_1_103' title="bbox 600 5575 2247 5630; baseline 0 -18"><span class='ocrx_word' id='word_1_725' title='bbox 600 5575 899 5615; x_wconf 76' lang='lat' dir='ltr'><strong><em>neteuam</em></strong></span> <span class='ocrx_word' id='word_1_726' title='bbox 929 5575 1107 5616; x_wconf 82' lang='lat' dir='ltr'><strong><em>emno</em></strong></span> <span class='ocrx_word' id='word_1_727' title='bbox 1202 5575 1435 5630; x_wconf 83' lang='lat' dir='ltr'><strong><em>rinceps</em></strong></span> <span class='ocrx_word' id='word_1_728' title='bbox 1486 5575 1888 5614; x_wconf 78' lang='lat' dir='ltr'><strong><em>Lovaniensis.</em></strong></span> <span class='ocrx_word' id='word_1_729' title='bbox 1940 5575 2247 5614; x_wconf 82' lang='lat' dir='ltr'><strong><em>nanenam</em></strong></span> 
     </span>
     <span class='ocr_line' id='line_1_104' title="bbox 600 5575 2247 5711; baseline 0 -27"><span class='ocrx_word' id='word_1_730' title='bbox 600 5642 712 5711; x_wconf 77' lang='lat' dir='ltr'><strong><em>pro</em></strong></span> <span class='ocrx_word' id='word_1_731' title='bbox 737 5644 931 5710; x_wconf 80' lang='lat' dir='ltr'><strong><em>errore</em></strong></span> <span class='ocrx_word' id='word_1_732' title='bbox 987 5575 1355 5711; x_wconf 40' lang='lat' dir='ltr'><strong><em>typotﬁetaa‘,‘</em></strong></span> <span class='ocrx_word' id='word_1_733' title='bbox 1372 5628 1832 5711; x_wconf 73' lang='lat' dir='ltr'><strong><em>credebamque</em></strong></span> <span class='ocrx_word' id='word_1_734' title='bbox 1849 5628 2247 5711; x_wconf 71' lang='lat' dir='ltr'><strong><em>interpretem</em></strong></span> 
     </span>
    </p>
   </div>
   <div class='ocr_carea' id='block_1_104' title="bbox 601 5699 2248 5774">
    <p class='ocr_par' dir='ltr' id='par_1_104' title="bbox 601 5699 2248 5774">
     <span class='ocr_line' id='line_1_105' title="bbox 601 5699 2248 5774; baseline -0.001 -17"><span class='ocrx_word' id='word_1_735' title='bbox 601 5699 860 5759; x_wconf 76' lang='lat' dir='ltr'><strong><em>voluisse</em></strong></span> <span class='ocrx_word' id='word_1_736' title='bbox 879 5699 1158 5774; x_wconf 75' lang='lat' dir='ltr'><strong><em>parcum.</em></strong></span> <span class='ocrx_word' id='word_1_737' title='bbox 1194 5700 1400 5761; x_wconf 84' lang='lat' dir='ltr'><strong><em>Reddo</em></strong></span> <span class='ocrx_word' id='word_1_738' title='bbox 1430 5724 1452 5760; x_wconf 86' lang='lat'><strong><em>:.</em></strong></span> <span class='ocrx_word' id='word_1_739' title='bbox 1492 5699 1757 5761; x_wconf 80' lang='lat' dir='ltr'><strong><em>Meminit</em></strong></span> <span class='ocrx_word' id='word_1_740' title='bbox 1781 5701 1957 5760; x_wconf 82' lang='lat' dir='ltr'><strong><em>etiam</em></strong></span> <span class='ocrx_word' id='word_1_741' title='bbox 1986 5699 2168 5758; x_wconf 82' lang='lat' dir='ltr'><strong><em>victus</em></strong></span> <span class='ocrx_word' id='word_1_742' title='bbox 2196 5704 2248 5755; x_wconf 81' lang='lat' dir='ltr'><strong><em>et</em></strong></span> 
     </span>
    </p>
   </div>
   <div class='ocr_carea' id='block_1_105' title="bbox 2420 4753 3958 4831">
    <p class='ocr_par' dir='ltr' id='par_1_105' title="bbox 2420 4753 3958 4831">
     <span class='ocr_line' id='line_1_106' title="bbox 2420 4753 3958 4831; baseline -0.003 -16"><span class='ocrx_word' id='word_1_743' title='bbox 2420 4759 2532 4831; x_wconf 86' lang='lat'>(69)</span> <span class='ocrx_word' id='word_1_744' title='bbox 2573 4757 2803 4822; x_wconf 82' lang='lat' dir='ltr'><strong><em>Nescio,</em></strong></span> <span class='ocrx_word' id='word_1_745' title='bbox 2844 4755 3250 4831; x_wconf 78' lang='lat' dir='ltr'><strong><em>undemisere</em></strong></span> <span class='ocrx_word' id='word_1_746' title='bbox 3287 4753 3564 4831; x_wconf 65' lang='lat' dir='ltr'><strong><em>hauserit</em></strong></span> <span class='ocrx_word' id='word_1_747' title='bbox 3592 4754 3958 4831; x_wconf 77' lang='lat' dir='ltr'><strong><em>Hentenius.</em></strong></span> 
     </span>
    </p>
   </div>
   <div class='ocr_carea' id='block_1_106' title="bbox 2346 4824 3962 4901">
    <p class='ocr_par' dir='ltr' id='par_1_106' title="bbox 2346 4824 3962 4901">
     <span class='ocr_line' id='line_1_107' title="bbox 2346 4824 3962 4901; baseline -0.007 -17"><span class='ocrx_word' id='word_1_748' title='bbox 2346 4824 2521 4887; x_wconf 60' lang='lat' dir='ltr'><strong><em>Forte</em></strong></span> <span class='ocrx_word' id='word_1_749' title='bbox 2558 4845 2662 4900; x_wconf 90' lang='lat' dir='ltr'><strong><em>pro</em></strong></span> <span class='ocrx_word' id='word_1_750' title='bbox 2701 4834 2788 4880; x_wconf 80' lang='grc' dir='ltr'>τόν</span> <span class='ocrx_word' id='word_1_751' title='bbox 2817 4847 2888 4892; x_wconf 87' lang='grc' dir='ltr'><strong><em>τε,</em></strong></span> <span class='ocrx_word' id='word_1_752' title='bbox 2918 4827 3057 4897; x_wconf 78' lang='lat' dir='ltr'><strong><em>legit</em></strong></span> <span class='ocrx_word' id='word_1_753' title='bbox 3083 4827 3496 4901; x_wconf 44' lang='lat' dir='ltr'><strong><em>oixrpobcﬂam</em></strong></span> <span class='ocrx_word' id='word_1_754' title='bbox 3529 4824 3745 4886; x_wconf 78' lang='grc' dir='ltr'>ἐλεεινως</span> <span class='ocrx_word' id='word_1_755' title='bbox 3767 4825 3962 4883; x_wconf 81' lang='lat' dir='ltr'><strong><em>nimis</em></strong></span> 
     </span>
    </p>
   </div>
   <div class='ocr_carea' id='block_1_107' title="bbox 2355 4896 3702 4969">
    <p class='ocr_par' dir='ltr' id='par_1_107' title="bbox 2355 4896 3702 4969">
     <span class='ocr_line' id='line_1_108' title="bbox 2355 4896 3702 4969; baseline -0.004 -11"><span class='ocrx_word' id='word_1_756' title='bbox 2355 4896 2597 4964; x_wconf 80' lang='lat' dir='ltr'><strong><em>recedit,</em></strong></span> <span class='ocrx_word' id='word_1_757' title='bbox 2631 4907 2812 4961; x_wconf 86' lang='grc' dir='ltr'>Δεινῶς</span> <span class='ocrx_word' id='word_1_758' title='bbox 2840 4896 2983 4955; x_wconf 86' lang='lat' dir='ltr'><strong><em>vere</em></strong></span> <span class='ocrx_word' id='word_1_759' title='bbox 3015 4896 3261 4969; x_wconf 84' lang='lat' dir='ltr'><strong><em>prorsus</em></strong></span> <span class='ocrx_word' id='word_1_760' title='bbox 3291 4896 3555 4969; x_wconf 82' lang='lat' dir='ltr'><strong><em>alienum</em></strong></span> <span class='ocrx_word' id='word_1_761' title='bbox 3595 4902 3702 4952; x_wconf 88' lang='lat' dir='ltr'><strong><em>est.</em></strong></span> 
     </span>
    </p>
   </div>
   <div class='ocr_carea' id='block_1_108' title="bbox 2428 4967 3901 5047">
    <p class='ocr_par' dir='ltr' id='par_1_108' title="bbox 2428 4967 3901 5047">
     <span class='ocr_line' id='line_1_109' title="bbox 2428 4967 3901 5047; baseline -0.002 -20"><span class='ocrx_word' id='word_1_762' title='bbox 2428 4973 2543 5047; x_wconf 88' lang='grc'>(70)</span> <span class='ocrx_word' id='word_1_763' title='bbox 2583 4972 2686 5047; x_wconf 63' lang='lat' dir='ltr'><strong><em>llic</em></strong></span> <span class='ocrx_word' id='word_1_764' title='bbox 2717 4971 2943 5047; x_wconf 72' lang='lat' dir='ltr'><strong><em>auctior</em></strong></span> <span class='ocrx_word' id='word_1_765' title='bbox 2973 4967 3061 5025; x_wconf 80' lang='lat' dir='ltr'><strong><em>est</em></strong></span> <span class='ocrx_word' id='word_1_766' title='bbox 3098 4967 3596 5047; x_wconf 65' lang='lat' dir='ltr'><strong><em>Theophylactus.</em></strong></span> <span class='ocrx_word' id='word_1_767' title='bbox 3837 5036 3901 5047; x_wconf 48' lang='grc' dir='ltr'>ω</span> 
     </span>
    </p>
   </div>
   <div class='ocr_carea' id='block_1_109' title="bbox 2425 4975 3962 5115">
    <p class='ocr_par' dir='ltr' id='par_1_109' title="bbox 2425 4975 3962 5115">
     <span class='ocr_line' id='line_1_110' title="bbox 2428 4975 3596 5039; baseline -0.006 -12"><span class='ocrx_word' id='word_1_768' title='bbox 2428 4975 2520 5038; x_wconf 90' lang='grc'>(70</span> <span class='ocrx_word' id='word_1_769' title='bbox 2585 4975 2686 5026; x_wconf 86' lang='lat' dir='ltr'><strong><em>Hic</em></strong></span> <span class='ocrx_word' id='word_1_770' title='bbox 2717 4975 2943 5026; x_wconf 83' lang='lat' dir='ltr'><strong><em>auctior</em></strong></span> <span class='ocrx_word' id='word_1_771' title='bbox 2973 4975 3061 5025; x_wconf 88' lang='lat' dir='ltr'><strong><em>est</em></strong></span> <span class='ocrx_word' id='word_1_772' title='bbox 3098 4975 3596 5039; x_wconf 85' lang='lat' dir='ltr'><strong><em>Theophylactus.</em></strong></span> 
     </span>
     <span class='ocr_line' id='line_1_111' title="bbox 2425 4975 3962 5115; baseline -0.007 -16"><span class='ocrx_word' id='word_1_773' title='bbox 2425 4975 2543 5115; x_wconf 58' lang='lat' dir='ltr'>(7i)</span> <span class='ocrx_word' id='word_1_774' title='bbox 2583 5043 2685 5115; x_wconf 81' lang='lat' dir='ltr'><strong><em>Hic</em></strong></span> <span class='ocrx_word' id='word_1_775' title='bbox 2734 5041 3030 5115; x_wconf 84' lang='lat' dir='ltr'><strong><em>omissum</em></strong></span> <span class='ocrx_word' id='word_1_776' title='bbox 3065 5039 3191 5100; x_wconf 76' lang='grc' dir='ltr'>τὯς</span> <span class='ocrx_word' id='word_1_777' title='bbox 3245 5046 3330 5090; x_wconf 81' lang='grc' dir='ltr'>νῦν</span> <span class='ocrx_word' id='word_1_778' title='bbox 3378 5040 3427 5090; x_wconf 86' lang='grc' dir='ltr'>οἱ</span> <span class='ocrx_word' id='word_1_779' title='bbox 3466 5045 3776 5115; x_wconf 52' lang='grc' dir='ltr'>ξαρακηνοι.</span> <span class='ocrx_word' id='word_1_780' title='bbox 3836 5036 3962 5115; x_wconf 57' lang='lat' dir='ltr'><strong><em>Nisi</em></strong></span> 
     </span>
    </p>
   </div>
   <div class='ocr_carea' id='block_1_110' title="bbox 2357 5107 3962 5188">
    <p class='ocr_par' dir='ltr' id='par_1_110' title="bbox 2357 5107 3962 5188">
     <span class='ocr_line' id='line_1_112' title="bbox 2357 5107 3962 5188; baseline -0.004 -18"><span class='ocrx_word' id='word_1_781' title='bbox 2357 5107 2542 5188; x_wconf 79' lang='lat' dir='ltr'><strong><em>supra</em></strong></span> <span class='ocrx_word' id='word_1_782' title='bbox 2574 5113 2750 5188; x_wconf 81' lang='lat' dir='ltr'><strong><em>etiam</em></strong></span> <span class='ocrx_word' id='word_1_783' title='bbox 2793 5113 3018 5167; x_wconf 88' lang='lat' dir='ltr'><strong><em>omissa</em></strong></span> <span class='ocrx_word' id='word_1_784' title='bbox 3062 5114 3262 5188; x_wconf 62' lang='lat' dir='ltr'><strong><em>essegt</em></strong></span> <span class='ocrx_word' id='word_1_785' title='bbox 3306 5107 3586 5188; x_wconf 60' lang='lat' dir='ltr'><strong><em>quaedam</em></strong></span> <span class='ocrx_word' id='word_1_786' title='bbox 3627 5108 3704 5163; x_wconf 86' lang='lat' dir='ltr'><strong><em>ab</em></strong></span> <span class='ocrx_word' id='word_1_787' title='bbox 3743 5107 3962 5188; x_wconf 82' lang='lat' dir='ltr'><strong><em>eodem</em></strong></span> 
     </span>
    </p>
   </div>
   <div class='ocr_carea' id='block_1_111' title="bbox 2357 5179 3967 5251">
    <p class='ocr_par' dir='ltr' id='par_1_111' title="bbox 2357 5179 3967 5251">
     <span class='ocr_line' id='line_1_113' title="bbox 2357 5179 3967 5251; baseline -0.002 -12"><span class='ocrx_word' id='word_1_788' title='bbox 2357 5179 2566 5251; x_wconf 77' lang='lat' dir='ltr'><strong><em>scriba,</em></strong></span> <span class='ocrx_word' id='word_1_789' title='bbox 2613 5183 2939 5246; x_wconf 91' lang='lat' dir='ltr'><strong><em>crederem,</em></strong></span> <span class='ocrx_word' id='word_1_790' title='bbox 2982 5187 3143 5237; x_wconf 86' lang='lat' dir='ltr'><strong><em>metu</em></strong></span> <span class='ocrx_word' id='word_1_791' title='bbox 3184 5179 3508 5236; x_wconf 62' lang='lat' dir='ltr'><strong><em>Turc&#39;arum</em></strong></span> <span class='ocrx_word' id='word_1_792' title='bbox 3555 5179 3689 5251; x_wconf 72' lang='lat' dir='ltr'><strong><em>haec</em></strong></span> <span class='ocrx_word' id='word_1_793' title='bbox 3736 5179 3967 5236; x_wconf 80' lang='lat' dir='ltr'><strong><em>omissa</em></strong></span> 
     </span>
    </p>
   </div>
   <div class='ocr_carea' id='block_1_112' title="bbox 2357 5248 3771 5328">
    <p class='ocr_par' dir='ltr' id='par_1_112' title="bbox 2357 5248 3771 5328">
     <span class='ocr_line' id='line_1_114' title="bbox 2357 5248 3771 5328; baseline -0.006 -15"><span class='ocrx_word' id='word_1_794' title='bbox 2357 5271 2506 5324; x_wconf 87' lang='lat' dir='ltr'><strong><em>esse,</em></strong></span> <span class='ocrx_word' id='word_1_795' title='bbox 2548 5248 2714 5328; x_wconf 82' lang='lat' dir='ltr'><strong><em>quod</em></strong></span> <span class='ocrx_word' id='word_1_796' title='bbox 2743 5253 3010 5310; x_wconf 89' lang='lat' dir='ltr'><strong><em>codicem</em></strong></span> <span class='ocrx_word' id='word_1_797' title='bbox 3041 5252 3155 5308; x_wconf 86' lang='lat' dir='ltr'><strong><em>illis</em></strong></span> <span class='ocrx_word' id='word_1_798' title='bbox 3183 5251 3246 5308; x_wconf 89' lang='lat' dir='ltr'><strong><em>in</em></strong></span> <span class='ocrx_word' id='word_1_799' title='bbox 3276 5251 3418 5308; x_wconf 91' lang='lat' dir='ltr'><strong><em>locis</em></strong></span> <span class='ocrx_word' id='word_1_800' title='bbox 3459 5248 3771 5307; x_wconf 87' lang='lat' dir='ltr'><strong><em>scribebat.</em></strong></span> 
     </span>
    </p>
   </div>
   <div class='ocr_carea' id='block_1_113' title="bbox 2356 5477 3971 5550">
    <p class='ocr_par' dir='ltr' id='par_1_113' title="bbox 2356 5477 3971 5550">
     <span class='ocr_line' id='line_1_115' title="bbox 2356 5477 3971 5550; baseline -0.003 -9"><span class='ocrx_word' id='word_1_801' title='bbox 2356 5484 2606 5542; x_wconf 88' lang='lat' dir='ltr'><strong><em>amictus</em></strong></span> <span class='ocrx_word' id='word_1_802' title='bbox 2628 5485 2776 5550; x_wconf 84' lang='lat' dir='ltr'><strong><em>ejus,</em></strong></span> <span class='ocrx_word' id='word_1_803' title='bbox 2805 5481 3115 5539; x_wconf 84' lang='lat' dir='ltr'><strong><em>ostendens</em></strong></span> <span class='ocrx_word' id='word_1_804' title='bbox 3143 5495 3272 5538; x_wconf 89' lang='lat' dir='ltr'><strong><em>eum</em></strong></span> <span class='ocrx_word' id='word_1_805' title='bbox 3307 5485 3532 5538; x_wconf 86' lang='lat' dir='ltr'><strong><em>tenuem</em></strong></span> <span class='ocrx_word' id='word_1_806' title='bbox 3555 5483 3609 5536; x_wconf 84' lang='lat' dir='ltr'><strong><em>et</em></strong></span> <span class='ocrx_word' id='word_1_807' title='bbox 3635 5477 3822 5549; x_wconf 83' lang='lat' dir='ltr'><strong><em>facile</em></strong></span> <span class='ocrx_word' id='word_1_808' title='bbox 3847 5492 3971 5548; x_wconf 78' lang='lat' dir='ltr'><strong><em>pa-</em></strong></span> 
     </span>
    </p>
   </div>
   <div class='ocr_carea' id='block_1_114' title="bbox 2355 5553 3722 5632">
    <p class='ocr_par' dir='ltr' id='par_1_114' title="bbox 2355 5553 3722 5632">
     <span class='ocr_line' id='line_1_116' title="bbox 2355 5553 3722 5632; baseline 0.007 -20"><span class='ocrx_word' id='word_1_809' title='bbox 2355 5553 3058 5632; x_wconf 27' lang='lat' dir='ltr'><strong><em>ra_b_i_le1_nA(subitari_am).</em></strong></span> <span class='ocrx_word' id='word_1_810' title='bbox 3105 5622 3116 5632; x_wconf 41' lang='lat'><em>.</em></span> <span class='ocrx_word' id='word_1_811' title='bbox 3291 5623 3330 5632; x_wconf 34' lang='grc'>,-</span> <span class='ocrx_word' id='word_1_812' title='bbox 3563 5619 3579 5632; x_wconf 66' lang='grc'><strong><em>,</em></strong></span> <span class='ocrx_word' id='word_1_813' title='bbox 3625 5619 3722 5632; x_wconf 61' lang='lat'><strong><em>__,,</em></strong></span> 
     </span>
    </p>
   </div>
   <div class='ocr_carea' id='block_1_115' title="bbox 2357 5619 3955 5757">
    <p class='ocr_par' dir='ltr' id='par_1_115' title="bbox 2357 5619 3955 5757">
     <span class='ocr_line' id='line_1_117' title="bbox 2357 5619 3955 5757; baseline -0.006 -71"><span class='ocrx_word' id='word_1_814' title='bbox 2357 5629 2510 5757; x_wconf 51' lang='grc' dir='ltr'><strong><em>47(ἡ)</em></strong></span> <span class='ocrx_word' id='word_1_815' title='bbox 2551 5619 2847 5700; x_wconf 65' lang='lat' dir='ltr'><strong><em>Vir‘gulta.</em></strong></span> <span class='ocrx_word' id='word_1_816' title='bbox 2879 5619 3227 5683; x_wconf 82' lang='lat' dir='ltr'><strong><em>Cacumina.</em></strong></span> <span class='ocrx_word' id='word_1_817' title='bbox 3290 5623 3377 5682; x_wconf 88' lang='lat' dir='ltr'><strong><em>Ita</em></strong></span> <span class='ocrx_word' id='word_1_818' title='bbox 3422 5619 3586 5695; x_wconf 86' lang='lat' dir='ltr'><strong><em>apud</em></strong></span> <span class='ocrx_word' id='word_1_819' title='bbox 3623 5619 3852 5686; x_wconf 89' lang='lat' dir='ltr'><strong><em>Philon,</em></strong></span> <span class='ocrx_word' id='word_1_820' title='bbox 3889 5635 3955 5693; x_wconf 93' lang='lat' dir='ltr'><strong><em>p.</em></strong></span> 
     </span>
    </p>
   </div>
  </div>
