  <div class='ocr_page' id='page_1' title='image "/cluster/home/n/w/nwhite01/storage/ocr_20150623/129/hvd.32044019208511/088.png"; bbox 0 0 4180 6474; ppageno 0'>
   <div class='ocr_carea' id='block_1_1' title="bbox 224 426 334 487">
    <p class='ocr_par' dir='ltr' id='par_1_1' title="bbox 224 426 334 487">
     <span class='ocr_line' id='line_1_1' title="bbox 224 426 334 487; baseline 0 0"><span class='ocrx_word' id='word_1_1' title='bbox 224 426 334 487; x_wconf 77' lang='grc'><strong>161</strong></span> 
     </span>
    </p>
   </div>
   <div class='ocr_carea' id='block_1_2' title="bbox 1230 405 2599 482">
    <p class='ocr_par' dir='ltr' id='par_1_2' title="bbox 1230 405 2599 482">
     <span class='ocr_line' id='line_1_2' title="bbox 1230 405 2599 482; baseline -0.004 -1"><span class='ocrx_word' id='word_1_2' title='bbox 1230 417 1584 482; x_wconf 79' lang='lat' dir='ltr'><strong>COMMENT.</strong></span> <span class='ocrx_word' id='word_1_3' title='bbox 1626 420 1695 478; x_wconf 88' lang='lat' dir='ltr'><strong>IN</strong></span> <span class='ocrx_word' id='word_1_4' title='bbox 1733 406 2172 478; x_wconf 61' lang='lat' dir='ltr'><strong>MATTHAEUM.</strong></span> <span class='ocrx_word' id='word_1_5' title='bbox 2212 451 2280 461; x_wconf 85' lang='grc'><strong><em>-</em></strong></span> <span class='ocrx_word' id='word_1_6' title='bbox 2311 417 2467 475; x_wconf 88' lang='lat' dir='ltr'><strong>CAP.</strong></span> <span class='ocrx_word' id='word_1_7' title='bbox 2501 405 2599 476; x_wconf 91' lang='lat' dir='ltr'><strong>III.</strong></span> 
     </span>
    </p>
   </div>
   <div class='ocr_carea' id='block_1_3' title="bbox 3504 405 3606 473">
    <p class='ocr_par' dir='ltr' id='par_1_3' title="bbox 3504 405 3606 473">
     <span class='ocr_line' id='line_1_3' title="bbox 3504 405 3606 473; baseline -0.01 0"><span class='ocrx_word' id='word_1_8' title='bbox 3504 405 3606 473; x_wconf 75' lang='lat' dir='ltr'><strong>I62</strong></span> 
     </span>
    </p>
   </div>
   <div class='ocr_carea' id='block_1_4' title="bbox 232 542 1850 627">
    <p class='ocr_par' dir='ltr' id='par_1_4' title="bbox 232 546 1843 627">
     <span class='ocr_line' id='line_1_4' title="bbox 232 546 1843 627; baseline -0.008 -17"><span class='ocrx_word' id='word_1_9' title='bbox 232 559 386 614; x_wconf 87' lang='grc' dir='ltr'>πάθη</span> <span class='ocrx_word' id='word_1_10' title='bbox 450 563 544 616; x_wconf 80' lang='grc' dir='ltr'>τῆς</span> <span class='ocrx_word' id='word_1_11' title='bbox 609 553 899 627; x_wconf 80' lang='grc' dir='ltr'><strong>ἐπιθυμίας·</strong></span> <span class='ocrx_word' id='word_1_12' title='bbox 969 553 1028 603; x_wconf 90' lang='grc' dir='ltr'><strong>τὸ</strong></span> <span class='ocrx_word' id='word_1_13' title='bbox 1088 551 1187 624; x_wconf 83' lang='grc' dir='ltr'><strong>γὰρ</strong></span> <span class='ocrx_word' id='word_1_14' title='bbox 1237 546 1425 624; x_wconf 87' lang='grc' dir='ltr'>δέρμα,</span> <span class='ocrx_word' id='word_1_15' title='bbox 1470 548 1650 622; x_wconf 76' lang='grc' dir='ltr'>νεκροῦ</span> <span class='ocrx_word' id='word_1_16' title='bbox 1707 547 1843 608; x_wconf 76' lang='grc' dir='ltr'>ζῶου</span> 
     </span>
    </p>
   </div>
   <div class='ocr_carea' id='block_1_5' title="bbox 1968 542 3604 627">
    <p class='ocr_par' dir='ltr' id='par_1_5' title="bbox 1968 542 3604 618">
     <span class='ocr_line' id='line_1_5' title="bbox 1968 542 3604 618; baseline -0.002 -16"><span class='ocrx_word' id='word_1_17' title='bbox 1968 546 2262 618; x_wconf 68' lang='grc' dir='ltr'>ρὶεοεηιὶω</span> <span class='ocrx_word' id='word_1_18' title='bbox 2283 544 2624 602; x_wconf 75' lang='lat' dir='ltr'><strong>affectiones</strong></span> <span class='ocrx_word' id='word_1_19' title='bbox 2653 543 3101 602; x_wconf 82' lang='lat' dir='ltr'><strong>mortiﬁcarunt.</strong></span> <span class='ocrx_word' id='word_1_20' title='bbox 3124 542 3294 600; x_wconf 88' lang='lat' dir='ltr'><strong>Pellis</strong></span> <span class='ocrx_word' id='word_1_21' title='bbox 3318 557 3604 616; x_wconf 84' lang='lat' dir='ltr'><strong>namque,</strong></span> 
     </span>
    </p>
   </div>
   <div class='ocr_carea' id='block_1_6' title="bbox 236 648 560 719">
    <p class='ocr_par' dir='ltr' id='par_1_6' title="bbox 236 648 560 719">
     <span class='ocr_line' id='line_1_6' title="bbox 236 648 560 719; baseline 0.003 -22"><span class='ocrx_word' id='word_1_22' title='bbox 236 650 360 697; x_wconf 81' lang='grc' dir='ltr'>εστὶ</span> <span class='ocrx_word' id='word_1_23' title='bbox 385 648 560 719; x_wconf 80' lang='grc' dir='ltr'><strong>μέρος.</strong></span> 
     </span>
    </p>
   </div>
   <div class='ocr_carea' id='block_1_7' title="bbox 316 727 1848 804">
    <p class='ocr_par' dir='ltr' id='par_1_7' title="bbox 316 727 1848 804">
     <span class='ocr_line' id='line_1_7' title="bbox 316 727 1848 804; baseline -0.007 -18"><span class='ocrx_word' id='word_1_24' title='bbox 316 738 438 786; x_wconf 84' lang='grc' dir='ltr'>Τότε</span> <span class='ocrx_word' id='word_1_25' title='bbox 499 763 568 772; x_wconf 92' lang='lat'><strong>——</strong></span> <span class='ocrx_word' id='word_1_26' title='bbox 616 733 709 791; x_wconf 83' lang='grc' dir='ltr'><strong>τὰς</strong></span> <span class='ocrx_word' id='word_1_27' title='bbox 769 729 1024 804; x_wconf 81' lang='grc' dir='ltr'>ἁμαρτίας</span> <span class='ocrx_word' id='word_1_28' title='bbox 1088 729 1275 782; x_wconf 69' lang='grc' dir='ltr'>αὐτῶν.</span> <span class='ocrx_word' id='word_1_29' title='bbox 1341 727 1685 800; x_wconf 83' lang='grc' dir='ltr'>Ἀνεπτέρωσε</span> <span class='ocrx_word' id='word_1_30' title='bbox 1747 727 1848 797; x_wconf 81' lang='grc' dir='ltr'><strong>γὰρ</strong></span> 
     </span>
    </p>
   </div>
   <div class='ocr_carea' id='block_1_8' title="bbox 241 813 1844 895">
    <p class='ocr_par' dir='ltr' id='par_1_8' title="bbox 241 813 1844 895">
     <span class='ocr_line' id='line_1_8' title="bbox 241 813 1844 895; baseline -0.006 -22"><span class='ocrx_word' id='word_1_31' title='bbox 241 823 499 886; x_wconf 78' lang='grc' dir='ltr'>ἅπαντας,</span> <span class='ocrx_word' id='word_1_32' title='bbox 546 827 725 895; x_wconf 91' lang='grc' dir='ltr'>πρῶτα</span> <span class='ocrx_word' id='word_1_33' title='bbox 773 821 884 890; x_wconf 74' lang='grc' dir='ltr'>μὲν,</span> <span class='ocrx_word' id='word_1_34' title='bbox 931 819 959 874; x_wconf 77' lang='grc' dir='ltr'><strong>η</strong></span> <span class='ocrx_word' id='word_1_35' title='bbox 1021 824 1113 868; x_wconf 79' lang='grc' dir='ltr'>τοῦ</span> <span class='ocrx_word' id='word_1_36' title='bbox 1156 815 1505 888; x_wconf 74' lang='grc' dir='ltr'><strong>βαπτίζοντος</strong></span> <span class='ocrx_word' id='word_1_37' title='bbox 1566 813 1844 884; x_wconf 71' lang='grc' dir='ltr'>ὑπόληψις.</span> 
     </span>
    </p>
   </div>
   <div class='ocr_carea' id='block_1_9' title="bbox 239 903 1852 984">
    <p class='ocr_par' dir='ltr' id='par_1_9' title="bbox 239 903 1852 984">
     <span class='ocr_line' id='line_1_9' title="bbox 239 903 1852 984; baseline -0.007 -21"><span class='ocrx_word' id='word_1_38' title='bbox 239 910 529 984; x_wconf 80' lang='grc' dir='ltr'><strong>ἀρχιερέως</strong></span> <span class='ocrx_word' id='word_1_39' title='bbox 591 910 694 980; x_wconf 79' lang='grc' dir='ltr'><strong>γὰρ</strong></span> <span class='ocrx_word' id='word_1_40' title='bbox 769 903 828 964; x_wconf 78' lang='grc' dir='ltr'><strong>ἧν</strong></span> <span class='ocrx_word' id='word_1_41' title='bbox 866 908 998 975; x_wconf 80' lang='grc' dir='ltr'>υἱὸς,</span> <span class='ocrx_word' id='word_1_42' title='bbox 1055 911 1144 957; x_wconf 87' lang='grc' dir='ltr'>καὶ</span> <span class='ocrx_word' id='word_1_43' title='bbox 1197 907 1318 978; x_wconf 87' lang='grc' dir='ltr'>οἰρτι</span> <span class='ocrx_word' id='word_1_44' title='bbox 1376 913 1578 976; x_wconf 86' lang='grc' dir='ltr'>πρῶτον</span> <span class='ocrx_word' id='word_1_45' title='bbox 1638 905 1693 954; x_wconf 88' lang='grc' dir='ltr'>ἐκ</span> <span class='ocrx_word' id='word_1_46' title='bbox 1758 911 1852 962; x_wconf 77' lang='grc' dir='ltr'>τῆς</span> 
     </span>
    </p>
   </div>
   <div class='ocr_carea' id='block_1_10' title="bbox 241 977 1854 1072">
    <p class='ocr_par' dir='ltr' id='par_1_10' title="bbox 241 977 1854 1072">
     <span class='ocr_line' id='line_1_10' title="bbox 241 977 1854 1072; baseline -0.006 -22"><span class='ocrx_word' id='word_1_47' title='bbox 241 998 441 1072; x_wconf 78' lang='grc' dir='ltr'><em>ἐρήμου</em></span> <span class='ocrx_word' id='word_1_48' title='bbox 509 995 725 1062; x_wconf 71' lang='grc' dir='ltr'>κατέϐη,</span> <span class='ocrx_word' id='word_1_49' title='bbox 779 993 964 1054; x_wconf 78' lang='grc' dir='ltr'>πολλὰς</span> <span class='ocrx_word' id='word_1_50' title='bbox 1028 994 1208 1067; x_wconf 82' lang='grc' dir='ltr'>ἀρετὰς</span> <span class='ocrx_word' id='word_1_51' title='bbox 1257 993 1702 1064; x_wconf 76' lang='grc' dir='ltr'>ἐπικομιζόμενος,</span> <span class='ocrx_word' id='word_1_52' title='bbox 1766 977 1854 1040; x_wconf 76' lang='grc' dir='ltr'><strong>καὶ</strong></span> 
     </span>
    </p>
   </div>
   <div class='ocr_carea' id='block_1_11' title="bbox 248 1078 1848 1158">
    <p class='ocr_par' dir='ltr' id='par_1_11' title="bbox 248 1078 1848 1158">
     <span class='ocr_line' id='line_1_11' title="bbox 248 1078 1848 1158; baseline -0.006 -20"><span class='ocrx_word' id='word_1_53' title='bbox 248 1086 353 1138; x_wconf 85' lang='grc' dir='ltr'><strong>ἀπὸ</strong></span> <span class='ocrx_word' id='word_1_54' title='bbox 423 1092 584 1158; x_wconf 84' lang='grc' dir='ltr'>μόνης</span> <span class='ocrx_word' id='word_1_55' title='bbox 653 1083 819 1153; x_wconf 68' lang='grc' dir='ltr'>ὄψεως</span> <span class='ocrx_word' id='word_1_56' title='bbox 885 1082 1073 1140; x_wconf 78' lang='grc' dir='ltr'>πολλὴν</span> <span class='ocrx_word' id='word_1_57' title='bbox 1141 1081 1508 1154; x_wconf 70' lang='grc' dir='ltr'><strong>ἀπήστραπτεν</strong></span> <span class='ocrx_word' id='word_1_58' title='bbox 1567 1078 1848 1131; x_wconf 67' lang='grc' dir='ltr'>εύλάῦειοιψ</span> 
     </span>
    </p>
   </div>
   <div class='ocr_carea' id='block_1_12' title="bbox 243 1166 1850 1247">
    <p class='ocr_par' dir='ltr' id='par_1_12' title="bbox 243 1166 1850 1247">
     <span class='ocr_line' id='line_1_12' title="bbox 243 1166 1850 1247; baseline -0.006 -20"><span class='ocrx_word' id='word_1_59' title='bbox 243 1171 489 1247; x_wconf 84' lang='grc' dir='ltr'>δεύτερον</span> <span class='ocrx_word' id='word_1_60' title='bbox 525 1169 605 1237; x_wconf 72' lang='grc' dir='ltr'><strong>δε,</strong></span> <span class='ocrx_word' id='word_1_61' title='bbox 639 1174 666 1230; x_wconf 83' lang='grc' dir='ltr'>ἡ</span> <span class='ocrx_word' id='word_1_62' title='bbox 705 1179 794 1223; x_wconf 74' lang='grc' dir='ltr'>τοῦ</span> <span class='ocrx_word' id='word_1_63' title='bbox 824 1173 1155 1243; x_wconf 74' lang='grc' dir='ltr'><strong>κηρύγματος</strong></span> <span class='ocrx_word' id='word_1_64' title='bbox 1185 1171 1532 1240; x_wconf 72' lang='grc' dir='ltr'>καινοφάνειαο</span> <span class='ocrx_word' id='word_1_65' title='bbox 1581 1166 1850 1239; x_wconf 90' lang='grc' dir='ltr'>βασιλείαν</span> 
     </span>
    </p>
   </div>
   <div class='ocr_carea' id='block_1_13' title="bbox 237 1258 1849 1336">
    <p class='ocr_par' dir='ltr' id='par_1_13' title="bbox 237 1258 1849 1336">
     <span class='ocr_line' id='line_1_13' title="bbox 237 1258 1849 1336; baseline -0.006 -21"><span class='ocrx_word' id='word_1_66' title='bbox 237 1265 350 1336; x_wconf 85' lang='grc' dir='ltr'><strong>γὰρ</strong></span> <span class='ocrx_word' id='word_1_67' title='bbox 431 1261 661 1334; x_wconf 79' lang='grc' dir='ltr'>ούρανῶν</span> <span class='ocrx_word' id='word_1_68' title='bbox 753 1258 1074 1330; x_wconf 73' lang='grc' dir='ltr'><strong>κατήγγειλε,</strong></span> <span class='ocrx_word' id='word_1_69' title='bbox 1146 1262 1264 1331; x_wconf 84' lang='grc' dir='ltr'>περὶ</span> <span class='ocrx_word' id='word_1_70' title='bbox 1354 1258 1415 1318; x_wconf 78' lang='grc' dir='ltr'>ἧς</span> <span class='ocrx_word' id='word_1_71' title='bbox 1487 1262 1600 1308; x_wconf 85' lang='grc' dir='ltr'>τότε</span> <span class='ocrx_word' id='word_1_72' title='bbox 1651 1264 1849 1328; x_wconf 85' lang='grc' dir='ltr'>πρῶτον</span> 
     </span>
    </p>
   </div>
   <div class='ocr_carea' id='block_1_14' title="bbox 245 1343 1846 1420">
    <p class='ocr_par' dir='ltr' id='par_1_14' title="bbox 245 1343 1846 1420">
     <span class='ocr_line' id='line_1_14' title="bbox 245 1343 1846 1420; baseline -0.005 -18"><span class='ocrx_word' id='word_1_73' title='bbox 245 1355 464 1409; x_wconf 74' lang='grc' dir='ltr'>ἤκουον·</span> <span class='ocrx_word' id='word_1_74' title='bbox 492 1353 665 1420; x_wconf 89' lang='grc' dir='ltr'>τρίτον</span> <span class='ocrx_word' id='word_1_75' title='bbox 699 1343 755 1400; x_wconf 75' lang='grc' dir='ltr'>δὲ</span> <span class='ocrx_word' id='word_1_76' title='bbox 793 1351 882 1400; x_wconf 86' lang='grc' dir='ltr'>καὶ</span> <span class='ocrx_word' id='word_1_77' title='bbox 912 1347 1102 1416; x_wconf 84' lang='grc' dir='ltr'>πλεῖον,</span> <span class='ocrx_word' id='word_1_78' title='bbox 1130 1347 1155 1397; x_wconf 98' lang='lat'><strong>6</strong></span> <span class='ocrx_word' id='word_1_79' title='bbox 1181 1350 1445 1420; x_wconf 75' lang='grc' dir='ltr'><strong>προφήτης</strong></span> <span class='ocrx_word' id='word_1_80' title='bbox 1487 1344 1734 1409; x_wconf 78' lang='grc' dir='ltr'>Ἠσαίασ,</span> <span class='ocrx_word' id='word_1_81' title='bbox 1767 1347 1846 1394; x_wconf 79' lang='grc' dir='ltr'><strong>τόο</strong></span> 
     </span>
    </p>
   </div>
   <div class='ocr_carea' id='block_1_15' title="bbox 242 1433 1850 1510">
    <p class='ocr_par' dir='ltr' id='par_1_15' title="bbox 242 1433 1850 1510">
     <span class='ocr_line' id='line_1_15' title="bbox 242 1433 1850 1510; baseline -0.005 -18"><span class='ocrx_word' id='word_1_82' title='bbox 242 1441 394 1495; x_wconf 77' lang='grc' dir='ltr'>Φωνὴ</span> <span class='ocrx_word' id='word_1_83' title='bbox 455 1435 681 1509; x_wconf 86' lang='grc' dir='ltr'>βοῶντος</span> <span class='ocrx_word' id='word_1_84' title='bbox 726 1435 773 1487; x_wconf 75' lang='grc' dir='ltr'>ἓν</span> <span class='ocrx_word' id='word_1_85' title='bbox 830 1443 892 1509; x_wconf 77' lang='grc' dir='ltr'>τῇ</span> <span class='ocrx_word' id='word_1_86' title='bbox 948 1433 1145 1510; x_wconf 75' lang='grc' dir='ltr'>ἐρήμῳ,</span> <span class='ocrx_word' id='word_1_87' title='bbox 1170 1437 1282 1508; x_wconf 87' lang='grc' dir='ltr'>περὶ</span> <span class='ocrx_word' id='word_1_88' title='bbox 1339 1436 1497 1486; x_wconf 73' lang='grc' dir='ltr'>αὑτοῦ</span> <span class='ocrx_word' id='word_1_89' title='bbox 1546 1452 1850 1508; x_wconf 88' lang='grc' dir='ltr'>προαναφω-</span> 
     </span>
    </p>
   </div>
   <div class='ocr_carea' id='block_1_16' title="bbox 241 1531 435 1587">
    <p class='ocr_par' dir='ltr' id='par_1_16' title="bbox 241 1531 435 1587">
     <span class='ocr_line' id='line_1_16' title="bbox 241 1531 435 1587; baseline 0.015 -11"><span class='ocrx_word' id='word_1_90' title='bbox 241 1531 435 1587; x_wconf 90' lang='grc' dir='ltr'>νήσας.</span> 
     </span>
    </p>
   </div>
   <div class='ocr_carea' id='block_1_17' title="bbox 319 1609 1846 1684">
    <p class='ocr_par' dir='ltr' id='par_1_17' title="bbox 319 1609 1846 1684">
     <span class='ocr_line' id='line_1_17' title="bbox 319 1609 1846 1684; baseline -0.005 -19"><span class='ocrx_word' id='word_1_91' title='bbox 319 1618 424 1666; x_wconf 79' lang='grc' dir='ltr'><strong>Καὶ</strong></span> <span class='ocrx_word' id='word_1_92' title='bbox 499 1621 610 1674; x_wconf 86' lang='grc' dir='ltr'><strong>πῶς</strong></span> <span class='ocrx_word' id='word_1_93' title='bbox 679 1609 852 1674; x_wconf 72' lang='grc' dir='ltr'>οὐδεὶς</span> <span class='ocrx_word' id='word_1_94' title='bbox 913 1620 1012 1664; x_wconf 88' lang='grc' dir='ltr'><strong>τῶν</strong></span> <span class='ocrx_word' id='word_1_95' title='bbox 1094 1611 1470 1682; x_wconf 77' lang='grc' dir='ltr'>εύαγγελιστῶν</span> <span class='ocrx_word' id='word_1_96' title='bbox 1542 1609 1846 1684; x_wconf 72' lang='grc' dir='ltr'>ἀνέγραψεν,</span> 
     </span>
    </p>
   </div>
   <div class='ocr_carea' id='block_1_18' title="bbox 245 1699 1846 1773">
    <p class='ocr_par' dir='ltr' id='par_1_18' title="bbox 245 1699 1846 1773">
     <span class='ocr_line' id='line_1_18' title="bbox 245 1699 1846 1773; baseline -0.002 -21"><span class='ocrx_word' id='word_1_97' title='bbox 245 1702 329 1752; x_wconf 89' lang='grc' dir='ltr'>ὃτι</span> <span class='ocrx_word' id='word_1_98' title='bbox 386 1703 412 1752; x_wconf 93' lang='lat'><strong>6</strong></span> <span class='ocrx_word' id='word_1_99' title='bbox 459 1701 698 1762; x_wconf 90' lang='grc' dir='ltr'>Ἰωάννης</span> <span class='ocrx_word' id='word_1_100' title='bbox 742 1699 926 1758; x_wconf 80' lang='grc' dir='ltr'>ἐϐόησε</span> <span class='ocrx_word' id='word_1_101' title='bbox 985 1703 1115 1773; x_wconf 90' lang='grc' dir='ltr'>πρὸς</span> <span class='ocrx_word' id='word_1_102' title='bbox 1180 1704 1298 1760; x_wconf 86' lang='grc' dir='ltr'>τούς</span> <span class='ocrx_word' id='word_1_103' title='bbox 1348 1699 1557 1770; x_wconf 76' lang='grc' dir='ltr'>ὄχλουςο</span> <span class='ocrx_word' id='word_1_104' title='bbox 1612 1699 1846 1770; x_wconf 77' lang='grc' dir='ltr'>Ἑτοιμά-</span> 
     </span>
    </p>
   </div>
   <div class='ocr_carea' id='block_1_19' title="bbox 248 1786 1850 1862">
    <p class='ocr_par' dir='ltr' id='par_1_19' title="bbox 248 1786 1850 1862">
     <span class='ocr_line' id='line_1_19' title="bbox 248 1786 1850 1862; baseline -0.002 -21"><span class='ocrx_word' id='word_1_105' title='bbox 248 1808 375 1841; x_wconf 85' lang='grc' dir='ltr'>σατε</span> <span class='ocrx_word' id='word_1_106' title='bbox 428 1793 521 1848; x_wconf 81' lang='grc' dir='ltr'><strong>τήν</strong></span> <span class='ocrx_word' id='word_1_107' title='bbox 568 1786 691 1841; x_wconf 83' lang='grc' dir='ltr'>ὁδὸν</span> <span class='ocrx_word' id='word_1_108' title='bbox 745 1794 961 1862; x_wconf 82' lang='grc' dir='ltr'>Κυρίου,</span> <span class='ocrx_word' id='word_1_109' title='bbox 1013 1791 1077 1849; x_wconf 84' lang='grc' dir='ltr'>ὡς</span> <span class='ocrx_word' id='word_1_110' title='bbox 1129 1790 1154 1840; x_wconf 93' lang='lat'><strong>6</strong></span> <span class='ocrx_word' id='word_1_111' title='bbox 1213 1794 1482 1862; x_wconf 79' lang='grc' dir='ltr'><strong>προφήτης</strong></span> <span class='ocrx_word' id='word_1_112' title='bbox 1529 1792 1645 1861; x_wconf 86' lang='grc' dir='ltr'>περὶ</span> <span class='ocrx_word' id='word_1_113' title='bbox 1689 1787 1850 1838; x_wconf 84' lang='grc' dir='ltr'>αύτοῡ</span> 
     </span>
    </p>
   </div>
   <div class='ocr_carea' id='block_1_20' title="bbox 246 1871 1918 1967">
    <p class='ocr_par' dir='ltr' id='par_1_20' title="bbox 246 1871 1918 1967">
     <span class='ocr_line' id='line_1_20' title="bbox 246 1871 1918 1967; baseline -0.002 -37"><span class='ocrx_word' id='word_1_114' title='bbox 246 1895 423 1950; x_wconf 89' lang='grc' dir='ltr'>φησι;</span> <span class='ocrx_word' id='word_1_115' title='bbox 483 1877 672 1939; x_wconf 79' lang='grc' dir='ltr'>Ῥητῶς</span> <span class='ocrx_word' id='word_1_116' title='bbox 717 1881 807 1950; x_wconf 73' lang='grc' dir='ltr'>μὲν</span> <span class='ocrx_word' id='word_1_117' title='bbox 867 1873 1042 1938; x_wconf 73' lang='grc' dir='ltr'>οὐδεὶς</span> <span class='ocrx_word' id='word_1_118' title='bbox 1088 1876 1341 1950; x_wconf 69' lang='grc' dir='ltr'>ἀνέγραψε</span> <span class='ocrx_word' id='word_1_119' title='bbox 1385 1877 1558 1943; x_wconf 70' lang='grc' dir='ltr'>τούτο,</span> <span class='ocrx_word' id='word_1_120' title='bbox 1617 1875 1747 1935; x_wconf 85' lang='grc' dir='ltr'>εἰκὸς</span> <span class='ocrx_word' id='word_1_121' title='bbox 1791 1871 1849 1926; x_wconf 73' lang='grc' dir='ltr'><strong>δε</strong></span> <span class='ocrx_word' id='word_1_122' title='bbox 1879 1913 1918 1967; x_wconf 77' lang='grc' dir='ltr'><strong>Β</strong></span> 
     </span>
    </p>
   </div>
   <div class='ocr_carea' id='block_1_21' title="bbox 251 1959 1847 2039">
    <p class='ocr_par' dir='ltr' id='par_1_21' title="bbox 251 1959 1847 2039">
     <span class='ocr_line' id='line_1_21' title="bbox 251 1959 1847 2039; baseline -0.003 -21"><span class='ocrx_word' id='word_1_123' title='bbox 251 1964 449 2038; x_wconf 83' lang='grc' dir='ltr'>βοῆσαι</span> <span class='ocrx_word' id='word_1_124' title='bbox 490 1970 580 2039; x_wconf 74' lang='grc' dir='ltr'><strong>μεν</strong></span> <span class='ocrx_word' id='word_1_125' title='bbox 636 1965 789 2018; x_wconf 79' lang='grc' dir='ltr'>αύτὸν</span> <span class='ocrx_word' id='word_1_126' title='bbox 844 1969 934 2016; x_wconf 82' lang='grc' dir='ltr'>καὶ</span> <span class='ocrx_word' id='word_1_127' title='bbox 1000 1972 1174 2032; x_wconf 77' lang='grc' dir='ltr'>τούτο,</span> <span class='ocrx_word' id='word_1_128' title='bbox 1233 1969 1302 2036; x_wconf 80' lang='grc' dir='ltr'><strong>μή</strong></span> <span class='ocrx_word' id='word_1_129' title='bbox 1354 1963 1713 2039; x_wconf 77' lang='grc' dir='ltr'>ἀναγραφῆναι</span> <span class='ocrx_word' id='word_1_130' title='bbox 1767 1959 1847 2032; x_wconf 68' lang='grc' dir='ltr'>δὲ,</span> 
     </span>
    </p>
   </div>
   <div class='ocr_carea' id='block_1_22' title="bbox 1004 2049 1452 2119">
    <p class='ocr_par' dir='ltr' id='par_1_22' title="bbox 1004 2049 1452 2119">
     <span class='ocr_line' id='line_1_22' title="bbox 1004 2049 1452 2119; baseline 0.007 -18"><span class='ocrx_word' id='word_1_131' title='bbox 1004 2051 1199 2112; x_wconf 72' lang='grc' dir='ltr'>Ἄλλως</span> <span class='ocrx_word' id='word_1_132' title='bbox 1255 2072 1308 2104; x_wconf 84' lang='grc' dir='ltr'><strong>τε</strong></span> <span class='ocrx_word' id='word_1_133' title='bbox 1374 2049 1452 2119; x_wconf 65' lang='grc' dir='ltr'><strong>δε,</strong></span> 
     </span>
    </p>
   </div>
   <div class='ocr_carea' id='block_1_23' title="bbox 248 2139 1849 2210">
    <p class='ocr_par' dir='ltr' id='par_1_23' title="bbox 248 2139 1849 2210">
     <span class='ocr_line' id='line_1_23' title="bbox 248 2139 1849 2210; baseline -0.002 -16"><span class='ocrx_word' id='word_1_134' title='bbox 248 2151 424 2208; x_wconf 82' lang='grc' dir='ltr'>νοεῖτε,</span> <span class='ocrx_word' id='word_1_135' title='bbox 477 2147 568 2194; x_wconf 87' lang='grc' dir='ltr'>καὶ</span> <span class='ocrx_word' id='word_1_136' title='bbox 629 2146 710 2208; x_wconf 85' lang='grc' dir='ltr'><strong>τὸ,</strong></span> <span class='ocrx_word' id='word_1_137' title='bbox 778 2146 1044 2197; x_wconf 79' lang='grc' dir='ltr'>Ποιήσατε</span> <span class='ocrx_word' id='word_1_138' title='bbox 1096 2143 1318 2210; x_wconf 79' lang='grc' dir='ltr'>καρπούς</span> <span class='ocrx_word' id='word_1_139' title='bbox 1371 2139 1545 2202; x_wconf 80' lang='grc' dir='ltr'>ἀξίους</span> <span class='ocrx_word' id='word_1_140' title='bbox 1614 2148 1707 2200; x_wconf 82' lang='grc' dir='ltr'>τῆς</span> <span class='ocrx_word' id='word_1_141' title='bbox 1760 2158 1849 2210; x_wconf 88' lang='grc' dir='ltr'>με-</span> 
     </span>
    </p>
   </div>
   <div class='ocr_carea' id='block_1_24' title="bbox 251 2224 1852 2299">
    <p class='ocr_par' dir='ltr' id='par_1_24' title="bbox 251 2224 1852 2299">
     <span class='ocr_line' id='line_1_24' title="bbox 251 2224 1852 2299; baseline -0.002 -18"><span class='ocrx_word' id='word_1_142' title='bbox 251 2235 485 2296; x_wconf 90' lang='grc' dir='ltr'>τανοίας,</span> <span class='ocrx_word' id='word_1_143' title='bbox 538 2232 636 2281; x_wconf 84' lang='grc' dir='ltr'><strong>ἶσα</strong></span> <span class='ocrx_word' id='word_1_144' title='bbox 700 2229 804 2280; x_wconf 84' lang='grc' dir='ltr'>εἰσὶ</span> <span class='ocrx_word' id='word_1_145' title='bbox 858 2235 952 2294; x_wconf 85' lang='grc' dir='ltr'><strong>τῶ,</strong></span> <span class='ocrx_word' id='word_1_146' title='bbox 1011 2226 1352 2299; x_wconf 77' lang='grc' dir='ltr'>Ἑτοιμάσατε</span> <span class='ocrx_word' id='word_1_147' title='bbox 1408 2233 1501 2286; x_wconf 78' lang='grc' dir='ltr'><strong>τήν</strong></span> <span class='ocrx_word' id='word_1_148' title='bbox 1571 2224 1694 2279; x_wconf 89' lang='grc' dir='ltr'>όδὸν</span> <span class='ocrx_word' id='word_1_149' title='bbox 1751 2234 1852 2280; x_wconf 78' lang='grc' dir='ltr'><strong>Κυ-</strong></span> 
     </span>
    </p>
   </div>
   <div class='ocr_carea' id='block_1_25' title="bbox 247 2055 1848 2126">
    <p class='ocr_par' dir='ltr' id='par_1_25' title="bbox 247 2055 1848 2126">
     <span class='ocr_line' id='line_1_25' title="bbox 247 2055 1848 2126; baseline -0.002 -21"><span class='ocrx_word' id='word_1_150' title='bbox 247 2057 319 2114; x_wconf 86' lang='grc' dir='ltr'>ὡς</span> <span class='ocrx_word' id='word_1_151' title='bbox 388 2055 566 2117; x_wconf 74' lang='grc' dir='ltr'>ἔξωθεν</span> <span class='ocrx_word' id='word_1_152' title='bbox 639 2057 929 2126; x_wconf 85' lang='grc' dir='ltr'>νοούμενον.</span> <span class='ocrx_word' id='word_1_153' title='bbox 1004 2055 1199 2112; x_wconf 72' lang='grc' dir='ltr'>Ἄλλως</span> <span class='ocrx_word' id='word_1_154' title='bbox 1255 2072 1308 2104; x_wconf 85' lang='grc' dir='ltr'><strong>τε</strong></span> <span class='ocrx_word' id='word_1_155' title='bbox 1374 2055 1452 2119; x_wconf 71' lang='grc' dir='ltr'><strong>δε,</strong></span> <span class='ocrx_word' id='word_1_156' title='bbox 1531 2055 1610 2114; x_wconf 90' lang='grc' dir='ltr'><strong>τὸ,</strong></span> <span class='ocrx_word' id='word_1_157' title='bbox 1681 2059 1848 2104; x_wconf 84' lang='grc' dir='ltr'>Μετα-</span> 
     </span>
    </p>
   </div>
   <div class='ocr_carea' id='block_1_26' title="bbox 251 2312 1852 2392">
    <p class='ocr_par' dir='ltr' id='par_1_26' title="bbox 251 2312 1852 2392">
     <span class='ocr_line' id='line_1_26' title="bbox 251 2312 1852 2392; baseline -0.001 -24"><span class='ocrx_word' id='word_1_158' title='bbox 251 2323 390 2392; x_wconf 87' lang='grc' dir='ltr'>ρίου.</span> <span class='ocrx_word' id='word_1_159' title='bbox 450 2317 759 2390; x_wconf 79' lang='grc' dir='ltr'>Ἑτοιμασία</span> <span class='ocrx_word' id='word_1_160' title='bbox 818 2320 915 2388; x_wconf 81' lang='grc' dir='ltr'>γὰρ</span> <span class='ocrx_word' id='word_1_161' title='bbox 980 2320 1067 2367; x_wconf 79' lang='grc' dir='ltr'>καὶ</span> <span class='ocrx_word' id='word_1_162' title='bbox 1138 2314 1488 2388; x_wconf 81' lang='grc' dir='ltr'>ἀνακάθαρσις</span> <span class='ocrx_word' id='word_1_163' title='bbox 1539 2323 1633 2377; x_wconf 87' lang='grc' dir='ltr'>τῆς</span> <span class='ocrx_word' id='word_1_164' title='bbox 1680 2312 1852 2375; x_wconf 77' lang='grc' dir='ltr'>δήλω-</span> 
     </span>
    </p>
   </div>
   <div class='ocr_carea' id='block_1_27' title="bbox 253 2402 1854 2480">
    <p class='ocr_par' dir='ltr' id='par_1_27' title="bbox 253 2402 1854 2480">
     <span class='ocr_line' id='line_1_27' title="bbox 253 2402 1854 2480; baseline -0.001 -23"><span class='ocrx_word' id='word_1_165' title='bbox 253 2407 442 2467; x_wconf 85' lang='grc' dir='ltr'>θείσης</span> <span class='ocrx_word' id='word_1_166' title='bbox 499 2402 626 2457; x_wconf 82' lang='grc' dir='ltr'>ὁδοῦ</span> <span class='ocrx_word' id='word_1_167' title='bbox 658 2407 686 2463; x_wconf 84' lang='grc' dir='ltr'><strong>ή</strong></span> <span class='ocrx_word' id='word_1_168' title='bbox 737 2406 1000 2477; x_wconf 84' lang='grc' dir='ltr'>μετάνοια,</span> <span class='ocrx_word' id='word_1_169' title='bbox 1034 2409 1122 2455; x_wconf 85' lang='grc' dir='ltr'>καὶ</span> <span class='ocrx_word' id='word_1_170' title='bbox 1153 2406 1182 2461; x_wconf 84' lang='grc' dir='ltr'><strong>ή</strong></span> <span class='ocrx_word' id='word_1_171' title='bbox 1241 2409 1567 2480; x_wconf 90' lang='grc' dir='ltr'>καρποφορία</span> <span class='ocrx_word' id='word_1_172' title='bbox 1606 2414 1704 2456; x_wconf 88' lang='grc' dir='ltr'><strong>τῶν</strong></span> <span class='ocrx_word' id='word_1_173' title='bbox 1743 2403 1854 2479; x_wconf 82' lang='grc' dir='ltr'>ἀρε-</span> 
     </span>
    </p>
   </div>
   <div class='ocr_carea' id='block_1_28' title="bbox 248 2513 370 2547">
    <p class='ocr_par' dir='ltr' id='par_1_28' title="bbox 248 2513 370 2547">
     <span class='ocr_line' id='line_1_28' title="bbox 248 2513 370 2547; baseline 0.025 -3"><span class='ocrx_word' id='word_1_174' title='bbox 248 2513 370 2547; x_wconf 91' lang='grc' dir='ltr'>των.</span> 
     </span>
    </p>
   </div>
   <div class='ocr_carea' id='block_1_29' title="bbox 326 2577 1849 2656">
    <p class='ocr_par' dir='ltr' id='par_1_29' title="bbox 326 2577 1849 2656">
     <span class='ocr_line' id='line_1_29' title="bbox 326 2577 1849 2656; baseline 0 -23"><span class='ocrx_word' id='word_1_175' title='bbox 326 2581 681 2656; x_wconf 85' lang='grc' dir='ltr'>Ἐξεπορεύετο</span> <span class='ocrx_word' id='word_1_176' title='bbox 737 2577 797 2632; x_wconf 75' lang='grc' dir='ltr'>δὲ</span> <span class='ocrx_word' id='word_1_177' title='bbox 847 2583 979 2655; x_wconf 91' lang='grc' dir='ltr'>πρὸς</span> <span class='ocrx_word' id='word_1_178' title='bbox 1035 2580 1191 2632; x_wconf 70' lang='grc' dir='ltr'>αὐτὸν</span> <span class='ocrx_word' id='word_1_179' title='bbox 1239 2579 1573 2655; x_wconf 83' lang='grc' dir='ltr'>Ἰεροσόλυμα</span> <span class='ocrx_word' id='word_1_180' title='bbox 1623 2583 1651 2639; x_wconf 83' lang='grc' dir='ltr'>ἡ</span> <span class='ocrx_word' id='word_1_181' title='bbox 1687 2581 1849 2652; x_wconf 88' lang='grc' dir='ltr'>πόλις,</span> 
     </span>
    </p>
   </div>
   <div class='ocr_carea' id='block_1_30' title="bbox 252 2668 1847 2744">
    <p class='ocr_par' dir='ltr' id='par_1_30' title="bbox 252 2668 1847 2744">
     <span class='ocr_line' id='line_1_30' title="bbox 252 2668 1847 2744; baseline 0.002 -23"><span class='ocrx_word' id='word_1_182' title='bbox 252 2672 415 2722; x_wconf 83' lang='grc' dir='ltr'>εἶτουν</span> <span class='ocrx_word' id='word_1_183' title='bbox 471 2672 520 2721; x_wconf 83' lang='grc' dir='ltr'>οἱ</span> <span class='ocrx_word' id='word_1_184' title='bbox 574 2668 999 2744; x_wconf 77' lang='grc' dir='ltr'>Ἱεροσολυμῖται.</span> <span class='ocrx_word' id='word_1_185' title='bbox 1053 2670 1204 2721; x_wconf 72' lang='grc' dir='ltr'>Οὕτω</span> <span class='ocrx_word' id='word_1_186' title='bbox 1251 2671 1352 2744; x_wconf 81' lang='grc' dir='ltr'>γὰρ</span> <span class='ocrx_word' id='word_1_187' title='bbox 1386 2668 1518 2722; x_wconf 85' lang='grc' dir='ltr'>εἶπεν</span> <span class='ocrx_word' id='word_1_188' title='bbox 1563 2672 1588 2721; x_wconf 92' lang='lat'><strong>6</strong></span> <span class='ocrx_word' id='word_1_189' title='bbox 1620 2672 1847 2742; x_wconf 88' lang='grc' dir='ltr'>Μάρκος.</span> 
     </span>
    </p>
   </div>
   <div class='ocr_carea' id='block_1_31' title="bbox 248 2754 1846 2830">
    <p class='ocr_par' dir='ltr' id='par_1_31' title="bbox 248 2754 1846 2830">
     <span class='ocr_line' id='line_1_31' title="bbox 248 2754 1846 2830; baseline 0.002 -22"><span class='ocrx_word' id='word_1_190' title='bbox 248 2756 462 2809; x_wconf 86' lang='grc' dir='ltr'>Ὀποίαν</span> <span class='ocrx_word' id='word_1_191' title='bbox 490 2754 548 2810; x_wconf 71' lang='grc' dir='ltr'>δὲ</span> <span class='ocrx_word' id='word_1_192' title='bbox 605 2755 827 2830; x_wconf 87' lang='grc' dir='ltr'>δύναμιν</span> <span class='ocrx_word' id='word_1_193' title='bbox 883 2756 996 2830; x_wconf 84' lang='grc' dir='ltr'>εἶχε</span> <span class='ocrx_word' id='word_1_194' title='bbox 1043 2761 1100 2810; x_wconf 87' lang='grc' dir='ltr'><strong>τὸ</strong></span> <span class='ocrx_word' id='word_1_195' title='bbox 1149 2756 1430 2830; x_wconf 78' lang='grc' dir='ltr'>βάπτισμα</span> <span class='ocrx_word' id='word_1_196' title='bbox 1460 2766 1550 2810; x_wconf 79' lang='grc' dir='ltr'>τοῦ</span> <span class='ocrx_word' id='word_1_197' title='bbox 1592 2757 1846 2825; x_wconf 83' lang='grc' dir='ltr'>Ἰωάννου,</span> 
     </span>
    </p>
   </div>
   <div class='ocr_carea' id='block_1_32' title="bbox 253 2842 1850 2920">
    <p class='ocr_par' dir='ltr' id='par_1_32' title="bbox 253 2842 1850 2920">
     <span class='ocr_line' id='line_1_32' title="bbox 253 2842 1850 2920; baseline 0.001 -23"><span class='ocrx_word' id='word_1_198' title='bbox 253 2849 346 2897; x_wconf 84' lang='grc' dir='ltr'>καὶ</span> <span class='ocrx_word' id='word_1_199' title='bbox 379 2851 493 2897; x_wconf 91' lang='grc' dir='ltr'>τίνα</span> <span class='ocrx_word' id='word_1_200' title='bbox 523 2842 777 2918; x_wconf 81' lang='grc' dir='ltr'>διαφορὰν</span> <span class='ocrx_word' id='word_1_201' title='bbox 830 2850 955 2920; x_wconf 89' lang='grc' dir='ltr'>πρὸς</span> <span class='ocrx_word' id='word_1_202' title='bbox 988 2849 1046 2898; x_wconf 90' lang='grc' dir='ltr'><strong>τὸ</strong></span> <span class='ocrx_word' id='word_1_203' title='bbox 1079 2845 1360 2919; x_wconf 78' lang='grc' dir='ltr'>βάπτισμα</span> <span class='ocrx_word' id='word_1_204' title='bbox 1414 2850 1469 2898; x_wconf 91' lang='grc' dir='ltr'><strong>τὸ</strong></span> <span class='ocrx_word' id='word_1_205' title='bbox 1513 2849 1850 2918; x_wconf 77' lang='grc' dir='ltr'>νομοθετηθεν</span> 
     </span>
    </p>
   </div>
   <div class='ocr_carea' id='block_1_33' title="bbox 261 2933 1851 3008">
    <p class='ocr_par' dir='ltr' id='par_1_33' title="bbox 261 2933 1851 3008">
     <span class='ocr_line' id='line_1_33' title="bbox 261 2933 1851 3008; baseline 0.001 -23"><span class='ocrx_word' id='word_1_206' title='bbox 261 2934 364 2986; x_wconf 80' lang='grc' dir='ltr'><strong>ὑπὸ</strong></span> <span class='ocrx_word' id='word_1_207' title='bbox 424 2942 514 2985; x_wconf 82' lang='grc' dir='ltr'>τοῦ</span> <span class='ocrx_word' id='word_1_208' title='bbox 558 2940 815 3007; x_wconf 80' lang='grc' dir='ltr'>Χριστοῦ,</span> <span class='ocrx_word' id='word_1_209' title='bbox 865 2933 1087 3008; x_wconf 79' lang='grc' dir='ltr'>ἀκριϐῶς</span> <span class='ocrx_word' id='word_1_210' title='bbox 1127 2937 1360 3007; x_wconf 76' lang='grc' dir='ltr'>εὑρήσεις</span> <span class='ocrx_word' id='word_1_211' title='bbox 1402 2934 1447 2985; x_wconf 83' lang='grc' dir='ltr'>ἐν</span> <span class='ocrx_word' id='word_1_212' title='bbox 1501 2943 1560 3006; x_wconf 72' lang='grc' dir='ltr'>τῇ</span> <span class='ocrx_word' id='word_1_213' title='bbox 1612 2935 1851 3007; x_wconf 78' lang='grc' dir='ltr'>ἐξηγήσει</span> 
     </span>
    </p>
   </div>
   <div class='ocr_carea' id='block_1_34' title="bbox 259 3019 1849 3098">
    <p class='ocr_par' dir='ltr' id='par_1_34' title="bbox 259 3019 1849 3098">
     <span class='ocr_line' id='line_1_34' title="bbox 259 3019 1849 3098; baseline 0.003 -26"><span class='ocrx_word' id='word_1_214' title='bbox 259 3029 352 3073; x_wconf 81' lang='grc' dir='ltr'><strong>τού</strong></span> <span class='ocrx_word' id='word_1_215' title='bbox 404 3025 535 3074; x_wconf 86' lang='grc' dir='ltr'><strong>κατά</strong></span> <span class='ocrx_word' id='word_1_216' title='bbox 587 3025 796 3098; x_wconf 86' lang='grc' dir='ltr'>Μάρκον</span> <span class='ocrx_word' id='word_1_217' title='bbox 859 3023 1195 3095; x_wconf 65' lang='grc' dir='ltr'>Εὐαγγελλου.</span> <span class='ocrx_word' id='word_1_218' title='bbox 1254 3019 1695 3096; x_wconf 82' lang='grc' dir='ltr'>Ἐπιτηδειότερον</span> <span class='ocrx_word' id='word_1_219' title='bbox 1750 3027 1849 3098; x_wconf 83' lang='grc' dir='ltr'><strong>γὰρ</strong></span> 
     </span>
    </p>
   </div>
   <div class='ocr_carea' id='block_1_35' title="bbox 1487 3114 1851 3164">
    <p class='ocr_par' dir='ltr' id='par_1_35' title="bbox 1487 3114 1851 3164">
     <span class='ocr_line' id='line_1_35' title="bbox 1487 3114 1851 3164; baseline 0 0"><span class='ocrx_word' id='word_1_220' title='bbox 1487 3114 1607 3164; x_wconf 83' lang='grc' dir='ltr'>ἔνθα</span> <span class='ocrx_word' id='word_1_221' title='bbox 1683 3120 1851 3164; x_wconf 84' lang='grc' dir='ltr'>κεῖται</span> 
     </span>
    </p>
   </div>
   <div class='ocr_carea' id='block_1_36' title="bbox 1880 3261 1921 3317">
    <p class='ocr_par' dir='ltr' id='par_1_36' title="bbox 1880 3261 1921 3317">
     <span class='ocr_line' id='line_1_36' title="bbox 1880 3261 1921 3317; baseline 0 0"><span class='ocrx_word' id='word_1_222' title='bbox 1880 3261 1921 3317; x_wconf 88' lang='lat' dir='ltr'><strong>C</strong></span> 
     </span>
    </p>
   </div>
   <div class='ocr_carea' id='block_1_37' title="bbox 256 3106 1407 3184">
    <p class='ocr_par' dir='ltr' id='par_1_37' title="bbox 256 3106 1407 3184">
     <span class='ocr_line' id='line_1_37' title="bbox 256 3106 1407 3184; baseline 0.002 -24"><span class='ocrx_word' id='word_1_223' title='bbox 256 3106 341 3176; x_wconf 74' lang='grc' dir='ltr'>ἦν,</span> <span class='ocrx_word' id='word_1_224' title='bbox 424 3109 472 3161; x_wconf 81' lang='grc' dir='ltr'>ἐν</span> <span class='ocrx_word' id='word_1_225' title='bbox 521 3111 681 3183; x_wconf 79' lang='grc' dir='ltr'>ἐκείνῃ</span> <span class='ocrx_word' id='word_1_226' title='bbox 746 3114 937 3169; x_wconf 88' lang='grc' dir='ltr'>ταύτην</span> <span class='ocrx_word' id='word_1_227' title='bbox 1011 3112 1407 3184; x_wconf 80' lang='grc' dir='ltr'>ἐρμηνευθῆναι,</span> 
     </span>
    </p>
   </div>
   <div class='ocr_carea' id='block_1_38' title="bbox 250 3199 1847 3273">
    <p class='ocr_par' dir='ltr' id='par_1_38' title="bbox 250 3199 1847 3273">
     <span class='ocr_line' id='line_1_38' title="bbox 250 3199 1847 3273; baseline 0.001 -23"><span class='ocrx_word' id='word_1_228' title='bbox 250 3202 330 3250; x_wconf 74' lang='grc' dir='ltr'>τό’</span> <span class='ocrx_word' id='word_1_229' title='bbox 391 3204 493 3253; x_wconf 85' lang='grc' dir='ltr'><strong>Καὶ</strong></span> <span class='ocrx_word' id='word_1_230' title='bbox 550 3203 832 3273; x_wconf 82' lang='grc' dir='ltr'>κηρύσσων</span> <span class='ocrx_word' id='word_1_231' title='bbox 877 3199 1156 3273; x_wconf 82' lang='grc' dir='ltr'>βάπτισμα</span> <span class='ocrx_word' id='word_1_232' title='bbox 1210 3204 1480 3272; x_wconf 87' lang='grc' dir='ltr'>μετανοίας</span> <span class='ocrx_word' id='word_1_233' title='bbox 1547 3201 1617 3263; x_wconf 81' lang='grc' dir='ltr'><strong>εἰς</strong></span> <span class='ocrx_word' id='word_1_234' title='bbox 1665 3203 1847 3273; x_wconf 79' lang='grc' dir='ltr'>ἄφεσιν</span> 
     </span>
    </p>
   </div>
   <div class='ocr_carea' id='block_1_39' title="bbox 251 3287 541 3360">
    <p class='ocr_par' dir='ltr' id='par_1_39' title="bbox 251 3287 541 3360">
     <span class='ocr_line' id='line_1_39' title="bbox 251 3287 541 3360; baseline 0.01 -22"><span class='ocrx_word' id='word_1_235' title='bbox 251 3287 541 3360; x_wconf 84' lang='grc' dir='ltr'>ἁμαρτιῶν.</span> 
     </span>
    </p>
   </div>
   <div class='ocr_carea' id='block_1_40' title="bbox 327 3371 1852 3448">
    <p class='ocr_par' dir='ltr' id='par_1_40' title="bbox 327 3371 1852 3448">
     <span class='ocr_line' id='line_1_40' title="bbox 327 3371 1852 3448; baseline 0.001 -21"><span class='ocrx_word' id='word_1_236' title='bbox 327 3372 474 3427; x_wconf 85' lang='grc' dir='ltr'>Ἰδὼν</span> <span class='ocrx_word' id='word_1_237' title='bbox 518 3371 577 3426; x_wconf 74' lang='grc' dir='ltr'>δὲ</span> <span class='ocrx_word' id='word_1_238' title='bbox 607 3405 676 3415; x_wconf 89' lang='grc'><strong><em>-</em></strong></span> <span class='ocrx_word' id='word_1_239' title='bbox 711 3375 838 3448; x_wconf 85' lang='grc' dir='ltr'>ὀργῆ</span> <span class='ocrx_word' id='word_1_240' title='bbox 853 3396 894 3436; x_wconf 90' lang='grc' dir='ltr'><strong>ς.</strong></span> <span class='ocrx_word' id='word_1_241' title='bbox 923 3379 992 3428; x_wconf 92' lang='grc' dir='ltr'>Τὸ</span> <span class='ocrx_word' id='word_1_242' title='bbox 1021 3380 1160 3446; x_wconf 85' lang='grc' dir='ltr'>γένος</span> <span class='ocrx_word' id='word_1_243' title='bbox 1195 3384 1293 3427; x_wconf 89' lang='grc' dir='ltr'><strong>τῶν</strong></span> <span class='ocrx_word' id='word_1_244' title='bbox 1325 3372 1590 3428; x_wconf 82' lang='grc' dir='ltr'>Ἰουδαίων</span> <span class='ocrx_word' id='word_1_245' title='bbox 1625 3377 1852 3429; x_wconf 87' lang='grc' dir='ltr'>καλεῖται</span> 
     </span>
    </p>
   </div>
   <div class='ocr_carea' id='block_1_41' title="bbox 258 3459 1851 3538">
    <p class='ocr_par' dir='ltr' id='par_1_41' title="bbox 258 3459 1851 3538">
     <span class='ocr_line' id='line_1_41' title="bbox 258 3459 1851 3538; baseline 0.003 -25"><span class='ocrx_word' id='word_1_246' title='bbox 258 3459 531 3535; x_wconf 76' lang='grc' dir='ltr'>διαφόροις</span> <span class='ocrx_word' id='word_1_247' title='bbox 579 3461 820 3534; x_wconf 83' lang='grc' dir='ltr'>ὀνόμασι.</span> <span class='ocrx_word' id='word_1_248' title='bbox 875 3467 1126 3533; x_wconf 85' lang='grc' dir='ltr'>Λέγονται</span> <span class='ocrx_word' id='word_1_249' title='bbox 1162 3467 1264 3538; x_wconf 84' lang='grc' dir='ltr'>γὰρ</span> <span class='ocrx_word' id='word_1_250' title='bbox 1315 3463 1541 3537; x_wconf 84' lang='grc' dir='ltr'>Ἐϐραῖοι</span> <span class='ocrx_word' id='word_1_251' title='bbox 1587 3468 1696 3536; x_wconf 62' lang='grc' dir='ltr'>μὲν,</span> <span class='ocrx_word' id='word_1_252' title='bbox 1750 3464 1851 3518; x_wconf 81' lang='grc' dir='ltr'><strong>ἀπὸ</strong></span> 
     </span>
    </p>
   </div>
   <div class='ocr_carea' id='block_1_42' title="bbox 256 3549 1850 3626">
    <p class='ocr_par' dir='ltr' id='par_1_42' title="bbox 256 3549 1850 3626">
     <span class='ocr_line' id='line_1_42' title="bbox 256 3549 1850 3626; baseline 0.003 -24"><span class='ocrx_word' id='word_1_253' title='bbox 256 3557 349 3602; x_wconf 82' lang='grc' dir='ltr'>τοῦ</span> <span class='ocrx_word' id='word_1_254' title='bbox 392 3549 562 3624; x_wconf 82' lang='grc' dir='ltr'>Ἔϐερ,</span> <span class='ocrx_word' id='word_1_255' title='bbox 598 3554 667 3612; x_wconf 85' lang='grc' dir='ltr'>ὡς</span> <span class='ocrx_word' id='word_1_256' title='bbox 695 3556 1009 3624; x_wconf 83' lang='grc' dir='ltr'>κεχρημένοι</span> <span class='ocrx_word' id='word_1_257' title='bbox 1057 3560 1118 3624; x_wconf 76' lang='grc' dir='ltr'>τῇ</span> <span class='ocrx_word' id='word_1_258' title='bbox 1169 3549 1424 3624; x_wconf 78' lang='grc' dir='ltr'>διαλέκτῳ</span> <span class='ocrx_word' id='word_1_259' title='bbox 1469 3553 1648 3604; x_wconf 72' lang='grc' dir='ltr'>αὐτοῦ·</span> <span class='ocrx_word' id='word_1_260' title='bbox 1694 3558 1850 3626; x_wconf 87' lang='grc' dir='ltr'>μόνου</span> 
     </span>
    </p>
   </div>
   <div class='ocr_carea' id='block_1_43' title="bbox 257 3638 1851 3716">
    <p class='ocr_par' dir='ltr' id='par_1_43' title="bbox 257 3638 1851 3716">
     <span class='ocr_line' id='line_1_43' title="bbox 257 3638 1851 3716; baseline 0.003 -27"><span class='ocrx_word' id='word_1_261' title='bbox 257 3641 360 3712; x_wconf 81' lang='grc' dir='ltr'>γὰρ</span> <span class='ocrx_word' id='word_1_262' title='bbox 417 3640 608 3690; x_wconf 78' lang='grc' dir='ltr'>ἐκείνου</span> <span class='ocrx_word' id='word_1_263' title='bbox 669 3644 762 3698; x_wconf 85' lang='grc' dir='ltr'><strong>τήν</strong></span> <span class='ocrx_word' id='word_1_264' title='bbox 816 3640 1060 3712; x_wconf 86' lang='grc' dir='ltr'>γλῶσσαν</span> <span class='ocrx_word' id='word_1_265' title='bbox 1115 3639 1420 3713; x_wconf 86' lang='grc' dir='ltr'>ἀσύγχυτον</span> <span class='ocrx_word' id='word_1_266' title='bbox 1469 3638 1774 3716; x_wconf 78' lang='grc' dir='ltr'>διετήρησεν</span> <span class='ocrx_word' id='word_1_267' title='bbox 1826 3645 1851 3694; x_wconf 94' lang='lat'><strong>6</strong></span> 
     </span>
    </p>
   </div>
   <div class='ocr_carea' id='block_1_44' title="bbox 258 3727 1852 3805">
    <p class='ocr_par' dir='ltr' id='par_1_44' title="bbox 258 3727 1852 3805">
     <span class='ocr_line' id='line_1_44' title="bbox 258 3727 1852 3805; baseline 0.003 -25"><span class='ocrx_word' id='word_1_268' title='bbox 258 3730 413 3797; x_wconf 83' lang='grc' dir='ltr'>Θεὸς,</span> <span class='ocrx_word' id='word_1_269' title='bbox 441 3731 514 3799; x_wconf 83' lang='grc' dir='ltr'>μὴ</span> <span class='ocrx_word' id='word_1_270' title='bbox 565 3727 876 3790; x_wconf 84' lang='grc' dir='ltr'>θελήσαντος</span> <span class='ocrx_word' id='word_1_271' title='bbox 922 3738 1237 3788; x_wconf 83' lang='grc' dir='ltr'>κοινωνῆσαι</span> <span class='ocrx_word' id='word_1_272' title='bbox 1268 3737 1372 3790; x_wconf 90' lang='grc' dir='ltr'>τοῖς</span> <span class='ocrx_word' id='word_1_273' title='bbox 1415 3733 1500 3782; x_wconf 88' lang='grc' dir='ltr'><strong>τὸν</strong></span> <span class='ocrx_word' id='word_1_274' title='bbox 1532 3733 1727 3805; x_wconf 88' lang='grc' dir='ltr'>πύργον</span> <span class='ocrx_word' id='word_1_275' title='bbox 1758 3741 1852 3794; x_wconf 82' lang='grc' dir='ltr'>τῆς</span> 
     </span>
    </p>
   </div>
   <div class='ocr_carea' id='block_1_45' title="bbox 255 3814 1849 3891">
    <p class='ocr_par' dir='ltr' id='par_1_45' title="bbox 255 3814 1849 3891">
     <span class='ocr_line' id='line_1_45' title="bbox 255 3814 1849 3891; baseline 0.002 -22"><span class='ocrx_word' id='word_1_276' title='bbox 255 3815 369 3886; x_wconf 77' lang='grc'>(72)</span> <span class='ocrx_word' id='word_1_277' title='bbox 396 3815 634 3887; x_wconf 86' lang='grc' dir='ltr'>χαλάνης</span> <span class='ocrx_word' id='word_1_278' title='bbox 687 3814 1048 3890; x_wconf 78' lang='grc' dir='ltr'>οἰκοδομοῦσι.</span> <span class='ocrx_word' id='word_1_279' title='bbox 1086 3824 1344 3891; x_wconf 84' lang='grc' dir='ltr'>Πρόγονος</span> <span class='ocrx_word' id='word_1_280' title='bbox 1373 3815 1431 3871; x_wconf 73' lang='grc' dir='ltr'>δὲ</span> <span class='ocrx_word' id='word_1_281' title='bbox 1476 3815 1536 3876; x_wconf 76' lang='grc' dir='ltr'>ἧν</span> <span class='ocrx_word' id='word_1_282' title='bbox 1576 3819 1723 3881; x_wconf 73' lang='grc' dir='ltr'>οὗτος</span> <span class='ocrx_word' id='word_1_283' title='bbox 1758 3827 1849 3872; x_wconf 78' lang='grc' dir='ltr'>τοῦ</span> 
     </span>
    </p>
   </div>
   <div class='ocr_carea' id='block_1_46' title="bbox 252 3903 1849 3978">
    <p class='ocr_par' dir='ltr' id='par_1_46' title="bbox 252 3903 1849 3978">
     <span class='ocr_line' id='line_1_46' title="bbox 252 3903 1849 3978; baseline 0.002 -23"><span class='ocrx_word' id='word_1_284' title='bbox 252 3903 494 3978; x_wconf 79' lang='grc' dir='ltr'>Δϐραάμ.</span> <span class='ocrx_word' id='word_1_285' title='bbox 542 3905 866 3977; x_wconf 82' lang='grc' dir='ltr'>Ἰσραηλῖται</span> <span class='ocrx_word' id='word_1_286' title='bbox 901 3903 980 3975; x_wconf 74' lang='grc' dir='ltr'>δὲ,</span> <span class='ocrx_word' id='word_1_287' title='bbox 1033 3905 1132 3958; x_wconf 84' lang='grc' dir='ltr'><strong>ἀπὸ</strong></span> <span class='ocrx_word' id='word_1_288' title='bbox 1192 3915 1283 3958; x_wconf 77' lang='grc' dir='ltr'>τοῦ</span> <span class='ocrx_word' id='word_1_289' title='bbox 1317 3906 1524 3973; x_wconf 75' lang='grc' dir='ltr'>Ἰακὼϐ,</span> <span class='ocrx_word' id='word_1_290' title='bbox 1581 3910 1648 3978; x_wconf 85' lang='grc' dir='ltr'>ὃς,</span> <span class='ocrx_word' id='word_1_291' title='bbox 1723 3905 1849 3960; x_wconf 78' lang='grc' dir='ltr'>ἰδὼν</span> 
     </span>
    </p>
   </div>
   <div class='ocr_carea' id='block_1_47' title="bbox 252 3991 1848 4069">
    <p class='ocr_par' dir='ltr' id='par_1_47' title="bbox 252 3991 1848 4069">
     <span class='ocr_line' id='line_1_47' title="bbox 252 3991 1848 4069; baseline 0.004 -27"><span class='ocrx_word' id='word_1_292' title='bbox 252 3991 303 4043; x_wconf 85' lang='grc' dir='ltr'>ἐν</span> <span class='ocrx_word' id='word_1_293' title='bbox 333 3999 392 4064; x_wconf 74' lang='grc' dir='ltr'>τῇ</span> <span class='ocrx_word' id='word_1_294' title='bbox 426 3992 655 4065; x_wconf 83' lang='grc' dir='ltr'>κλίμακι.</span> <span class='ocrx_word' id='word_1_295' title='bbox 680 3997 766 4045; x_wconf 89' lang='grc' dir='ltr'><strong>τὸν</strong></span> <span class='ocrx_word' id='word_1_296' title='bbox 799 3997 947 4060; x_wconf 89' lang='grc' dir='ltr'>Θεὸν,</span> <span class='ocrx_word' id='word_1_297' title='bbox 987 3992 1332 4068; x_wconf 78' lang='grc' dir='ltr'>ἐπωνομάσθη</span> <span class='ocrx_word' id='word_1_298' title='bbox 1379 4000 1467 4048; x_wconf 79' lang='grc' dir='ltr'>καὶ</span> <span class='ocrx_word' id='word_1_299' title='bbox 1499 3996 1732 4069; x_wconf 88' lang='grc' dir='ltr'>Ἰσραήλ.</span> <span class='ocrx_word' id='word_1_300' title='bbox 1779 4001 1848 4049; x_wconf 91' lang='lat' dir='ltr'><strong><em>T6</em></strong></span> 
     </span>
    </p>
   </div>
   <div class='ocr_carea' id='block_1_48' title="bbox 249 4080 1849 4156">
    <p class='ocr_par' dir='ltr' id='par_1_48' title="bbox 249 4080 1849 4156">
     <span class='ocr_line' id='line_1_48' title="bbox 249 4080 1849 4156; baseline 0.005 -26"><span class='ocrx_word' id='word_1_301' title='bbox 249 4083 350 4153; x_wconf 76' lang='grc' dir='ltr'>γὰρ</span> <span class='ocrx_word' id='word_1_302' title='bbox 413 4080 644 4155; x_wconf 82' lang='grc' dir='ltr'>Ἰσραὴλ,</span> <span class='ocrx_word' id='word_1_303' title='bbox 704 4084 834 4156; x_wconf 88' lang='grc' dir='ltr'>όρῶν</span> <span class='ocrx_word' id='word_1_304' title='bbox 890 4085 1017 4134; x_wconf 84' lang='grc' dir='ltr'>Θεὸν</span> <span class='ocrx_word' id='word_1_305' title='bbox 1067 4083 1418 4156; x_wconf 83' lang='grc' dir='ltr'>ἑρμηνεύεται.</span> <span class='ocrx_word' id='word_1_306' title='bbox 1488 4081 1736 4138; x_wconf 86' lang='grc' dir='ltr'>Ἰουδαῖοι</span> <span class='ocrx_word' id='word_1_307' title='bbox 1791 4082 1849 4138; x_wconf 63' lang='grc' dir='ltr'>δὲ</span> 
     </span>
    </p>
   </div>
   <div class='ocr_carea' id='block_1_49' title="bbox 248 4166 1845 4245">
    <p class='ocr_par' dir='ltr' id='par_1_49' title="bbox 248 4166 1845 4245">
     <span class='ocr_line' id='line_1_49' title="bbox 248 4166 1845 4245; baseline 0.004 -26"><span class='ocrx_word' id='word_1_308' title='bbox 248 4166 351 4220; x_wconf 86' lang='grc' dir='ltr'><strong>ἀπό</strong></span> <span class='ocrx_word' id='word_1_309' title='bbox 393 4176 484 4221; x_wconf 76' lang='grc' dir='ltr'>τοῦ</span> <span class='ocrx_word' id='word_1_310' title='bbox 528 4170 640 4241; x_wconf 87' lang='grc'><strong>(73)</strong></span> <span class='ocrx_word' id='word_1_311' title='bbox 673 4167 858 4237; x_wconf 85' lang='grc' dir='ltr'>Δαυὶδ,</span> <span class='ocrx_word' id='word_1_312' title='bbox 919 4171 971 4222; x_wconf 82' lang='grc' dir='ltr'>ὃν</span> <span class='ocrx_word' id='word_1_313' title='bbox 1015 4170 1066 4222; x_wconf 77' lang='grc' dir='ltr'>ἐκ</span> <span class='ocrx_word' id='word_1_314' title='bbox 1106 4181 1199 4233; x_wconf 87' lang='grc' dir='ltr'>τῆς</span> <span class='ocrx_word' id='word_1_315' title='bbox 1253 4169 1432 4225; x_wconf 86' lang='grc' dir='ltr'>Ἰούδα</span> <span class='ocrx_word' id='word_1_316' title='bbox 1464 4173 1622 4245; x_wconf 82' lang='grc' dir='ltr'>φυλῆς</span> <span class='ocrx_word' id='word_1_317' title='bbox 1678 4173 1845 4226; x_wconf 79' lang='grc' dir='ltr'>ἐπιλε-</span> 
     </span>
    </p>
   </div>
   <div class='ocr_carea' id='block_1_50' title="bbox 247 4256 1848 4332">
    <p class='ocr_par' dir='ltr' id='par_1_50' title="bbox 247 4256 1848 4332">
     <span class='ocr_line' id='line_1_50' title="bbox 247 4256 1848 4332; baseline 0.004 -24"><span class='ocrx_word' id='word_1_318' title='bbox 247 4256 465 4329; x_wconf 80' lang='grc' dir='ltr'>ξάμενος</span> <span class='ocrx_word' id='word_1_319' title='bbox 497 4259 522 4310; x_wconf 93' lang='lat'><strong>6</strong></span> <span class='ocrx_word' id='word_1_320' title='bbox 555 4261 681 4319; x_wconf 89' lang='grc' dir='ltr'>Θεὸς</span> <span class='ocrx_word' id='word_1_321' title='bbox 728 4259 799 4320; x_wconf 86' lang='grc' dir='ltr'>εἰς</span> <span class='ocrx_word' id='word_1_322' title='bbox 837 4263 930 4318; x_wconf 78' lang='grc' dir='ltr'>τὴν</span> <span class='ocrx_word' id='word_1_323' title='bbox 963 4257 1255 4332; x_wconf 88' lang='grc' dir='ltr'>βασιλείαν,</span> <span class='ocrx_word' id='word_1_324' title='bbox 1289 4266 1378 4312; x_wconf 84' lang='grc' dir='ltr'>καὶ</span> <span class='ocrx_word' id='word_1_325' title='bbox 1429 4269 1538 4322; x_wconf 89' lang='grc' dir='ltr'>τοῖς</span> <span class='ocrx_word' id='word_1_326' title='bbox 1567 4260 1656 4314; x_wconf 79' lang='grc' dir='ltr'><strong>ἀπ’</strong></span> <span class='ocrx_word' id='word_1_327' title='bbox 1690 4262 1848 4316; x_wconf 84' lang='grc' dir='ltr'>αύτοῡ</span> 
     </span>
    </p>
   </div>
   <div class='ocr_carea' id='block_1_51' title="bbox 244 4345 1848 4424">
    <p class='ocr_par' dir='ltr' id='par_1_51' title="bbox 244 4345 1848 4424">
     <span class='ocr_line' id='line_1_51' title="bbox 244 4345 1848 4424; baseline 0.004 -27"><span class='ocrx_word' id='word_1_328' title='bbox 244 4349 617 4418; x_wconf 74' lang='grc' dir='ltr'>καταγομένοις</span> <span class='ocrx_word' id='word_1_329' title='bbox 682 4350 738 4399; x_wconf 92' lang='grc' dir='ltr'><strong>τὸ</strong></span> <span class='ocrx_word' id='word_1_330' title='bbox 801 4345 1096 4420; x_wconf 84' lang='grc' dir='ltr'>βασιλεύειν</span> <span class='ocrx_word' id='word_1_331' title='bbox 1169 4347 1568 4423; x_wconf 85' lang='grc' dir='ltr'>ἀποκληρώσας,</span> <span class='ocrx_word' id='word_1_332' title='bbox 1628 4351 1848 4424; x_wconf 84' lang='grc' dir='ltr'>ὀνομασ-</span> 
     </span>
    </p>
   </div>
   <div class='ocr_carea' id='block_1_52' title="bbox 246 4435 1844 4511">
    <p class='ocr_par' dir='ltr' id='par_1_52' title="bbox 246 4435 1844 4511">
     <span class='ocr_line' id='line_1_52' title="bbox 246 4435 1844 4511; baseline 0.004 -26"><span class='ocrx_word' id='word_1_333' title='bbox 246 4438 344 4492; x_wconf 86' lang='grc' dir='ltr'><strong>τήν</strong></span> <span class='ocrx_word' id='word_1_334' title='bbox 380 4436 511 4507; x_wconf 80' lang='grc' dir='ltr'>ἄγαν</span> <span class='ocrx_word' id='word_1_335' title='bbox 541 4439 633 4494; x_wconf 78' lang='grc' dir='ltr'><strong>τήν</strong></span> <span class='ocrx_word' id='word_1_336' title='bbox 667 4435 828 4508; x_wconf 83' lang='grc' dir='ltr'>φυλήν</span> <span class='ocrx_word' id='word_1_337' title='bbox 859 4440 1076 4503; x_wconf 88' lang='grc' dir='ltr'>ταύτην,</span> <span class='ocrx_word' id='word_1_338' title='bbox 1111 4439 1180 4498; x_wconf 85' lang='grc' dir='ltr'>ὡς</span> <span class='ocrx_word' id='word_1_339' title='bbox 1205 4446 1294 4490; x_wconf 77' lang='grc' dir='ltr'>τοῦ</span> <span class='ocrx_word' id='word_1_340' title='bbox 1324 4437 1508 4490; x_wconf 82' lang='grc' dir='ltr'>λοιποῦ</span> <span class='ocrx_word' id='word_1_341' title='bbox 1539 4438 1844 4511; x_wconf 79' lang='grc' dir='ltr'>βασιλικήν,</span> 
     </span>
    </p>
   </div>
   <div class='ocr_carea' id='block_1_53' title="bbox 247 4523 1847 4601">
    <p class='ocr_par' dir='ltr' id='par_1_53' title="bbox 247 4523 1847 4601">
     <span class='ocr_line' id='line_1_53' title="bbox 247 4523 1847 4601; baseline 0.004 -27"><span class='ocrx_word' id='word_1_342' title='bbox 247 4523 511 4592; x_wconf 70' lang='grc' dir='ltr'>ἐποίησεν,</span> <span class='ocrx_word' id='word_1_343' title='bbox 584 4525 715 4577; x_wconf 81' lang='grc' dir='ltr'>ὥστε</span> <span class='ocrx_word' id='word_1_344' title='bbox 791 4530 879 4577; x_wconf 82' lang='grc' dir='ltr'>καὶ</span> <span class='ocrx_word' id='word_1_345' title='bbox 937 4529 1059 4586; x_wconf 80' lang='grc' dir='ltr'>τοὺς</span> <span class='ocrx_word' id='word_1_346' title='bbox 1133 4525 1188 4577; x_wconf 83' lang='grc' dir='ltr'>ἐκ</span> <span class='ocrx_word' id='word_1_347' title='bbox 1259 4535 1356 4577; x_wconf 86' lang='grc' dir='ltr'><strong>τῶν</strong></span> <span class='ocrx_word' id='word_1_348' title='bbox 1437 4527 1600 4578; x_wconf 78' lang='grc' dir='ltr'>ἄλλων</span> <span class='ocrx_word' id='word_1_349' title='bbox 1680 4529 1847 4601; x_wconf 85' lang='grc' dir='ltr'>φυλῶν</span> 
     </span>
    </p>
   </div>
   <div class='ocr_carea' id='block_1_54' title="bbox 248 4612 736 4687">
    <p class='ocr_par' dir='ltr' id='par_1_54' title="bbox 248 4612 736 4687">
     <span class='ocr_line' id='line_1_54' title="bbox 248 4612 736 4687; baseline 0.006 -25"><span class='ocrx_word' id='word_1_350' title='bbox 248 4615 430 4684; x_wconf 85' lang='grc' dir='ltr'>χρόνῳ</span> <span class='ocrx_word' id='word_1_351' title='bbox 521 4612 548 4663; x_wconf 73' lang='grc' dir='ltr'><strong><em>ὗ</em></strong></span> <span class='ocrx_word' id='word_1_352' title='bbox 558 4631 736 4687; x_wconf 87' lang='grc' dir='ltr'>στερον</span> 
     </span>
    </p>
   </div>
   <div class='ocr_carea' id='block_1_55' title="bbox 247 4699 514 4771">
    <p class='ocr_par' dir='ltr' id='par_1_55' title="bbox 247 4699 514 4771">
     <span class='ocr_line' id='line_1_55' title="bbox 247 4699 514 4771; baseline -0.007 -18"><span class='ocrx_word' id='word_1_353' title='bbox 247 4699 514 4771; x_wconf 81' lang='grc' dir='ltr'>λέγεσθαι.</span> 
     </span>
    </p>
   </div>
   <div class='ocr_carea' id='block_1_56' title="bbox 323 4789 1848 4871">
    <p class='ocr_par' dir='ltr' id='par_1_56' title="bbox 323 4789 1848 4871">
     <span class='ocr_line' id='line_1_56' title="bbox 323 4789 1848 4871; baseline 0.007 -31"><span class='ocrx_word' id='word_1_354' title='bbox 323 4790 526 4841; x_wconf 87' lang='grc' dir='ltr'>Τούτων</span> <span class='ocrx_word' id='word_1_355' title='bbox 567 4789 731 4854; x_wconf 72' lang='grc' dir='ltr'>οὕτως</span> <span class='ocrx_word' id='word_1_356' title='bbox 764 4790 1160 4867; x_wconf 78' lang='grc' dir='ltr'>εύκρινηθέντων</span> <span class='ocrx_word' id='word_1_357' title='bbox 1209 4791 1345 4866; x_wconf 80' lang='grc'>(74),</span> <span class='ocrx_word' id='word_1_358' title='bbox 1400 4791 1556 4846; x_wconf 82' lang='grc' dir='ltr'>εἰπεῖν</span> <span class='ocrx_word' id='word_1_359' title='bbox 1603 4800 1713 4871; x_wconf 83' lang='grc' dir='ltr'>χρὴ</span> <span class='ocrx_word' id='word_1_360' title='bbox 1762 4801 1848 4850; x_wconf 78' lang='grc' dir='ltr'>καὶ</span> 
     </span>
    </p>
   </div>
   <div class='ocr_carea' id='block_1_57' title="bbox 322 4914 1140 4983">
    <p class='ocr_par' dir='ltr' id='par_1_57' title="bbox 322 4914 1140 4983">
     <span class='ocr_line' id='line_1_57' title="bbox 322 4914 1140 4983; baseline 0 -12"><span class='ocrx_word' id='word_1_361' title='bbox 322 4914 370 4950; x_wconf 83' lang='grc'><strong>⁴⁹</strong></span> <span class='ocrx_word' id='word_1_362' title='bbox 400 4915 576 4973; x_wconf 83' lang='lat' dir='ltr'><strong>Marc.</strong></span> <span class='ocrx_word' id='word_1_363' title='bbox 614 4931 654 4983; x_wconf 86' lang='lat'><strong>1,</strong></span> <span class='ocrx_word' id='word_1_364' title='bbox 686 4917 742 4971; x_wconf 79' lang='lat'><strong>5.</strong></span> <span class='ocrx_word' id='word_1_365' title='bbox 817 4917 866 4952; x_wconf 82' lang='grc' dir='ltr'><strong>⁵ο</strong></span> <span class='ocrx_word' id='word_1_366' title='bbox 897 4915 1044 4974; x_wconf 87' lang='lat' dir='ltr'><strong>Ibid.</strong></span> <span class='ocrx_word' id='word_1_367' title='bbox 1086 4919 1140 4972; x_wconf 74' lang='grc'>4.</span> 
     </span>
    </p>
   </div>
   <div class='ocr_carea' id='block_1_58' title="bbox 1958 634 2808 706">
    <p class='ocr_par' dir='ltr' id='par_1_58' title="bbox 1958 634 2808 706">
     <span class='ocr_line' id='line_1_58' title="bbox 1958 634 2808 706; baseline -0.001 -16"><span class='ocrx_word' id='word_1_368' title='bbox 1958 635 2176 690; x_wconf 78' lang='lat' dir='ltr'><strong>mortui</strong></span> <span class='ocrx_word' id='word_1_369' title='bbox 2209 634 2487 690; x_wconf 84' lang='lat' dir='ltr'><strong>animalis</strong></span> <span class='ocrx_word' id='word_1_370' title='bbox 2524 650 2662 706; x_wconf 89' lang='lat' dir='ltr'><strong>pars</strong></span> <span class='ocrx_word' id='word_1_371' title='bbox 2701 638 2808 690; x_wconf 89' lang='lat' dir='ltr'><strong>est.</strong></span> 
     </span>
    </p>
   </div>
   <div class='ocr_carea' id='block_1_59' title="bbox 2031 720 3609 777">
    <p class='ocr_par' dir='ltr' id='par_1_59' title="bbox 2031 720 3609 777">
     <span class='ocr_line' id='line_1_59' title="bbox 2031 720 3609 777; baseline -0.001 0"><span class='ocrx_word' id='word_1_372' title='bbox 2031 725 2188 777; x_wconf 85' lang='lat' dir='ltr'><strong>Vers.</strong></span> <span class='ocrx_word' id='word_1_373' title='bbox 2221 728 2268 777; x_wconf 86' lang='lat'><strong>5.</strong></span> <span class='ocrx_word' id='word_1_374' title='bbox 2312 723 2464 776; x_wconf 84' lang='lat' dir='ltr'><strong>Tunc</strong></span> <span class='ocrx_word' id='word_1_375' title='bbox 2494 752 2561 761; x_wconf 87' lang='lat'><strong><em>——</em></strong></span> <span class='ocrx_word' id='word_1_376' title='bbox 2593 721 2752 777; x_wconf 90' lang='lat' dir='ltr'><strong>Vers.</strong></span> <span class='ocrx_word' id='word_1_377' title='bbox 2795 725 2845 777; x_wconf 91' lang='lat'><strong>6.</strong></span> <span class='ocrx_word' id='word_1_378' title='bbox 2881 722 3123 777; x_wconf 84' lang='lat' dir='ltr'><strong>Peccata</strong></span> <span class='ocrx_word' id='word_1_379' title='bbox 3170 736 3298 777; x_wconf 86' lang='lat' dir='ltr'><strong>sua.</strong></span> <span class='ocrx_word' id='word_1_380' title='bbox 3349 720 3609 776; x_wconf 86' lang='lat' dir='ltr'><strong>Primum</strong></span> 
     </span>
    </p>
   </div>
   <div class='ocr_carea' id='block_1_60' title="bbox 1958 809 3606 882">
    <p class='ocr_par' dir='ltr' id='par_1_60' title="bbox 1958 809 3606 882">
     <span class='ocr_line' id='line_1_60' title="bbox 1958 809 3606 882; baseline -0.001 -18"><span class='ocrx_word' id='word_1_381' title='bbox 1958 810 2204 881; x_wconf 89' lang='lat' dir='ltr'><strong>quidem</strong></span> <span class='ocrx_word' id='word_1_382' title='bbox 2231 810 2580 882; x_wconf 87' lang='lat' dir='ltr'><strong>baptizantis</strong></span> <span class='ocrx_word' id='word_1_383' title='bbox 2601 810 2805 881; x_wconf 93' lang='lat' dir='ltr'><strong>opinio</strong></span> <span class='ocrx_word' id='word_1_384' title='bbox 2831 826 2999 881; x_wconf 85' lang='lat' dir='ltr'><strong>spem</strong></span> <span class='ocrx_word' id='word_1_385' title='bbox 3022 809 3304 864; x_wconf 90' lang='lat' dir='ltr'><strong>omnibus</strong></span> <span class='ocrx_word' id='word_1_386' title='bbox 3333 809 3606 880; x_wconf 78' lang='lat' dir='ltr'><strong>erigebat.</strong></span> 
     </span>
    </p>
   </div>
   <div class='ocr_carea' id='block_1_61' title="bbox 1961 897 3610 969">
    <p class='ocr_par' dir='ltr' id='par_1_61' title="bbox 1961 897 3610 969">
     <span class='ocr_line' id='line_1_61' title="bbox 1961 897 3610 969; baseline -0.001 -15"><span class='ocrx_word' id='word_1_387' title='bbox 1961 899 2096 954; x_wconf 82' lang='lat' dir='ltr'><strong>Erat</strong></span> <span class='ocrx_word' id='word_1_388' title='bbox 2135 901 2293 954; x_wconf 90' lang='lat' dir='ltr'><strong>enim</strong></span> <span class='ocrx_word' id='word_1_389' title='bbox 2331 898 2618 969; x_wconf 85' lang='lat' dir='ltr'><strong>pontiﬁcis</strong></span> <span class='ocrx_word' id='word_1_390' title='bbox 2671 898 2848 962; x_wconf 81' lang='lat' dir='ltr'><strong>filius,</strong></span> <span class='ocrx_word' id='word_1_391' title='bbox 2882 904 2938 952; x_wconf 93' lang='lat' dir='ltr'><strong>et</strong></span> <span class='ocrx_word' id='word_1_392' title='bbox 2991 913 3150 952; x_wconf 92' lang='lat' dir='ltr'><strong>nunc</strong></span> <span class='ocrx_word' id='word_1_393' title='bbox 3203 898 3465 969; x_wconf 91' lang='lat' dir='ltr'><strong>primum</strong></span> <span class='ocrx_word' id='word_1_394' title='bbox 3532 897 3610 952; x_wconf 88' lang='lat' dir='ltr'><strong>ab</strong></span> 
     </span>
    </p>
   </div>
   <div class='ocr_carea' id='block_1_62' title="bbox 1959 987 3609 1052">
    <p class='ocr_par' dir='ltr' id='par_1_62' title="bbox 1959 987 3609 1052">
     <span class='ocr_line' id='line_1_62' title="bbox 1959 987 3609 1052; baseline -0.002 -8"><span class='ocrx_word' id='word_1_395' title='bbox 1959 1004 2160 1044; x_wconf 88' lang='lat' dir='ltr'><strong>eremo</strong></span> <span class='ocrx_word' id='word_1_396' title='bbox 2189 987 2598 1049; x_wconf 84' lang='lat' dir='ltr'><strong>descenderat,</strong></span> <span class='ocrx_word' id='word_1_397' title='bbox 2633 987 2832 1042; x_wconf 90' lang='lat' dir='ltr'><strong>multis</strong></span> <span class='ocrx_word' id='word_1_398' title='bbox 2857 991 3103 1041; x_wconf 87' lang='lat' dir='ltr'><strong>ornatus</strong></span> <span class='ocrx_word' id='word_1_399' title='bbox 3135 987 3465 1052; x_wconf 77' lang='lat' dir='ltr'><strong>virtutibus,</strong></span> <span class='ocrx_word' id='word_1_400' title='bbox 3517 1002 3609 1041; x_wconf 92' lang='lat' dir='ltr'><strong>so-</strong></span> 
     </span>
    </p>
   </div>
   <div class='ocr_carea' id='block_1_63' title="bbox 1959 1075 3612 1148">
    <p class='ocr_par' dir='ltr' id='par_1_63' title="bbox 1959 1075 3612 1148">
     <span class='ocr_line' id='line_1_63' title="bbox 1959 1075 3612 1148; baseline -0.002 -16"><span class='ocrx_word' id='word_1_401' title='bbox 1959 1076 2137 1148; x_wconf 90' lang='lat' dir='ltr'><strong>loque</strong></span> <span class='ocrx_word' id='word_1_402' title='bbox 2169 1075 2295 1131; x_wconf 85' lang='lat' dir='ltr'><strong>visu</strong></span> <span class='ocrx_word' id='word_1_403' title='bbox 2327 1091 2448 1131; x_wconf 92' lang='lat' dir='ltr'><strong>non</strong></span> <span class='ocrx_word' id='word_1_404' title='bbox 2479 1092 2694 1147; x_wconf 86' lang='lat' dir='ltr'><strong>parum</strong></span> <span class='ocrx_word' id='word_1_405' title='bbox 2737 1075 3040 1131; x_wconf 80' lang='lat' dir='ltr'><strong>avertebat</strong></span> <span class='ocrx_word' id='word_1_406' title='bbox 3074 1080 3297 1129; x_wconf 89' lang='lat' dir='ltr'><strong>metum</strong></span> <span class='ocrx_word' id='word_1_407' title='bbox 3359 1075 3445 1144; x_wconf 80' lang='grc' dir='ltr'>(ί).</span> <span class='ocrx_word' id='word_1_408' title='bbox 3509 1076 3612 1129; x_wconf 90' lang='lat' dir='ltr'><strong>De-</strong></span> 
     </span>
    </p>
   </div>
   <div class='ocr_carea' id='block_1_64' title="bbox 1958 1163 3611 1236">
    <p class='ocr_par' dir='ltr' id='par_1_64' title="bbox 1958 1163 3611 1236">
     <span class='ocr_line' id='line_1_64' title="bbox 1958 1163 3611 1236; baseline -0.002 -15"><span class='ocrx_word' id='word_1_409' title='bbox 1958 1165 2092 1221; x_wconf 87' lang='lat' dir='ltr'><strong>inde</strong></span> <span class='ocrx_word' id='word_1_410' title='bbox 2114 1169 2312 1220; x_wconf 89' lang='lat' dir='ltr'><strong>autem</strong></span> <span class='ocrx_word' id='word_1_411' title='bbox 2337 1180 2485 1220; x_wconf 85' lang='lat' dir='ltr'><strong>nova</strong></span> <span class='ocrx_word' id='word_1_412' title='bbox 2515 1163 2954 1236; x_wconf 67' lang='lat' dir='ltr'><strong>praedicationis</strong></span> <span class='ocrx_word' id='word_1_413' title='bbox 2981 1164 3333 1235; x_wconf 82' lang='lat' dir='ltr'><strong>apparentia</strong></span> <span class='ocrx_word' id='word_1_414' title='bbox 3359 1179 3611 1232; x_wconf 79' lang='lat' dir='ltr'><strong>regnum</strong></span> 
     </span>
    </p>
   </div>
   <div class='ocr_carea' id='block_1_65' title="bbox 1961 1252 3610 1324">
    <p class='ocr_par' dir='ltr' id='par_1_65' title="bbox 1961 1252 3610 1324">
     <span class='ocr_line' id='line_1_65' title="bbox 1961 1252 3610 1324; baseline -0.002 -15"><span class='ocrx_word' id='word_1_415' title='bbox 1961 1253 2245 1310; x_wconf 67' lang='lat' dir='ltr'><strong>caelorum</strong></span> <span class='ocrx_word' id='word_1_416' title='bbox 2313 1253 2711 1309; x_wconf 88' lang='lat' dir='ltr'><strong>annuntiabat</strong></span> <span class='ocrx_word' id='word_1_417' title='bbox 2740 1270 2750 1308; x_wconf 93' lang='lat'>:</span> <span class='ocrx_word' id='word_1_418' title='bbox 2795 1254 2868 1308; x_wconf 89' lang='lat' dir='ltr'><strong>de</strong></span> <span class='ocrx_word' id='word_1_419' title='bbox 2898 1269 3020 1324; x_wconf 90' lang='lat' dir='ltr'><strong>quo</strong></span> <span class='ocrx_word' id='word_1_420' title='bbox 3047 1258 3187 1308; x_wconf 92' lang='lat' dir='ltr'><strong>tunc</strong></span> <span class='ocrx_word' id='word_1_421' title='bbox 3220 1252 3481 1324; x_wconf 90' lang='lat' dir='ltr'><strong>primum</strong></span> <span class='ocrx_word' id='word_1_422' title='bbox 3509 1268 3610 1307; x_wconf 86' lang='lat' dir='ltr'><strong>au-</strong></span> 
     </span>
    </p>
   </div>
   <div class='ocr_carea' id='block_1_66' title="bbox 1959 1340 3611 1415">
    <p class='ocr_par' dir='ltr' id='par_1_66' title="bbox 1959 1340 3611 1415">
     <span class='ocr_line' id='line_1_66' title="bbox 1959 1340 3611 1415; baseline -0.001 -17"><span class='ocrx_word' id='word_1_423' title='bbox 1959 1343 2223 1398; x_wconf 90' lang='lat' dir='ltr'><strong>diebant.</strong></span> <span class='ocrx_word' id='word_1_424' title='bbox 2267 1341 2456 1398; x_wconf 88' lang='lat' dir='ltr'><strong>Tertio</strong></span> <span class='ocrx_word' id='word_1_425' title='bbox 2494 1358 2658 1413; x_wconf 80' lang='lat' dir='ltr'><strong>vero,</strong></span> <span class='ocrx_word' id='word_1_426' title='bbox 2704 1342 2866 1415; x_wconf 89' lang='lat' dir='ltr'><strong>quod</strong></span> <span class='ocrx_word' id='word_1_427' title='bbox 2906 1342 3084 1397; x_wconf 89' lang='lat' dir='ltr'><strong>etiam</strong></span> <span class='ocrx_word' id='word_1_428' title='bbox 3117 1341 3310 1411; x_wconf 85' lang='lat' dir='ltr'><strong>magis</strong></span> <span class='ocrx_word' id='word_1_429' title='bbox 3338 1340 3611 1412; x_wconf 82' lang='lat' dir='ltr'><strong>urgebat,</strong></span> 
     </span>
    </p>
   </div>
   <div class='ocr_carea' id='block_1_67' title="bbox 1957 1430 3613 1504">
    <p class='ocr_par' dir='ltr' id='par_1_67' title="bbox 1957 1430 3613 1504">
     <span class='ocr_line' id='line_1_67' title="bbox 1957 1430 3613 1504; baseline 0 -18"><span class='ocrx_word' id='word_1_430' title='bbox 1957 1431 2263 1504; x_wconf 70' lang='lat' dir='ltr'><strong>prophetae</strong></span> <span class='ocrx_word' id='word_1_431' title='bbox 2299 1431 2460 1487; x_wconf 73' lang='lat' dir='ltr'><strong>Isaia:</strong></span> <span class='ocrx_word' id='word_1_432' title='bbox 2489 1431 2717 1487; x_wconf 92' lang='lat' dir='ltr'><strong>dictum</strong></span> <span class='ocrx_word' id='word_1_433' title='bbox 2771 1430 2952 1487; x_wconf 90' lang='lat' dir='ltr'><strong>illud:</strong></span> <span class='ocrx_word' id='word_1_434' title='bbox 3009 1431 3132 1488; x_wconf 78' lang='lat' dir='ltr'><strong>Vox</strong></span> <span class='ocrx_word' id='word_1_435' title='bbox 3184 1431 3498 1487; x_wconf 80' lang='lat' dir='ltr'><strong>clamantis</strong></span> <span class='ocrx_word' id='word_1_436' title='bbox 3551 1431 3613 1486; x_wconf 83' lang='lat' dir='ltr'><strong>in</strong></span> 
     </span>
    </p>
   </div>
   <div class='ocr_carea' id='block_1_68' title="bbox 1958 1519 2847 1591">
    <p class='ocr_par' dir='ltr' id='par_1_68' title="bbox 1958 1519 2847 1591">
     <span class='ocr_line' id='line_1_68' title="bbox 1958 1519 2847 1591; baseline -0.003 -16"><span class='ocrx_word' id='word_1_437' title='bbox 1958 1521 2204 1583; x_wconf 81' lang='lat' dir='ltr'><strong>deserto,</strong></span> <span class='ocrx_word' id='word_1_438' title='bbox 2234 1519 2308 1575; x_wconf 92' lang='lat' dir='ltr'><strong>de</strong></span> <span class='ocrx_word' id='word_1_439' title='bbox 2339 1519 2439 1575; x_wconf 91' lang='lat' dir='ltr'><strong>illo</strong></span> <span class='ocrx_word' id='word_1_440' title='bbox 2471 1520 2847 1591; x_wconf 65' lang='lat' dir='ltr'><strong>praedixerat.</strong></span> 
     </span>
    </p>
   </div>
   <div class='ocr_carea' id='block_1_69' title="bbox 2032 1607 3614 1680">
    <p class='ocr_par' dir='ltr' id='par_1_69' title="bbox 2032 1607 3614 1680">
     <span class='ocr_line' id='line_1_69' title="bbox 2032 1607 3614 1680; baseline -0.001 -17"><span class='ocrx_word' id='word_1_441' title='bbox 2032 1610 2097 1663; x_wconf 86' lang='lat' dir='ltr'><strong>Et</strong></span> <span class='ocrx_word' id='word_1_442' title='bbox 2133 1608 2444 1680; x_wconf 91' lang='lat' dir='ltr'><strong>quomodo</strong></span> <span class='ocrx_word' id='word_1_443' title='bbox 2500 1607 2701 1664; x_wconf 91' lang='lat' dir='ltr'><strong>nullus</strong></span> <span class='ocrx_word' id='word_1_444' title='bbox 2754 1607 3123 1678; x_wconf 85' lang='lat' dir='ltr'><strong>Evangelista</strong></span> <span class='ocrx_word' id='word_1_445' title='bbox 3166 1607 3391 1676; x_wconf 87' lang='lat' dir='ltr'><strong>scribit,</strong></span> <span class='ocrx_word' id='word_1_446' title='bbox 3447 1607 3614 1676; x_wconf 89' lang='lat' dir='ltr'><strong>quod</strong></span> 
     </span>
    </p>
   </div>
   <div class='ocr_carea' id='block_1_70' title="bbox 1956 1695 3613 1765">
    <p class='ocr_par' dir='ltr' id='par_1_70' title="bbox 1956 1695 3613 1765">
     <span class='ocr_line' id='line_1_70' title="bbox 1956 1695 3613 1765; baseline 0 -16"><span class='ocrx_word' id='word_1_447' title='bbox 1956 1696 2216 1752; x_wconf 85' lang='lat' dir='ltr'><strong>Joannes</strong></span> <span class='ocrx_word' id='word_1_448' title='bbox 2247 1695 2436 1751; x_wconf 85' lang='lat' dir='ltr'><strong>turbis</strong></span> <span class='ocrx_word' id='word_1_449' title='bbox 2460 1695 2803 1756; x_wconf 87' lang='lat' dir='ltr'><strong>clamaverit</strong></span> <span class='ocrx_word' id='word_1_450' title='bbox 2831 1713 2846 1750; x_wconf 95' lang='lat'><strong>:</strong></span> <span class='ocrx_word' id='word_1_451' title='bbox 2880 1696 3098 1752; x_wconf 85' lang='lat' dir='ltr'><strong>Parate</strong></span> <span class='ocrx_word' id='word_1_452' title='bbox 3150 1698 3305 1752; x_wconf 80' lang='lat' dir='ltr'><strong>vium</strong></span> <span class='ocrx_word' id='word_1_453' title='bbox 3353 1697 3613 1765; x_wconf 77' lang='lat' dir='ltr'><strong>Domini,</strong></span> 
     </span>
    </p>
   </div>
   <div class='ocr_carea' id='block_1_71' title="bbox 1959 1784 3612 1856">
    <p class='ocr_par' dir='ltr' id='par_1_71' title="bbox 1959 1784 3612 1856">
     <span class='ocr_line' id='line_1_71' title="bbox 1959 1784 3612 1856; baseline 0.001 -17"><span class='ocrx_word' id='word_1_454' title='bbox 1959 1784 2111 1840; x_wconf 92' lang='lat' dir='ltr'><strong>sicut</strong></span> <span class='ocrx_word' id='word_1_455' title='bbox 2166 1785 2236 1839; x_wconf 91' lang='lat' dir='ltr'><strong>de</strong></span> <span class='ocrx_word' id='word_1_456' title='bbox 2292 1784 2388 1840; x_wconf 91' lang='lat' dir='ltr'><strong>illo</strong></span> <span class='ocrx_word' id='word_1_457' title='bbox 2467 1785 2752 1856; x_wconf 86' lang='lat' dir='ltr'><strong>prOpheta</strong></span> <span class='ocrx_word' id='word_1_458' title='bbox 2809 1784 2891 1840; x_wconf 92' lang='lat' dir='ltr'><strong>ait</strong></span> <span class='ocrx_word' id='word_1_459' title='bbox 2941 1785 2968 1838; x_wconf 87' lang='lat'><strong>?</strong></span> <span class='ocrx_word' id='word_1_460' title='bbox 3025 1784 3316 1840; x_wconf 78' lang='lat' dir='ltr'><strong>Manifesta</strong></span> <span class='ocrx_word' id='word_1_461' title='bbox 3370 1785 3612 1856; x_wconf 89' lang='lat' dir='ltr'><strong>quidem</strong></span> 
     </span>
    </p>
   </div>
   <div class='ocr_carea' id='block_1_72' title="bbox 1958 1872 3614 1929">
    <p class='ocr_par' dir='ltr' id='par_1_72' title="bbox 1958 1872 3614 1929">
     <span class='ocr_line' id='line_1_72' title="bbox 1958 1872 3614 1929; baseline 0.001 -2"><span class='ocrx_word' id='word_1_462' title='bbox 1958 1872 2159 1927; x_wconf 93' lang='lat' dir='ltr'><strong>nullus</strong></span> <span class='ocrx_word' id='word_1_463' title='bbox 2181 1872 2402 1928; x_wconf 90' lang='lat' dir='ltr'><strong>scribit.</strong></span> <span class='ocrx_word' id='word_1_464' title='bbox 2438 1872 2761 1929; x_wconf 88' lang='lat' dir='ltr'><strong>Verisimile</strong></span> <span class='ocrx_word' id='word_1_465' title='bbox 2789 1878 2876 1929; x_wconf 92' lang='lat' dir='ltr'><strong>est</strong></span> <span class='ocrx_word' id='word_1_466' title='bbox 2907 1877 3104 1928; x_wconf 86' lang='lat' dir='ltr'><strong>tamen</strong></span> <span class='ocrx_word' id='word_1_467' title='bbox 3135 1879 3190 1928; x_wconf 92' lang='lat' dir='ltr'><strong>et</strong></span> <span class='ocrx_word' id='word_1_468' title='bbox 3242 1874 3354 1929; x_wconf 87' lang='lat' dir='ltr'><strong>hoc</strong></span> <span class='ocrx_word' id='word_1_469' title='bbox 3394 1874 3614 1929; x_wconf 83' lang='lat' dir='ltr'><strong>clama-</strong></span> 
     </span>
    </p>
   </div>
   <div class='ocr_carea' id='block_1_73' title="bbox 1958 1961 3614 2035">
    <p class='ocr_par' dir='ltr' id='par_1_73' title="bbox 1958 1961 3614 2035">
     <span class='ocr_line' id='line_1_73' title="bbox 1958 1961 3614 2035; baseline -0.001 -18"><span class='ocrx_word' id='word_1_470' title='bbox 1958 1961 2141 2026; x_wconf 89' lang='lat' dir='ltr'><strong>visse,</strong></span> <span class='ocrx_word' id='word_1_471' title='bbox 2173 1977 2527 2034; x_wconf 86' lang='lat' dir='ltr'><strong>quanquam</strong></span> <span class='ocrx_word' id='word_1_472' title='bbox 2557 1962 2845 2034; x_wconf 89' lang='lat' dir='ltr'><strong>scriptum</strong></span> <span class='ocrx_word' id='word_1_473' title='bbox 2886 1978 3004 2018; x_wconf 93' lang='lat' dir='ltr'><strong>non</strong></span> <span class='ocrx_word' id='word_1_474' title='bbox 3040 1963 3130 2024; x_wconf 90' lang='lat' dir='ltr'><strong>sit,</strong></span> <span class='ocrx_word' id='word_1_475' title='bbox 3165 1968 3369 2034; x_wconf 92' lang='lat' dir='ltr'><strong>utpote</strong></span> <span class='ocrx_word' id='word_1_476' title='bbox 3399 1979 3506 2035; x_wconf 88' lang='lat' dir='ltr'><strong>per</strong></span> <span class='ocrx_word' id='word_1_477' title='bbox 3554 1978 3614 2017; x_wconf 92' lang='lat' dir='ltr'><strong>se</strong></span> 
     </span>
    </p>
   </div>
   <div class='ocr_carea' id='block_1_74' title="bbox 1958 2049 3616 2121">
    <p class='ocr_par' dir='ltr' id='par_1_74' title="bbox 1958 2049 3616 2121">
     <span class='ocr_line' id='line_1_74' title="bbox 1958 2049 3616 2121; baseline 0.001 -16"><span class='ocrx_word' id='word_1_478' title='bbox 1958 2049 2340 2105; x_wconf 89' lang='lat' dir='ltr'><strong>intellectum.</strong></span> <span class='ocrx_word' id='word_1_479' title='bbox 2367 2050 2795 2106; x_wconf 89' lang='lat' dir='ltr'><strong>Verumtamen</strong></span> <span class='ocrx_word' id='word_1_480' title='bbox 2845 2051 3025 2108; x_wconf 87' lang='lat' dir='ltr'><strong>etiam</strong></span> <span class='ocrx_word' id='word_1_481' title='bbox 3066 2051 3208 2107; x_wconf 90' lang='lat' dir='ltr'><strong>illud</strong></span> <span class='ocrx_word' id='word_1_482' title='bbox 3240 2068 3250 2106; x_wconf 93' lang='lat'><strong>:</strong></span> <span class='ocrx_word' id='word_1_483' title='bbox 3283 2051 3616 2121; x_wconf 69' lang='lat' dir='ltr'><strong>Resipisca‘te</strong></span> 
     </span>
    </p>
   </div>
   <div class='ocr_carea' id='block_1_75' title="bbox 1959 2139 3614 2210">
    <p class='ocr_par' dir='ltr' id='par_1_75' title="bbox 1959 2139 3614 2210">
     <span class='ocr_line' id='line_1_75' title="bbox 1959 2139 3614 2210; baseline 0.001 -17"><span class='ocrx_word' id='word_1_484' title='bbox 1959 2139 2199 2208; x_wconf 81' lang='lat' dir='ltr'><strong>etfacite</strong></span> <span class='ocrx_word' id='word_1_485' title='bbox 2208 2140 2438 2208; x_wconf 81' lang='lat' dir='ltr'><strong>fructus</strong></span> <span class='ocrx_word' id='word_1_486' title='bbox 2452 2140 3029 2210; x_wconf 72' lang='lat' dir='ltr'><strong>dignospwnitentice</strong></span> <span class='ocrx_word' id='word_1_487' title='bbox 3053 2141 3425 2197; x_wconf 90' lang='lat' dir='ltr'><strong>tantumdem</strong></span> <span class='ocrx_word' id='word_1_488' title='bbox 3443 2140 3614 2205; x_wconf 88' lang='lat' dir='ltr'><strong>valet,</strong></span> 
     </span>
    </p>
   </div>
   <div class='ocr_carea' id='block_1_76' title="bbox 1960 2229 3616 2301">
    <p class='ocr_par' dir='ltr' id='par_1_76' title="bbox 1960 2229 3616 2301">
     <span class='ocr_line' id='line_1_76' title="bbox 1960 2229 3616 2301; baseline 0.003 -20"><span class='ocrx_word' id='word_1_489' title='bbox 1960 2234 2251 2299; x_wconf 91' lang='lat' dir='ltr'><strong>quantum</strong></span> <span class='ocrx_word' id='word_1_490' title='bbox 2282 2243 2293 2280; x_wconf 90' lang='lat'><strong>:</strong></span> <span class='ocrx_word' id='word_1_491' title='bbox 2319 2229 2542 2283; x_wconf 86' lang='lat' dir='ltr'><strong>Parate</strong></span> <span class='ocrx_word' id='word_1_492' title='bbox 2571 2229 2719 2283; x_wconf 80' lang='lat' dir='ltr'><strong>viam</strong></span> <span class='ocrx_word' id='word_1_493' title='bbox 2753 2231 3015 2285; x_wconf 75' lang='lat' dir='ltr'><strong>Dommi.</strong></span> <span class='ocrx_word' id='word_1_494' title='bbox 3063 2232 3159 2284; x_wconf 85' lang='lat' dir='ltr'><strong>Est</strong></span> <span class='ocrx_word' id='word_1_495' title='bbox 3197 2230 3356 2284; x_wconf 90' lang='lat' dir='ltr'><strong>enim</strong></span> <span class='ocrx_word' id='word_1_496' title='bbox 3384 2245 3616 2301; x_wconf 63' lang='lat' dir='ltr'><strong>praepa-</strong></span> 
     </span>
    </p>
   </div>
   <div class='ocr_carea' id='block_1_77' title="bbox 1962 2315 3609 2389">
    <p class='ocr_par' dir='ltr' id='par_1_77' title="bbox 1962 2315 3609 2389">
     <span class='ocr_line' id='line_1_77' title="bbox 1962 2315 3609 2389; baseline -0.001 -17"><span class='ocrx_word' id='word_1_497' title='bbox 1962 2315 2106 2372; x_wconf 87' lang='lat' dir='ltr'><strong>ratio</strong></span> <span class='ocrx_word' id='word_1_498' title='bbox 2174 2331 2243 2372; x_wconf 91' lang='lat' dir='ltr'><strong>ac</strong></span> <span class='ocrx_word' id='word_1_499' title='bbox 2285 2317 2625 2388; x_wconf 90' lang='lat' dir='ltr'><strong>repurgatio</strong></span> <span class='ocrx_word' id='word_1_500' title='bbox 2675 2317 2961 2388; x_wconf 71' lang='lat' dir='ltr'><strong>prmdictm</strong></span> <span class='ocrx_word' id='word_1_501' title='bbox 3039 2317 3148 2374; x_wconf 71' lang='lat' dir='ltr'><strong>vita</strong></span> <span class='ocrx_word' id='word_1_502' title='bbox 3226 2318 3358 2389; x_wconf 89' lang='lat' dir='ltr'><strong>ipsa</strong></span> <span class='ocrx_word' id='word_1_503' title='bbox 3413 2317 3609 2389; x_wconf 88' lang='lat' dir='ltr'><strong>resipi-</strong></span> 
     </span>
    </p>
   </div>
   <div class='ocr_carea' id='block_1_78' title="bbox 1963 2405 3046 2476">
    <p class='ocr_par' dir='ltr' id='par_1_78' title="bbox 1963 2405 3046 2476">
     <span class='ocr_line' id='line_1_78' title="bbox 1963 2405 3046 2476; baseline 0 -16"><span class='ocrx_word' id='word_1_504' title='bbox 1963 2405 2207 2476; x_wconf 85' lang='lat' dir='ltr'><strong>scentia,</strong></span> <span class='ocrx_word' id='word_1_505' title='bbox 2237 2421 2306 2461; x_wconf 89' lang='lat' dir='ltr'><strong>ac</strong></span> <span class='ocrx_word' id='word_1_506' title='bbox 2338 2405 2624 2461; x_wconf 90' lang='lat' dir='ltr'><strong>virtutum</strong></span> <span class='ocrx_word' id='word_1_507' title='bbox 2653 2405 3046 2462; x_wconf 80' lang='lat' dir='ltr'><strong>Iructiﬁcatio.</strong></span> 
     </span>
    </p>
   </div>
   <div class='ocr_carea' id='block_1_79' title="bbox 2035 2581 3612 2658">
    <p class='ocr_par' dir='ltr' id='par_1_79' title="bbox 2035 2581 3612 2658">
     <span class='ocr_line' id='line_1_79' title="bbox 2035 2581 3612 2658; baseline 0.002 -21"><span class='ocrx_word' id='word_1_508' title='bbox 2035 2581 2244 2638; x_wconf 83' lang='lat' dir='ltr'><strong>Exibat</strong></span> <span class='ocrx_word' id='word_1_509' title='bbox 2282 2587 2483 2639; x_wconf 92' lang='lat' dir='ltr'><strong>autem</strong></span> <span class='ocrx_word' id='word_1_510' title='bbox 2541 2583 2619 2639; x_wconf 90' lang='lat' dir='ltr'><strong>ad</strong></span> <span class='ocrx_word' id='word_1_511' title='bbox 2667 2583 2870 2656; x_wconf 88' lang='lat' dir='ltr'><strong>ipsum</strong></span> <span class='ocrx_word' id='word_1_512' title='bbox 2926 2584 3327 2658; x_wconf 84' lang='lat' dir='ltr'><strong>Hierosolyma</strong></span> <span class='ocrx_word' id='word_1_513' title='bbox 3385 2586 3612 2650; x_wconf 84' lang='lat' dir='ltr'><strong>civitas,</strong></span> 
     </span>
    </p>
   </div>
   <div class='ocr_carea' id='block_1_80' title="bbox 1961 2670 3616 2744">
    <p class='ocr_par' dir='ltr' id='par_1_80' title="bbox 1961 2670 3616 2744">
     <span class='ocr_line' id='line_1_80' title="bbox 1961 2670 3616 2744; baseline 0.003 -18"><span class='ocrx_word' id='word_1_514' title='bbox 1961 2670 2083 2726; x_wconf 86' lang='lat' dir='ltr'><strong>sive</strong></span> <span class='ocrx_word' id='word_1_515' title='bbox 2117 2671 2599 2744; x_wconf 72' lang='lat' dir='ltr'><strong>Hierosolymitae,</strong></span> <span class='ocrx_word' id='word_1_516' title='bbox 2629 2673 2709 2729; x_wconf 91' lang='lat' dir='ltr'><strong>ita</strong></span> <span class='ocrx_word' id='word_1_517' title='bbox 2729 2674 2875 2729; x_wconf 90' lang='lat' dir='ltr'><strong>enim</strong></span> <span class='ocrx_word' id='word_1_518' title='bbox 2899 2674 3046 2730; x_wconf 84' lang='lat' dir='ltr'><strong>dixit</strong></span> <span class='ocrx_word' id='word_1_519' title='bbox 3077 2674 3309 2730; x_wconf 86' lang='lat' dir='ltr'><strong>Marcus</strong></span> <span class='ocrx_word' id='word_1_520' title='bbox 3340 2676 3616 2740; x_wconf 77' lang='lat' dir='ltr'><strong>“.Ouam</strong></span> 
     </span>
    </p>
   </div>
   <div class='ocr_carea' id='block_1_81' title="bbox 1961 2759 3620 2836">
    <p class='ocr_par' dir='ltr' id='par_1_81' title="bbox 1961 2759 3620 2836">
     <span class='ocr_line' id='line_1_81' title="bbox 1961 2759 3620 2836; baseline 0.001 -20"><span class='ocrx_word' id='word_1_521' title='bbox 1961 2764 2160 2816; x_wconf 88' lang='lat' dir='ltr'><strong>autem</strong></span> <span class='ocrx_word' id='word_1_522' title='bbox 2189 2759 2464 2816; x_wconf 91' lang='lat' dir='ltr'><strong>habuerit</strong></span> <span class='ocrx_word' id='word_1_523' title='bbox 2495 2763 2769 2817; x_wconf 87' lang='lat' dir='ltr'><strong>virtutem</strong></span> <span class='ocrx_word' id='word_1_524' title='bbox 2799 2763 3044 2819; x_wconf 84' lang='lat' dir='ltr'><strong>Joannis</strong></span> <span class='ocrx_word' id='word_1_525' title='bbox 3075 2762 3391 2834; x_wconf 89' lang='lat' dir='ltr'><strong>baptisma,</strong></span> <span class='ocrx_word' id='word_1_526' title='bbox 3415 2779 3620 2836; x_wconf 88' lang='lat' dir='ltr'><strong>quam-</strong></span> 
     </span>
    </p>
   </div>
   <div class='ocr_carea' id='block_1_82' title="bbox 1958 2846 3612 2923">
    <p class='ocr_par' dir='ltr' id='par_1_82' title="bbox 1958 2846 3612 2923">
     <span class='ocr_line' id='line_1_82' title="bbox 1958 2846 3612 2923; baseline 0.001 -19"><span class='ocrx_word' id='word_1_527' title='bbox 1958 2864 2075 2920; x_wconf 90' lang='lat' dir='ltr'><strong>que</strong></span> <span class='ocrx_word' id='word_1_528' title='bbox 2088 2846 2472 2904; x_wconf 73' lang='lat' dir='ltr'><strong>differentiam</strong></span> <span class='ocrx_word' id='word_1_529' title='bbox 2487 2849 2911 2921; x_wconf 89' lang='lat' dir='ltr'><strong>abaptismate,</strong></span> <span class='ocrx_word' id='word_1_530' title='bbox 2933 2858 3096 2923; x_wconf 89' lang='lat' dir='ltr'><strong>quod</strong></span> <span class='ocrx_word' id='word_1_531' title='bbox 3111 2851 3378 2908; x_wconf 86' lang='lat' dir='ltr'><strong>Christus</strong></span> <span class='ocrx_word' id='word_1_532' title='bbox 3391 2853 3612 2920; x_wconf 87' lang='lat' dir='ltr'><strong>statuit,</strong></span> 
     </span>
    </p>
   </div>
   <div class='ocr_carea' id='block_1_83' title="bbox 1959 2936 3614 3012">
    <p class='ocr_par' dir='ltr' id='par_1_83' title="bbox 1959 2936 3614 3012">
     <span class='ocr_line' id='line_1_83' title="bbox 1959 2936 3614 3012; baseline 0.002 -20"><span class='ocrx_word' id='word_1_533' title='bbox 1959 2936 2271 3006; x_wconf 87' lang='lat' dir='ltr'><strong>diligenter</strong></span> <span class='ocrx_word' id='word_1_534' title='bbox 2300 2942 2565 3007; x_wconf 88' lang='lat' dir='ltr'><strong>apertum</strong></span> <span class='ocrx_word' id='word_1_535' title='bbox 2601 2939 2867 2994; x_wconf 85' lang='lat' dir='ltr'><strong>invenies</strong></span> <span class='ocrx_word' id='word_1_536' title='bbox 2898 2940 2956 2995; x_wconf 93' lang='lat' dir='ltr'><strong>in</strong></span> <span class='ocrx_word' id='word_1_537' title='bbox 2987 2940 3406 3012; x_wconf 85' lang='lat' dir='ltr'><strong>explanatione</strong></span> <span class='ocrx_word' id='word_1_538' title='bbox 3433 2943 3614 2995; x_wconf 82' lang='lat' dir='ltr'><strong>Evan-</strong></span> 
     </span>
    </p>
   </div>
   <div class='ocr_carea' id='block_1_84' title="bbox 1961 3026 3616 3097">
    <p class='ocr_par' dir='ltr' id='par_1_84' title="bbox 1961 3026 3616 3097">
     <span class='ocr_line' id='line_1_84' title="bbox 1961 3026 3616 3097; baseline 0.002 -15"><span class='ocrx_word' id='word_1_539' title='bbox 1961 3026 2094 3097; x_wconf 87' lang='lat' dir='ltr'><strong>gelii</strong></span> <span class='ocrx_word' id='word_1_540' title='bbox 2139 3026 2467 3082; x_wconf 89' lang='lat' dir='ltr'><strong>secundum</strong></span> <span class='ocrx_word' id='word_1_541' title='bbox 2502 3027 2786 3084; x_wconf 90' lang='lat' dir='ltr'><strong>Marcum.</strong></span> <span class='ocrx_word' id='word_1_542' title='bbox 2835 3032 2984 3085; x_wconf 86' lang='lat' dir='ltr'><strong>Nam</strong></span> <span class='ocrx_word' id='word_1_543' title='bbox 3043 3029 3102 3085; x_wconf 90' lang='lat' dir='ltr'><strong>in</strong></span> <span class='ocrx_word' id='word_1_544' title='bbox 3142 3045 3214 3086; x_wconf 89' lang='lat' dir='ltr'><strong>ea</strong></span> <span class='ocrx_word' id='word_1_545' title='bbox 3261 3029 3616 3086; x_wconf 89' lang='lat' dir='ltr'><strong>convenien-</strong></span> 
     </span>
    </p>
   </div>
   <div class='ocr_carea' id='block_1_85' title="bbox 1958 3115 3611 3192">
    <p class='ocr_par' dir='ltr' id='par_1_85' title="bbox 1958 3115 3611 3192">
     <span class='ocr_line' id='line_1_85' title="bbox 1958 3115 3611 3192; baseline 0.002 -20"><span class='ocrx_word' id='word_1_546' title='bbox 1958 3115 2076 3172; x_wconf 88' lang='lat' dir='ltr'><strong>tius</strong></span> <span class='ocrx_word' id='word_1_547' title='bbox 2102 3115 2295 3170; x_wconf 88' lang='lat' dir='ltr'><strong>visum</strong></span> <span class='ocrx_word' id='word_1_548' title='bbox 2333 3118 2440 3180; x_wconf 88' lang='lat' dir='ltr'><strong>est,</strong></span> <span class='ocrx_word' id='word_1_549' title='bbox 2474 3131 2601 3171; x_wconf 90' lang='lat' dir='ltr'><strong>rem</strong></span> <span class='ocrx_word' id='word_1_550' title='bbox 2632 3117 2788 3173; x_wconf 91' lang='lat' dir='ltr'><strong>hanc</strong></span> <span class='ocrx_word' id='word_1_551' title='bbox 2819 3117 3140 3184; x_wconf 85' lang='lat' dir='ltr'><strong>declarare,</strong></span> <span class='ocrx_word' id='word_1_552' title='bbox 3191 3117 3291 3174; x_wconf 92' lang='lat' dir='ltr'><strong>ubi</strong></span> <span class='ocrx_word' id='word_1_553' title='bbox 3325 3120 3611 3192; x_wconf 91' lang='lat' dir='ltr'><strong>scriptum</strong></span> 
     </span>
    </p>
   </div>
   <div class='ocr_carea' id='block_1_86' title="bbox 1962 3204 3611 3277">
    <p class='ocr_par' dir='ltr' id='par_1_86' title="bbox 1962 3204 3611 3277">
     <span class='ocr_line' id='line_1_86' title="bbox 1962 3204 3611 3277; baseline 0.002 -17"><span class='ocrx_word' id='word_1_554' title='bbox 1962 3208 2049 3260; x_wconf 88' lang='lat' dir='ltr'><strong>est</strong></span> <span class='ocrx_word' id='word_1_555' title='bbox 2081 3223 2093 3260; x_wconf 92' lang='lat'><strong>:</strong></span> <span class='ocrx_word' id='word_1_556' title='bbox 2127 3204 2460 3261; x_wconf 72' lang='lat' dir='ltr'><strong>Prwdicans</strong></span> <span class='ocrx_word' id='word_1_557' title='bbox 2485 3204 2835 3273; x_wconf 73' lang='lat' dir='ltr'><strong>baptismum</strong></span> <span class='ocrx_word' id='word_1_558' title='bbox 2859 3208 3209 3277; x_wconf 73' lang='lat' dir='ltr'><strong>pmnitentiw</strong></span> <span class='ocrx_word' id='word_1_559' title='bbox 3237 3209 3294 3262; x_wconf 84' lang='lat' dir='ltr'><strong>in</strong></span> <span class='ocrx_word' id='word_1_560' title='bbox 3324 3209 3611 3265; x_wconf 80' lang='lat' dir='ltr'><strong>remissio—</strong></span> 
     </span>
    </p>
   </div>
   <div class='ocr_carea' id='block_1_87' title="bbox 1960 3293 2590 3361">
    <p class='ocr_par' dir='ltr' id='par_1_87' title="bbox 1960 3293 2590 3361">
     <span class='ocr_line' id='line_1_87' title="bbox 1960 3293 2590 3361; baseline -0.002 -12"><span class='ocrx_word' id='word_1_561' title='bbox 1960 3308 2093 3349; x_wconf 83' lang='lat' dir='ltr'><strong>nem</strong></span> <span class='ocrx_word' id='word_1_562' title='bbox 2112 3299 2496 3361; x_wconf 82' lang='lat' dir='ltr'><strong>peccatorum</strong></span> <span class='ocrx_word' id='word_1_563' title='bbox 2523 3293 2590 3348; x_wconf 77' lang='grc' dir='ltr'><strong>⁵ο.</strong></span> 
     </span>
    </p>
   </div>
   <div class='ocr_carea' id='block_1_88' title="bbox 2031 3381 3616 3457">
    <p class='ocr_par' dir='ltr' id='par_1_88' title="bbox 2031 3381 3616 3457">
     <span class='ocr_line' id='line_1_88' title="bbox 2031 3381 3616 3457; baseline 0.003 -21"><span class='ocrx_word' id='word_1_564' title='bbox 2031 3381 2200 3436; x_wconf 86' lang='lat' dir='ltr'><strong>Vers.</strong></span> <span class='ocrx_word' id='word_1_565' title='bbox 2223 3382 2279 3439; x_wconf 89' lang='lat'><strong>7.</strong></span> <span class='ocrx_word' id='word_1_566' title='bbox 2299 3383 2486 3437; x_wconf 80' lang='lat' dir='ltr'><strong>Porro</strong></span> <span class='ocrx_word' id='word_1_567' title='bbox 2516 3397 2640 3436; x_wconf 85' lang='lat' dir='ltr'><strong>cum</strong></span> <span class='ocrx_word' id='word_1_568' title='bbox 2666 3383 2901 3439; x_wconf 79' lang='lat' dir='ltr'><strong>vidisset</strong></span> <span class='ocrx_word' id='word_1_569' title='bbox 2924 3414 2990 3422; x_wconf 89' lang='lat'>—</span> <span class='ocrx_word' id='word_1_570' title='bbox 3017 3384 3126 3438; x_wconf 79' lang='lat' dir='ltr'><strong>ira.</strong></span> <span class='ocrx_word' id='word_1_571' title='bbox 3156 3385 3488 3440; x_wconf 66' lang='lat' dir='ltr'><strong>Judaaorum</strong></span> <span class='ocrx_word' id='word_1_572' title='bbox 3518 3400 3616 3457; x_wconf 84' lang='lat' dir='ltr'><strong>ge-</strong></span> 
     </span>
    </p>
   </div>
   <div class='ocr_carea' id='block_1_89' title="bbox 1962 3469 3611 3544">
    <p class='ocr_par' dir='ltr' id='par_1_89' title="bbox 1962 3469 3611 3544">
     <span class='ocr_line' id='line_1_89' title="bbox 1962 3469 3611 3544; baseline 0.001 -18"><span class='ocrx_word' id='word_1_573' title='bbox 1962 3485 2079 3526; x_wconf 89' lang='lat' dir='ltr'><strong>nus</strong></span> <span class='ocrx_word' id='word_1_574' title='bbox 2111 3469 2286 3526; x_wconf 84' lang='lat' dir='ltr'><strong>variis</strong></span> <span class='ocrx_word' id='word_1_575' title='bbox 2319 3469 3349 3544; x_wconf 87' lang='lat' dir='ltr'><strong>appellaturnominibus.Siquidem</strong></span> <span class='ocrx_word' id='word_1_576' title='bbox 3381 3473 3611 3530; x_wconf 70' lang='lat' dir='ltr'><strong>Hebrzei</strong></span> 
     </span>
    </p>
   </div>
   <div class='ocr_carea' id='block_1_90' title="bbox 1962 3558 3613 3632">
    <p class='ocr_par' dir='ltr' id='par_1_90' title="bbox 1962 3558 3613 3632">
     <span class='ocr_line' id='line_1_90' title="bbox 1962 3558 3613 3632; baseline 0.002 -18"><span class='ocrx_word' id='word_1_577' title='bbox 1962 3559 2242 3614; x_wconf 92' lang='lat' dir='ltr'><strong>dicuntur</strong></span> <span class='ocrx_word' id='word_1_578' title='bbox 2253 3558 2331 3615; x_wconf 91' lang='lat' dir='ltr'><strong>ab</strong></span> <span class='ocrx_word' id='word_1_579' title='bbox 2344 3559 2556 3623; x_wconf 84' lang='lat' dir='ltr'><strong>Heber,</strong></span> <span class='ocrx_word' id='word_1_580' title='bbox 2595 3560 3016 3632; x_wconf 90' lang='lat' dir='ltr'><strong>utpotelingua</strong></span> <span class='ocrx_word' id='word_1_581' title='bbox 3029 3561 3157 3632; x_wconf 89' lang='lat' dir='ltr'><strong>ejus</strong></span> <span class='ocrx_word' id='word_1_582' title='bbox 3171 3566 3416 3626; x_wconf 86' lang='lat' dir='ltr'><strong>utentes,</strong></span> <span class='ocrx_word' id='word_1_583' title='bbox 3432 3561 3613 3632; x_wconf 90' lang='lat' dir='ltr'><strong>hujus</strong></span> 
     </span>
    </p>
   </div>
   <div class='ocr_carea' id='block_1_91' title="bbox 1963 3647 3609 3718">
    <p class='ocr_par' dir='ltr' id='par_1_91' title="bbox 1963 3647 3609 3718">
     <span class='ocr_line' id='line_1_91' title="bbox 1963 3647 3609 3718; baseline 0.002 -14"><span class='ocrx_word' id='word_1_584' title='bbox 1963 3648 2122 3704; x_wconf 90' lang='lat' dir='ltr'><strong>enim</strong></span> <span class='ocrx_word' id='word_1_585' title='bbox 2152 3647 2338 3704; x_wconf 87' lang='lat' dir='ltr'><strong>solius</strong></span> <span class='ocrx_word' id='word_1_586' title='bbox 2404 3647 2668 3718; x_wconf 87' lang='lat' dir='ltr'><strong>linguam</strong></span> <span class='ocrx_word' id='word_1_587' title='bbox 2716 3650 2968 3706; x_wconf 86' lang='lat' dir='ltr'><strong>servavit</strong></span> <span class='ocrx_word' id='word_1_588' title='bbox 3002 3649 3157 3706; x_wconf 90' lang='lat' dir='ltr'><strong>Deus</strong></span> <span class='ocrx_word' id='word_1_589' title='bbox 3187 3651 3568 3707; x_wconf 85' lang='lat' dir='ltr'><strong>inconfusam</strong></span> <span class='ocrx_word' id='word_1_590' title='bbox 3597 3668 3609 3706; x_wconf 89' lang='lat'><strong>:</strong></span> 
     </span>
    </p>
   </div>
   <div class='ocr_carea' id='block_1_92' title="bbox 1961 3737 3614 3812">
    <p class='ocr_par' dir='ltr' id='par_1_92' title="bbox 1961 3737 3614 3812">
     <span class='ocr_line' id='line_1_92' title="bbox 1961 3737 3614 3812; baseline 0.002 -20"><span class='ocrx_word' id='word_1_591' title='bbox 1961 3737 2105 3809; x_wconf 87' lang='lat' dir='ltr'><strong>quia</strong></span> <span class='ocrx_word' id='word_1_592' title='bbox 2132 3737 2578 3793; x_wconf 88' lang='lat' dir='ltr'><strong>communicare</strong></span> <span class='ocrx_word' id='word_1_593' title='bbox 2617 3737 2890 3794; x_wconf 89' lang='lat' dir='ltr'><strong>noluerat</strong></span> <span class='ocrx_word' id='word_1_594' title='bbox 2937 3754 3075 3795; x_wconf 93' lang='lat' dir='ltr'><strong>cum</strong></span> <span class='ocrx_word' id='word_1_595' title='bbox 3104 3739 3241 3804; x_wconf 88' lang='lat' dir='ltr'><strong>illis,</strong></span> <span class='ocrx_word' id='word_1_596' title='bbox 3274 3740 3377 3812; x_wconf 90' lang='lat' dir='ltr'><strong>qui</strong></span> <span class='ocrx_word' id='word_1_597' title='bbox 3403 3741 3614 3798; x_wconf 89' lang='lat' dir='ltr'><strong>turrim</strong></span> 
     </span>
    </p>
   </div>
   <div class='ocr_carea' id='block_1_93' title="bbox 1961 3825 3608 3886">
    <p class='ocr_par' dir='ltr' id='par_1_93' title="bbox 1961 3825 3608 3886">
     <span class='ocr_line' id='line_1_93' title="bbox 1961 3825 3608 3886; baseline 0.002 -5"><span class='ocrx_word' id='word_1_598' title='bbox 1961 3825 2356 3884; x_wconf 81' lang='lat' dir='ltr'><strong>aediﬁcabant.</strong></span> <span class='ocrx_word' id='word_1_599' title='bbox 2389 3826 2478 3881; x_wconf 88' lang='lat' dir='ltr'><strong>Ab</strong></span> <span class='ocrx_word' id='word_1_600' title='bbox 2503 3827 2617 3883; x_wconf 93' lang='lat' dir='ltr'><strong>hoc</strong></span> <span class='ocrx_word' id='word_1_601' title='bbox 2640 3832 2840 3884; x_wconf 89' lang='lat' dir='ltr'><strong>autem</strong></span> <span class='ocrx_word' id='word_1_602' title='bbox 2871 3827 3261 3886; x_wconf 90' lang='lat' dir='ltr'><strong>descenderat</strong></span> <span class='ocrx_word' id='word_1_603' title='bbox 3289 3829 3608 3885; x_wconf 82' lang='lat' dir='ltr'><strong>Abraham.</strong></span> 
     </span>
    </p>
   </div>
   <div class='ocr_carea' id='block_1_94' title="bbox 1961 3915 3615 3991">
    <p class='ocr_par' dir='ltr' id='par_1_94' title="bbox 1961 3915 3615 3991">
     <span class='ocr_line' id='line_1_94' title="bbox 1961 3915 3615 3991; baseline 0.004 -23"><span class='ocrx_word' id='word_1_604' title='bbox 1961 3915 2236 3972; x_wconf 69' lang='lat' dir='ltr'><strong>Israelitae</strong></span> <span class='ocrx_word' id='word_1_605' title='bbox 2257 3915 2550 3973; x_wconf 92' lang='lat' dir='ltr'><strong>verodicti</strong></span> <span class='ocrx_word' id='word_1_606' title='bbox 2577 3921 2716 3973; x_wconf 91' lang='lat' dir='ltr'><strong>sunt</strong></span> <span class='ocrx_word' id='word_1_607' title='bbox 2741 3933 2776 3973; x_wconf 89' lang='lat' dir='ltr'><strong>a</strong></span> <span class='ocrx_word' id='word_1_608' title='bbox 2799 3918 3116 3991; x_wconf 88' lang='lat' dir='ltr'><strong>Jacob,qui</strong></span> <span class='ocrx_word' id='word_1_609' title='bbox 3146 3921 3330 3974; x_wconf 90' lang='lat' dir='ltr'><strong>Deum</strong></span> <span class='ocrx_word' id='word_1_610' title='bbox 3362 3919 3421 3974; x_wconf 93' lang='lat' dir='ltr'><strong>in</strong></span> <span class='ocrx_word' id='word_1_611' title='bbox 3449 3918 3615 3975; x_wconf 89' lang='lat' dir='ltr'><strong>scala</strong></span> 
     </span>
    </p>
   </div>
   <div class='ocr_carea' id='block_1_95' title="bbox 1959 4004 3615 4078">
    <p class='ocr_par' dir='ltr' id='par_1_95' title="bbox 1959 4004 3615 4078">
     <span class='ocr_line' id='line_1_95' title="bbox 1959 4004 3615 4078; baseline 0.004 -20"><span class='ocrx_word' id='word_1_612' title='bbox 1959 4004 2125 4069; x_wconf 91' lang='lat' dir='ltr'><strong>vidit,</strong></span> <span class='ocrx_word' id='word_1_613' title='bbox 2145 4009 2202 4061; x_wconf 92' lang='lat' dir='ltr'><strong>et</strong></span> <span class='ocrx_word' id='word_1_614' title='bbox 2233 4005 2408 4062; x_wconf 88' lang='lat' dir='ltr'><strong>Israel</strong></span> <span class='ocrx_word' id='word_1_615' title='bbox 2436 4005 2773 4078; x_wconf 88' lang='lat' dir='ltr'><strong>appellatus</strong></span> <span class='ocrx_word' id='word_1_616' title='bbox 2805 4012 2912 4064; x_wconf 82' lang='lat' dir='ltr'><strong>est.</strong></span> <span class='ocrx_word' id='word_1_617' title='bbox 2940 4007 3120 4064; x_wconf 87' lang='lat' dir='ltr'><strong>Israel</strong></span> <span class='ocrx_word' id='word_1_618' title='bbox 3149 4008 3308 4064; x_wconf 92' lang='lat' dir='ltr'><strong>enim</strong></span> <span class='ocrx_word' id='word_1_619' title='bbox 3358 4012 3615 4064; x_wconf 89' lang='lat' dir='ltr'><strong>tantum-</strong></span> 
     </span>
    </p>
   </div>
   <div class='ocr_carea' id='block_1_96' title="bbox 1959 4093 3612 4166">
    <p class='ocr_par' dir='ltr' id='par_1_96' title="bbox 1959 4093 3612 4166">
     <span class='ocr_line' id='line_1_96' title="bbox 1959 4093 3612 4166; baseline 0.002 -18"><span class='ocrx_word' id='word_1_620' title='bbox 1959 4093 2096 4149; x_wconf 91' lang='lat' dir='ltr'><strong>dem</strong></span> <span class='ocrx_word' id='word_1_621' title='bbox 2127 4093 2302 4158; x_wconf 88' lang='lat' dir='ltr'><strong>valet,</strong></span> <span class='ocrx_word' id='word_1_622' title='bbox 2345 4100 2641 4166; x_wconf 91' lang='lat' dir='ltr'><strong>quantum</strong></span> <span class='ocrx_word' id='word_1_623' title='bbox 2705 4096 2911 4153; x_wconf 82' lang='lat' dir='ltr'><strong>Videns</strong></span> <span class='ocrx_word' id='word_1_624' title='bbox 2935 4098 3128 4153; x_wconf 82' lang='lat' dir='ltr'><strong>Deum.</strong></span> <span class='ocrx_word' id='word_1_625' title='bbox 3181 4096 3369 4152; x_wconf 58' lang='lat' dir='ltr'><strong>Judaei</strong></span> <span class='ocrx_word' id='word_1_626' title='bbox 3412 4101 3612 4154; x_wconf 87' lang='lat' dir='ltr'><strong>autem</strong></span> 
     </span>
    </p>
   </div>
   <div class='ocr_carea' id='block_1_97' title="bbox 1959 4182 3612 4256">
    <p class='ocr_par' dir='ltr' id='par_1_97' title="bbox 1959 4182 3612 4256">
     <span class='ocr_line' id='line_1_97' title="bbox 1959 4182 3612 4256; baseline 0.001 -19"><span class='ocrx_word' id='word_1_627' title='bbox 1959 4196 1996 4237; x_wconf 89' lang='lat' dir='ltr'><strong>a</strong></span> <span class='ocrx_word' id='word_1_628' title='bbox 2028 4182 2231 4246; x_wconf 87' lang='lat' dir='ltr'><strong>David,</strong></span> <span class='ocrx_word' id='word_1_629' title='bbox 2282 4197 2466 4255; x_wconf 92' lang='lat' dir='ltr'><strong>quem</strong></span> <span class='ocrx_word' id='word_1_630' title='bbox 2512 4189 2829 4256; x_wconf 88' lang='lat' dir='ltr'><strong>postquam</strong></span> <span class='ocrx_word' id='word_1_631' title='bbox 2883 4185 2957 4240; x_wconf 90' lang='lat' dir='ltr'><strong>de</strong></span> <span class='ocrx_word' id='word_1_632' title='bbox 3000 4186 3151 4240; x_wconf 87' lang='lat' dir='ltr'><strong>tribu</strong></span> <span class='ocrx_word' id='word_1_633' title='bbox 3175 4188 3200 4240; x_wconf 89' lang='lat' dir='ltr'><strong>J</strong></span> <span class='ocrx_word' id='word_1_634' title='bbox 3216 4185 3335 4240; x_wconf 91' lang='lat' dir='ltr'><strong>uda</strong></span> <span class='ocrx_word' id='word_1_635' title='bbox 3385 4186 3462 4240; x_wconf 91' lang='lat' dir='ltr'><strong>ad</strong></span> <span class='ocrx_word' id='word_1_636' title='bbox 3522 4201 3612 4239; x_wconf 92' lang='lat' dir='ltr'><strong>re-</strong></span> 
     </span>
    </p>
   </div>
   <div class='ocr_carea' id='block_1_98' title="bbox 1960 4270 3616 4344">
    <p class='ocr_par' dir='ltr' id='par_1_98' title="bbox 1960 4270 3616 4344">
     <span class='ocr_line' id='line_1_98' title="bbox 1960 4270 3616 4344; baseline 0.001 -19"><span class='ocrx_word' id='word_1_637' title='bbox 1960 4283 2148 4339; x_wconf 85' lang='lat' dir='ltr'><strong>gnum</strong></span> <span class='ocrx_word' id='word_1_638' title='bbox 2179 4270 2806 4344; x_wconf 83' lang='lat' dir='ltr'><strong>elegitDeus,ejusque</strong></span> <span class='ocrx_word' id='word_1_639' title='bbox 2832 4273 3084 4344; x_wconf 90' lang='lat' dir='ltr'><strong>posteris</strong></span> <span class='ocrx_word' id='word_1_640' title='bbox 3111 4271 3295 4336; x_wconf 83' lang='lat' dir='ltr'><strong>dedit,</strong></span> <span class='ocrx_word' id='word_1_641' title='bbox 3338 4277 3400 4328; x_wconf 94' lang='lat' dir='ltr'><strong>ut</strong></span> <span class='ocrx_word' id='word_1_642' title='bbox 3427 4273 3616 4328; x_wconf 76' lang='lat' dir='ltr'><strong>haere-</strong></span> 
     </span>
    </p>
   </div>
   <div class='ocr_carea' id='block_1_99' title="bbox 1958 4357 3612 4431">
    <p class='ocr_par' dir='ltr' id='par_1_99' title="bbox 1958 4357 3612 4431">
     <span class='ocr_line' id='line_1_99' title="bbox 1958 4357 3612 4431; baseline 0.002 -18"><span class='ocrx_word' id='word_1_643' title='bbox 1958 4357 2175 4414; x_wconf 90' lang='lat' dir='ltr'><strong>ditario</strong></span> <span class='ocrx_word' id='word_1_644' title='bbox 2196 4359 2329 4429; x_wconf 88' lang='lat' dir='ltr'><strong>jure</strong></span> <span class='ocrx_word' id='word_1_645' title='bbox 2357 4364 2692 4431; x_wconf 90' lang='lat' dir='ltr'><strong>regnarent,</strong></span> <span class='ocrx_word' id='word_1_646' title='bbox 2723 4361 2946 4415; x_wconf 90' lang='lat' dir='ltr'><strong>tribum</strong></span> <span class='ocrx_word' id='word_1_647' title='bbox 2971 4361 3136 4416; x_wconf 88' lang='lat' dir='ltr'><strong>illam</strong></span> <span class='ocrx_word' id='word_1_648' title='bbox 3163 4360 3384 4417; x_wconf 87' lang='lat' dir='ltr'><strong>claram</strong></span> <span class='ocrx_word' id='word_1_649' title='bbox 3412 4359 3612 4416; x_wconf 89' lang='lat' dir='ltr'><strong>reddi-</strong></span> 
     </span>
    </p>
   </div>
   <div class='ocr_carea' id='block_1_100' title="bbox 1957 4445 3611 4520">
    <p class='ocr_par' dir='ltr' id='par_1_100' title="bbox 1957 4445 3611 4520">
     <span class='ocr_line' id='line_1_100' title="bbox 1957 4445 3611 4520; baseline 0.002 -18"><span class='ocrx_word' id='word_1_650' title='bbox 1957 4445 2062 4510; x_wconf 89' lang='lat' dir='ltr'><strong>dit,</strong></span> <span class='ocrx_word' id='word_1_651' title='bbox 2092 4450 2294 4518; x_wconf 88' lang='lat' dir='ltr'><strong>utpote</strong></span> <span class='ocrx_word' id='word_1_652' title='bbox 2319 4447 2398 4504; x_wconf 91' lang='lat' dir='ltr'><strong>ab</strong></span> <span class='ocrx_word' id='word_1_653' title='bbox 2428 4464 2494 4504; x_wconf 93' lang='lat' dir='ltr'><strong>eo</strong></span> <span class='ocrx_word' id='word_1_654' title='bbox 2535 4452 2799 4520; x_wconf 89' lang='lat' dir='ltr'><strong>tempore</strong></span> <span class='ocrx_word' id='word_1_655' title='bbox 2849 4448 3076 4518; x_wconf 83' lang='lat' dir='ltr'><strong>regiam</strong></span> <span class='ocrx_word' id='word_1_656' title='bbox 3119 4465 3132 4504; x_wconf 87' lang='lat'><strong>:</strong></span> <span class='ocrx_word' id='word_1_657' title='bbox 3166 4449 3247 4504; x_wconf 91' lang='lat' dir='ltr'><strong>ita</strong></span> <span class='ocrx_word' id='word_1_658' title='bbox 3294 4454 3360 4505; x_wconf 93' lang='lat' dir='ltr'><strong>ut</strong></span> <span class='ocrx_word' id='word_1_659' title='bbox 3411 4449 3611 4517; x_wconf 88' lang='lat' dir='ltr'><strong>etiam,</strong></span> 
     </span>
    </p>
   </div>
   <div class='ocr_carea' id='block_1_101' title="bbox 1957 4534 3614 4612">
    <p class='ocr_par' dir='ltr' id='par_1_101' title="bbox 1957 4534 3614 4612">
     <span class='ocr_line' id='line_1_101' title="bbox 1957 4534 3614 4612; baseline 0.004 -22"><span class='ocrx_word' id='word_1_660' title='bbox 1957 4534 2059 4608; x_wconf 91' lang='lat' dir='ltr'><strong>qui</strong></span> <span class='ocrx_word' id='word_1_661' title='bbox 2088 4535 2166 4592; x_wconf 89' lang='lat' dir='ltr'><strong>ab</strong></span> <span class='ocrx_word' id='word_1_662' title='bbox 2196 4536 2326 4594; x_wconf 88' lang='lat' dir='ltr'><strong>aliis</strong></span> <span class='ocrx_word' id='word_1_663' title='bbox 2369 4537 2642 4593; x_wconf 90' lang='lat' dir='ltr'><strong>tribubus</strong></span> <span class='ocrx_word' id='word_1_664' title='bbox 2692 4537 3139 4605; x_wconf 89' lang='lat' dir='ltr'><strong>descenderent,</strong></span> <span class='ocrx_word' id='word_1_665' title='bbox 3187 4542 3396 4612; x_wconf 90' lang='lat' dir='ltr'><strong>postea</strong></span> <span class='ocrx_word' id='word_1_666' title='bbox 3425 4538 3614 4596; x_wconf 64' lang='lat' dir='ltr'><strong>Judaei</strong></span> 
     </span>
    </p>
   </div>
   <div class='ocr_carea' id='block_1_102' title="bbox 830 4610 1850 4698">
    <p class='ocr_par' dir='ltr' id='par_1_102' title="bbox 830 4610 1849 4681">
     <span class='ocr_line' id='line_1_102' title="bbox 830 4610 1849 4681; baseline 0.004 -15"><span class='ocrx_word' id='word_1_667' title='bbox 830 4610 1117 4676; x_wconf 85' lang='grc' dir='ltr'>Ἰουδαίους</span> <span class='ocrx_word' id='word_1_668' title='bbox 1197 4624 1382 4678; x_wconf 89' lang='grc' dir='ltr'>κοινῶς</span> <span class='ocrx_word' id='word_1_669' title='bbox 1462 4615 1561 4668; x_wconf 82' lang='grc' dir='ltr'><strong>ἀπὸ</strong></span> <span class='ocrx_word' id='word_1_670' title='bbox 1653 4621 1849 4681; x_wconf 89' lang='grc' dir='ltr'>ταύτης</span> 
     </span>
    </p>
   </div>
   <div class='ocr_carea' id='block_1_103' title="bbox 1968 4610 3535 4698">
    <p class='ocr_par' dir='ltr' id='par_1_103' title="bbox 1968 4610 3535 4698">
     <span class='ocr_line' id='line_1_103' title="bbox 1968 4610 3535 4698; baseline 0.003 -17"><span class='ocrx_word' id='word_1_671' title='bbox 1968 4639 2201 4698; x_wconf 77' lang='lat' dir='ltr'><strong>quoque</strong></span> <span class='ocrx_word' id='word_1_672' title='bbox 2231 4625 2311 4684; x_wconf 87' lang='lat' dir='ltr'><strong>ab</strong></span> <span class='ocrx_word' id='word_1_673' title='bbox 2349 4626 2465 4684; x_wconf 89' lang='lat' dir='ltr'><strong>hac</strong></span> <span class='ocrx_word' id='word_1_674' title='bbox 2494 4627 2801 4685; x_wconf 90' lang='lat' dir='ltr'><strong>communi</strong></span> <span class='ocrx_word' id='word_1_675' title='bbox 2842 4627 3133 4686; x_wconf 85' lang='lat' dir='ltr'><strong>vocabulo</strong></span> <span class='ocrx_word' id='word_1_676' title='bbox 3179 4610 3535 4687; x_wconf 80' lang='lat' dir='ltr'><strong>dicerentur.</strong></span> 
     </span>
    </p>
   </div>
   <div class='ocr_carea' id='block_1_104' title="bbox 2031 4800 3612 4880">
    <p class='ocr_par' dir='ltr' id='par_1_104' title="bbox 2031 4800 3612 4880">
     <span class='ocr_line' id='line_1_104' title="bbox 2031 4800 3612 4880; baseline 0.003 -20"><span class='ocrx_word' id='word_1_677' title='bbox 2031 4800 2138 4860; x_wconf 88' lang='lat' dir='ltr'><strong>His</strong></span> <span class='ocrx_word' id='word_1_678' title='bbox 2161 4800 2562 4869; x_wconf 86' lang='lat' dir='ltr'><strong>itadistinctis,</strong></span> <span class='ocrx_word' id='word_1_679' title='bbox 2595 4803 2790 4862; x_wconf 88' lang='lat' dir='ltr'><strong>dicere</strong></span> <span class='ocrx_word' id='word_1_680' title='bbox 2815 4805 2995 4863; x_wconf 89' lang='lat' dir='ltr'><strong>etiam</strong></span> <span class='ocrx_word' id='word_1_681' title='bbox 3008 4809 3240 4880; x_wconf 90' lang='lat' dir='ltr'><strong>oportet</strong></span> <span class='ocrx_word' id='word_1_682' title='bbox 3263 4806 3338 4864; x_wconf 92' lang='lat' dir='ltr'><strong>de</strong></span> <span class='ocrx_word' id='word_1_683' title='bbox 3368 4805 3612 4866; x_wconf 84' lang='lat' dir='ltr'><strong>duabus</strong></span> 
     </span>
    </p>
   </div>
   <div class='ocr_carea' id='block_1_105' title="bbox 1458 5014 2404 5095">
    <p class='ocr_par' dir='ltr' id='par_1_105' title="bbox 1458 5014 2404 5095">
     <span class='ocr_line' id='line_1_105' title="bbox 1458 5014 2404 5095; baseline 0.008 -8"><span class='ocrx_word' id='word_1_684' title='bbox 1458 5014 1678 5087; x_wconf 77' lang='lat' dir='ltr'><strong>Variae</strong></span> <span class='ocrx_word' id='word_1_685' title='bbox 1735 5017 2067 5090; x_wconf 89' lang='lat' dir='ltr'><strong>lectiones</strong></span> <span class='ocrx_word' id='word_1_686' title='bbox 2107 5031 2176 5090; x_wconf 89' lang='lat' dir='ltr'><strong>et</strong></span> <span class='ocrx_word' id='word_1_687' title='bbox 2199 5034 2404 5095; x_wconf 62' lang='lat' dir='ltr'><strong>notae.</strong></span> 
     </span>
    </p>
   </div>
   <div class='ocr_carea' id='block_1_106' title="bbox 321 5149 1840 5233">
    <p class='ocr_par' dir='ltr' id='par_1_106' title="bbox 321 5149 1840 5233">
     <span class='ocr_line' id='line_1_106' title="bbox 321 5149 1840 5233; baseline 0.006 -23"><span class='ocrx_word' id='word_1_688' title='bbox 321 5149 433 5229; x_wconf 82' lang='lat'><strong>(72)</strong></span> <span class='ocrx_word' id='word_1_689' title='bbox 459 5153 714 5233; x_wconf 78' lang='lat' dir='ltr'><strong>Respicit</strong></span> <span class='ocrx_word' id='word_1_690' title='bbox 743 5154 1046 5233; x_wconf 56' lang='lat' dir='ltr'><strong>Genesar.</strong></span> <span class='ocrx_word' id='word_1_691' title='bbox 1077 5155 1231 5223; x_wconf 87' lang='lat' dir='ltr'><strong>Quid</strong></span> <span class='ocrx_word' id='word_1_692' title='bbox 1252 5161 1458 5233; x_wconf 77' lang='lat' dir='ltr'><strong>autem</strong></span> <span class='ocrx_word' id='word_1_693' title='bbox 1486 5159 1558 5233; x_wconf 86' lang='lat' dir='ltr'><strong>sit</strong></span> <span class='ocrx_word' id='word_1_694' title='bbox 1582 5160 1787 5233; x_wconf 81' lang='grc' dir='ltr'>χαλάνη</span> <span class='ocrx_word' id='word_1_695' title='bbox 1800 5183 1840 5231; x_wconf 83' lang='grc' dir='ltr'><strong>ς,</strong></span> 
     </span>
    </p>
   </div>
   <div class='ocr_carea' id='block_1_107' title="bbox 241 5227 1842 5300">
    <p class='ocr_par' dir='ltr' id='par_1_107' title="bbox 241 5227 1842 5300">
     <span class='ocr_line' id='line_1_107' title="bbox 241 5227 1842 5300; baseline 0.004 -16"><span class='ocrx_word' id='word_1_696' title='bbox 241 5227 475 5300; x_wconf 81' lang='lat' dir='ltr'><strong>ignoro.</strong></span> <span class='ocrx_word' id='word_1_697' title='bbox 510 5227 831 5284; x_wconf 81' lang='lat' dir='ltr'><strong>Héntenius</strong></span> <span class='ocrx_word' id='word_1_698' title='bbox 879 5228 939 5284; x_wconf 91' lang='lat' dir='ltr'><strong>id</strong></span> <span class='ocrx_word' id='word_1_699' title='bbox 964 5230 1361 5300; x_wconf 73' lang='lat' dir='ltr'><strong>prastermisit.</strong></span> <span class='ocrx_word' id='word_1_700' title='bbox 1389 5227 1842 5291; x_wconf 62' lang='lat' dir='ltr'><strong>Nescio&#39;utrum</strong></span> 
     </span>
    </p>
   </div>
   <div class='ocr_carea' id='block_1_108' title="bbox 243 5300 1839 5370">
    <p class='ocr_par' dir='ltr' id='par_1_108' title="bbox 243 5300 1839 5370">
     <span class='ocr_line' id='line_1_108' title="bbox 243 5300 1839 5370; baseline 0.004 -16"><span class='ocrx_word' id='word_1_701' title='bbox 243 5301 320 5370; x_wconf 84' lang='lat' dir='ltr'><strong>sit</strong></span> <span class='ocrx_word' id='word_1_702' title='bbox 340 5305 681 5370; x_wconf 90' lang='lat' dir='ltr'><strong>corruptum</strong></span> <span class='ocrx_word' id='word_1_703' title='bbox 695 5300 1048 5356; x_wconf 88' lang='lat' dir='ltr'><strong>vocabulum</strong></span> <span class='ocrx_word' id='word_1_704' title='bbox 1065 5300 1442 5366; x_wconf 86' lang='lat' dir='ltr'><strong>Hebraicum,</strong></span> <span class='ocrx_word' id='word_1_705' title='bbox 1465 5318 1538 5358; x_wconf 91' lang='lat' dir='ltr'><strong>an</strong></span> <span class='ocrx_word' id='word_1_706' title='bbox 1553 5301 1839 5362; x_wconf 69' lang='lat' dir='ltr'><strong>Graacum.</strong></span> 
     </span>
    </p>
   </div>
   <div class='ocr_carea' id='block_1_109' title="bbox 240 5366 1842 5436">
    <p class='ocr_par' dir='ltr' id='par_1_109' title="bbox 240 5366 1842 5436">
     <span class='ocr_line' id='line_1_109' title="bbox 240 5366 1842 5436; baseline 0.004 -12"><span class='ocrx_word' id='word_1_707' title='bbox 240 5366 412 5425; x_wconf 81' lang='lat' dir='ltr'><strong>Forte</strong></span> <span class='ocrx_word' id='word_1_708' title='bbox 441 5366 637 5431; x_wconf 62' lang='grc' dir='ltr'>πλάνης</span> <span class='ocrx_word' id='word_1_709' title='bbox 657 5371 860 5427; x_wconf 89' lang='lat' dir='ltr'><strong>voluit.</strong></span> <span class='ocrx_word' id='word_1_710' title='bbox 894 5371 978 5426; x_wconf 93' lang='lat' dir='ltr'><strong>Ex</strong></span> <span class='ocrx_word' id='word_1_711' title='bbox 1003 5371 1301 5428; x_wconf 85' lang='lat' dir='ltr'><strong>Hebraicis</strong></span> <span class='ocrx_word' id='word_1_712' title='bbox 1331 5381 1444 5434; x_wconf 58' lang='lat'><strong>3::</strong></span> <span class='ocrx_word' id='word_1_713' title='bbox 1477 5379 1533 5430; x_wconf 91' lang='lat' dir='ltr'><strong>et</strong></span> <span class='ocrx_word' id='word_1_714' title='bbox 1560 5380 1668 5436; x_wconf 56' lang='lat'><strong>5‘73</strong></span> <span class='ocrx_word' id='word_1_715' title='bbox 1697 5376 1842 5432; x_wconf 90' lang='lat' dir='ltr'><strong>nihil</strong></span> 
     </span>
    </p>
   </div>
   <div class='ocr_carea' id='block_1_110' title="bbox 241 5441 1843 5514">
    <p class='ocr_par' dir='ltr' id='par_1_110' title="bbox 241 5441 1843 5514">
     <span class='ocr_line' id='line_1_110' title="bbox 241 5441 1843 5514; baseline 0.004 -17"><span class='ocrx_word' id='word_1_716' title='bbox 241 5441 503 5513; x_wconf 79' lang='lat' dir='ltr'><strong>exScalpi</strong></span> <span class='ocrx_word' id='word_1_717' title='bbox 534 5447 747 5514; x_wconf 86' lang='lat' dir='ltr'><strong>potest.</strong></span> <span class='ocrx_word' id='word_1_718' title='bbox 781 5442 1112 5514; x_wconf 79' lang='grc' dir='ltr'>-Χαλάνης</span> <span class='ocrx_word' id='word_1_719' title='bbox 1143 5448 1228 5500; x_wconf 88' lang='lat' dir='ltr'><strong>est</strong></span> <span class='ocrx_word' id='word_1_720' title='bbox 1259 5459 1332 5500; x_wconf 89' lang='lat' dir='ltr'><strong>ex</strong></span> <span class='ocrx_word' id='word_1_721' title='bbox 1357 5444 1501 5500; x_wconf 86' lang='lat' dir='ltr'><strong>Gen.</strong></span> <span class='ocrx_word' id='word_1_722' title='bbox 1533 5461 1590 5509; x_wconf 87' lang='lat' dir='ltr'><strong>x,</strong></span> <span class='ocrx_word' id='word_1_723' title='bbox 1632 5451 1714 5510; x_wconf 85' lang='grc'><strong>10,</strong></span> <span class='ocrx_word' id='word_1_724' title='bbox 1740 5448 1843 5504; x_wconf 92' lang='lat' dir='ltr'><strong>ubi</strong></span> 
     </span>
    </p>
   </div>
   <div class='ocr_carea' id='block_1_111' title="bbox 242 5513 1840 5589">
    <p class='ocr_par' dir='ltr' id='par_1_111' title="bbox 242 5513 1840 5589">
     <span class='ocr_line' id='line_1_111' title="bbox 242 5513 1840 5589; baseline 0.006 -22"><span class='ocrx_word' id='word_1_725' title='bbox 242 5517 448 5589; x_wconf 74' lang='lat' dir='ltr'><strong>tamen</strong></span> <span class='ocrx_word' id='word_1_726' title='bbox 481 5513 1041 5589; x_wconf 30' lang='grc' dir='ltr'>εοςὶῥὶωηιξ-χαλάννη.</span> <span class='ocrx_word' id='word_1_727' title='bbox 1073 5515 1370 5589; x_wconf 77' lang='lat' dir='ltr'><strong>Ita__etiam</strong></span> <span class='ocrx_word' id='word_1_728' title='bbox 1399 5516 1691 5589; x_wconf 89' lang='lat' dir='ltr'><strong>Epiphan.</strong></span> <span class='ocrx_word' id='word_1_729' title='bbox 1728 5522 1768 5575; x_wconf 93' lang='lat' dir='ltr'><strong>t.</strong></span> <span class='ocrx_word' id='word_1_730' title='bbox 1799 5518 1840 5586; x_wconf 86' lang='grc' dir='ltr'>Ι,</span> 
     </span>
    </p>
   </div>
   <div class='ocr_carea' id='block_1_112' title="bbox 244 5583 1844 5658">
    <p class='ocr_par' dir='ltr' id='par_1_112' title="bbox 244 5583 1844 5658">
     <span class='ocr_line' id='line_1_112' title="bbox 244 5583 1844 5658; baseline 0.006 -20"><span class='ocrx_word' id='word_1_731' title='bbox 244 5597 309 5657; x_wconf 89' lang='lat' dir='ltr'><strong>p.</strong></span> <span class='ocrx_word' id='word_1_732' title='bbox 340 5583 408 5638; x_wconf 82' lang='lat'><strong>75</strong></span> <span class='ocrx_word' id='word_1_733' title='bbox 429 5599 444 5653; x_wconf 90' lang='lat'><strong>;</strong></span> <span class='ocrx_word' id='word_1_734' title='bbox 468 5583 573 5640; x_wconf 90' lang='lat' dir='ltr'><strong>sed</strong></span> <span class='ocrx_word' id='word_1_735' title='bbox 599 5583 852 5657; x_wconf 81' lang='lat' dir='ltr'><strong>Cyrillus</strong></span> <span class='ocrx_word' id='word_1_736' title='bbox 871 5585 1037 5642; x_wconf 80' lang='lat' dir='ltr'><strong>Alex.</strong></span> <span class='ocrx_word' id='word_1_737' title='bbox 1057 5589 1096 5642; x_wconf 92' lang='lat' dir='ltr'><strong>t.</strong></span> <span class='ocrx_word' id='word_1_738' title='bbox 1125 5584 1216 5656; x_wconf 88' lang='lat' dir='ltr'><strong>VI,</strong></span> <span class='ocrx_word' id='word_1_739' title='bbox 1244 5599 1302 5658; x_wconf 94' lang='lat' dir='ltr'><strong>p.</strong></span> <span class='ocrx_word' id='word_1_740' title='bbox 1329 5590 1363 5641; x_wconf 89' lang='lat'><strong>2</strong></span> <span class='ocrx_word' id='word_1_741' title='bbox 1387 5583 1535 5656; x_wconf 69' lang='grc' dir='ltr'><strong>Β,Ἰή</strong></span> <span class='ocrx_word' id='word_1_742' title='bbox 1561 5583 1844 5648; x_wconf 72' lang='grc' dir='ltr'>ϐοηθειαέ</span> 
     </span>
    </p>
   </div>
   <div class='ocr_carea' id='block_1_113' title="bbox 296 5674 1908 5788">
    <p class='ocr_par' dir='ltr' id='par_1_113' title="bbox 296 5674 1908 5788">
     <span class='ocr_line' id='line_1_113' title="bbox 296 5674 1908 5788; baseline 0.001 -17"><span class='ocrx_word' id='word_1_743' title='bbox 296 5674 391 5788; x_wconf 43' lang='grc' dir='ltr'><strong>(ι)</strong></span> <span class='ocrx_word' id='word_1_744' title='bbox 420 5707 554 5769; x_wconf 83' lang='grc' dir='ltr'>Νοη</span> <span class='ocrx_word' id='word_1_745' title='bbox 581 5723 800 5784; x_wconf 81' lang='lat' dir='ltr'><strong>parum</strong></span> <span class='ocrx_word' id='word_1_746' title='bbox 827 5708 1128 5769; x_wconf 80' lang='lat' dir='ltr'><strong>avertebat</strong></span> <span class='ocrx_word' id='word_1_747' title='bbox 1149 5715 1382 5768; x_wconf 80' lang='lat' dir='ltr'><strong>metum.</strong></span> <span class='ocrx_word' id='word_1_748' title='bbox 1412 5711 1495 5769; x_wconf 85' lang='lat' dir='ltr'><strong>Ac</strong></span> <span class='ocrx_word' id='word_1_749' title='bbox 1533 5712 1700 5771; x_wconf 87' lang='lat' dir='ltr'><strong>solus</strong></span> <span class='ocrx_word' id='word_1_750' title='bbox 1748 5713 1908 5774; x_wconf 87' lang='lat' dir='ltr'><strong>visus</strong></span> 
     </span>
    </p>
   </div>
   <div class='ocr_carea' id='block_1_114' title="bbox 1950 5165 3607 5245">
    <p class='ocr_par' dir='ltr' id='par_1_114' title="bbox 1950 5165 3607 5245">
     <span class='ocr_line' id='line_1_114' title="bbox 1950 5165 3607 5245; baseline 0 -23"><span class='ocrx_word' id='word_1_751' title='bbox 1950 5165 2074 5222; x_wconf 77' lang='lat' dir='ltr'><strong>neis</strong></span> <span class='ocrx_word' id='word_1_752' title='bbox 2103 5165 2344 5245; x_wconf 64' lang='lat' dir='ltr'><strong>1_1ab¢t_:_</strong></span> <span class='ocrx_word' id='word_1_753' title='bbox 2369 5169 2556 5245; x_wconf 46' lang='lat'><strong><em>06:69</em></strong></span> <span class='ocrx_word' id='word_1_754' title='bbox 2611 5178 2702 5232; x_wconf 84' lang='grc' dir='ltr'>τῆς</span> <span class='ocrx_word' id='word_1_755' title='bbox 2754 5170 2991 5243; x_wconf 85' lang='grc' dir='ltr'>χαλάνης</span> <span class='ocrx_word' id='word_1_756' title='bbox 3037 5171 3235 5245; x_wconf 84' lang='grc' dir='ltr'>πύργον</span> <span class='ocrx_word' id='word_1_757' title='bbox 3266 5169 3607 5245; x_wconf 79' lang='grc' dir='ltr'>οἰκοδομοῦν-</span> 
     </span>
    </p>
   </div>
   <div class='ocr_carea' id='block_1_115' title="bbox 1948 5239 2529 5298">
    <p class='ocr_par' dir='ltr' id='par_1_115' title="bbox 1948 5239 2529 5298">
     <span class='ocr_line' id='line_1_115' title="bbox 1948 5239 2529 5298; baseline 0.012 -8"><span class='ocrx_word' id='word_1_758' title='bbox 1948 5257 2027 5298; x_wconf 87' lang='grc' dir='ltr'><strong>τες</strong></span> <span class='ocrx_word' id='word_1_759' title='bbox 2040 5281 2052 5293; x_wconf 94' lang='grc'><strong>.</strong></span> <span class='ocrx_word' id='word_1_760' title='bbox 2091 5239 2182 5293; x_wconf 76' lang='lat' dir='ltr'><strong>Ea:</strong></span> <span class='ocrx_word' id='word_1_761' title='bbox 2209 5240 2529 5297; x_wconf 79' lang='lat' dir='ltr'><strong>Addendis.</strong></span> 
     </span>
    </p>
   </div>
   <div class='ocr_carea' id='block_1_116' title="bbox 2022 5309 2717 5382">
    <p class='ocr_par' dir='ltr' id='par_1_116' title="bbox 2022 5309 2717 5382">
     <span class='ocr_line' id='line_1_116' title="bbox 2022 5309 2717 5382; baseline 0.004 -19"><span class='ocrx_word' id='word_1_762' title='bbox 2022 5309 2135 5382; x_wconf 87' lang='lat'><strong>(73)</strong></span> <span class='ocrx_word' id='word_1_763' title='bbox 2167 5309 2296 5382; x_wconf 75' lang='grc' dir='ltr'><strong>Ἀπὸ</strong></span> <span class='ocrx_word' id='word_1_764' title='bbox 2322 5319 2414 5364; x_wconf 80' lang='grc' dir='ltr'><strong>τού</strong></span> <span class='ocrx_word' id='word_1_765' title='bbox 2444 5309 2625 5367; x_wconf 78' lang='grc' dir='ltr'>Ἰούδα</span> <span class='ocrx_word' id='word_1_766' title='bbox 2654 5312 2717 5366; x_wconf 89' lang='grc' dir='ltr'><strong>Β.</strong></span> 
     </span>
    </p>
   </div>
   <div class='ocr_carea' id='block_1_117' title="bbox 2020 5380 3605 5460">
    <p class='ocr_par' dir='ltr' id='par_1_117' title="bbox 2020 5380 3605 5460">
     <span class='ocr_line' id='line_1_117' title="bbox 2020 5380 3605 5460; baseline 0.001 -25"><span class='ocrx_word' id='word_1_767' title='bbox 2020 5380 2510 5460; x_wconf 51' lang='grc' dir='ltr'>(ΜελΕύκριθέντ-ων</span> <span class='ocrx_word' id='word_1_768' title='bbox 2680 5383 2849 5460; x_wconf 55' lang='grc' dir='ltr'><strong>ΜᾶΙβ1</strong></span> <span class='ocrx_word' id='word_1_769' title='bbox 2874 5387 2973 5460; x_wconf 60' lang='lat' dir='ltr'><strong>Est</strong></span> <span class='ocrx_word' id='word_1_770' title='bbox 2995 5384 3179 5460; x_wconf 80' lang='lat' dir='ltr'><strong>_enim</strong></span> <span class='ocrx_word' id='word_1_771' title='bbox 3215 5385 3306 5460; x_wconf 84' lang='lat' dir='ltr'><strong>ab</strong></span> <span class='ocrx_word' id='word_1_772' title='bbox 3347 5385 3605 5460; x_wconf 79' lang='grc' dir='ltr'>εύκρινέω,</span> 
     </span>
    </p>
   </div>
   <div class='ocr_carea' id='block_1_118' title="bbox 1949 5451 3612 5530">
    <p class='ocr_par' dir='ltr' id='par_1_118' title="bbox 1949 5451 3612 5530">
     <span class='ocr_line' id='line_1_118' title="bbox 1949 5451 3612 5530; baseline 0.004 -25"><span class='ocrx_word' id='word_1_773' title='bbox 1949 5451 2116 5530; x_wconf 75' lang='lat' dir='ltr'><strong>quod</strong></span> <span class='ocrx_word' id='word_1_774' title='bbox 2143 5451 2324 5508; x_wconf 82' lang='lat' dir='ltr'><strong>habet</strong></span> <span class='ocrx_word' id='word_1_775' title='bbox 2354 5455 2637 5527; x_wconf 81' lang='lat' dir='ltr'><strong>Xenoph.</strong></span> <span class='ocrx_word' id='word_1_776' title='bbox 2667 5470 2726 5527; x_wconf 90' lang='lat' dir='ltr'><strong>p.</strong></span> <span class='ocrx_word' id='word_1_777' title='bbox 2753 5457 2870 5511; x_wconf 77' lang='lat'><strong>513.</strong></span> <span class='ocrx_word' id='word_1_778' title='bbox 2900 5459 2960 5513; x_wconf 90' lang='lat' dir='ltr'><strong>E.</strong></span> <span class='ocrx_word' id='word_1_779' title='bbox 2995 5455 3386 5530; x_wconf 90' lang='lat' dir='ltr'><strong>Frequentius</strong></span> <span class='ocrx_word' id='word_1_780' title='bbox 3406 5451 3612 5513; x_wconf 83' lang='lat' dir='ltr'><strong>occur-</strong></span> 
     </span>
    </p>
   </div>
   <div class='ocr_carea' id='block_1_119' title="bbox 1949 5517 2403 5598">
    <p class='ocr_par' dir='ltr' id='par_1_119' title="bbox 1949 5517 2403 5598">
     <span class='ocr_line' id='line_1_119' title="bbox 1949 5517 2403 5598; baseline 0 -20"><span class='ocrx_word' id='word_1_781' title='bbox 1949 5517 2024 5578; x_wconf 71' lang='grc' dir='ltr'>ι’ἶι</span> <span class='ocrx_word' id='word_1_782' title='bbox 2076 5517 2111 5574; x_wconf 87' lang='grc' dir='ltr'><strong>δ</strong></span> <span class='ocrx_word' id='word_1_783' title='bbox 2117 5540 2256 5598; x_wconf 89' lang='grc' dir='ltr'>ιευκρ</span> <span class='ocrx_word' id='word_1_784' title='bbox 2265 5531 2403 5578; x_wconf 82' lang='grc' dir='ltr'>ινείν.</span> 
     </span>
    </p>
   </div>
   <div class='ocr_carea' id='block_1_120' title="bbox 1961 5715 2794 5805">
    <p class='ocr_par' dir='ltr' id='par_1_120' title="bbox 1961 5715 2794 5805">
     <span class='ocr_line' id='line_1_120' title="bbox 1961 5715 2794 5805; baseline 0.005 -29"><span class='ocrx_word' id='word_1_785' title='bbox 1961 5715 2154 5777; x_wconf 86' lang='lat' dir='ltr'><strong>multa</strong></span> <span class='ocrx_word' id='word_1_786' title='bbox 2180 5717 2514 5798; x_wconf 86' lang='lat' dir='ltr'><strong>refulgebat</strong></span> <span class='ocrx_word' id='word_1_787' title='bbox 2547 5721 2794 5805; x_wconf 85' lang='lat' dir='ltr'><strong>pietate.</strong></span> 
     </span>
    </p>
   </div>
  </div>
