4180 6472
552 325 656 383 163

1853 313 2203 380 EUTYHMII
2242 320 2573 378 ZIGABENI

3810 314 3927 380 164

551 452 895 508 Judaaorum
927 451 1119 517 sectis,
1151 467 1288 524 quas
1313 450 1410 507 hic
1435 454 1766 522 ponuntur.
1798 447 2106 506 Sadducaai
2145 448 2198 504 in

2315 453 2433 520 περὶ
2464 456 2562 499 τῶν
2617 451 2958 519 προκειμένων
3018 444 3114 499 δύο
3154 443 3457 500 Ἰουδαῖκῶν
3517 448 3783 520 αἱρέσεων.
3851 451 3924 500 Οἱ

554 536 775 592 caeteris
803 536 1246 608 quidemJudeei
1273 539 1476 590 erant:
1494 550 1700 589 verum
1730 533 2010 605 Spiritum
2039 549 2207 589 sanc-

556 627 678 679 tum
707 629 762 678 et
791 623 1057 692 angelos,
1077 639 1148 678 ac
1176 623 1669 678 resurrectionem
1697 626 2072 676 mortuorum
2102 635 2208 674 ne-

553 711 794 780 gabant,
810 727 998 783 neque
1011 713 1252 767 omnino
1265 725 1396 766 esse
1410 709 1753 765 credebant.
1770 707 2050 763 Pharisaei
2065 722 2205 763 vero

551 800 1053 872 etipsiquoquein
1081 800 1306 855 caeteris
1329 797 1882 866 Judaais,habebant
1901 795 2202 868 quasdam

548 889 997 946 observationes
1036 890 1263 945 ceteris
1293 904 1414 944 non
1456 891 1903 949 communes,ut
1916 885 2202 955 jejunium

548 977 690 1032 bino
719 978 781 1032 in
811 977 1194 1032 hebdomade
1225 978 1320 1032 die
1342 993 1355 1042 ;
1380 975 1725 1031 substantiae
1755 974 2038 1037 decimas,
2059 990 2205 1043 quas

550 1065 916 1138 pauperibus
955 1065 1318 1136 erogabant;
1358 1065 1608 1120 lotiones
1649 1079 1716 1118 ac
1766 1061 2205 1134 puriﬁcationes

550 1169 886 1216 urceorum,
929 1153 1341 1224 paropsidum,
1387 1167 1457 1207 ac
1509 1152 1892 1222 scyphorum,
1943 1149 2205 1220 aliosque

550 1241 897 1313 bujusmodi
913 1257 1131 1297 mores.
1144 1241 1515 1298 Sicutautem
1530 1240 1737 1294 scribae
1750 1239 1872 1294 sive
1891 1238 2206 1309 legisperiti

551 1345 622 1386 ac
650 1330 921 1386 doctores
947 1331 1077 1386 aliis
1131 1330 1570 1402 prmstantiores
1599 1332 1767 1384 erant
1808 1346 1820 1382 :
1854 1327 1933 1383 ita
1981 1342 2123 1381 sane
2153 1331 2207 1381 et

551 1418 834 1474 Pharisaei
848 1435 918 1474 ac
932 1418 1245 1476 Sadductei
1268 1424 1554 1489 tanquam
1567 1416 1705 1473 aliis
1719 1415 2058 1488 superiores
2075 1429 2206 1470 sese

547 1507 880 1577 jactabant.

624 1596 742 1651 Hos
772 1595 948 1666 igitur
1002 1595 1265 1652 Joannes
1323 1593 1605 1651 accedere
1654 1591 1878 1658 videns,
1927 1592 2206 1664 ipsosque

553 1698 906 1754 agnoscens,
940 1690 1067 1740 tum
1092 1699 1199 1756 per
1245 1682 1679 1740 inhabitantem
1716 1681 1776 1736 in
1807 1697 1870 1736 se
1928 1681 2202 1750 gratiam,

2317 533 2670 588 Σαδδουκαῖοι
2723 536 2883 588 τοῖλλα
2944 540 3032 609 μεν
3092 533 3341 589 Ἰουδαῖοι
3400 533 3554 604 ἦσαν,
3601 543 3808 608 Πνεῦμα
3859 535 3923 590 δε

2314 626 2462 695 ἅγιον
2505 631 2594 676 καὶ
2644 625 2888 696 ἀγγέλους
2945 631 3032 677 καὶ
3073 635 3259 698 νεκρῶν
3307 624 3592 676 ἀνάστασιν
3641 624 3918 692 ἀθετοῦσι,

2313 719 2402 764 καὶ
2442 710 2557 765 οὐδ’
2588 714 2715 775 ὅλως
2743 711 2868 765 εἷναί
2898 732 3072 785 φασιν.
3104 717 3168 765 Οἱ
3212 720 3486 787 Φαρισαῖοι
3525 710 3600 782 δὲ,
3636 720 3724 766 καὶ
3757 715 3920 767 αὐτοὶ

2313 800 2474 852 τᾶλλα
2523 805 2612 872 μεν
2655 798 2911 854 Ἰουδαῖοι
2957 804 3092 871 (75),
3145 800 3287 872 εἶχον
3351 798 3409 854 δε
3467 804 3710 875 περιττάς
3764 822 3923 865 τινας

2313 896 2721 962 παρατηρήσεις,
2780 891 2904 956 οἷον,
2978 896 3219 946 νηστείαν
3280 887 3364 951 δὶς
3430 900 3518 949 τῆς
3586 887 3924 963 ἑϐδομάδος,

2315 974 2730 1037 ἁποδεκατώσεις
2778 987 2871 1038 τῆς
2910 979 3088 1037 ούσίας
3138 978 3208 1038 εἰς
3252 984 3368 1039 τούς
3423 984 3658 1044 πένητας,
3716 978 3928 1051 βαπτι-

2317 1070 2476 1137 σμούς
2525 1072 2613 1117 καὶ
2669 1069 3025 1139 καθαρισμούς
3075 1067 3288 1129 ξεστῶν,
3354 1073 3442 1118 καὶ
3499 1070 3743 1139 πινάκων,
3821 1074 3926 1120 καὶ

2315 1159 2593 1227 ποτηρίων,
2623 1159 2710 1205 καὶ
2732 1163 2949 1206 τοιαῦτα
2978 1157 3123 1226 ἕτερα
3147 1158 3259 1211 ἔθη.
3287 1155 3485 1229 Ὠσπερ
3511 1152 3568 1208 δε
3589 1158 3706 1226 (76)
3727 1159 3778 1208 οἱ
3796 1159 3925 1227 (77)

2314 1248 2517 1313 νομικοὶ
2587 1248 2675 1294 καὶ
2752 1239 3070 1295 διδάσκαλοι
3129 1241 3507 1315 διαφορώτεροι
3573 1254 3672 1295 τῶν
3745 1245 3925 1296 ἄλλων

2316 1327 2469 1395 ἦσαν,
2504 1332 2636 1382 οὕτω
2669 1328 2735 1388 δή
2770 1336 2855 1382 καὶ
2886 1335 2933 1383 οἱ
2964 1338 3240 1405 Φαρισαῖοι
3270 1337 3358 1383 καὶ
3396 1329 3745 1385 Σαδδουκαῖοι
3775 1339 3925 1405 μέγα

2316 1417 2574 1492 ἐφρόνουν,
2608 1423 2677 1482 ὡς
2699 1426 3048 1495 περιττότεροι
3079 1429 3177 1471 τῶν
3205 1420 3390 1478 ἄλλων.

2385 1597 2608 1654 Τούτους
2650 1600 2962 1668 προσιόντας
3011 1592 3135 1647 ἰδὼν
3184 1598 3210 1647 ὁ
3253 1595 3515 1664 Ἰωάννης,
3553 1602 3643 1650 καὶ
3672 1595 3916 1668 ἕπιγνούς

2315 1683 2524 1747 αύτούς,
2571 1691 2722 1734 τοῦτο
2772 1686 2882 1755 μεν,
2939 1682 2994 1735 έκ
3047 1692 3141 1745 τῆς
3199 1684 3502 1745 ένοικούσης
3577 1685 3716 1756 αὐτῷ
3776 1688 3918 1748 θείας

550 1776 677 1828 tum
709 1789 849 1829 vero
878 1789 913 1829 a
951 1778 1115 1828 veste
1167 1772 1496 1844 habituque
1538 1769 1777 1842 insigni,
1810 1769 2051 1824 liberius
2103 1784 2198 1824 eos

2314 1774 2552 1842 χάριτος,
2584 1781 2736 1823 τούτο
2798 1769 2856 1824 δε
2905 1778 2992 1824 καὶ
3019 1773 3075 1824 ἐκ
3123 1782 3221 1824 τῶν
3274 1779 3601 1845 παρασήμων
3647 1782 3738 1834 τῆς
3783 1793 3915 1827 στο-

552 1862 746 1933 arguit
777 1877 792 1926 ;
825 1861 1125 1933 siquidem
1160 1860 1442 1916 ﬁduciam
1472 1859 1533 1914 in
1565 1875 1635 1915 eo
1672 1859 1950 1923 habebat,
1982 1857 2086 1929 qui
2142 1873 2204 1912 se

551 1951 818 2005 miserat.
861 1951 1062 2005 Miscet
1113 1955 1313 2004 autem
1364 1947 1846 2020 reprehensionis
1899 1946 2203 2016 asperitati

553 2037 818 2101 laudem,
854 2043 917 2092 ut
946 2035 1082 2092 inde
1103 2037 1349 2108 quidem
1379 2035 1781 2104 humilientur,
1831 2035 1971 2090 hinc
2002 2039 2202 2092 autem

553 2125 1028 2182 consolationem
1076 2125 1392 2196 accipiant.
1456 2127 1602 2180 Nam
1650 2125 1809 2196 ipsos
1867 2123 2203 2196 alloquens,

550 2214 861 2286 Progenies
893 2214 1226 2283 viperarum
1247 2213 1588 2286 appellavit.
1606 2214 1764 2270 Sicut
1781 2213 1942 2269 enim
1974 2213 2200 2284 vipera-

549 2321 684 2360 rum
711 2304 924 2376 proles,
959 2321 1095 2360 cum
1127 2306 1453 2376 pariuntur,
1488 2320 1627 2359 suas
1651 2304 1933 2360 occidunt
1962 2309 2202 2367 matres,

549 2409 728 2449 exeso
753 2409 960 2449 eorum
1001 2399 1220 2456 ventre,
1252 2395 1334 2449 ita
1382 2409 1528 2449 sane
1573 2399 1628 2448 et
1677 2392 1862 2447 Judaei
1912 2408 2056 2446 suos
2099 2407 2200 2462 pa-

553 2488 666 2538 tres
689 2481 1041 2555 spirituales,
1079 2488 1220 2553 puta
1266 2483 1587 2554 prophetas
1645 2482 2007 2537 occiderant.
2057 2479 2204 2535 Lau-

549 2570 717 2626 davit
771 2576 970 2626 autem
1041 2571 1204 2642 ipsos
1279 2571 1482 2626 dicens
1525 2587 1538 2624 :
1588 2570 1724 2637 Quis
1781 2568 2204 2624 demonstravit

552 2660 714 2715 vobis
733 2662 948 2730 lugere
966 2674 1002 2716 a
1018 2665 1266 2716 ventura
1297 2661 1386 2716 ira
1418 2659 1447 2714 i’
1471 2658 1804 2730 Apparebat
1831 2658 2012 2721 enim,
2037 2656 2202 2728 quod

547 2747 676 2805 sola
711 2748 980 2820 ipsorum
1045 2749 1382 2820 prudentia.

614 3001 898 3057 Futuram
937 3015 1079 3056 vero
1105 2999 1258 3055 iram
1310 2997 1468 3061 dicit,
1518 2997 1610 3052 vel
1651 3011 1788 3068 quas
1828 3011 1865 3052 a
1923 2993 2198 3052 Romanis

2313 1859 2407 1920 λῆς
2457 1865 2545 1911 καὶ
2600 1868 2692 1911 τοῦ
2748 1866 3044 1932 σχήματος,
3090 1860 3676 1935 παρρησιαστικώτερον
3728 1864 3911 1925 αυτοῖς

2315 1944 2626 2019 διαλέγεται.
2681 1953 2780 2001 Καὶ
2826 1952 2926 2022 γὰρ
2975 1949 3176 2024 ἐθάρρει
3207 1958 3277 2019 τῷ
3332 1948 3691 2002 ἀποστείλαντι
3731 1953 3906 2007 αὐτόν.

2315 2040 2546 2104 Μίγνυσι
2579 2033 2637 2088 δε
2694 2044 2756 2108 τῇ
2817 2037 3084 2109 αύστηρία
3128 2047 3224 2089 των
3266 2037 3490 2108 έλέγχων
3537 2043 3625 2090 καὶ
3682 2042 3908 2104 ἔπαινον,

2316 2125 2397 2174 ἵνα
2452 2133 2512 2196 τῇ
2573 2129 2663 2196 μὲν
2736 2128 3113 2190 ταπεινωϐὠσι,
3172 2135 3244 2195 τῷ
3319 2123 3378 2178 δε
3441 2130 3906 2201 παρηγορηθῶσιν,

2314 2210 2528 2283 Ἦλεγξε
2570 2216 2660 2284 μεν
2694 2216 2794 2287 γὰρ
2836 2213 3041 2278 αύτούς,
3094 2219 3386 2285 Γεννήματα
3423 2212 3647 2285 έχιδνὼν
3694 2218 3905 2277 τούτους

2313 2304 2761 2373 προσαγορεύσας.
2791 2301 2988 2373 Ὠσπερ
3011 2305 3111 2373 γὰρ
3140 2306 3204 2352 τὰ
3232 2308 3522 2374 γεννήματα
3550 2312 3648 2354 τῶν
3683 2301 3900 2374 ἐχιδνῶν

2315 2387 2672 2441 ἀποκτείνουσι
2703 2393 2791 2450 τὰς
2823 2390 3015 2441 ἑαυτῶν
3041 2396 3289 2464 μητέρας,
3320 2387 3775 2464 διαϐιϐρώσκοντα
3811 2395 3897 2451 τὰς

2313 2481 2505 2528 τούτων
2557 2482 2821 2551 γαστέρας
2874 2477 2920 2528 έν
2967 2487 3038 2547 τῷ
3087 2481 3419 2531 κυίσκεσθαι·
3461 2481 3598 2531 οὕτω
3630 2477 3698 2538 δή
3742 2501 3826 2531 και
3856 2483 3903 2532 οἱ

2314 2561 2564 2616 Ἰουδαῖοι
2616 2571 2732 2625 τοὺς
2799 2572 3175 2638 πνευματικοὺς
3243 2567 3412 2618 αὐτῶν
3481 2573 3727 2639 πατέρας,
3788 2573 3906 2630 τοὺς

2311 2658 2595 2724 προφήτας,
2648 2652 2932 2708 ἀπέκτενον.
2975 2655 3218 2726 Ἐπήνεσε
3246 2651 3304 2707 δε
3346 2656 3553 2725 αύτούς,
3601 2657 3774 2709 εἰπων’
3821 2662 3908 2717 Τίς

2313 2737 2572 2803 ὓπέδειξεν
2629 2743 2748 2813 ὑμῖν
2795 2750 2972 2814 φυγεῖν
3041 2743 3141 2794 ἀπὸ
3197 2753 3290 2804 τῆς
3347 2744 3638 2815 μελλούσης
3706 2745 3904 2818 ὀργῆςς

2307 2828 2537 2900 Ἐνέφηνε
2578 2834 2702 2904 γὰρ,
2735 2833 2814 2882 ὃτι
2858 2828 3026 2891 οὐδεὶς
3056 2831 3205 2893 ἄλλος
3236 2832 3371 2903 (78),
3420 2832 3560 2905 εἰμὴ
3605 2836 3632 2892 ἡ
3695 2837 3908 2895 σύνεσις

2308 2936 2497 2970 αυτων.

2379 3005 2675 3058 Μελλουσαν
2729 3005 2786 3060 δε
2836 3007 2994 3082 ὀργήν
3041 3008 3195 3079 λέγει,
3251 3012 3279 3066 ἤ
3332 3014 3425 3067 τήν
3484 3011 3584 3062 ἀπὸ
3639 3010 3904 3083 Ῥωμαίων

546 3089 604 3144 in
651 3090 954 3146 obsidione
1011 3088 1208 3144 futura
1251 3092 1410 3142 erat:
1443 3085 1528 3141 vel
1585 3101 1716 3153 qua:
1756 3100 1793 3141 a
1835 3084 1954 3140 Deo
1983 3084 2043 3139 in
2101 3083 2197 3138 die

547 3177 558 3189 .
629 3178 665 3193 μ
712 3178 743 3190 η
1130 3177 1144 3193 .
1196 3175 1591 3193 ,_
1642 3172 2017 3193 ________J_
2109 3172 2167 3193 ε--

2309 3091 2354 3144 έν
2380 3102 2442 3165 τῇ
2485 3095 2780 3168 πολιορκίᾳ,
2815 3100 2843 3154 ἦ
2874 3101 2966 3154 τήν
3028 3096 3129 3148 ἀπὸ
3180 3105 3314 3149 Θεοῦ
3370 3096 3417 3149 έν
3459 3100 3628 3171 ἡμέρᾳ
3665 3104 3903 3172 κρίσεως,

539 3177 746 3249 judieii
777 3195 794 3234 :
821 3194 1028 3250 quam,
1072 3177 1149 3232 ad
1193 3175 1600 3248 paenitentiam
1641 3172 2046 3246 properando,
2108 3172 2194 3227 iu-

542 3267 796 3338 giebant.
828 3264 1341 3337 Erumpendo(m)
1395 3263 1572 3335 igitur
1624 3261 1703 3318 ad
1753 3261 2078 3318 Pharisasos
2130 3276 2196 3316 ac

543 3355 902 3411 Sadducaeos
931 3353 1130 3423 dirigit
1168 3367 1506 3409 sermonem
1541 3351 1625 3424 (ιι)
1664 3367 1676 3406 :
1710 3367 1812 3406 eos
1843 3355 2044 3406 autem
2079 3349 2193 3420 spi-

538 3444 654 3499 ritu
678 3445 1046 3512 discernens,
1079 3444 1200 3498 haac
1237 3442 1350 3498 illis
1385 3441 1636 3504 dicebat,
1669 3440 1771 3512 qui
1813 3440 1872 3494 in
1898 3440 2193 3495 Christum

542 3533 822 3590 credituri
867 3540 1053 3598 erant,
1096 3539 1152 3588 et
1198 3533 1279 3588 ita
1326 3533 1670 3604 prtedictam
1737 3531 1890 3585 iram
1947 3529 2195 3584 omnino

542 3622 800 3677 evasuri.
860 3621 1032 3686 Quod
1078 3620 1125 3674 si
1169 3621 1352 3676 Lucas
1390 3619 1520 3673 haec
1560 3616 1750 3672 turbis
1779 3617 1947 3671 illum
1972 3616 2196 3670 dixisse

540 3710 641 3775 ait,
673 3708 753 3765 ad
782 3724 845 3764 se
874 3715 937 3762 ut
965 3707 1402 3779 baptizarentur
1432 3704 1827 3773 venientibus,
1883 3702 2029 3759 nihil
2057 3703 2196 3759 inde

541 3797 822 3854 turbaris.
875 3796 1201 3851 Verisimile
1231 3800 1319 3852 est
1360 3795 1522 3850 enim
1578 3794 1672 3850 bis
1730 3795 1851 3850 haec
1903 3796 2193 3850 Joannem

539 3886 762 3943 dixisse
805 3901 816 3939 :
852 3900 1012 3940 nunc
1035 3883 1282 3956 quidem
1307 3884 1424 3950 his,
1454 3899 1614 3940 nunc
1660 3899 1797 3940 vero
1837 3883 1970 3940 illis.
2000 3882 2196 3938 Admi-

541 3974 788 4030 rabatur
817 3978 1015 4028 autem
1045 3973 1307 4028 Joannes
1337 3988 1624 4044 magnam
1666 3972 1938 4044 ipsorum
1998 3976 2194 4041 muta-

542 4062 813 4119 tionem:
847 4061 1156 4133 quomodo
1193 4060 1252 4116 hi
1306 4062 1409 4134 qui
1456 4062 1777 4133 prophetas
1828 4061 2190 4127 occiderant,

539 4151 738 4222 ipsum
768 4165 1010 4223 quoque
1031 4165 1154 4205 non
1194 4149 1553 4217 occiderent,
1588 4150 1687 4206 sed
1731 4151 1925 4220 magis
1963 4150 2040 4206 ad
2069 4165 2194 4223 pm.

541 4239 845 4296 nitentiam
884 4240 1170 4296 venirent.

610 4330 777 4385 Vers.
845 4330 896 4383 8.
953 4329 1152 4385 Facite
1183 4359 1250 4368 —
1278 4329 1648 4398 panitentice.
1679 4327 1788 4394 Qui
1815 4343 1852 4384 a
1880 4343 2022 4398 ergo
2051 4327 2193 4383 resi-

539 4418 784 4491 piscitis,
848 4419 1072 4483 scitote,
1153 4418 1320 4489 quod
1381 4434 1498 4473 non
1565 4417 1784 4474 sufﬁcit
1834 4419 2190 4489 pravitatem

539 4506 831 4562 duntaxat
881 4505 1083 4574 fugere
1125 4521 1139 4560 :
1191 4506 1297 4560 sed
1339 4511 1571 4578 oportet
1622 4507 1898 4562 virtutem
1946 4521 2190 4578 quoque

540 4593 793 4668 operari.
861 4593 1126 4659 Declina,
1205 4593 1414 4666 inquit,
1474 4611 1510 4651 a
1567 4596 1742 4666 malo,
1828 4597 1880 4650 et
1936 4594 2040 4663 fac
2099 4593 2192 4648 bo-

539 4701 683 4741 num
718 4684 788 4738 ⁸³.

610 4772 774 4830 Vers.
796 4771 852 4827 9.
882 4772 962 4828 Et
983 4785 1056 4828 ne
1077 4801 1147 4816 --
1193 4770 1514 4830 Abraham.
1555 4772 1648 4829 Ne
1707 4771 2042 4836 videamini,
2074 4771 2188 4828 hoc

609 4954 657 4990 ⁵1
687 4953 825 5010 Luc.
852 4967 930 5018 ιιι,
953 4955 1012 5011 7.
1051 4952 1098 4988 ⁵³
1128 4950 1280 5009 Psal.
1305 4968 1504 5020 χχχιιι,
1537 4954 1625 5008 15.

2307 3184 2367 3240 ἣν
2412 3185 2618 3254 ἔφευγον
2671 3182 2943 3256 ἐρχόμενοι
3001 3185 3072 3246 εἰς
3127 3191 3417 3256 μετάνοιαν.
3474 3191 3901 3259 Προηγουμένως,

2303 3274 2393 3342 μεν
2456 3267 2544 3322 οὖν
2603 3275 2728 3344 πρὸς
2796 3276 2911 3333 τοὺς
2979 3279 3298 3347 Φαρισαίους
3352 3279 3442 3326 καὶ
3507 3272 3905 3338 Σαδδουκαίους

2305 3358 2531 3411 ἀπέτεινε
2602 3363 2688 3411 τὸν
2745 3360 2916 3432 λόγον,
2994 3365 3062 3422 ὡς
3125 3358 3405 3423 δοκοῦντας
3473 3369 3900 3437 φρονιμωτέρους*

2305 3443 2398 3498 διὰ
2426 3451 2589 3519 μέσου
2638 3445 2696 3500 δε
2741 3449 2908 3500 αὐτῶν
2966 3450 3102 3520 ἔλεγε
3148 3459 3316 3502 ταῦτα
3366 3455 3496 3525 πρὸς
3549 3456 3670 3513 τοὺς
3699 3451 3900 3523 μέλλον-

2303 3555 2395 3596 τας
2427 3536 2498 3597 εἰς
2545 3541 2774 3610 Χριστὸν
2806 3541 3085 3604 πιστεύειν,
3134 3540 3184 3590 οἱ
3221 3541 3425 3599 πάντως
3463 3544 3551 3591 καὶ
3581 3544 3674 3597 τήν
3726 3537 3900 3597 δηλω-

2306 3625 2480 3676 θεῖσαν
2547 3625 2707 3698 ὀργήν
2770 3626 2971 3697 ἔμελλον
3029 3627 3280 3699 ἐκφυγεῖν.
3352 3627 3416 3681 Εἰ
3467 3624 3526 3679 δε
3597 3630 3622 3680 ὁ
3693 3635 3899 3690 Λουκᾶς

2304 3731 2482 3784 φησιν,
2533 3714 2613 3764 ὃτι
2678 3713 2816 3784 ἂεγε
2869 3723 3035 3766 ταῦτα
3086 3723 3194 3777 τοῖς
3251 3714 3672 3789 ἐκπορευομένοις
3723 3717 3899 3787 ὄχλοις

2303 3799 2665 3873 βαπτισθῆναι
2721 3803 2808 3853 ὑπ’
2856 3803 3035 3873 αὑτοῦ,
3099 3808 3170 3874 μὴ
3219 3806 3517 3875 ταραχθῇς.
3574 3805 3724 3864 Εἰκὸς
3773 3808 3895 3879 γὰρ,

2303 3886 2387 3952 δὶς
2413 3897 2577 3941 ταῦτα
2605 3893 2690 3941 τὸν
2739 3890 2976 3947 Ἰωάννην
3031 3891 3208 3957 εἰπεῖν,
3259 3900 3346 3943 νῦν
3396 3896 3484 3964 μὲν
3543 3897 3766 3958 τούτοις,
3809 3902 3897 3944 νῦν

2303 3974 2362 4030 δε
2412 3977 2643 4039 ἐκείνοις.
2705 3978 3078 4037 Ἐκπλήττεται
3112 3976 3171 4032 δε
3200 3981 3226 4032 ὁ
3279 3980 3513 4041 Ἰωάννης
3563 3986 3657 4040 τὴν
3707 3980 3898 4055 ἁθρόαν

2301 4067 2469 4119 αὐτῶν
2534 4067 2844 4138 μεταϐολήν,
2904 4076 3012 4138 πῷς
3064 4069 3199 4140 (79),
3272 4074 3682 4142 προφητοκτὸνοι
3739 4075 3897 4139 ὄντες,

2301 4155 2394 4208 ούκ
2469 4154 2742 4229 ἀναιροῦσι
2812 4161 2902 4208 καὶ
2956 4157 3130 4222 αὐτὸν,
3174 4155 3286 4225 ἀλλ,
3327 4160 3574 4232 ἔρχονται
3625 4164 3696 4221 είς
3742 4162 3904 4232 μετοί-

2299 4262 2461 4297 νοιαν.

2373 4336 2633 4390 Ποιήσατε
2686 4364 2755 4373 -
2803 4339 3092 4406 μετανοίας.
3152 4334 3300 4389 Ἐπεὶ
3352 4341 3522 4388 τοίνυν
3579 4344 3898 4408 μετανοεῖτε,

2299 4426 2600 4491 γινώσκετε,
2633 4423 2713 4473 ὅτι
2745 4421 2838 4473 οὐκ
2874 4420 3019 4497 ἀρκεῖ
3047 4429 3199 4495 μόνον
3243 4427 3300 4476 τὸ
3328 4432 3504 4496 φυγεῖν
3546 4430 3635 4483 τήν
3683 4432 3896 4495 κακίαν,

2301 4505 2428 4559 ἀλλά
2479 4514 2587 4582 χρὴ
2640 4515 2724 4562 καὶ
2783 4510 2967 4583 ἀρετήν
3007 4509 3390 4575 ἐπιδείξασθαι.
3452 4513 3720 4567 ’Έκκλινον
3766 4517 3894 4588 γὰρ,

2300 4601 2478 4667 φησὶν,
2515 4596 2615 4649 ἀπὸ
2646 4606 2833 4665 κακοῦ,
2858 4605 2945 4652 καὶ
2981 4605 3200 4659 ποίησον
3223 4600 3435 4672 ἀγαθόν.

2370 4779 2470 4828 Καὶ
2499 4779 2572 4849 μὴ
2618 4807 2687 4817 --
2715 4775 2971 4852 ’Δϐραάμ.
3013 4809 3081 4820 -
3122 4783 3206 4837 Μὴ
3252 4775 3460 4850 δόξητε,
3493 4778 3605 4834 ἀντὶ
3651 4787 3761 4850 τοῦ,
3803 4785 3893 4840 Μή

1737 5075 1956 5145 Variae
1993 5073 2323 5143 lectiones
2359 5084 2424 5142 et
2487 5087 2690 5146 notae.

755 5295 880 5366 πάρ,
912 5307 1022 5366 ΡῙῸ
1053 5287 1112 5366 ᾆί
1135 5292 1219 5366 _A'

633 5220 721 5286 75)
760 5215 950 5286 Ἦσαν,
982 5219 1150 5276 addit
1181 5223 1244 5276 A-

633 5223 700 5277 75
760 5220 950 5286 Ἦσαν,
982 5220 1150 5276 addit
1181 5243 1194 5274 Α

608 5220 722 5440 ἓἹδξ
755 5295 880 5366 Γάρ,
912 5307 1022 5374 pro
1053 5287 1112 5373 ᾁι
1146 5292 1194 5344 Α

631 5360 700 5421 77
759 5361 846 5430 Oi,
888 5367 1104 5420 omittit
1133 5362 1194 5416 Β.

605 5504 708 5578 (m)
740 5503 1167 5582 ῌροηγουμένως,
1199 5513 1323 5556 non
1351 5502 1456 5569 est,
1479 5500 1856 5572 erumpendo,
1895 5500 1999 5560 sed
2033 5516 2185 5573 prae-

538 5575 721 5652 cipue,
744 5575 810 5635 iri
827 5575 1070 5647 prima.

2367 5216 2484 5362 278}
2509 5215 2692 5274 intell.
2725 5214 3008 5282 ὑπέδειξεν.

2389 5289 2456 5344 79
2513 5291 2639 5362 Γάρ,
2660 5290 2981 5362 interponit

2389 5289 2479 5362 79)
2513 5291 2639 5365 Γάρ,
2660 5290 2981 5362 interponit
3008 5291 3076 5347 Β.

2349 5499 2622 5582 _(n)‘.Post
2673 5515 3013 5582 sermonem,
3040 5502 3125 5560 ita
3177 5502 3520 5582 legendum,
3551 5502 3756 5582 iis__q_ui
3797 5518 3894 5582 sa-

2290 5571 2610 5644 pientiores
2629 5572 2998 5644 videbantur,
3012 5589 3119 5648 per
3137 5571 3442 5635 eosautem
3460 5571 3589 5637 haec
3608 5571 3752 5648 illis,
3777 5581 3891 5634 etc.
