4180 6472
252 383 357 448 165

1227 381 1596 440 COMMENT.
1638 382 1708 438 IN
1744 373 2177 446 MATPIIEUM.
2219 412 2288 422 —
2325 380 2479 440 CAP.
2527 381 2621 437 III.

3521 379 3623 436 166

257 516 526 574 θελήσητε.
583 518 830 588 Παραινεί
891 508 968 578 δὲ,
1023 514 1095 583 μὴ
1150 508 1313 581 λέγειν
1380 507 1431 561 έν
1485 514 1599 568 ταῖς
1661 506 1852 560 ἑαυτῶν

1978 512 2064 570 est,
2082 507 2165 562 Ne
2212 505 2414 570 velitis,
2454 505 2752 562 Admonet
2779 508 2998 571 autem,
3020 503 3466 561 neincordibus
3493 505 3618 560 suis

255 603 481 676 ψυχαῖς,
557 604 637 655 ὃτι
713 605 914 674 Πατέρα
993 603 1183 670 ἔχομεν
1261 601 1348 650 τὸν
1428 595 1686 669 ’Δϐρααμ,
1766 600 1856 647 καὶ

259 692 405 767 ὰρκεῑ
459 693 583 763 ἡμῖν
640 690 710 752 εἰς
764 688 970 762 ἀρετὴν,
1028 690 1088 739 τὸ
1135 685 1222 738 ἀπ’
1271 683 1463 738 ἐκείνου
1511 686 1853 755 κατάγεσθαι.

259 781 332 833 Ού
363 787 470 854 χρὴ
511 781 632 853 γὰρ,
683 783 814 850 μέγα
871 783 1177 850 φρονοῦντας
1229 774 1314 826 ἐπὶ
1366 782 1476 834 ταῖς
1530 782 1629 826 τῶν
1667 778 1858 846 προγο-

253 890 349 921 νων
380 867 603 941 ἀρεταῖς,
638 867 824 926 αύτούς
855 865 1054 938 ἀμελεῖν
1088 865 1286 916 οἰκείων
1315 863 1748 938 κατορθωμάτων.

320 1049 470 1118 Λέγω
505 1074 570 1085 -—
610 1043 870 1116 Ἀϐραάμ.
918 1046 1004 1101 Μὴ
1061 1046 1333 1114 νομίσητε,
1390 1045 1570 1112 φησὶν,
1622 1039 1724 1107 ὁτι,
1779 1038 1862 1090 ἐὰν

248 1136 394 1207 ὑμεῖς
458 1132 744 1204 ἀπόλησθε,
805 1134 870 1192 ὡς
952 1132 1179 1205 ἄκαρποι
1249 1128 1450 1201 ἀρετῆς,
1525 1128 1694 1180 ούκέτι
1767 1128 1866 1190 ἔξει

248 1228 404 1276 τέκνα
453 1223 479 1274 ὁ
511 1221 753 1294 Ἀϐραάμ
783 1240 795 1253 ·
831 1217 1052 1272 δύναται
1103 1222 1203 1292 γὰρ
1254 1220 1279 1270 ὁ
1307 1221 1432 1277 Θεὸς
1480 1215 1536 1269 έκ
1578 1225 1674 1269 τῶν
1731 1215 1865 1286 ἀψύ-

249 1332 363 1384 χων
411 1313 608 1362 τούτων
657 1309 812 1362 λίθων
861 1307 1054 1382 ἐγεῖραι
1104 1312 1256 1360 τέκνα
1318 1315 1390 1376 τῷ
1438 1304 1695 1378 Ἀϐραάμ,
1752 1310 1853 1358 Καὶ

249 1402 353 1472 γὰρ
420 1403 510 1451 καὶ
560 1401 644 1451 τὸν
699 1397 879 1450 Ἰσαὰκ
928 1397 982 1449 ἐκ
1039 1403 1134 1458 τῆς
1191 1395 1404 1466 ἀψύχου
1462 1399 1551 1445 καὶ
1601 1388 1862 1459 λιθώδους

253 1495 458 1562 μήτρας
509 1495 604 1549 τῆς
635 1486 831 1561 Σάῤῥας
887 1490 1088 1558 ἤγειρεν
1130 1485 1290 1555 αύτῷ.
1351 1483 1510 1538 Ἔστι
1559 1477 1618 1534 δε
1647 1487 1734 1533 καὶ
1761 1481 1860 1533 έτέ-

254 1597 355 1652 ρως
405 1577 580 1630 εἰπεῖν.
637 1580 721 1633 Μὴ
773 1575 1068 1646 κομπάζετε
1125 1573 1208 1626 ini.
1259 1581 1331 1642 τῷ
1383 1574 1522 1643 ἔχειν
1575 1571 1728 1644 ῥίζαν
1775 1572 1858 1640 γέ-

255 1684 377 1728 νους
431 1668 516 1718 τόν
581 1663 836 1738 Ἀϐραάμ.
895 1670 1058 1715 Τοῦτο
1111 1664 1212 1736 γὰρ
1281 1661 1387 1732 οὐχ
1445 1660 1685 1732 ύμέτερὸν
1749 1656 1859 1709 ἐστι

251 1754 584 1828 κατόρθωμα,
641 1751 768 1804 ἀλλα
820 1758 954 1805 Θεοῦ
995 1747 1181 1825 δῶρον,
1229 1749 1285 1811 ὃς
1337 1745 1558 1801 δύναται
1589 1751 1660 1819 μὴ
1704 1751 1857 1818 μόνον

254 1839 308 1902 ἐξ
359 1839 646 1915 ἄνθρωπον,
700 1839 828 1892 ἀλλὰ
881 1843 970 1892 καὶ
1023 1838 1078 1890 ἐκ
1133 1847 1233 1890 τῶν
1287 1840 1597 1910 φαινομένων
1662 1837 1856 1886 τούτων
1888 1853 1935 1909 Β

251 1927 406 1981 λίθων
442 1927 636 2001 έγεῖραι
664 1933 816 1981 τέκνα
843 1936 916 1999 τῷ
939 1926 1202 1998 Ἃϐραὰμ,
1238 1927 1324 1978 οἷα
1347 1921 1762 1996 παντοδύναμος.

324 2019 467 2078 Τίνες
515 2014 574 2069 δέ
605 2036 756 2089 φασι,
785 2021 906 2076 τοὺς
955 2013 1006 2076 έξ
1036 2013 1186 2065 ἐθνῶν
1239 2018 1648 2074 πεπιστευκότας
1699 2012 1857 2064 αἰνίτ⁶

256 2107 438 2158 τεσθαι
497 2109 584 2156 τὸν
637 2104 808 2174 λόγον,
859 2104 929 2166 οἶ,
979 2105 1343 2174 πεπωρωμένοι
1402 2106 1491 2154 καὶ
1549 2102 1857 2157 ἀναίσθητοι

259 2198 396 2255 ὄντες
424 2201 520 2253 τῆς
575 2191 814 2251 ἀληθείας
869 2193 1116 2263 πρότερον
1175 2185 1269 2241 διὰ
1321 2199 1413 2251 τῆς
1441 2195 1662 2248 πίστεως
1697 2188 1860 2240 υἱοθεο

261 2283 500 2339 τήθησαν
552 2281 792 2352 ὕστερον,
843 2278 1024 2333 Ἀλλοι
1067 2275 1125 2330 δε
1154 2277 1388 2349 λέγουσι,
1420 2274 1860 2350 παραδηλοῡσθαι

259 2373 381 2430 τούς
411 2367 459 2420 έν
498 2377 569 2439 τῷ
613 2377 778 2442 καιρῷ
822 2375 914 2419 τοῦ
944 2368 1140 2427 πάθους
1194 2374 1287 2418 τοῦ
1338 2371 1593 2440 Σωτῆρος,
1640 2364 1740 2417 ὰπὸ
1770 2372 1861 2417 τοῦ

257 2459 552 2528 σχίζεσθαι
617 2459 707 2516 τὰς
766 2461 969 2530 πέτρας,
1030 2451 1123 2506 διὰ
1177 2459 1402 2516 πίστεως
1453 2457 1858 2515 υίοθετηθέντας.

257 2551 358 2599 Καὶ
421 2545 562 2597 οὗτοι
622 2541 682 2597 δι
727 2542 953 2596 κάκεῖνοι
1024 2552 1094 2614 τῷ
1147 2542 1388 2617 Ἀϐραὰμ
1456 2544 1860 2608 υίοθετήθησαν,

255 2635 320 2693 ὡς
381 2641 472 2685 τοῦ
529 2631 640 2684 κατ’
696 2633 851 2685 αὐτὸν
922 2632 1134 2684 αἰωνίου
1204 2631 1393 2704 κλήρου
1443 2631 1854 2704 μεταλαχόντες.

258 2727 458 2795 Κυρίως
499 2725 600 2794 γὰρ
645 2726 796 2774 τέκνα
842 2729 934 2774 τοῦ
985 2721 1210 2794 Αϐραάμ
1261 2721 1392 2773 εἰσιν
1447 2723 1496 2773 οἱ
1549 2724 1642 2781 τὰς
1682 2720 1862 2795 ἀρετὰς

259 2811 418 2862 αὑτοῦ
457 2813 786 2883 μιμούμενοι,
835 2815 925 2863 καὶ
975 2818 1070 2871 τῆς
1115 2810 1276 2872 αὐτῆς
1326 2810 1467 2880 αὐτῷ
1523 2809 1861 2881 καταξιούμε-

259 2916 337 2949 νοι
393 2895 602 2972 μερίδος
649 2898 697 2950 έν
748 2907 810 2971 τῇ
890 2897 1136 2971 βασιλείᾳ
1197 2907 1295 2951 τῶν
1364 2899 1612 2971 ούρανών,
1662 2895 1758 2948 κᾶν
1810 2895 1862 2958 ἐξ

259 2982 528 3039 Ἰουδαὶων
576 2983 688 3052 εἷεν,
737 2986 830 3038 κᾶν
872 2985 924 3049 ἕξ
965 2986 1134 3042 έθνών.
1185 2994 1260 3040 Με
1308 2987 1408 3048 ζων
1451 2989 1552 3060 γὰρ
1596 2987 1625 3044 ἠ
1661 2985 1713 3049 έξ
1742 2984 1861 3059 ἁρε-

262 3081 360 3136 τῆς
407 3079 680 3147 συγγένεια
725 3085 816 3136 τῆς
854 3074 907 3138 ἐξ
947 3077 1168 3148 αἵματος
1223 3075 1550 3146 οἰκειώσεως,
1604 3076 1726 3127 ὅσον
1773 3079 1862 3127 καὶ

261 3165 294 3221 ἠ
327 3161 480 3235 ψυχὴ
516 3169 796 3238 τιμιωτέρα
819 3171 910 3216 τοῦ
951 3172 1208 3237 σώματος.

333 3248 463 3310 Ἠδη
517 3283 586 3292 -
638 3252 706 3312 εἰς
755 3259 858 3326 πῦρ
919 3251 1184 3324 βάλλεται.
1253 3251 1442 3322 [Ἀξίνη
1495 3251 1606 3324 (80)
1660 3254 1771 3324 μεν,
1829 3253 1858 3310 ἠ

261 3337 570 3410 εύαγγελικὴ
639 3344 771 3410 τομή
782 3382 797 3407 ,

1899 3196 1943 3254 C

875 3339 1190 3411 ἐκτέμνουσα
1260 3344 1381 3402 τοὺς
1458 3339 1724 3413 ἀκάρπους
1797 3339 1864 3400 εἰς

263 3425 446 3499 ὰρετὰς
497 3431 588 3478 καὶ
617 3432 795 3479 πίστιν
835 3423 1124 3490 Ἰουδαίους
1169 3427 1268 3480 ὰπὸ
1307 3436 1398 3480 τοῦ
1446 3433 1624 3500 νόμου,
1673 3429 1731 3480 ού
1761 3433 1864 3500 μὴν

267 3511 574 3586 έκριζούσα.
626 3514 772 3575 Ῥίζα
821 3516 922 3589 γὰρ
982 3515 1145 3567 αὐτῶν
1201 3517 1226 3567 ὁ
1261 3520 1428 3588 νόμος,
1485 3517 1524 3587 ᾧ
1581 3515 1686 3568 ἀντ’
1742 3517 1865 3569 έκείο

266 3622 363 3652 νων
393 3603 442 3654 οί
488 3605 854 3664 πιστεύσαντες
917 3605 1329 3678 ἑγκεντρίζονται
1380 3623 1392 3634 ’

264 3688 640 3765 Ἰσραηλῖται.]

1445 3601 1639 3679 δένδρα
1704 3601 1763 3658 δὲ
1819 3607 1867 3658 οἱ

335 3779 576 3841 Φοϐήσας
631 3777 691 3832 δε
750 3781 860 3853 (8|)
915 3780 1120 3847 αύτούς,
1175 3785 1245 3845 ὡς
1271 3780 1718 3856 ὰποπεσουμένους
1773 3789 1864 3834 τοῦ

261 3871 440 3940 γένους
500 3876 592 3920 τοῦ
660 3867 915 3943 Ἀϐραὰμ,
989 3870 1033 3922 εἰ
1099 3876 1170 3944 μὴ
1227 3877 1558 3945 προσέχοιεν,
1629 3871 1864 3925 έπιτείνει

264 3959 351 4007 τὸν
401 3955 552 4028 φόϐον
608 3959 701 4012 ἔτι.
758 3958 834 4010 Ού
891 3963 1043 4031 μόνον
1099 3962 1221 4034 γὰρ,
1279 3966 1457 4032 φησὶν,
1517 3960 1866 4016 ὰποπεσεῖσθε

265 4051 357 4096 τοῦ
405 4048 642 4098 τοιούτου
670 4051 867 4118 γένους,
919 4045 1042 4115 ἀλλ’,
1075 4051 1142 4110 ὡς
1174 4048 1374 4101 ἀνίατοι
1418 4049 1617 4116 λοιπὸν,
1661 4055 1867 4124 ταχέως

265 4131 605 4196 ὰποκοπέντες
673 4143 764 4196 τῆς
816 4135 1030 4189 ἐνταῦθα
1100 4140 1253 4204 ζωῆς,
1329 4144 1418 4190 καὶ
1479 4137 1581 4191 ἐκεῖ
1635 4160 1865 4216 τιμωρη-

267 4223 512 4281 θήσεσθε.
579 4222 783 4286 Ἀξίνην
843 4228 932 4297 μεν
995 4228 1096 4299 γὰρ
1157 4235 1417 4301 τροπικῶς
1475 4229 1710 4301 ὠνόμασε
1778 4233 1866 4282 τὸν

266 4312 487 4364 θάνατον
515 4329 527 4341 ⁸
563 4309 759 4387 δένδρα
789 4309 866 4375 δὲ,
897 4317 1018 4375 τοὺς
1046 4313 1349 4389 ἀνθρώπους
1375 4332 1387 4345 °
1414 4317 1566 4391 ῥίζαν
1589 4313 1648 4369 δι
1675 4318 1864 4391 αὐτῶν,

262 4404 358 4458 τὴν
392 4403 548 4463 ζωήν.
580 4407 690 4475 Πῦρ
725 4397 784 4454 δε
815 4398 921 4454 εἷπε
944 4405 1002 4454 τὸ
1032 4410 1122 4462 τῆς
1145 4406 1376 4473 γεέννης.

336 4487 484 4550 Τινες
527 4486 586 4542 δε
663 4490 814 4564 ῥίζαν
879 4493 969 4563 μὲν
1039 4492 1392 4565 ἡρμήνευσαν,
1466 4495 1552 4545 τὸν
1606 4492 1861 4570 Ἀϐραὰμ,

269 4572 465 4648 δένδρα
513 4574 592 4647 δὲ,
649 4582 860 4640 τούτους
907 4583 1023 4640 τοὺς
1077 4579 1572 4642 ἀναϐλ.αστήσαντας
1614 4582 1666 4646 έξ
1705 4584 1864 4636 αὐτοῦ

264 4661 574 4736 Ἰουδαίους,
633 4664 810 4729 ἀξίνην
851 4665 929 4733 δὲ,
975 4671 1062 4720 τὸν
1097 4672 1347 4742 Χριστόν,
1407 4669 1460 4732 ὃς
1499 4671 1696 4744 ἔμελλεν
1739 4672 1866 4726 ὰπο-

266 4760 435 4825 τεμεῖν
463 4757 552 4826 μὲν
602 4753 805 4823 αύτούς,
855 4760 1095 4828 μένοντας
1147 4756 1408 4832 ἀκάρπους
1451 4759 1520 4822 εἰς
1566 4764 1656 4819 τὴν
1688 4765 1865 4815 πίστιν

265 4849 360 4894 τοῦ
434 4841 774 4915 Εὗαγγελίου,
846 4844 1172 4919 έγκεντρίσαι
1250 4843 1312 4900 δε
1392 4851 1510 4910 τοὺς
1559 4847 1612 4910 έξ
1678 4849 1856 4906 ἐθνῶν.

266 4931 447 4993 Οὕτως
503 4928 591 4984 οὖν
651 4938 971 4997 κατασείσας
1022 4937 1190 4988 αὐτων
1235 4939 1295 4988 τὸ
1339 4941 1598 5011 φρόνημα,
1648 4943 1739 4990 καὶ
1771 4958 1868 4996 μα-

264 5017 425 5082 λάξας
465 5028 561 5083 τῆς
588 5023 782 5074 τούτων
836 5019 1064 5097 καρδίας
1090 5027 1150 5076 τὸ
1195 5023 1439 5100 σκληρὸν,
1487 5034 1559 5097 τῷ
1605 5025 1743 5099 φόϐῳ
1772 5035 1869 5089 τῆς

266 5105 572 5172 ἐκπτώσεως
615 5117 709 5163 τοῦ
750 5112 929 5184 γένους
973 5108 1230 5186 Ἀϐραὰμ,
1277 5119 1368 5166 καὶ
1418 5120 1480 5186 τῇ
1531 5113 1744 5188 ἐκτομῇ,
1776 5119 1868 5168 καὶ

265 5203 340 5267 τῷ
384 5201 534 5271 πυρὶ,
562 5197 738 5251 λοιπὸν
768 5200 968 5272 εἰσάγει
1005 5204 1092 5254 τὸν
1140 5206 1258 5276 περὶ
1287 5210 1378 5256 τοῦ
1427 5203 1666 5278 Χριστοῦ
1709 5203 1864 5276 λόγον

265 5287 398 5357 μετὰ
452 5285 643 5350 πολλῆς
693 5297 789 5352 τῆς
841 5291 1130 5366 ὑπεροχῆς,
1189 5293 1272 5346 ἳνα
1326 5295 1526 5364 φανέντι
1590 5289 1871 5370 προσδρά-

267 5390 436 5448 μωσιν
462 5375 603 5448 αὐτῷ
616 5417 630 5433 .

1963 597 2160 652 dicant
2193 613 2205 651 :
2239 599 2479 653 Patrem
2497 598 2780 654 habemus
2817 595 3160 651 Abraham:
3189 599 3246 650 et
3274 594 3493 651 sufﬁcit
3515 611 3617 652 no-

1963 684 2057 740 bis
2080 685 2154 740 ad
2186 685 2481 752 virtutem,
2516 685 2681 757 quod
2721 684 2799 740 ab
2825 684 2923 739 illo
2941 683 3388 739 descendemus.
3419 687 3616 757 Neque

1965 773 2125 828 enim
2177 772 2330 829 ullos
2377 778 2630 844 oportet,
2684 772 2758 828 de
2807 771 3256 844 progenitorum
3307 772 3618 827 virtutibus

1967 861 2207 933 gloriari
2243 883 2254 914 :
2287 877 2423 916 cum
2453 861 2570 932 ipsi
2596 860 2960 931 negligentes
2993 860 3112 915 sint
3140 859 3214 915 de
3243 861 3618 932 propriarum

1969 949 2254 1020 operibus
2283 950 2588 1004 virtutum.

2041 1038 2197 1092 Vers.
2231 1035 2283 1090 9.
2335 1036 2475 1092 Dico
2515 1068 2581 1076 —
2633 1035 2926 1094 Abrahae.
2985 1034 3065 1090 Ne
3107 1035 3351 1106 putetis,
3400 1035 3613 1108 inquit,

1970 1126 2130 1198 quod
2157 1124 2207 1180 si
2273 1141 2378 1182 vos
2432 1124 2665 1197 absque
2710 1125 2904 1180 fructu
2961 1125 3245 1179 virtutum
3304 1125 3614 1196 perieritis,

1971 1213 2118 1269 nulli
2147 1213 2350 1286 reliqui
2381 1218 2554 1269 erunt
2583 1213 2835 1269 Abrahae
2868 1213 2994 1268 ﬁlii.
3045 1212 3239 1268 Potest
3268 1213 3427 1268 enim
3466 1214 3619 1269 Deus

1971 1302 2046 1358 de
2097 1303 2439 1359 inanimatis
2487 1302 2580 1357 his
2637 1301 2933 1372 lapidibus
2982 1301 3266 1357 suscitare
3317 1300 3468 1357 ﬁlios
3508 1302 3619 1374 ipsi

1970 1390 2244 1446 Abrahae.
2298 1391 2517 1445 Etenim
2549 1392 2748 1460 ipsum
2799 1403 3041 1460 quoque
3092 1394 3256 1444 Isaac
3313 1391 3623 1446 suscitavit

1971 1479 2042 1546 ei,
2077 1479 2150 1534 de
2182 1479 2511 1534 inanimato
2558 1493 2628 1534 ac
2679 1477 2912 1549 lapideo
2964 1479 3130 1535 Sara)
3182 1483 3366 1533 utero.
3424 1477 3621 1534 Potest

1969 1572 2025 1624 et
2069 1567 2188 1623 alio
2217 1566 2397 1622 modo
2423 1566 2535 1622 dici
2573 1582 2584 1621 :
2621 1569 2698 1622 Ne
2732 1566 3084 1636 gloriemini,
3124 1566 3288 1638 quod
3319 1566 3611 1635 originem

1966 1654 2238 1711 habeatis
2259 1656 2456 1726 ipsum
2473 1654 2797 1710 Abraham.
2826 1656 3024 1727 Neque
3038 1657 3197 1710 enim
3210 1655 3323 1710 hoc
3350 1659 3618 1709 vestrum

1965 1743 2196 1800 bonum
2247 1759 2394 1815 opus
2441 1748 2547 1809 est,
2607 1743 2711 1798 sed
2755 1743 2856 1798 Dei
2912 1743 3142 1798 donum
3185 1761 3198 1798 :
3242 1743 3366 1814 qui
3405 1749 3617 1815 potest,

1966 1847 2184 1904 nempe
2223 1832 2626 1904 omnipotens,
2656 1832 2730 1885 de
2757 1831 3189 1902 apparentibus
3206 1832 3296 1887 his
3318 1831 3618 1903 lapidibus

1967 1920 2242 1976 suscitato
2273 1919 2426 1976 ﬁlios
2457 1919 2570 1990 ipsi
2610 1917 2884 1974 Abrahae.

2041 2009 2283 2074 Quidam
2323 2013 2524 2064 autem
2553 2007 2760 2063 dicunt
2797 2023 2899 2063 eos
2947 2008 3051 2080 qui
3077 2023 3110 2064 e
3161 2009 3441 2080 gentibus
3500 2024 3622 2065 cre-

1967 2099 2264 2163 diderunt,
2317 2096 2411 2152 his
2468 2096 2655 2151 verbis
2710 2096 3174 2168 insinuarizqui
3227 2099 3488 2170 primum
3541 2098 3620 2154 ad

1970 2188 2264 2245 veritatem
2291 2186 2570 2242 obdurati
2601 2191 2657 2241 et
2686 2186 2989 2251 insensati,
3038 2195 3246 2259 postea
3304 2204 3409 2260 per
3451 2189 3622 2244 ﬁdem

1969 2278 2029 2333 in
2057 2276 2209 2332 ﬁlios
2252 2275 2520 2346 adoptati
2578 2281 2736 2330 sunt.
2795 2274 2906 2333 Alii
2967 2291 3108 2331 vero
3153 2276 3284 2332 illos
3318 2277 3623 2346 designari

1969 2364 2196 2428 dicunt,
2228 2363 2330 2434 qui
2348 2367 2617 2434 tempore
2648 2363 2946 2418 Passionis
2977 2363 3191 2419 Christi
3221 2365 3300 2419 ob
3332 2371 3622 2436 petrarum

1972 2451 2318 2507 scissionem
2347 2466 2453 2522 per
2497 2450 2762 2506 ﬁdemiu
2810 2450 2968 2506 ﬁlios
3028 2451 3295 2524 adoptati
3327 2459 3466 2509 sunt
3523 2459 3625 2521 ;et

1971 2541 2031 2597 hi
2058 2548 2259 2596 autem
2303 2545 2358 2594 et
2413 2537 2494 2594 illi
2545 2538 2606 2594 in
2654 2539 2906 2595 Abrahae
2957 2539 3112 2594 ﬁlios
3159 2543 3416 2613 cooptati
3466 2549 3624 2608 sunt,

1972 2635 2174 2701 utpote
2221 2644 2358 2684 cum
2410 2627 2546 2700 ipso
2589 2634 2825 2684 mternaa
2877 2629 3241 2685 hereditatis
3293 2631 3623 2703 participes.

1973 2717 2209 2789 Proprie
2249 2717 2409 2773 enim
2443 2717 2696 2773 Abrahae
2725 2715 2828 2772 ﬁlii
2871 2722 3032 2787 sunt,
3063 2719 3169 2790 qui
3220 2719 3464 2774 virtutes
3494 2721 3624 2791 ejus

1970 2793 2299 2872 imitantur,
2354 2822 2422 2862 ac
2491 2812 2650 2862 sorte
2709 2805 2898 2878 ipsius
2954 2808 3014 2862 in
3087 2821 3273 2877 regno
3328 2808 3621 2864 ccelorum

1971 2894 2137 2965 digni
2168 2895 2478 2960 habentur,
2511 2895 2635 2950 sive
2661 2911 2732 2950 ex
2771 2895 2993 2950 Judaais
3018 2895 3154 2962 sint,
3191 2896 3316 2953 sive
3373 2913 3444 2952 ex
3485 2913 3628 2967 gen-

1972 2985 2149 3041 tibus.
2204 2986 2352 3040 Nam
2399 2988 2568 3040 tanto
2613 2987 2810 3054 major
2882 2989 2972 3040 est
3021 2984 3252 3041 virtutis
3323 2986 3624 3056 cognatio,

1972 3089 2153 3145 quam
2185 3072 2514 3144 sanguinis,
2554 3077 2783 3145 quanto
2812 3071 3020 3129 anima
3062 3089 3311 3146 corpore
3341 3081 3624 3146 praestan-

1972 3164 2088 3220 tior
2116 3167 2222 3218 est.

2043 3253 2212 3309 Vers.
2245 3252 2330 3306 10.
2369 3251 2504 3308 Iam
2537 3281 2603 3292 —-
2632 3251 2692 3306 in
2723 3252 2913 3321 ignem
2941 3251 3220 3307 mittitur.
3249 3253 3335 3322 -Η-
3365 3251 3622 3319 Securis,

1973 3340 2317 3411 evangelica
2341 3346 2429 3396 est
2455 3341 2810 3412 amputatio,
2839 3356 2974 3412 quae
3005 3348 3278 3413 amputat
3302 3342 3524 3397 steriles
3549 3342 3628 3398 ad

1973 3431 2221 3486 virtutes
2254 3429 2507 3486 etﬁdem
2533 3429 2772 3486 Judaaos
2803 3429 3004 3499 alege,
3037 3446 3144 3485 nec
3171 3438 3368 3486 tamen
3386 3447 3629 3500 prorsus

1974 3520 2252 3576 eradicat.
2286 3519 2478 3575 Radix
2519 3517 2932 3573 enimillorum
2966 3517 3079 3588 lex,
3109 3519 3203 3574 cui
3227 3519 3465 3575 illorum
3496 3520 3628 3577 loco

1974 3608 2316 3664 inseruntur
2341 3608 2668 3665 credentes.
2717 3606 2970 3664 Arbores
3017 3613 3218 3664 autem
3254 3614 3395 3665 sunt
3446 3609 3629 3667 Israe-

1975 3697 2120 3755 litae.

2047 3788 2193 3842 Cum
2218 3785 2348 3857 jam
2385 3801 2485 3842 eos
2520 3788 2826 3843 terruisset
2855 3785 3079 3854 dicens,
3116 3786 3275 3858 quod
3303 3785 3412 3842 nisi
3462 3803 3626 3844 cave-

1974 3880 2119 3940 rent,
2157 3891 2192 3931 a
2218 3891 2434 3946 genere
2470 3876 2774 3933 Abraham
2821 3876 3178 3941 exciderent,
3222 3881 3400 3946 auget
3429 3877 3630 3933 adhuc

1975 3969 2222 4020 metum.
2250 3968 2377 4021 Non
2409 3964 2627 4030 solum,
2660 3965 2875 4038 inquit,
2904 3982 2938 4020 a
2970 3965 3298 4036 taligenere
3319 3966 3625 4039 excidetis,

1974 4068 2180 4109 verum
2206 4054 2383 4110 etiam
2414 4053 2842 4110 irremediabili
2872 4055 3073 4124 modo,
3101 4055 3271 4111 citius
3289 4071 3326 4111 a
3356 4055 3628 4127 prmeenli

1974 4143 2092 4198 vita
2121 4143 2320 4208 excisi,
2353 4141 2529 4199 etiam
2558 4142 2639 4198 ibi
2671 4143 2730 4198 in
2765 4143 2964 4199 futuro
2996 4159 3242 4214 poenam
3300 4143 3491 4200 luetis.
3525 4147 3627 4199 Se-

1975 4231 2150 4286 curim
2184 4230 2343 4287 enim
2372 4230 2681 4301 ﬁgurative
2729 4237 2977 4287 mortem
3013 4232 3347 4302 appellavit,
3381 4233 3627 4288 arbores

1975 4324 2176 4376 autem
2196 4320 2492 4387 homines,
2510 4321 2740 4376 radices
2756 4336 2898 4376 vero
2916 4319 3092 4375 vitam
3114 4320 3403 4392 ipsorum,
3420 4321 3622 4392 ignem

1975 4408 2155 4465 etiam
2186 4408 2331 4464 dixit
2368 4408 2558 4479 ipsius
2591 4408 2907 4479 gehennae.

2047 4497 2292 4563 Quidam
2315 4512 2455 4553 vero
2475 4497 2741 4553 radicem
2755 4497 3213 4570 interpretantur
3228 4497 3425 4570 ipsum
3441 4497 3625 4556 Abra-

1973 4586 2138 4652 ham,
2165 4585 2413 4642 arbores
2454 4590 2650 4642 autem
2682 4586 2921 4642 Judeos
2948 4584 3053 4658 qui
3098 4586 3176 4642 ab
3209 4586 3342 4659 ipso
3375 4587 3629 4660 pullula-

1972 4680 2134 4745 runt,
2156 4674 2411 4731 securim
2441 4690 2685 4748 quoque
2715 4675 3036 4739 Christum,
3055 4675 3158 4749 qui
3188 4676 3354 4748 ipsos
3384 4678 3620 4750 quidem

1975 4764 2282 4822 excisurus
2303 4769 2448 4830 erat,
2474 4764 2730 4820 fructum
2757 4765 2834 4821 ad
2860 4763 3163 4835 Evangelii
3184 4765 3364 4822 ﬁdem
3401 4783 3520 4824 non
3551 4768 3631 4823 fe-

1973 4858 2172 4910 rentes
2201 4871 2213 4909 :
2248 4853 2580 4910 inserturus
2609 4858 2804 4910 autem
2826 4853 2978 4919 illos,
3011 4855 3115 4928 qui
3145 4871 3176 4911 e
3195 4855 3470 4928 gentibus
3497 4873 3626 4914 cre-

1975 4942 2205 5000 derent.
2230 4942 2552 5014 Postquam
2572 4958 2715 5014 ergo
2744 4942 2970 5001 fastum
3001 4943 3272 5016 ipsorum
3305 4945 3524 5009 terruit,
3556 4961 3628 5002 ao

1976 5032 2174 5087 cordis
2199 5046 2406 5087 eorum
2436 5030 2713 5098 duritiem
2764 5032 2975 5088 timore
3029 5032 3286 5089 cadendi
3327 5050 3360 5089 a
3409 5048 3626 5103 genere

1976 5119 2300 5187 Abraham,
2359 5119 2658 5176 excisione
2712 5136 2781 5176 ac
2810 5120 2945 5192 igne
2994 5120 3276 5177 emollivit
3305 5135 3318 5176 :
3349 5120 3631 5194 deinceps

1977 5225 2317 5266 sermonem
2338 5209 2412 5265 de
2435 5207 2664 5266 Christo
2690 5225 2818 5266 cum
2843 5208 3029 5268 multa
3058 5210 3342 5282 dignitate
3373 5209 3634 5280 inducit,

1978 5305 2042 5354 ut
2079 5298 2192 5371 ipsi
2213 5298 2526 5372 apparenti
2545 5302 2941 5356 occurrerent.

1477 5485 1703 5557 Variae
1731 5487 2062 5563 lectiones
2093 5498 2160 5557 et
2205 5496 2408 5556 notae.

340 5584 457 5675 (89)
479 5591 714 5675 Inclusa
733 5593 796 5654 In
824 5609 1016 5671 marg.
1041 5595 1225 5658 habet
1250 5598 1316 5657 A.
1344 5601 1568 5661 Eadem
1579 5605 1868 5669 omiserat

268 5661 618 5743 Hentenius.

2056 5603 2170 5679 (81)
2196 5602 2276 5672 Δί,
2307 5603 2526 5664 omittit
2554 5608 2630 5666 A.
