4180 6456
560 354 661 422 167
1895 354 2241 419 EUTHYMII
2278 358 2603 421 ZIGABENI
3820 370 3938 430 163

2390 488 2525 562 Ἐγὼ
2596 493 2686 564 μὲν
2752 522 2822 534 —
2897 495 3157 568 Πνεύματι
3231 494 3386 568 ἆγίῳ.
3462 495 3551 558 Εἰς
3622 499 3932 570 μετάνοιαν,

2321 577 2435 631 ἀντὶ
2480 587 2590 647 τοῦ,
2640 583 2735 633 Διὰ
2781 586 2875 641 τὴν
2917 587 3205 655 μετάνοιαν.
3252 584 3776 660 Ἐξομολογουμένους
3816 591 3932 665 γὰρ

2319 667 2529 735 αὐτοὺς,
2583 672 2744 721 εἵτουν
2799 680 3192 744 μετανοοῦντας,
3249 672 3511 740 ἕϐάπτιζε,
3574 672 3714 728 διότι
3769 697 3931 749 μετε-

2317 762 2534 813 νόησαν.
2590 760 2696 813 Καὶ
2762 756 2821 817 ἧν
2878 763 2936 811 τό
2994 769 3225 814 τοιοῦτον
3291 760 3574 835 βάπτισμα
3647 762 3932 830 ἀπόδειξις

2316 852 2607 916 μετανοίας.
2682 846 2883 900 Ὀπίσω
2943 845 3002 901 δε
3069 850 3228 902 αὐτοῦ
3287 849 3555 924 ἐρχόμενον
3625 852 3762 925 λέγει
3827 860 3928 907 τὸν

2314 933 2537 1004 Ἰησοῦν,
2592 936 2652 988 οὗ
2708 939 2997 1009 ἔμπροσθεν
3055 938 3211 1001 αὐτὸς
3260 940 3602 1003 κατεσκευαξε
3652 946 3744 1000 τὴν
3790 940 3926 995 ὀδόν

2316 1023 2476 1091 αὑτοῦ
2541 1022 2679 1096 βοῶν
2722 1041 2738 1058 ο
2791 1024 3131 1098 Ἑτοιμάσατε
3198 1032 3291 1085 τὴν
3379 1024 3503 1080 ὀδόν
3556 1036 3767 1104 Κυρίου,
3843 1035 3930 1094 ὡς

2316 1106 2550 1185 ἀνωτέρω
2581 1112 2963 1185 έξηγησάμεθα.
2998 1114 3360 1190 ’ἰσχυρότερον
3406 1113 3465 1169 δε
3495 1117 3650 1170 αὐτόν
3688 1122 3926 1191 εἴρηκεν,

2315 1203 2384 1260 ὡς
2426 1203 2679 1273 ἡνωμένον
2734 1205 2957 1260 θεότητι.
3009 1207 3078 1255 Τό
3125 1200 3206 1274 δὲ,
3237 1204 3314 1256 Οὔ
3361 1205 3455 1256 οὐκ
3493 1206 3599 1278 εἰμὶ
3641 1213 3815 1270 ικανός
3846 1214 3927 1262 τὰ

2314 1285 2632 1361 ὑποδήματα
2719 1288 3008 1363 βαυτάσαι.
3103 1297 3190 1349 τὴν
3281 1291 3699 1366 ὑπερϐάλλουσαν
3796 1297 3921 1371 (82)

2312 1378 2579 1460 ὑπεροχὴν
2637 1386 2727 1430 τοῦ
2772 1384 3166 1454 κηρυσσομένου
3218 1385 3533 1455 παρίστησι.
3594 1386 3742 1454 Λέγει
3782 1387 3916 1459 γὰρ,

2312 1467 2391 1516 ὅτι
2436 1463 2576 1518 Οὐδε
2618 1466 2690 1528 εἰς
2727 1471 2844 1527 τούς
2887 1466 3148 1539 ἐσχάτους
3201 1469 3359 1521 αὐτοῦ
3418 1466 3635 1532 δούλους
3691 1482 3920 1545 ταγῆναι

630 493 797 549 Vers.
830 491 916 547 Η.
946 490 1070 562 Ego
1095 489 1315 562 quidem
1345 522 1413 530 —
1440 489 1668 560 Spiritu
1690 494 1912 546 sancto.
1944 490 2018 545 In
2043 490 2213 560 pteni-
2242 490 2289 545 Α

559 583 812 647 tentiam,
846 580 959 637 hoc
989 582 1095 646 est,
1125 578 1371 651 Propter
1394 578 1826 650 pmnitentiam,
1855 577 2021 650 ipsos
2048 578 2210 634 enim

557 668 904 728 conﬁtentes
922 668 1045 724 sive
1073 667 1491 740 resipiscentes
1518 665 1881 740 baptizabat,
1911 665 2057 739 quia
2105 683 2210 723 eos

553 759 872 833 pmnitebat
912 775 927 825 ;
958 760 1202 828 eratque
1242 756 1356 813 tale
1384 755 1684 829 baptisma
1713 755 2077 828 paenitentiae
2107 755 2212 812 de-

552 846 921 904 monstratio.
951 846 1089 901 Post
1123 861 1185 901 se
1215 849 1419 901 autem
1469 850 1784 900 venturum
1813 844 1953 900 dicit
1980 845 2205 911 Iesum,

550 942 688 994 ante
709 952 894 1009 quem
915 935 1045 1008 ipse
1066 934 1225 991 viam
1248 933 1330 989 illi
1346 933 1745 1007 praeparabat,
1767 933 2034 990 clamans
2065 934 2209 993 :Pa-

551 1032 679 1082 rate
707 1026 860 1081 viam
879 1023 1126 1088 Domini,
1163 1027 1224 1078 ut
1241 1038 1422 1094 supra
1449 1022 1850 1078 narravimus.
1885 1022 2205 1093 Dixitquo-

548 1129 670 1186 que
700 1115 997 1171 Christum
1022 1128 1083 1168 se
1112 1111 1433 1176 fortiorem,
1483 1116 1691 1182 utpote
1734 1110 2029 1166 divinitati
2072 1110 2203 1166 uni-

549 1207 699 1259 tum.
740 1202 890 1258 Illud
943 1217 1123 1257 vero:
1170 1201 1289 1256 Non
1340 1216 1469 1256 sum
1527 1200 1762 1256 idoneus
1808 1200 2206 1258 calceamenta

542 1297 815 1361 partare,
870 1289 1254 1348 excellentem
1294 1288 1442 1360 ejus,
1470 1289 1576 1361 qui
1634 1287 2077 1361 prmdicabatur
2107 1304 2204 1345 ex-

546 1380 751 1452 primit
773 1379 1142 1453 dignitatem.
1192 1376 1590 1433 Tantumdem
1630 1375 1793 1433 enim
1820 1380 1911 1432 est
1938 1391 2009 1432 ac
2046 1377 2095 1432 si
2119 1377 2204 1433 di-

548 1474 705 1526 ceret
729 1485 742 1522 :
770 1471 971 1540 Neque
1000 1468 1151 1523 inter
1192 1470 1483 1523 extremos
1524 1464 1717 1537 ipsius
1758 1480 1965 1521 servos
1994 1480 2205 1522 nume-

547 1557 669 1614 rari
717 1571 987 1629 possum,
1036 1559 1280 1627 propter
1341 1551 1811 1623 magnitudinem
1864 1551 2201 1608 Divinitatis

2312 1550 2563 1626 δύναμαι,
2623 1553 2716 1607 διὰ
2757 1559 2815 1607 τὸ
2867 1558 3080 1628 μέγεθος
3133 1566 3222 1619 τῆς
3277 1560 3539 1621 ἠνωπίνης
3597 1560 3738 1632 αὐτῷ
3796 1564 3918 1615 θεό-

544 1645 665 1718 ipsi
702 1645 881 1701 unitas
909 1660 925 1711 ;
956 1642 1277 1715 postremis
1307 1639 1598 1713 siquidem
1627 1639 1813 1696 servis
1852 1639 2201 1712 hujusmodi

2308 1661 2458 1704 τητος
2492 1660 2504 1672 ·
2533 1651 2643 1705 τοῖς
2701 1648 2806 1719 γὰρ
2863 1644 3116 1717 ἐσχάτοις
3180 1645 3405 1708 οἰκέταις
3460 1645 3830 1722 ἐπιτέτραπται
3880 1655 3912 1711 ἡ

544 1734 943 1791 commissum
974 1736 1061 1789 est
1088 1729 1461 1802 obsequium.

2310 1734 2526 1790 τοιαύτη
2561 1734 2823 1806 ὑπηρεσία
2836 1778 2848 1789 .

615 1823 844 1895 Reliqui
873 1836 1011 1877 vero
1038 1818 1442 1890 Evangelistm,
1479 1818 1807 1889 Corrigiam
1852 1819 2201 1876 calceamen-

2382 1822 2449 1871 Οί
2497 1816 2556 1872 δε
2605 1819 2776 1873 λοιποὶ
2816 1820 3183 1893 εὖαγγελισταὶ
3227 1821 3385 1875 λῦσαι
3436 1822 3521 1875 τόν
3571 1825 3761 1897 ἱμάντα
3809 1837 3911 1879 τῶν

545 1919 738 1981 torum
769 1913 896 1980 ejus
926 1910 1149 1966 solvere
1176 1908 1452 1964 dixerunt
1480 1909 1527 1942 ⁵³
1569 1924 1584 1975 ;
1622 1913 1685 1963 ut
1714 1906 2098 1964 manifestum
2126 1908 2201 1965 sit

2308 1904 2667 1981 ὑποδημάτων
2724 1909 2883 1961 αὑτοῦ
2949 1908 3112 1980 εἶπον,
3170 1913 3238 1972 ὡς
3293 1908 3421 1963 εἶναι
3465 1908 3644 1981 δῆλον,
3686 1917 3765 1967 ὃτι
3812 1922 3907 1969 καὶ

544 2005 863 2071 utrumque
892 1998 1133 2062 dixisse,
1184 2012 1343 2052 nunc
1391 1996 1624 2068 quidem
1678 1996 1812 2067 hoc,
1866 2012 2027 2053 nunc
2058 2013 2198 2053 vero

2309 1996 2575 2073 ἀμφότερα
2628 1997 2654 2049 ὀ
2699 1996 2935 2060 Ἰωάννης
2992 1995 3118 2065 εἷπε,
3185 2007 3272 2050 νῦν
3484 2010 3655 2071 τοῦτο,
3706 2011 3792 2054 νῦν
3847 2003 3908 2057 δέ

544 2087 713 2144 illud.
746 2088 955 2143 Dicens
985 2090 1207 2150 autem,
1244 2084 1378 2155 Ipse
1408 2100 1506 2141 vos
1532 2084 1841 2156 baptizabat
1874 2085 1937 2141 in
1976 2085 2197 2157 Spiritu

2307 2085 2485 2139 έκεῖνο.
2553 2087 2709 2140 Εἰπὸν
2780 2083 2860 2153 δὲ,
2932 2088 3012 2139 ὅτι
3100 2088 3260 2148 Αὐτὸς
3331 2090 3462 2161 ὑμᾶς
3537 2087 3782 2163 βαπτίσει
3852 2096 3906 2146 ἓν

544 2184 765 2242 sancto,
808 2175 1012 2250 palam
1049 2174 1182 2231 fecit
1235 2174 1525 2231 Dominici
1584 2174 1965 2246 baptismatis
2008 2173 2198 2245 digni-

542 2270 743 2325 tatem.
775 2268 988 2333 Meum,
1010 2263 1221 2338 inquit,
1241 2262 1547 2336 baptisma
1570 2262 1991 2320 abstinentiam
2013 2279 2199 2333 apec-

542 2356 688 2412 catis
715 2358 995 2429 operatur
1028 2370 1042 2420 ;
1073 2353 1226 2409 illius
1271 2368 1435 2422 vero,
1495 2352 1746 2424 Spiritus
1795 2351 1984 2408 sancti
2016 2351 2196 2424 parti-

543 2446 735 2518 cipem
763 2444 925 2500 facit.
960 2442 1266 2499 Matthaaus
1298 2455 1465 2508 sane,
1493 2442 1720 2497 Marcus
1740 2444 1799 2496 et
1826 2439 2086 2495 Joannes
2111 2439 2197 2494 di-

542 2537 751 2589 xerunt
784 2550 797 2590 :
830 2531 902 2586 In
934 2529 1158 2600 Spiritu
1178 2527 1459 2584 sancto".
1494 2525 1683 2582 Lucas
1734 2541 1876 2582 vero
1906 2542 1919 2581 :
1944 2526 2013 2581 In
2064 2526 2197 2596 Spi-

542 2606 665 2676 ritu
684 2626 884 2675 sancto
908 2624 963 2673 et
984 2616 1156 2687 igni“
1183 2632 1197 2681 ;
1222 2614 1381 2670 unde
1401 2629 1642 2669 rursum
1684 2612 2076 2671 manifestum
2104 2614 2195 2680 ﬁt,

2308 2178 2566 2248 Πνεῦματι
2621 2176 2775 2247 ἁγίῳ,
2835 2171 3067 2234 ἐδήλωσε
3132 2184 3221 2228 καὶ
3286 2181 3378 2235 τὴν
3436 2186 3527 2230 τοῦ
3586 2187 3896 2233 Δεσποτικοῦ

2307 2261 2672 2336 βαπτίσματος
2753 2265 3035 2339 ὑπεροχὴν,
3095 2268 3164 2316 Τό
3221 2268 3311 2336 μεν
3378 2263 3517 2337 ἐμόν,
3597 2271 3745 2338 φησὶ,
3800 2265 3898 2340 βά-

2305 2371 2512 2424 πτισμα
2550 2350 2760 2424 ἀποχὴν
2812 2351 3076 2426 ἁμαρτιῶν
3119 2350 3325 2425 ένεργεί,
3377 2356 3437 2405 τὸ
3486 2349 3544 2405 δε
3590 2356 3771 2407 τούτου
3809 2373 3867 2426 με

2304 2445 2462 2498 τοκὴν
2507 2443 2810 2512 Πνεῦματος
2855 2439 3008 2512 ἁγίου
3054 2444 3284 2515 παρίκει.
3334 2442 3598 2505 Ματθαῶς
3789 2438 3894 2509 οὖν,

2304 2534 2394 2581 καὶ
2441 2530 2672 2601 Μάρκος,
2724 2533 2814 2581 καὶ
2867 2530 3109 2591 Ἰωάννης
3160 2525 3320 2594 εἶπον,
3379 2530 3458 2582 ὅτι
3509 2528 3588 2583 Ἐν
3643 2533 3903 2604 Πνεῦματι

2308 2616 2439 2688 ἁγίῳ
2473 2634 2485 2645 ⁸
2517 2623 2722 2677 Λουκᾶς
2753 2612 2833 2680 δε,
2878 2617 2957 2669 ὅτι
2997 2615 3077 2669 Ἐν
3118 2620 3378 2689 Πνεῦματι
3598 2624 3688 2671 καὶ
3731 2624 3859 2693 πυρί
3888 2638 3900 2649 ⁸

2304 2710 2395 2756 καὶ
2456 2702 2612 2764 δῆλον
2663 2704 2839 2773 πάλιν,
2897 2707 2974 2758 ὅτι
3037 2711 3124 2758 καὶ
3184 2714 3335 2758 τοῦτο
3390 2707 3595 2759 κάκεῖνο
3647 2710 3847 2781 εἴρηκεν
3877 2708 3905 2761 ό

2305 2798 2618 2863 Βαπτιστὴς,
2678 2793 2726 2845 έν
2801 2789 3074 2867 διαφόροις
3148 2801 3366 2868 καιροῖς.
3442 2793 3705 2868 Ἐμφαὶνει
3757 2792 3818 2849 δε
3874 2798 3900 2849 ό

2303 2881 2451 2953 λόγος
2503 2885 2894 2954 προηγουμένως
2940 2886 3030 2954 μεν
3086 2887 3175 2940 τὴν
3231 2891 3322 2934 τοῦ
3375 2882 3528 2954 ἁγίου
3583 2886 3897 2957 Πνεῦματος,

542 2708 766 2772 ethoc,
795 2710 853 2762 et
880 2704 1022 2760 illud
1068 2702 1399 2775 Baptistam
1454 2701 1632 2757 variis
1689 2700 1908 2757 dixisse
1966 2705 2195 2774 tempo-

539 2796 725 2867 ribus.
760 2794 979 2851 Nostris
1000 2792 1251 2865 quidam
1278 2789 1609 2862 majoribus
1633 2789 1707 2861 (ο)
1738 2789 1836 2845 hic
1871 2806 2066 2847 sermo
2098 2791 2198 2849 de-

543 2888 858 2949 monstrat,
893 2881 1139 2952 Spiritus
1169 2879 1360 2936 sancti
1382 2894 1563 2951 super
1591 2877 1897 2950 apostolos
1921 2881 1983 2935 in
2008 2881 2196 2950 igneis

541 2972 761 3046 linguis
789 2971 1169 3027 descensum.
1200 2967 1365 3024 Tunc
1398 2968 1558 3024 enim
1583 2967 1643 3023 in
1676 2968 1889 3041 Spiritu
1918 2974 2123 3026 sancto
2139 2976 2197 3027 et

2306 2969 2350 3022 έν
2377 2966 2506 3023 εῖδει
2549 2975 2773 3045 πυρίνων
2816 2970 3088 3042 γλωσσῶν,
3139 2973 3223 3023 επὶ
3258 2974 3379 3033 τοῦς
3421 2970 3739 3033 ἀποστόλους
3768 2976 3902 3027 κάθ-

542 3062 668 3133 igni
704 3057 984 3132 baptizati
1038 3063 1203 3114 sunt.
1277 3057 1485 3112 Postea
1518 3069 1657 3112 vero
1709 3056 1865 3112 idem
1911 3063 2195 3129 operatur

2306 3055 2423 3111 οδον
2457 3066 2784 3116 ’τηνικαῦτα
2837 3057 2935 3134 γάρ
2998 3062 3044 3110 ἓν
3100 3062 3355 3132 Πνεῦματι
3420 3059 3554 3131 ἁγίω
3622 3065 3713 3113 καὶ
3769 3067 3899 3135 πυρί

544 3150 932 3208 constitutum
963 3164 999 3204 a
1042 3147 1269 3203 Christo
1317 3145 1644 3218 baptisma.
1695 3146 1922 3202 Etenim
1980 3148 2193 3219 cuique

2306 3146 2696 3205 ἐϐαπτίσθησαν
2729 3166 2741 3179 ·
2793 3149 2969 3199 ἔπειτα
3021 3144 3079 3199 δε
3143 3153 3231 3200 καὶ
3281 3151 3338 3200 τό
3403 3149 3738 3219 νομοθετηθεν
3795 3149 3896 3201 ῦπό

540 3240 841 3314 baptizata
856 3236 1098 3295 advolat
1113 3235 1362 3310 Spiritus
1376 3242 1616 3292 sanctus
1634 3250 1759 3291 non
1778 3234 1975 3291 solum
1989 3233 2191 3308 ipsum

2306 3243 2536 3308 Χριστοῦ
2591 3233 2892 3309 βάπτισμα.
2948 3236 3056 3289 Καὶ
3106 3239 3205 3311 γὰρ
3258 3238 3535 3309 ἐφίπταται
3582 3241 3738 3290 παντὶ
3795 3235 3902 3310 βα-

542 3329 948 3398 sanctiﬁcans,
980 3343 1186 3384 verum
1211 3326 1391 3382 etiam
1418 3324 1790 3383 invisibiliter
1821 3324 2032 3381 animae
2063 3324 2193 3396 ejus

2306 3325 2591 3396 πτιζομένῳ
2640 3331 2848 3397 Πνεῦμα
2886 3324 3051 3395 ἅγιον,
3084 3323 3143 3376 οῦ
3173 3330 3325 3397 μόνον
3369 3324 3607 3396 ἁγιάζον,
3652 3323 3779 3377 ἀλλά
3808 3345 3898 3379 και

540 3420 747 3477 sordes
776 3432 1157 3475 consumens.
1188 3417 1313 3471 Non
1343 3430 1481 3470 sum
1534 3418 1732 3470 autem
1780 3414 2049 3479 idoneus,
2076 3413 2192 3470 hoc

2306 3416 2367 3475 ὡς
2406 3420 2508 3487 πῦρ
2548 3411 2781 3487 ἀοράτως
2834 3412 2946 3484 (83)
2979 3411 3255 3465 ἀναλίσκον
3310 3415 3396 3465 τὸν
3441 3414 3605 3489 ῥύπον
3658 3421 3753 3476 τῆς
3797 3414 3898 3485 ψυ-

536 3512 642 3578 est,
681 3510 819 3567 Non
846 3523 977 3564 sum
1006 3506 1268 3577 dignus‘6
1304 3521 1319 3572 ;
1344 3505 1429 3561 ita
1446 3502 1609 3560 enim
1639 3501 1875 3574 scripsit
1892 3502 2182 3559 Joannes.

2306 3510 2409 3572 χῆς
2455 3502 2634 3555 αὐτοῦ.
2692 3502 2803 3554 Οὐκ
2856 3501 2958 3573 εἰμί
2988 3498 3047 3555 δε
3093 3501 3279 3566 ἱκανός,
3335 3500 3449 3554 ἀντι
3498 3510 3609 3568 τοῦ,
3649 3501 3761 3555 Οὐκ
3790 3503 3899 3576 εἰμὶ

2298 3590 2440 3652 ἄξιος
2472 3606 2484 3620 ·
2518 3589 2652 3643 οὕτω
2680 3593 2781 3664 γὰρ
2809 3589 3030 3664 ἔγραψεν
3061 3591 3086 3642 ό
3129 3589 3385 3652 Ἰωάννης.

603 3687 735 3756 Ipse
762 3699 858 3741 vos
890 3682 1237 3752 baptizabit.
1287 3679 1399 3736 Per
1431 3677 1842 3749 metaphoram
1886 3676 2188 3743 dictionis,

2367 3677 2558 3752 [Αὐτὸς
2631 3679 2745 3749 (84)
2822 3680 2958 3751 ὑμᾶς
3033 3676 3329 3752 βαπτίσει·
3363 3687 3424 3752 τῇ
3476 3685 3744 3754 μεταφορᾷ
3804 3687 3896 3741 τῆς

536 3775 735 3848 gratiae
766 3770 1204 3828 abundantiam
1230 3766 1407 3824 refert
1433 3766 1718 3837 Baptista.
1749 3767 1816 3820 Et
1838 3764 1995 3837 ignis
2022 3781 2191 3838 repe-

2306 3767 2468 3830 iiEem;
2507 3769 2565 3820 τὸ
2597 3763 2813 3838 δαψιλὲς
2862 3776 2952 3828 τῆς
2990 3769 3211 3841 χάριτος
3256 3765 3486 3839 ἔμφαίνει
3516 3769 3542 3819 ό
3574 3774 3894 3834 Βαπτιστὴς,

535 3864 762 3926 titione,
781 3857 985 3930 gratiae
1012 3855 1388 3913 vehementia
1414 3871 1485 3912 ac
1506 3852 2187 3927 incomprehensibilitas

2306 3861 2384 3910 ιαὶ
2427 3865 2490 3930 τῇ
2537 3854 2847 3927 ἔπεξηγήσει
2898 3864 2989 3908 τοῦ
3018 3860 3180 3929 πυρός
3231 3855 3384 3908 πάλιν
3435 3859 3493 3908 τό
3545 3852 3771 3932 σφοδρὸν
3804 3862 3896 3911 καὶ

536 3952 999 4008 demonstratur.

2306 3945 2575 3998 ἴικάθεκτον
2604 3952 2667 4003 τῆ
2678 3965 2698 4006 ς
2728 3946 2949 4020 χάριτος
2979 3940 3323 4000 ἐνδείκνυται.

606 4031 1689 4105 νοτε.12.οι41ιι.ς-ίηεειειίηᾳιιίόιιί.
1719 4034 1802 4087 Ex
1826 4030 1919 4087 his
1944 4030 2186 4088 demon-
2365 4034 2442 4087 Οὔ
2487 4066 2556 4074 -
2601 4031 2857 4104 ἀσϐέστῳ.
2915 4030 3001 4086 Ἐκ
3070 4035 3264 4085 τούτων
3335 4038 3589 4106 παριστᾷ,
3662 4035 3742 4086 ὅτι
3803 4040 3898 4089 καὶ

2290 4127 2471 4199 κριτὴς
2515 4121 2657 4174 ἔστιν
2704 4121 2855 4184 οὗτος
2901 4123 3018 4194 (85)
3057 4129 3149 4174 τοῦ
3201 4121 3469 4194 μέλλοντος
3523 4122 3728 4184 αἰῶνος.
3791 4129 3899 4177 Καὶ

537 4133 697 4195 strat,
724 4126 889 4200 quod
915 4125 1099 4198 judex
1128 4122 1308 4179 etiam
1335 4122 1407 4178 sit
1430 4121 1614 4178 futuri
1642 4120 1863 4178 saeculi.
1889 4123 1956 4177 Et
1983 4138 2182 4179 aream

2291 4212 2464 4265 ἅλωνα
2518 4213 2609 4284 μὶν
2660 4211 2903 4283 ὀνομάζει
2956 4215 3043 4269 τὴν
3103 4207 3376 4284 πάνδημον
3427 4209 3735 4269 Ἐκκλησίαν
3795 4221 3899 4275 τῆς

534 4217 779 4290 quidem
826 4219 1000 4272 vocat
1036 4210 1435 4269 universalem
1493 4209 1655 4267 orbis
1706 4210 2048 4278 Ecclesium,
2104 4210 2183 4267 ad

533 4323 715 4379 quam
738 4321 950 4361 omnes
975 4306 1320 4375 operatores
1338 4315 1375 4355 a
1392 4299 1613 4354 Domini
1636 4298 2012 4371 providentia
2035 4313 2181 4355 con-

2306 4301 2612 4372 ιίκουμένης,
2667 4299 2739 4361 εἰς
2796 4298 2855 4357 ἣν
2902 4302 3088 4361 πάντες
3137 4301 3186 4351 οἱ
3228 4301 3597 4375 γεωργηθέντες
3642 4301 3742 4353 ὑπὸ
3798 4310 3900 4365 τῆς

530 4396 847 4469 ducuntur.
898 4390 1299 4448 Ventilabrum
1348 4395 1538 4445 autem
1563 4392 1792 4459 justum
1850 4387 1979 4458 ejus
2020 4385 2178 4458 judi-

2306 4394 2611 4450 hcmortxij;
2677 4386 2961 4461 ἕπιμελείας
3022 4389 3331 4460 συνάγονται
3381 4406 3394 4419 ⁸
3440 4392 3603 4442 πτύον
3661 4385 3739 4456 δὲ,
3799 4395 3899 4450 τὴν

532 4484 710 4560 cium,
741 4481 905 4555 quod
940 4495 1044 4536 eos
1070 4494 1235 4546 sane,
1273 4477 1376 4550 qui
1423 4476 1589 4534 omni
1642 4476 1969 4548 iniquitatis
2008 4479 2181 4532 vento

2306 4474 2503 4530 hmiatv
2559 4475 2718 4529 αὐτοῦ
2770 4481 2966 4550 κρίσιν,
3017 4480 3134 4539 ἣτις
3183 4480 3305 4539 τοὺς
3371 4480 3461 4550 μεν
3518 4482 3667 4531 παντὶ
3724 4477 3899 4552 ἀνέμῳ

531 4572 854 4643 agitantur,
918 4568 1091 4642 quasi
1125 4565 1460 4640 paleaceos,
1508 4565 1687 4623 tradit
1724 4564 1846 4637 igni
1890 4564 2181 4635 gehennae

2306 4576 2377 4626 τῆς
2450 4566 2707 4640 ἀμαρτὶας
2776 4565 3159 4641 ῥιπιζομένονς,
3226 4568 3291 4627 ὡς
3358 4563 3677 4640 ἀχυρώδεις,
3751 4562 3898 4618 έκδί-

531 4656 999 4731 inexstinguibili
1032 4672 1046 4724 ;
1074 4655 1205 4713 illos
1249 4671 1409 4721 vero,
1456 4655 1560 4727 qui
1610 4655 1897 4710 virtutum
1956 4652 2184 4709 habent

2306 4651 2427 4707 ΐωσι
2454 4659 2583 4729 πυρὶ
2612 4652 2850 4726 ἀσϐέστῳ
2882 4664 2976 4717 τῆς
3027 4659 3226 4726 γεέννης
3273 4658 3395 4716 τοῦς
3426 4651 3485 4707 δὲ
3526 4653 3693 4729 βάρος
3742 4653 3897 4725 ἆγον-

2286 4763 2381 4806 τας
2424 4743 2536 4816 (86)
2589 4741 2775 4818 ἀρετῆς
2828 4742 3060 4813 συλλέγει
3090 4743 3164 4806 εἰς
3214 4746 3303 4802 τὴν
3359 4741 3629 4803 ἀποθήκην
3661 4751 3758 4796 τῶν
3805 4742 3896 4795 οῦ-

532 4749 901 4823 gravitatem,
932 4746 995 4802 in
1031 4745 1385 4820 apothecam
1442 4743 1772 4800 caelestium
1829 4741 2181 4799 tabernacu-

1988 4834 1993 4837 ’
2285 4832 2473 4907 ρανίων
2503 4840 2705 4890 σκηνῶν
2717 4874 2731 4889 ,

528 4840 729 4899 lorum
754 4835 994 4907 colligit.

604 5019 651 5055 ⁵³
707 5018 887 5077 Marc.
934 5031 975 5084 ι,
1005 5015 1242 5084 7;Luc.
1297 5028 1382 5083 III,
1418 5010 1725 5082 t6;Joan.
1754 5011 1795 5075 ἱ,
1844 5012 1941 5066 27.
1976 5010 2024 5045 δι
2074 5009 2200 5068 Mar

2306 5032 2333 5077 ι,
2360 5008 2394 5066 8
2434 5009 2650 5078 ;Joan.
2680 5024 2722 5076 1,
2771 5007 2860 5066 83.
2892 5008 2939 5047 ⁸⁸
2989 5010 3135 5070 Luc.
3166 5026 3250 5077 ni,
3306 5009 3391 5067 16.
3438 5008 3486 5047 ⁸⁸
3513 5011 3682 5068 Joan.
3714 5027 3753 5078 ι,
3797 5011 3894 5068 27.

1746 5104 1970 5176 Variae
1992 5105 2317 5176 lectiones
2366 5116 2430 5175 et
2456 5116 2635 5175 notze

2358 5224 2474 5369 $35;
2510 5220 2698 5289 Οὗτος,
2731 5221 2907 5306 abest
2932 5225 3002 5281 Α.

2383 5299 2451 5352 86
2511 5302 2635 5362 Τῆς,
2664 5293 2833 5352 add)!
2858 5297 2921 5351 Β.

630 5234 720 5304 82)
757 5227 977 5305 Ἀρχὴν,
1000 5245 1110 5302 pro
1138 5228 1432 5301 ὑπεροχήν.
1471 5226 1538 5280 Δ.
1620 5254 1632 5264 -

605 5233 720 5377 ἷξε)
758 5303 1041 5377 ἶΑοράτωςο
1074 5300 1413 5377 οωίίίίὲλκ
1481 5364 1497 5377 .
1564 5368 1574 5377 .
1623 5363 1636 5377 .
1979 5363 2014 5377 ..

2378 5227 2447 5281 85
2510 5226 2698 5289 Οὗτος,
2731 5226 2907 5280 abest

2358 5226 2474 5369 ξεδζ
2511 5302 2635 5362 Τῆς,
2664 5293 2833 5352 addit
2858 5297 2921 5351 Β.

630 5300 720 5367 83)
758 5300 1041 5367 Ἀὀράτωξ,
1074 5300 1291 5356 omittit
1314 5306 1380 5352 A.

605 5310 695 5377 (83
760 5310 848 5357 Ἀο
885 5310 1041 5367 άτως,
1074 5310 1291 5356 omittit
1314 5310 1380 5352 A.
1836 5364 1846 5376 .
1903 5365 1915 5376 '

604 5310 720 5449 (84;
756 5323 1071 5432 Inciusain
1099 5368 1371 5439 margine
1397 5364 1581 5422 habet
1607 5363 1655 5419 Α
1687 5377 1701 5432 ;
1728 5367 1943 5422 omittit
1977 5363 2037 5420 Β.

604 5501 688 5573 (a)
723 5497 937 5558 Vestris
951 5494 1178 5569 quidem
1192 5488 1538 5562 majoribus.
1555 5488 1776 5595 iicdde,
1787 5479 2182 5549 Potissimum

536 5580 1080 5729 ᾱαξρεῖηὸρενατοηε·
1138 5637 1248 5692 Υπό
1299 5632 1377 5694 ad
1405 5580 1592 5717 γεωρσί.
1667 5648 1791 5694 non
1842 5632 1925 5693 ad
1990 5651 2178 5710 σνναγ.

2286 5486 2555 5563 refertur.
2574 5483 2663 5545 Ad
2686 5503 2873 5563 quam
2903 5500 3111 5548 omnes
3135 5484 3460 5563 (homines)
3490 5486 3727 5563 Domini
3745 5505 3893 5563 cura

2287 5561 2601 5642 (tanquam
2633 5561 2783 5691 :ﬁii,
2809 5567 3040 5634 segetes
3065 5568 3167 5620 aut
3193 5561 3445 5636 fructus)
3471 5562 3638 5621 culti.
3670 5565 3755 5622 Ita
3778 5562 3890 5624 Co-

2287 5630 2492 5691 rinthii
2517 5646 2636 5691 ann
2714 5637 2892 5691 antur
2916 5634 2943 5691 Ι
2966 5636 3103 5691 Cor.
3127 5649 3211 5691 lli.
3242 5638 3297 5691 9.
3325 5641 3460 5691 Θεοῦ
3488 5639 3762 5691 γεώργιον.
3920 5656 3927 5661 τ

2287 5630 2492 5691 rintlﬁi
2517 5630 2943 5713 appellanturvl
2966 5636 3103 5697 Cor.
3127 5649 3211 5708 ιιι,
3242 5638 3297 5706 9,
3325 5630 3460 5691 Θεοῦ
3488 5639 3762 5715 γεώργιον.
