4180 6468
215 413 316 471 169

1170 399 1529 458 COMMENT.
1574 399 1645 455 IN
1685 397 2128 456 MATTHEUM.
2167 427 2240 441 —
2280 397 2440 457 CAP.
2481 397 2578 455 III.

3469 399 3572 455 170

285 544 394 592 Νῦν
433 539 523 608 μεν
547 536 672 607 γὰρ,
717 534 782 592 ὡς
821 529 868 584 ἓν
917 529 1091 595 ἄλωνι,
1147 528 1339 601 άναμὶξ
1363 529 1388 579 6
1444 533 1588 589 σῖτος
1627 528 1806 579 καὶτὸ

1988 529 2152 582 Nunc
2175 524 2468 598 siquidem
2500 524 2559 579 in
2589 538 2728 580 area
2781 523 2958 579 mista
3015 524 3154 578 sunt
3199 521 3456 580 triticum
3516 528 3574 581 et

212 631 442 700 ἄχυρονο
497 629 611 677 τότε
663 619 740 688 6‘s,
773 620 932 679 πολλὴ
965 622 1112 672 ἔσται
1157 618 1271 689 (87)
1321 619 1350 675 ἠ
1407 612 1694 691 διάκρισις,
1726 618 1808 668 ὅτε

212 716 438 791 με’λλειό
468 721 607 775 σῖτος
644 712 716 772 είς
759 715 852 768 τὴν
903 708 1173 766 ἀποθήκην
1227 708 1671 778 συγκομισθῆναι.
1721 705 1808 758 Ἐν

212 815 277 880 τῇ
324 809 468 879 χειρὶ
514 799 572 855 6'1
619 801 778 853 αύτοῦ
837 796 963 868 εἶπε,
1009 794 1101 850 διὰ
1130 800 1186 849 16
1233 793 1359 848 εἶναι
1411 800 1691 869 πρόχειρον
1721 797 1810 845 καὶ

212 898 417 967 ἕτοιμον
465 893 534 952 εἰς
610 895 668 942 16
725 886 1011 961 διακρῖναι.
1063 885 1200 958 Ὀρα
1284 881 1364 953 6‘1,
1421 886 1500 936 61:
1553 887 1683 956 μετὰ
1752 886 1809 934 τὸ

213 983 492 1058 βαπτίζειν
553 979 602 1032 ἐν
654 981 912 1051 Πνεύματι
959 975 1092 1048 ἁγίῳ
1144 979 1232 1027 καὶ
1278 979 1428 1049 πυρὶ,
1477 970 1810 1047 διακαθαίρει

209 1077 303 1131 τὴν
331 1072 524 1143 ἅλωνα,
559 1071 643 1122 ἱνα
663 1073 733 1141 μὴ
761 1069 888 1140 μετὰ
910 1069 966 1118 τὸ
1001 1064 1283 1138 βάπτισμὰ
1309 1064 1647 1138 ῥᾳθυμὴσῃς.

284 1167 412 1214 Τότε
451 1192 519 1201 —
568 1159 654 1210 611'
699 1157 879 1212 66166.
935 1158 1076 1208 Μετὰ
1111 1163 1211 1205 τῶν
1242 1148 1440 1205 δούλων
1467 1153 1492 1203 6
1525 1155 1807 1210 Δεσπότης·

211 1251 323 1304 ἀλλ’
356 1250 544 1302 ἐκεῖνοι
585 1249 693 1317 μὲν,
729 1246 812 1298 ἴνα
859 1248 1244 1316 μετανοήσωσι,
1286 1240 1400 1312 (88)
1452 1245 1807 1313 παρεγίνοντο·

213 1340 369 1401 οὗτος
399 1335 480 1404 6‘1,
531 1340 615 1388 ἶνα
663 1330 953 1405 ἀναδειχθῇ
1011 1340 1083 1402 τῷ
1129 1330 1253 1402 λαῷ.
1289 1330 1440 1382 Ούτω
1485 1331 1585 1404 γὰρ
1631 1333 1720 1381 καὶ
1785 1329 1812 1379 6

217 1429 461 1488 Ἰωάννης
491 1422 646 1494 εἶπεν,
677 1424 757 1476 ὅτι
777 1422 887 1476 Ἰνα
915 1422 1177 1494 φανερωθῇ
1203 1427 1274 1490 τῷ
1309 1418 1541 1494 Ἰσραὴλ.

290 1605 348 1657 '0
407 1599 467 1656 δὲ
524 1601 761 1662 Ἰωάννης
807 1631 875 1640 -
930 1603 1059 1672 πρός
1098 1617 1182 1671 με.
1234 1595 1408 1668 ’Έγνω
1454 1599 1534 1657 τίς
1574 1591 1655 1658 ἦν,
1710 1595 1810 1647 ύπό

213 1690 310 1748 166
349 1692 664 1753 ἐνοικοῦντος
716 1689 856 1760 αύτῷ
903 1689 1039 1742 θείου
1090 1689 1402 1759 Πνεύματος.
1456 1688 1592 1743 Φησὶ
1628 1685 1730 1759 γὰρ
1784 1684 1810 1736 6

216 1781 592 1855 εύαγγελιστής
657 1780 917 1846 Ἰωάννης,
976 1778 1056 1829 ὅτι
1106 1775 1280 1828 Βλέπει
1345 1767 1376 1826 6
1429 1773 1665 1834 Ἰωάννης
1722 1775 1810 1824 τόν

1917 614 2091 686 palea
2122 619 2299 680 ;tunc
2330 618 2530 670 autem
2577 613 2824 668 omnino
2869 611 3297 678 discernentur,
3324 613 3572 685 quando

1919 703 2280 758 frumentum
2306 703 2365 757 in
2392 703 2748 774 apothecam
2772 700 3157 756 deferendum
3176 707 3286 757 est.
3307 703 3368 757 In
3388 718 3574 760 manu

1919 798 2118 847 autem
2145 808 2255 847 sua
2293 790 2455 851 dixit.
2487 806 2558 845 eo
2589 790 2752 862 quod
2781 795 3094 862 promptus
3123 807 3192 846 ac
3219 797 3465 862 paratus
3487 795 3576 848 est

1921 881 1996 936 ad
2029 881 2504 949 dijudicandum.
2547 879 2687 934 Vide
2717 880 3096 951 autemquod
3127 887 3448 952 postquam
3473 881 3575 937 ba-

1920 970 2226 1042 ptizaverit
2256 970 2313 1024 in
2334 968 2549 1040 Spiritu
2575 975 2802 1034 sancto,
2831 974 3126 1040 expurgat
3147 968 3345 1025 adhuc
3367 985 3572 1026 aream

1921 1076 2114 1126 suam,
2143 1075 2216 1116 ne
2244 1063 2522 1130 suscepto
2551 1057 2853 1129 baptismo
2887 1063 3142 1129 torpeas.

1995 1151 2154 1206 Vers.
2186 1153 2273 1206 13.
2325 1149 2478 1203 Tunc
2508 1179 2574 1188 —
2631 1152 2706 1203 ab
2737 1163 2821 1204 eo.
2858 1150 3003 1203 Cum
3031 1147 3216 1203 servis
3269 1148 3433 1204 venit
3463 1151 3570 1204 Do-

1922 1239 2162 1295 minus:
2193 1237 2300 1293 sed
2329 1237 2409 1292 illi
2443 1236 2711 1309 quidem,
2745 1241 2810 1292 ut
2862 1237 3213 1308 paenitentia:
3266 1241 3434 1294 actus
3471 1237 3572 1294 de-

1922 1332 2319 1384 monstrarent
2345 1327 2428 1397 (d)
2460 1331 2853 1391 accesserunt,
2908 1325 3021 1398 ipsi
3053 1341 3196 1382 vero
3240 1331 3298 1384 ut
3344 1326 3571 1400 populo

1921 1416 2413 1474 manifestaretur.
2460 1415 2546 1471 Ita
2586 1415 2747 1470 enim
2799 1414 2944 1471 dixit
2971 1417 3254 1484 Joannes,
3294 1415 3459 1490 quod
3490 1417 3568 1487 (ι’)

1921 1512 1985 1562 ut
2012 1505 2494 1574 manifestaretur
2524 1505 2728 1561 Israeti
2756 1506 2824 1558 ⁸⁷.

1992 1598 2149 1651 Vers.
2180 1595 2270 1652 14.
2299 1594 2543 1650 Joannes
2572 1599 2767 1650 autem
2788 1624 2857 1634 —
2877 1593 2952 1650 ad
2974 1609 3081 1650 me.
3115 1594 3404 1664 Cognovit
3425 1593 3566 1666 quis

1921 1689 2076 1740 esset
2094 1699 2200 1755 per
2221 1683 2656 1739 inhabitantem
2677 1684 2735 1739 in
2760 1698 2823 1738 se
2839 1682 3124 1753 Spiritum
3146 1687 3442 1739 sanctum.
3473 1684 3570 1740 Ait

1920 1773 2080 1828 enim
2109 1771 2371 1828 Joannes
2399 1771 2766 1841 evangelista
2795 1787 2805 1824 :
2870 1771 3031 1828 Videt
3057 1773 3312 1827 Joannes
3364 1772 3566 1828 Jesum

214 1873 422 1930 Ἰησοῦν
485 1869 762 1942 ἕρχόμενον
832 1870 958 1940 πρός
1004 1865 1180 1932 αὐτόν,
1253 1868 1342 1916 καὶ
1398 1862 1559 1934 λέγει·
1620 1857 1730 1915 Ἴδε
1784 1861 1810 1912 6

1934 1861 2231 1918 venientem
2271 1860 2352 1916 ad
2379 1876 2456 1925 se,
2483 1866 2539 1916 et
2566 1861 2649 1916 ait
2687 1877 2697 1914 :
2728 1860 2877 1916 Ecce
2906 1861 3106 1932 Agnus
3130 1860 3254 1927 Dei,
3278 1860 3376 1932 qui
3407 1861 3567 1916 tollit

213 1962 398 2034 ’Δμνὸς
427 1966 519 2012 τοῦ
572 1964 726 2022 Θεοῦ,
759 1958 785 2008 6
817 1959 974 2028 αἴρων
1021 1959 1114 2011 τήν
1166 1953 1422 2027 ἁμαρτίαν
1452 1958 1544 2004 τοῦ
1583 1955 1806 2023 κόσμου,

213 2055 304 2103 καὶ
323 2052 388 2102 τὰ
408 2049 490 2111 ἐξῆ
503 2068 544 2109 ς.
569 2053 676 2100 Νῦν
697 2041 756 2097 6‘:
778 2040 1052 2113 διεκώλυεν
1075 2041 1248 2110 αὐτόν,
1267 2041 1446 2112 λέγων’
1471 2040 1606 2112 Ἐγὼ
1625 2043 1811 2112 χρείαν

215 2139 326 2211 ἱχω
363 2138 464 2190 6116
504 2142 600 2188 666
647 2132 1028 2206 βαπτισθῆναι.
1058 2127 1211 2199 Ἐγώ,
1245 2130 1270 2179 6
1304 2130 1588 2190 ύπεύθυνος
1636 2128 1811 2201 ἁμαρ-

215 2232 374 2295 τίαις,
421 2227 523 2278 61:6
579 2229 672 2274 τοῦ
721 2219 1111 2293 ἀναμαρτήτου,
1171 2217 1196 2268 6
1256 2215 1530 2289 βαπτίζων
1582 2215 1631 2268 ἐν
1671 2215 1810 2287 ψιλῷ

218 2313 404 2382 ὕδατι,
460 2314 560 2365 ὑπό
616 2317 706 2362 τοῦ
767 2306 1116 2381 βαπτίζοντος
1160 2303 1208 2357 ἓν
1255 2308 1518 2376 Πνεύματι
1551 2305 1684 2377 ἁγιῳ
1722 2309 1812 2356 καὶ

212 2407 364 2479 πυρὶ,
429 2403 455 2453 6
514 2397 720 2467 δοῦλος,
775 2398 876 2450 ύπό
925 2403 1014 2447 τοῦ
1077 2397 1364 2464 Δεσπότου,
1426 2395 1451 2446 6
1517 2395 1810 2466 ἄνθρωπος,

211 2493 316 2546 6116
347 2498 438 2544 τοῦ
471 2495 626 2544 Θεοῦο
670 2491 760 2539 καὶ
793 2489 858 2538 66
901 2483 1076 2538 λοιπόν
1107 2481 1358 2536 ἀνάπαλιν
1388 2486 1521 2556 ἔρχῃ
1556 2487 1687 2558 πρός
1724 2501 1808 2554 με.

215 2583 283 2635 Oi
341 2582 430 2653 μὲν
483 2574 570 2630 οὖν
609 2575 752 2628 ἄλλοι
799 2573 910 2626 κατ’
960 2572 1215 2646 ἐρώτησιν
1259 2571 1683 2644 ἀναγινώσκουσι
1731 2574 1811 2636 16,

213 2675 306 2725 καὶ
363 2671 428 2721 Σὺ
485 2669 618 2740 ἔρχῃ
671 2667 804 2738 πρὸς
860 2681 969 2736 με;
1029 2664 1053 2713 6
1108 2662 1354 2734 Θεολόσγος
1409 2657 1468 2714 6‘1
1529 2664 1813 2734 Γρηγόριος

213 2761 350 2813 κατά
402 2757 688 2828 ἀπόφασιν,
749 2755 820 2815 ὡς
884 2754 1356 2827 προφητεύσαντος,
1421 2751 1500 2803 ὃτι
1565 2749 1812 2803 Ἀκολουο

218 2851 400 2908 θήσεις
447 2863 537 2918 μοι
581 2844 953 2916 ἀναιρουμένῳ,
995 2845 1262 2894 τουτέστιν
1325 2840 1439 2912 (89)
1492 2839 1810 2913 ἀναιρεθήση

217 2941 308 2989 καὶ
333 2938 418 2990 σύ.

291 3025 620 3096 ’Ἀποκριθεὶς
648 3053 716 3062 -
743 3023 885 3094 ἄρτι.
939 3026 1342 3093 Παραχώρησον
1396 3023 1516 3090 τόγε
1543 3025 1632 3070 νῦν
1662 3020 1807 3089 ἔχον,

217 3117 290 3186 μὴ
343 3111 456 3184 (90)
497 3109 904 3186 προϐαλλόμενος
947 3109 1020 3170 εἰς
1064 3113 1386 3182 παραίτησιν
1435 3110 1500 3160 τὰ
1542 3115 1636 3168 τῆς
1691 3105 1814 3178 ίμῆς

217 3202 616 3276 ἀναμαρτησίας
659 3204 750 3251 καὶ
795 3200 1056 3258 θεότητος.
1108 3203 1214 3250 Νῦν
1264 3199 1365 3271 γὰρ
1405 3195 1499 3248 οὐκ
1546 3199 1657 3248 ἔστι
1687 3197 1814 3247 τού·
1847 3239 1888 3295 C

215 3313 316 3345 των
367 3293 569 3364 καιρόςο
626 3285 733 3340 ἀλλ’
771 3287 1109 3358 οἰκονομικῶς
1155 3287 1254 3338 6116
1309 3293 1405 3337 666
1461 3283 1810 3356 βαπτίζομαι.

215 3381 418 3453 *Ωσπερ
469 3379 572 3449 γὰρ
633 3372 726 3427 6:6:
780 3378 899 3434 τοὺς
947 3373 1241 3447 ἀνθρώπους
1282 3378 1470 3444 γέγονα
1523 3375 1813 3447 ἄνθρωπος,

221 3469 306 3519 ἶνα
342 3469 411 3526 ὡς
461 3465 732 3530 ἄνθρωπος
777 3461 1049 3514 καταϐαλῶ
1093 3464 1178 3513 τόν
1226 3460 1584 3514 καταϐαλόντα
1635 3461 1818 3523 αύτούς

225 3551 488 3608 διάϐολον·
530 3551 664 3604 οὓτω
694 3547 752 3603 δί
781 3549 989 3617 αὐτοὺς,
1035 3553 1103 3611 ὡς
1133 3549 1303 3615 αὐτοὶ,
1345 3548 1694 3623 βαπτίζομαι,
1739 3553 1820 3604 ἱνα

221 3641 427 3714 ἐνθάψω
468 3648 578 3702 τοῖς
615 3636 778 3692 ὕδασι
830 3643 916 3692 τόν
951 3639 1114 3713 ῥύπον
1161 3647 1260 3692 τῶν
1291 3638 1571 3693 μελλόντων
1611 3638 1821 3712 ἀναγεν-

218 3733 441 3790 νηθῆναι
486 3726 557 3784 δι’
585 3725 778 3791 ὕδατος
808 3733 897 3781 καὶ
925 3731 1238 3801 Πνεύματος.
1269 3728 1413 3801 Ἅμα
1445 3725 1504 3782 6':
1532 3734 1621 3781 καὶ
1651 3731 1818 3803 ἕτερόν

219 3841 269 3873 τι
318 3821 590 3892 οἰκονομῶ,
631 3822 690 3870 τό
739 3816 841 3870 ἀπὸ
891 3825 983 3870 τοῦ
1031 3815 1394 3890 βαπτίσματος
1434 3814 1819 3891 ἀναδειχθῆναί

221 3929 283 3982 με
303 3917 374 3980 τῷ
400 3908 530 3978 λαῷ.

295 3996 444 4050 Οὕτω
497 4026 565 4037 -
625 3992 984 4052 δικαιοσύνην.
1038 3995 1210 4056 Ούτως
1262 3995 1481 4070 ἁρμόζει
1537 4017 1646 4069 μοι,
1687 3997 1818 4055 πλη-

222 4094 391 4158 ρώσαι
457 4091 630 4138 πᾶσαν
699 4083 903 4142 ἐντολὴν
952 4089 1098 4137 Θεοῦ.
1164 4088 1507 4144 Δικαιοσύνην
1556 4087 1657 4159 γὰρ
1709 4095 1820 4157 νῦν,

221 4180 317 4234 τὴν
361 4174 476 4245 (91)
523 4173 724 4231 ἐντολὴν
763 4181 854 4226 τοῦ
881 4180 1015 4226 Θεοῦ
1053 4173 1207 4245 λέγει’
1243 4176 1425 4236 Πάσας
1471 4177 1559 4235 τὰς
1598 4174 1819 4242 ἐντολάς,

223 4269 406 4337 φησιν,
463 4262 818 4338 ἐξεπλήρωσα,
879 4261 1008 4324 ὅσας
1056 4263 1081 4313 6
1137 4266 1290 4335 νόμος
1347 4261 1622 4316 ἐκέλευσεν·
1688 4263 1819 4322 αύτη

225 4349 285 4405 6's
315 4356 445 4425 μόνη
496 4351 795 4424 ὑπελείφθη,
837 4353 867 4410 ἡ
917 4356 1036 4424 περὶ
1078 4358 1169 4403 τοῦ
1219 4350 1602 4423 βαπτισθῆναι’
1643 4351 1822 4406 λοιπόν

223 4441 313 4494 οὖν
395 4441 546 4493 Ούτω
631 4445 813 4513 πρέπει
885 4459 972 4493 uo:
1031 4439 1310 4512 πληρῶσαι
1375 4447 1548 4494 πᾶσαν
1599 4441 1819 4511 ἐντολὴν,

224 4529 408 4601 ἤγουν,
441 4529 551 4601 (92)
595 4524 629 4581 6
636 4531 689 4581 ιὰ
736 4535 828 4581 τοῦ
859 4527 1216 4602 βαπτισθῆναι
1249 4529 1351 4597 ἵνα,
1383 4528 1488 4582 ἐπεὶ
1537 4532 1562 4583 6
1604 4531 1826 4594 παλαιός

231 4615 394 4690 Αδὰμ
433 4622 527 4676 τὴν
580 4622 702 4690 μίαν
749 4616 952 4677 ἐντολὴν
997 4617 1092 4670 οῦκ
1129 4616 1442 4693 ἔπλήρωσιν,
1486 4618 1586 4693 ἐγώ
1625 4621 1822 4688 λοιπόν,

293 4796 342 4832 ⁵⁷
370 4797 539 4855 Joan.
581 4810 622 4865 ι,
649 4799 735 4854 31.
815 4797 862 4834 ⁵⁸
903 4795 1053 4856 Ibid.
1078 4797 1167 4854 29.

1916 1957 2157 2020 peccata
2187 1948 2461 2015 mundi",
2481 1953 2595 2005 etc.
2625 1952 2788 2005 Nunc
2815 1965 2954 2005 vero
2985 1949 3343 2020 prohibebat
3361 1949 3567 2022 ipsum

1917 2039 2124 2095 dicens
2151 2055 2164 2093 :
2197 2038 2348 2095 Mihi
2370 2054 2509 2108 opus
2544 2043 2627 2094 est
2654 2038 2838 2094 utabs
2871 2046 2924 2093 te
2950 2039 3216 2110 baptizer.
3253 2041 3404 2110 Ergo
3434 2053 3566 2110 pec-

1919 2128 2065 2185 catis
2117 2127 2438 2193 obnoxius,
2465 2127 2544 2183 ab
2591 2143 2661 2183 eo
2681 2127 2785 2200 qui
2817 2142 3061 2199 peccare
3092 2143 3213 2183 non
3245 2131 3435 2199 potest
3463 2143 3476 2193 ;
3501 2127 3562 2183 in

1918 2215 2084 2273 nuda
2112 2231 2271 2287 aqua
2290 2215 2702 2287 baptizans.ab
2724 2232 2794 2271 eo
2826 2216 2927 2288 qui
2967 2216 3229 2288 baptizat
3251 2216 3310 2270 in
3345 2216 3564 2287 Spiritu

1921 2309 2130 2361 sancto
2162 2310 2216 2360 et
2242 2304 2362 2374 igni
2394 2321 2408 2370 ;
2441 2319 2650 2360 servus
2677 2320 2712 2359 a
2731 2305 2982 2360 Domino
3025 2321 3038 2369 ;
3068 2304 3253 2360 homo
3283 2319 3320 2359 a
3343 2305 3482 2372 Deo,
3507 2306 3565 2359 et

1920 2400 1982 2452 tu
2013 2400 2211 2450 tamen
2241 2410 2272 2449 e
2323 2392 2559 2449 diverso
2612 2393 2776 2448 venis
2819 2393 2898 2449 ad
2955 2408 3049 2449 me
3079 2391 3107 2446 ?
3136 2392 3242 2448 Alii
3272 2392 3435 2448 enim
3467 2407 3566 2464 per

1920 2483 2444 2552 interrogationem
2460 2482 2662 2553 legunt
2686 2481 2869 2538 verba
2881 2481 2978 2539 illa
3000 2503 3012 2538 :
3038 2483 3128 2538 Tu
3161 2482 3318 2538 veni:
3332 2482 3409 2537 ad
3433 2497 3524 2538 me
3540 2482 3568 2537 Υ

1918 2572 2250 2640 Theologus
2300 2576 2500 2627 autem
2559 2570 2877 2640 Gregorius
2947 2587 3052 2643 per
3107 2570 3564 2628 afﬁrmationem

1919 2662 2091 2734 quasi
2122 2660 2530 2733 pr0phetantis
2560 2676 2631 2715 ac
2661 2659 2950 2716 dicentis:
2993 2662 3266 2732 Sequeris
3332 2678 3411 2716 me
3460 2661 3568 2734 qui

1921 2749 2174 2815 occidor,
2205 2749 2322 2806 hoc
2341 2754 2447 2815 est,
2471 2749 2758 2805 occideris
2784 2753 2841 2806 et
2869 2754 2955 2810 tu.

1994 3022 2154 3075 Vers.
2190 3024 2273 3075 l5.
2301 3020 2674 3091 Respondeas
2699 3051 2759 3061 -—
2787 3020 2984 3076 modo.
3020 3020 3228 3076 Desine
3256 3019 3438 3076 modo
3464 3020 3573 3076 im-

1920 3108 2347 3182 peccabilitatis
2381 3124 2450 3164 ac
2481 3109 2800 3166 divinitatis
2833 3125 2975 3164 mea:
3003 3110 3337 3166 velamenta
3365 3109 3573 3166 obten-

1922 3197 2062 3254 dere
2095 3213 2322 3270 ;neque
2345 3197 2504 3254 enim
2537 3203 2679 3254 sunt
2730 3198 2857 3253 haec
2883 3198 3197 3270 praesentis
3262 3198 3572 3270 temporis,

1924 3287 2028 3343 sed
2049 3287 2491 3359 dispensatorio
2517 3286 2699 3343 modo
2721 3302 2758 3342 a
2782 3292 2833 3342 te
2858 3287 3144 3358 baptizor.
3170 3288 3576 3352 Quemadmo-

1923 3376 2071 3431 dum
2101 3376 2261 3431 enim
2300 3380 2542 3447 propter
2570 3375 2848 3431 homines
2878 3375 3060 3430 homo
3102 3375 3292 3431 factus
3323 3393 3479 3441 sum,
3515 3380 3578 3433 ut

1928 3470 2216 3537 tanquam
2244 3465 2426 3520 homo
2451 3463 2650 3520 fallam
2670 3465 2743 3534 (ε)
2765 3463 3075 3520 diabolum
3102 3465 3264 3536 ipsos
3281 3463 3578 3537 decipien-

1928 3559 2044 3610 tem
2080 3553 2200 3620 ;ita
2226 3558 2466 3626 propter
2491 3553 2674 3625 ipsos,
2729 3553 2880 3608 sicut
2924 3553 3035 3625 ipsi
3088 3553 3376 3625 haptizor,
3438 3553 3579 3610 utin

1929 3643 2102 3716 aquis
2119 3658 2326 3699 eorum
2350 3642 2556 3698 sordes
2579 3641 2884 3715 sepeliam,
2908 3642 3011 3714 qui
3039 3643 3427 3713 regenerandi
3445 3648 3582 3700 sunt

1927 3748 2033 3805 per
2062 3747 2284 3804 aquam
2317 3738 2372 3787 et
2399 3731 2702 3804 spiritum.
2743 3731 2926 3789 Simul
2955 3737 3157 3788 autem
3217 3737 3274 3788 et
3323 3732 3431 3788 hoc
3462 3731 3581 3788 dis-

1929 3822 2265 3894 pensatorie
2295 3837 2427 3892 ago,
2465 3825 2529 3876 ut
2551 3821 2820 3877 videlicet
2841 3837 2946 3893 per
2959 3820 3332 3894 baptismum
3354 3821 3581 3894 populo

1928 3910 2322 3966 demonstrer.

2004 4001 2163 4056 Vers.
2196 4001 2280 4055 15.
2312 4000 2415 4056 Sic
2441 4032 2510 4039 —
2537 4001 2861 4070 justitiam.
2894 4001 2986 4056 Sic
3017 4001 3291 4073 congruit
3332 4004 3390 4056 ut
3420 4016 3582 4056 com-

1930 4088 2129 4162 pleam
2177 4103 2355 4144 omne
2395 4089 2490 4144 Dei
2521 4095 2930 4161 prmeeptum:
2971 4090 3066 4146 hic
3097 4091 3257 4146 enim
3293 4090 3584 4160 justitiam

1932 4183 2297 4249 praeceptum
2334 4178 2431 4232 Dei
2451 4178 2731 4250 appellat.
2754 4180 2985 4249 Omnia,
3011 4179 3222 4251 inquit,
3249 4194 3386 4250 quae
3405 4178 3589 4248 jussit

1929 4265 2025 4322 lex
2055 4265 2349 4337 complevi
2381 4271 2698 4338 praecepta.
2733 4267 2935 4322 Solum
2969 4282 3183 4338 nempe
3217 4267 3273 4320 id
3290 4265 3588 4336 reliquum

1935 4360 2040 4420 est,
2094 4360 2158 4410 ut
2181 4354 2460 4426 baptizer.
2511 4356 2620 4412 Sic
2673 4356 2868 4426 itaque
2917 4355 3095 4419 decet,
3156 4361 3217 4409 ut
3270 4354 3584 4423 compleam

1933 4459 2160 4501 omnem
2187 4444 2494 4512 iustitiam,
2513 4443 2785 4500 videlicet
2807 4459 2910 4516 per
2935 4441 3324 4514 baptismum,
3357 4446 3421 4496 ut
3441 4442 3587 4515 quia

1932 4537 2102 4590 vetus
2132 4533 2325 4588 Adam
2358 4532 2594 4588 unicum
2650 4548 2770 4588 non
2825 4531 3145 4604 complevit
3192 4535 3584 4604 praeceptum,

1933 4638 2044 4695 ego
2058 4621 2452 4680 novusAdam
2475 4637 2585 4695 pro
2610 4621 2740 4694 ipso
2763 4621 2968 4679 omnia
2987 4620 3376 4694 adimpleam,
3401 4619 3585 4677 illius-

1425 4923 1652 4993 Varias
1698 4923 2026 4994 lectiones
2079 4934 2146 4996 et
2177 4934 2379 4995 notae.

289 5062 402 5136 (87)
428 5060 611 5116 Ἔστιν
641 5062 697 5122 ἡ.
732 5069 787 5119 Β.

311 5137 402 5206 88)
443 5137 813 5208 Παρεγένοντο,
846 5139 907 5190 Α.

313 5204 542 5282 _8_9)_Pro
573 5204 873 5282 ακολουθεῖς
914 5209 972 5262 et
1001 5204 1206 5282 ᾄναιρῇ,
1235 5209 1400 5278 quod
1446 5223 1815 5282 repereram,

219 5275 390 5352 dedi,
413 5275 670 5352 ᾄκολουθη
681 5296 788 5340 σεις
825 5280 1066 5352 αναιρεθή
1078 5275 1171 5351 ξ

290 5349 398 5428 (90)
427 5349 778 5428 Particulam
793 5349 1137 5422 negativam
1157 5354 1252 5424 μή,
1276 5365 1463 5424 quam
1484 5367 1699 5410 sensus
1718 5370 1818 5428 po-

220 5419 502 5485 stulabat,
538 5419 762 5476 addidi.

291 5491 375 5570 (q)_
394 5491 606 5549 Paruit.
623 5497 745 5570 act.
767 5492 1266 5570 demonstrarent.
1287 5495 1356 5552 Ut
1383 5495 1817 5570 resipiscerent,

221 5565 284 5620 ut
322 5562 502 5618 aham
529 5567 790 5620 mentem
821 5564 1153 5621 induerent.

225 5632 495 5764 (13213;:
515 5634 884 5779 ;rgjrsione
926 5635 1323 5694 omittendum
1355 5641 1498 5706 erat,
1541 5653 1664 5698 non
1689 5639 1818 5698 red-

440 5794 691 5858 PATROL.
739 5793 852 5856 Gn.
899 5794 1166 5859 CXXIX.

2001 5067 2112 5141 (91)
2148 5067 2548 5155 ghryspstom.
2613 5073 2650 5126 t.
2692 5068 2806 5126 vn.
2847 5085 2906 5142 p.
2961 5069 3089 5128 140.
3139 5070 3204 5128 B.
3255 5075 3356 5130 Τὴν
3401 5069 3597 5134 ἐκπλὴ·

1927 5139 2099 5214 ρωσιν
2120 5147 2192 5214 τῶ
2223 5139 2456 5214 ίντολών.

2001 5212 2195 5284 (92)In
2222 5212 2311 5284 his
2335 5211 2594 5282 offendo.
2635 5213 2932 5270 Particula
2958 5217 3119 5284 ἤγουν
3151 5213 3314 5284 enim
3363 5215 3583 5274 similia

1925 5281 2140 5357 jungit.
2166 5281 2486 5357 Dissimilia
2514 5288 2710 5357 autem
2748 5281 3025 5357 πληρῶσαι
3052 5290 3106 5341 et
3137 5281 3230 5337 διὰ
3260 5285 3578 5357 τοῦ-βαπτι-

1933 5352 2142 5425 σθῆναι.
2188 5355 2450 5425 Conjicio
2512 5355 2704 5424 igitur,
2770 5352 2887 5412 levi
2937 5357 3279 5421 mutatione,
3332 5352 3426 5410 δὶά
3481 5365 3576 5412 σοῦ

1933 5424 2315 5499 βαπτισθῆναι.

1933 5495 1942 5499 ⁷
2002 5498 2072 5570 (s)
2110 5495 2456 5549 Καταϐάλλειν
2519 5513 2641 5554 non
2691 5502 2844 5554 recte
2890 5498 3190 5555 redditum
3223 5503 3310 5555 est
3351 5499 3582 5569 fallere,

1931 5567 2214 5635 decipere,
2249 5583 2598 5635 quanquam
2620 5569 2776 5635 prius
2806 5568 2938 5626 ferri
2967 5571 3174 5635 possit.
3238 5570 3588 5625 Καταϐάλλειν

1934 5583 2214 5635 accipere,
2249 5583 2598 5641 quanquam
2620 5586 2776 5640 prius
2806 5583 2938 5626 rem
2967 5583 3174 5642 possit.
3240 5583 3588 5625 Καταϐαλλειν

1934 5643 2029 5721 est.
2049 5639 2284 5695 hostem
2323 5639 2398 5696 de
2420 5643 2584 5722 statu
2609 5641 2885 5724 dejicere,
2914 5642 3167 5698 vincere.
3210 5643 3362 5714 Ergo
3393 5649 3458 5699 ut
3489 5659 3588 5714 op-

1929 5720 2188 5784 primam
2226 5742 2296 5753 —
2324 5720 2428 5785 qui
2447 5720 2756 5784 oppressit.

3283 5805 3316 5866 6
