4180 6462
658 394 760 452 171

1991 388 2324 448 EUTHYMII
2360 388 2692 448 ZIGABENI

3955 391 4057 447 172

657 536 778 594 que
816 519 1216 592 posteritatem
1256 517 1586 591 perﬁciam,
1626 520 1682 574 et
1709 532 1746 574 a
1803 516 2293 574 condemnatione

2419 518 2445 569 6
2485 521 2589 576 νέος
2629 512 2823 589 Ἀδὰμ,
2870 514 2975 568 ἀντ’
3020 515 3180 568 αὑτοῦ
3209 515 3473 592 πληρὼσω
3519 518 3714 584 πάσας,
3763 523 3877 572 καὶ
3925 520 4054 572 ἁνα-

655 623 844 682 quam
880 607 975 664 ille
1005 623 1040 664 a
1070 622 1131 664 se
1178 606 1684 664 descendentibus
1714 605 2029 676 distribuit,
2065 606 2196 662 illos
2245 606 2311 660 li-

650 696 876 763 berem,
922 696 1028 770 qui
1063 711 1159 753 me
1197 696 1614 753 imitabuntur.
1665 698 2026 766 Praeceptum
2106 699 2309 751 autem

651 790 776 843 erat
814 784 934 854 Dei,
999 789 1056 842 et
1101 785 1441 858 baptismus
1483 783 1745 841 Joannis.
1804 783 1905 840 Ait
1938 783 2143 840 enim:
2206 782 2311 849 Qui

649 873 806 932 misit
826 889 918 933 me
943 874 1025 933 ad
1055 874 1470 946 baptizzndum
1501 875 1565 930 in
1596 888 1749 944 aqua
1781 873 1851 940 δ’,
1882 877 1995 930 etc.

723 1123 888 1182 Vers.
927 1124 1016 1182 i6.
1064 1125 1224 1182 Tunc
1267 1154 1337 1166 —
1381 1139 1561 1197 aqua.
1618 1125 1827 1181 Dicunt
1879 1122 2087 1196 aliqui,
2139 1121 2306 1194 quod

650 1227 1142 1287 unumquemque
1171 1214 1604 1286 baptizatorum
1644 1213 1692 1269 is
1729 1213 1834 1285 qui
1863 1210 2210 1283 baptizabat
2246 1209 2307 1266 in

648 1315 875 1374 aquam
899 1301 979 1358 ad
998 1302 1220 1359 collum
1247 1318 1437 1376 usque
1457 1303 1794 1359 immissum
1816 1299 2139 1364 detinebat,
2162 1313 2308 1370 quo-

648 1406 834 1462 usque
861 1395 1102 1464 peccata
1127 1407 1238 1449 sua
1269 1391 1578 1448 confessus
1607 1396 1781 1456 esset,
1816 1396 1872 1446 et
1901 1394 2036 1461 post
2082 1387 2306 1444 confes-

649 1479 882 1536 sionem
904 1480 970 1552 (ι)
993 1481 1353 1538 ascendebat
1369 1481 1442 1537 de
1456 1495 1635 1553 aqua.
1664 1479 1927 1534 Christus
1939 1483 2141 1534 autem
2164 1493 2302 1532 cum

643 1573 959 1640 peccatum
989 1585 1112 1626 non
1154 1569 1414 1634 haberet,
1446 1584 1570 1626 non
1601 1573 1689 1624 est
1714 1568 1981 1624 detentus
2006 1567 2065 1622 in
2098 1581 2255 1638 aqua
2287 1583 2298 1621 :

646 1660 704 1713 et
731 1657 976 1714 obhanc
993 1673 1239 1715 causam
1267 1657 1877 1729 aiuntevangelistam
1903 1655 2301 1728 dicere,quod

645 1745 844 1804 statim
875 1748 1149 1804 ascendit
1185 1748 1260 1803 de
1299 1763 1480 1820 aqua.

715 1833 882 1930 γεετεῖ
923 1837 1014 1930 to.
1065 1837 1144 1930 Et
1189 1851 1314 1893 ecce
1343 1868 1412 1880 —
1447 1836 1862 1906 complacitum
1916 1842 2017 1892 est.
2063 1834 2300 1930 -Veteris
2337 1876 2377 1930 Β

641 1923 837 1980 Adam
868 1924 1274 1982 inobedientia
1306 1925 1657 1997 paradisum
1687 1925 1862 1981 nobis
1888 1924 2121 1989 clausit,
2154 1924 2300 1982 novi

647 2016 851 2068 autem
875 2012 1212 2070 obedientia
1250 2014 1468 2070 caelum
1497 2013 1667 2070 nobis
1719 2014 1970 2086 aperuit.
2017 2013 2302 2084 Majorem

647 2101 811 2158 enim
847 2101 1144 2159 bonorum
1175 2102 1514 2160 fruitionem
1539 2103 1711 2160 nobis
1741 2103 2076 2174 acquisivit,
2110 2118 2297 2174 quam

646 2189 821 2247 fuerit
845 2191 1123 2265 perditio.
1146 2195 1211 2248 Et
1247 2192 1376 2249 vide
1414 2209 1528 2265 quo
1554 2198 1728 2265 pacto
1778 2192 2039 2248 Christus
2069 2190 2296 2264 populo

643 2277 1090 2337 demonstratus
1134 2286 1223 2338 est
1264 2297 1276 2336 :
1329 2280 1485 2338 clare
1531 2281 1800 2338 videlicet
1827 2297 1893 2336 ac
1960 2279 2293 2337 manifeste.

643 2365 973 2440 Postquam
1003 2370 1162 2425 enim
1185 2369 1520 2426 Joannesde
1552 2371 1679 2442 ipso
1705 2370 1889 2425 turbis
1923 2369 2295 2441 praedixerat,

643 2470 714 2512 ac
744 2457 965 2513 sensim
997 2459 1074 2516 ad
1097 2460 1276 2531 hujus
1301 2459 1460 2516 dicta
1491 2461 1764 2516 animum
1794 2458 2202 2522 advertebant,
2234 2459 2299 2512 ut

641 2544 921 2602 viderunt
944 2548 1124 2605 etiam
1153 2549 1352 2621 ipsum
1381 2551 1555 2622 quasi
1587 2564 1773 2604 unum
1830 2547 1905 2602 de
1935 2545 2157 2619 populo
2194 2545 2298 2602 ba-

641 2634 1318 2706 ptizari,oﬂ‘endiculum
1365 2637 1527 2710 passi
1571 2641 1732 2694 sunt.
1782 2636 1848 2691 Et
1889 2635 2110 2691 idcirco
2163 2634 2296 2690 caeli

641 2723 887 2796 quidem
918 2727 1282 2799 aperiuntur,
1311 2726 1712 2789 ostendentes,
1738 2725 1900 2797 quod
1930 2723 2166 2796 abipsis
2195 2723 2296 2778 de-

641 2813 937 2870 scenderit
964 2814 1263 2881 columba,
1288 2819 1354 2871 ut
1378 2829 1558 2885 super
1587 2829 1727 2869 eum
1740 2829 1949 2869 vocem
1981 2813 2291 2878 derivaret,

638 2917 715 2959 ne
765 2903 956 2975 ipsam
995 2905 1069 2961 de
1118 2906 1343 2961 Joanne
1391 2902 1691 2960 testiﬁcari
1744 2908 2042 2976 putarent.
2098 2904 2161 2957 Et
2213 2902 2295 2957 ita

637 2992 812 3049 Pater
848 2993 1262 3051 testimonium
1313 2992 1472 3049 dedit
1523 2992 1710 3058 Filio;
1759 2991 2008 3065 Spiritus
2049 2994 2292 3047 sanctus

636 3095 779 3138 vero
806 3097 989 3154 super
1035 3097 1162 3138 eum
1219 3080 1549 3147 descendit,
1598 3082 1771 3152 quasi
1819 3080 2004 3149 digito
2055 3079 2294 3134 demon-

637 3174 834 3227 strans
861 3171 1026 3227 hunc
1056 3185 1202 3236 esse,
1225 3170 1301 3225 de
1331 3185 1453 3242 quo
1483 3169 1730 3226 ferretur
1757 3169 2177 3226 testimonium.
2227 3169 2291 3224 In

636 3260 833 3332 specie
858 3265 1054 3316 autem
1079 3259 1394 3316 columbas.
1429 3258 1551 3316 Hoc
1575 3259 1734 3315 enim
1757 3258 1980 3315 animal
2001 3258 2061 3313 in
2087 3257 2291 3314 multis

635 3347 924 3422 Spiritum
949 3349 1520 3407 sanctumimitatur.
1555 3348 1860 3421 Siquidem
1886 3347 2120 3404 homini
2144 3345 2291 3403 ami-

634 3455 774 3496 cum
800 3444 910 3509 est,
934 3455 1044 3496 nec
1072 3439 1242 3496 facile
1269 3439 1526 3496 irritatur
1541 3439 1616 3495 ad
1631 3439 1806 3503 iram,
1841 3437 2018 3510 pullis
2045 3452 2287 3510 quoque

631 3529 937 3602 privatum
962 3530 1246 3602 patienter
1276 3530 1551 3591 sustinet,
1585 3543 1780 3599 neque
1833 3527 2028 3583 minus
2054 3526 2132 3582 ad
2180 3541 2286 3581 eos

633 3617 736 3690 qui
760 3633 823 3673 se
847 3619 1244 3688 privaverunt,
1283 3617 1511 3673 accedit
1549 3634 1562 3684 ;
1593 3616 2052 3672 mundissimum
2110 3616 2286 3672 etiam

633 3709 741 3771 est,
771 3710 828 3762 et
851 3706 1012 3762 bono
1038 3705 1256 3776 gaudet
1283 3705 1488 3762 odore.

707 3882 894 3954 Hujus
919 3899 1153 3957 quoque
1172 3882 1466 3940 columbae
1484 3883 1676 3954 ﬁgura
1703 3887 1822 3940 erat
1839 3882 1958 3950 illa,
1989 3898 2125 3956 quae
2163 3886 2283 3940 Noe

632 3975 817 4028 ﬁnem
843 3971 1051 4029 diluvii
1079 3972 1380 4029 nuntiavit.
1402 3972 1926 4038 Quemadmodum
1957 3973 2114 4029 enim
2147 3978 2283 4030 tunc

631 4066 760 4118 erat
784 4060 1075 4118 diluvium
1107 4061 1185 4118 ab
1215 4078 1394 4134 aqua,
1421 4063 1503 4118 ita
1541 4069 1595 4118 et
1620 4077 1778 4118 nunc
1827 4078 1862 4118 a
1894 4068 2140 4134 peccato
2170 4080 2183 4118 :
2227 4068 2284 4118 et

632 4151 904 4209 sicutilla
925 4151 1300 4209 denuntiavit
1327 4153 1725 4210 cessationem
1752 4152 1906 4208 illius
1936 4153 2163 4219 diluvii,
2202 4152 2282 4210 ita

628 4243 821 4300 etista
839 4243 1017 4316 hujus
1048 4245 1378 4317 praesentis.
1417 4244 1616 4316 Aperti
1647 4249 1782 4300 sunt
1813 4250 2014 4300 autem
2046 4244 2199 4308 oreli,
2224 4247 2281 4299 et

625 4348 804 4406 super
839 4331 1199 4406 baptizatum
1255 4333 1569 4390 descendit
1618 4333 1864 4406 Spiritus
1911 4338 2176 4398 sanctus,
2219 4336 2282 4388 ut

623 4422 930 4481 discamus
946 4441 1122 4497 super
1138 4440 1384 4480 omnem
1394 4423 1702 4480 hominem
1726 4423 2084 4494 baptizatum
2097 4420 2280 4478 caelos

622 4513 854 4585 aperiri,
871 4519 1153 4569 vocantes
1166 4513 1365 4584 ipsum
1384 4511 1462 4568 ad
1482 4527 1805 4585 supernam
1822 4510 2275 4567 habitationem.

2417 605 2679 678 πληρώσω
2719 609 2780 657 τὸ
2824 604 3015 658 ἐκείνου
3068 606 3353 678 ὑστέρημα·
3403 611 3493 658 καὶ
3539 607 3598 667 ἧς
3636 605 3838 670 ἐκεῖνος
3879 609 4050 662 πάλαι

2417 691 2713 755 καταδίκης
2761 701 2866 755 τοῖς
2907 693 2959 757 ἕξ
3006 694 3167 746 αὐτοῦ
3216 691 3495 766 μετέδωκε,
3536 697 3729 756 ταύτης
3782 699 3904 768 εγὼ
3962 706 4050 750 νῦν

2419 781 2694 846 ἀπαλλάξω
2746 787 2863 843 τοὺς
2917 782 2969 846 ἒξ
3008 771 3150 855 έμοῦ.
3184 782 3387 843 Ἐντολή
3438 781 3498 836 δε
3547 781 3608 843 ἦν
3653 790 3807 850 Θεοῦ,
3856 792 3961 839 καὶ
3992 791 4048 838 τό

2415 871 2650 926 Ἰωάννου
2707 871 3006 945 βάπτισμα·
3055 875 3227 946 εἴρηκε
3269 875 3372 946 γὰρ
3404 873 3578 942 αύτος,
3612 873 3694 926 ὃτι
3720 873 3782 926 Ὀ
3811 875 4046 947 πέμψας

2416 981 2480 1035 με
2538 960 2815 1034 βαπτίζειν
2869 961 2916 1014 ἰν
2982 958 3165 1032 ὕδατι,
3231 961 3420 1025 ἐκεῖνός
3471 982 3562 1036 μοι
3617 965 3745 1031 εἶπε,
3807 970 3919 1017 καὶ
3983 967 4045 1017 τὰ
4140 958 4141 992 ³

2417 1051 2500 1113 ἐξῆ
2515 1072 2553 1112 ς.

2485 1143 2613 1192 Τότε
2677 1170 2745 1180 --
2815 1136 3031 1202 ὕδατος.
3107 1145 3243 1193 φασί
3302 1159 3456 1208 τινες,
3510 1142 3590 1194 ὃτι
3639 1140 3875 1196 ἑκαστον
3944 1153 4042 1196 τῶν

2418 1226 2835 1301 βαπτιζομένων,
2889 1229 3068 1301 χαλῶν
3124 1231 3150 1282 6
3232 1228 3531 1302 βαπτιστὴς
3586 1232 4039 1304 ἄχρετραχήλου,
4139 1226 4141 1286 ἰ

2415 1324 2658 1388 κατεῖχεν
2730 1317 2906 1383 αὑτὸν,
2986 1319 3079 1379 ἕως
3149 1317 3209 1369 ἂν
3268 1320 3380 1389 (93)
3434 1317 3883 1391 ὶξωμολογήσατο
3945 1326 4041 1384 τὰς
4140 1391 4141 1402 1

2415 1405 2673 1480 ἁμαρτίας
2739 1405 2917 1470 αὑτοῦ,
2968 1412 3058 1459 καὶ
3104 1411 3216 1461 τότε
3269 1406 3463 1480 ἁφεθεὶ,
3506 1404 3717 1461 ἀνέδυεν
3771 1409 3893 1464 ἀπὸ
3947 1419 4036 1464 τοῦ

2415 1491 2628 1556 ὓδατος⁸
2682 1497 2707 1547 6
2749 1493 2807 1548 δε
2848 1500 3093 1570 Χριστὸς,
3151 1501 3223 1568 μὴ
3275 1500 3410 1569 ἔχων
3458 1497 3736 1571 ἁμαρτίαν,
3788 1500 3900 1552 οὐκ
3954 1501 4030 1553 ἰν-

2414 1580 2663 1656 εϐράδυνε
2692 1584 2805 1655 (94)
2832 1593 2904 1654 τῷ
2953 1581 3132 1652 ύδατι,
3164 1590 3253 1638 καὶ
3296 1588 3484 1638 τούτου
3513 1590 3676 1660 χάριν
3703 1586 3829 1658 (95)
3870 1590 4026 1643 εἰπεῖν

2413 1676 2499 1724 τὸν
2535 1673 2928 1744 εύαοηιλιστην,
2956 1675 3037 1726 ὅτι
3058 1674 3210 1735 εὐθὺς
3237 1672 3388 1733 ἀνέϐη
3421 1674 3523 1727 ἀπὸ
3557 1683 3649 1728 τοῦ
3679 1673 3906 1739 ὑδατός.

2487 1856 2580 1904 Καὶ
2616 1848 2731 1903 ἰδού
2771 1883 2837 1892 -
2882 1849 3168 1910 εὐδόκησα.
3197 1851 3253 1905 ’Π
3302 1856 3392 1925 μὶν
3444 1858 3682 1929 παρακοὴ
3729 1863 3825 1908 τοῦ
3851 1857 4016 1909 πάλαι

2409 1935 2582 2012 Ἀδὰμ
2626 1938 2920 1993 ἀπέκλεισεν
2969 1944 3095 2013 ἡμῖν
3131 1946 3218 1993 τὸν
3256 1939 3598 2015 παράδεισον,
3630 1945 3661 2001 ἡ
3715 1940 3763 1996 δ’
3800 1946 4010 2004 ὑπακοὴ

2409 2037 2501 2081 τοῦ
2557 2034 2692 2095 νέου,
2770 2030 2940 2092 ἣνοιξε
3003 2034 3119 2090 τοὺς
3196 2031 3464 2103 οὐρανούς,
3531 2041 4011 2107 περιποιησαμένου

2407 2120 2533 2191 ἡμῖν
2617 2117 2905 2171 ἀπόλαυσιν
2985 2120 3200 2192 μείζονα
3285 2127 3381 2181 τῆς
3454 2119 3787 2182 ἀπολωλυίας.
3872 2123 4013 2196 Ὀρα

2408 2204 2487 2276 δε,
2540 2216 2650 2270 πῶς
2689 2209 2715 2259 ό
2764 2211 2993 2280 Χριστός
3035 2205 3400 2261 ἀναδείκνυται
3439 2217 3511 2280 τῷ
3531 2209 3635 2280 λαῷ
3673 2211 3920 2285 λαμπρῶς
3952 2231 4010 2265 τε

2406 2301 2495 2349 καί
2560 2296 2982 2370 μεγαλοπρεπῶς.
3038 2295 3177 2350 Ἐπεὶ
3233 2302 3333 2372 γὰρ
3398 2300 3423 2350 6
3487 2297 3719 2360 Ἰωάννης
3788 2309 4002 2373 προεῖπε

2405 2391 2522 2460 περὶ
2564 2386 2724 2438 αὐτοῦ
2768 2392 2878 2446 τοῖς
2909 2386 3113 2458 ὄχλοις,
3143 2391 3233 2438 καὶ
3283 2388 3450 2461 ἠρέμα
3488 2390 3654 2460 τούτῳ
3697 2396 3982 2464 προσεῖχον,

2406 2477 2473 2536 ὡς
2503 2471 2642 2527 εἶδον
2686 2480 2775 2527 καὶ
2818 2475 2973 2527 αύτὸν
3007 2474 3405 2548 βαπτιζόμενον,
3439 2479 3506 2538 ὡς
3537 2479 3623 2529 ἕνα
3647 2487 3749 2529 τῶν
3785 2477 3989 2546 πολλῶν,

2406 2560 2916 2621 ἕσκανδαλίσθησαν.
2974 2570 3073 2617 Καὶ
3109 2565 3286 2617 λοιπόν
3327 2563 3620 2636 ἀνοίγονται
3673 2570 3763 2637 μὶν
3819 2569 3867 2618 οἱ
3915 2569 3996 2618 ού-

2404 2657 2572 2728 ρανοὶ,
2606 2649 2944 2718 δεικνύοντες,
2996 2655 3076 2706 ὅτι
3111 2652 3162 2716 ἐξ
3208 2654 3374 2705 αὐτῶν
3427 2654 3652 2712 κατῆλθε
3707 2660 3798 2707 καὶ
3844 2657 3873 2713 ἠ
3906 2673 3998 2707 πε-

2402 2743 2639 2816 ριστερὰ,
2680 2746 2768 2794 καὶ
2821 2744 2850 2799 ἠ
2909 2748 3069 2814 φωνή.
3120 2744 3335 2795 Κάτεισι
3385 2738 3444 2794 δι
3499 2745 3529 2800 ἡ
3589 2746 3678 2814 μὶν
3724 2744 3999 2815 φωνὴ,ἱνα

2403 2832 2641 2902 μάθωσιν
2672 2833 2720 2882 οἱ
2769 2835 3038 2903 παρόντες,
3069 2835 3149 2892 τίς
3195 2829 3335 2882 ἔστιν
3373 2833 3399 2882 6
3440 2829 3838 2903 βαπτιζόμενος·
3874 2835 3903 2890 ἠ
3939 2829 3994 2885 δέ

2403 2922 2704 2994 περιστερὰ,
2763 2920 2846 2970 ἵνα
2894 2919 3084 2991 ἂκύση
3123 2924 3216 2978 τὴν
3250 2921 3417 2992 φωνην
3475 2918 3549 2971 ἐπ’
3588 2920 3763 2986 αύτόν,
3797 2926 3888 2973 καὶ
3926 2925 3993 2992 μὴ

2401 3013 2710 3081 νομίσωσιν,
2759 3009 2837 3060 ὅτι
2893 3013 3008 3080 περὶ
3037 3008 3271 3061 Ἰωάννου
3325 3016 3576 3082 μαρτυρεῖ
3619 3010 3648 3066 ἡ
3689 3015 3849 3080 φωνὴ.
3899 3015 3991 3063 Καὶ

2401 3098 2428 3149 6
2477 3100 2566 3169 μεν
2617 3100 2798 3171 Πατὴρ
2839 3097 3028 3148 ἄνωθεν
3082 3096 3409 3171 ἐμαρτύρησε
3464 3101 3582 3172 περὶ
3624 3105 3717 3149 τοῦ
3767 3100 3911 3151 Υἰοῦσ
3942 3102 3996 3150 τό

2404 3181 2462 3238 δε
2491 3192 2696 3258 Πνεῦμα
2725 3189 2782 3238 τὸ
2823 3185 2971 3256 άγιον
3002 3184 3191 3243 κατέϐη
3243 3184 3317 3237 ἔπ’
3355 3186 3526 3256 αὑτὸν,
3579 3184 3691 3239 ἀντὶ
3735 3183 3994 3239 δακτύλου

2402 3271 2654 3344 δεικνύον,
2690 3273 2770 3326 ὅτι
2823 3273 2972 3335 οὗτός
3025 3272 3165 3326 ἔστιν
3209 3276 3234 3326 6
3282 3278 3722 3349 μαρτυρούμενος.
3758 3275 3841 3328 Ἐν
3868 3273 3994 3330 είδει

2401 3360 2460 3416 δε
2489 3369 2816 3438 περιστερᾶς,
2851 3360 2991 3415 διότι
3031 3367 3173 3416 τουτὶ
3210 3367 3269 3415 τό
3329 3365 3459 3424 ζῶον
3511 3362 3563 3415 έκ
3604 3367 3805 3436 φύσεως
3835 3371 3995 3439 μιμηο

2397 3472 2536 3525 ματα
2583 3455 2696 3524 ἔχει
2745 3448 2836 3504 τού
2901 3451 3053 3523 ἁγίου
3109 3454 3420 3524 Πνεύματος,
3481 3452 3844 3526 ⁴Ριλάνθροινιτον
3899 3459 3992 3529 γὰρ

2397 3540 2509 3595 ἕστε
2587 3546 2676 3594 καὶ
2762 3539 3077 3604 ἀνεξίκακον.
3166 3540 3632 3614 Ἀποστερούμενον
3709 3546 3812 3617 γὰρ
3899 3552 3994 3596 τῶν

2395 3638 2622 3682 νεοσσῶν
2669 3630 2929 3703 ὑπομένει,
2962 3634 3050 3682 καὶ
3092 3627 3242 3682 ούδεν
3293 3631 3446 3688 ἧττον
3477 3635 3596 3693 τούς
3644 3632 3993 3705 ἀποστεροῦν-

2395 3737 2484 3779 τας
2531 3723 2824 3792 προσίεται.
2860 3725 2961 3772 Καὶ
2999 3721 3368 3795 καθαρώτατον
3398 3718 3532 3792 ἔστι,
3575 3725 3664 3772 καὶ
3692 3728 3755 3794 τῇ
3800 3718 3994 3795 εὐωδίᾳ

2393 3813 2590 3881 χαίρει.

2463 3895 2606 3969 Ἀμα
2645 3893 2704 3950 δ“ε
2745 3899 2942 3960 ταύτης
2990 3904 3084 3959 τῆς
3130 3903 3438 3973 περιστερᾶς
3485 3900 3645 3959 τύπος
3703 3893 3764 3957 ἦν
3804 3899 3994 3969 ἐκείνη,

2393 3987 2423 4044 ἡ
2470 3994 2542 4058 τῷ
2593 3993 2706 4040 Νῶε
2754 3994 2846 4040 τοῦ
2897 3986 3268 4059 κατακλυσμοῦ
3311 3992 3404 4046 τὴν
3455 3986 3604 4039 λύσιν
3658 3988 3996 4060 εὐαγγελισα-

2391 4078 2539 4148 μένη.
2587 4071 2787 4149 Ὠσπερ
2834 4079 2934 4149 γὰρ
2979 4079 3096 4128 τότε
3142 4075 3503 4148 κατακλυσμὸς
3557 4072 3616 4134 ἦν
3669 4075 3722 4139 ἐξ
3773 4074 3994 4149 ὓδατος,

2391 4162 2526 4216 οὕτω
2573 4169 2663 4216 καὶ
2713 4172 2802 4216 νῦν
2859 4164 2911 4227 ἐξ
2946 4163 3224 4239 ἁμαρτίας.
3261 4169 3360 4217 Καὶ
3403 4163 3574 4240 ὥσπερ
3626 4165 3788 4222 εκείνη
3843 4165 3999 4237 εὐηγ-

2389 4252 2633 4324 γελίσατο
2708 4258 2803 4311 τὴν
2879 4258 3103 4306 κόπασιν
3175 4252 3365 4305 ἐκείνου
3453 4261 3544 4306 τοῦ
3597 4253 3995 4326 κατακλυσμοῦ,

2391 4340 2524 4394 ούτω
2555 4346 2644 4393 καὶ
2685 4342 2816 4399 αύτη
2849 4349 2940 4394 τοῦ
2974 4347 3249 4416 παρόντος.
3281 4341 3656 4413 Ἠνεῲχθησαν
3715 4339 3775 4395 δε
3827 4345 3876 4394 οἱ
3903 4344 3997 4395 ού-

2388 4434 2558 4504 ρανοὶ,
2600 4435 2690 4483 καὶ
2741 4430 2992 4489 κατῆλθεν
3040 4429 3121 4484 ἐπὶ
3151 4435 3236 4483 τόν
3278 4428 3662 4504 βαπτιζόμενον
3691 4435 3749 4483 τό
3781 4428 3997 4504 Πνεῦμα

2387 4521 2446 4571 τὸ
2502 4519 2670 4591 ἅγιον,
2736 4520 2819 4572 ἶνα
2874 4521 3118 4592 μάθωμεν
3175 4522 3254 4572 ὃτι
3313 4518 3396 4572 ἰπὶ
3457 4523 3648 4581 παντὸς
3717 4518 3996 4594 ἀνθρώπου

619 4603 710 4658 Ad
739 4619 880 4659 eum
919 4618 1154 4674 quoque
1192 4601 1419 4658 accedit
1449 4600 1704 4674 Spiritus
1737 4607 1997 4658 sanctus.
2051 4599 2277 4664 Quodsi

2402 4606 2777 4681 Βαπτιζομένου
2837 4607 3130 4681 ἀνοίγονται
3185 4612 3276 4681 μεν
3333 4613 3382 4660 ot
3438 4608 3668 4684 ούρανοὶ,
3722 4607 3996 4672 καλοῦντες

620 4691 752 4748 haec
783 4690 1169 4748 sensibilibus
1199 4691 1386 4747 oculis
1415 4706 1537 4747 non
1571 4691 1867 4755 videmus,
1909 4704 1982 4745 ne
2014 4688 2271 4746 diffidas.

620 4779 804 4850 Signa
815 4795 1079 4852 namque
1092 4778 1368 4836 ﬁdelibus
1382 4795 1503 4836 non
1517 4779 1752 4845 dantur,
1769 4777 1874 4834 sed
1886 4776 2224 4835 inﬁdelibus
2258 4795 2274 4848 ;

619 4868 798 4926 nobis
821 4873 1024 4927 autem
1051 4869 1361 4940 signorum
1388 4869 1522 4928 loco
1546 4867 1766 4926 sufﬁcit
1809 4867 1989 4930 ﬁdes.

689 5147 738 5188 ⁸ο
760 5148 927 5210 Joan.
963 5167 1002 5221 ι,
1029 5153 1118 5209 33.

2387 4698 2541 4749 αύτόν
2577 4697 2648 4758 εἰς
2692 4702 2784 4757 τὴν
2827 4696 2931 4750 ἄνω
2973 4701 3262 4750 κατοικίαν·
3296 4696 3537 4768 ἐπιφοιτᾴ
3589 4693 3648 4749 δε
3686 4699 3855 4769 τούτῳ
3901 4704 3996 4751 καὶ

2382 4789 2440 4839 τὸ
2481 4793 2688 4860 Πνεῦμα
2717 4790 2776 4840 τό
2802 4786 2971 4859 ἅγιον.
3023 4791 3084 4839 Et
3133 4783 3192 4840 δε
3229 4790 3299 4859 μὴ
3350 4793 3459 4847 τοῖς
3496 4785 3772 4848 αἰσθητοῖς
3823 4795 3998 4840 ταῦτα

2384 4873 2637 4950 βλέπομεν
2679 4874 2982 4950 ὀφθαλμοῖς,
3031 4880 3102 4949 μὴ
3156 4874 3480 4949 ἀπιστήσῃς.
3522 4877 3600 4929 Τὰ
3654 4882 3852 4949 σημεῖα
3887 4879 3994 4950 γάρ

2383 4964 2442 5018 ού
2495 4973 2601 5027 τοῖς
2653 4968 3008 5035 πιστεύουσιν,
3064 4964 3193 5019 ἀλλὰ
3251 4972 3360 5030 τοῖς
3420 4963 3682 5027 ἀπίστοις
3742 4966 3872 5039 ἡμῖν
3931 4961 3994 5018 δι

2383 5051 2530 5130 ἀρκεῖ
2556 5055 2587 5116 ἡ
2624 5059 2827 5124 πίστις,
2855 5053 2970 5110 ἀντὶ
2997 5059 3246 5131 σημείων.

1855 5273 2076 5347 Variae
2104 5275 2440 5349 lectiones
2482 5289 2546 5349 et
2576 5288 2780 5350 notae.

687 5419 801 5494 (93)
869 5419 1094 5491 Conjici
1169 5418 1364 5502 possit
1435 5418 1884 5502 ἐξομολογήσαιτο,
1966 5421 2073 5479 etsi
2119 5439 2267 5502 non

613 5490 843 5620 igitioro,
876 5490 1200 5549 memorari
1229 5493 1500 5565 exempla
1518 5490 1825 5566 particulas
1856 5492 1915 5546 ἂν
1947 5510 2086 5552 cum
2114 5495 2266 5552 indi-

614 5579 686 5621 ca
714 5580 826 5621 ivo.

2451 5423 2566 5570 (94;
2606 5420 2891 5498 Ἐϐράδυνε
2919 5429 2987 5481 Δ.

2453 5497 2544 5568 (95
2609 5496 2735 5550 ’Δπὸ
2766 5504 2938 5550 κοινοῦ
2966 5516 2987 5550 τ

2453 5495 2566 5570 (95)
2609 5495 2735 5550 ’Δπὸ
2766 5504 2938 5550 κοινοῦ
2966 5497 3025 5550 τὸ
3053 5495 3239 5571 φασίν.

677 5743 742 5821 (ι)
766 5742 989 5820 ’Λφιθείς
1018 5759 1141 5805 non
1169 5747 1275 5816 est,
1295 5751 1426 5818 post
1458 5745 1896 5818 confessionem,
1929 5744 2054 5816 sed,
2087 5753 2143 5806 et
2173 5751 2312 5806 tunc
2340 5745 2584 5817 missus,
2617 5744 2915 5819 dimissus.
