  <div class='ocr_page' id='page_1' title='image "/cluster/home/n/w/nwhite01/storage/ocr_20150623/129/hvd.32044019208511/094.png"; bbox 0 0 4180 6470; ppageno 0'>
   <div class='ocr_carea' id='block_1_1' title="bbox 151 451 254 513">
    <p class='ocr_par' dir='ltr' id='par_1_1' title="bbox 151 451 254 513">
     <span class='ocr_line' id='line_1_1' title="bbox 151 451 254 513; baseline 0 0"><span class='ocrx_word' id='word_1_1' title='bbox 151 451 254 513; x_wconf 80' lang='lat'><strong>173</strong></span> 
     </span>
    </p>
   </div>
   <div class='ocr_carea' id='block_1_2' title="bbox 228 575 1826 656">
    <p class='ocr_par' dir='ltr' id='par_1_2' title="bbox 228 575 1826 656">
     <span class='ocr_line' id='line_1_2' title="bbox 228 575 1826 656; baseline -0.006 -21"><span class='ocrx_word' id='word_1_2' title='bbox 228 586 294 635; x_wconf 85' lang='grc' dir='ltr'><strong>Σὺ</strong></span> <span class='ocrx_word' id='word_1_3' title='bbox 371 578 428 635; x_wconf 66' lang='grc' dir='ltr'><strong>δὲ</strong></span> <span class='ocrx_word' id='word_1_4' title='bbox 481 580 993 656; x_wconf 71' lang='grc' dir='ltr'><strong>προσεπιθεώρῆσον,</strong></span> <span class='ocrx_word' id='word_1_5' title='bbox 1073 578 1174 649; x_wconf 84' lang='grc' dir='ltr'><strong>ὅτι,</strong></span> <span class='ocrx_word' id='word_1_6' title='bbox 1253 576 1424 652; x_wconf 82' lang='grc' dir='ltr'><strong>ὥσπερ</strong></span> <span class='ocrx_word' id='word_1_7' title='bbox 1495 575 1578 630; x_wconf 79' lang='grc' dir='ltr'><strong>ἐπὶ</strong></span> <span class='ocrx_word' id='word_1_8' title='bbox 1654 583 1745 628; x_wconf 84' lang='grc' dir='ltr'><strong>τοῦ</strong></span> <span class='ocrx_word' id='word_1_9' title='bbox 1777 576 1826 630; x_wconf 83' lang='grc' dir='ltr'><strong>Α</strong></span> 
     </span>
    </p>
   </div>
   <div class='ocr_carea' id='block_1_3' title="bbox 161 667 1748 743">
    <p class='ocr_par' dir='ltr' id='par_1_3' title="bbox 161 667 1748 743">
     <span class='ocr_line' id='line_1_3' title="bbox 161 667 1748 743; baseline -0.003 -18"><span class='ocrx_word' id='word_1_10' title='bbox 161 674 359 742; x_wconf 86' lang='grc' dir='ltr'><strong>Πάσχα</strong></span> <span class='ocrx_word' id='word_1_11' title='bbox 400 669 448 722; x_wconf 81' lang='grc' dir='ltr'><strong>ἐν</strong></span> <span class='ocrx_word' id='word_1_12' title='bbox 489 676 586 743; x_wconf 79' lang='grc' dir='ltr'><strong>μίᾴ</strong></span> <span class='ocrx_word' id='word_1_13' title='bbox 630 669 857 742; x_wconf 76' lang='grc' dir='ltr'><strong>τραπέζῃ</strong></span> <span class='ocrx_word' id='word_1_14' title='bbox 912 667 1214 742; x_wconf 79' lang='grc' dir='ltr'>πεπλήρωκε</span> <span class='ocrx_word' id='word_1_15' title='bbox 1266 671 1355 740; x_wconf 73' lang='grc' dir='ltr'><strong>μὲν</strong></span> <span class='ocrx_word' id='word_1_16' title='bbox 1411 671 1500 719; x_wconf 85' lang='grc' dir='ltr'><strong>καὶ</strong></span> <span class='ocrx_word' id='word_1_17' title='bbox 1557 669 1748 720; x_wconf 79' lang='grc' dir='ltr'><strong>ἔπαυσε</strong></span> 
     </span>
    </p>
   </div>
   <div class='ocr_carea' id='block_1_4' title="bbox 1073 578 1174 649">
    <p class='ocr_par' dir='ltr' id='par_1_4' title="bbox 1073 578 1174 649">
     <span class='ocr_line' id='line_1_4' title="bbox 1073 578 1174 649; baseline -0.02 -19"><span class='ocrx_word' id='word_1_18' title='bbox 1073 578 1174 649; x_wconf 84' lang='grc' dir='ltr'><strong>ὅτι,</strong></span> 
     </span>
    </p>
   </div>
   <div class='ocr_carea' id='block_1_5' title="bbox 159 753 1739 832">
    <p class='ocr_par' dir='ltr' id='par_1_5' title="bbox 159 753 1739 832">
     <span class='ocr_line' id='line_1_5' title="bbox 159 753 1739 832; baseline -0.005 -18"><span class='ocrx_word' id='word_1_19' title='bbox 159 764 218 813; x_wconf 93' lang='lat'><strong>1&#39;0</strong></span> <span class='ocrx_word' id='word_1_20' title='bbox 250 758 536 814; x_wconf 78' lang='grc' dir='ltr'><strong>Ἰουδαϊκόν</strong></span> <span class='ocrx_word' id='word_1_21' title='bbox 569 761 783 830; x_wconf 81' lang='grc' dir='ltr'><strong>Πάσχα,</strong></span> <span class='ocrx_word' id='word_1_22' title='bbox 836 757 1006 832; x_wconf 77' lang='grc' dir='ltr'>ἀρχὴν</span> <span class='ocrx_word' id='word_1_23' title='bbox 1039 755 1098 810; x_wconf 75' lang='grc' dir='ltr'><strong>δε</strong></span> <span class='ocrx_word' id='word_1_24' title='bbox 1126 765 1199 827; x_wconf 85' lang='grc' dir='ltr'><strong>τῷ</strong></span> <span class='ocrx_word' id='word_1_25' title='bbox 1248 756 1416 828; x_wconf 80' lang='grc' dir='ltr'><strong>οἰκείῳ</strong></span> <span class='ocrx_word' id='word_1_26' title='bbox 1463 753 1688 809; x_wconf 78' lang='grc' dir='ltr'><strong>δέδωκεν</strong></span> <span class='ocrx_word' id='word_1_27' title='bbox 1725 773 1739 786; x_wconf 79' lang='grc' dir='ltr'><strong>ο</strong></span> 
     </span>
    </p>
   </div>
   <div class='ocr_carea' id='block_1_6' title="bbox 161 845 1750 920">
    <p class='ocr_par' dir='ltr' id='par_1_6' title="bbox 161 845 1750 920">
     <span class='ocr_line' id='line_1_6' title="bbox 161 845 1750 920; baseline -0.003 -19"><span class='ocrx_word' id='word_1_28' title='bbox 161 849 292 902; x_wconf 80' lang='grc' dir='ltr'><strong>οὑτω</strong></span> <span class='ocrx_word' id='word_1_29' title='bbox 342 853 431 901; x_wconf 85' lang='grc' dir='ltr'><strong>καὶ</strong></span> <span class='ocrx_word' id='word_1_30' title='bbox 493 847 576 900; x_wconf 83' lang='grc' dir='ltr'><strong>ἐπὶ</strong></span> <span class='ocrx_word' id='word_1_31' title='bbox 637 849 728 900; x_wconf 83' lang='grc' dir='ltr'><strong>τοὺ</strong></span> <span class='ocrx_word' id='word_1_32' title='bbox 814 845 1196 920; x_wconf 77' lang='grc' dir='ltr'><strong>βαπτίσματος,</strong></span> <span class='ocrx_word' id='word_1_33' title='bbox 1278 849 1326 898; x_wconf 77' lang='grc' dir='ltr'><strong>ὲν</strong></span> <span class='ocrx_word' id='word_1_34' title='bbox 1409 846 1478 897; x_wconf 80' lang='grc' dir='ltr'><strong>ἐνὶ</strong></span> <span class='ocrx_word' id='word_1_35' title='bbox 1533 852 1750 918; x_wconf 82' lang='grc' dir='ltr'><strong>ποταμῷ</strong></span> 
     </span>
    </p>
   </div>
   <div class='ocr_carea' id='block_1_7' title="bbox 157 935 1750 1010">
    <p class='ocr_par' dir='ltr' id='par_1_7' title="bbox 157 935 1750 1010">
     <span class='ocr_line' id='line_1_7' title="bbox 157 935 1750 1010; baseline -0.001 -21"><span class='ocrx_word' id='word_1_36' title='bbox 157 943 245 990; x_wconf 82' lang='grc' dir='ltr'><strong>καὶ</strong></span> <span class='ocrx_word' id='word_1_37' title='bbox 286 939 438 1010; x_wconf 73' lang='grc' dir='ltr'><strong>ἄμφω</strong></span> <span class='ocrx_word' id='word_1_38' title='bbox 489 942 786 995; x_wconf 85' lang='grc' dir='ltr'><strong>πεποίηκεν.</strong></span> <span class='ocrx_word' id='word_1_39' title='bbox 835 935 902 989; x_wconf 82' lang='grc' dir='ltr'>Ἣ</span> <span class='ocrx_word' id='word_1_40' title='bbox 954 955 1008 987; x_wconf 87' lang='grc' dir='ltr'><strong>τε</strong></span> <span class='ocrx_word' id='word_1_41' title='bbox 1062 938 1163 1008; x_wconf 76' lang='grc' dir='ltr'><strong>γὰρ</strong></span> <span class='ocrx_word' id='word_1_42' title='bbox 1217 935 1413 997; x_wconf 81' lang='grc' dir='ltr'><strong>ἄνοιξις</strong></span> <span class='ocrx_word' id='word_1_43' title='bbox 1459 945 1556 987; x_wconf 87' lang='grc' dir='ltr'><strong>τῶν</strong></span> <span class='ocrx_word' id='word_1_44' title='bbox 1597 935 1750 1008; x_wconf 72' lang='grc' dir='ltr'><strong>οὐρα-</strong></span> 
     </span>
    </p>
   </div>
   <div class='ocr_carea' id='block_1_8' title="bbox 155 1024 1751 1098">
    <p class='ocr_par' dir='ltr' id='par_1_8' title="bbox 155 1024 1751 1098">
     <span class='ocr_line' id='line_1_8' title="bbox 155 1024 1751 1098; baseline 0 -21"><span class='ocrx_word' id='word_1_45' title='bbox 155 1035 268 1092; x_wconf 87' lang='grc' dir='ltr'>νῶν,</span> <span class='ocrx_word' id='word_1_46' title='bbox 322 1032 412 1080; x_wconf 84' lang='grc' dir='ltr'><strong>καὶ</strong></span> <span class='ocrx_word' id='word_1_47' title='bbox 461 1029 491 1086; x_wconf 83' lang='grc' dir='ltr'>ἡ</span> <span class='ocrx_word' id='word_1_48' title='bbox 543 1025 874 1098; x_wconf 76' lang='grc' dir='ltr'><strong>ἐπιφοίτησις</strong></span> <span class='ocrx_word' id='word_1_49' title='bbox 924 1032 1013 1078; x_wconf 81' lang='grc' dir='ltr'><strong>τοῦ</strong></span> <span class='ocrx_word' id='word_1_50' title='bbox 1074 1024 1227 1096; x_wconf 72' lang='grc' dir='ltr'><strong>ἁγίου</strong></span> <span class='ocrx_word' id='word_1_51' title='bbox 1293 1027 1605 1098; x_wconf 81' lang='grc' dir='ltr'><strong>Πνεὺματος,</strong></span> <span class='ocrx_word' id='word_1_52' title='bbox 1660 1033 1751 1077; x_wconf 85' lang='grc' dir='ltr'><strong>τοῦ</strong></span> 
     </span>
    </p>
   </div>
   <div class='ocr_carea' id='block_1_9' title="bbox 155 1111 1753 1189">
    <p class='ocr_par' dir='ltr' id='par_1_9' title="bbox 155 1111 1753 1189">
     <span class='ocr_line' id='line_1_9' title="bbox 155 1111 1753 1189; baseline -0.003 -20"><span class='ocrx_word' id='word_1_53' title='bbox 155 1123 532 1189; x_wconf 83' lang='grc' dir='ltr'><strong>Χριστιανικοῡ</strong></span> <span class='ocrx_word' id='word_1_54' title='bbox 585 1114 956 1188; x_wconf 79' lang='grc' dir='ltr'><strong>βαπτίσματος</strong></span> <span class='ocrx_word' id='word_1_55' title='bbox 1008 1111 1141 1172; x_wconf 74' lang='grc' dir='ltr'><strong>ἦσαν</strong></span> <span class='ocrx_word' id='word_1_56' title='bbox 1197 1116 1644 1189; x_wconf 74' lang='grc' dir='ltr'><strong>προχαράγματά.</strong></span> <span class='ocrx_word' id='word_1_57' title='bbox 1689 1117 1753 1166; x_wconf 87' lang='grc' dir='ltr'><strong>Τί</strong></span> 
     </span>
    </p>
   </div>
   <div class='ocr_carea' id='block_1_10' title="bbox 157 1201 1751 1274">
    <p class='ocr_par' dir='ltr' id='par_1_10' title="bbox 157 1201 1751 1274">
     <span class='ocr_line' id='line_1_10' title="bbox 157 1201 1751 1274; baseline -0.002 -17"><span class='ocrx_word' id='word_1_58' title='bbox 157 1201 215 1257; x_wconf 76' lang='grc' dir='ltr'><strong>δέ</strong></span> <span class='ocrx_word' id='word_1_59' title='bbox 239 1208 350 1257; x_wconf 72' lang='grc' dir='ltr'><strong>εστι</strong></span> <span class='ocrx_word' id='word_1_60' title='bbox 381 1208 460 1270; x_wconf 92' lang='grc' dir='ltr'><strong>τό,</strong></span> <span class='ocrx_word' id='word_1_61' title='bbox 488 1203 569 1257; x_wconf 88' lang='grc' dir='ltr'><strong>Ἐν</strong></span> <span class='ocrx_word' id='word_1_62' title='bbox 669 1201 937 1262; x_wconf 68' lang='grc' dir='ltr'><strong>εὐδόκησα</strong></span> <span class='ocrx_word' id='word_1_63' title='bbox 968 1220 982 1271; x_wconf 85' lang='grc'><strong>;</strong></span> <span class='ocrx_word' id='word_1_64' title='bbox 1012 1203 1151 1256; x_wconf 83' lang='grc' dir='ltr'><strong>Ἀντὶ</strong></span> <span class='ocrx_word' id='word_1_65' title='bbox 1205 1211 1314 1268; x_wconf 81' lang='grc' dir='ltr'><strong>τοῦ,</strong></span> <span class='ocrx_word' id='word_1_66' title='bbox 1429 1202 1751 1255; x_wconf 74' lang='grc' dir='ltr'><strong>ἐπαναπαυό-</strong></span> 
     </span>
    </p>
   </div>
   <div class='ocr_carea' id='block_1_11' title="bbox 155 1290 1752 1365">
    <p class='ocr_par' dir='ltr' id='par_1_11' title="bbox 155 1290 1752 1365">
     <span class='ocr_line' id='line_1_11' title="bbox 155 1290 1752 1365; baseline -0.002 -20"><span class='ocrx_word' id='word_1_67' title='bbox 155 1313 250 1365; x_wconf 92' lang='grc' dir='ltr'><strong>μαι</strong></span> <span class='ocrx_word' id='word_1_68' title='bbox 284 1311 297 1323; x_wconf 80' lang='grc'><strong><em>⁸</em></strong></span> <span class='ocrx_word' id='word_1_69' title='bbox 331 1295 362 1352; x_wconf 76' lang='grc' dir='ltr'>ἦ</span> <span class='ocrx_word' id='word_1_70' title='bbox 396 1290 600 1359; x_wconf 79' lang='grc' dir='ltr'><strong>ἐπειδὴ,</strong></span> <span class='ocrx_word' id='word_1_71' title='bbox 650 1295 975 1364; x_wconf 68' lang='grc' dir='ltr'><strong>γεννηθέντος</strong></span> <span class='ocrx_word' id='word_1_72' title='bbox 1023 1293 1202 1359; x_wconf 75' lang='grc' dir='ltr'><strong>αὐτοῦ,</strong></span> <span class='ocrx_word' id='word_1_73' title='bbox 1234 1294 1282 1344; x_wconf 90' lang='grc' dir='ltr'><strong>οἱ</strong></span> <span class='ocrx_word' id='word_1_74' title='bbox 1311 1292 1518 1363; x_wconf 66' lang='grc' dir='ltr'><strong>ἄγγελοι</strong></span> <span class='ocrx_word' id='word_1_75' title='bbox 1563 1293 1752 1364; x_wconf 71' lang='grc' dir='ltr'><strong>ὕμνουν</strong></span> 
     </span>
    </p>
   </div>
   <div class='ocr_carea' id='block_1_12' title="bbox 156 1379 1754 1454">
    <p class='ocr_par' dir='ltr' id='par_1_12' title="bbox 156 1379 1754 1454">
     <span class='ocr_line' id='line_1_12' title="bbox 156 1379 1754 1454; baseline -0.001 -21"><span class='ocrx_word' id='word_1_76' title='bbox 156 1382 387 1454; x_wconf 70' lang='grc' dir='ltr'><strong>λέγοντες</strong></span> <span class='ocrx_word' id='word_1_77' title='bbox 419 1403 432 1415; x_wconf 88' lang='grc'><strong>·</strong></span> <span class='ocrx_word' id='word_1_78' title='bbox 465 1381 597 1444; x_wconf 85' lang='grc' dir='ltr'><strong>Δόξα</strong></span> <span class='ocrx_word' id='word_1_79' title='bbox 654 1381 701 1434; x_wconf 79' lang='grc' dir='ltr'><strong>ἐν</strong></span> <span class='ocrx_word' id='word_1_80' title='bbox 755 1381 995 1452; x_wconf 71' lang='grc' dir='ltr'><strong>ὑψίστοις</strong></span> <span class='ocrx_word' id='word_1_81' title='bbox 1053 1390 1186 1451; x_wconf 83' lang='grc' dir='ltr'><strong>Θεῷ,</strong></span> <span class='ocrx_word' id='word_1_82' title='bbox 1247 1386 1336 1432; x_wconf 84' lang='grc' dir='ltr'><strong>καὶ</strong></span> <span class='ocrx_word' id='word_1_83' title='bbox 1390 1379 1472 1433; x_wconf 81' lang='grc' dir='ltr'><strong>ἐπὶ</strong></span> <span class='ocrx_word' id='word_1_84' title='bbox 1533 1389 1631 1452; x_wconf 72' lang='grc' dir='ltr'><strong>γῆς</strong></span> <span class='ocrx_word' id='word_1_85' title='bbox 1687 1381 1754 1433; x_wconf 86' lang='grc' dir='ltr'><strong>εἰ-</strong></span> 
     </span>
    </p>
   </div>
   <div class='ocr_carea' id='block_1_13' title="bbox 161 1466 1749 1544">
    <p class='ocr_par' dir='ltr' id='par_1_13' title="bbox 161 1466 1749 1544">
     <span class='ocr_line' id='line_1_13' title="bbox 161 1466 1749 1544; baseline 0.001 -24"><span class='ocrx_word' id='word_1_86' title='bbox 161 1475 315 1544; x_wconf 77' lang='grc' dir='ltr'><strong>ρήνη,</strong></span> <span class='ocrx_word' id='word_1_87' title='bbox 391 1469 438 1522; x_wconf 80' lang='grc' dir='ltr'>ἐν</span> <span class='ocrx_word' id='word_1_88' title='bbox 509 1470 795 1544; x_wconf 79' lang='grc' dir='ltr'><strong>ἀνθρώποις</strong></span> <span class='ocrx_word' id='word_1_89' title='bbox 870 1466 1388 1523; x_wconf 71' lang='grc' dir='ltr'><strong>εὐδοκίαοεὺδοκία</strong></span> <span class='ocrx_word' id='word_1_90' title='bbox 1458 1468 1517 1522; x_wconf 72' lang='grc' dir='ltr'><strong>δέ</strong></span> <span class='ocrx_word' id='word_1_91' title='bbox 1593 1468 1749 1541; x_wconf 84' lang='grc' dir='ltr'><strong>ἐστιν,</strong></span> 
     </span>
    </p>
   </div>
   <div class='ocr_carea' id='block_1_14' title="bbox 161 1556 1755 1631">
    <p class='ocr_par' dir='ltr' id='par_1_14' title="bbox 161 1556 1755 1631">
     <span class='ocr_line' id='line_1_14' title="bbox 161 1556 1755 1631; baseline 0 -21"><span class='ocrx_word' id='word_1_92' title='bbox 161 1560 190 1616; x_wconf 80' lang='grc' dir='ltr'>ἡ</span> <span class='ocrx_word' id='word_1_93' title='bbox 228 1557 398 1631; x_wconf 76' lang='grc' dir='ltr'><strong>ἀγαθὴ</strong></span> <span class='ocrx_word' id='word_1_94' title='bbox 453 1558 659 1621; x_wconf 80' lang='grc' dir='ltr'><strong>θελησις</strong></span> <span class='ocrx_word' id='word_1_95' title='bbox 690 1577 702 1590; x_wconf 88' lang='grc'><strong>·</strong></span> <span class='ocrx_word' id='word_1_96' title='bbox 737 1559 906 1631; x_wconf 69' lang='grc' dir='ltr'><strong>ἀγαθὴ</strong></span> <span class='ocrx_word' id='word_1_97' title='bbox 956 1556 1014 1613; x_wconf 71' lang='grc' dir='ltr'><strong>δὲ</strong></span> <span class='ocrx_word' id='word_1_98' title='bbox 1062 1559 1268 1620; x_wconf 82' lang='grc' dir='ltr'><strong>θέλησις</strong></span> <span class='ocrx_word' id='word_1_99' title='bbox 1314 1557 1396 1624; x_wconf 73' lang='grc' dir='ltr'><strong>ἦν,</strong></span> <span class='ocrx_word' id='word_1_100' title='bbox 1432 1562 1490 1611; x_wconf 87' lang='grc' dir='ltr'><strong>τὸ</strong></span> <span class='ocrx_word' id='word_1_101' title='bbox 1523 1561 1755 1618; x_wconf 80' lang='grc' dir='ltr'><strong>σωθῆναι</strong></span> 
     </span>
    </p>
   </div>
   <div class='ocr_carea' id='block_1_15' title="bbox 161 1646 1756 1723">
    <p class='ocr_par' dir='ltr' id='par_1_15' title="bbox 161 1646 1756 1723">
     <span class='ocr_line' id='line_1_15' title="bbox 161 1646 1756 1723; baseline 0.001 -24"><span class='ocrx_word' id='word_1_102' title='bbox 161 1652 279 1710; x_wconf 75' lang='grc' dir='ltr'><strong>τοὺς</strong></span> <span class='ocrx_word' id='word_1_103' title='bbox 328 1646 629 1723; x_wconf 76' lang='grc' dir='ltr'><strong>ἀνθρώπους</strong></span> <span class='ocrx_word' id='word_1_104' title='bbox 665 1668 678 1681; x_wconf 72' lang='grc' dir='ltr'><strong>ο</strong></span> <span class='ocrx_word' id='word_1_105' title='bbox 710 1656 796 1700; x_wconf 79' lang='grc' dir='ltr'><strong>νῦν</strong></span> <span class='ocrx_word' id='word_1_106' title='bbox 849 1647 1003 1716; x_wconf 82' lang='grc' dir='ltr'><strong>εἶπεν,</strong></span> <span class='ocrx_word' id='word_1_107' title='bbox 1053 1651 1132 1701; x_wconf 84' lang='grc' dir='ltr'><strong>ὅτι</strong></span> <span class='ocrx_word' id='word_1_108' title='bbox 1182 1649 1344 1708; x_wconf 80' lang='grc' dir='ltr'><strong>Οὗτός</strong></span> <span class='ocrx_word' id='word_1_109' title='bbox 1406 1647 1562 1714; x_wconf 82' lang='grc' dir='ltr'><strong>ἐστιν,</strong></span> <span class='ocrx_word' id='word_1_110' title='bbox 1619 1647 1665 1700; x_wconf 81' lang='grc' dir='ltr'><strong>ἐν</strong></span> 
     </span>
    </p>
   </div>
   <div class='ocr_carea' id='block_1_16' title="bbox 159 1735 1756 1812">
    <p class='ocr_par' dir='ltr' id='par_1_16' title="bbox 159 1735 1756 1812">
     <span class='ocr_line' id='line_1_16' title="bbox 159 1735 1756 1812; baseline -0.001 -23"><span class='ocrx_word' id='word_1_111' title='bbox 159 1740 227 1789; x_wconf 81' lang='grc' dir='ltr'><strong>τὰ</strong></span> <span class='ocrx_word' id='word_1_112' title='bbox 269 1740 444 1809; x_wconf 69' lang='grc' dir='ltr'><strong>ἀγαθὰ</strong></span> <span class='ocrx_word' id='word_1_113' title='bbox 486 1737 736 1803; x_wconf 81' lang='grc' dir='ltr'><strong>ἠθελησα,</strong></span> <span class='ocrx_word' id='word_1_114' title='bbox 790 1743 1043 1804; x_wconf 87' lang='grc' dir='ltr'><strong>τουτέστι,</strong></span> <span class='ocrx_word' id='word_1_115' title='bbox 1091 1735 1163 1790; x_wconf 78' lang='grc' dir='ltr'><strong>δι’</strong></span> <span class='ocrx_word' id='word_1_116' title='bbox 1209 1738 1268 1790; x_wconf 82' lang='grc' dir='ltr'><strong>οὑ</strong></span> <span class='ocrx_word' id='word_1_117' title='bbox 1308 1739 1337 1796; x_wconf 90' lang='grc' dir='ltr'>ἡ</span> <span class='ocrx_word' id='word_1_118' title='bbox 1375 1741 1611 1812; x_wconf 88' lang='grc' dir='ltr'><strong>σωτηρία</strong></span> <span class='ocrx_word' id='word_1_119' title='bbox 1657 1745 1756 1789; x_wconf 86' lang='grc' dir='ltr'><strong>τῶν</strong></span> 
     </span>
    </p>
   </div>
   <div class='ocr_carea' id='block_1_17' title="bbox 161 1824 460 1901">
    <p class='ocr_par' dir='ltr' id='par_1_17' title="bbox 161 1824 460 1901">
     <span class='ocr_line' id='line_1_17' title="bbox 161 1824 460 1901; baseline 0.023 -24"><span class='ocrx_word' id='word_1_120' title='bbox 161 1824 460 1901; x_wconf 78' lang='grc' dir='ltr'><strong>ἀνθρώπων.</strong></span> 
     </span>
    </p>
   </div>
   <div class='ocr_carea' id='block_1_18' title="bbox 231 1912 1834 1997">
    <p class='ocr_par' dir='ltr' id='par_1_18' title="bbox 231 1912 1834 1997">
     <span class='ocr_line' id='line_1_18' title="bbox 231 1912 1834 1997; baseline -0.001 -29"><span class='ocrx_word' id='word_1_121' title='bbox 231 1921 356 1969; x_wconf 86' lang='grc' dir='ltr'><strong>Τότε</strong></span> <span class='ocrx_word' id='word_1_122' title='bbox 389 1947 456 1956; x_wconf 94' lang='lat'><strong>-</strong></span> <span class='ocrx_word' id='word_1_123' title='bbox 483 1917 583 1969; x_wconf 89' lang='grc' dir='ltr'><strong>ὑπὸ</strong></span> <span class='ocrx_word' id='word_1_124' title='bbox 630 1923 722 1969; x_wconf 83' lang='grc' dir='ltr'><strong>τοῦ</strong></span> <span class='ocrx_word' id='word_1_125' title='bbox 753 1913 1023 1971; x_wconf 79' lang='grc' dir='ltr'><strong>διαϐόλου.</strong></span> <span class='ocrx_word' id='word_1_126' title='bbox 1080 1912 1315 1982; x_wconf 64' lang='grc' dir='ltr'><strong>Ἐπειδὴ,</strong></span> <span class='ocrx_word' id='word_1_127' title='bbox 1366 1919 1430 1976; x_wconf 86' lang='grc' dir='ltr'><strong>ὡς</strong></span> <span class='ocrx_word' id='word_1_128' title='bbox 1472 1916 1756 1987; x_wconf 82' lang='grc' dir='ltr'><strong>ἄνθρωπος,</strong></span> <span class='ocrx_word' id='word_1_129' title='bbox 1787 1942 1834 1997; x_wconf 77' lang='grc' dir='ltr'>Β</span> 
     </span>
    </p>
   </div>
   <div class='ocr_carea' id='block_1_19' title="bbox 162 2001 1760 2079">
    <p class='ocr_par' dir='ltr' id='par_1_19' title="bbox 162 2001 1760 2079">
     <span class='ocr_line' id='line_1_19' title="bbox 162 2001 1760 2079; baseline -0.002 -23"><span class='ocrx_word' id='word_1_130' title='bbox 162 2007 330 2058; x_wconf 89' lang='grc' dir='ltr'><strong>πάντα</strong></span> <span class='ocrx_word' id='word_1_131' title='bbox 359 2009 486 2079; x_wconf 76' lang='grc' dir='ltr'><strong>πρὸς</strong></span> <span class='ocrx_word' id='word_1_132' title='bbox 535 2001 890 2058; x_wconf 74' lang='grc' dir='ltr'><strong>διδασκαλίαν</strong></span> <span class='ocrx_word' id='word_1_133' title='bbox 939 2014 1040 2056; x_wconf 80' lang='grc' dir='ltr'><strong>τῶν</strong></span> <span class='ocrx_word' id='word_1_134' title='bbox 1093 2003 1371 2077; x_wconf 76' lang='grc' dir='ltr'><strong>ἀνθρώπων</strong></span> <span class='ocrx_word' id='word_1_135' title='bbox 1413 2008 1502 2056; x_wconf 85' lang='grc' dir='ltr'><strong>καὶ</strong></span> <span class='ocrx_word' id='word_1_136' title='bbox 1545 2007 1760 2075; x_wconf 81' lang='grc' dir='ltr'><strong>ἔπραττε</strong></span> 
     </span>
    </p>
   </div>
   <div class='ocr_carea' id='block_1_20' title="bbox 162 2090 1761 2167">
    <p class='ocr_par' dir='ltr' id='par_1_20' title="bbox 162 2090 1761 2167">
     <span class='ocr_line' id='line_1_20' title="bbox 162 2090 1761 2167; baseline -0.001 -23"><span class='ocrx_word' id='word_1_137' title='bbox 162 2098 252 2146; x_wconf 85' lang='grc' dir='ltr'><strong>καὶ</strong></span> <span class='ocrx_word' id='word_1_138' title='bbox 301 2095 563 2167; x_wconf 79' lang='grc' dir='ltr'><strong>ὑπέμενεν,</strong></span> <span class='ocrx_word' id='word_1_139' title='bbox 618 2090 905 2146; x_wconf 79' lang='grc' dir='ltr'><strong>ἐκδίδωσιν</strong></span> <span class='ocrx_word' id='word_1_140' title='bbox 962 2092 1138 2144; x_wconf 82' lang='grc' dir='ltr'><strong>ἑαυτὸν</strong></span> <span class='ocrx_word' id='word_1_141' title='bbox 1190 2095 1314 2164; x_wconf 86' lang='grc' dir='ltr'><strong>μετὰ</strong></span> <span class='ocrx_word' id='word_1_142' title='bbox 1364 2095 1422 2145; x_wconf 91' lang='lat'><strong>1&#39;0</strong></span> <span class='ocrx_word' id='word_1_143' title='bbox 1480 2091 1761 2164; x_wconf 89' lang='grc' dir='ltr'><strong>βάπτισμα</strong></span> 
     </span>
    </p>
   </div>
   <div class='ocr_carea' id='block_1_21' title="bbox 165 2179 1759 2256">
    <p class='ocr_par' dir='ltr' id='par_1_21' title="bbox 165 2179 1759 2256">
     <span class='ocr_line' id='line_1_21' title="bbox 165 2179 1759 2256; baseline -0.001 -24"><span class='ocrx_word' id='word_1_144' title='bbox 165 2190 238 2252; x_wconf 81' lang='grc' dir='ltr'><strong>τῷ</strong></span> <span class='ocrx_word' id='word_1_145' title='bbox 291 2183 424 2255; x_wconf 72' lang='grc' dir='ltr'><strong>ἁγίῳ</strong></span> <span class='ocrx_word' id='word_1_146' title='bbox 454 2185 734 2255; x_wconf 82' lang='grc' dir='ltr'><strong>Πνεὺματι,</strong></span> <span class='ocrx_word' id='word_1_147' title='bbox 788 2185 879 2232; x_wconf 87' lang='grc' dir='ltr'><strong>καὶ</strong></span> <span class='ocrx_word' id='word_1_148' title='bbox 921 2180 1006 2232; x_wconf 82' lang='grc' dir='ltr'><strong>ὑπ’</strong></span> <span class='ocrx_word' id='word_1_149' title='bbox 1055 2180 1214 2232; x_wconf 75' lang='grc' dir='ltr'><strong>αὑτοῦ</strong></span> <span class='ocrx_word' id='word_1_150' title='bbox 1257 2183 1458 2252; x_wconf 71' lang='grc' dir='ltr'><strong>ἄγεται,</strong></span> <span class='ocrx_word' id='word_1_151' title='bbox 1490 2184 1614 2256; x_wconf 86' lang='grc' dir='ltr'><strong>πρὸς</strong></span> <span class='ocrx_word' id='word_1_152' title='bbox 1645 2181 1670 2231; x_wconf 87' lang='grc' dir='ltr'><strong>ὃ</strong></span> <span class='ocrx_word' id='word_1_153' title='bbox 1700 2179 1759 2231; x_wconf 79' lang='grc' dir='ltr'><strong>ἂν</strong></span> 
     </span>
    </p>
   </div>
   <div class='ocr_carea' id='block_1_22' title="bbox 169 2267 1762 2343">
    <p class='ocr_par' dir='ltr' id='par_1_22' title="bbox 169 2267 1762 2343">
     <span class='ocr_line' id='line_1_22' title="bbox 169 2267 1762 2343; baseline 0 -23"><span class='ocrx_word' id='word_1_154' title='bbox 169 2267 326 2321; x_wconf 82' lang='grc' dir='ltr'><strong>ἐκεῖνο</strong></span> <span class='ocrx_word' id='word_1_155' title='bbox 372 2269 576 2342; x_wconf 76' lang='grc' dir='ltr'><strong>κελεύῃ,</strong></span> <span class='ocrx_word' id='word_1_156' title='bbox 623 2275 712 2322; x_wconf 85' lang='grc' dir='ltr'><strong>καὶ</strong></span> <span class='ocrx_word' id='word_1_157' title='bbox 757 2269 997 2340; x_wconf 74' lang='grc' dir='ltr'><strong>ἀνάγεται</strong></span> <span class='ocrx_word' id='word_1_158' title='bbox 1041 2268 1107 2329; x_wconf 85' lang='grc' dir='ltr'><strong>εἰς</strong></span> <span class='ocrx_word' id='word_1_159' title='bbox 1153 2273 1247 2327; x_wconf 83' lang='grc' dir='ltr'><strong>τὴν</strong></span> <span class='ocrx_word' id='word_1_160' title='bbox 1302 2271 1510 2343; x_wconf 84' lang='grc' dir='ltr'><strong>ἔρημον,</strong></span> <span class='ocrx_word' id='word_1_161' title='bbox 1564 2269 1646 2320; x_wconf 84' lang='grc' dir='ltr'><strong>ἐπὶ</strong></span> <span class='ocrx_word' id='word_1_162' title='bbox 1691 2275 1762 2339; x_wconf 83' lang='grc' dir='ltr'><strong>τῷ</strong></span> 
     </span>
    </p>
   </div>
   <div class='ocr_carea' id='block_1_23' title="bbox 167 2354 1760 2430">
    <p class='ocr_par' dir='ltr' id='par_1_23' title="bbox 167 2354 1760 2430">
     <span class='ocr_line' id='line_1_23' title="bbox 167 2354 1760 2430; baseline 0 -22"><span class='ocrx_word' id='word_1_163' title='bbox 167 2356 524 2429; x_wconf 83' lang='grc' dir='ltr'><strong>πολεμηθῆναι</strong></span> <span class='ocrx_word' id='word_1_164' title='bbox 572 2359 670 2410; x_wconf 88' lang='grc' dir='ltr'><strong>ὑπὸ</strong></span> <span class='ocrx_word' id='word_1_165' title='bbox 699 2365 788 2410; x_wconf 82' lang='grc' dir='ltr'><strong>τοῦ</strong></span> <span class='ocrx_word' id='word_1_166' title='bbox 829 2354 1095 2422; x_wconf 84' lang='grc' dir='ltr'><strong>διαϐόλου,</strong></span> <span class='ocrx_word' id='word_1_167' title='bbox 1154 2357 1236 2408; x_wconf 86' lang='grc' dir='ltr'><strong>ἶνα</strong></span> <span class='ocrx_word' id='word_1_168' title='bbox 1290 2362 1382 2409; x_wconf 87' lang='grc' dir='ltr'><strong>καὶ</strong></span> <span class='ocrx_word' id='word_1_169' title='bbox 1434 2361 1499 2409; x_wconf 77' lang='grc' dir='ltr'><strong>σὺ</strong></span> <span class='ocrx_word' id='word_1_170' title='bbox 1546 2359 1675 2430; x_wconf 81' lang='grc' dir='ltr'><strong>μετὰ</strong></span> <span class='ocrx_word' id='word_1_171' title='bbox 1704 2359 1760 2408; x_wconf 83' lang='grc' dir='ltr'><strong>τό</strong></span> 
     </span>
    </p>
   </div>
   <div class='ocr_carea' id='block_1_24' title="bbox 165 2443 1762 2519">
    <p class='ocr_par' dir='ltr' id='par_1_24' title="bbox 165 2443 1762 2519">
     <span class='ocr_line' id='line_1_24' title="bbox 165 2443 1762 2519; baseline 0 -23"><span class='ocrx_word' id='word_1_172' title='bbox 165 2443 449 2518; x_wconf 74' lang='grc' dir='ltr'><strong>βάπτισμα</strong></span> <span class='ocrx_word' id='word_1_173' title='bbox 497 2451 685 2519; x_wconf 82' lang='grc' dir='ltr'><strong>μηκέτι</strong></span> <span class='ocrx_word' id='word_1_174' title='bbox 735 2449 948 2499; x_wconf 84' lang='grc' dir='ltr'><strong>σεαυτόν</strong></span> <span class='ocrx_word' id='word_1_175' title='bbox 1003 2448 1157 2518; x_wconf 74' lang='grc' dir='ltr'><strong>ἄγῃς,</strong></span> <span class='ocrx_word' id='word_1_176' title='bbox 1224 2445 1353 2498; x_wconf 80' lang='grc' dir='ltr'><strong>ἀλλὰ</strong></span> <span class='ocrx_word' id='word_1_177' title='bbox 1406 2447 1508 2519; x_wconf 72' lang='grc' dir='ltr'><strong>ἄγῃ</strong></span> <span class='ocrx_word' id='word_1_178' title='bbox 1573 2445 1762 2518; x_wconf 81' lang='grc' dir='ltr'><strong>μᾶλλον</strong></span> 
     </span>
    </p>
   </div>
   <div class='ocr_carea' id='block_1_25' title="bbox 163 2533 1764 2608">
    <p class='ocr_par' dir='ltr' id='par_1_25' title="bbox 163 2533 1764 2608">
     <span class='ocr_line' id='line_1_25' title="bbox 163 2533 1764 2608; baseline 0 -22"><span class='ocrx_word' id='word_1_179' title='bbox 163 2533 264 2586; x_wconf 78' lang='grc' dir='ltr'><strong>ὑπό</strong></span> <span class='ocrx_word' id='word_1_180' title='bbox 325 2541 417 2587; x_wconf 75' lang='grc' dir='ltr'><strong>τοῦ</strong></span> <span class='ocrx_word' id='word_1_181' title='bbox 485 2538 801 2607; x_wconf 83' lang='grc' dir='ltr'><strong>Πνεύματος,</strong></span> <span class='ocrx_word' id='word_1_182' title='bbox 856 2539 944 2588; x_wconf 87' lang='grc' dir='ltr'><strong>καὶ</strong></span> <span class='ocrx_word' id='word_1_183' title='bbox 1003 2536 1102 2602; x_wconf 88' lang='grc' dir='ltr'>ἱνα,</span> <span class='ocrx_word' id='word_1_184' title='bbox 1174 2536 1304 2608; x_wconf 83' lang='grc' dir='ltr'><strong>μετὰ</strong></span> <span class='ocrx_word' id='word_1_185' title='bbox 1355 2538 1413 2586; x_wconf 89' lang='grc' dir='ltr'><strong>τὸ</strong></span> <span class='ocrx_word' id='word_1_186' title='bbox 1481 2533 1764 2607; x_wconf 89' lang='grc' dir='ltr'><strong>βάπτισμα</strong></span> 
     </span>
    </p>
   </div>
   <div class='ocr_carea' id='block_1_26' title="bbox 163 2625 1760 2699">
    <p class='ocr_par' dir='ltr' id='par_1_26' title="bbox 163 2625 1760 2699">
     <span class='ocr_line' id='line_1_26' title="bbox 163 2625 1760 2699; baseline -0.001 -24"><span class='ocrx_word' id='word_1_187' title='bbox 163 2627 483 2698; x_wconf 83' lang='grc' dir='ltr'><strong>περιπίπτων</strong></span> <span class='ocrx_word' id='word_1_188' title='bbox 536 2632 861 2699; x_wconf 85' lang='grc' dir='ltr'><strong>πειρασμοῖς,</strong></span> <span class='ocrx_word' id='word_1_189' title='bbox 905 2628 977 2697; x_wconf 83' lang='grc' dir='ltr'><strong>μὴ</strong></span> <span class='ocrx_word' id='word_1_190' title='bbox 1026 2625 1275 2698; x_wconf 74' lang='grc' dir='ltr'><strong>ταράττῃ.</strong></span> <span class='ocrx_word' id='word_1_191' title='bbox 1316 2626 1410 2677; x_wconf 88' lang='grc' dir='ltr'><strong>Διά</strong></span> <span class='ocrx_word' id='word_1_192' title='bbox 1461 2631 1614 2676; x_wconf 81' lang='grc' dir='ltr'>τοῦτο</span> <span class='ocrx_word' id='word_1_193' title='bbox 1659 2625 1760 2697; x_wconf 74' lang='grc' dir='ltr'><strong>γὰρ</strong></span> 
     </span>
    </p>
   </div>
   <div class='ocr_carea' id='block_1_27' title="bbox 165 2710 1762 2786">
    <p class='ocr_par' dir='ltr' id='par_1_27' title="bbox 165 2710 1762 2786">
     <span class='ocr_line' id='line_1_27' title="bbox 165 2710 1762 2786; baseline 0.001 -24"><span class='ocrx_word' id='word_1_194' title='bbox 165 2710 452 2778; x_wconf 87' lang='grc' dir='ltr'><strong>ὡπλίσθης,</strong></span> <span class='ocrx_word' id='word_1_195' title='bbox 517 2714 598 2764; x_wconf 83' lang='grc' dir='ltr'><strong>ἶνα</strong></span> <span class='ocrx_word' id='word_1_196' title='bbox 667 2713 914 2786; x_wconf 69' lang='grc' dir='ltr'><strong>πολεμῇς.</strong></span> <span class='ocrx_word' id='word_1_197' title='bbox 985 2715 1134 2766; x_wconf 81' lang='grc' dir='ltr'><strong>Ὅθεν</strong></span> <span class='ocrx_word' id='word_1_198' title='bbox 1206 2711 1329 2765; x_wconf 73' lang='grc' dir='ltr'><strong>οὑδὲ</strong></span> <span class='ocrx_word' id='word_1_199' title='bbox 1392 2713 1577 2765; x_wconf 79' lang='grc' dir='ltr'><strong>κωλύει</strong></span> <span class='ocrx_word' id='word_1_200' title='bbox 1642 2715 1762 2773; x_wconf 82' lang='grc' dir='ltr'><strong>τοὺς</strong></span> 
     </span>
    </p>
   </div>
   <div class='ocr_carea' id='block_1_28' title="bbox 162 2801 1763 2874">
    <p class='ocr_par' dir='ltr' id='par_1_28' title="bbox 162 2801 1763 2874">
     <span class='ocr_line' id='line_1_28' title="bbox 162 2801 1763 2874; baseline 0.001 -22"><span class='ocrx_word' id='word_1_201' title='bbox 162 2805 486 2874; x_wconf 78' lang='grc' dir='ltr'><strong>πειρασμοὺς</strong></span> <span class='ocrx_word' id='word_1_202' title='bbox 537 2801 766 2864; x_wconf 81' lang='grc' dir='ltr'><strong>ἐπιόντας</strong></span> <span class='ocrx_word' id='word_1_203' title='bbox 815 2804 840 2854; x_wconf 89' lang='grc' dir='ltr'><strong>ὁ</strong></span> <span class='ocrx_word' id='word_1_204' title='bbox 885 2807 1032 2863; x_wconf 85' lang='grc' dir='ltr'><strong>Θεός.</strong></span> <span class='ocrx_word' id='word_1_205' title='bbox 1083 2808 1290 2874; x_wconf 81' lang='grc' dir='ltr'><strong>Πρῶτον</strong></span> <span class='ocrx_word' id='word_1_206' title='bbox 1338 2805 1447 2874; x_wconf 73' lang='grc' dir='ltr'><strong>μὲν,</strong></span> <span class='ocrx_word' id='word_1_207' title='bbox 1500 2803 1584 2854; x_wconf 79' lang='grc' dir='ltr'><strong>ἵνα</strong></span> <span class='ocrx_word' id='word_1_208' title='bbox 1629 2809 1763 2873; x_wconf 74' lang='grc' dir='ltr'><strong>γνῷς</strong></span> 
     </span>
    </p>
   </div>
   <div class='ocr_carea' id='block_1_29' title="bbox 164 2887 1757 2964">
    <p class='ocr_par' dir='ltr' id='par_1_29' title="bbox 164 2887 1757 2964">
     <span class='ocr_line' id='line_1_29' title="bbox 164 2887 1757 2964; baseline 0.001 -23"><span class='ocrx_word' id='word_1_209' title='bbox 164 2894 253 2947; x_wconf 75' lang='grc' dir='ltr'><strong>τὴν</strong></span> <span class='ocrx_word' id='word_1_210' title='bbox 289 2887 511 2962; x_wconf 78' lang='grc' dir='ltr'><strong>δύναμιν</strong></span> <span class='ocrx_word' id='word_1_211' title='bbox 540 2899 636 2952; x_wconf 80' lang='grc' dir='ltr'><strong>τῆς</strong></span> <span class='ocrx_word' id='word_1_212' title='bbox 671 2893 1028 2964; x_wconf 85' lang='grc' dir='ltr'><strong>περιτεθείσης</strong></span> <span class='ocrx_word' id='word_1_213' title='bbox 1071 2910 1153 2943; x_wconf 91' lang='grc' dir='ltr'><strong>σοι</strong></span> <span class='ocrx_word' id='word_1_214' title='bbox 1200 2891 1489 2952; x_wconf 86' lang='grc' dir='ltr'><strong>πανοπλίας</strong></span> <span class='ocrx_word' id='word_1_215' title='bbox 1518 2909 1529 2922; x_wconf 82' lang='lat'><strong><em>°</em></strong></span> <span class='ocrx_word' id='word_1_216' title='bbox 1563 2893 1757 2955; x_wconf 85' lang='grc' dir='ltr'><strong>ἔπειτα,</strong></span> 
     </span>
    </p>
   </div>
   <div class='ocr_carea' id='block_1_30' title="bbox 168 2978 804 3052">
    <p class='ocr_par' dir='ltr' id='par_1_30' title="bbox 168 2978 804 3052">
     <span class='ocr_line' id='line_1_30' title="bbox 168 2978 804 3052; baseline 0.003 -24"><span class='ocrx_word' id='word_1_217' title='bbox 168 2978 252 3030; x_wconf 83' lang='grc' dir='ltr'><strong>ἵνα</strong></span> <span class='ocrx_word' id='word_1_218' title='bbox 298 2981 470 3051; x_wconf 72' lang='grc' dir='ltr'><strong>μάθῃς</strong></span> <span class='ocrx_word' id='word_1_219' title='bbox 528 2980 758 3052; x_wconf 81' lang='grc' dir='ltr'><strong>πολεμεῖν</strong></span> <span class='ocrx_word' id='word_1_220' title='bbox 791 2999 804 3010; x_wconf 69' lang='grc' dir='ltr'><strong>ν</strong></span> 
     </span>
    </p>
   </div>
   <div class='ocr_carea' id='block_1_31' title="bbox 865 2979 902 2995">
    <p class='ocr_par' dir='ltr' id='par_1_31' title="bbox 865 2979 902 2995">
     <span class='ocr_line' id='line_1_31' title="bbox 865 2979 902 2995; baseline 0.027 -1"><span class='ocrx_word' id='word_1_221' title='bbox 865 2991 868 2994; x_wconf 84' lang='grc'>.</span> <span class='ocrx_word' id='word_1_222' title='bbox 882 2979 902 2995; x_wconf 65' lang='grc' dir='ltr'>ν</span> 
     </span>
    </p>
   </div>
   <div class='ocr_carea' id='block_1_32' title="bbox 857 2975 1759 3053">
    <p class='ocr_par' dir='ltr' id='par_1_32' title="bbox 857 2975 1759 3053">
     <span class='ocr_line' id='line_1_32' title="bbox 857 2975 1759 3053; baseline -0.001 -22"><span class='ocrx_word' id='word_1_223' title='bbox 857 2979 986 3046; x_wconf 86' lang='grc' dir='ltr'><strong>εἶτα,</strong></span> <span class='ocrx_word' id='word_1_224' title='bbox 1049 2981 1131 3031; x_wconf 88' lang='grc' dir='ltr'>ἰνα</span> <span class='ocrx_word' id='word_1_225' title='bbox 1185 2983 1303 3053; x_wconf 75' lang='grc' dir='ltr'><strong>γένῃ</strong></span> <span class='ocrx_word' id='word_1_226' title='bbox 1363 2977 1580 3052; x_wconf 80' lang='grc' dir='ltr'><strong>δόκιμος</strong></span> <span class='ocrx_word' id='word_1_227' title='bbox 1614 3001 1626 3012; x_wconf 78' lang='grc' dir='ltr'><strong>ο</strong></span> <span class='ocrx_word' id='word_1_228' title='bbox 1686 2975 1759 3030; x_wconf 85' lang='grc' dir='ltr'><strong>εἶθ</strong></span> 
     </span>
    </p>
   </div>
   <div class='ocr_carea' id='block_1_33' title="bbox 169 3066 1764 3142">
    <p class='ocr_par' dir='ltr' id='par_1_33' title="bbox 169 3066 1764 3142">
     <span class='ocr_line' id='line_1_33' title="bbox 169 3066 1764 3142; baseline 0.003 -26"><span class='ocrx_word' id='word_1_229' title='bbox 169 3067 346 3133; x_wconf 78' lang='grc' dir='ltr'><strong>οὑτως,</strong></span> <span class='ocrx_word' id='word_1_230' title='bbox 415 3067 496 3119; x_wconf 82' lang='grc' dir='ltr'><strong>ἵνα</strong></span> <span class='ocrx_word' id='word_1_231' title='bbox 545 3073 615 3140; x_wconf 85' lang='grc' dir='ltr'><strong>μὴ</strong></span> <span class='ocrx_word' id='word_1_232' title='bbox 684 3068 1045 3142; x_wconf 62' lang='grc' dir='ltr'><strong>ὑψηλοφρονῇς</strong></span> <span class='ocrx_word' id='word_1_233' title='bbox 1091 3087 1103 3098; x_wconf 73' lang='grc'><strong><em>⁸</em></strong></span> <span class='ocrx_word' id='word_1_234' title='bbox 1152 3068 1235 3121; x_wconf 82' lang='grc' dir='ltr'><strong>ἐπὶ</strong></span> <span class='ocrx_word' id='word_1_235' title='bbox 1289 3066 1347 3121; x_wconf 77' lang='grc' dir='ltr'><strong>δὲ</strong></span> <span class='ocrx_word' id='word_1_236' title='bbox 1408 3072 1624 3134; x_wconf 80' lang='grc' dir='ltr'><strong>τούτοις,</strong></span> <span class='ocrx_word' id='word_1_237' title='bbox 1681 3069 1764 3120; x_wconf 80' lang='grc' dir='ltr'><strong>ἵνα</strong></span> 
     </span>
    </p>
   </div>
   <div class='ocr_carea' id='block_1_34' title="bbox 168 3151 1763 3231">
    <p class='ocr_par' dir='ltr' id='par_1_34' title="bbox 168 3151 1763 3231">
     <span class='ocr_line' id='line_1_34' title="bbox 168 3151 1763 3231; baseline 0.001 -25"><span class='ocrx_word' id='word_1_238' title='bbox 168 3151 335 3227; x_wconf 71' lang='grc' dir='ltr'><strong>εἰδῇς,</strong></span> <span class='ocrx_word' id='word_1_239' title='bbox 405 3159 483 3208; x_wconf 84' lang='grc' dir='ltr'><strong>ὅτι</strong></span> <span class='ocrx_word' id='word_1_240' title='bbox 552 3162 713 3230; x_wconf 71' lang='grc' dir='ltr'><strong>μέγαν</strong></span> <span class='ocrx_word' id='word_1_241' title='bbox 783 3157 1138 3217; x_wconf 79' lang='grc' dir='ltr'><strong>ἐνεπιστεὺθης</strong></span> <span class='ocrx_word' id='word_1_242' title='bbox 1207 3159 1487 3231; x_wconf 84' lang='grc' dir='ltr'><strong>θησαυρόν.</strong></span> <span class='ocrx_word' id='word_1_243' title='bbox 1545 3157 1609 3212; x_wconf 88' lang='grc' dir='ltr'>Εἰ</span> <span class='ocrx_word' id='word_1_244' title='bbox 1661 3159 1763 3231; x_wconf 72' lang='grc' dir='ltr'><strong>γὰρ</strong></span> 
     </span>
    </p>
   </div>
   <div class='ocr_carea' id='block_1_35' title="bbox 166 3243 1838 3344">
    <p class='ocr_par' dir='ltr' id='par_1_35' title="bbox 166 3243 1838 3344">
     <span class='ocr_line' id='line_1_35' title="bbox 166 3243 1838 3344; baseline -0.001 -46"><span class='ocrx_word' id='word_1_245' title='bbox 166 3249 237 3316; x_wconf 76' lang='grc' dir='ltr'><strong>μὴ</strong></span> <span class='ocrx_word' id='word_1_246' title='bbox 290 3254 444 3298; x_wconf 79' lang='grc' dir='ltr'>τοῦτο</span> <span class='ocrx_word' id='word_1_247' title='bbox 497 3243 574 3312; x_wconf 78' lang='grc' dir='ltr'>ἧν,</span> <span class='ocrx_word' id='word_1_248' title='bbox 638 3247 731 3297; x_wconf 74' lang='grc' dir='ltr'><strong>οὑκ</strong></span> <span class='ocrx_word' id='word_1_249' title='bbox 780 3244 839 3296; x_wconf 81' lang='grc' dir='ltr'><strong>ἂν</strong></span> <span class='ocrx_word' id='word_1_250' title='bbox 894 3245 1178 3318; x_wconf 84' lang='grc' dir='ltr'><strong>προσέϐαλε</strong></span> <span class='ocrx_word' id='word_1_251' title='bbox 1237 3249 1405 3318; x_wconf 89' lang='grc' dir='ltr'><strong>μάτην</strong></span> <span class='ocrx_word' id='word_1_252' title='bbox 1455 3248 1480 3297; x_wconf 88' lang='grc' dir='ltr'><strong>ό</strong></span> <span class='ocrx_word' id='word_1_253' title='bbox 1539 3245 1753 3317; x_wconf 84' lang='grc' dir='ltr'><strong>ἐχθρός.</strong></span> <span class='ocrx_word' id='word_1_254' title='bbox 1796 3286 1838 3344; x_wconf 78' lang='lat' dir='ltr'>C</span> 
     </span>
    </p>
   </div>
   <div class='ocr_carea' id='block_1_36' title="bbox 166 3331 1409 3409">
    <p class='ocr_par' dir='ltr' id='par_1_36' title="bbox 166 3331 1409 3409">
     <span class='ocr_line' id='line_1_36' title="bbox 166 3331 1409 3409; baseline -0.001 -22"><span class='ocrx_word' id='word_1_255' title='bbox 166 3334 329 3387; x_wconf 82' lang='grc' dir='ltr'><strong>Ἔνθα</strong></span> <span class='ocrx_word' id='word_1_256' title='bbox 356 3338 458 3406; x_wconf 73' lang='grc' dir='ltr'><strong>γὰρ</strong></span> <span class='ocrx_word' id='word_1_257' title='bbox 485 3331 575 3405; x_wconf 74' lang='grc' dir='ltr'><strong>ἴδη</strong></span> <span class='ocrx_word' id='word_1_258' title='bbox 605 3334 844 3398; x_wconf 81' lang='grc' dir='ltr'><strong>πλοῦτον,</strong></span> <span class='ocrx_word' id='word_1_259' title='bbox 879 3333 980 3385; x_wconf 85' lang='grc' dir='ltr'><strong>ἐκεῖ</strong></span> <span class='ocrx_word' id='word_1_260' title='bbox 1006 3337 1409 3409; x_wconf 81' lang='grc' dir='ltr'><strong>παρατάττεται.</strong></span> 
     </span>
    </p>
   </div>
   <div class='ocr_carea' id='block_1_37' title="bbox 238 3417 1770 3496">
    <p class='ocr_par' dir='ltr' id='par_1_37' title="bbox 238 3417 1770 3496">
     <span class='ocr_line' id='line_1_37' title="bbox 238 3417 1770 3496; baseline -0.001 -21"><span class='ocrx_word' id='word_1_261' title='bbox 238 3420 477 3492; x_wconf 78' lang='grc' dir='ltr'><strong>Ἀνήχθη</strong></span> <span class='ocrx_word' id='word_1_262' title='bbox 530 3417 588 3474; x_wconf 64' lang='grc' dir='ltr'><strong>δε</strong></span> <span class='ocrx_word' id='word_1_263' title='bbox 632 3421 704 3482; x_wconf 83' lang='grc' dir='ltr'><strong>εἰς</strong></span> <span class='ocrx_word' id='word_1_264' title='bbox 754 3424 942 3494; x_wconf 78' lang='grc' dir='ltr'><strong>ἔρημον</strong></span> <span class='ocrx_word' id='word_1_265' title='bbox 989 3421 1179 3474; x_wconf 79' lang='grc' dir='ltr'><strong>ἄϐατον</strong></span> <span class='ocrx_word' id='word_1_266' title='bbox 1219 3421 1289 3473; x_wconf 83' lang='lat'><strong>&#39;0</strong></span> <span class='ocrx_word' id='word_1_267' title='bbox 1342 3419 1511 3479; x_wconf 77' lang='grc' dir='ltr'><strong>δηλῶν</strong></span> <span class='ocrx_word' id='word_1_268' title='bbox 1554 3425 1578 3474; x_wconf 91' lang='grc' dir='ltr'><strong>ό</strong></span> <span class='ocrx_word' id='word_1_269' title='bbox 1624 3425 1770 3496; x_wconf 86' lang='grc' dir='ltr'><strong>Μάρ-</strong></span> 
     </span>
    </p>
   </div>
   <div class='ocr_carea' id='block_1_38' title="bbox 168 3507 1766 3584">
    <p class='ocr_par' dir='ltr' id='par_1_38' title="bbox 168 3507 1766 3584">
     <span class='ocr_line' id='line_1_38' title="bbox 168 3507 1766 3584; baseline 0.002 -24"><span class='ocrx_word' id='word_1_270' title='bbox 168 3529 279 3576; x_wconf 85' lang='grc' dir='ltr'><strong>κος,</strong></span> <span class='ocrx_word' id='word_1_271' title='bbox 337 3513 556 3584; x_wconf 81' lang='grc' dir='ltr'><strong>εἴρηκεν,</strong></span> <span class='ocrx_word' id='word_1_272' title='bbox 622 3511 699 3562; x_wconf 88' lang='grc' dir='ltr'><strong>ὅτι</strong></span> <span class='ocrx_word' id='word_1_273' title='bbox 746 3514 835 3562; x_wconf 86' lang='grc' dir='ltr'><strong>καὶ</strong></span> <span class='ocrx_word' id='word_1_274' title='bbox 889 3507 949 3568; x_wconf 76' lang='grc' dir='ltr'><strong>ἦν</strong></span> <span class='ocrx_word' id='word_1_275' title='bbox 1014 3509 1116 3563; x_wconf 84' lang='grc' dir='ltr'><strong>ἐκεῖ</strong></span> <span class='ocrx_word' id='word_1_276' title='bbox 1186 3513 1318 3583; x_wconf 82' lang='grc' dir='ltr'><strong>μετὰ</strong></span> <span class='ocrx_word' id='word_1_277' title='bbox 1380 3518 1479 3563; x_wconf 84' lang='grc' dir='ltr'><strong>τῶν</strong></span> <span class='ocrx_word' id='word_1_278' title='bbox 1556 3512 1766 3584; x_wconf 87' lang='grc' dir='ltr'><strong>Θηρίων,</strong></span> 
     </span>
    </p>
   </div>
   <div class='ocr_carea' id='block_1_39' title="bbox 171 3598 1769 3675">
    <p class='ocr_par' dir='ltr' id='par_1_39' title="bbox 171 3598 1769 3675">
     <span class='ocr_line' id='line_1_39' title="bbox 171 3598 1769 3675; baseline 0.001 -25"><span class='ocrx_word' id='word_1_279' title='bbox 171 3599 292 3650; x_wconf 79' lang='grc' dir='ltr'><strong>ἔνθα</strong></span> <span class='ocrx_word' id='word_1_280' title='bbox 350 3603 438 3650; x_wconf 83' lang='grc' dir='ltr'><strong>καὶ</strong></span> <span class='ocrx_word' id='word_1_281' title='bbox 506 3598 696 3671; x_wconf 80' lang='grc' dir='ltr'><strong>μᾶλλον</strong></span> <span class='ocrx_word' id='word_1_282' title='bbox 757 3601 782 3651; x_wconf 87' lang='grc' dir='ltr'><strong><em>ὁ</em></strong></span> <span class='ocrx_word' id='word_1_283' title='bbox 835 3599 1072 3672; x_wconf 86' lang='grc' dir='ltr'><strong>πόλεμος.</strong></span> <span class='ocrx_word' id='word_1_284' title='bbox 1139 3603 1264 3652; x_wconf 82' lang='grc' dir='ltr'><strong>Τότε</strong></span> <span class='ocrx_word' id='word_1_285' title='bbox 1333 3602 1434 3675; x_wconf 78' lang='grc' dir='ltr'><strong>γὰρ</strong></span> <span class='ocrx_word' id='word_1_286' title='bbox 1490 3601 1769 3653; x_wconf 83' lang='grc' dir='ltr'><strong>ἐπιτίθεται</strong></span> 
     </span>
    </p>
   </div>
   <div class='ocr_carea' id='block_1_40' title="bbox 168 3685 1768 3763">
    <p class='ocr_par' dir='ltr' id='par_1_40' title="bbox 168 3685 1768 3763">
     <span class='ocr_line' id='line_1_40' title="bbox 168 3685 1768 3763; baseline 0.001 -24"><span class='ocrx_word' id='word_1_287' title='bbox 168 3687 360 3760; x_wconf 85' lang='grc' dir='ltr'><strong>μᾶλλον</strong></span> <span class='ocrx_word' id='word_1_288' title='bbox 437 3689 462 3738; x_wconf 88' lang='grc' dir='ltr'><strong>ό</strong></span> <span class='ocrx_word' id='word_1_289' title='bbox 535 3685 796 3759; x_wconf 79' lang='grc' dir='ltr'><strong>διάϐολος,</strong></span> <span class='ocrx_word' id='word_1_290' title='bbox 878 3690 995 3740; x_wconf 84' lang='grc' dir='ltr'><strong>ὅταν</strong></span> <span class='ocrx_word' id='word_1_291' title='bbox 1080 3685 1171 3762; x_wconf 77' lang='grc' dir='ltr'><strong>ἴδῃ</strong></span> <span class='ocrx_word' id='word_1_292' title='bbox 1249 3693 1604 3763; x_wconf 81' lang='grc' dir='ltr'><strong>μεμονωμένον</strong></span> <span class='ocrx_word' id='word_1_293' title='bbox 1684 3691 1768 3741; x_wconf 87' lang='grc' dir='ltr'><strong>τόν</strong></span> 
     </span>
    </p>
   </div>
   <div class='ocr_carea' id='block_1_41' title="bbox 172 3777 1582 3854">
    <p class='ocr_par' dir='ltr' id='par_1_41' title="bbox 172 3777 1582 3854">
     <span class='ocr_line' id='line_1_41' title="bbox 172 3777 1582 3854; baseline 0.001 -26"><span class='ocrx_word' id='word_1_294' title='bbox 172 3778 458 3851; x_wconf 78' lang='grc' dir='ltr'><strong>ἄνθρωπον,</strong></span> <span class='ocrx_word' id='word_1_295' title='bbox 492 3782 582 3829; x_wconf 84' lang='grc' dir='ltr'><strong>καὶ</strong></span> <span class='ocrx_word' id='word_1_296' title='bbox 617 3777 990 3852; x_wconf 76' lang='grc' dir='ltr'><strong>παρακλήσεως</strong></span> <span class='ocrx_word' id='word_1_297' title='bbox 1019 3781 1190 3839; x_wconf 86' lang='grc' dir='ltr'><strong>πάσης</strong></span> <span class='ocrx_word' id='word_1_298' title='bbox 1220 3777 1582 3854; x_wconf 80' lang='grc' dir='ltr'><strong>ἐστερημένον,</strong></span> 
     </span>
    </p>
   </div>
   <div class='ocr_carea' id='block_1_42' title="bbox 247 3954 1767 4030">
    <p class='ocr_par' dir='ltr' id='par_1_42' title="bbox 247 3954 1767 4030">
     <span class='ocr_line' id='line_1_42' title="bbox 247 3954 1767 4030; baseline 0 -20"><span class='ocrx_word' id='word_1_299' title='bbox 247 3961 349 4010; x_wconf 76' lang='grc' dir='ltr'><strong>Καὶ</strong></span> <span class='ocrx_word' id='word_1_300' title='bbox 413 3987 485 3998; x_wconf 89' lang='grc'><strong>--</strong></span> <span class='ocrx_word' id='word_1_301' title='bbox 552 3954 838 4014; x_wconf 67' lang='grc' dir='ltr'><strong>ἐπείνασεν.</strong></span> <span class='ocrx_word' id='word_1_302' title='bbox 915 3957 1226 4015; x_wconf 82' lang='grc' dir='ltr'><strong>Ἐνὴστευσε</strong></span> <span class='ocrx_word' id='word_1_303' title='bbox 1299 3966 1522 4030; x_wconf 88' lang='grc' dir='ltr'><strong>πρῶτον,</strong></span> <span class='ocrx_word' id='word_1_304' title='bbox 1602 3954 1767 4010; x_wconf 80' lang='grc' dir='ltr'><strong>διδά-</strong></span> 
     </span>
    </p>
   </div>
   <div class='ocr_carea' id='block_1_43' title="bbox 182 4045 1768 4121">
    <p class='ocr_par' dir='ltr' id='par_1_43' title="bbox 182 4045 1768 4121">
     <span class='ocr_line' id='line_1_43' title="bbox 182 4045 1768 4121; baseline -0.001 -24"><span class='ocrx_word' id='word_1_305' title='bbox 182 4063 336 4110; x_wconf 85' lang='grc' dir='ltr'><strong>σκων,</strong></span> <span class='ocrx_word' id='word_1_306' title='bbox 385 4047 464 4098; x_wconf 84' lang='grc' dir='ltr'><strong>ὅτι</strong></span> <span class='ocrx_word' id='word_1_307' title='bbox 508 4051 643 4119; x_wconf 72' lang='grc' dir='ltr'><strong>μέγα</strong></span> <span class='ocrx_word' id='word_1_308' title='bbox 682 4048 1005 4121; x_wconf 73' lang='grc' dir='ltr'><strong>προπύργιον</strong></span> <span class='ocrx_word' id='word_1_309' title='bbox 1047 4047 1076 4104; x_wconf 82' lang='grc' dir='ltr'>ἡ</span> <span class='ocrx_word' id='word_1_310' title='bbox 1129 4051 1344 4104; x_wconf 86' lang='grc' dir='ltr'><strong>νηστεία</strong></span> <span class='ocrx_word' id='word_1_311' title='bbox 1385 4054 1489 4107; x_wconf 87' lang='grc' dir='ltr'><strong>τοῖς</strong></span> <span class='ocrx_word' id='word_1_312' title='bbox 1539 4045 1768 4118; x_wconf 64' lang='grc' dir='ltr'><strong>ἁνταγωυ</strong></span> 
     </span>
    </p>
   </div>
   <div class='ocr_carea' id='block_1_44' title="bbox 176 4132 1766 4211">
    <p class='ocr_par' dir='ltr' id='par_1_44' title="bbox 176 4132 1766 4211">
     <span class='ocr_line' id='line_1_44' title="bbox 176 4132 1766 4211; baseline 0 -25"><span class='ocrx_word' id='word_1_313' title='bbox 176 4139 461 4208; x_wconf 85' lang='grc' dir='ltr'><strong>νιζομένοις</strong></span> <span class='ocrx_word' id='word_1_314' title='bbox 511 4142 582 4206; x_wconf 85' lang='grc' dir='ltr'><strong>τῷ</strong></span> <span class='ocrx_word' id='word_1_315' title='bbox 632 4132 864 4208; x_wconf 80' lang='grc' dir='ltr'><strong>δαίμονι.</strong></span> <span class='ocrx_word' id='word_1_316' title='bbox 898 4135 1019 4207; x_wconf 80' lang='grc' dir='ltr'><strong>Οὑχ</strong></span> <span class='ocrx_word' id='word_1_317' title='bbox 1071 4134 1291 4209; x_wconf 79' lang='grc' dir='ltr'><strong>ὑπερέϐη</strong></span> <span class='ocrx_word' id='word_1_318' title='bbox 1347 4132 1406 4188; x_wconf 75' lang='grc' dir='ltr'><strong>δε</strong></span> <span class='ocrx_word' id='word_1_319' title='bbox 1449 4138 1506 4188; x_wconf 92' lang='lat'><strong>1&#39;0</strong></span> <span class='ocrx_word' id='word_1_320' title='bbox 1561 4141 1766 4211; x_wconf 81' lang='grc' dir='ltr'><strong>μέτρον,</strong></span> 
     </span>
    </p>
   </div>
   <div class='ocr_carea' id='block_1_45' title="bbox 174 4223 1768 4300">
    <p class='ocr_par' dir='ltr' id='par_1_45' title="bbox 174 4223 1768 4300">
     <span class='ocr_line' id='line_1_45' title="bbox 174 4223 1768 4300; baseline -0.001 -23"><span class='ocrx_word' id='word_1_321' title='bbox 174 4225 201 4277; x_wconf 86' lang='grc' dir='ltr'><strong><em>ὃ</em></strong></span> <span class='ocrx_word' id='word_1_322' title='bbox 257 4224 530 4282; x_wconf 84' lang='grc' dir='ltr'><strong>ἐνήστευσε</strong></span> <span class='ocrx_word' id='word_1_323' title='bbox 593 4227 693 4298; x_wconf 88' lang='grc' dir='ltr'><strong>πρό</strong></span> <span class='ocrx_word' id='word_1_324' title='bbox 754 4224 911 4276; x_wconf 80' lang='grc' dir='ltr'><strong>αὑτοῦ</strong></span> <span class='ocrx_word' id='word_1_325' title='bbox 991 4223 1183 4290; x_wconf 85' lang='grc' dir='ltr'><strong>Ἠλίας,</strong></span> <span class='ocrx_word' id='word_1_326' title='bbox 1259 4229 1348 4276; x_wconf 88' lang='grc' dir='ltr'><strong>καὶ</strong></span> <span class='ocrx_word' id='word_1_327' title='bbox 1413 4229 1513 4300; x_wconf 84' lang='grc' dir='ltr'><strong>πρὸ</strong></span> <span class='ocrx_word' id='word_1_328' title='bbox 1579 4223 1768 4277; x_wconf 71' lang='grc' dir='ltr'><strong>ἐκείνου</strong></span> 
     </span>
    </p>
   </div>
   <div class='ocr_carea' id='block_1_46' title="bbox 170 4309 1770 4388">
    <p class='ocr_par' dir='ltr' id='par_1_46' title="bbox 170 4309 1770 4388">
     <span class='ocr_line' id='line_1_46' title="bbox 170 4309 1770 4388; baseline -0.001 -20"><span class='ocrx_word' id='word_1_329' title='bbox 170 4321 426 4382; x_wconf 78' lang='grc' dir='ltr'><strong>Μωὺσῆς,</strong></span> <span class='ocrx_word' id='word_1_330' title='bbox 474 4314 556 4365; x_wconf 84' lang='grc' dir='ltr'><strong>ἶνα</strong></span> <span class='ocrx_word' id='word_1_331' title='bbox 582 4318 652 4386; x_wconf 83' lang='grc' dir='ltr'><strong>μὴ</strong></span> <span class='ocrx_word' id='word_1_332' title='bbox 697 4312 1019 4388; x_wconf 87' lang='grc' dir='ltr'><strong>ὑπερελάσας</strong></span> <span class='ocrx_word' id='word_1_333' title='bbox 1047 4317 1140 4373; x_wconf 72' lang='grc' dir='ltr'><strong>τήν</strong></span> <span class='ocrx_word' id='word_1_334' title='bbox 1187 4309 1408 4386; x_wconf 78' lang='grc' dir='ltr'><strong>δύναμιν</strong></span> <span class='ocrx_word' id='word_1_335' title='bbox 1451 4321 1542 4375; x_wconf 85' lang='grc' dir='ltr'><strong>τῆς</strong></span> <span class='ocrx_word' id='word_1_336' title='bbox 1575 4311 1770 4386; x_wconf 77' lang='grc' dir='ltr'><strong>ἀνθρω-</strong></span> 
     </span>
    </p>
   </div>
   <div class='ocr_carea' id='block_1_47' title="bbox 174 4400 1771 4476">
    <p class='ocr_par' dir='ltr' id='par_1_47' title="bbox 174 4400 1771 4476">
     <span class='ocr_line' id='line_1_47' title="bbox 174 4400 1771 4476; baseline -0.002 -19"><span class='ocrx_word' id='word_1_337' title='bbox 174 4408 326 4463; x_wconf 86' lang='grc' dir='ltr'><strong>πίνης</strong></span> <span class='ocrx_word' id='word_1_338' title='bbox 373 4405 586 4474; x_wconf 77' lang='grc' dir='ltr'><strong>φύσεως,</strong></span> <span class='ocrx_word' id='word_1_339' title='bbox 633 4400 920 4474; x_wconf 73' lang='grc' dir='ltr'><strong>ἁπιστηθῇ,</strong></span> <span class='ocrx_word' id='word_1_340' title='bbox 968 4403 1048 4453; x_wconf 87' lang='grc' dir='ltr'><strong>ὅτι</strong></span> <span class='ocrx_word' id='word_1_341' title='bbox 1090 4403 1360 4476; x_wconf 83' lang='grc' dir='ltr'><strong>ἄνθρωπός</strong></span> <span class='ocrx_word' id='word_1_342' title='bbox 1400 4401 1565 4457; x_wconf 83' lang='grc' dir='ltr'><strong>ἐστιν.</strong></span> <span class='ocrx_word' id='word_1_343' title='bbox 1618 4401 1771 4455; x_wconf 77' lang='grc' dir='ltr'><strong>’ὉΘιν</strong></span> 
     </span>
    </p>
   </div>
   <div class='ocr_carea' id='block_1_48' title="bbox 171 4488 1762 4565">
    <p class='ocr_par' dir='ltr' id='par_1_48' title="bbox 171 4488 1762 4565">
     <span class='ocr_line' id='line_1_48' title="bbox 171 4488 1762 4565; baseline 0 -21"><span class='ocrx_word' id='word_1_344' title='bbox 171 4492 394 4564; x_wconf 78' lang='grc' dir='ltr'><strong>ὕστερον</strong></span> <span class='ocrx_word' id='word_1_345' title='bbox 469 4489 719 4554; x_wconf 75' lang='grc' dir='ltr'><strong>ἕπείνασε,</strong></span> <span class='ocrx_word' id='word_1_346' title='bbox 783 4488 1028 4562; x_wconf 81' lang='grc' dir='ltr'><strong>βεϐαιῶν,</strong></span> <span class='ocrx_word' id='word_1_347' title='bbox 1101 4491 1180 4540; x_wconf 84' lang='grc' dir='ltr'><strong>ὅτι</strong></span> <span class='ocrx_word' id='word_1_348' title='bbox 1247 4491 1513 4565; x_wconf 78' lang='grc' dir='ltr'><strong>ἄνθρωπός</strong></span> <span class='ocrx_word' id='word_1_349' title='bbox 1597 4492 1762 4544; x_wconf 85' lang='grc' dir='ltr'><strong>ἐστιν.</strong></span> 
     </span>
    </p>
   </div>
   <div class='ocr_carea' id='block_1_49' title="bbox 167 4575 1772 4653">
    <p class='ocr_par' dir='ltr' id='par_1_49' title="bbox 167 4575 1772 4653">
     <span class='ocr_line' id='line_1_49' title="bbox 167 4575 1772 4653; baseline 0 -21"><span class='ocrx_word' id='word_1_350' title='bbox 167 4575 344 4635; x_wconf 81' lang='grc' dir='ltr'><strong>Ἰδιον</strong></span> <span class='ocrx_word' id='word_1_351' title='bbox 387 4581 487 4652; x_wconf 74' lang='grc' dir='ltr'><strong>γὰρ</strong></span> <span class='ocrx_word' id='word_1_352' title='bbox 539 4576 809 4651; x_wconf 80' lang='grc' dir='ltr'><strong>ἀνθρώπου</strong></span> <span class='ocrx_word' id='word_1_353' title='bbox 854 4582 911 4631; x_wconf 92' lang='grc' dir='ltr'><strong>τό</strong></span> <span class='ocrx_word' id='word_1_354' title='bbox 958 4577 1013 4630; x_wconf 77' lang='grc' dir='ltr'><strong>ἐκ</strong></span> <span class='ocrx_word' id='word_1_355' title='bbox 1061 4583 1302 4640; x_wconf 89' lang='grc' dir='ltr'><strong>νηστείας</strong></span> <span class='ocrx_word' id='word_1_356' title='bbox 1347 4585 1540 4651; x_wconf 78' lang='grc' dir='ltr'><strong>πεινᾷν.</strong></span> <span class='ocrx_word' id='word_1_357' title='bbox 1594 4585 1772 4653; x_wconf 89' lang='grc' dir='ltr'><strong>Περιτ-</strong></span> 
     </span>
    </p>
   </div>
   <div class='ocr_carea' id='block_1_50' title="bbox 169 4639 1851 4742">
    <p class='ocr_par' dir='ltr' id='par_1_50' title="bbox 169 4639 1851 4742">
     <span class='ocr_line' id='line_1_50' title="bbox 169 4639 1851 4742; baseline -0.001 -19"><span class='ocrx_word' id='word_1_358' title='bbox 169 4671 263 4723; x_wconf 87' lang='grc' dir='ltr'><strong>τόν</strong></span> <span class='ocrx_word' id='word_1_359' title='bbox 295 4663 354 4720; x_wconf 76' lang='grc' dir='ltr'><strong>δε</strong></span> <span class='ocrx_word' id='word_1_360' title='bbox 387 4664 549 4736; x_wconf 78' lang='grc' dir='ltr'><strong>δοκεῖ,</strong></span> <span class='ocrx_word' id='word_1_361' title='bbox 585 4670 644 4719; x_wconf 88' lang='grc' dir='ltr'><strong>τὸ</strong></span> <span class='ocrx_word' id='word_1_362' title='bbox 685 4672 800 4742; x_wconf 86' lang='grc' dir='ltr'><strong>περὶ</strong></span> <span class='ocrx_word' id='word_1_363' title='bbox 844 4675 944 4719; x_wconf 88' lang='grc' dir='ltr'><strong>τῶν</strong></span> <span class='ocrx_word' id='word_1_364' title='bbox 984 4675 1179 4719; x_wconf 88' lang='grc' dir='ltr'><strong>νυκτῶν</strong></span> <span class='ocrx_word' id='word_1_365' title='bbox 1214 4688 1226 4700; x_wconf 94' lang='grc'><strong>·</strong></span> <span class='ocrx_word' id='word_1_366' title='bbox 1261 4666 1408 4740; x_wconf 86' lang='grc' dir='ltr'><strong>οἶμαι</strong></span> <span class='ocrx_word' id='word_1_367' title='bbox 1457 4664 1516 4720; x_wconf 69' lang='grc' dir='ltr'><strong>δε</strong></span> <span class='ocrx_word' id='word_1_368' title='bbox 1548 4665 1642 4721; x_wconf 80' lang='grc' dir='ltr'><strong>διὰ</strong></span> <span class='ocrx_word' id='word_1_369' title='bbox 1682 4670 1772 4730; x_wconf 80' lang='grc' dir='ltr'><strong>τὰς</strong></span> <span class='ocrx_word' id='word_1_370' title='bbox 1804 4639 1851 4694; x_wconf 80' lang='lat' dir='ltr'><strong>D</strong></span> 
     </span>
    </p>
   </div>
   <div class='ocr_carea' id='block_1_51' title="bbox 168 4755 1775 4832">
    <p class='ocr_par' dir='ltr' id='par_1_51' title="bbox 168 4755 1775 4832">
     <span class='ocr_line' id='line_1_51' title="bbox 168 4755 1775 4832; baseline -0.001 -21"><span class='ocrx_word' id='word_1_371' title='bbox 168 4760 420 4817; x_wconf 88' lang='grc' dir='ltr'><strong>νηστείας</strong></span> <span class='ocrx_word' id='word_1_372' title='bbox 479 4764 579 4808; x_wconf 85' lang='grc' dir='ltr'><strong>τῶν</strong></span> <span class='ocrx_word' id='word_1_373' title='bbox 627 4755 872 4832; x_wconf 81' lang='grc' dir='ltr'><strong>Ἐϐραίων</strong></span> <span class='ocrx_word' id='word_1_374' title='bbox 942 4762 1094 4808; x_wconf 80' lang='grc' dir='ltr'><strong>τοῦτο</strong></span> <span class='ocrx_word' id='word_1_375' title='bbox 1159 4759 1529 4832; x_wconf 78' lang='grc' dir='ltr'><strong>προστεθῆναι,</strong></span> <span class='ocrx_word' id='word_1_376' title='bbox 1582 4756 1631 4810; x_wconf 76' lang='grc' dir='ltr'><strong>οἳ</strong></span> <span class='ocrx_word' id='word_1_377' title='bbox 1682 4759 1775 4818; x_wconf 84' lang='grc' dir='ltr'><strong>τὰς</strong></span> 
     </span>
    </p>
   </div>
   <div class='ocr_carea' id='block_1_52' title="bbox 171 4842 1777 4920">
    <p class='ocr_par' dir='ltr' id='par_1_52' title="bbox 171 4842 1777 4920">
     <span class='ocr_line' id='line_1_52' title="bbox 171 4842 1777 4920; baseline 0.001 -22"><span class='ocrx_word' id='word_1_378' title='bbox 171 4849 378 4920; x_wconf 72' lang='grc' dir='ltr'><strong>ἡμέρας</strong></span> <span class='ocrx_word' id='word_1_379' title='bbox 433 4848 782 4914; x_wconf 81' lang='grc' dir='ltr'><strong>νηστεύοντες,</strong></span> <span class='ocrx_word' id='word_1_380' title='bbox 839 4844 885 4897; x_wconf 82' lang='grc' dir='ltr'>ἐν</span> <span class='ocrx_word' id='word_1_381' title='bbox 942 4852 1057 4907; x_wconf 87' lang='grc' dir='ltr'><strong>ταῖς</strong></span> <span class='ocrx_word' id='word_1_382' title='bbox 1103 4844 1240 4908; x_wconf 84' lang='grc' dir='ltr'><strong>νυξὶν</strong></span> <span class='ocrx_word' id='word_1_383' title='bbox 1288 4844 1578 4903; x_wconf 71' lang='grc' dir='ltr'><strong>ἐσθίουσιν.</strong></span> <span class='ocrx_word' id='word_1_384' title='bbox 1615 4845 1675 4898; x_wconf 82' lang='grc' dir='ltr'>Ὀ</span> <span class='ocrx_word' id='word_1_385' title='bbox 1717 4842 1777 4900; x_wconf 62' lang='grc' dir='ltr'><strong>δὲ</strong></span> 
     </span>
    </p>
   </div>
   <div class='ocr_carea' id='block_1_53' title="bbox 171 4935 1777 5008">
    <p class='ocr_par' dir='ltr' id='par_1_53' title="bbox 171 4935 1777 5008">
     <span class='ocr_line' id='line_1_53' title="bbox 171 4935 1777 5008; baseline -0.002 -18"><span class='ocrx_word' id='word_1_386' title='bbox 171 4937 391 5008; x_wconf 86' lang='grc' dir='ltr'><strong>Μάρκος</strong></span> <span class='ocrx_word' id='word_1_387' title='bbox 450 4939 540 4987; x_wconf 82' lang='grc' dir='ltr'><strong>καὶ</strong></span> <span class='ocrx_word' id='word_1_388' title='bbox 617 4936 642 4986; x_wconf 87' lang='grc' dir='ltr'>ὀ</span> <span class='ocrx_word' id='word_1_389' title='bbox 718 4939 926 4996; x_wconf 84' lang='grc' dir='ltr'><strong>Λουκᾶς</strong></span> <span class='ocrx_word' id='word_1_390' title='bbox 991 4941 1230 5008; x_wconf 80' lang='grc' dir='ltr'><strong>παρῆκαν</strong></span> <span class='ocrx_word' id='word_1_391' title='bbox 1304 4937 1393 4996; x_wconf 86' lang='grc' dir='ltr'><strong>τὰς</strong></span> <span class='ocrx_word' id='word_1_392' title='bbox 1462 4935 1653 4998; x_wconf 73' lang='grc' dir='ltr'><strong>νύκτας</strong></span> <span class='ocrx_word' id='word_1_393' title='bbox 1709 4937 1777 4996; x_wconf 85' lang='grc' dir='ltr'><strong>ὡς</strong></span> 
     </span>
    </p>
   </div>
   <div class='ocr_carea' id='block_1_54' title="bbox 173 5028 482 5097">
    <p class='ocr_par' dir='ltr' id='par_1_54' title="bbox 173 5028 482 5097">
     <span class='ocr_line' id='line_1_54' title="bbox 173 5028 482 5097; baseline -0.013 -18"><span class='ocrx_word' id='word_1_394' title='bbox 173 5043 298 5079; x_wconf 82' lang='grc' dir='ltr'><strong>νοου</strong></span> <span class='ocrx_word' id='word_1_395' title='bbox 305 5028 458 5097; x_wconf 80' lang='grc' dir='ltr'><strong>μένας</strong></span> <span class='ocrx_word' id='word_1_396' title='bbox 471 5068 482 5081; x_wconf 92' lang='grc'><strong>,</strong></span> 
     </span>
    </p>
   </div>
   <div class='ocr_carea' id='block_1_55' title="bbox 255 5109 1780 5186">
    <p class='ocr_par' dir='ltr' id='par_1_55' title="bbox 255 5109 1780 5186">
     <span class='ocr_line' id='line_1_55' title="bbox 255 5109 1780 5186; baseline 0.015 -38"><span class='ocrx_word' id='word_1_397' title='bbox 255 5117 377 5166; x_wconf 69' lang='grc' dir='ltr'><strong>Καὶ.</strong></span> <span class='ocrx_word' id='word_1_398' title='bbox 409 5143 481 5154; x_wconf 91' lang='lat'><em>_</em></span> <span class='ocrx_word' id='word_1_399' title='bbox 529 5116 801 5184; x_wconf 71' lang='grc' dir='ltr'><strong>γένωνται.</strong></span> <span class='ocrx_word' id='word_1_400' title='bbox 863 5109 921 5167; x_wconf 86' lang='grc' dir='ltr'>Ὁ</span> <span class='ocrx_word' id='word_1_401' title='bbox 977 5109 1036 5165; x_wconf 63' lang='grc' dir='ltr'><strong>δὲ</strong></span> <span class='ocrx_word' id='word_1_402' title='bbox 1085 5115 1294 5186; x_wconf 87' lang='grc' dir='ltr'><strong>Μκάρος</strong></span> <span class='ocrx_word' id='word_1_403' title='bbox 1349 5118 1438 5166; x_wconf 81' lang='grc' dir='ltr'><strong>καὶ</strong></span> <span class='ocrx_word' id='word_1_404' title='bbox 1490 5113 1515 5164; x_wconf 87' lang='grc' dir='ltr'><strong><em>ὁ</em></strong></span> <span class='ocrx_word' id='word_1_405' title='bbox 1575 5117 1780 5172; x_wconf 81' lang='grc' dir='ltr'><strong>Λουκᾶς</strong></span> 
     </span>
    </p>
   </div>
   <div class='ocr_carea' id='block_1_56' title="bbox 179 5197 1777 5277">
    <p class='ocr_par' dir='ltr' id='par_1_56' title="bbox 179 5197 1777 5277">
     <span class='ocr_line' id='line_1_56' title="bbox 179 5197 1777 5277; baseline -0.003 -19"><span class='ocrx_word' id='word_1_406' title='bbox 179 5199 344 5275; x_wconf 79' lang='grc' dir='ltr'><strong>εἶπον,</strong></span> <span class='ocrx_word' id='word_1_407' title='bbox 405 5203 486 5256; x_wconf 87' lang='grc' dir='ltr'><strong>ὅτι</strong></span> <span class='ocrx_word' id='word_1_408' title='bbox 538 5205 626 5254; x_wconf 86' lang='grc' dir='ltr'><strong>καὶ</strong></span> <span class='ocrx_word' id='word_1_409' title='bbox 686 5201 736 5253; x_wconf 77' lang='grc' dir='ltr'><strong>ἐν</strong></span> <span class='ocrx_word' id='word_1_410' title='bbox 798 5207 914 5265; x_wconf 87' lang='grc' dir='ltr'><strong>ταῖς</strong></span> <span class='ocrx_word' id='word_1_411' title='bbox 971 5203 1362 5277; x_wconf 81' lang='grc' dir='ltr'><strong>τεσσαράκοντα</strong></span> <span class='ocrx_word' id='word_1_412' title='bbox 1425 5203 1643 5276; x_wconf 77' lang='grc' dir='ltr'><strong>ἡμέραις</strong></span> <span class='ocrx_word' id='word_1_413' title='bbox 1715 5197 1777 5260; x_wconf 74' lang='grc' dir='ltr'><strong>ἦν</strong></span> 
     </span>
    </p>
   </div>
   <div class='ocr_carea' id='block_1_57' title="bbox 258 5381 1193 5451">
    <p class='ocr_par' dir='ltr' id='par_1_57' title="bbox 258 5381 1193 5451">
     <span class='ocr_line' id='line_1_57' title="bbox 258 5381 1193 5451; baseline -0.003 -10"><span class='ocrx_word' id='word_1_414' title='bbox 258 5383 307 5421; x_wconf 77' lang='grc' dir='ltr'><strong>⁸ο</strong></span> <span class='ocrx_word' id='word_1_415' title='bbox 334 5384 468 5441; x_wconf 91' lang='lat' dir='ltr'><strong>Luc.</strong></span> <span class='ocrx_word' id='word_1_416' title='bbox 502 5397 560 5451; x_wconf 82' lang='grc' dir='ltr'><strong>ιι,</strong></span> <span class='ocrx_word' id='word_1_417' title='bbox 590 5381 676 5440; x_wconf 76' lang='grc'><strong>14.</strong></span> <span class='ocrx_word' id='word_1_418' title='bbox 754 5381 798 5419; x_wconf 73' lang='grc' dir='ltr'><strong>θι</strong></span> <span class='ocrx_word' id='word_1_419' title='bbox 831 5383 1005 5440; x_wconf 83' lang='lat' dir='ltr'><strong>Marc.</strong></span> <span class='ocrx_word' id='word_1_420' title='bbox 1033 5397 1072 5450; x_wconf 79' lang='grc' dir='ltr'><strong>ι,</strong></span> <span class='ocrx_word' id='word_1_421' title='bbox 1109 5382 1193 5438; x_wconf 84' lang='grc'><strong>13.</strong></span> 
     </span>
    </p>
   </div>
   <div class='ocr_carea' id='block_1_58' title="bbox 1130 445 2541 512">
    <p class='ocr_par' dir='ltr' id='par_1_58' title="bbox 1130 445 2541 512">
     <span class='ocr_line' id='line_1_58' title="bbox 1130 445 2541 512; baseline 0.001 -4"><span class='ocrx_word' id='word_1_422' title='bbox 1130 445 1493 509; x_wconf 87' lang='lat' dir='ltr'><strong>COMMENT.</strong></span> <span class='ocrx_word' id='word_1_423' title='bbox 1537 447 1610 504; x_wconf 88' lang='lat' dir='ltr'><strong>IN</strong></span> <span class='ocrx_word' id='word_1_424' title='bbox 1652 448 2098 507; x_wconf 50' lang='lat' dir='ltr'><strong>MATTHXEUM.</strong></span> <span class='ocrx_word' id='word_1_425' title='bbox 2139 483 2206 494; x_wconf 92' lang='lat'><strong><em>—</em></strong></span> <span class='ocrx_word' id='word_1_426' title='bbox 2245 453 2406 512; x_wconf 87' lang='lat' dir='ltr'><strong>CAP.</strong></span> <span class='ocrx_word' id='word_1_427' title='bbox 2440 448 2541 510; x_wconf 90' lang='lat' dir='ltr'><strong>III.</strong></span> 
     </span>
    </p>
   </div>
   <div class='ocr_carea' id='block_1_59' title="bbox 3402 455 3504 514">
    <p class='ocr_par' dir='ltr' id='par_1_59' title="bbox 3402 455 3504 514">
     <span class='ocr_line' id='line_1_59' title="bbox 3402 455 3504 514; baseline 0.01 -1"><span class='ocrx_word' id='word_1_428' title='bbox 3402 455 3504 514; x_wconf 72' lang='grc'><strong>174</strong></span> 
     </span>
    </p>
   </div>
   <div class='ocr_carea' id='block_1_60' title="bbox 1927 576 3507 653">
    <p class='ocr_par' dir='ltr' id='par_1_60' title="bbox 1927 576 3507 653">
     <span class='ocr_line' id='line_1_60' title="bbox 1927 576 3507 653; baseline 0.006 -22"><span class='ocrx_word' id='word_1_429' title='bbox 1927 576 2117 632; x_wconf 88' lang='lat' dir='ltr'><strong>Simul</strong></span> <span class='ocrx_word' id='word_1_430' title='bbox 2145 577 2314 634; x_wconf 85' lang='lat' dir='ltr'><strong>etiam</strong></span> <span class='ocrx_word' id='word_1_431' title='bbox 2342 579 2580 636; x_wconf 86' lang='lat' dir='ltr'><strong>attende</strong></span> <span class='ocrx_word' id='word_1_432' title='bbox 2631 599 2642 638; x_wconf 94' lang='lat'>:</span> <span class='ocrx_word' id='word_1_433' title='bbox 2694 579 2860 653; x_wconf 88' lang='lat' dir='ltr'><strong>quod</strong></span> <span class='ocrx_word' id='word_1_434' title='bbox 2908 580 3058 638; x_wconf 85' lang='lat' dir='ltr'><strong>sicut</strong></span> <span class='ocrx_word' id='word_1_435' title='bbox 3101 580 3162 638; x_wconf 92' lang='lat' dir='ltr'><strong>in</strong></span> <span class='ocrx_word' id='word_1_436' title='bbox 3208 581 3507 640; x_wconf 84' lang='lat' dir='ltr'><strong>Paschats</strong></span> 
     </span>
    </p>
   </div>
   <div class='ocr_carea' id='block_1_61' title="bbox 1857 665 3509 740">
    <p class='ocr_par' dir='ltr' id='par_1_61' title="bbox 1857 665 3509 740">
     <span class='ocr_line' id='line_1_61' title="bbox 1857 665 3509 740; baseline 0.005 -20"><span class='ocrx_word' id='word_1_437' title='bbox 1857 665 1979 720; x_wconf 83' lang='lat' dir='ltr'><strong>sive</strong></span> <span class='ocrx_word' id='word_1_438' title='bbox 2021 668 2200 723; x_wconf 64' lang='lat' dir='ltr'><strong>Coena</strong></span> <span class='ocrx_word' id='word_1_439' title='bbox 2242 668 2495 739; x_wconf 86' lang='lat' dir='ltr'><strong>mystica</strong></span> <span class='ocrx_word' id='word_1_440' title='bbox 2539 669 2640 740; x_wconf 87' lang='lat' dir='ltr'><strong>(u),</strong></span> <span class='ocrx_word' id='word_1_441' title='bbox 2686 668 2745 724; x_wconf 90' lang='lat' dir='ltr'><strong>in</strong></span> <span class='ocrx_word' id='word_1_442' title='bbox 2790 685 2910 725; x_wconf 87' lang='lat' dir='ltr'><strong>una</strong></span> <span class='ocrx_word' id='word_1_443' title='bbox 2946 686 3154 727; x_wconf 90' lang='lat' dir='ltr'><strong>mensa</strong></span> <span class='ocrx_word' id='word_1_444' title='bbox 3203 671 3509 729; x_wconf 75' lang='lat' dir='ltr'><strong>Iudaicum</strong></span> 
     </span>
    </p>
   </div>
   <div class='ocr_carea' id='block_1_62' title="bbox 1855 755 3506 828">
    <p class='ocr_par' dir='ltr' id='par_1_62' title="bbox 1855 755 3506 828">
     <span class='ocr_line' id='line_1_62' title="bbox 1855 755 3506 828; baseline 0.005 -19"><span class='ocrx_word' id='word_1_445' title='bbox 1855 755 2085 828; x_wconf 83' lang='lat' dir='ltr'><strong>pascha</strong></span> <span class='ocrx_word' id='word_1_446' title='bbox 2112 756 2455 828; x_wconf 89' lang='lat' dir='ltr'><strong>adimplevit</strong></span> <span class='ocrx_word' id='word_1_447' title='bbox 2482 773 2552 812; x_wconf 90' lang='lat' dir='ltr'><strong>ac</strong></span> <span class='ocrx_word' id='word_1_448' title='bbox 2581 757 2792 825; x_wconf 85' lang='lat' dir='ltr'><strong>ﬁnivit,</strong></span> <span class='ocrx_word' id='word_1_449' title='bbox 2827 764 2884 815; x_wconf 90' lang='lat' dir='ltr'><strong>et</strong></span> <span class='ocrx_word' id='word_1_450' title='bbox 2909 776 3021 815; x_wconf 92' lang='lat' dir='ltr'><strong>suo</strong></span> <span class='ocrx_word' id='word_1_451' title='bbox 3049 760 3210 816; x_wconf 81' lang='lat' dir='ltr'><strong>dedit</strong></span> <span class='ocrx_word' id='word_1_452' title='bbox 3235 761 3506 818; x_wconf 89' lang='lat' dir='ltr'><strong>initium:</strong></span> 
     </span>
    </p>
   </div>
   <div class='ocr_carea' id='block_1_63' title="bbox 1859 843 3512 916">
    <p class='ocr_par' dir='ltr' id='par_1_63' title="bbox 1859 843 3512 916">
     <span class='ocr_line' id='line_1_63' title="bbox 1859 843 3512 916; baseline 0.005 -18"><span class='ocrx_word' id='word_1_453' title='bbox 1859 843 1940 899; x_wconf 88' lang='lat' dir='ltr'><strong>ita</strong></span> <span class='ocrx_word' id='word_1_454' title='bbox 1970 859 2211 916; x_wconf 89' lang='lat' dir='ltr'><strong>quoque</strong></span> <span class='ocrx_word' id='word_1_455' title='bbox 2241 845 2298 899; x_wconf 92' lang='lat' dir='ltr'><strong>in</strong></span> <span class='ocrx_word' id='word_1_456' title='bbox 2323 845 2705 916; x_wconf 81' lang='lat' dir='ltr'><strong>baptismate,</strong></span> <span class='ocrx_word' id='word_1_457' title='bbox 2746 847 2805 902; x_wconf 93' lang='lat' dir='ltr'><strong>in</strong></span> <span class='ocrx_word' id='word_1_458' title='bbox 2838 848 3050 903; x_wconf 89' lang='lat' dir='ltr'><strong>eodem</strong></span> <span class='ocrx_word' id='word_1_459' title='bbox 3098 847 3345 905; x_wconf 87' lang='lat' dir='ltr'><strong>ﬂumine</strong></span> <span class='ocrx_word' id='word_1_460' title='bbox 3375 850 3512 907; x_wconf 79' lang='lat' dir='ltr'><strong>fecit</strong></span> 
     </span>
    </p>
   </div>
   <div class='ocr_carea' id='block_1_64' title="bbox 1858 932 3511 1008">
    <p class='ocr_par' dir='ltr' id='par_1_64' title="bbox 1858 932 3511 1008">
     <span class='ocr_line' id='line_1_64' title="bbox 1858 932 3511 1008; baseline 0.005 -21"><span class='ocrx_word' id='word_1_461' title='bbox 1858 932 2492 1004; x_wconf 67' lang='lat' dir='ltr'><strong>utrumque.Cu:lorum</strong></span> <span class='ocrx_word' id='word_1_462' title='bbox 2524 934 2682 990; x_wconf 89' lang='lat' dir='ltr'><strong>enim</strong></span> <span class='ocrx_word' id='word_1_463' title='bbox 2714 935 3025 1006; x_wconf 88' lang='lat' dir='ltr'><strong>apertio,et</strong></span> <span class='ocrx_word' id='word_1_464' title='bbox 3046 935 3296 1008; x_wconf 80' lang='lat' dir='ltr'><strong>Spiritus</strong></span> <span class='ocrx_word' id='word_1_465' title='bbox 3322 939 3511 995; x_wconf 82' lang='lat' dir='ltr'><strong>sancti</strong></span> 
     </span>
    </p>
   </div>
   <div class='ocr_carea' id='block_1_65' title="bbox 1860 1019 3512 1094">
    <p class='ocr_par' dir='ltr' id='par_1_65' title="bbox 1860 1019 3512 1094">
     <span class='ocr_line' id='line_1_65' title="bbox 1860 1019 3512 1094; baseline 0.004 -19"><span class='ocrx_word' id='word_1_466' title='bbox 1860 1019 2188 1084; x_wconf 86' lang='lat' dir='ltr'><strong>descensio,</strong></span> <span class='ocrx_word' id='word_1_467' title='bbox 2224 1019 2532 1076; x_wconf 84' lang='lat' dir='ltr'><strong>Christiani</strong></span> <span class='ocrx_word' id='word_1_468' title='bbox 2560 1020 2944 1094; x_wconf 81' lang='lat' dir='ltr'><strong>baptismatis</strong></span> <span class='ocrx_word' id='word_1_469' title='bbox 2973 1022 3135 1080; x_wconf 89' lang='lat' dir='ltr'><strong>dona</strong></span> <span class='ocrx_word' id='word_1_470' title='bbox 3155 1028 3340 1081; x_wconf 88' lang='lat' dir='ltr'><strong>erant.</strong></span> <span class='ocrx_word' id='word_1_471' title='bbox 3360 1025 3512 1090; x_wconf 85' lang='lat' dir='ltr'><strong>Quid</strong></span> 
     </span>
    </p>
   </div>
   <div class='ocr_carea' id='block_1_66' title="bbox 1862 1109 3515 1181">
    <p class='ocr_par' dir='ltr' id='par_1_66' title="bbox 1862 1109 3515 1181">
     <span class='ocr_line' id='line_1_66' title="bbox 1862 1109 3515 1181; baseline 0.004 -17"><span class='ocrx_word' id='word_1_472' title='bbox 1862 1115 1951 1164; x_wconf 92' lang='lat' dir='ltr'><strong>est</strong></span> <span class='ocrx_word' id='word_1_473' title='bbox 1980 1114 2202 1166; x_wconf 90' lang='lat' dir='ltr'><strong>autem.</strong></span> <span class='ocrx_word' id='word_1_474' title='bbox 2241 1109 2312 1164; x_wconf 87' lang='lat' dir='ltr'><strong>In</strong></span> <span class='ocrx_word' id='word_1_475' title='bbox 2343 1125 2455 1181; x_wconf 86' lang='lat' dir='ltr'><strong>quo</strong></span> <span class='ocrx_word' id='word_1_476' title='bbox 2480 1109 2629 1166; x_wconf 81' lang='lat' dir='ltr'><strong>mihi</strong></span> <span class='ocrx_word' id='word_1_477' title='bbox 2657 1112 3066 1180; x_wconf 79' lang='lat' dir='ltr'><strong>complacitum</strong></span> <span class='ocrx_word' id='word_1_478' title='bbox 3096 1119 3175 1168; x_wconf 83' lang='lat' dir='ltr'><strong>est</strong></span> <span class='ocrx_word' id='word_1_479' title='bbox 3204 1113 3233 1167; x_wconf 67' lang='grc' dir='ltr'><em>Υ</em></span> <span class='ocrx_word' id='word_1_480' title='bbox 3276 1115 3396 1170; x_wconf 85' lang='lat' dir='ltr'><strong>Hoc</strong></span> <span class='ocrx_word' id='word_1_481' title='bbox 3422 1117 3515 1170; x_wconf 82' lang='lat' dir='ltr'><strong>est</strong></span> 
     </span>
    </p>
   </div>
   <div class='ocr_carea' id='block_1_67' title="bbox 1860 1196 3511 1270">
    <p class='ocr_par' dir='ltr' id='par_1_67' title="bbox 1860 1196 3511 1270">
     <span class='ocr_line' id='line_1_67' title="bbox 1860 1196 3511 1270; baseline 0.004 -19"><span class='ocrx_word' id='word_1_482' title='bbox 1860 1196 1919 1251; x_wconf 91' lang='lat' dir='ltr'><strong>in</strong></span> <span class='ocrx_word' id='word_1_483' title='bbox 1945 1211 2062 1269; x_wconf 92' lang='lat' dir='ltr'><strong>quo</strong></span> <span class='ocrx_word' id='word_1_484' title='bbox 2093 1196 2375 1253; x_wconf 90' lang='lat' dir='ltr'><strong>oblector.</strong></span> <span class='ocrx_word' id='word_1_485' title='bbox 2406 1196 2522 1263; x_wconf 89' lang='lat' dir='ltr'><strong>Vel,</strong></span> <span class='ocrx_word' id='word_1_486' title='bbox 2561 1198 2704 1270; x_wconf 86' lang='lat' dir='ltr'><strong>quia</strong></span> <span class='ocrx_word' id='word_1_487' title='bbox 2731 1203 2871 1254; x_wconf 88' lang='lat' dir='ltr'><strong>nato</strong></span> <span class='ocrx_word' id='word_1_488' title='bbox 2898 1199 3028 1270; x_wconf 92' lang='lat' dir='ltr'><strong>ipso</strong></span> <span class='ocrx_word' id='word_1_489' title='bbox 3058 1199 3259 1256; x_wconf 89' lang='lat' dir='ltr'><strong>laudes</strong></span> <span class='ocrx_word' id='word_1_490' title='bbox 3291 1200 3511 1258; x_wconf 85' lang='lat' dir='ltr'><strong>cecine-</strong></span> 
     </span>
    </p>
   </div>
   <div class='ocr_carea' id='block_1_68' title="bbox 1860 1285 3514 1355">
    <p class='ocr_par' dir='ltr' id='par_1_68' title="bbox 1860 1285 3514 1355">
     <span class='ocr_line' id='line_1_68' title="bbox 1860 1285 3514 1355; baseline 0.004 -15"><span class='ocrx_word' id='word_1_491' title='bbox 1860 1291 1998 1341; x_wconf 91' lang='lat' dir='ltr'><strong>runt</strong></span> <span class='ocrx_word' id='word_1_492' title='bbox 2029 1285 2246 1354; x_wconf 82' lang='lat' dir='ltr'><strong>angeli,</strong></span> <span class='ocrx_word' id='word_1_493' title='bbox 2287 1285 2548 1341; x_wconf 85' lang='lat' dir='ltr'><strong>dicentes</strong></span> <span class='ocrx_word' id='word_1_494' title='bbox 2591 1301 2604 1342; x_wconf 90' lang='lat'><strong>:</strong></span> <span class='ocrx_word' id='word_1_495' title='bbox 2640 1287 2840 1343; x_wconf 84' lang='lat' dir='ltr'><strong>Gloria</strong></span> <span class='ocrx_word' id='word_1_496' title='bbox 2871 1288 2935 1343; x_wconf 75' lang='lat' dir='ltr'><strong>in</strong></span> <span class='ocrx_word' id='word_1_497' title='bbox 2961 1287 3252 1345; x_wconf 75' lang='lat' dir='ltr'><strong>altissimis</strong></span> <span class='ocrx_word' id='word_1_498' title='bbox 3292 1290 3426 1355; x_wconf 88' lang='lat' dir='ltr'><strong>Deo,</strong></span> <span class='ocrx_word' id='word_1_499' title='bbox 3460 1296 3514 1347; x_wconf 88' lang='lat' dir='ltr'><strong>et</strong></span> 
     </span>
    </p>
   </div>
   <div class='ocr_carea' id='block_1_69' title="bbox 1860 1374 3512 1448">
    <p class='ocr_par' dir='ltr' id='par_1_69' title="bbox 1860 1374 3512 1448">
     <span class='ocr_line' id='line_1_69' title="bbox 1860 1374 3512 1448; baseline 0.004 -19"><span class='ocrx_word' id='word_1_500' title='bbox 1860 1375 1923 1430; x_wconf 84' lang='lat' dir='ltr'><strong>in</strong></span> <span class='ocrx_word' id='word_1_501' title='bbox 1951 1381 2111 1430; x_wconf 78' lang='lat' dir='ltr'><strong>terra</strong></span> <span class='ocrx_word' id='word_1_502' title='bbox 2132 1390 2270 1445; x_wconf 74' lang='lat' dir='ltr'><strong>pax,</strong></span> <span class='ocrx_word' id='word_1_503' title='bbox 2316 1376 2375 1430; x_wconf 79' lang='lat' dir='ltr'><strong>in</strong></span> <span class='ocrx_word' id='word_1_504' title='bbox 2403 1374 2733 1431; x_wconf 78' lang='lat' dir='ltr'><strong>hominibus</strong></span> <span class='ocrx_word' id='word_1_505' title='bbox 2768 1376 3189 1448; x_wconf 83' lang='lat' dir='ltr'><strong>beneplacilum</strong></span> <span class='ocrx_word' id='word_1_506' title='bbox 3212 1381 3279 1443; x_wconf 80' lang='lat'><strong>°°,</strong></span> <span class='ocrx_word' id='word_1_507' title='bbox 3309 1378 3368 1434; x_wconf 93' lang='lat' dir='ltr'><strong>id</strong></span> <span class='ocrx_word' id='word_1_508' title='bbox 3401 1382 3512 1445; x_wconf 90' lang='lat' dir='ltr'><strong>est,</strong></span> 
     </span>
    </p>
   </div>
   <div class='ocr_carea' id='block_1_70' title="bbox 1861 1461 3518 1525">
    <p class='ocr_par' dir='ltr' id='par_1_70' title="bbox 1861 1461 3518 1525">
     <span class='ocr_line' id='line_1_70' title="bbox 1861 1461 3518 1525; baseline 0.002 -6"><span class='ocrx_word' id='word_1_509' title='bbox 1861 1463 2024 1519; x_wconf 85' lang='lat' dir='ltr'><strong>bona</strong></span> <span class='ocrx_word' id='word_1_510' title='bbox 2054 1461 2349 1519; x_wconf 87' lang='lat' dir='ltr'><strong>voluntas.</strong></span> <span class='ocrx_word' id='word_1_511' title='bbox 2386 1464 2547 1520; x_wconf 91' lang='lat' dir='ltr'><strong>Bona</strong></span> <span class='ocrx_word' id='word_1_512' title='bbox 2565 1469 2761 1520; x_wconf 90' lang='lat' dir='ltr'><strong>autem</strong></span> <span class='ocrx_word' id='word_1_513' title='bbox 2795 1465 3064 1522; x_wconf 82' lang='lat' dir='ltr'><strong>voluntas</strong></span> <span class='ocrx_word' id='word_1_514' title='bbox 3093 1472 3214 1525; x_wconf 81' lang='lat' dir='ltr'><strong>erat</strong></span> <span class='ocrx_word' id='word_1_515' title='bbox 3241 1471 3305 1523; x_wconf 90' lang='lat' dir='ltr'><strong>ut</strong></span> <span class='ocrx_word' id='word_1_516' title='bbox 3333 1467 3518 1523; x_wconf 89' lang='lat' dir='ltr'><strong>homi-</strong></span> 
     </span>
    </p>
   </div>
   <div class='ocr_carea' id='block_1_71' title="bbox 1862 1551 3514 1630">
    <p class='ocr_par' dir='ltr' id='par_1_71' title="bbox 1862 1551 3514 1630">
     <span class='ocr_line' id='line_1_71' title="bbox 1862 1551 3514 1630; baseline 0.004 -23"><span class='ocrx_word' id='word_1_517' title='bbox 1862 1567 1970 1607; x_wconf 88' lang='lat' dir='ltr'><strong>nes</strong></span> <span class='ocrx_word' id='word_1_518' title='bbox 1997 1551 2372 1608; x_wconf 87' lang='lat' dir='ltr'><strong>salvarentur</strong></span> <span class='ocrx_word' id='word_1_519' title='bbox 2398 1551 2531 1609; x_wconf 90' lang='lat' dir='ltr'><strong>ideo</strong></span> <span class='ocrx_word' id='word_1_520' title='bbox 2558 1569 2717 1609; x_wconf 92' lang='lat' dir='ltr'><strong>nunc</strong></span> <span class='ocrx_word' id='word_1_521' title='bbox 2741 1553 2882 1610; x_wconf 87' lang='lat' dir='ltr'><strong>dicit</strong></span> <span class='ocrx_word' id='word_1_522' title='bbox 2909 1571 2922 1609; x_wconf 91' lang='lat'>:</span> <span class='ocrx_word' id='word_1_523' title='bbox 2950 1555 3048 1611; x_wconf 81' lang='lat' dir='ltr'><strong>Hic</strong></span> <span class='ocrx_word' id='word_1_524' title='bbox 3074 1556 3246 1622; x_wconf 88' lang='lat' dir='ltr'><strong>est,in</strong></span> <span class='ocrx_word' id='word_1_525' title='bbox 3265 1572 3384 1630; x_wconf 90' lang='lat' dir='ltr'><strong>quo</strong></span> <span class='ocrx_word' id='word_1_526' title='bbox 3407 1555 3514 1613; x_wconf 90' lang='lat' dir='ltr'><strong>ho-</strong></span> 
     </span>
    </p>
   </div>
   <div class='ocr_carea' id='block_1_72' title="bbox 1865 1641 3514 1718">
    <p class='ocr_par' dir='ltr' id='par_1_72' title="bbox 1865 1641 3514 1718">
     <span class='ocr_line' id='line_1_72' title="bbox 1865 1641 3514 1718; baseline 0.005 -23"><span class='ocrx_word' id='word_1_527' title='bbox 1865 1641 2128 1696; x_wconf 89' lang='lat' dir='ltr'><strong>minibus</strong></span> <span class='ocrx_word' id='word_1_528' title='bbox 2152 1643 2313 1698; x_wconf 90' lang='lat' dir='ltr'><strong>bona</strong></span> <span class='ocrx_word' id='word_1_529' title='bbox 2336 1642 2514 1708; x_wconf 89' lang='lat' dir='ltr'><strong>volui,</strong></span> <span class='ocrx_word' id='word_1_530' title='bbox 2550 1642 2664 1700; x_wconf 92' lang='lat' dir='ltr'><strong>hoc</strong></span> <span class='ocrx_word' id='word_1_531' title='bbox 2696 1648 2802 1710; x_wconf 86' lang='lat' dir='ltr'><strong>est,</strong></span> <span class='ocrx_word' id='word_1_532' title='bbox 2831 1660 2937 1716; x_wconf 91' lang='lat' dir='ltr'><strong>per</strong></span> <span class='ocrx_word' id='word_1_533' title='bbox 2975 1661 3157 1718; x_wconf 86' lang='lat' dir='ltr'><strong>quem</strong></span> <span class='ocrx_word' id='word_1_534' title='bbox 3191 1650 3283 1703; x_wconf 89' lang='lat' dir='ltr'><strong>est</strong></span> <span class='ocrx_word' id='word_1_535' title='bbox 3309 1644 3514 1703; x_wconf 89' lang='lat' dir='ltr'><strong>homi-</strong></span> 
     </span>
    </p>
   </div>
   <div class='ocr_carea' id='block_1_73' title="bbox 1865 1730 2222 1787">
    <p class='ocr_par' dir='ltr' id='par_1_73' title="bbox 1865 1730 2222 1787">
     <span class='ocr_line' id='line_1_73' title="bbox 1865 1730 2222 1787; baseline 0 -1"><span class='ocrx_word' id='word_1_536' title='bbox 1865 1746 2013 1786; x_wconf 89' lang='lat' dir='ltr'><strong>num</strong></span> <span class='ocrx_word' id='word_1_537' title='bbox 2043 1730 2222 1787; x_wconf 88' lang='lat' dir='ltr'><strong>salus.</strong></span> 
     </span>
    </p>
   </div>
   <div class='ocr_carea' id='block_1_74' title="bbox 1939 1907 3522 1984">
    <p class='ocr_par' dir='ltr' id='par_1_74' title="bbox 1939 1907 3522 1984">
     <span class='ocr_line' id='line_1_74' title="bbox 1939 1907 3522 1984; baseline 0.004 -21"><span class='ocrx_word' id='word_1_538' title='bbox 1939 1907 2082 1980; x_wconf 89' lang='lat' dir='ltr'><strong>Cap.</strong></span> <span class='ocrx_word' id='word_1_539' title='bbox 2107 1907 2203 1976; x_wconf 89' lang='lat' dir='ltr'><strong>IV,</strong></span> <span class='ocrx_word' id='word_1_540' title='bbox 2225 1924 2284 1964; x_wconf 87' lang='lat' dir='ltr'><strong>v.</strong></span> <span class='ocrx_word' id='word_1_541' title='bbox 2313 1909 2362 1964; x_wconf 88' lang='grc'><strong>1.</strong></span> <span class='ocrx_word' id='word_1_542' title='bbox 2399 1908 2558 1965; x_wconf 84' lang='lat' dir='ltr'><strong>Tunc</strong></span> <span class='ocrx_word' id='word_1_543' title='bbox 2586 1938 2657 1950; x_wconf 98' lang='lat'><strong>—</strong></span> <span class='ocrx_word' id='word_1_544' title='bbox 2685 1924 2721 1966; x_wconf 84' lang='grc' dir='ltr'><strong>α</strong></span> <span class='ocrx_word' id='word_1_545' title='bbox 2749 1909 3002 1968; x_wconf 69' lang='lat' dir='ltr'><strong>diabolo.</strong></span> <span class='ocrx_word' id='word_1_546' title='bbox 3042 1913 3363 1984; x_wconf 87' lang='lat' dir='ltr'><strong>Postquam</strong></span> <span class='ocrx_word' id='word_1_547' title='bbox 3392 1915 3522 1970; x_wconf 85' lang='lat' dir='ltr'><strong>tan-</strong></span> 
     </span>
    </p>
   </div>
   <div class='ocr_carea' id='block_1_75' title="bbox 1865 1996 3523 2068">
    <p class='ocr_par' dir='ltr' id='par_1_75' title="bbox 1865 1996 3523 2068">
     <span class='ocr_line' id='line_1_75' title="bbox 1865 1996 3523 2068; baseline 0.004 -17"><span class='ocrx_word' id='word_1_548' title='bbox 1865 2011 2053 2068; x_wconf 88' lang='lat' dir='ltr'><strong>quam</strong></span> <span class='ocrx_word' id='word_1_549' title='bbox 2078 1996 2260 2052; x_wconf 93' lang='lat' dir='ltr'><strong>homo</strong></span> <span class='ocrx_word' id='word_1_550' title='bbox 2285 1997 2488 2053; x_wconf 88' lang='lat' dir='ltr'><strong>omnia</strong></span> <span class='ocrx_word' id='word_1_551' title='bbox 2508 1996 2584 2052; x_wconf 91' lang='lat' dir='ltr'><strong>ad</strong></span> <span class='ocrx_word' id='word_1_552' title='bbox 2609 1996 2921 2056; x_wconf 90' lang='lat' dir='ltr'><strong>hominum</strong></span> <span class='ocrx_word' id='word_1_553' title='bbox 2951 1999 3283 2057; x_wconf 83' lang='lat' dir='ltr'><strong>doctrinam</strong></span> <span class='ocrx_word' id='word_1_554' title='bbox 3308 2001 3361 2058; x_wconf 86' lang='lat' dir='ltr'><strong>et</strong></span> <span class='ocrx_word' id='word_1_555' title='bbox 3387 2000 3523 2058; x_wconf 79' lang='lat' dir='ltr'><strong>fecit</strong></span> 
     </span>
    </p>
   </div>
   <div class='ocr_carea' id='block_1_76' title="bbox 1867 2083 3522 2161">
    <p class='ocr_par' dir='ltr' id='par_1_76' title="bbox 1867 2083 3522 2161">
     <span class='ocr_line' id='line_1_76' title="bbox 1867 2083 3522 2161; baseline 0.004 -21"><span class='ocrx_word' id='word_1_556' title='bbox 1867 2090 1923 2140; x_wconf 88' lang='lat' dir='ltr'><strong>et</strong></span> <span class='ocrx_word' id='word_1_557' title='bbox 1951 2083 2096 2149; x_wconf 90' lang='lat' dir='ltr'><strong>tulit,</strong></span> <span class='ocrx_word' id='word_1_558' title='bbox 2120 2087 2508 2156; x_wconf 88' lang='lat' dir='ltr'><strong>semetipsum</strong></span> <span class='ocrx_word' id='word_1_559' title='bbox 2525 2091 2658 2157; x_wconf 91' lang='lat' dir='ltr'><strong>post</strong></span> <span class='ocrx_word' id='word_1_560' title='bbox 2673 2087 3039 2160; x_wconf 79' lang='lat' dir='ltr'><strong>baptismum</strong></span> <span class='ocrx_word' id='word_1_561' title='bbox 3057 2089 3290 2161; x_wconf 82' lang='lat' dir='ltr'><strong>Spiritui</strong></span> <span class='ocrx_word' id='word_1_562' title='bbox 3312 2093 3522 2147; x_wconf 87' lang='lat' dir='ltr'><strong>sancto</strong></span> 
     </span>
    </p>
   </div>
   <div class='ocr_carea' id='block_1_77' title="bbox 1869 2173 3517 2250">
    <p class='ocr_par' dir='ltr' id='par_1_77' title="bbox 1869 2173 3517 2250">
     <span class='ocr_line' id='line_1_77' title="bbox 1869 2173 3517 2250; baseline 0.003 -22"><span class='ocrx_word' id='word_1_563' title='bbox 1869 2173 2064 2236; x_wconf 84' lang='lat' dir='ltr'><strong>tradit,</strong></span> <span class='ocrx_word' id='word_1_564' title='bbox 2097 2178 2160 2229; x_wconf 90' lang='lat' dir='ltr'><strong>ut</strong></span> <span class='ocrx_word' id='word_1_565' title='bbox 2186 2173 2265 2229; x_wconf 91' lang='lat' dir='ltr'><strong>ab</strong></span> <span class='ocrx_word' id='word_1_566' title='bbox 2294 2189 2364 2229; x_wconf 88' lang='lat' dir='ltr'><strong>eo</strong></span> <span class='ocrx_word' id='word_1_567' title='bbox 2407 2174 2678 2241; x_wconf 79' lang='lat' dir='ltr'><strong>ducatur,</strong></span> <span class='ocrx_word' id='word_1_568' title='bbox 2723 2192 3084 2250; x_wconf 90' lang='lat' dir='ltr'><strong>quocunque</strong></span> <span class='ocrx_word' id='word_1_569' title='bbox 3135 2177 3230 2235; x_wconf 89' lang='lat' dir='ltr'><strong>ille</strong></span> <span class='ocrx_word' id='word_1_570' title='bbox 3255 2177 3517 2250; x_wconf 80' lang='lat' dir='ltr'><strong>jusserit.</strong></span> 
     </span>
    </p>
   </div>
   <div class='ocr_carea' id='block_1_78' title="bbox 1869 2261 3524 2339">
    <p class='ocr_par' dir='ltr' id='par_1_78' title="bbox 1869 2261 3524 2339">
     <span class='ocr_line' id='line_1_78' title="bbox 1869 2261 3524 2339; baseline 0.004 -23"><span class='ocrx_word' id='word_1_571' title='bbox 1869 2262 2108 2317; x_wconf 89' lang='lat' dir='ltr'><strong>Ducitur</strong></span> <span class='ocrx_word' id='word_1_572' title='bbox 2129 2266 2328 2318; x_wconf 91' lang='lat' dir='ltr'><strong>autem</strong></span> <span class='ocrx_word' id='word_1_573' title='bbox 2356 2261 2416 2317; x_wconf 91' lang='lat' dir='ltr'><strong>in</strong></span> <span class='ocrx_word' id='word_1_574' title='bbox 2441 2261 2766 2331; x_wconf 87' lang='lat' dir='ltr'><strong>desertum,</strong></span> <span class='ocrx_word' id='word_1_575' title='bbox 2800 2270 2919 2321; x_wconf 89' lang='lat' dir='ltr'><strong>uta</strong></span> <span class='ocrx_word' id='word_1_576' title='bbox 2942 2265 3187 2322; x_wconf 86' lang='lat' dir='ltr'><strong>diabolo</strong></span> <span class='ocrx_word' id='word_1_577' title='bbox 3216 2281 3524 2339; x_wconf 89' lang='lat' dir='ltr'><strong>oppugne-</strong></span> 
     </span>
    </p>
   </div>
   <div class='ocr_carea' id='block_1_79' title="bbox 1870 2350 3525 2427">
    <p class='ocr_par' dir='ltr' id='par_1_79' title="bbox 1870 2350 3525 2427">
     <span class='ocr_line' id='line_1_79' title="bbox 1870 2350 3525 2427; baseline 0.002 -20"><span class='ocrx_word' id='word_1_578' title='bbox 1870 2355 1984 2415; x_wconf 92' lang='lat' dir='ltr'><strong>tur,</strong></span> <span class='ocrx_word' id='word_1_579' title='bbox 2005 2355 2150 2407; x_wconf 79' lang='lat' dir='ltr'><strong>utet</strong></span> <span class='ocrx_word' id='word_1_580' title='bbox 2179 2356 2240 2407; x_wconf 94' lang='lat' dir='ltr'><strong>tu</strong></span> <span class='ocrx_word' id='word_1_581' title='bbox 2259 2355 2394 2422; x_wconf 85' lang='lat' dir='ltr'><strong>post</strong></span> <span class='ocrx_word' id='word_1_582' title='bbox 2412 2350 2781 2422; x_wconf 85' lang='lat' dir='ltr'><strong>baptismum</strong></span> <span class='ocrx_word' id='word_1_583' title='bbox 2807 2368 3188 2426; x_wconf 88' lang='lat' dir='ltr'><strong>nequaquam</strong></span> <span class='ocrx_word' id='word_1_584' title='bbox 3220 2356 3303 2411; x_wconf 91' lang='lat' dir='ltr'><strong>tui</strong></span> <span class='ocrx_word' id='word_1_585' title='bbox 3338 2355 3525 2427; x_wconf 87' lang='lat' dir='ltr'><strong>ipsius</strong></span> 
     </span>
    </p>
   </div>
   <div class='ocr_carea' id='block_1_80' title="bbox 1871 2437 3526 2515">
    <p class='ocr_par' dir='ltr' id='par_1_80' title="bbox 1871 2437 3526 2515">
     <span class='ocr_line' id='line_1_80' title="bbox 1871 2437 3526 2515; baseline 0.003 -21"><span class='ocrx_word' id='word_1_586' title='bbox 1871 2438 2081 2494; x_wconf 90' lang='lat' dir='ltr'><strong>ductor</strong></span> <span class='ocrx_word' id='word_1_587' title='bbox 2095 2437 2302 2504; x_wconf 90' lang='lat' dir='ltr'><strong>sis,sed</strong></span> <span class='ocrx_word' id='word_1_588' title='bbox 2318 2438 2556 2495; x_wconf 88' lang='lat' dir='ltr'><strong>ducaris</strong></span> <span class='ocrx_word' id='word_1_589' title='bbox 2573 2440 2771 2511; x_wconf 88' lang='lat' dir='ltr'><strong>potius</strong></span> <span class='ocrx_word' id='word_1_590' title='bbox 2801 2456 2838 2498; x_wconf 91' lang='lat' dir='ltr'><strong>a</strong></span> <span class='ocrx_word' id='word_1_591' title='bbox 2863 2442 3081 2513; x_wconf 88' lang='lat' dir='ltr'><strong>Spiritu</strong></span> <span class='ocrx_word' id='word_1_592' title='bbox 3093 2446 3148 2500; x_wconf 89' lang='lat' dir='ltr'><strong>et</strong></span> <span class='ocrx_word' id='word_1_593' title='bbox 3167 2446 3300 2514; x_wconf 90' lang='lat' dir='ltr'><strong>post</strong></span> <span class='ocrx_word' id='word_1_594' title='bbox 3316 2442 3526 2515; x_wconf 88' lang='lat' dir='ltr'><strong>baptis-</strong></span> 
     </span>
    </p>
   </div>
   <div class='ocr_carea' id='block_1_81' title="bbox 1871 2526 3526 2589">
    <p class='ocr_par' dir='ltr' id='par_1_81' title="bbox 1871 2526 3526 2589">
     <span class='ocr_line' id='line_1_81' title="bbox 1871 2526 3526 2589; baseline 0.004 -6"><span class='ocrx_word' id='word_1_595' title='bbox 1871 2543 2038 2583; x_wconf 88' lang='lat' dir='ltr'><strong>mum</strong></span> <span class='ocrx_word' id='word_1_596' title='bbox 2065 2526 2124 2583; x_wconf 91' lang='lat' dir='ltr'><strong>in</strong></span> <span class='ocrx_word' id='word_1_597' title='bbox 2154 2527 2504 2584; x_wconf 89' lang='lat' dir='ltr'><strong>tentationes</strong></span> <span class='ocrx_word' id='word_1_598' title='bbox 2533 2527 2798 2584; x_wconf 86' lang='lat' dir='ltr'><strong>incidens</strong></span> <span class='ocrx_word' id='word_1_599' title='bbox 2828 2544 2950 2586; x_wconf 90' lang='lat' dir='ltr'><strong>non</strong></span> <span class='ocrx_word' id='word_1_600' title='bbox 2981 2531 3253 2588; x_wconf 77' lang='lat' dir='ltr'><strong>turbaris.</strong></span> <span class='ocrx_word' id='word_1_601' title='bbox 3291 2531 3381 2586; x_wconf 79' lang='lat' dir='ltr'><strong>Ad</strong></span> <span class='ocrx_word' id='word_1_602' title='bbox 3410 2531 3526 2589; x_wconf 87' lang='lat' dir='ltr'><strong>hoc</strong></span> 
     </span>
    </p>
   </div>
   <div class='ocr_carea' id='block_1_82' title="bbox 1872 2616 3526 2694">
    <p class='ocr_par' dir='ltr' id='par_1_82' title="bbox 1872 2616 3526 2694">
     <span class='ocr_line' id='line_1_82' title="bbox 1872 2616 3526 2694; baseline 0.002 -21"><span class='ocrx_word' id='word_1_603' title='bbox 1872 2616 2032 2673; x_wconf 90' lang='lat' dir='ltr'><strong>enim</strong></span> <span class='ocrx_word' id='word_1_604' title='bbox 2061 2619 2328 2672; x_wconf 88' lang='lat' dir='ltr'><strong>armatus</strong></span> <span class='ocrx_word' id='word_1_605' title='bbox 2375 2631 2455 2681; x_wconf 91' lang='lat' dir='ltr'><strong>es,</strong></span> <span class='ocrx_word' id='word_1_606' title='bbox 2489 2621 2554 2672; x_wconf 92' lang='lat' dir='ltr'><strong>ut</strong></span> <span class='ocrx_word' id='word_1_607' title='bbox 2583 2617 2887 2690; x_wconf 75' lang='lat' dir='ltr'><strong>praelieris.</strong></span> <span class='ocrx_word' id='word_1_608' title='bbox 2933 2621 2999 2676; x_wconf 86' lang='lat' dir='ltr'><strong>Et</strong></span> <span class='ocrx_word' id='word_1_609' title='bbox 3037 2619 3180 2676; x_wconf 90' lang='lat' dir='ltr'><strong>hinc</strong></span> <span class='ocrx_word' id='word_1_610' title='bbox 3221 2625 3328 2686; x_wconf 90' lang='lat' dir='ltr'><strong>est,</strong></span> <span class='ocrx_word' id='word_1_611' title='bbox 3360 2617 3526 2694; x_wconf 91' lang='lat' dir='ltr'><strong>quod</strong></span> 
     </span>
    </p>
   </div>
   <div class='ocr_carea' id='block_1_83' title="bbox 1872 2706 3527 2782">
    <p class='ocr_par' dir='ltr' id='par_1_83' title="bbox 1872 2706 3527 2782">
     <span class='ocr_line' id='line_1_83' title="bbox 1872 2706 3527 2782; baseline 0.003 -19"><span class='ocrx_word' id='word_1_612' title='bbox 1872 2706 2216 2763; x_wconf 89' lang='lat' dir='ltr'><strong>accedentes</strong></span> <span class='ocrx_word' id='word_1_613' title='bbox 2244 2708 2595 2763; x_wconf 90' lang='lat' dir='ltr'><strong>tentationes</strong></span> <span class='ocrx_word' id='word_1_614' title='bbox 2624 2709 2776 2764; x_wconf 92' lang='lat' dir='ltr'><strong>Deus</strong></span> <span class='ocrx_word' id='word_1_615' title='bbox 2807 2723 2923 2764; x_wconf 91' lang='lat' dir='ltr'><strong>non</strong></span> <span class='ocrx_word' id='word_1_616' title='bbox 2948 2710 3242 2782; x_wconf 89' lang='lat' dir='ltr'><strong>prohibet.</strong></span> <span class='ocrx_word' id='word_1_617' title='bbox 3268 2709 3527 2768; x_wconf 85' lang='lat' dir='ltr'><strong>Primum</strong></span> 
     </span>
    </p>
   </div>
   <div class='ocr_carea' id='block_1_84' title="bbox 1870 2794 3528 2872">
    <p class='ocr_par' dir='ltr' id='par_1_84' title="bbox 1870 2794 3528 2872">
     <span class='ocr_line' id='line_1_84' title="bbox 1870 2794 3528 2872; baseline 0.004 -22"><span class='ocrx_word' id='word_1_618' title='bbox 1870 2795 2138 2868; x_wconf 88' lang='lat' dir='ltr'><strong>quidem,</strong></span> <span class='ocrx_word' id='word_1_619' title='bbox 2199 2800 2262 2850; x_wconf 92' lang='lat' dir='ltr'><strong>ut</strong></span> <span class='ocrx_word' id='word_1_620' title='bbox 2308 2794 2580 2852; x_wconf 88' lang='lat' dir='ltr'><strong>virtutem</strong></span> <span class='ocrx_word' id='word_1_621' title='bbox 2631 2802 2970 2864; x_wconf 77' lang='lat' dir='ltr'><strong>armaturae,</strong></span> <span class='ocrx_word' id='word_1_622' title='bbox 3016 2815 3138 2872; x_wconf 91' lang='lat' dir='ltr'><strong>qua</strong></span> <span class='ocrx_word' id='word_1_623' title='bbox 3171 2799 3413 2855; x_wconf 88' lang='lat' dir='ltr'><strong>indutus</strong></span> <span class='ocrx_word' id='word_1_624' title='bbox 3465 2815 3528 2856; x_wconf 91' lang='lat' dir='ltr'><strong>es</strong></span> 
     </span>
    </p>
   </div>
   <div class='ocr_carea' id='block_1_85' title="bbox 1873 2884 3528 2962">
    <p class='ocr_par' dir='ltr' id='par_1_85' title="bbox 1873 2884 3528 2962">
     <span class='ocr_line' id='line_1_85' title="bbox 1873 2884 3528 2962; baseline 0.003 -22"><span class='ocrx_word' id='word_1_625' title='bbox 1873 2901 2183 2956; x_wconf 83' lang='lat' dir='ltr'><strong>agnoscas.</strong></span> <span class='ocrx_word' id='word_1_626' title='bbox 2216 2884 2433 2940; x_wconf 88' lang='lat' dir='ltr'><strong>Deinde</strong></span> <span class='ocrx_word' id='word_1_627' title='bbox 2461 2889 2523 2940; x_wconf 91' lang='lat' dir='ltr'><strong>ut</strong></span> <span class='ocrx_word' id='word_1_628' title='bbox 2543 2884 2758 2943; x_wconf 87' lang='lat' dir='ltr'><strong>bellare</strong></span> <span class='ocrx_word' id='word_1_629' title='bbox 2787 2887 3006 2943; x_wconf 87' lang='lat' dir='ltr'><strong>discas.</strong></span> <span class='ocrx_word' id='word_1_630' title='bbox 3039 2889 3127 2944; x_wconf 83' lang='lat' dir='ltr'><strong>Ad</strong></span> <span class='ocrx_word' id='word_1_631' title='bbox 3152 2889 3280 2945; x_wconf 67' lang='lat' dir='ltr'><strong>haec</strong></span> <span class='ocrx_word' id='word_1_632' title='bbox 3311 2894 3375 2946; x_wconf 93' lang='lat' dir='ltr'><strong>ut</strong></span> <span class='ocrx_word' id='word_1_633' title='bbox 3394 2903 3528 2962; x_wconf 87' lang='lat' dir='ltr'><strong>pro-</strong></span> 
     </span>
    </p>
   </div>
   <div class='ocr_carea' id='block_1_86' title="bbox 1873 2974 3527 3036">
    <p class='ocr_par' dir='ltr' id='par_1_86' title="bbox 1873 2974 3527 3036">
     <span class='ocr_line' id='line_1_86' title="bbox 1873 2974 3527 3036; baseline 0.002 -4"><span class='ocrx_word' id='word_1_634' title='bbox 1873 2976 2050 3032; x_wconf 87' lang='lat' dir='ltr'><strong>batus</strong></span> <span class='ocrx_word' id='word_1_635' title='bbox 2081 2974 2212 3029; x_wconf 84' lang='lat' dir='ltr'><strong>tias.</strong></span> <span class='ocrx_word' id='word_1_636' title='bbox 2247 2976 2525 3031; x_wconf 81' lang='lat' dir='ltr'><strong>Praeterea</strong></span> <span class='ocrx_word' id='word_1_637' title='bbox 2569 2979 2631 3031; x_wconf 91' lang='lat' dir='ltr'><strong>ut</strong></span> <span class='ocrx_word' id='word_1_638' title='bbox 2669 2975 2784 3032; x_wconf 87' lang='lat' dir='ltr'><strong>hoc</strong></span> <span class='ocrx_word' id='word_1_639' title='bbox 2822 2976 3006 3033; x_wconf 91' lang='lat' dir='ltr'><strong>modo</strong></span> <span class='ocrx_word' id='word_1_640' title='bbox 3049 2993 3170 3034; x_wconf 93' lang='lat' dir='ltr'><strong>non</strong></span> <span class='ocrx_word' id='word_1_641' title='bbox 3201 2977 3527 3036; x_wconf 82' lang='lat' dir='ltr'><strong>extollaris.</strong></span> 
     </span>
    </p>
   </div>
   <div class='ocr_carea' id='block_1_87' title="bbox 1872 3063 3529 3133">
    <p class='ocr_par' dir='ltr' id='par_1_87' title="bbox 1872 3063 3529 3133">
     <span class='ocr_line' id='line_1_87' title="bbox 1872 3063 3529 3133; baseline 0.002 -15"><span class='ocrx_word' id='word_1_642' title='bbox 1872 3065 2124 3120; x_wconf 87' lang='lat' dir='ltr'><strong>Demum</strong></span> <span class='ocrx_word' id='word_1_643' title='bbox 2169 3067 2234 3118; x_wconf 90' lang='lat' dir='ltr'><strong>ut</strong></span> <span class='ocrx_word' id='word_1_644' title='bbox 2278 3063 2430 3118; x_wconf 91' lang='lat' dir='ltr'><strong>scias</strong></span> <span class='ocrx_word' id='word_1_645' title='bbox 2460 3078 2750 3133; x_wconf 89' lang='lat' dir='ltr'><strong>magnum</strong></span> <span class='ocrx_word' id='word_1_646' title='bbox 2798 3065 2906 3120; x_wconf 87' lang='lat' dir='ltr'><strong>tibi</strong></span> <span class='ocrx_word' id='word_1_647' title='bbox 2945 3066 3350 3122; x_wconf 91' lang='lat' dir='ltr'><strong>concreditum</strong></span> <span class='ocrx_word' id='word_1_648' title='bbox 3399 3083 3529 3122; x_wconf 85' lang='lat' dir='ltr'><strong>esse</strong></span> 
     </span>
    </p>
   </div>
   <div class='ocr_carea' id='block_1_88' title="bbox 1872 3153 3531 3228">
    <p class='ocr_par' dir='ltr' id='par_1_88' title="bbox 1872 3153 3531 3228">
     <span class='ocr_line' id='line_1_88' title="bbox 1872 3153 3531 3228; baseline 0 -18"><span class='ocrx_word' id='word_1_649' title='bbox 1872 3155 2243 3210; x_wconf 86' lang='lat' dir='ltr'><strong>thesaurum.</strong></span> <span class='ocrx_word' id='word_1_650' title='bbox 2279 3153 2392 3209; x_wconf 86' lang='lat' dir='ltr'><strong>Nisi</strong></span> <span class='ocrx_word' id='word_1_651' title='bbox 2419 3153 2580 3208; x_wconf 88' lang='lat' dir='ltr'><strong>enim</strong></span> <span class='ocrx_word' id='word_1_652' title='bbox 2609 3153 2689 3210; x_wconf 88' lang='lat' dir='ltr'><strong>ita</strong></span> <span class='ocrx_word' id='word_1_653' title='bbox 2717 3153 2934 3219; x_wconf 84' lang='lat' dir='ltr'><strong>fuisset,</strong></span> <span class='ocrx_word' id='word_1_654' title='bbox 2966 3171 3350 3228; x_wconf 91' lang='lat' dir='ltr'><strong>nequaquam</strong></span> <span class='ocrx_word' id='word_1_655' title='bbox 3380 3156 3531 3212; x_wconf 82' lang='lat' dir='ltr'><strong>frus-</strong></span> 
     </span>
    </p>
   </div>
   <div class='ocr_carea' id='block_1_89' title="bbox 1875 3241 3530 3314">
    <p class='ocr_par' dir='ltr' id='par_1_89' title="bbox 1875 3241 3530 3314">
     <span class='ocr_line' id='line_1_89' title="bbox 1875 3241 3530 3314; baseline 0.001 -16"><span class='ocrx_word' id='word_1_656' title='bbox 1875 3248 1964 3298; x_wconf 88' lang='lat' dir='ltr'><strong>tra</strong></span> <span class='ocrx_word' id='word_1_657' title='bbox 2016 3250 2211 3298; x_wconf 87' lang='lat' dir='ltr'><strong>tecum</strong></span> <span class='ocrx_word' id='word_1_658' title='bbox 2243 3241 2583 3314; x_wconf 85' lang='lat' dir='ltr'><strong>conﬂigeret</strong></span> <span class='ocrx_word' id='word_1_659' title='bbox 2611 3242 2906 3300; x_wconf 89' lang='lat' dir='ltr'><strong>inimicus.</strong></span> <span class='ocrx_word' id='word_1_660' title='bbox 2960 3245 3104 3300; x_wconf 86' lang='lat' dir='ltr'><strong>Nam</strong></span> <span class='ocrx_word' id='word_1_661' title='bbox 3146 3244 3249 3300; x_wconf 91' lang='lat' dir='ltr'><strong>ubi</strong></span> <span class='ocrx_word' id='word_1_662' title='bbox 3288 3243 3530 3301; x_wconf 83' lang='lat' dir='ltr'><strong>divitias</strong></span> 
     </span>
    </p>
   </div>
   <div class='ocr_carea' id='block_1_90' title="bbox 1877 3331 3038 3397">
    <p class='ocr_par' dir='ltr' id='par_1_90' title="bbox 1877 3331 3038 3397">
     <span class='ocr_line' id='line_1_90' title="bbox 1877 3331 3038 3397; baseline -0.001 -10"><span class='ocrx_word' id='word_1_663' title='bbox 1877 3331 2050 3397; x_wconf 89' lang='lat' dir='ltr'><strong>videt,</strong></span> <span class='ocrx_word' id='word_1_664' title='bbox 2081 3331 2161 3386; x_wconf 90' lang='lat' dir='ltr'><strong>ibi</strong></span> <span class='ocrx_word' id='word_1_665' title='bbox 2201 3331 2388 3386; x_wconf 90' lang='lat' dir='ltr'><strong>aciem</strong></span> <span class='ocrx_word' id='word_1_666' title='bbox 2415 3346 2486 3386; x_wconf 83' lang='lat' dir='ltr'><strong>ex</strong></span> <span class='ocrx_word' id='word_1_667' title='bbox 2508 3331 2756 3386; x_wconf 86' lang='lat' dir='ltr'><strong>adverso</strong></span> <span class='ocrx_word' id='word_1_668' title='bbox 2786 3331 3038 3386; x_wconf 86' lang='lat' dir='ltr'><strong>instruit.</strong></span> 
     </span>
    </p>
   </div>
   <div class='ocr_carea' id='block_1_91' title="bbox 1949 3419 3534 3494">
    <p class='ocr_par' dir='ltr' id='par_1_91' title="bbox 1949 3419 3534 3494">
     <span class='ocr_line' id='line_1_91' title="bbox 1949 3419 3534 3494; baseline 0.003 -20"><span class='ocrx_word' id='word_1_669' title='bbox 1949 3422 2168 3476; x_wconf 89' lang='lat' dir='ltr'><strong>Ductus</strong></span> <span class='ocrx_word' id='word_1_670' title='bbox 2195 3426 2281 3476; x_wconf 88' lang='lat' dir='ltr'><strong>est</strong></span> <span class='ocrx_word' id='word_1_671' title='bbox 2303 3426 2502 3476; x_wconf 89' lang='lat' dir='ltr'><strong>autem</strong></span> <span class='ocrx_word' id='word_1_672' title='bbox 2527 3420 2584 3474; x_wconf 91' lang='lat' dir='ltr'><strong>in</strong></span> <span class='ocrx_word' id='word_1_673' title='bbox 2614 3419 2918 3476; x_wconf 90' lang='lat' dir='ltr'><strong>desertum</strong></span> <span class='ocrx_word' id='word_1_674' title='bbox 2943 3421 3306 3476; x_wconf 76' lang='lat' dir='ltr'><strong>inaccessum</strong></span> <span class='ocrx_word' id='word_1_675' title='bbox 3334 3442 3345 3486; x_wconf 88' lang='lat'><strong>;</strong></span> <span class='ocrx_word' id='word_1_676' title='bbox 3369 3420 3534 3494; x_wconf 90' lang='lat' dir='ltr'><strong>quod</strong></span> 
     </span>
    </p>
   </div>
   <div class='ocr_carea' id='block_1_92' title="bbox 1878 3508 3535 3574">
    <p class='ocr_par' dir='ltr' id='par_1_92' title="bbox 1878 3508 3535 3574">
     <span class='ocr_line' id='line_1_92' title="bbox 1878 3508 3535 3574; baseline 0 -8"><span class='ocrx_word' id='word_1_677' title='bbox 1878 3509 2268 3567; x_wconf 80' lang='lat' dir='ltr'><strong>manifestans</strong></span> <span class='ocrx_word' id='word_1_678' title='bbox 2301 3512 2526 3565; x_wconf 86' lang='lat' dir='ltr'><strong>Marcus</strong></span> <span class='ocrx_word' id='word_1_679' title='bbox 2559 3511 2627 3574; x_wconf 83' lang='grc'><strong>⁶¹,</strong></span> <span class='ocrx_word' id='word_1_680' title='bbox 2660 3509 2801 3565; x_wconf 85' lang='lat' dir='ltr'><strong>dicit</strong></span> <span class='ocrx_word' id='word_1_681' title='bbox 2828 3511 3006 3565; x_wconf 87' lang='lat' dir='ltr'><strong>etiam</strong></span> <span class='ocrx_word' id='word_1_682' title='bbox 3050 3508 3230 3564; x_wconf 81' lang='lat' dir='ltr'><strong>fuisse</strong></span> <span class='ocrx_word' id='word_1_683' title='bbox 3269 3509 3350 3566; x_wconf 90' lang='lat' dir='ltr'><strong>ibi</strong></span> <span class='ocrx_word' id='word_1_684' title='bbox 3395 3526 3535 3567; x_wconf 89' lang='lat' dir='ltr'><strong>cum</strong></span> 
     </span>
    </p>
   </div>
   <div class='ocr_carea' id='block_1_93' title="bbox 1877 3597 3540 3672">
    <p class='ocr_par' dir='ltr' id='par_1_93' title="bbox 1877 3597 3540 3672">
     <span class='ocr_line' id='line_1_93' title="bbox 1877 3597 3540 3672; baseline -0.001 -17"><span class='ocrx_word' id='word_1_685' title='bbox 1877 3598 2106 3664; x_wconf 87' lang='lat' dir='ltr'><strong>bestiis,</strong></span> <span class='ocrx_word' id='word_1_686' title='bbox 2140 3599 2300 3654; x_wconf 90' lang='lat' dir='ltr'><strong>unde</strong></span> <span class='ocrx_word' id='word_1_687' title='bbox 2327 3598 2523 3669; x_wconf 88' lang='lat' dir='ltr'><strong>majus</strong></span> <span class='ocrx_word' id='word_1_688' title='bbox 2551 3614 2793 3670; x_wconf 89' lang='lat' dir='ltr'><strong>quoque</strong></span> <span class='ocrx_word' id='word_1_689' title='bbox 2819 3597 3043 3654; x_wconf 88' lang='lat' dir='ltr'><strong>bellum</strong></span> <span class='ocrx_word' id='word_1_690' title='bbox 3073 3598 3540 3672; x_wconf 56' lang='lat' dir='ltr'><strong>demonstratur.</strong></span> 
     </span>
    </p>
   </div>
   <div class='ocr_carea' id='block_1_94' title="bbox 1878 3685 3537 3759">
    <p class='ocr_par' dir='ltr' id='par_1_94' title="bbox 1878 3685 3537 3759">
     <span class='ocr_line' id='line_1_94' title="bbox 1878 3685 3537 3759; baseline 0.002 -17"><span class='ocrx_word' id='word_1_691' title='bbox 1878 3688 2046 3744; x_wconf 91' lang='lat' dir='ltr'><strong>Tunc</strong></span> <span class='ocrx_word' id='word_1_692' title='bbox 2072 3688 2228 3743; x_wconf 88' lang='lat' dir='ltr'><strong>enim</strong></span> <span class='ocrx_word' id='word_1_693' title='bbox 2263 3687 2451 3759; x_wconf 89' lang='lat' dir='ltr'><strong>magis</strong></span> <span class='ocrx_word' id='word_1_694' title='bbox 2481 3685 2649 3742; x_wconf 88' lang='lat' dir='ltr'><strong>irruit</strong></span> <span class='ocrx_word' id='word_1_695' title='bbox 2695 3685 2993 3756; x_wconf 89' lang='lat' dir='ltr'><strong>diabolus,</strong></span> <span class='ocrx_word' id='word_1_696' title='bbox 3050 3702 3188 3743; x_wconf 88' lang='lat' dir='ltr'><strong>cum</strong></span> <span class='ocrx_word' id='word_1_697' title='bbox 3236 3687 3537 3746; x_wconf 89' lang='lat' dir='ltr'><strong>hominem</strong></span> 
     </span>
    </p>
   </div>
   <div class='ocr_carea' id='block_1_95' title="bbox 1880 3775 3530 3850">
    <p class='ocr_par' dir='ltr' id='par_1_95' title="bbox 1880 3775 3530 3850">
     <span class='ocr_line' id='line_1_95' title="bbox 1880 3775 3530 3850; baseline 0.001 -16"><span class='ocrx_word' id='word_1_698' title='bbox 1880 3778 2070 3850; x_wconf 87' lang='lat' dir='ltr'><strong>magis</strong></span> <span class='ocrx_word' id='word_1_699' title='bbox 2092 3776 2305 3833; x_wconf 90' lang='lat' dir='ltr'><strong>viderit</strong></span> <span class='ocrx_word' id='word_1_700' title='bbox 2331 3775 2674 3848; x_wconf 87' lang='lat' dir='ltr'><strong>solitarium,</strong></span> <span class='ocrx_word' id='word_1_701' title='bbox 2695 3776 2976 3849; x_wconf 91' lang='lat' dir='ltr'><strong>omnique</strong></span> <span class='ocrx_word' id='word_1_702' title='bbox 3003 3777 3295 3849; x_wconf 85' lang='lat' dir='ltr'><strong>privatum</strong></span> <span class='ocrx_word' id='word_1_703' title='bbox 3317 3792 3530 3836; x_wconf 88' lang='lat' dir='ltr'><strong>conso-</strong></span> 
     </span>
    </p>
   </div>
   <div class='ocr_carea' id='block_1_96' title="bbox 1876 3866 2117 3922">
    <p class='ocr_par' dir='ltr' id='par_1_96' title="bbox 1876 3866 2117 3922">
     <span class='ocr_line' id='line_1_96' title="bbox 1876 3866 2117 3922; baseline 0.004 -2"><span class='ocrx_word' id='word_1_704' title='bbox 1876 3866 2117 3922; x_wconf 73' lang='lat' dir='ltr'><strong>laﬁone.</strong></span> 
     </span>
    </p>
   </div>
   <div class='ocr_carea' id='block_1_97' title="bbox 1948 3953 3532 4027">
    <p class='ocr_par' dir='ltr' id='par_1_97' title="bbox 1948 3953 3532 4027">
     <span class='ocr_line' id='line_1_97' title="bbox 1948 3953 3532 4027; baseline 0.002 -17"><span class='ocrx_word' id='word_1_705' title='bbox 1948 3957 2109 4011; x_wconf 84' lang='lat' dir='ltr'><strong>Vers.</strong></span> <span class='ocrx_word' id='word_1_706' title='bbox 2141 3954 2172 4008; x_wconf 75' lang='grc'>2</span> <span class='ocrx_word' id='word_1_707' title='bbox 2204 3955 2281 4011; x_wconf 87' lang='lat' dir='ltr'><strong>El</strong></span> <span class='ocrx_word' id='word_1_708' title='bbox 2311 3985 2378 3996; x_wconf 95' lang='lat'><strong><em>—</em></strong></span> <span class='ocrx_word' id='word_1_709' title='bbox 2409 3954 2631 4011; x_wconf 82' lang='lat' dir='ltr'><strong>esuriit.</strong></span> <span class='ocrx_word' id='word_1_710' title='bbox 2657 3953 2915 4010; x_wconf 89' lang='lat' dir='ltr'><strong>Primum</strong></span> <span class='ocrx_word' id='word_1_711' title='bbox 2933 3953 3246 4027; x_wconf 90' lang='lat' dir='ltr'><strong>jejunavit,</strong></span> <span class='ocrx_word' id='word_1_712' title='bbox 3278 3955 3532 4013; x_wconf 89' lang='lat' dir='ltr'><strong>innuens</strong></span> 
     </span>
    </p>
   </div>
   <div class='ocr_carea' id='block_1_98' title="bbox 1878 4043 3533 4117">
    <p class='ocr_par' dir='ltr' id='par_1_98' title="bbox 1878 4043 3533 4117">
     <span class='ocr_line' id='line_1_98' title="bbox 1878 4043 3533 4117; baseline 0.002 -19"><span class='ocrx_word' id='word_1_713' title='bbox 1878 4045 2042 4117; x_wconf 91' lang='lat' dir='ltr'><strong>quod</strong></span> <span class='ocrx_word' id='word_1_714' title='bbox 2089 4060 2375 4115; x_wconf 86' lang='lat' dir='ltr'><strong>magnum</strong></span> <span class='ocrx_word' id='word_1_715' title='bbox 2406 4043 2930 4116; x_wconf 88' lang='lat' dir='ltr'><strong>propugnaculum</strong></span> <span class='ocrx_word' id='word_1_716' title='bbox 2975 4043 3050 4100; x_wconf 89' lang='lat' dir='ltr'><strong>sit</strong></span> <span class='ocrx_word' id='word_1_717' title='bbox 3089 4043 3406 4117; x_wconf 89' lang='lat' dir='ltr'><strong>jejunium,</strong></span> <span class='ocrx_word' id='word_1_718' title='bbox 3439 4045 3533 4102; x_wconf 87' lang='lat' dir='ltr'><strong>his</strong></span> 
     </span>
    </p>
   </div>
   <div class='ocr_carea' id='block_1_99' title="bbox 1879 4133 3537 4207">
    <p class='ocr_par' dir='ltr' id='par_1_99' title="bbox 1879 4133 3537 4207">
     <span class='ocr_line' id='line_1_99' title="bbox 1879 4133 3537 4207; baseline 0.001 -19"><span class='ocrx_word' id='word_1_719' title='bbox 1879 4135 1980 4207; x_wconf 90' lang='lat' dir='ltr'><strong>qui</strong></span> <span class='ocrx_word' id='word_1_720' title='bbox 2014 4134 2273 4190; x_wconf 68' lang='lat' dir='ltr'><strong>daamoni</strong></span> <span class='ocrx_word' id='word_1_721' title='bbox 2315 4139 2662 4205; x_wconf 82' lang='lat' dir='ltr'><strong>repugnant.</strong></span> <span class='ocrx_word' id='word_1_722' title='bbox 2696 4136 2821 4189; x_wconf 87' lang='lat' dir='ltr'><strong>Non</strong></span> <span class='ocrx_word' id='word_1_723' title='bbox 2852 4133 3102 4188; x_wconf 79' lang='lat' dir='ltr'><strong>excessit</strong></span> <span class='ocrx_word' id='word_1_724' title='bbox 3133 4141 3332 4190; x_wconf 87' lang='lat' dir='ltr'><strong>autem</strong></span> <span class='ocrx_word' id='word_1_725' title='bbox 3375 4149 3537 4190; x_wconf 87' lang='lat' dir='ltr'><strong>men-</strong></span> 
     </span>
    </p>
   </div>
   <div class='ocr_carea' id='block_1_100' title="bbox 1881 4221 3534 4293">
    <p class='ocr_par' dir='ltr' id='par_1_100' title="bbox 1881 4221 3534 4293">
     <span class='ocr_line' id='line_1_100' title="bbox 1881 4221 3534 4293; baseline 0 -16"><span class='ocrx_word' id='word_1_726' title='bbox 1881 4237 2105 4285; x_wconf 88' lang='lat' dir='ltr'><strong>suram,</strong></span> <span class='ocrx_word' id='word_1_727' title='bbox 2151 4238 2333 4293; x_wconf 89' lang='lat' dir='ltr'><strong>quam</strong></span> <span class='ocrx_word' id='word_1_728' title='bbox 2368 4229 2504 4277; x_wconf 90' lang='lat' dir='ltr'><strong>ante</strong></span> <span class='ocrx_word' id='word_1_729' title='bbox 2533 4221 2736 4292; x_wconf 89' lang='lat' dir='ltr'><strong>ipsum</strong></span> <span class='ocrx_word' id='word_1_730' title='bbox 2767 4221 3039 4290; x_wconf 89' lang='lat' dir='ltr'><strong>attigerat</strong></span> <span class='ocrx_word' id='word_1_731' title='bbox 3086 4221 3260 4289; x_wconf 84' lang='lat' dir='ltr'><strong>Elias,</strong></span> <span class='ocrx_word' id='word_1_732' title='bbox 3298 4225 3354 4276; x_wconf 92' lang='lat' dir='ltr'><strong>et</strong></span> <span class='ocrx_word' id='word_1_733' title='bbox 3399 4226 3534 4277; x_wconf 84' lang='lat' dir='ltr'><strong>ante</strong></span> 
     </span>
    </p>
   </div>
   <div class='ocr_carea' id='block_1_101' title="bbox 1881 4309 3538 4380">
    <p class='ocr_par' dir='ltr' id='par_1_101' title="bbox 1881 4309 3538 4380">
     <span class='ocr_line' id='line_1_101' title="bbox 1881 4309 3538 4380; baseline -0.001 -15"><span class='ocrx_word' id='word_1_734' title='bbox 1881 4311 2051 4366; x_wconf 88' lang='lat' dir='ltr'><strong>illum</strong></span> <span class='ocrx_word' id='word_1_735' title='bbox 2073 4311 2281 4365; x_wconf 86' lang='lat' dir='ltr'><strong>Moses:</strong></span> <span class='ocrx_word' id='word_1_736' title='bbox 2302 4325 2376 4364; x_wconf 91' lang='lat' dir='ltr'><strong>ne</strong></span> <span class='ocrx_word' id='word_1_737' title='bbox 2393 4309 2670 4365; x_wconf 87' lang='lat' dir='ltr'><strong>virtutem</strong></span> <span class='ocrx_word' id='word_1_738' title='bbox 2683 4309 2964 4364; x_wconf 64' lang='lat' dir='ltr'><strong>humanae</strong></span> <span class='ocrx_word' id='word_1_739' title='bbox 2987 4312 3211 4364; x_wconf 63' lang='lat' dir='ltr'><strong>natura</strong></span> <span class='ocrx_word' id='word_1_740' title='bbox 3230 4322 3538 4380; x_wconf 85' lang='lat' dir='ltr'><strong>supergre-</strong></span> 
     </span>
    </p>
   </div>
   <div class='ocr_carea' id='block_1_102' title="bbox 1882 4396 3537 4465">
    <p class='ocr_par' dir='ltr' id='par_1_102' title="bbox 1882 4396 3537 4465">
     <span class='ocr_line' id='line_1_102' title="bbox 1882 4396 3537 4465; baseline -0.002 -10"><span class='ocrx_word' id='word_1_741' title='bbox 1882 4398 2071 4465; x_wconf 88' lang='lat' dir='ltr'><strong>diens,</strong></span> <span class='ocrx_word' id='word_1_742' title='bbox 2097 4397 2441 4453; x_wconf 87' lang='lat' dir='ltr'><strong>incredibile</strong></span> <span class='ocrx_word' id='word_1_743' title='bbox 2465 4397 2682 4453; x_wconf 86' lang='lat' dir='ltr'><strong>faceret</strong></span> <span class='ocrx_word' id='word_1_744' title='bbox 2699 4412 2760 4452; x_wconf 91' lang='lat' dir='ltr'><strong>se</strong></span> <span class='ocrx_word' id='word_1_745' title='bbox 2782 4396 3088 4452; x_wconf 90' lang='lat' dir='ltr'><strong>hominem</strong></span> <span class='ocrx_word' id='word_1_746' title='bbox 3115 4412 3242 4452; x_wconf 90' lang='lat' dir='ltr'><strong>esse</strong></span> <span class='ocrx_word' id='word_1_747' title='bbox 3273 4417 3284 4461; x_wconf 83' lang='lat'><strong>;</strong></span> <span class='ocrx_word' id='word_1_748' title='bbox 3315 4401 3370 4452; x_wconf 89' lang='lat' dir='ltr'><strong>et</strong></span> <span class='ocrx_word' id='word_1_749' title='bbox 3397 4396 3537 4452; x_wconf 89' lang='lat' dir='ltr'><strong>hinc</strong></span> 
     </span>
    </p>
   </div>
   <div class='ocr_carea' id='block_1_103' title="bbox 1883 4484 3538 4560">
    <p class='ocr_par' dir='ltr' id='par_1_103' title="bbox 1883 4484 3538 4560">
     <span class='ocr_line' id='line_1_103' title="bbox 1883 4484 3538 4560; baseline -0.002 -16"><span class='ocrx_word' id='word_1_750' title='bbox 1883 4492 1988 4553; x_wconf 90' lang='lat' dir='ltr'><strong>est,</strong></span> <span class='ocrx_word' id='word_1_751' title='bbox 2021 4487 2184 4560; x_wconf 93' lang='lat' dir='ltr'><strong>quod</strong></span> <span class='ocrx_word' id='word_1_752' title='bbox 2203 4492 2399 4558; x_wconf 77' lang='lat' dir='ltr'><strong>postea</strong></span> <span class='ocrx_word' id='word_1_753' title='bbox 2450 4484 2674 4551; x_wconf 78' lang='lat' dir='ltr'><strong>esuriit,</strong></span> <span class='ocrx_word' id='word_1_754' title='bbox 2702 4484 3010 4542; x_wconf 91' lang='lat' dir='ltr'><strong>hominem</strong></span> <span class='ocrx_word' id='word_1_755' title='bbox 3050 4499 3111 4540; x_wconf 91' lang='lat' dir='ltr'><strong>se</strong></span> <span class='ocrx_word' id='word_1_756' title='bbox 3155 4501 3287 4542; x_wconf 86' lang='lat' dir='ltr'><strong>esse</strong></span> <span class='ocrx_word' id='word_1_757' title='bbox 3327 4484 3538 4541; x_wconf 85' lang='lat' dir='ltr'><strong>conﬁr-</strong></span> 
     </span>
    </p>
   </div>
   <div class='ocr_carea' id='block_1_104' title="bbox 1883 4573 3538 4648">
    <p class='ocr_par' dir='ltr' id='par_1_104' title="bbox 1883 4573 3538 4648">
     <span class='ocr_line' id='line_1_104' title="bbox 1883 4573 3538 4648; baseline -0.001 -15"><span class='ocrx_word' id='word_1_758' title='bbox 1883 4590 2080 4634; x_wconf 90' lang='lat' dir='ltr'><strong>mans.</strong></span> <span class='ocrx_word' id='word_1_759' title='bbox 2115 4575 2420 4648; x_wconf 91' lang='lat' dir='ltr'><strong>Siquidem</strong></span> <span class='ocrx_word' id='word_1_760' title='bbox 2449 4573 2675 4630; x_wconf 90' lang='lat' dir='ltr'><strong>homini</strong></span> <span class='ocrx_word' id='word_1_761' title='bbox 2715 4574 3024 4646; x_wconf 84' lang='lat' dir='ltr'><strong>proprium</strong></span> <span class='ocrx_word' id='word_1_762' title='bbox 3063 4579 3149 4630; x_wconf 89' lang='lat' dir='ltr'><strong>est</strong></span> <span class='ocrx_word' id='word_1_763' title='bbox 3197 4591 3267 4631; x_wconf 83' lang='lat' dir='ltr'><strong>ex</strong></span> <span class='ocrx_word' id='word_1_764' title='bbox 3305 4574 3538 4648; x_wconf 91' lang='lat' dir='ltr'><strong>jejunio</strong></span> 
     </span>
    </p>
   </div>
   <div class='ocr_carea' id='block_1_105' title="bbox 1884 4663 3536 4738">
    <p class='ocr_par' dir='ltr' id='par_1_105' title="bbox 1884 4663 3536 4738">
     <span class='ocr_line' id='line_1_105' title="bbox 1884 4663 3536 4738; baseline -0.002 -16"><span class='ocrx_word' id='word_1_765' title='bbox 1884 4664 2125 4722; x_wconf 89' lang='lat' dir='ltr'><strong>esurire.</strong></span> <span class='ocrx_word' id='word_1_766' title='bbox 2157 4663 2463 4738; x_wconf 88' lang='lat' dir='ltr'><strong>Superﬂue</strong></span> <span class='ocrx_word' id='word_1_767' title='bbox 2495 4668 2696 4720; x_wconf 90' lang='lat' dir='ltr'><strong>autem</strong></span> <span class='ocrx_word' id='word_1_768' title='bbox 2724 4663 2865 4720; x_wconf 91' lang='lat' dir='ltr'><strong>addi</strong></span> <span class='ocrx_word' id='word_1_769' title='bbox 2896 4663 3128 4721; x_wconf 85' lang='lat' dir='ltr'><strong>videtur</strong></span> <span class='ocrx_word' id='word_1_770' title='bbox 3157 4664 3230 4721; x_wconf 89' lang='lat' dir='ltr'><strong>de</strong></span> <span class='ocrx_word' id='word_1_771' title='bbox 3257 4665 3536 4721; x_wconf 78' lang='lat' dir='ltr'><strong>noctibus.</strong></span> 
     </span>
    </p>
   </div>
   <div class='ocr_carea' id='block_1_106' title="bbox 1886 4753 3539 4828">
    <p class='ocr_par' dir='ltr' id='par_1_106' title="bbox 1886 4753 3539 4828">
     <span class='ocr_line' id='line_1_106' title="bbox 1886 4753 3539 4828; baseline -0.001 -17"><span class='ocrx_word' id='word_1_772' title='bbox 1886 4755 2034 4812; x_wconf 89' lang='lat' dir='ltr'><strong>Puto</strong></span> <span class='ocrx_word' id='word_1_773' title='bbox 2061 4759 2261 4812; x_wconf 88' lang='lat' dir='ltr'><strong>tamen</strong></span> <span class='ocrx_word' id='word_1_774' title='bbox 2301 4758 2542 4828; x_wconf 88' lang='lat' dir='ltr'><strong>propter</strong></span> <span class='ocrx_word' id='word_1_775' title='bbox 2593 4753 2966 4810; x_wconf 66' lang='lat' dir='ltr'><strong>chrasorum</strong></span> <span class='ocrx_word' id='word_1_776' title='bbox 3001 4754 3227 4828; x_wconf 89' lang='lat' dir='ltr'><strong>jejunia</strong></span> <span class='ocrx_word' id='word_1_777' title='bbox 3266 4754 3539 4812; x_wconf 90' lang='lat' dir='ltr'><strong>additum</strong></span> 
     </span>
    </p>
   </div>
   <div class='ocr_carea' id='block_1_107' title="bbox 1886 4843 3536 4917">
    <p class='ocr_par' dir='ltr' id='par_1_107' title="bbox 1886 4843 3536 4917">
     <span class='ocr_line' id='line_1_107' title="bbox 1886 4843 3536 4917; baseline -0.002 -16"><span class='ocrx_word' id='word_1_778' title='bbox 1886 4860 2038 4910; x_wconf 90' lang='lat' dir='ltr'><strong>esse,</strong></span> <span class='ocrx_word' id='word_1_779' title='bbox 2073 4845 2178 4917; x_wconf 92' lang='lat' dir='ltr'><strong>qui</strong></span> <span class='ocrx_word' id='word_1_780' title='bbox 2198 4844 2410 4900; x_wconf 91' lang='lat' dir='ltr'><strong>diebus</strong></span> <span class='ocrx_word' id='word_1_781' title='bbox 2426 4844 2789 4915; x_wconf 89' lang='lat' dir='ltr'><strong>jejunantes,</strong></span> <span class='ocrx_word' id='word_1_782' title='bbox 2813 4843 3086 4899; x_wconf 90' lang='lat' dir='ltr'><strong>noctibus</strong></span> <span class='ocrx_word' id='word_1_783' title='bbox 3109 4843 3536 4900; x_wconf 83' lang='lat' dir='ltr'><strong>edebant.Mar—</strong></span> 
     </span>
    </p>
   </div>
   <div class='ocr_carea' id='block_1_108' title="bbox 1888 4931 3539 5005">
    <p class='ocr_par' dir='ltr' id='par_1_108' title="bbox 1888 4931 3539 5005">
     <span class='ocr_line' id='line_1_108' title="bbox 1888 4931 3539 5005; baseline -0.004 -13"><span class='ocrx_word' id='word_1_784' title='bbox 1888 4951 1995 4992; x_wconf 87' lang='lat' dir='ltr'><strong>cus</strong></span> <span class='ocrx_word' id='word_1_785' title='bbox 2023 4939 2224 4990; x_wconf 88' lang='lat' dir='ltr'><strong>tamen</strong></span> <span class='ocrx_word' id='word_1_786' title='bbox 2245 4936 2300 4988; x_wconf 91' lang='lat' dir='ltr'><strong>et</strong></span> <span class='ocrx_word' id='word_1_787' title='bbox 2320 4933 2528 5000; x_wconf 91' lang='lat' dir='ltr'><strong>Lucas,</strong></span> <span class='ocrx_word' id='word_1_788' title='bbox 2555 4935 2758 4989; x_wconf 92' lang='lat' dir='ltr'><strong>noctes</strong></span> <span class='ocrx_word' id='word_1_789' title='bbox 2788 4937 3074 5005; x_wconf 83' lang='lat' dir='ltr'><strong>tanquam</strong></span> <span class='ocrx_word' id='word_1_790' title='bbox 3099 4931 3539 4989; x_wconf 87' lang='lat' dir='ltr'><strong>subintellectas</strong></span> 
     </span>
    </p>
   </div>
   <div class='ocr_carea' id='block_1_109' title="bbox 1889 5023 2314 5096">
    <p class='ocr_par' dir='ltr' id='par_1_109' title="bbox 1889 5023 2314 5096">
     <span class='ocr_line' id='line_1_109' title="bbox 1889 5023 2314 5096; baseline -0.007 -17"><span class='ocrx_word' id='word_1_791' title='bbox 1889 5023 2314 5096; x_wconf 60' lang='lat' dir='ltr'><strong>praeterierunt.</strong></span> 
     </span>
    </p>
   </div>
   <div class='ocr_carea' id='block_1_110' title="bbox 1962 5105 3542 5179">
    <p class='ocr_par' dir='ltr' id='par_1_110' title="bbox 1962 5105 3542 5179">
     <span class='ocr_line' id='line_1_110' title="bbox 1962 5105 3542 5179; baseline -0.004 -9"><span class='ocrx_word' id='word_1_792' title='bbox 1962 5111 2123 5170; x_wconf 89' lang='lat' dir='ltr'><strong>Vers.</strong></span> <span class='ocrx_word' id='word_1_793' title='bbox 2156 5115 2208 5168; x_wconf 88' lang='lat'><strong>3.</strong></span> <span class='ocrx_word' id='word_1_794' title='bbox 2241 5109 2317 5166; x_wconf 85' lang='lat' dir='ltr'><strong>Et</strong></span> <span class='ocrx_word' id='word_1_795' title='bbox 2346 5142 2414 5151; x_wconf 94' lang='lat'><strong><em>—</em></strong></span> <span class='ocrx_word' id='word_1_796' title='bbox 2439 5111 2607 5179; x_wconf 78' lang='lat' dir='ltr'><strong>ﬁant.</strong></span> <span class='ocrx_word' id='word_1_797' title='bbox 2634 5111 2862 5167; x_wconf 85' lang='lat' dir='ltr'><strong>Marcus</strong></span> <span class='ocrx_word' id='word_1_798' title='bbox 2901 5113 3103 5165; x_wconf 90' lang='lat' dir='ltr'><strong>autem</strong></span> <span class='ocrx_word' id='word_1_799' title='bbox 3142 5112 3198 5165; x_wconf 90' lang='lat' dir='ltr'><strong>et</strong></span> <span class='ocrx_word' id='word_1_800' title='bbox 3237 5111 3423 5165; x_wconf 88' lang='lat' dir='ltr'><strong>Lucas</strong></span> <span class='ocrx_word' id='word_1_801' title='bbox 3455 5105 3542 5163; x_wconf 91' lang='lat' dir='ltr'><strong>di-</strong></span> 
     </span>
    </p>
   </div>
   <div class='ocr_carea' id='block_1_111' title="bbox 1890 5195 3535 5274">
    <p class='ocr_par' dir='ltr' id='par_1_111' title="bbox 1890 5195 3535 5274">
     <span class='ocr_line' id='line_1_111' title="bbox 1890 5195 3535 5274; baseline -0.002 -16"><span class='ocrx_word' id='word_1_802' title='bbox 1890 5205 2124 5268; x_wconf 83' lang='lat' dir='ltr'><strong>xerunt,</strong></span> <span class='ocrx_word' id='word_1_803' title='bbox 2151 5200 2318 5274; x_wconf 90' lang='lat' dir='ltr'><strong>quod</strong></span> <span class='ocrx_word' id='word_1_804' title='bbox 2338 5200 2520 5257; x_wconf 88' lang='lat' dir='ltr'><strong>etiam</strong></span> <span class='ocrx_word' id='word_1_805' title='bbox 2543 5199 2603 5255; x_wconf 94' lang='lat' dir='ltr'><strong>in</strong></span> <span class='ocrx_word' id='word_1_806' title='bbox 2624 5199 3028 5272; x_wconf 87' lang='lat' dir='ltr'><strong>quadraginta</strong></span> <span class='ocrx_word' id='word_1_807' title='bbox 3052 5196 3266 5255; x_wconf 88' lang='lat' dir='ltr'><strong>diebus</strong></span> <span class='ocrx_word' id='word_1_808' title='bbox 3288 5195 3535 5255; x_wconf 78' lang='lat' dir='ltr'><strong>tentaba</strong></span> 
     </span>
    </p>
   </div>
   <div class='ocr_carea' id='block_1_112' title="bbox 1428 5555 2336 5632">
    <p class='ocr_par' dir='ltr' id='par_1_112' title="bbox 1428 5555 2336 5632">
     <span class='ocr_line' id='line_1_112' title="bbox 1428 5555 2336 5632; baseline -0.007 0"><span class='ocrx_word' id='word_1_809' title='bbox 1428 5555 1648 5632; x_wconf 67' lang='lat' dir='ltr'><strong>Variae</strong></span> <span class='ocrx_word' id='word_1_810' title='bbox 1695 5557 2018 5629; x_wconf 86' lang='lat' dir='ltr'><strong>lectiones</strong></span> <span class='ocrx_word' id='word_1_811' title='bbox 2041 5565 2106 5626; x_wconf 89' lang='lat' dir='ltr'><strong>et</strong></span> <span class='ocrx_word' id='word_1_812' title='bbox 2136 5566 2336 5626; x_wconf 70' lang='lat' dir='ltr'><strong>notae.</strong></span> 
     </span>
    </p>
   </div>
   <div class='ocr_carea' id='block_1_113' title="bbox 263 5739 1768 5836">
    <p class='ocr_par' dir='ltr' id='par_1_113' title="bbox 263 5752 1768 5836">
     <span class='ocr_line' id='line_1_113' title="bbox 263 5752 1768 5836; baseline -0.004 -18"><span class='ocrx_word' id='word_1_813' title='bbox 263 5756 352 5836; x_wconf 85' lang='grc' dir='ltr'><strong>(ιι)</strong></span> <span class='ocrx_word' id='word_1_814' title='bbox 379 5752 513 5818; x_wconf 81' lang='lat' dir='ltr'><strong>Sive</strong></span> <span class='ocrx_word' id='word_1_815' title='bbox 541 5766 706 5818; x_wconf 66' lang='lat' dir='ltr'><strong>cana</strong></span> <span class='ocrx_word' id='word_1_816' title='bbox 736 5757 999 5829; x_wconf 78' lang='lat' dir='ltr'><strong>mystica.</strong></span> <span class='ocrx_word' id='word_1_817' title='bbox 1024 5756 1158 5814; x_wconf 63' lang='lat' dir='ltr'><strong>Haec</strong></span> <span class='ocrx_word' id='word_1_818' title='bbox 1187 5752 1263 5814; x_wconf 89' lang='lat' dir='ltr'><strong>de</strong></span> <span class='ocrx_word' id='word_1_819' title='bbox 1288 5769 1398 5816; x_wconf 87' lang='lat' dir='ltr'><strong>suo</strong></span> <span class='ocrx_word' id='word_1_820' title='bbox 1421 5755 1656 5814; x_wconf 87' lang='lat' dir='ltr'><strong>videtur</strong></span> <span class='ocrx_word' id='word_1_821' title='bbox 1686 5753 1768 5815; x_wconf 90' lang='lat' dir='ltr'><strong>ad</strong></span> 
     </span>
    </p>
   </div>
   <div class='ocr_carea' id='block_1_114' title="bbox 1879 5739 3366 5836">
    <p class='ocr_par' dir='ltr' id='par_1_114' title="bbox 1879 5739 3366 5826">
     <span class='ocr_line' id='line_1_114' title="bbox 1879 5739 3366 5826; baseline -0.008 -14"><span class='ocrx_word' id='word_1_822' title='bbox 1879 5752 2014 5813; x_wconf 87' lang='lat' dir='ltr'><strong>isse.</strong></span> <span class='ocrx_word' id='word_1_823' title='bbox 2039 5752 2105 5812; x_wconf 92' lang='lat' dir='ltr'><strong>In</strong></span> <span class='ocrx_word' id='word_1_824' title='bbox 2132 5753 2280 5812; x_wconf 84' lang='lat' dir='ltr'><strong>meis</strong></span> <span class='ocrx_word' id='word_1_825' title='bbox 2308 5767 2433 5812; x_wconf 91' lang='lat' dir='ltr'><strong>non</strong></span> <span class='ocrx_word' id='word_1_826' title='bbox 2461 5754 2549 5811; x_wconf 90' lang='lat' dir='ltr'><strong>est</strong></span> <span class='ocrx_word' id='word_1_827' title='bbox 2577 5748 2694 5811; x_wconf 76' lang='grc' dir='ltr'><strong>ἦτοι</strong></span> <span class='ocrx_word' id='word_1_828' title='bbox 2721 5757 2813 5804; x_wconf 83' lang='grc' dir='ltr'><strong>τοῦ</strong></span> <span class='ocrx_word' id='word_1_829' title='bbox 2841 5754 3100 5826; x_wconf 82' lang='grc' dir='ltr'><strong>μυστικοῦ</strong></span> <span class='ocrx_word' id='word_1_830' title='bbox 3133 5739 3366 5807; x_wconf 58' lang='lat' dir='ltr'><strong>dumeta.</strong></span> 
     </span>
    </p>
   </div>
  </div>
