4170 6444
671 389 785 446 ,175
2007 377 2352 436 EUTHYMII

2410 376 2716 435 ZIGABENI
3949 385 3980 440 1
3993 385 4069 441 76

678 517 774 571 tur
806 515 870 577 “,
917 511 981 566 ut
1029 507 1411 565 manifestum
1455 506 1548 571 sit,
1598 505 1763 578 quod
1809 506 1869 560 in
1917 504 2027 561 illis
2087 505 2329 578 quidem
2360 505 2394 561 Α

2440 505 2825 577 πειραζόμενος,
2876 506 2940 563 ὡς
3004 502 3131 556 εἶναι
3199 501 3376 572 δῆλον,
3429 507 3505 558 ὅτι
3563 505 3610 558 ἐν
3668 505 3898 571 ἑκειναις
3962 518 4064 582 μὲν

675 601 873 675 ipsum
904 615 935 656 e
963 597 1295 670 longinquo
1317 596 1588 653 tentabat
1616 614 1628 651 :
1652 611 1868 668 nempe
1894 611 1994 666 per
2025 611 2326 660 somnum,

2438 594 2694 666 πόρρωθεν
2725 593 2876 645 αὑτὸν
2921 591 3158 665 ἐπείραζε
3198 589 3270 644 δι’
3317 594 3498 660 ὕπνου,
3551 592 3624 646 δι’
3657 594 3918 663 ἀκηδίας,
3957 598 4062 652 διὰ

673 707 779 764 per
811 688 1126 753 tristitiam,
1163 702 1272 759 per
1296 685 1624 757 ignaviam,
1664 691 1717 741 et
1736 685 1969 740 similia.
2003 683 2328 756 Postquam

2439 677 2631 741 δειλίας
2678 687 2766 733 καὶ
2803 691 2899 732 τῶν
2930 686 3174 733 τοιούτων
3207 703 3219 715 ο
3252 681 3358 734 ἐπεὶ
3407 679 3466 735 δὲ
3516 685 3645 755 ἔγνω
3689 693 3876 738 τοῦτον
3935 709 4060 742 πει-

671 782 871 838 autem
903 778 1104 850 ipsum
1135 775 1357 831 esurire
1379 773 1677 845 cognovit,
1698 775 1825 844 jam
1853 789 2039 845 prope
2061 789 2130 828 ac
2143 774 2330 828 mani-

2435 774 2683 837 νάσαντα,
2738 770 2914 822 λοιπὸν
2971 770 3256 844 προσῆλθεν
3301 770 3472 842 ἐγγύς,
3521 778 3610 824 καὶ
3661 784 3891 847 φανερῶς
3928 781 4054 847 (96)

670 869 817 925 feste
830 863 1316 939 appetivitzidque
1333 879 1437 935 per
1452 863 1647 918 vitium
1667 862 1798 917 fami
1817 861 2172 918 conveniens
2186 866 2329 933 puta

2437 860 2576 929 αὐτῷ
2617 859 2926 930 προσϐάλλει
2967 856 3061 910 διὰ
3089 869 3178 911 τοῦ
3208 859 3508 917 ἐπιτηδείου
3539 869 3600 933 τῇ
3635 868 3777 935 πείνη
3808 867 4048 929 πάθους,

671 956 898 1028 gulam.
931 952 1251 1010 Considera
1279 967 1416 1008 vero
1453 950 1592 1023 quid
1637 950 1830 1006 faciat.
1885 950 2166 1004 Audierat
2196 955 2251 1004 et
2292 965 2329 1006 a

2433 947 2564 1020 λέγω
2623 945 2715 1015 δὴ,
2765 957 2856 1009 τῆς
2890 954 3334 1022 γαστριμαργίας.
3395 956 3495 1003 Καὶ
3543 957 3742 1017 σκόπει,
3776 958 3829 1004 τί
3865 964 4040 1013 ποιεῖ,

670 1047 923 1112 Joanne,
957 1047 1010 1100 et
1040 1058 1146 1116 per
1166 1057 1372 1098 vocem
1397 1040 1625 1097 caelitus
1651 1039 1979 1111 delapsam,
2007 1039 2167 1095 hunc
2196 1054 2326 1094 esse

2432 1036 2652 1089 Ἤκουσε
2728 1042 2817 1088 καὶ
2899 1041 3041 1111 παρὰ
3105 1046 3196 1090 τοῦ
3271 1038 3501 1104 Ἰωάνου,
3561 1045 3648 1092 καὶ
3717 1046 3866 1115 παρὰ
3949 1054 4046 1105 τῆς

671 1135 772 1190 Dei
806 1133 1008 1189 Filium
1033 1149 1047 1199 ;
1090 1132 1371 1201 ignorans
1395 1145 1538 1199 ergo
1562 1129 1728 1201 quod
1755 1129 1854 1184 Dei
1879 1128 2054 1184 Filius
2084 1143 2326 1184 carnem

2433 1128 2832 1198 κατενεχθείσης
2894 1128 3081 1178 ἄνωθεν
3145 1135 3330 1198 φωνῆς,
3385 1129 3464 1180 ὅτι
3538 1129 3688 1191 οὗτος
3740 1133 3864 1192 Υἱός
3926 1134 4044 1186 ἐστι

673 1221 1112 1294 assumpsisset,
1145 1218 1441 1291 siquidem
1466 1217 1635 1274 latuit
1661 1233 1797 1273 eum
1829 1233 2118 1273 arcanum
2141 1217 2326 1273 incar—

2433 1222 2523 1266 τοῦ
2569 1223 2700 1267 Θεοῦ
2753 1220 2842 1267 καὶ
2896 1214 3088 1286 ἀγνοῶν
3136 1218 3215 1266 ὅτι
3259 1219 3284 1268 ὁ
3317 1219 3434 1276 Υἱὸς
3461 1224 3552 1269 τοῦ
3593 1227 3725 1270 Θεοῦ
3766 1220 4045 1296 ἐνηνθρω-

669 1311 930 1370 nationis
955 1310 1325 1384 mysterium,
1368 1307 1704 1380 suspicatus
1743 1312 1830 1362 est
1856 1306 2162 1362 hominem
2196 1306 2326 1378 qui-

2432 1323 2596 1361 πησεν
2639 1325 2651 1336 ο
2697 1303 2842 1356 ἔλαθε
2896 1307 2996 1378 γὰρ
3048 1305 3202 1356 αὐτόν
3255 1307 3284 1362 ἡ
3342 1304 3629 1379 ἀπόρρητος
3682 1308 3844 1360 αὑτοῦ
3898 1310 4044 1364 ἐναν-

671 1403 811 1460 dem
850 1416 1001 1465 esse,
1035 1415 1071 1457 a
1103 1401 1216 1455 Deo
1245 1401 1447 1455 tamen
1477 1397 1557 1452 ob
1588 1397 1830 1452 virtutes
1860 1397 2046 1468 ipsius
2079 1396 2324 1468 adopta-

2434 1393 2702 1467 θρωπησις
2749 1410 2761 1421 ·
2824 1392 3067 1444 ύπελαϐεν
3119 1395 3219 1458 ὅτι,
3278 1395 3544 1466 ἄνθρωπος
3608 1394 3694 1461 ὦν,
3747 1399 4037 1458 υἰοθετνέθε

670 1495 820 1549 tum.
854 1490 1056 1562 Itaque
1087 1488 1138 1544 ei
1170 1487 1300 1558 jam
1325 1491 1557 1543 tantum
1589 1485 1798 1541 invidit
1826 1486 2139 1549 honorem,
2171 1485 2323 1542 sicut

2429 1490 2502 1551 τῷ
2535 1490 2648 1551 Θεῷ
2681 1477 2772 1532 διὰ
2803 1484 2890 1540 τὰς
2937 1480 3119 1553 ἀρετὰς
3167 1483 3347 1547 αὐτοῦ,
3396 1487 3484 1534 καὶ
3527 1483 3702 1536 λοιπόν
3751 1484 4034 1557 ἔφθόνησεν

673 1585 732 1638 et
758 1579 937 1636 veteri
966 1577 1158 1634 Adam
1192 1594 1206 1633 :
1238 1577 1526 1648 nisusque
1544 1581 1629 1631 est
1657 1575 1836 1643 hunc,
1869 1575 2022 1630 velut
2045 1573 2210 1630 illum
2242 1575 2320 1631 ab

2429 1570 2570 1640 αὐτῴ
2618 1577 2712 1629 τῆς
2762 1569 3083 1631 τηλικαύτης
3139 1580 3311 1643 τιμῆς,
3344 1574 3516 1644 ὡσπερ
3561 1577 3649 1625 καὶ
3696 1583 3767 1645 τῷ
3825 1577 4031 1647 παλαιῷ

664 1669 796 1742 ipso
826 1665 1096 1740 dejicere.

2431 1655 2629 1730 Ἀδάμ,
2658 1664 2748 1710 καὶ
2791 1661 3038 1712 ἔσπευσεν
3088 1658 3315 1713 ἐκϐαλεῖν
3371 1665 3459 1713 καὶ
3508 1670 3684 1714 τοῦτον
3717 1667 3930 1734 ταύτης,
3967 1672 4030 1728 ὡς

2430 1766 2617 1799 εκεινον
2638 1765 2856 1809 εκεινης,

736 1849 803 1904 Et
847 1846 1070 1903 idcirco
1113 1843 1358 1916 prOpius
1409 1842 1719 1942 accedens,
1752 1842 2004 1914 primam
2043 1842 2321 1940 producit
2349 1889 2394 1942 Β

667 1935 1074 1997 tentationem,
1107 1948 1324 2004 nempe
1355 1932 1754 2002 gulositatem,
1794 1948 1897 2003 per
1947 1947 2131 2003 quam
2165 1931 2321 2002 cepit
2349 1925 2394 1942 ”

2501 1927 2587 1976 Διό
2668 1929 2756 1976 καὶ
2830 1925 3123 1998 προσελθὼν
3196 1925 3349 1997 ἐγγὺς
3404 1969 3416 1992 ,
3494 1933 3703 2002 πρώτην
3772 1952 4024 2007 προσαγει

666 2032 724 2082 et
761 2025 1022 2098 primum
1047 2023 1258 2079 Adam.
1293 2023 1441 2088 Quia
1493 2038 1634 2092 ergo
1674 2021 1867 2076 nullus
1893 2022 2095 2078 aderat
2125 2021 2313 2087 cibus,

2427 2019 2627 2083 πεῖραν,
2688 2018 2781 2070 τὴν
2853 2020 3296 2088 γαστριμαργίαν,
3360 2013 3434 2067 δι’
3487 2018 3547 2079 ἧς
3619 2019 3716 2072 εἷλε
3781 2029 3870 2074 καὶ
3940 2031 4023 2077 τόν

665 2130 736 2172 eo
768 2114 929 2187 quod
957 2112 1233 2169 desertus
1261 2111 1438 2167 nimis
1457 2116 1612 2166 esset
1642 2109 1828 2176 locus,
1861 2110 2087 2165 sciebat
2118 2117 2316 2165 autem

2427 2110 2628 2173 πρῶτον
2681 2098 2856 2173 Ἀδάμ
2903 2123 2915 2134 ·
2963 2108 3051 2154 καὶ
3104 2103 3210 2155 ἐπεὶ
3267 2100 3504 2176 οὐδαμοῦ
3552 2105 3748 2178 βρῶσις
3796 2111 3878 2179 ἦν,
3932 2110 4024 2164 διὰ

660 2201 806 2260 fami
837 2201 1291 2259 convenientem
1323 2214 1452 2255 esse
1490 2214 1712 2271 panem
1742 2197 1890 2270 ipse,
1923 2197 2167 2270 quidem
2199 2213 2318 2254 non

2426 2194 2520 2247 τὴν
2556 2192 2686 2261 ἄγαν
2735 2193 2974 2264 ἐρημίαν,
3007 2190 3251 2262 ἐγίνωσκε
3303 2190 3361 2245 δε
3413 2202 3473 2265 τῇ
3523 2201 3663 2267 πείνη
3723 2200 3806 2248 τόν
3861 2201 4021 2272 ἄρτον

659 2290 848 2357 affert,
890 2307 960 2349 eo
990 2290 1152 2364 quod
1177 2290 1255 2346 ab
1295 2287 1640 2346 adversario
1672 2287 1936 2343 Christus
1970 2291 2319 2358 sumpturus

2427 2274 2554 2330 εἶναι
2597 2279 2934 2344 κατάλληλον,
2985 2279 3133 2340 αὐτὸς
3190 2284 3279 2352 μὲν
3327 2281 3385 2334 οῦ
3430 2289 3729 2357 προσφέρει,
3759 2281 3896 2338 διότι
3925 2289 4019 2339 οὐκ

656 2397 782 2438 non
812 2385 958 2451 erat,
1009 2379 1115 2436 sed
1150 2378 1324 2450 jubet
1353 2381 1415 2434 ut
1443 2377 1517 2433 de
1546 2376 1852 2448 lapidibus
1874 2391 2059 2447 panes
2083 2376 2314 2432 efﬁciat.

2426 2366 2622 2439 ἔμελλεν
2654 2368 2808 2420 αὐτὸν
2842 2371 2986 2443 παρὰ
3038 2377 3130 2420 τοῦ
3173 2369 3418 2442 πολεμίου
3474 2371 3644 2424 λαϐεῖν
3694 2375 3720 2424 ὀ
3769 2378 4003 2445 Χριστός,

656 2467 724 2527 Ει
743 2485 819 2526 ne
845 2468 1112 2527 Christus
1135 2465 1385 2524 insidias
1413 2471 1785 2536 agnosceret,
1809 2464 2059 2520 observa
2077 2464 2318 2521 technas

2427 2454 2684 2508 ἐπιτάττει
2742 2453 2802 2508 δε
2879 2457 3040 2527 αὐτῷ,
3101 2468 3324 2517 ποιῆσαι
3379 2463 3497 2521 τοὺς
3560 2459 4015 2535 ύποδεικνυμένους

657 2558 788 2630 ejus
820 2573 889 2614 ac
920 2556 1157 2613 malitiae
1188 2554 1684 2624 magnitudinem.
1717 2556 1844 2608 Non
1874 2552 2022 2608 dixit
2051 2553 2317 2624 simplici-

2423 2543 2616 2610 λίθους,
2648 2548 2881 2620 ἄρτους·
2932 2550 3020 2598 καὶ
3070 2548 3150 2599 ἵνα
3197 2554 3266 2619 μὴ
3321 2554 3483 2621 νοήσῃ
3539 2555 3633 2609 την
3685 2551 4014 2610 ἐπιϐουλὴνό

656 2650 746 2703 ter
774 2660 787 2701 :
815 2645 1038 2709 Facito,
1071 2649 1136 2700 ut
1166 2643 1257 2698 isti
1283 2642 1514 2714 lapides
1539 2657 1722 2713 panes
1751 2642 1919 2704 ﬁant,
1949 2642 2053 2697 sed
2084 2643 2318 2714 preemi-

2425 2637 2675 2707 Χριστός,
2727 2636 2823 2709 ὅρα
2878 2641 3127 2707 μηχανὴν
3192 2641 3281 2688 καὶ
3346 2644 3593 2712 πονηρίας
3664 2640 3948 2712 ὑπερϐολήν
3998 2657 4011 2671 ·

659 2732 770 2790 sit:
793 2733 858 2790 Si
889 2733 1078 2789 Filius
1114 2731 1218 2787 Dei
1246 2747 1321 2796 es,
1358 2734 1718 2803 utappareat
1746 2729 1912 2802 quod
1958 2734 2020 2786 ut
2049 2729 2318 2788 demons-

2426 2723 2517 2774 οῦκ
2570 2719 2703 2775 εἶπεν
2758 2723 2929 2786 ἁπλῶς
2987 2726 3087 2788 ὅτι,
3150 2730 3379 2783 Ποίησον
3430 2731 3545 2788 τοῦς
3592 2726 3764 2789 λίθους
3809 2732 4013 2803 ἄρτους,

658 2825 862 2890 tretur,
891 2835 969 2876 an
999 2819 1177 2876 Filius
1210 2819 1309 2874 Dei
1341 2818 1434 2884 sit,
1469 2819 1611 2890 petit
1638 2817 1716 2890 (υ)
1742 2817 2014 2890 lapidum
2047 2819 2104 2874 in
2137 2836 2316 2890 panes

2425 2809 2552 2863 ἀλλὰ
2609 2813 2855 2884 προέταξε
2885 2818 2943 2864 τό
2987 2830 2998 2841 ·
3037 2814 3095 2866 Ei
3154 2816 3273 2875 Υἱός
3325 2813 3370 2866 εἶ
3418 2824 3508 2867 τοῦ
3559 2824 3712 2881 Θεοῦ,
3743 2818 3826 2870 ἱνα
3870 2816 4011 2892 δοξη,

656 2909 786 2965 ﬁeri
844 2907 1448 2966 transformationem.
1509 2909 1669 2964 Putat
1745 2908 1904 2964 enim
1972 2909 2314 2979 hujusmodi

2424 2902 2500 2951 ὅτι
2554 2903 2683 2972 πρὸς
2738 2897 3003 2963 ἀπόδειξιν
3041 2911 3132 2953 τοῦ
3187 2901 3315 2953 εἶναι
3357 2903 3511 2956 αὐτόν
3545 2907 3659 2956 Υἱόν
3693 2915 3828 2959 Θεοῦ
3879 2910 4018 2968 ζητεῖ

656 2997 853 3055 verbis
877 2997 1292 3069 pungendum,
1327 3003 1616 3068 tanquam
1665 2996 1881 3052 rubore
1912 2998 2314 3069 suffundatur,

2421 2991 2660 3060 γενέσθαι
2716 2995 2809 3047 τὸν
2877 2996 3224 3061 μεταποίησιν
3294 3001 3392 3043 τῶν
3443 2992 3595 3045 λίθων
3663 2995 3734 3055 εἰς
3803 2999 4007 3070 ἄρτους,

657 3087 708 3142 si
733 3087 914 3143 Filius
955 3087 1054 3142 Dei
1083 3103 1202 3143 non
1235 3101 1360 3142 esse
1393 3086 1689 3155 credatur,
1719 3092 1782 3142 ut
1820 3087 2094 3157 ignorato
2151 3087 2310 3154 dolo,

2421 3083 2574 3148 ”ῼ.ετο
2628 3082 2753 3152 γὰρ,
2797 3080 2876 3130 ὅτι
2929 3082 3415 3154 παρακνισθὴσεται
3462 3090 3531 3132 τῶ
3585 3082 3740 3154 λόγῳ,
3789 3087 4014 3158 καθάπερ

655 3173 886 3247 lapides
935 3174 996 3232 in
1042 3191 1226 3248 panes
1279 3175 1680 3244 transformet,
1738 3182 1986 3247 accepta
2024 3180 2176 3232 certe
2228 3178 2312 3247 (ξε)
2355 3241 2384 3248 _

2425 3162 2736 3227 ὀνειδισθεὶς
2787 3165 2869 3218 ἐπὶ
2917 3177 2987 3236 τῷ
3029 3173 3099 3239 μη
3152 3165 3281 3220 εἶναι
3331 3169 3449 3230 Υἱός
3502 3178 3653 3239 Θεοῦ,
3703 3176 3790 3224 καὶ
3831 3172 4015 3244 ἀγνοῶν

655 3281 694 3323 a
719 3241 839 3322 Deo
868 3241 1152 3338 potestate
1182 3282 1288 3332 ;ac
1318 3241 1710 3338 postmodum
1737 3241 1946 3321 videns
1969 3265 2098 3337 jam
2130 3241 2311 3337 ipsos,
2347 3241 2386 3297 (ἶ

2423 3257 2509 3305 τόν
2579 3250 2748 3318 δόλον,
2808 3254 3085 3326 μεταϐαλεῖ
3139 3260 3260 3317 τοῦς
3316 3257 3490 3320 λίθους
3545 3259 3616 3320 εἰς
3682 3241 3896 3333 ἄρτους,
3954 3265 4019 3324 ὡς

652 3370 879 3426 magna
903 3359 1186 3413 attractus
1217 3355 1429 3422 esurie,
1459 3355 1787 3426 dejiciatur.
1826 3355 1943 3410 Sed
1991 3371 2113 3410 non
2147 3355 2315 3411 latuit

2425 3345 2562 3414 ἔχων
2616 3342 2670 3395 ἐκ
2723 3351 2856 3397 Θεοῦ
2914 3341 3157 3416 δύναμιν,
3218 3351 3306 3398 καὶ
3375 3347 3572 3414 λοιπὸν,
3625 3343 3752 3400 ἰδὼν
3814 3350 4013 3414 αὐτοὺς,

651 3441 842 3512 illum,
902 3444 1007 3518 qui
1072 3444 1374 3518 sapientes
1450 3443 1905 3516 comprehendit
1979 3443 2040 3500 in
2100 3443 2316 3500 astutia

2422 3433 2556 3483 πάνυ
2605 3442 2787 3484 πεινῶν
2858 3435 3213 3491 ἡττηθήσεται
3288 3443 3378 3507 τῇς
3437 3441 3670 3510 γαστρός
3710 3456 3723 3469 ·
3766 3437 3872 3489 ἀλλ’
3926 3439 4015 3490 οὐκ

653 3551 764 3592 sua
803 3536 872 3591 es.
921 3517 941 3518 ί
1147 3517 1150 3518 ν
2421 3519 2568 3574 ἔλαθε
2608 3524 2696 3572 τὸν
2742 3517 3098 3594 δρασσόμενον
3147 3527 3265 3584 τοῦς
3318 3525 3501 3596 σοφούς
3542 3523 3592 3576 ἕν
3634 3534 3695 3599 τῇ
3729 3533 4018 3602 πανουργίᾳ

724 3623 884 3679 Vers.
945 3622 998 3676 4.
1059 3618 1165 3687 Οιιί
1211 3651 1276 3662 -
1334 3622 1461 3676 Dei.
1516 3619 1814 3676 Intellecta
1866 3619 2023 3675 illius
2080 3621 2311 3686 astutia,
2424 3609 2611 3662 αὐτῶν·

654 3711 895 3784 signum
926 3725 1048 3766 non
1070 3708 1256 3766 edidit
1280 3709 1654 3780 requisitum.
1682 3711 1828 3764 Nam
1852 3709 2022 3778 signa
2047 3709 2124 3764 ad
2154 3726 2313 3767 com-

2491 3697 2550 3749 Ὀ
2609 3694 2668 3750 δε
2727 3694 3027 3773 ἀποκριθεὶς
3075 3731 3144 3740 -
3193 3709 3347 3757 Θεοῦ.
3409 3707 3580 3764 Συνεὶς
3639 3708 3732 3762 τὴν
3798 3724 4019 3780 πανουρ·

651 3801 898 3857 modum
951 3798 1312 3854 intuentium
1343 3798 1471 3852 ﬁeri
1527 3804 1959 3853 consueverunt
2001 3799 2311 3856 :diabolus

2419 3792 2540 3858 γίαν
2571 3787 2752 3853 αὐτοῦ,
2784 3791 2840 3840 τὸ
2871 3791 2960 3859 μεν
3006 3786 3316 3850 ἐπιζητηθὲν
3359 3799 3572 3862 σημεῖον
3616 3792 3709 3844 οῦκ
3759 3792 3972 3852 ἐποίησε
4006 3816 4017 3828 ο

654 3893 856 3946 autem
873 3887 1105 3943 nullam
1129 3886 1269 3942 inde
1291 3886 1585 3942 relaturus
1602 3892 1726 3943 erat
1743 3887 2069 3943 utilitatem.
2095 3890 2311 3945 Etenim

2425 3872 2566 3927 διότι
2621 3878 2685 3928 τὰ
2745 3884 2937 3948 σημεῖα
3006 3874 3079 3929 δι’
3145 3879 3383 3949 ὡρελειαν
3433 3889 3530 3932 τῶν
3587 3883 3819 3957 ὁρώντων
3877 3886 4019 3935 εἴωθε

653 3991 852 4048 neque
901 3975 1046 4031 visis
1077 3975 1468 4047 postmodum
1498 3975 1780 4031 omnibus
1811 3993 1945 4048 quae
1975 3977 2110 4035 fecit
2154 3979 2311 4034 Chri-

2419 3965 2676 4035 γίνεσθαι,
2723 3967 2749 4016 ὁ
2800 3961 2858 4017 δὲ
2889 3962 3126 4026 διάϐολος
3171 3963 3321 4019 οὐδὲν
3375 3968 3568 4040 ἔμελλεν
3623 3969 3847 4024 ἐντεῦθεν
3894 3979 4021 4044 «.39»:-

657 4068 804 4128 stus,
832 4063 892 4120 in
917 4063 1119 4136 aliquo
1145 4068 1411 4121 mutatus
1432 4068 1540 4121 est.
1571 4063 1686 4120 Sed
1707 4065 1784 4122 ad
1805 4067 2095 4123 occultam
2114 4067 2308 4139 ipsius

2419 4053 2640 4111 ληθῆναι
2674 4069 2688 4084 ⁸
2719 4058 2808 4106 καὶ
2855 4056 2954 4129 γὰρ
3002 4056 3234 4130 ὕστερον,
3293 4053 3418 4108 ἰδὼν
3461 4061 3650 4126 πάντα,
3706 4062 3806 4112 ὅσα
3842 4059 4018 4119 ἐποὶηο

653 4153 974 4226 respondet
1003 4153 1438 4225 cogitationem,
1467 4158 1523 4210 et
1545 4170 1618 4210 ex
1641 4154 1772 4211 libri
1800 4157 2237 4212 Deuteronomii
2262 4159 2309 4192 ⁵⁸

2423 4161 2506 4194 σεν
2562 4143 2588 4193 ό
2655 4145 2884 4216 Χριστὸς
2935 4185 2949 4208 ,
3010 4140 3159 4196 οῦδεν
3217 4145 3502 4216 μετεϐλήθη
3558 4164 3569 4176 ⁸
3629 4152 3754 4220 πρὸς
3817 4145 3876 4201 δι
3938 4154 4021 4202 τὸν

655 4243 956 4317 Scriptura
990 4242 1043 4300 ei
1082 4243 1388 4300 silentium
1414 4243 1682 4315 imponit.
1716 4247 1796 4300 Ac
1837 4245 1885 4300 si
1923 4245 2141 4301 diceret
2176 4263 2187 4299 :
2221 4247 2309 4303 Ad

2419 4235 2765 4302 κεκρυμμένον
2835 4231 2992 4283 αὐτοῦ
3073 4237 3264 4284 σκοπὸν
3340 4233 3691 4307 ἀπολογεῖται,
3752 4242 3840 4289 καὶ
3921 4237 4022 4291 ἀπὸ

652 4316 800 4406 quid
828 4332 975 4389 mihi
1000 4348 1155 4405 opus
1182 4335 1271 4388 est
1296 4347 1482 4404 panes
1510 4348 1581 4388 ex
1609 4332 2142 4406 lapidibusfacerc,
2174 4351 2311 4406 pro-

2418 4326 2508 4386 τῇς
2558 4318 2606 4371 ἐν
2655 4329 2715 4392 τῇ
2765 4316 2932 4392 βίϐλῳ
2970 4329 3061 4372 τοῦ
3111 4328 3505 4394 Δευτερονομίου
3561 4331 3768 4400 Γραφῆς
3816 4325 4023 4380 ἐπιστο-

649 4429 782 4496 pter
806 4422 1029 4480 famem
1055 4438 1189 4494 quae
1215 4438 1308 4478 me
1324 4428 1508 4492 urget.
1536 4423 1726 4479 Utillis
1739 4423 1876 4477 visis
1894 4423 2115 4479 alliciar
2135 4426 2310 4482 esca?

2419 4409 2558 4480 μίξει
2615 4408 2791 4478 αὐτὸν,
2838 4411 3025 4462 ὡσανεὶ
3083 4408 3242 4482 λέγων
3275 4433 3287 4444 ·
3347 4418 3409 4463 Τί
3462 4433 3550 4484 μοι
3613 4422 3776 4466 ποιεῖν
3829 4417 4024 4488 ἄρτους

650 4495 828 4582 Atqui
858 4525 986 4566 non
1019 4510 1144 4565 solo
1174 4526 1329 4582 pane
1348 4511 1660 4568 hominum
1689 4512 1807 4567 vita
1833 4511 2053 4567 servari
2090 4518 2305 4584 potest.

2419 4495 2473 4548 ἐκ
2535 4495 2689 4549 λίθων
2751 4495 3087 4566 ἕπιτάττειςς
3136 4501 3344 4561 Πάντως
3398 4497 3490 4553 δια
3540 4507 3632 4560 τὴν
3690 4508 4021 4574 συνέχουσαν

655 4597 763 4655 sed
801 4603 858 4654 et
901 4598 1016 4654 alio
1048 4604 1331 4670 praeterea
1363 4600 1474 4657 cibi
1520 4616 1755 4672 genere.
1791 4602 1978 4656 Omne
2012 4601 2306 4673 siquidem
2341 4595 2383 4649 Ι)

2416 4605 2479 4658 με
2529 4590 2725 4655 πεῖναν,
2781 4586 2863 4639 ἶνα
2929 4592 3179 4659 φανέντων
3233 4585 3543 4656 δελεασθώ;
3600 4590 3731 4643 Ἀλλ’
3795 4592 3888 4644 ούκ
3947 4594 4021 4646 ἐπ’

651 4686 904 4744 verbum
939 4687 1012 4744 ab
1041 4703 1141 4744 ore
1196 4688 1295 4745 Dei
1339 4689 1653 4761 egrediens
1696 4688 1775 4744 ad
1829 4704 1966 4744 eum
2015 4691 2118 4762 qui
2149 4691 2306 4748 fame

2416 4676 2558 4750 ἄρτῳ
2609 4680 2748 4747 μόνῳ
2800 4679 3018 4739 ζήσεται
3075 4679 3359 4750 ἄνθρωπος,
3403 4677 3510 4730 ἀλλ’
3559 4682 3673 4732 ἔστι
3711 4685 3799 4733 καὶ
3850 4684 4023 4754 ἔτερος

651 4775 959 4848 premitur,
990 4776 1119 4834 loco
1151 4777 1268 4835 cibi
1298 4780 1485 4835 vitam
1531 4777 1662 4847 ejus
1705 4777 1978 4849 sustinet,
2011 4786 2064 4834 et
2093 4780 2309 4838 suﬂicit

2414 4769 2599 4836 τρόπος
2654 4772 2866 4839 τροφῆς.
2929 4770 3028 4819 Καὶ
3091 4768 3192 4842 γὰρ
3246 4773 3346 4818 πᾶν
3396 4767 3561 4840 ῥῆμα,
3622 4767 4022 4843 ἐκπορευόμενον

651 4863 727 4922 ei.
760 4863 847 4921 Ita
873 4881 1014 4922 sane
1045 4867 1480 4939 gastrimargiae
1507 4865 1714 4922 dolum
1756 4865 2203 4936 longanimitate
2235 4885 2306 4927 ac

2416 4849 2509 4905 διὰ
2565 4857 2825 4926 στόματος
2877 4861 3011 4908 Θεοῦ
3057 4852 3141 4907 ἐπὶ
3192 4858 3278 4907 τόν
3330 4866 3596 4924 πεινῶντα,
3637 4855 3791 4916 δίκην
3822 4868 4022 4933 τροφῆς

649 4951 955 5013 tolerantia
975 4954 1212 5029 repulit.
1238 4953 1696 5012 Observandum
1711 4954 1782 5029 (z)
1811 4971 1946 5014 vero
1967 4959 2305 5017 Matthaeum

2416 4946 2626 5014 συνέχει
2674 4947 2768 5002 τὴν
2835 4946 2970 5006 ζωὴν
3044 4944 3226 5014 αὐτοῦ,
3279 4951 3368 4998 καὶ
3427 4941 3574 5020 ἀρκεῖ
3641 4948 3802 5019 αύτῷ.
3861 4951 4017 5005 Οὕτω

2410 5033 2756 5106 μακροθύμως
2809 5031 3166 5107 ἀπεκρούσατο
3226 5038 3319 5094 τὴν
3365 5041 3615 5110 μηχανὴν
3660 5043 3752 5100 τῆς
3798 5057 4023 5115 γαστρι-

721 5123 766 5160 ⁶²
795 5121 963 5182 Marc.
996 5139 1035 5192 ι,
1069 5124 1137 5180 13
1171 5141 1185 5194 ;
1228 5121 1364 5178 Luc.
1399 5136 1478 5190 vi,
1509 5121 1564 5179 2.
1669 5124 1716 5160 ⁵³
1744 5124 1875 5182 Job.
1902 5142 1958 5196 v,
1987 5127 2054 5181 13
2090 5129 2150 5197 ;I
2180 5127 2310 5188 Cor.
2336 5147 2394 5188 ιιι

2410 5175 2415 5199 ,
2449 5131 2542 5189 19.
2618 5132 2666 5166 ⁸⁸
2691 5132 2855 5190 Deut.
2883 5147 3001 5205 vni,
3035 5137 3088 5190 3.

1896 5252 2118 5323 Varia
2155 5255 2486 5326 lectiones
2509 5266 2574 5327 et
2604 5266 2808 5326 notae.

717 5393 830 5468 (96)
857 5396 1039 5466 Τούτῳ
1067 5391 1136 5447 Α.

715 5516 795 5591 (υ)
846 5520 918 5591 Ut
953 5516 1246 5591 videatur,
1280 5519 1354 5575 ad
1401 5519 1937 5583 demonstrandum
1991 5539 2129 5584 eum
2162 5543 2298 5586 esse
2405 5529 2662 5587 reddidit
2687 5537 2858 5587 certe.

641 5587 1014 5682 νίὲίὲωηίὲἒέί
1042 5587 1259 5682 Ρὲπίὲξέές
1347 5678 1366 5682 -
1413 5666 1490 5682 ι.
1823 5668 1852 5682 .,
2115 5672 2169 5682 ..

2410 5667 2429 5682 ι
2480 5603 2554 5682 gs)
2595 5601 3052 5682 Observandum.
3079 5599 3320 5660 Videtur
3349 5603 3562 5682 legisse
3582 5609 4014 5681 παρατηρητέον.

716 5608 858 5644 num
889 5608 1009 5653 U81,
1042 5608 1259 5661 petere.

716 5660 799 5733 (ω)
841 5659 1033 5719 Certe.
1086 5659 1257 5720 Forte
1297 5667 1432 5736 post
1464 5666 1600 5739 ἔχων
1645 5668 1862 5742 reperit
1901 5665 2076 5744 δῆθεν,
2113 5672 2297 5744 idque

2476 5608 2554 5733 ἑξ)
2595 5608 3052 5687 ροεενυαηάιιτη.
3079 5608 3320 5660 Videtur
3349 5608 3562 5734 legisse

2410 5667 2469 5731 [n
2527 5689 2565 5736 a
2590 5681 2999 5751 απαρατηρήτως
3027 5691 3272 5749 prorsus
3298 5691 3417 5749 neg
3440 5681 3579 5734 ent.
