4170 6466
179 409 311 466 177
1205 401 1574 460 COMMFNT.
1615 402 1687 458 IN
1725 403 1826 460 MA

1919 403 2179 464 'HlEUM.
2209 435 2277 447 --
2303 406 2456 463 CAP.
2489 406 2579 464 IV.
3463 402 3566 463 178

185 554 461 610 μαργιας,
494 535 916 608 Ἀπαρατήρητον
1094 525 1154 582 δέ
1183 532 1262 598 τὸ,
1301 531 1384 582 τὸν
1419 531 1685 583 Ματθαῖον
1714 551 1803 604 μεν

1920 533 2218 604 pluraliter
2248 533 2477 603 lapides
2489 532 2722 600 dicere;
2755 532 2975 589 Lucam
2993 545 3136 588 vero
3167 529 3416 601 lapidem
3443 530 3562 588 sin-

183 624 390 685 λίθους
419 625 573 677 εἰπεῖν
603 623 972 691 πληθυντικῶς,
994 623 1082 672 τόν
1119 616 1178 672 δε
1206 626 1410 672 Λουκᾶν
1437 619 1578 672 λίθον
1607 621 1799 683 ἑνικῶς.

1917 622 2196 692 gulariter
2269 624 2336 674 ⁸⁸.
2369 625 2725 694 Frequenter
2764 621 2921 676 enim
2964 620 3121 692 apud
3174 620 3561 690 evangelistas

189 714 490 785 Ιιολλαχοῦ
539 715 638 787 γὰρ
695 720 793 762 τῶν
847 709 1222 782 εύαγγελιστῶν
1281 708 1519 770 τοιαύτας
1573 712 1804 784 εὑρήσεις

1914 711 2016 781 huj
2029 712 2282 776 usmodi,
2297 726 2431 784 qua:
2449 710 2593 766 nihil
2606 709 3266 780 officiant,diversitates
3278 711 3558 783 reperies.

193 803 451 864 ἀϐλαϐεῖς
476 798 809 873 ἀδιαφορίας.

280 895 323 962 εξ-
356 893 478 945 Ἀπό
507 890 620 963 (98)
649 898 741 951 τῆς
765 888 998 948 Παλαιᾶς
1019 887 1158 940 ἐστιν
1183 889 1211 946 ἠ
1229 892 1511 961 μαρτυρία·
1535 888 1803 950 Μωυσέως

1983 891 2028 943 Α
2061 889 2246 945 Veteri
2267 891 2640 945 Testamento
2667 888 3095 960 depromptum
3109 891 3200 944 est
3232 905 3246 953 ;
3283 892 3370 942 est
3400 888 3561 947 enim

189 983 308 1053 γὰρ
340 980 542 1051 ὁλόγος.
562 983 774 1053 Καὶγόιρ
789 983 878 1030 καὶ
901 977 1268 1051 οὶἘϐραίοιτῳ
1287 979 1452 1050 μάννα
1482 977 1674 1052 ἐτράφη
1686 997 1799 1045 σοιν,

1910 977 2162 1034 verbum
2185 979 2373 1034 Mosis.
2405 982 2551 1033 Nam
2577 982 2630 1032 et
2653 977 2879 1032 Hebraei
2903 992 3127 1033 manna
3150 975 3556 1043 comederunt,

186 1069 298 1120 οὐκ
337 1071 479 1143 ἄρτῳ
511 1073 638 1139 ὄντι,
685 1067 813 1120 ἀλλὰ
845 1064 937 1119 διὰ
963 1069 1192 1142 ῥήματος
1237 1074 1370 1119 Θεοῦ
1411 1072 1584 1119 πᾶσαν
1614 1071 1801 1142 χρείαν

1911 1067 2071 1139 quod
2097 1083 2235 1123 cum
2272 1081 2395 1122 non
2423 1069 2575 1122 esset
2600 1066 2791 1136 panis,
2825 1081 3060 1121 omnem
3114 1069 3307 1120 tamen
3345 1080 3557 1122 eorum

182 1166 301 1210 τῶν
324 1157 578 1230 Ἐϐραίων
620 1153 925 1230 πληροῦντι,
967 1161 1055 1208 καὶ
1100 1159 1268 1208 πάντα
1305 1159 1574 1228 γινομένῳ,
1611 1160 1709 1208 ὅσα
1739 1159 1798 1207 ἄλ

1911 1156 2222 1227 supplebat
2257 1155 2680 1226 indigentiam:
2715 1159 3013 1210 mutatum
3070 1154 3130 1210 in
3187 1154 3393 1210 omnia
3421 1169 3556 1226 quia

186 1256 384 1320 φαγεῖν
424 1269 505 1310 τις
546 1247 807 1319 ἐπεθύμει.
843 1249 959 1298 Εἴτε
999 1249 1098 1320 γὰρ
1152 1245 1352 1317 ἰχθύος,
1405 1249 1502 1298 εἴτε
1541 1247 1664 1312 ὠοῦ,
1705 1250 1800 1298 εἴτε

1909 1247 2154 1317 Optabat
2179 1246 2420 1317 quisque
2450 1244 2643 1309 edere,
2679 1243 2802 1299 sive
2853 1243 3097 1316 piscem,
3166 1243 3287 1298 sive
3353 1258 3551 1312 ovum,

186 1345 364 1410 τυροῦ
413 1336 654 1408 ἐπεθύμει
680 1337 705 1387 ό
736 1332 1006 1404 Ἰουδαῖος,
1052 1337 1296 1392 τοιαύτην
1334 1335 1513 1406 γεῦσιν
1547 1341 1797 1408 παρεῖχεν

1909 1335 2029 1390 sive
2056 1349 2293 1390 caseum
2351 1333 2794 1406 concupisceret
2841 1332 3106 1396 Judzeus,
3135 1330 3289 1388 illius
3318 1336 3554 1403 gustum

194 1425 348 1496 αὐτῷ
378 1428 436 1478 τὸ
475 1427 660 1497 μάννα.

1906 1439 2131 1480 manna
2161 1424 2211 1480 ei
2242 1422 2569 1495 praebebat.

277 1519 405 1568 Τότε
459 1545 528 1557 —
595 1514 767 1569 Πόλιν.
826 1512 1246 1588 Παραλαμϐάνει,
1312 1511 1422 1565 ἀντὶ
1484 1520 1574 1565 τοῦ
1629 1533 1795 1588 παρα-

1975 1515 2134 1568 Vers.
2176 1517 2227 1567 5.
2279 1513 2441 1568 Tunc
2471 1542 2539 1552 —
2564 1512 2878 1567 civitatem.
2914 1510 3185 1575 Assumit,
3257 1509 3372 1565 hoc
3439 1512 3545 1577 est,

193 1603 373 1656 λαϐὼν
413 1606 550 1674 οἴγει.
599 1609 697 1658 Καὶ
738 1607 838 1676 γὰρ
884 1602 1049 1675 ἀφῆκε
1089 1606 1174 1654 τόν
1215 1601 1405 1674 ἐχθρόν
1435 1603 1577 1674 ἄγειν
1619 1602 1792 1667 αὐτόν,

1907 1602 2272 1658 assumendo
2301 1601 2482 1658 ducit.
2527 1601 2794 1658 Permisit
2825 1600 2984 1656 enim
3036 1599 3279 1656 inimico
3334 1597 3551 1654 ducere

193 1698 331 1746 ὅπου
379 1693 528 1758 θελει,
580 1699 671 1746 xui
726 1693 980 1765 πολεμεῖν,
1033 1695 1101 1754 ὡς
1148 1691 1412 1764 βούλεται,
1471 1693 1553 1743 ἵνα
1600 1711 1795 1744 παντα-

1906 1708 1967 1748 se
1985 1708 2105 1764 quo
2143 1692 2367 1760 liberet,
2394 1699 2735 1764 etpugnare
2764 1693 2910 1746 sicut
2934 1690 3124 1757 vellet,
3154 1694 3218 1745 ut
3246 1689 3551 1761 undequa-

190 1785 359 1854 χόθεν
391 1784 654 1850 ἡττηθεὶς,
710 1788 866 1854 μόνος
911 1779 1261 1854 δραπετεύση.
1315 1781 1491 1852 Ἁγίαν
1547 1778 1605 1833 di
1646 1781 1793 1834 πόλιν

1904 1797 2022 1853 que
2051 1782 2243 1837 victus
2276 1781 2440 1835 solus
2466 1781 2792 1850 aufugeret.
2828 1781 3107 1836 Sanctam
3130 1783 3332 1836 autem
3351 1778 3549 1834 civita-

189 1871 354 1943 λέγει,
423 1876 516 1929 τὴν
572 1870 932 1944 Ἰερουσαλὴμ,
993 1874 1062 1931 ὡς
1115 1879 1186 1941 τῷ
1231 1878 1344 1940 Θεῷ
1407 1869 1836 1963 ἀφωρισμένην,1

1905 1874 2012 1925 tem
2039 1873 2211 1925 vocat
2261 1869 2610 1934 Jerusalem,
2673 1873 2934 1940 utpotea
2987 1871 3104 1924 Deo
3156 1866 3468 1932 delectam,
3496 1870 3551 1923 et

190 1964 289 2011 xui
350 1957 444 2012 διὰ
509 1968 661 2013 τοῦτο
726 1959 1018 2031 σεϐασμίαν
1071 1961 1100 2018 ἡ
1170 1961 1238 2019 ὡς
1297 1962 1383 2011 τόν
1452 1960 1599 2030 ἅγιον
1672 1963 1792 2012 ναόν
1826 1955 1837 1963 ’

1902 1958 2038 2014 ideo
2067 1959 2126 2014 in
2156 1958 2487 2014 reverentia
2516 1957 2784 2013 habitam
2821 1973 2832 2010 :
2867 1960 2971 2014 aut
2999 1971 3070 2013 eo
3087 1955 3246 2029 quod
3271 1960 3547 2013 sanctum

193 2049 326 2119 ἔχου
335 2068 450 2101 σαν.

1901 2047 2143 2104 haberet
2174 2047 2482 2120 templum.

274 2143 374 2190 Καὶ
413 2168 479 2179 —-
518 2139 672 2206 ἱεροῦ.
710 2139 780 2189 Τό
834 2136 1132 2210 πτερύγιον,
1191 2131 1522 2207 οἰκοδόμημα
1568 2133 1627 2194 ἧν
1658 2137 1792 2208 ύψη·

1972 2139 2130 2193 Vers.
2158 2137 2210 2191 5.
2252 2137 2330 2191 Et
2356 2167 2425 2177 —
2457 2136 2681 2207 templi.
2723 2133 3116 2193 Pinnaculum
3176 2133 3546 2192 domuncula

194 2223 284 2276 λὸν
309 2227 464 2296 ἄγαν,
497 2222 1013 2298 παρῳκοδομημένον
1045 2229 1104 2281 τῆ
1136 2222 1332 2297 πλευρᾷ
1360 2231 1450 2276 τοῦ
1485 2227 1642 2298 ἱεροῦ,
1675 2225 1793 2284 ἦτοι

1902 2225 2275 2282 eratexcelsa
2305 2225 2497 2291 valde,
2531 2225 2610 2282 ad
2635 2225 2791 2282 latus
2813 2224 3019 2297 templi
3047 2227 3473 2297 superstructa.

194 2333 292 2365 του
323 2333 468 2365 ναου.

269 2408 371 2454 Καὶ
399 2433 471 2444 -
500 2399 643 2454 πόδα
687 2421 800 2455 σου.
862 2399 1125 2460 Ἠττηθεὶς
1182 2404 1276 2458 τὴν
1337 2406 1546 2474 πρώτην
1591 2404 1788 2476 πεὶραν,

1971 2406 2198 2459 Vers.6.
2220 2403 2296 2458 Et
2317 2402 2589 2472 —pedem
2629 2405 2813 2458 tuum.
2848 2401 3036 2458 Prima
3063 2401 3250 2458 victus
3280 2400 3549 2459 tentatio-

187 2489 277 2543 ἐπὶ
310 2487 551 2563 δεύτερον
597 2489 770 2562 ἀγῶνα
815 2498 1000 2563 χωρεῖ,
1060 2494 1148 2542 καὶ
1196 2485 1288 2541 διὰ
1326 2487 1620 2553 κενοδοξίας
1669 2491 1790 2543 ἐλεὶν

1901 2507 1988 2559 ne,
2024 2491 2096 2547 ad
2127 2491 2450 2547 secundum
2471 2491 2742 2563 procedit
2763 2496 3085 2556 certamen,
3116 2494 3173 2547 et
3200 2506 3306 2563 per
3326 2506 3548 2548 vanam

187 2583 346 2631 αὑτὸν
402 2578 677 2654 ἐπιχειρεῖ.
741 2583 828 2632 Διὸ
882 2584 970 2631 καὶ
1029 2577 1309 2644 ἐπιτάττει,
1363 2583 1790 2653 κατακρημνίσαι

1901 2581 2137 2652 gloriam
2171 2580 2369 2652 ipsum
2397 2581 2598 2636 nititur
2627 2581 2940 2646 attrahere,
2976 2581 3231 2653 ideoque
3288 2580 3461 2652 jubet
3486 2582 3548 2636 ut

186 2668 371 2720 ἑαυτὸν
421 2674 509 2720 καὶ
576 2665 926 2726 διασωθῆναι.
977 2667 1086 2719 Ἰνα
1155 2664 1213 2719 δε
1270 2672 1564 2742 παρακνίση
1636 2667 1786 2719 πάλιν

1898 2670 2160 2740 seipsum
2188 2669 2516 2741 praecipitet
2540 2684 2610 2724 ac
2642 2673 2846 2724 servet.
2883 2671 3070 2741 thue
3115 2669 3306 2740 ipsum
3337 2684 3545 2724 rursus

185 2757 367 2822 αὐτόν,
410 2757 560 2809 πάλιν
613 2759 887 2833 προτάττει
931 2760 988 2808 τό
1040 2757 1098 2808 Εἰ
1152 2758 1272 2818 Υἱὸς
1324 2752 1486 2808 εἰτοῦ
1526 2764 1679 2822 Θεοῦ,
1722 2759 1786 2817 ὡς

1896 2762 2143 2829 pungat,
2204 2757 2506 2828 prtemittit
2585 2757 2844 2813 iterum:
2899 2757 2961 2813 Si
3042 2757 3226 2814 Filius
3305 2759 3411 2813 Dei
3463 2773 3540 2823 es,

187 2846 249 2897 ἆν
315 2843 440 2918 δόξῃ
500 2846 652 2898 πάλιν
715 2847 888 2906 ζητεῖν
943 2850 1030 2897 καὶ
1098 2852 1251 2896 τοῦτο
1318 2848 1375 2896 τὸ
1436 2852 1668 2917 σημεῖον,
1713 2851 1784 2906 εὶς

1897 2847 2065 2918 quasi
2082 2846 2280 2901 denuo
2308 2847 2573 2902 videatur
2585 2846 2694 2902 hoc
2717 2846 2956 2916 signum
2979 2846 3057 2902 ad
3083 2847 3196 2902 hoc
3223 2846 3544 2920 procedere

189 2931 458 2996 ἀπόδειξιν
506 2942 597 2986 τοῦ
642 2935 769 2987 εἰναι
826 2935 977 2986 αύτὸν
1037 2935 1156 2986 res»
1205 2942 1296 2986 τοῦ
1346 2942 1498 3000 Θεοῦ,
1553 2933 1639 2986 οἵτε
1693 2941 1783 2986 τοῦ

1896 2934 2036 3006 (αα),
2068 2939 2130 2992 ut
2160 2951 2221 2991 se
2247 2935 2464 2992 Filium
2498 2936 2596 2991 Dei
2627 2951 2758 2992 esse
2789 2935 3166 3001 demonstret,
3194 2951 3543 3008 quanquam

186 3027 442 3096 προτέρου
477 3027 548 3093 μὴ
606 3029 900 3095 γεγονότος.
945 3029 1098 3075 Ὤετο
1143 3025 1244 3096 γὰρ
1277 3024 1355 3074 ὃτι
1400 3023 1522 3097 ῥᾷον
1571 3025 1781 3081 πεισθὴ-

1893 3023 1950 3079 id
1979 3025 2147 3096 prius
2175 3039 2292 3080 non
2318 3023 2517 3080 fecerit
2542 3025 2688 3096 (ob);
2714 3025 3194 3098 putabatnempe
3213 3024 3444 3081 facilius
3461 3025 3540 3082 illi

189 3130 356 3178 σεται,
399 3111 440 3163 εἰ
486 3117 573 3163 καὶ
623 3118 690 3184 μὴ
740 3110 812 3164 δι’
852 3113 1044 3186 ἕτερον,
1094 3112 1221 3164 αλλά
1266 3131 1326 3183 γε
1365 3108 1459 3164 διὰ
1500 3116 1619 3172 τοὺς
1666 3113 1783 3184 μέλε

1893 3127 2069 3183 posse
2115 3113 2479 3186 persuaderi,
2531 3119 2588 3170 et
2627 3114 2823 3170 sinon
2881 3114 2962 3170 ob
3014 3115 3203 3180 aliud,
3236 3119 3294 3171 at
3325 3115 3540 3172 saltem

183 3199 358 3262 λοντας
406 3200 560 3252 αὐτόν
600 3203 722 3273 όρᾷν
754 3202 889 3253 οὕτω
936 3208 1398 3276 τερατουργοῡντα’
1454 3200 1631 3252 πολλοί
1682 3202 1779 3274 γὰρ

1894 3207 2134 3274 propter
2163 3202 2294 3258 illos
2324 3204 2421 3274 qui
2454 3218 2591 3258 eum
2624 3202 2924 3259 mirabilia
2961 3207 3312 3275 operantem
3356 3203 3541 3260 visuri

186 3286 323 3346 ἦσαν
374 3293 487 3341 τότε
539 3291 680 3340 κάτω
736 3293 977 3362 παρόντες
1043 3295 1133 3340 καὶ
1187 3289 1364 3340 λοιπόν
1425 3271 1833 3364 περιπεσεῖται(

1892 3271 2077 3361 erant,
2114 3296 2254 3347 tunc
2281 3271 2442 3346 enim
2474 3290 2638 3346 multi
2673 3291 2915 3347 inferius
2946 3271 3198 3348 aderant
3236 3296 3291 3348 et
3352 3292 3434 3348 ita
3479 3292 3539 3348 in

183 3387 255 3447 τῷ
323 3377 680 3448 ύφαπλῳθέντι
734 3374 933 3447 δικτύῳ
996 3385 1092 3438 τῆς
1146 3373 1466 3445 κενοδοξίας,
1543 3381 1610 3438 ὡς
1691 3385 1782 3428 τοῦ

1895 3394 2200 3451 expassam
2218 3395 2388 3436 vanae
2399 3380 2602 3451 gloriae
2617 3395 2848 3436 nassam
2869 3379 3375 3451 incideret,utpote
3392 3380 3542 3453 seip-

185 3464 516 3522 ἐπαινεθῆναι
563 3466 684 3538 παρ’
734 3465 903 3516 αὐτῶν
935 3466 1091 3517 ἕνεκεν
1141 3467 1280 3516 κάτω
1340 3463 1510 3536 βαλὼν
1567 3465 1772 3522 ἑαυτόν,
1819 3522 1827 3532 _

1892 3468 2256 3524 sumidcirco
2272 3468 2718 3542 praecipitando,
2743 3475 2806 3524 ut
2835 3469 2912 3524 ab
2931 3468 3014 3523 eis
3038 3468 3407 3526 laudaretur.
3447 3469 3537 3542 Ιρ‹

185 3552 483 3625 Ἐφίλκεται
570 3549 628 3605 δὲ
710 3561 890 3606 τοῦτον
969 3559 1058 3606 καὶ
1139 3552 1239 3606 ἀπὸ
1319 3562 1412 3615 τῆς
1502 3560 1780 3616 Δαυῐτικης

1892 3572 2027 3612 sum
2040 3573 2280 3630 quoque
2297 3550 2576 3614 Davidica
2589 3557 3236 3630 attrahitScriptura,ut
3251 3556 3539 3614 videretur

181 3648 411 3715 Γραφῆς,
493 3643 574 3693 ἵνα
649 3638 776 3714 δόξῃ
847 3646 935 3694 καὶ
999 3643 1153 3703 αὐτὸς
1217 3641 1316 3694 ἀπο
1392 3648 1599 3716 Γραφῆς
1672 3645 1780 3694 πεί-

1889 3645 2062 3702 etiam
2092 3662 2129 3703 a
2157 3645 2464 3720 Scriptura
2493 3646 2698 3704 divina
2725 3645 3124 3703 verisimiliter
3153 3647 3533 3719 persuadere.

179 3733 285 3784 θειν
353 3729 684 3793 ἀξιοπίστως·
737 3729 846 3782 ἀλλ’
910 3731 1025 3783 οὐδ’
1111 3731 1331 3784 ἐνταῦθα
1402 3731 1581 3790 λέληθε
1654 3750 1779 3783 κακ-

1887 3734 2104 3792 Verum
2128 3735 2188 3792 hi
2206 3736 2331 3808 ejus
2350 3735 2470 3792 doli
2494 3734 2792 3793 Christum
2813 3751 3197 3810 nequaquam
3213 3735 3531 3794 latuerunt.

177 3828 399 3893 οῦργῶν.

247 3907 379 3980 Ἔφη
409 3939 474 3948 -
507 3911 638 3960 Θεόυ
681 3927 794 3963 σον.
848 3913 1140 3981 Γέγραπται
1179 3908 1226 3960 ἐν
1268 3916 1340 3980 τῷ
1397 3913 1774 3984 Δευτερονομίῳ

1955 3912 2125 3968 Vers.
2139 3912 2193 3967 7.
2220 3912 2382 3970 Dixit
2402 3945 2470 3954 —
2491 3914 2677 3970 Deum
2698 3920 2858 3970 tuum
2874 3955 2887 3970 .
2919 3913 2986 3970 Et
3007 3913 3120 3970 hoc
3143 3914 3427 3986 scriptum
3447 3917 3535 3971 est

179 4002 267 4048 xui
295 4005 464 4049 τοῦτο⁸
498 3997 824 4070 Ἐκπειροξζει
855 3994 914 4050 δὲ
947 4002 1033 4050 τόν
1079 4001 1229 4066 Θεὸν,
1261 4000 1285 4050 ὁ
1314 3995 1581 4071 μηδεμιᾶς
1620 3997 1774 4070 ἀνάγ-

1886 4000 1943 4058 in
1965 4002 2422 4059 Deuteronomio
2447 4005 2516 4058 ⁸⁸.
2544 4005 2750 4060 Tentat
2770 4008 2971 4060 autem
2997 4005 3184 4060 Deum
3207 4003 3331 4076 qui,
3367 4003 3533 4060 nulla

179 4105 277 4146 κης
314 4084 632 4157 ἐπικειμένης
659 4085 968 4160 ἐπιῤῥίπτων
1008 4087 1189 4139 ἑαυτὸν
1221 4090 1287 4148 είς
1317 4096 1550 4164 προφανῆ
1596 4084 1774 4140 κίνδυ-

1884 4091 2141 4147 instante
2172 4093 2537 4158 necessitate,
2566 4093 2828 4164 seipsum
2867 4093 2928 4148 in
2969 4093 3352 4149 manifestum
3381 4107 3531 4165 pree-

173 4195 277 4237 vov,
317 4173 365 4226 ἐν
391 4182 462 4244 τῷ
498 4174 700 4249 θαρρεῖν
729 4184 801 4246 τῷ
834 4183 972 4246 Θεῷ.

1883 4180 2089 4251 cipitat
2115 4181 2468 4252 periculum,
2491 4181 2570 4236 ob
2599 4180 2864 4238 habitam
2895 4182 2955 4237 in
2998 4184 3182 4237 Deum
3219 4181 3527 4237 ﬁduciam.

245 4262 404 4315 Πάλιν
462 4294 530 4303 —
591 4269 968 4336 προσκυνήσῃς
1031 4283 1112 4337 με.
1188 4268 1433 4339 Περιττόν
1503 4261 1585 4330 ἦν,
1654 4263 1772 4318 ἀνω·

1953 4269 2114 4323 Vers.
2149 4273 2200 4324 8.
2231 4269 2449 4325 Iterum
2482 4300 2549 4310 —
2585 4270 2649 4324 V.
2693 4273 2751 4325 9.
2784 4269 3141 4326 Adoraveris
3169 4285 3276 4326 me.
3318 4270 3530 4340 Super-

169 4360 434 4427 γραφῆναι
480 4357 568 4403 καὶ
611 4355 668 4403 τό
705 4356 866 4424 ὄνομα
893 4360 986 4405 τοῦ
1034 4357 1204 4428 ὅρους.
1249 4357 1382 4406 Ποία
1427 4355 1529 4427 γὰρ
1583 4352 1769 4406 ἐκεῖθεν

1884 4372 2136 4413 vacuum
2167 4356 2372 4413 fuisset
2401 4372 2623 4414 nomen
2655 4357 2875 4413 ascribi
2907 4358 3126 4413 montis
3155 4373 3168 4412 :
3207 4373 3340 4429 quae
3365 4356 3528 4414 enim

172 4441 387 4513 ὡφελεια
419 4457 431 4505 ;
465 4443 586 4500 τέως
644 4437 695 4492 δ’
748 4441 856 4507 οὖν,
911 4440 1194 4513 ἀποτυχὼν
1250 4446 1340 4492 καὶ
1380 4450 1475 4502 τῆς
1525 4438 1769 4514 δευτέρας

1878 4443 2083 4500 fuisset
2106 4444 2246 4501 inde
2275 4450 2598 4502 consecuta
2637 4445 2855 4502 utilitas
2876 4446 2906 4501 ?
2947 4445 3183 4501 interim
3211 4444 3525 4502 frustratus

169 4528 464 4604 προσϐολῆς
496 4529 521 4579 ό
549 4528 759 4602 ἐχθρός,
801 4535 891 4583 καὶ
944 4530 1016 4591 εἰς
1064 4535 1244 4603 τρίτην
1286 4533 1763 4604 παρασκευάζεται,

1879 4534 2142 4590 secundo
2164 4549 2400 4607 quoque
2423 4534 2648 4606 impetu
2672 4533 2960 4598 inimicus,
2990 4534 3069 4590 ad
3099 4533 3334 4590 tertium
3365 4534 3526 4590 insu-

169 4623 265 4676 τὴν
321 4614 414 4669 διὰ
470 4616 829 4693 φιλαργυρίας,
887 4619 946 4677 ἢν
998 4623 1088 4670 καὶ
1135 4619 1428 4671 τελευταῖαν
1494 4618 1816 4692 ἐτήρησεν,1

1876 4638 1978 4694 per
1994 4627 2442 4695 praeparatur,et
2454 4639 2558 4696 per
2579 4622 2890 4680 avaritiam
2911 4639 3100 4698 quam
3124 4623 3520 4683 novissimam

169 4709 239 4767 ὡς
305 4711 696 4778 χαλεπωτέραν.
757 4713 856 4760 Καὶ
912 4706 1090 4779 ἀνοίγει
1143 4707 1296 4759 αὐτόν
1355 4708 1422 4768 εἰς
1453 4713 1568 4780 ὅρος
1626 4708 1765 4780 ύψη-

1874 4713 2166 4780 servabat,
2188 4717 2444 4786 utpoque
2466 4713 2963 4786 periculosiorem,
2993 4714 3246 4786 dejicere
3269 4719 3521 4773 conatur

167 4795 402 4860 λοτατον,
435 4800 523 4847 καὶ
555 4803 626 4866 τῷ
659 4792 898 4867 δακτύλῳ
945 4792 1210 4848 δείκνυσιν
1257 4795 1416 4865 αύτώ,
1467 4796 1514 4848 ἔν
1567 4805 1758 4870 στιγμῇ

1873 4804 1929 4856 et
1961 4800 2021 4858 in
2051 4807 2309 4858 montem
2339 4801 2501 4859 ducit
2539 4803 2842 4859 excelsum
2882 4803 3069 4870 valde,
3123 4819 3193 4860 ac
3250 4803 3438 4877 digito
3465 4805 3519 4862 ei

168 4890 387 4959 χρόνου,
437 4887 610 4948 καθὼς
667 4888 987 4958 προσέθηκεν
1017 4888 1042 4939 ὁ
1082 4893 1309 4955 Λουκᾶς,
1366 4890 1656 4954 τουτέστιν,
1709 4887 1759 4940 ἐν

1872 4889 2254 4956 demonstrat,
2291 4893 2354 4949 in
2401 4899 2696 4951 momento
2757 4893 3052 4964 temporis,
3103 4893 3271 4968 quod
3335 4893 3518 4952 etiam

237 5063 285 5101 ⁸⁵
315 5062 454 5120 Luc.
487 5079 567 5136 iv,
588 5064 645 5120 3.
721 5065 770 5102 ⁸⁸
801 5065 975 5124 Deut.
1011 5081 1089 5135 vr,
1122 5066 1213 5124 16.

1381 5242 1606 5314 Variae
1631 5243 1958 5315 lectiones
1988 5250 2056 5315 et
2096 5254 2300 5316 notae.

233 5438 347 5581 297;
369 5438 411 5494 Ι.
440 5453 491 5496 e.
530 5445 601 5521 μὴ
631 5436 744 5493 δέον
777 5443 1186 5514 παρατηρήσεως
1223 5439 1609 5517 ἀκριϐεστέρας.

252 5509 323 5565 98
388 5512 521 5567 Hec
558 5527 620 5568 in
649 5517 859 5570 neutro
891 5527 1162 5568 meorum
1191 5519 1562 5581 comparent.
1598 5515 1609 5568 ε

252 5509 346 5581 98)
388 5509 540 5567 Hmc'
558 5511 620 5568 in
649 5509 859 5570 neutro
891 5509 1162 5568 meorum
1191 5509 1562 5586 comparent.
1598 5514 1834 5588 Sumpta
1862 5515 2099 5572 suntex
2127 5514 2454 5590 Theophyl.
2481 5531 2550 5590 p.
2588 5519 2677 5575 22.

239 5633 354 5776 ξαα)
385 5637 718 5694 Procedere.
751 5637 898 5704 Imo,
929 5649 1230 5718 quaarere,_
1256 5641 1474 5709 petere.
1648 5710 1659 5722 _
2174 5710 2185 5723 .

267 5706 358 5776 ob)
400 5707 780 5776 Quanquam,
803 5713 912 5766 etc.
941 5725 954 5775 ;
984 5723 1114 5762 cum
1142 5724 1310 5776 prius
1337 5724 1459 5766 non
1489 5709 1706 5776 fecerit,
1739 5725 1864 5768 non
1901 5709 2116 5768 factum
2141 5726 2185 5768 ε]

267 5706 358 5776 ob)
400 5707 780 5781 Quanquam,
803 5713 912 5766 etc.
941 5706 966 5775 ;’
984 5723 1114 5762 cum
1142 5706 1310 5779 prius
1337 5724 1459 5766 non
1489 5709 1706 5778 fecerit,
1739 5725 1864 5768 non
1901 5709 2116 5768 factum
2141 5710 2234 5768 sit.
