4170 6444
678 389 792 446 .175

2014 377 2360 435 EUTHYMII
2403 375 2724 434 ZIGABENI

3997 382 4092 437 176

686 517 781 571 tur
813 515 878 577 “,
925 511 987 566 ut
1037 506 1418 564 manifestum
1463 505 1555 570 sit,
1605 505 1770 578 quod
1817 506 1876 560 in
1924 504 2034 561 illis
2094 505 2325 578 quidem

2447 505 2834 576 πειραζόμενος,
2885 505 2949 562 ὡς
3013 501 3140 554 εἶναι
3208 500 3384 570 δῆλον,
3437 505 3514 556 ὅτι
3571 503 3618 555 εν
3676 503 3944 569 ὶκεεναες
4009 531 4088 579 im

683 601 879 675 ipsum
911 615 942 655 e
969 597 1302 669 longinquo
1325 595 1595 652 tentabat
1623 614 1635 651 :
1659 611 1875 667 nempe
1901 611 2001 666 per
2032 611 2334 660 somnum,

680 707 786 765 per
818 687 1133 752 tristitiam,
1171 702 1278 758 per
1305 685 1631 756 ignaviam,
1671 692 1724 740 et
1743 685 1976 740 similia.
2011 684 2336 756 Postquam

677 783 878 838 autem
911 778 1111 850 ipsum
1142 775 1364 830 esurire
1387 773 1684 845 cognovit,
1705 774 1833 844 jam
1861 789 2046 845 prope
2068 789 2137 828 ac
2152 774 2337 828 mani-

676 868 824 925 feste
837 863 1324 939 appetivitzidque
1341 879 1445 935 per
1460 863 1654 918 Vitium
1674 862 1805 917 fami
1824 861 2180 918 conveniens
2195 867 2337 933 puta

678 955 906 1028 gulam.
939 952 1258 1009 Considera
1288 966 1424 1007 vero
1461 951 1600 1023 quid
1645 950 1838 1006 faciat.
1893 950 2173 1004 Audierat
2204 955 2259 1004 et
2300 965 2337 1005 a

677 1048 931 1112 Joanne,
965 1046 1018 1100 et
1048 1058 1154 1115 per
1175 1057 1379 1098 vocem
1405 1040 1632 1097 caelitus
1658 1040 1987 1110 delapsam,
2015 1040 2176 1094 hunc
2205 1055 2335 1094 esse

678 1135 781 1190 Dei
814 1133 1017 1189 Filium
1041 1149 1055 1199 ;
1099 1132 1379 1201 ignorans
1404 1145 1546 1199 ergo
1570 1129 1736 1201 quod
1763 1129 1862 1183 Dei
1887 1128 2063 1184 Filius
2093 1143 2334 1184 carnem

681 1221 1119 1294 assumpsisset,
1153 1218 1449 1292 siquidem
1474 1218 1644 1275 latuit
1669 1234 1805 1273 eum
1837 1232 2127 1273 arcanum
2150 1217 2334 1273 incar-

677 1311 938 1370 nationis
964 1310 1334 1383 mysterium,
1377 1307 1711 1380 suspicatus
1751 1312 1839 1362 est
1865 1306 2171 1361 hominem
2205 1306 2334 1377 qui-

678 1403 818 1460 dem
858 1416 1010 1466 esse,
1043 1415 1079 1457 a
1111 1402 1224 1455 Deo
1254 1401 1455 1455 tamen
1485 1397 1565 1453 ob
1596 1397 1838 1452 virtutes
1869 1397 2055 1468 ipsius
2088 1396 2332 1467 adopta-

678 1495 827 1549 tum.
862 1490 1064 1562 Itaque
1095 1489 1145 1544 ei
1178 1488 1308 1559 jam
1335 1492 1565 1543 tantum
1597 1485 1806 1541 invidit
1835 1486 2148 1549 honorem,
2181 1485 2332 1541 sicut

681 1585 740 1638 et
765 1578 946 1636 veteri
974 1577 1166 1635 Adam
1200 1595 1213 1634 :
1247 1578 1535 1648 nisusque
1553 1582 1637 1631 est
1666 1576 1845 1643 hunc,
1877 1575 2031 1630 velut
2053 1573 2220 1630 illum
2251 1574 2329 1631 ab

672 1669 804 1742 ipso
833 1665 1104 1741 dejicere.

745 1849 812 1904 Et
858 1846 1079 1903 idcirco
1123 1844 1366 1916 propius
1417 1842 1728 1906 accedens,
1761 1843 2013 1914 primam
2052 1843 2330 1915 producit

676 1936 1084 1998 tentationem,
1118 1949 1332 2006 nempe
1364 1933 1763 2002 gulositatem,
1804 1948 1906 2003 per
1955 1947 2140 2003 quam
2173 1931 2330 2003 cepit

676 2033 734 2083 et
771 2026 1031 2098 primum
1057 2024 1267 2080 Adam.
1302 2024 1450 2089 Quia
1501 2039 1642 2092 ergo
1684 2022 1876 2077 nullus
1902 2023 2103 2078 aderat
2134 2022 2322 2088 cibus,

675 2130 746 2172 eo
777 2114 939 2188 quod
967 2113 1242 2170 desertus
1271 2111 1447 2167 nimis
1465 2117 1621 2166 esset
1651 2110 1836 2176 locus,
1870 2111 2094 2166 sciebat
2126 2117 2324 2166 autem

670 2194 815 2260 t‘ami
847 2201 1299 2259 convenientem
1332 2215 1460 2256 esse
1500 2215 1720 2272 panem
1751 2198 1899 2270 ipse,
1931 2198 2175 2270 quidem
2207 2214 2327 2254 non

669 2290 857 2357 aﬂ'ert,
900 2307 970 2349 eo
1000 2290 1160 2364 quod
1185 2291 1264 2347 ab
1303 2288 1648 2347 adversario
1681 2288 1945 2343 Christus
1979 2291 2328 2359 sumpturus

667 2397 792 2439 non
822 2386 968 2451 erat,
1018 2380 1125 2436 sed
1159 2379 1332 2451 jubet
1362 2383 1423 2434 ut
1452 2378 1525 2434 de
1556 2377 1861 2448 lapidibus
1884 2392 2068 2447 panes
2092 2377 2323 2433 efﬁciat.

667 2469 734 2528 Et
754 2485 828 2527 ne
855 2469 1122 2527 Christus
1145 2466 1394 2524 insidias
1422 2471 1794 2537 agnosceret,
1819 2465 2068 2521 observa
2085 2465 2327 2521 technas

667 2559 798 2630 ejus
830 2574 898 2614 ac
930 2557 1166 2614 malitiae
1199 2555 1694 2625 magnitudinem.
1728 2556 1853 2608 Non
1884 2553 2031 2608 dixit
2060 2553 2327 2625 simplici-

667 2650 756 2703 ter
785 2661 797 2701 :
826 2645 1048 2710 Facito,
1082 2650 1146 2701 ut
1177 2644 1266 2699 isti
1293 2643 1523 2715 lapides
1550 2658 1732 2714 panes
1761 2643 1929 2704 tiant,
1958 2642 2063 2698 sed
2095 2644 2328 2714 praemi-

669 2733 781 2790 sit:
804 2733 869 2790 Si
900 2734 1088 2789 Filius
1125 2732 1227 2788 Dei
1255 2748 1331 2797 es,
1368 2735 1729 2803 utappareat
1757 2730 1921 2802 quod
1968 2734 2030 2786 ut
2059 2730 2328 2788 demons-

669 2825 874 2890 tretur,
901 2836 979 2877 an
1010 2820 1187 2876 Filius
1221 2820 1320 2874 Dei
1352 2818 1445 2884 sit,
1481 2819 1622 2890 petit
1649 2819 1727 2890 (υ)
1754 2817 2024 2890 lapidum
2057 2820 2114 2874 in
2147 2837 2326 2890 panes

668 2909 797 2966 ﬁeri
857 2908 1458 2966 transformationem.
1521 2909 1680 2964 Putat
1756 2908 1915 2964 enim
1983 2909 2324 2979 hujusmodi

668 2998 864 3055 verbis
888 2997 1304 3070 pungendum,
1339 3002 1628 3069 tanquam
1676 2997 1891 3053 rubore
1922 2998 2324 3070 suffundatur,

669 3087 719 3143 si
745 3087 925 3143 Filius
966 3087 1065 3142 Dei
1095 3103 1213 3143 non
1245 3102 1372 3143 esse
1404 3087 1700 3156 credatur,
1730 3092 1792 3142 ut
1830 3087 2104 3157 ignorato
2162 3087 2320 3154 dolo,

666 3173 896 3248 lapides
946 3174 1007 3232 in
1053 3191 1237 3248 panes
1291 3175 1692 3244 transformet,
1749 3183 1996 3248 accepta
2034 3181 2186 3232 certe
2238 3179 2322 3248 (χ)

666 3281 704 3324 a
731 3242 850 3323 Deo
879 3242 1163 3339 potestate
1193 3282 1298 3333 ;ac
1330 3242 1720 3338 postmodum
1748 3242 1957 3321 videns
1979 3267 2108 3338 jam
2140 3242 2321 3338 ipsos,
2357 3242 2397 3297 δ

663 3371 890 3428 magna
914 3360 1197 3414 attractus
1229 3356 1441 3422 esurie,
1469 3355 1798 3427 dejiciatur.
1837 3355 1952 3411 Sed
2002 3372 2122 3412 non
2157 3355 2326 3412 latuit

662 3443 854 3512 illum,
913 3445 1017 3519 qui
1083 3445 1385 3518 sapientes
1462 3444 1915 3516 comprehendit
1989 3445 2048 3501 in
2109 3444 2326 3501 astutia

815 3537 862 3571 68

664 3551 897 3679 msere...
957 3622 1010 3676 4.
1070 3619 1176 3688 Qui
1223 3651 1288 3662 —
1346 3622 1472 3677 Dei.
1528 3620 1824 3676 Intellecta
1876 3620 2033 3676 illius
2090 3622 2322 3687 astutia,

667 3710 909 3783 signum
939 3726 1059 3766 non
1081 3709 1268 3766 edidit
1293 3709 1664 3780 requisitum.
1693 3711 1838 3764 Nam
1862 3711 2032 3779 signa
2057 3711 2135 3765 ad
2165 3727 2324 3767 com-

667 3799 911 3856 modum
965 3798 1324 3854 intuentium
1356 3799 1482 3852 ﬁeri
1539 3806 1969 3854 consueverunt
2012 3800 2322 3857 :diabolus

669 3893 868 3946 autem
886 3887 1118 3943 nullam
1143 3886 1281 3942 inde
1303 3886 1595 3943 relaturus
1613 3892 1737 3944 erat
1754 3888 2080 3944 utilitatem.
2107 3891 2321 3946 Etenim

666 3991 864 4048 neque
915 3975 1058 4032 visis
1090 3976 1479 4048 postmodum
1509 3976 1791 4032 omnibus
1823 3994 1955 4050 quae
1986 3979 2120 4036 fecit
2165 3981 2322 4035 Chri-

670 4069 817 4128 stus,
845 4064 904 4121 in
929 4064 1132 4137 aliquo
1158 4069 1422 4122 mutatus
1443 4069 1551 4121 est.
1581 4065 1696 4121 Sed
1718 4065 1795 4123 ad
1817 4068 2105 4124 occultam
2125 4069 2318 4141 ipsius

666 4154 986 4227 respondet
1014 4154 1449 4225 cogitationem,
1479 4159 1533 4211 et
1556 4171 1628 4211 ex
1652 4155 1784 4211 libri
1812 4159 2247 4214 Deuteronomii
2273 4161 2319 4194 “

667 4243 967 4318 Scriptura
1001 4243 1054 4300 ei
1093 4243 1398 4300 silentium
1425 4245 1693 4316 imponit.
1728 4248 1808 4300 Ac
1848 4247 1896 4301 si
1933 4246 2151 4303 diceret
2187 4265 2197 4302 :
2232 4249 2320 4305 Ad

664 4332 810 4406 quid
840 4332 985 4389 mihi
1011 4349 1166 4406 opus
1193 4337 1280 4389 est
1305 4349 1492 4406 panes
1521 4350 1591 4390 ex
1621 4334 1924 4407 lapidibus
1940 4335 2152 4402 facere,
2184 4353 2320 4409 pro-

663 4430 794 4495 pter
819 4423 1040 4480 famem
1067 4439 1200 4495 quee
1226 4440 1318 4479 me
1334 4429 1520 4493 urget.
1549 4424 1737 4481 Utillis
1751 4424 1888 4479 visis
1905 4425 2125 4481 alliciar
2146 4428 2320 4484 esca?

664 4510 840 4582 Atqui
871 4526 997 4566 non
1031 4510 1155 4565 solo
1186 4527 1340 4582 pane
1361 4512 1672 4568 hominum
1702 4513 1818 4568 vita
1845 4513 2063 4569 servari
2101 4520 2316 4586 potest.

669 4597 776 4654 sed
815 4603 872 4654 et
913 4598 1028 4655 alio
1060 4605 1344 4671 praeterea
1375 4601 1486 4657 cibi
1532 4617 1766 4672 genere.
1802 4604 1988 4658 Omne
2023 4603 2317 4675 siquidem

2434 4606 2491 4659 με
2541 4591 2737 4657 πείναν,
2793 4587 2875 4639 ἵνα
2942 4592 3191 4660 φανέντων
3245 4586 3554 4655 δελεασθῶ;

665 4685 916 4742 verbum
952 4688 1024 4744 ab
1053 4703 1154 4744 ore
1209 4689 1308 4746 Dei
1351 4689 1664 4761 egrediens
1708 4689 1786 4746 ad
1840 4706 1978 4745 eum
2025 4693 2129 4763 qui
2160 4693 2317 4750 fame

665 4775 972 4848 premitur,
1004 4776 1132 4834 loco
1163 4778 1280 4835 cibi
1312 4780 1497 4835 vitam
1543 4779 1674 4849 ejus
1716 4778 1989 4851 sustinet,
2022 4787 2075 4835 et
2104 4782 2320 4840 sufficit

667 4862 741 4920 ei.
775 4862 860 4920 Ita
886 4881 1027 4922 sane
1058 4867 1492 4939 gastrimargiae
1519 4866 1726 4923 dolum
1767 4866 2214 4938 longanimitate
2247 4887 2318 4928 ac

663 4951 969 5012 tolerantia
989 4954 1224 5029 repulit.
1250 4954 1707 5013 Observandum
1723 4955 1794 5030 (ε)
1822 4973 1958 5016 vero
1978 4960 2316 5018 Matthmum

735 5123 780 5160 “
811 5121 978 5182 Marc.
1011 5138 1050 5191 ι,
1084 5123 1150 5180 13
1183 5141 1198 5195 ;
1240 5122 1377 5179 Luc.
1412 5138 1490 5191 vx,
1522 5123 1576 5180 2.

2447 593 2702 665 πόρρωθεν
2733 592 2884 644 αὐτόν
2930 590 3166 663 ὶπείραζε
3207 588 3278 644 δι’
3326 593 3506 658 ὕπνου,
3559 590 3631 644 δι’
3665 592 3965 660 ἁκηδίας,
4005 596 4088 648 du

2447 677 2639 740 δειλίας
2687 687 2774 732 xui
2812 690 2908 731 τῶν
2939 684 3183 732 τοιούτων
3216 702 3227 713 ·
3262 679 3367 732 ἐπεὶ
3415 677 3474 734 δι
3525 683 3653 753 ἔγνω
3697 691 3921 737 τοῦτον
3985 706 4087 738 πει-

2443 774 2691 835 νάσαντα,
2747 770 2923 820 λοιπὸν
2980 770 3264 843 προσῆλθεν
3309 769 3480 840 ἐγγυς,
3530 777 3618 822 xui
3669 783 3938 844 φανερῶς
3975 779 4082 843 (96ξ

2445 860 2585 928 αὐτῷ
2625 858 2935 930 προσϐάλλει
2976 856 3069 910 διὰ
3099 868 3187 909 τοῦ
3218 858 3517 915 ἐπιτηδείου
3547 867 3607 931 τῇ
3643 866 3800 933 πείνῃ
3841 866 4078 924 πάθους.

2442 947 2573 1018 λέγω
2632 945 2724 1014 δὴ,
2774 957 2865 1008 τῆς
2899 953 3343 1020 γαστριμαργίας.
3404 955 3503 1001 Καὶ
3552 955 3752 1015 σκόπει,
3797 957 3868 1003 τί
3909 961 4070 1008 ποιεῖ.

2441 1036 2660 1089 Ἠκουσε
2738 1043 2825 1087 xui
2908 1041 3050 1109 παρὰ
3115 1045 3204 1088 τοῦ
3280 1037 3510 1102 Ἰωάνου,
3568 1044 3656 1090 καὶ
3725 1044 3909 1113 παρὰ
3993 1051 4076 1101 τῆς

2442 1128 2841 1196 κατενεχθείσης
2903 1128 3090 1177 ἄνωθεν
3154 1134 3339 1196 φωνῆς,
3394 1128 3472 1178 ὄτι
3547 1127 3696 1189 οὗτος
3748 1132 3905 1191 Υἱός
3969 1133 4074 1183 ἐστι

2442 1222 2532 1265 τοῦ
2577 1223 2709 1266 Θεοῦ
2762 1220 2851 1266 xui
2905 1213 3096 1285 ἀγνοῶν
3144 1217 3224 1265 ὁτι
3268 1217 3293 1266 ό
3327 1217 3443 1274 Υἱὸς
3471 1223 3561 1267 τοῦ
3601 1224 3733 1268 Θεοῦ
3781 1219 4074 1293 ἑνηνθρω·

2441 1322 2605 1360 πησεν
2648 1324 2659 1335 '

2443 1394 2711 1465 θρωπησις
2758 1409 2770 1420 ⁸

2706 1303 2851 1354 ἔλαθε
2905 1307 3005 1376 γὰρ
3057 1304 3210 1354 αὐτὸν
3264 1305 3292 1360 η
3351 1303 3638 1376 ἀπόρρητος
3690 1305 3878 1360 αὐτοῦ
3937 1309 4073 1360 ἐναν·

2834 1390 3076 1443 ῦπελαϐεν
3128 1394 3228 1457 ὃτι,
3287 1394 3553 1464 ἄνθρωπος
3617 1392 3702 1460 ὧν,
3755 1399 4067 1455 uicani-5::

2438 1490 2511 1551 τῷ
2544 1489 2657 1551 Θεῷ
2690 1476 2780 1531 διὰ
2813 1483 2899 1540 τὰς
2947 1480 3128 1552 ἀρετὰς
3177 1482 3356 1546 αὐτοῦ,
3405 1486 3493 1533 xui
3535 1480 3711 1534 λοιπὸν
3759 1483 4062 1557 ἐφθόνησεν

2439 1570 2579 1639 αὐτῷ
2627 1577 2722 1629 τῆς
2771 1568 3092 1630 τηλικαύτης
3147 1579 3320 1642 τιμῆς,
3353 1573 3525 1643 ὥσπερ
3569 1576 3657 1623 xui
3705 1581 3776 1643 τῷ
3849 1577 4060 1644 παλαιῷ

2440 1654 2638 1730 ’Δδάμ,
2667 1663 2757 1709 καὶ
2800 1661 3048 1710 ἔσπευσεν
3098 1658 3324 1712 ἐκϐαλεῖν
3381 1664 3469 1711 xui
3518 1668 3693 1713 τοῦτον
3727 1667 3960 1732 ταύτης,
3997 1670 4056 1725 ὡς

2440 1746 2627 1799 ἐκεῖνον
2648 1746 2865 1809 ἐκείνης.

2510 1928 2596 1976 Διὸ
2678 1929 2766 1975 xui
2840 1925 3132 1997 προσελθὼν
3206 1925 3358 1996 ἐγγὺς
3414 1968 3426 1990 ,
3504 1932 3712 2000 πρώτην
3781 1951 4047 2005 προσαγει

2435 2019 2636 2083 πεῖραν,
2698 2018 2790 2070 τὴν
2863 2020 3306 2087 γαστριμαργίαν,
3370 2012 3444 2066 δι’
3497 2017 3558 2078 ἧς
3628 2017 3725 2070 εἷλε
3789 2028 3884 2073 xui
3963 2028 4044 2073 τόν

2435 2111 2637 2173 πρῶτον
2691 2098 2865 2172 Ἀδάμ
2913 2123 2925 2134 ·
2973 2108 3061 2154 xui
3115 2102 3220 2154 ἐπεὶ
3278 2100 3514 2174 οὐδαμοῦ
3563 2103 3756 2177 βρῶσις
3803 2110 3890 2176 ἦν,
3952 2108 4045 2162 διὰ

2435 2195 2529 2248 τὴν
2566 2192 2696 2261 ἄγαν
2745 2193 2984 2264 ἐρημίαν,
3017 2189 3262 2261 ἐγίνωσκε
3314 2189 3371 2243 δε
3423 2201 3482 2264 τῇ
3533 2199 3672 2265 πείνη
3730 2198 3813 2246 τόν
3868 2198 4041 2269 ἄρτον

2437 2275 2563 2331 εἶναι
2606 2279 2944 2344 κατάλληλον,
2996 2280 3143 2339 αὐτὸς
3200 2284 3289 2351 μεν
3337 2281 3395 2333 οὐ
3441 2287 3738 2355 προσφέρει,
3767 2279 3905 2335 διότι
3939 2286 4035 2336 οὐκ

2436 2367 2632 2439 ἔμελλεν
2664 2368 2818 2420 αὐτὸν
2852 2371 2996 2442 παρὰ
3049 2377 3140 2420 τοῦ
3183 2368 3428 2441 πολεμίου
3484 2370 3656 2422 λαϐεῖν
3703 2374 3728 2422 ὁ
3777 2376 4016 2443 Χριστός,

2436 2454 2694 2508 ίπιτάττει
2753 2453 2811 2508 δε
2889 2457 3050 2525 αὐτῷ,
3112 2467 3334 2515 ποιῆσαι
3390 2464 3508 2520 τους
3571 2457 4029 2532 ῦποδεικνυμὲνους

2433 2544 2625 2610 λίθους,
2658 2548 2892 2619 ἄρτους·
2942 2549 3030 2597 καὶ
3081 2548 3161 2598 ἱνα
3207 2553 3277 2618 μὴ
3332 2552 3494 2619 νοήσῃ
3550 2554 3643 2607 τὴν
3696 2549 3966 2607 ἐπιϐουλὴν
4007 2551 4029 2600 ό

2436 2638 2684 2707 Χριστὸς,
2737 2637 2833 2708 ὅρα
2888 2640 3138 2706 μηχανήν
3204 2640 3291 2688 xui
3357 2643 3604 2710 πονηρίας
3676 2638 3958 2710 ὑπερϐολήν
4013 2654 4024 2667 ·

2435 2723 2526 2774 οῦκ
2580 2720 2713 2775 εἶπεν
2768 2723 2940 2785 ἁπλῶς
2998 2726 3098 2788 ὅτι,
3161 2730 3390 2782 Ποίησον
3441 2729 3556 2786 τοῦς
3603 2725 3774 2787 λίθους
3819 2730 4025 2801 ἄρτους,

2436 2810 2562 2863 ἀλλὰ
2619 2813 2865 2884 προέταξε
2896 2818 2953 2864 τό
2999 2830 3009 2840 ·
3049 2814 3106 2866 Εἰ
3165 2816 3284 2875 Υἱὸς
3337 2812 3381 2865 εἶ
3429 2823 3519 2866 τοῦ
3570 2823 3722 2878 Θεοῦ,
3753 2817 3835 2867 ἶνα
3879 2814 4023 2888 δόξῃ,

2435 2902 2510 2951 ὅτι
2564 2904 2693 2972 πρὸς
2748 2897 3014 2962 ἀπόδειξιν
3053 2910 3144 2952 τοῦ
3199 2900 3326 2953 εἶναι
3368 2903 3522 2954 αὑτὸν
3555 2906 3669 2955 Υίόν
3703 2913 3837 2957 Θεοῦ
3888 2907 4029 2965 ζητεί

2432 2992 2670 3060 γενέσθαι
2727 2996 2819 3047 τὴν
2888 2996 3235 3061 μεταποίησιν
3305 3000 3404 3042 τῶν
3455 2992 3606 3044 λίθων
3673 2993 3744 3054 εἰς
3813 2997 4017 3067 ἄρτους,

2431 3084 2584 3149 ⁸ᾩετο
2639 3082 2763 3151 γὰρ,
2807 3081 2887 3130 ὅτι
2941 3081 3426 3153 παρακνισθησεται
3474 3089 3542 3132 τῶ
3596 3080 3750 3151 λόγῳ,
3799 3085 4024 3154 καθάπερ

2436 3162 2746 3228 ὀνειδισθεὶς
2797 3166 2880 3218 ἐπὶ
2927 3177 2999 3237 τῷ
3041 3173 3110 3239 μὴ
3164 3164 3293 3220 εἶναι
3344 3169 3461 3229 Υἱὸς
3513 3177 3664 3237 Θεοῦ,
3714 3175 3802 3222 xui
3841 3170 4022 3241 ἀγνοῶν

2434 3258 2519 3306 τὸν
2589 3251 2759 3318 δόλον,
2818 3255 3096 3327 μεταϐαλεῖ
3151 3260 3272 3316 τοὺς
3329 3257 3501 3319 λίθους
3557 3258 3628 3318 εἰς
3694 3259 3907 3331 ἄρτους,
3967 3262 4027 3319 ὡς

2436 3346 2572 3415 ἔχων
2627 3343 2680 3396 ἐκ
2735 3353 2867 3397 Θεοῦ
2926 3342 3169 3416 δύναμιν,
3229 3351 3318 3398 καὶ
3386 3346 3582 3413 λοιπὸν,
3637 3342 3761 3399 ἰδὼν
3824 3349 4021 3408 αὐτοὺς,

2433 3434 2567 3484 πάνυ
2616 3443 2798 3485 πεινῶν
2871 3436 3224 3491 emersam;
3299 3442 3390 3506 τῇς
3449 3440 3680 3510 γαστρός
3721 3455 3734 3467 ⁸
3777 3435 3884 3487 ἀλλ’
3938 3436 4022 3487 οῦκ

2433 3520 2578 3574 ἔλαθε
2619 3525 2707 3572 τόν
2753 3517 3110 3594 δρασσόμενον
3159 3527 3277 3584 τοὺς
3329 3525 3512 3596 σοφοὺς
3554 3523 3602 3576 ἐν
3646 3532 3706 3597 τῇ
3739 3531 4025 3600 πανουργίᾳ

2435 3610 2622 3663 αὐτῶν.

2502 3698 2560 3750 Ὀ
2619 3695 2678 3751 δε
2738 3695 3038 3773 ἀποκριθεὶς
3087 3731 3155 3740 -
3205 3708 3359 3756 Θεοῦ.
3421 3706 3591 3762 Συνεὶς
3651 3707 3742 3760 την
3810 3723 4026 3776 πιιινουρ⁹

2431 3793 2551 3858 γίαν
2583 3788 2763 3853 αὑτοῦ,
2795 3792 2851 3840 τὸ
2883 3793 2972 3859 μεν
3018 3786 3328 3849 ἐπιζητηθὲν
3371 3798 3584 3862 σημεῖον
3628 3791 3719 3842 οῦκ
3768 3791 3982 3849 ἐποίησε
4015 3812 4024 3823 ”

2436 3873 2576 3928 διότι
2632 3880 2696 3929 τὰ
2756 3885 2948 3949 σημεῖα
3019 3874 3090 3929 δι’
3157 3879 3395 3948 ὠφέλειαν
3445 3889 3542 3931 τῶν
3599 3882 3829 3955 ὁρώντων
3888 3883 4027 3932 εῖωθε

2429 3967 2687 4037 γίνεσθαι,
2735 3968 2760 4017 ό
2812 3962 2869 4018 δε
2901 3963 3138 4026 διάϐολος
3183 3963 3332 4019 οῦδεν
3387 3967 3580 4039 ἔμελλεν
3634 3968 3858 4021 ἐντεῦθεν
3907 3977 4028 4040 reex-

2430 4054 2651 4113 ληθῆναι
2686 4070 2699 4085 ⁸
2730 4060 2819 4107 καὶ
2867 4056 2965 4129 γὰρ
3014 4056 3246 4129 ὕστερον,
3306 4053 3429 4107 ἰδὼν
3474 4060 3661 4122 πάντα,
3717 4061 3817 4109 ὅσα
3853 4057 4026 4115 ἐποίη-

2433 4162 2517 4196 σεν
2573 4144 2599 4195 ὁ
2666 4146 2896 4217 Χριστὸς
2947 4186 2961 4208 ,
3022 4144 3171 4196 οὐδὲν
3229 4144 3514 4216 μετεϐλήθη
3570 4163 3581 4176 ⁶
3641 4151 3764 4219 πρὸς
3827 4144 3885 4198 δε
3949 4152 4030 4199 ’ὸν

2429 4236 2777 4304 κεκρυμμένον
2846 4232 3005 4283 αὐτοῦ
3085 4237 3276 4285 σκοπὸν
3352 4233 3702 4306 ἀπολογεῖται,
3762 4239 3850 4286 xui
3934 4234 4031 4287 ἀπὸ

3022 4140 3171 4196 οὐδὲν
3229 4144 3514 4216 μετεϐλήθη
3570 4163 3581 4176 ⁶

2429 4328 2519 4386 τῇς
2569 4319 2618 4372 ἐν
2667 4330 2726 4392 τῇ
2777 4317 2943 4393 βίϐλῳ
2982 4329 3073 4373 τοῦ
3124 4328 3517 4394 Δευτερονομίου
3573 4330 3777 4398 Γραφῆς
3827 4323 4033 4377 ἐπιστο-

2430 4411 2570 4481 μίζει
2627 4409 2803 4478 αὑτὸν,
2850 4413 3038 4462 ὡσανεὶ
3096 4410 3254 4481 λέγων
3287 4433 3299 4444 ·
3359 4418 3420 4463 Τί
3473 4432 3562 4484 μοι
3623 4420 3785 4465 ποιεῖν
3840 4415 4032 4485 ἄρτους

2429 4496 2484 4549 ix
2547 4497 2701 4550 λίθων
2763 4497 3099 4566 ἐπιτάττειςς
3148 4502 3355 4561 Πάντως
3410 4497 3501 4552 διὰ
3553 4506 3644 4559 τὴν
3700 4506 4030 4572 συνέχουσάν

3542 4607 3554 4642 :
3612 4589 3742 4642 Ἀλλ’
3805 4590 3898 4642 οῦκ
3954 4591 4030 4642 ἐπ’

2429 4678 2570 4751 ἄρτῳ
2621 4682 2759 4748 μόνῳ
2812 4680 3031 4740 ζήσεται
3088 4679 3370 4750 ἄνθρωπος,
3415 4677 3522 4729 ἀλλ’
3570 4681 3683 4731 ἔστι
3722 4682 3810 4730 καὶ
3861 4682 4032 4750 ἕτερος

2426 4770 2610 4837 τρόπος
2667 4772 2878 4840 τροφῆς.
2941 4771 3040 4819 Καὶ
3103 4770 3204 4842 γὰρ
3259 4773 3358 4819 πᾶν
3409 4766 3573 4840 ῥῆμα,
3633 4766 4032 4841 ἐκπορευόμενον

2428 4850 2522 4906 διὰ
2577 4858 2837 4926 στόματος
2890 4862 3023 4908 Θεοῦ
3071 4853 3153 4907 ἐπὶ
3204 4859 3290 4907 τὸν
3342 4865 3607 4922 πεινῶντα,
3647 4853 3802 4914 δίκην
3835 4866 4032 4930 τροφῆς

2428 4948 2639 5015 συνέχει
2686 4948 2780 5002 τὴν
2847 4947 2982 5007 ζωὴν
3056 4945 3237 5014 αὐτοῦ,
3291 4950 3380 4997 καὶ
3439 4941 3586 5019 ἀρκεῖ
3652 4946 3812 5017 αὐτῷ.
3871 4947 4026 5002 Οῦτω

2423 5035 2768 5107 μακροθύμως
2822 5031 3178 5107 ἀπεκρούσατο
3238 5038 3332 5094 τὴν
3377 5040 3626 5109 μηχανὴν
3671 5042 3763 5099 τῆς
3809 5054 4030 5111 γαστρι-

1681 5125 1728 5162 ⁶³
1755 5125 1886 5184 Job.
1914 5143 1971 5197 v,
1999 5128 2066 5183 13
2102 5130 2162 5198 ;I
2192 5129 2323 5190 Cor.
2349 5148 2428 5205 ω,
2463 5132 2554 5190 19.
2630 5133 2678 5166 ⁸⁸
2703 5133 2868 5191 Deut.
2897 5148 3014 5205 vni,
3047 5137 3100 5190 3.

1909 5254 2130 5324 Variae
2168 5256 2499 5327 lectiones
2522 5268 2586 5327 et
2617 5266 2822 5326 notae.

732 5393 845 5466 (96)
872 5395 1052 5466 Τούτῳ
1080 5392 1149 5448 Α.

707 5515 810 5600 "(.v)
863 5520 942 5600 Ut
968 5517 1258 5600 videatur,
1292 5520 1367 5576 ad
1413 5519 1949 5583 demonstrandum
2003 5541 2142 5584 eum
2175 5543 2311 5586 esse

657 5588 1022 5663 FiliumLDei,
1055 5588 1272 5663 petere.

732 5660 814 5733 (ω)
855 5660 1076 5720 θεῖτε(
1099 5661 1270 5722 Forte
1311 5669 1445 5738 post
1477 5668 1614 5740 ἔχων
1658 5669 1875 5742 reperit
1914 5666 2089 5744 δῆθεν,
2126 5673 2310 5746 idque

2418 5531 2674 5588 reddidit
2700 5537 2872 5588 certe.

2514 5605 2566 5675 Ζ)
2607 5602 3066 5679 Observandum.
3092 5599 3332 5659 Videtur
3361 5602 3574 5679 legisse
3594 5606 4019 5679 παρατηρητέον,

2417 5669 2578 5736 Infra
2603 5674 3012 5750 ἀπαρατηρήτως
3041 5690 3285 5748 prorsus
3311 5669 3592 5747 neglexit.
