4170 6466
164 408 293 464 1⁸77
1195 399 1565 458 COMMFNT.
1606 401 1678 457 IN
1716 401 2170 462 MATTHJEUM.
2199 433 2267 445 —
2293 404 2447 461 CAP.
2478 405 2570 462 IV.
3453 400 3558 460 178

170 553 450 610 μαργιας.
484 535 907 608 ’Δπαρατήρητον
937 529 1050 601 (9³7)
1085 525 1144 581 δέ
1172 530 1252 597 τὸ,
1291 531 1374 580 τὸν
1409 530 1675 582 Ματθαῖον
1705 550 1794 602 μεν

1911 531 2208 603 pluraliter
2239 531 2467 602 lapides
2479 531 2713 599 dicere;
2746 531 2966 587 Lucam
2984 542 3126 586 vero
3157 527 3406 598 lapidem
3433 527 3553 586 sin-

169 623 379 685 λίθους
408 624 563 676 εἰπεῖν
594 622 962 689 πληθυντικῶς,
984 622 1072 670 τόν
1109 615 1168 671 δε
1195 625 1400 671 Λουκᾶν
1428 617 1569 670 λίθον
1597 619 1789 681 ἑνικῶς.

1907 620 2187 690 gulariter
2261 623 2327 673 ⁸⁸.
2359 623 2716 692 Frequenter
2754 620 2912 675 enim
2954 618 3111 690 apud
3165 617 3553 687 evangelistas

175 713 479 785 Πολλαχοῦ
529 714 628 786 γὰρ
685 719 783 762 τῶν
837 707 1212 781 εύαγγελιστῶν
1270 707 1510 768 τοιαύτας
1563 710 1794 783 εὑρήσεις

1904 709 2007 780 huj
2019 710 2272 774 usmodi,
2287 725 2422 782 quae
2439 709 2584 764 nihil
2597 707 3257 778 ofﬁciant,diversitates
3269 708 3548 781 reperies.

177 802 441 863 ἀϐλαϐεῖς
465 798 799 872 ἀδιαφορίας.

264 895 313 962 -ι-
345 893 469 945 Ἀπὸ
497 890 610 962 (98)
639 897 731 951 τῆς
754 887 989 947 Παλαιᾶς
1009 886 1148 939 ἐστιν
1173 888 1202 944 ἠ
1220 891 1501 960 μαρτυρία·
1525 887 1794 949 Μωυσέως

1973 889 2019 942 Α
2051 888 2237 944 Veteri
2258 890 2631 944 Testamento
2657 887 3085 959 depromptum
3100 889 3190 941 est
3223 903 3237 951 ;
3274 889 3360 940 est
3391 886 3551 944 enim

175 983 298 1052 γὰρ
329 979 532 1050 όλόγος.
552 982 763 1052 Καὶγάρ
779 982 868 1028 καὶ
891 976 1258 1050 οἰἙϐραῖοιτῳ
1278 978 1442 1048 μάννα
1472 976 1790 1051 ἐτράφησαν,

1901 976 2153 1032 verbum
2176 978 2364 1032 Mosis.
2396 980 2542 1032 Nam
2568 980 2622 1031 et
2643 975 2870 1030 Hebraei
2894 990 3118 1030 manna
3141 973 3547 1041 comederunt,

171 1068 288 1120 οὐκ
327 1070 469 1142 ἄρτῳ
501 1073 628 1138 ὄντι,
675 1066 803 1119 ἀλλὰ
835 1063 927 1119 διὰ
954 1067 1182 1142 ῥήματος
1228 1073 1360 1118 Θεοῦ
1402 1071 1574 1118 πᾶσαν
1605 1070 1792 1142 χρείαν

1903 1065 2061 1137 quod
2088 1081 2225 1121 cum
2263 1080 2386 1120 non
2414 1068 2566 1120 esset
2591 1065 2781 1134 panis,
2816 1079 3051 1119 omnem
3105 1067 3297 1118 tamen
3336 1078 3548 1120 eorum

168 1165 292 1209 τῶν
314 1156 569 1229 Ἐϐραίων
609 1152 915 1230 πληρούντι,
957 1161 1046 1207 καὶ
1090 1158 1259 1207 πάντα
1295 1158 1564 1227 γινομένῳ,
1602 1159 1700 1207 ὅσα
1730 1157 1788 1206 ἅμ

1901 1155 2212 1226 supplebat
2247 1153 2671 1224 indigentiam:
2705 1158 3003 1208 mutatum
3061 1152 3120 1208 in
3178 1152 3384 1207 omnia
3411 1167 3547 1224 quas

171 1255 374 1319 φαγεῖν
414 1268 495 1309 τις
536 1246 797 1318 ἐπεθύμει.
833 1248 949 1297 Εἴτε
989 1249 1088 1319 γὰρ
1142 1245 1343 1316 ἰχθύος,
1394 1248 1493 1296 εἴτε
1531 1245 1654 1311 ὠοῦ,
1695 1249 1790 1296 εἴτε

1899 1245 2144 1316 Optabat
2170 1244 2410 1315 quisque
2441 1242 2634 1308 edere,
2670 1242 2793 1298 sive
2844 1240 3088 1314 piscem,
3157 1241 3278 1296 sive
3344 1255 3543 1310 ovum,

172 1345 354 1409 τυροῦ
404 1336 645 1408 ἐπεθύμει
671 1337 696 1386 ὁ
725 1331 996 1403 Ἰουδαῖος,
1042 1337 1287 1391 τοιαύτην
1325 1334 1504 1406 γεῦσιν
1538 1340 1788 1407 παρεῖχεν

1900 1334 2020 1388 sive
2047 1348 2284 1388 caseum
2343 1332 2785 1404 concupisceret
2831 1330 3096 1394 Judasus,
3126 1328 3280 1385 illius
3309 1334 3544 1401 gustum

180 1425 338 1495 αὐτῷ
368 1428 426 1478 τὸ
466 1427 650 1497 μάννα.

1897 1438 2122 1478 manna
2152 1423 2202 1478 ei
2233 1421 2560 1494 prtebebat.

267 1519 396 1568 Τότε
449 1545 518 1556 -
586 1513 757 1568 Πόλιν.
817 1511 1236 1588 Παραλαμϐοξνει,
1303 1511 1413 1564 ἀντὶ
1475 1519 1564 1564 τοῦ
1620 1532 1786 1587 παρα-

1966 1514 2124 1567 Vers.
2167 1515 2218 1566 5.
2270 1512 2432 1566 Tunc
2462 1510 2869 1565 -cz’vitatem.
2905 1508 3176 1573 Assumit,
3247 1507 3363 1563 hoc
3429 1510 3536 1575 est,

180 1602 364 1655 λαϐὼν
404 1605 541 1675 ἄγει.
588 1609 687 1657 Καὶ
728 1606 829 1675 γὰρ
874 1601 1039 1674 ἀφῆκε
1079 1605 1165 1654 τὸν
1205 1600 1396 1674 ἐχθρὸν
1427 1602 1568 1673 ἄγειν
1609 1601 1783 1666 αὑτὸν,

1898 1600 2262 1657 assumendo
2292 1599 2473 1656 ducit.
2518 1599 2785 1656 Permisit
2816 1599 2975 1654 enim
3027 1597 3270 1654 inimico
3325 1595 3542 1652 ducere

180 1697 322 1746 ὅπου
370 1693 519 1757 θελει,
570 1698 662 1745 καὶ
717 1692 971 1765 πολεμεῖν,
1024 1694 1091 1753 ὡς
1139 1690 1403 1763 βούλεται,
1462 1692 1544 1742 ἵνα
1591 1710 1786 1742 πανταο

1897 1706 2097 1763 sequo
2134 1691 2358 1758 liberet,
2385 1697 2726 1762 etpugnare
2755 1691 2901 1744 sicut
2924 1688 3115 1754 vellet,
3145 1691 3209 1743 ut
3237 1687 3542 1759 undequa-

177 1785 350 1854 χόθεν
382 1784 644 1850 ἡττηθεὶς,
701 1787 857 1854 μόνος
902 1778 1252 1853 δραπετεύση.
1306 1779 1482 1851 Ἀγίαν
1538 1777 1596 1832 ὁε
1637 1780 1784 1832 πόλιν

1895 1796 2012 1852 que
2042 1780 2234 1835 victus
2267 1779 2431 1834 solus
2457 1779 2784 1848 aufugeret.
2819 1780 3098 1834 Sanctam
3121 1781 3325 1834 autem
3342 1776 3540 1832 civita-

176 1870 345 1942 λέγει,
414 1875 507 1929 τὴν
562 1869 923 1943 Ἰερουσαλὴμ,
984 1874 1052 1930 ὡς
1106 1878 1177 1940 τῷ
1221 1877 1334 1939 Θεῷ
1398 1868 1823 1942 ἀφωρισμένην,

1896 1872 2003 1924 tem
2030 1871 2203 1924 vocat
2253 1867 2602 1933 Jerusalem,
2664 1871 2926 1938 utpotea
2978 1868 3096 1922 Deo
3147 1864 3459 1930 delectam,
3487 1868 3543 1921 et

177 1963 278 2010 καὶ
341 1955 435 2011 διὰ
500 1967 652 2012 τοῦτο
716 1959 1008 2030 σεϐασμίαν
1062 1960 1091 2017 ἡ
1161 1960 1230 2018 ὡς
1288 1961 1374 2010 τόν
1443 1958 1590 2029 ἅγιον
1663 1953 1824 2011 ναὸν’

1892 1956 2029 2013 ideo
2058 1958 2117 2012 in
2147 1956 2479 2012 reverentia
2507 1955 2776 2011 habitam
2812 1971 2824 2008 :
2859 1958 2963 2012 aut
2990 1970 3061 2011 eo
3078 1953 3238 2027 quod
3263 1958 3538 2011 sanctum

181 2049 441 2118 ἔχουσαν.

1893 2046 2134 2102 haberet
2166 2045 2473 2118 templum.

264 2143 365 2190 Καὶ
404 2167 470 2178 —-
509 2139 664 2206 ἱεροῦ.
701 2138 772 2188 Τὸ
824 2136 1123 2209 πτερύγιον,
1183 2130 1513 2206 οἰκοδόμημα
1559 2132 1618 2192 ἧν
1649 2135 1783 2206 ὑψη-

1963 2137 2122 2192 Vers.
2149 2136 2202 2190 5.
2244 2135 2322 2190 Et
2347 2165 2416 2175 —
2449 2133 2672 2205 templi.
2715 2131 3108 2191 Pinnaculum
3167 2131 3537 2190 domuncula

181 2223 275 2276 λόν
300 2227 455 2295 ἄγαν,
487 2220 1004 2297 παρῳκοδομημένον
1036 2229 1096 2280 τῆ
1127 2221 1324 2296 πλευρᾷ
1351 2230 1442 2274 τοῦ
1477 2225 1632 2297 ἱεροῦ,
1666 2225 1785 2283 ἦτοι

1893 2229 2018 2281 erat
2035 2224 2267 2281 excelsa
2296 2223 2488 2290 valde,
2522 2223 2601 2280 ad
2626 2223 2783 2280 latus
2805 2222 3011 2295 templi
3038 2225 3465 2295 superstructa.

182 2313 284 2364 τοῦ
315 2320 458 2365 ναοῦ.

261 2407 462 2454 Καὶ-
491 2399 634 2454 πόδα
678 2421 792 2455 σου.
853 2399 1116 2460 Ἠττηθεὶς
1174 2403 1268 2457 τὴν
1328 2405 1538 2472 πρώτην
1583 2403 1780 2474 πεὶραν,

1962 2405 2189 2458 Vers.6.
2210 2402 2288 2456 Et
2308 2401 2580 2470 —pedem
2620 2404 2805 2457 tuum.
2840 2399 3028 2456 Prima
3054 2400 3242 2456 victus
3272 2398 3540 2456 tentatio-

176 2489 268 2543 ἐπὶ
301 2487 543 2563 δεύτερον
588 2489 761 2562 ἀγῶνα
806 2497 990 2563 χωρεῖ,
1051 2493 1139 2540 καὶ
1187 2484 1280 2540 διὰ
1317 2486 1612 2552 κενοδοξίας
1660 2490 1782 2542 ἑλεῖν

1893 2505 1979 2557 ne,
2015 2490 2087 2545 ad
2119 2490 2442 2545 secundum
2463 2489 2734 2561 procedit
2754 2493 3077 2554 certamen,
3108 2493 3164 2545 et
3192 2504 3298 2561 per
3318 2503 3539 2546 vanam

175 2582 336 2631 αὐτόν
393 2578 668 2654 ἐπιχειρεῖ.
733 2583 819 2631 Διὸ
873 2583 961 2631 καὶ
1021 2577 1300 2642 ἐπιτάττει,
1355 2582 1781 2652 κατακρημνίσαι

1893 2579 2128 2651 gloriam
2162 2579 2360 2651 ipsum
2388 2579 2589 2634 nititur
2617 2579 2931 2644 attrahere,
2968 2579 3222 2651 ideoque
3280 2577 3452 2650 jubet
3477 2580 3540 2634 ut

175 2668 362 2720 ἑαυτὸν
411 2673 500 2720 καὶ
568 2665 917 2726 διασωθῆναι.
968 2667 1077 2718 Ἱνα
1146 2663 1204 2718 δέ
1261 2671 1555 2740 παρακνὶση
1628 2666 1778 2718 πάλιν

1889 2669 2152 2739 seipsum
2179 2667 2508 2739 praecipitet
2531 2682 2601 2722 ac
2633 2671 2838 2722 servet.
2875 2669 3062 2740 thue
3106 2667 3298 2738 ipsum
3328 2682 3536 2722 rursus

175 2757 358 2822 αὐτόν,
400 2757 551 2808 πάλιν
603 2759 878 2832 προτάττει
922 2759 980 2808 τό
1031 2755 1089 2807 Εἰ
1143 2757 1264 2817 Υἱὸς
1316 2751 1478 2807 εἰτοῦ
1518 2762 1670 2820 Θεοῦ,
1714 2758 1777 2815 ὡς

1887 2760 2134 2828 pungat,
2195 2755 2498 2828 praemittit
2576 2755 2835 2812 iterum:
2891 2755 2953 2811 Si
3033 2755 3218 2812 Filius
3297 2756 3402 2810 Dei
3455 2770 3532 2821 es,

176 2845 241 2896 ἂν
306 2842 430 2918 δόξῃ
491 2845 644 2898 πάλιν
707 2847 879 2905 ζητεῖν
933 2849 1020 2896 καὶ
1089 2851 1242 2896 τοῦτο
1309 2847 1366 2895 τὸ
1428 2851 1660 2916 σημεῖον,
1704 2849 1775 2906 εὶς

1888 2845 2057 2916 quasi
2073 2844 2272 2900 denuo
2299 2845 2564 2900 videatur
2577 2844 2686 2900 hoc
2709 2844 2947 2914 signum
2971 2844 3048 2900 ad
3073 2845 3188 2900 hoc
3214 2843 3535 2918 procedere

178 2930 449 2996 ἀπόδειξιν
498 2942 588 2986 τοῦ
633 2935 760 2986 εἰναι
817 2934 968 2986 αὑτὸν
1029 2935 1147 2985 Υἰὸν
1196 2940 1287 2985 τοῦ
1338 2941 1490 2999 Θεοῦ,
1544 2932 1631 2985 οἵτε
1684 2940 1775 2985 τοῦ

1888 2933 2028 3005 (aa),
2059 2938 2121 2990 ut
2151 2950 2212 2990 se
2238 2933 2455 2990 Filium
2489 2934 2588 2989 Dei
2619 2949 2750 2990 esse
2781 2933 3157 2998 demonstret,
3185 2949 3535 3006 quanquam

177 3026 432 3095 προτέρου
468 3027 538 3093 μὴ
597 3029 891 3095 γεγονότος.
936 3029 1090 3074 Ὧετο
1134 3024 1236 3095 γὰρ
1268 3023 1346 3073 ὅτι
1391 3022 1514 3096 ῥᾷον
1562 3024 1773 3080 πεισθὴ-

1885 3022 1942 3078 id
1971 3024 2138 3095 prius
2166 3037 2284 3078 non
2309 3022 2508 3079 fecerit
2533 3023 2645 3094 (bb)
2667 3039 2680 3088 ;
2705 3023 3185 3096 putabatnempe
3205 3022 3436 3079 facilius
3453 3022 3532 3079 illi

179 3130 347 3176 σεται,
389 3111 430 3162 εἰ
477 3117 565 3162 καὶ
614 3117 681 3184 μὴ
731 3109 803 3164 δι’
843 3113 1035 3186 ἕτερον,
1085 3111 1212 3163 αλλοί
1258 3130 1317 3182 γε
1357 3107 1450 3162 διὰ
1491 3115 1611 3171 τούς
1657 3111 1774 3183 μέλ-

1885 3126 2060 3182 posse
2105 3112 2471 3184 persuaderi,
2523 3117 2579 3168 et
2617 3113 2664 3167 si
2694 3127 2815 3168 non
2873 3112 2954 3168 ob
3005 3113 3195 3178 aliud,
3227 3116 3285 3168 at
3317 3112 3532 3170 saltem

173 3199 350 3261 λοντας
397 3199 551 3252 αὐτόν
592 3202 712 3273 όρᾷν
745 3201 880 3252 ούτω
928 3207 1390 3275 τερατουργοῦντα·
1446 3199 1622 3252 πολλοί
1673 3201 1770 3272 γὰρ
1815 3270 1820 3275 Α

1886 3205 2126 3272 propter
2155 3201 2286 3256 illos
2315 3203 2412 3272 qui
2445 3216 2582 3256 eum
2615 3200 2916 3257 mirabilia
2952 3205 3304 3273 Operantem
3347 3201 3533 3257 visuri

177 3286 314 3346 ἦσαν
366 3293 478 3340 τότε
530 3290 672 3339 κάτω
726 3293 968 3360 παρόντες
1035 3293 1123 3340 καὶ
1178 3288 1356 3339 λοιπόν
1416 3270 1824 3362 περιπεσεῖται(

1884 3269 2068 3360 erant,
2105 3295 2246 3346 tunc
2272 3269 2433 3345 enim
2466 3288 2630 3344 multi
2664 3289 2906 3346 inferius
2937 3269 3190 3346 aderant
3227 3294 3283 3346 et
3343 3290 3425 3345 ita
3470 3290 3531 3345 in

173 3387 246 3447 τῷ
314 3377 672 3448 ύφαπλωθέντι
725 3374 924 3446 δικτύῳ
988 3385 1084 3437 τῆς
1137 3373 1458 3444 κενοδοξίας,
1535 3379 1601 3436 ὡς
1683 3383 1774 3427 τοῦ

1887 3393 2191 3450 expassam
2209 3394 2379 3434 vanas
2391 3379 2593 3450 gloriae
2608 3393 2840 3434 nassam
2861 3377 3367 3449 incideret,utpote
3384 3377 3534 3451 seip-

175 3465 508 3522 ἐπαινεθῆναι
553 3465 675 3538 παρ’
725 3464 894 3516 αύτῶν
925 3465 1082 3516 ἕνεκεν
1132 3466 1271 3515 κάτω
1332 3463 1502 3535 βαλὼν
1559 3463 1763 3520 ἑαυτὸν.
1811 3520 1818 3530 ν

1883 3466 2248 3522 sumidcirco
2264 3466 2710 3540 praecipitando,
2734 3474 2798 3522 ut
2826 3467 2904 3522 ab
2922 3466 3006 3521 eis
3030 3465 3399 3523 laudaretur.
3438 3467 3529 3539 lp-

176 3552 474 3625 Ἐφέλκεται
561 3549 620 3604 δὲ
700 3560 882 3605 τοῦτον
961 3557 1050 3605 καὶ
1129 3551 1231 3604 ἀπὸ
1310 3561 1404 3614 τῆς
1493 3558 1772 3614 Δαυῑτικης

1884 3570 2019 3611 sum
2031 3571 2272 3628 quoque
2288 3548 2567 3612 Davidica
2580 3555 3228 3628 attrahitScriptura,ut
3243 3553 3531 3612 videretur

172 3648 402 3714 Γραφῆς,
484 3642 565 3693 ἵνα
641 3637 767 3714 δόξῃ
839 3645 926 3694 καὶ
991 3642 1144 3702 αὐτὸς
1208 3640 1307 3694 ἀπο
1384 3647 1591 3714 Γραφῆς
1663 3644 1772 3692 πεί-

1880 3644 2054 3700 etiam
2084 3661 2121 3702 a
2149 3644 2456 3718 Scriptura
2485 3644 2689 3702 divina
2717 3643 3115 3701 verisimiliter
3144 3643 3525 3716 persuadere.

171 3733 276 3783 θειν
345 3729 674 3792 ἀξιοπίστως·
728 3728 838 3781 ἀλλ’
902 3730 1016 3782 οὐδ’
1102 3729 1323 3783 ἐνταῦθα
1393 3729 1572 3789 λεληθε
1645 3749 1771 3782 κακ-

1878 3733 2095 3790 Verum
2119 3734 2180 3790 hi
2197 3735 2322 3806 ejus
2342 3733 2462 3791 doli
2485 3733 2783 3791 Christum
2804 3749 3189 3808 nequaquam
3205 3733 3523 3792 latuerunt.

168 3827 390 3892 οῦργῶν.

239 3906 370 3979 Ἔφη
401 3939 466 3948 -
498 3911 630 3960 Θεόυ
673 3926 785 3963 σον.
839 3912 1131 3980 Γέγραπται
1170 3907 1217 3960 ἐν
1260 3915 1331 3979 τῷ
1389 3912 1766 3982 Δεύτερονομίῳ

1947 3911 2116 3967 Vers.
2131 3911 2185 3966 7.
2211 3910 2374 3968 Dixit
2393 3943 2462 3953 —
2483 3912 2668 3968 Deum
2690 3918 2850 3968 tuum
2865 3953 2878 3968 .
2910 3911 2977 3968 Et
2999 3911 3112 3968 hoc
3134 3912 3419 3984 scriptum
3439 3914 3527 3969 est

169 4002 259 4048 καὶ
287 4004 455 4048 τοῦτο·
489 3997 815 4069 Ἐκπειράζει
846 3993 904 4049 δε
938 4001 1024 4048 τόν
1070 4001 1220 4065 Θεὸν,
1253 3999 1277 4049 ὁ
1305 3995 1573 4070 μηδεμιᾶς
1612 3997 1766 4069 ἀνάγο

1878 3999 1934 4056 in
1957 4001 2414 4057 Deuteronomio
2439 4003 2508 4056 ⁸⁸.
2536 4003 2742 4058 Tentat
2762 4006 2962 4058 autem
2988 4003 3176 4057 Deum
3198 4001 3323 4074 qui,
3359 4001 3525 4058 nulla.

170 4105 268 4145 κης
306 4084 623 4157 ἐπικειμένης
651 4085 959 4160 ἐπιῤῥίπτων
999 4086 1180 4138 ἑαυτὸν
1213 4089 1279 4147 εἰς
1309 4095 1541 4162 προφανῆ
1588 4083 1766 4138 κίνδυ-

1876 4089 2132 4146 instante
2164 4091 2529 4156 necessitate,
2559 4092 2820 4163 seipsum
2859 4091 2919 4146 in
2961 4091 3343 4147 manifestum
3373 4105 3523 4163 prte-

164 4194 269 4236 νον,
309 4173 357 4225 ἐν
383 4181 454 4244 τῷ
489 4173 691 4248 θαρρεῖν
721 4183 792 4245 τῷ
825 4183 964 4245 Θεῷ,

1874 4178 2081 4250 cipitat
2106 4179 2460 4251 periculum,
2483 4179 2562 4234 ob
2592 4178 2856 4236 habitam
2886 4179 2947 4234 in
2990 4182 3174 4235 Deum
3212 4178 3519 4235 ﬁduciam.

236 4262 396 4315 Πάλιν
454 4293 522 4302 -
583 4267 958 4337 προσκυνήσῃς
1023 4283 1103 4336 με.
1179 4267 1425 4338 Περιττόν
1495 4259 1576 4329 ἦν,
1645 4263 1764 4317 ἀνα·

1945 4268 2106 4322 Vers.
2141 4272 2192 4323 8.
2223 4267 2441 4323 Iterum
2474 4297 2542 4308 —
2576 4268 2641 4322 V.
2684 4271 2742 4323 9.
2776 4268 3133 4324 Adoraveris
3161 4283 3269 4322 me.
3310 4267 3522 4338 Super-

160 4359 426 4426 γραφῆναι
472 4355 560 4403 καὶ
602 4355 660 4403 τό
697 4356 857 4423 ὄνομα
884 4359 977 4404 τοῦ
1025 4356 1196 4427 ὅρους.
1242 4357 1374 4404 Ποία
1419 4354 1520 4426 γὰρ
1575 4351 1760 4405 ἐκεῖθεν

1876 4371 2129 4412 vacuum
2159 4354 2364 4410 fuisset
2393 4370 2615 4412 nomen
2647 4355 2866 4411 ascribi
2899 4355 3118 4411 montis
3147 4371 3159 4410 :
3199 4370 3332 4427 quae
3357 4354 3520 4411 enim

163 4440 378 4512 ὠφελεια
411 4456 423 4505 ;
457 4443 577 4500 τέως
636 4436 686 4492 δ’
739 4441 847 4507 οὖν,
902 4439 1186 4512 ἀποτυχὼν
1241 4445 1331 4492 καὶ
1372 4449 1467 4501 τῆς
1516 4437 1761 4513 δευτέρας

1870 4441 2074 4499 fuisset
2097 4442 2238 4499 inde
2267 4449 2589 4500 consecuta
2629 4443 2847 4500 utilitas
2868 4444 2898 4499 ‘I
2939 4443 3176 4499 Interim
3203 4442 3517 4499 frustratus

161 4528 457 4604 προσϐολῆς
488 4529 513 4579 ὁ
541 4528 750 4601 ἐχθρός,
793 4535 882 4582 καὶ
935 4530 1007 4591 εἰς
1055 4535 1236 4603 τρίτην
1278 4532 1755 4602 παρασκευάζεται,

1871 4533 2134 4588 secundo
2156 4547 2392 4605 quoque
2414 4533 2640 4604 impetu
2664 4531 2953 4597 inimicus,
2983 4532 3061 4589 ad
3090 4531 3327 4588 tertium
3358 4531 3518 4588 insu-

163 4623 257 4676 τήν
313 4613 406 4669 διὰ
462 4616 820 4692 φιλαργυρίας,
878 4618 937 4677 ἣν
989 4623 1078 4670 καὶ
1128 4619 1420 4670 τελευταῖαν
1485 4617 1810 4692 ἐτήρησεν,Ι

1868 4636 1970 4692 per
1986 4625 2550 4694 praeparatur,etper
2570 4621 2882 4678 avaritiam
2903 4637 3092 4696 quam
3116 4622 3513 4681 novissimam

163 4709 232 4766 ὡς
297 4711 688 4778 χαλεπωτέραν.
748 4711 847 4760 Καὶ
903 4705 1081 4778 ἀνοίγει
1135 4707 1288 4758 αύτόν
1347 4707 1414 4767 εἰς
1445 4711 1561 4780 ὅρος
1618 4707 1757 4778 ὑψη-

1866 4711 2158 4778 servabat,
2180 4715 2436 4784 utpoque
2458 4711 2955 4784 periculosiorem,
2985 4712 3239 4784 dejicere
3261 4717 3513 4771 conatur

161 4794 394 4859 λότατον,
427 4799 618 4866 καὶτῷ
651 4791 890 4866 δακτύλῳ
937 4791 1202 4848 δείκνυσιν
1249 4795 1408 4864 αύτὼ,
1459 4795 1507 4847 έν
1559 4803 1750 4869 στιγμῇ

1865 4803 1922 4855 et
1952 4799 2014 4856 in
2042 4805 2301 4857 montem
2331 4800 2494 4858 ducit
2531 4801 2834 4858 excelsum
2873 4801 3061 4868 valde,
3115 4817 3186 4859 ac
3243 4801 3430 4876 digito
3458 4803 3511 4860 ei

160 4889 378 4958 χρόνον,
429 4887 602 4948 καθὼς
659 4887 978 4958 προσέθηκεν
1008 4887 1034 4938 ὁ
1074 4891 1302 4954 Λουκᾶς,
1359 4889 1648 4952 τουτέστιν,
1701 4886 1752 4940 έν

1864 4888 2246 4954 demonstrat,
2284 4891 2346 4947 in
2393 4896 2688 4949 momento
2749 4891 3044 4964 temporis,
3095 4891 3263 4966 quod
3327 4891 3510 4951 etiam

230 5062 277 5100 ⁸⁵
308 5062 446 5120 Luc.
479 5078 559 5134 1v,
579 5064 636 5119 3.
712 5063 761 5102 ⁸⁸
793 5064 967 5123 Deut.
1003 5080 1081 5134 vr,
1113 5065 1205 5123 16.

1373 5241 1599 5312 Variae
1623 5241 1950 5314 lectiones
1980 5249 2048 5313 et
2088 5252 2292 5315 notae.

361 5438 482 5516 I._e.
522 5443 593 5516 μὴ
622 5436 736 5493 δέον
769 5443 1178 5513 παρατηρήσεως
1215 5438 1601 5516 ἀκριϐεστέρας.

226 5509 338 5580 (98)
379 5509 531 5567 Haec
550 5511 612 5567 in
641 5509 851 5569 neutro
883 5509 1155 5568 meorum
1184 5509 1554 5585 comparent.
1590 5512 1826 5586 Sumpta
1855 5514 1995 5570 sunt
2018 5527 2092 5569 ex
2119 5512 2446 5588 Theophyl.
2474 5529 2542 5587 p.
2581 5517 2670 5574 22.

232 5633 350 5776 ἓααζ
377 5636 710 5694 Procedere.
743 5637 890 5703 lmo,
922 5649 1223 5717 qumrere,_
1248 5641 1466 5707 petere.

259 5705 329 5761 bb
392 5707 772 5776 Quanquam,
795 5712 905 5764 etc.
933 5725 947 5774 ;
977 5722 1106 5761 cum
1134 5723 1302 5776 prius
1330 5723 1452 5765 non

259 5705 350 5776 οὐ)
392 5707 772 5780 Quanquam,
795 5712 905 5764 etc.
933 5705 959 5774 ;’
977 5722 1106 5761 cum
1134 5705 1302 5778 prius
1330 5723 1452 5765 non
1481 5707 1699 5776 fecerit,
1732 5723 1856 5767 non
1893 5707 2109 5766 factum
2133 5708 2227 5767 sit.
