4170 6524
566 347 672 406 179

1866 343 2219 403 EUTYHMII
2257 343 2561 402 ZIGABEN
2567 343 2587 401 Ι

3826 344 3988 400 180

570 471 800 532 addidit
829 471 1016 530 Lucas
1031 471 1100 539 ⁸⁷,
1117 471 1233 529 hoc
1261 474 1366 537 est,
1395 471 1455 528 in
1476 486 1666 546 parvo
1695 475 1988 544 tempore,
2022 476 2220 545 partes

2333 471 2534 545 βραχεῖ
2572 478 2760 545 καιρῷ,
2806 472 2873 522 τὰ
2900 474 3027 542 μέρη
3061 477 3153 532 τῆς
3179 469 3502 544 οἰκουμένης,
3543 473 3590 524 ἓν
3617 469 3696 532 οἷς
3731 472 3984 524 ἱκειντο

573 564 756 629 orbis,
773 563 834 620 in
861 562 1082 635 quibus
1113 561 1326 618 mundi
1351 577 1538 632 regna
1555 562 1665 618 sita
1697 567 1882 630 erant,
1912 561 2136 626 dicens,
2160 563 2220 617 in

572 652 687 716 hac
711 651 954 725 quidem
976 655 1146 724 parte
1173 651 1437 723 positum
1487 655 1573 706 est
1610 667 1863 722 regnum
1929 654 2222 707 Romano-

568 757 702 798 rum
729 756 741 796 :
778 739 838 796 in
860 741 974 796 ista
994 755 1138 796 vero
1156 742 1490 804 Persarum,
1519 744 1574 794 et
1604 740 1663 794 in
1699 739 1797 795 illa
1819 741 2218 811 Assyriorum,

568 846 639 888 ac
668 829 800 903 pari
832 829 1015 886 modo
1045 828 1119 884 de
1150 829 1394 884 caeteris.
1429 830 1493 883 Et
1529 828 1670 884 item
1711 828 1822 884 hoc
1853 829 2220 901 praecipuam

568 918 752 976 habet
771 917 1049 989 gloriam,
1082 917 1130 972 si
1160 915 1382 972 formas
1412 921 1645 988 spectas
1671 932 1742 973 ac
1769 917 1992 987 species
2016 935 2029 984 ;
2058 916 2224 972 aliud

571 1022 716 1064 vero
757 1006 820 1062 in
847 1005 998 1072 aliis,
1026 1009 1081 1061 et
1111 1009 1177 1061 ut
1214 1005 1396 1061 semel
1424 1004 1643 1069 dicam,
1683 1005 1887 1062 omnia
1934 1010 2220 1064 recenset.

573 1095 801 1152 Deinde
840 1095 956 1151 ait:
989 1096 1132 1152 Haec
1159 1095 1358 1149 omnia
1388 1093 1498 1148 tibi
1543 1093 1730 1161 dabo;
1780 1097 1925 1165 puta
1973 1109 2108 1165 quas
2160 1093 2220 1149 in

573 1184 776 1255 regnis
791 1182 1001 1240 mundi
1022 1183 1417 1246 continentur,
1446 1183 1497 1238 si
1531 1189 1856 1251 prostratus
1885 1183 2222 1239 adoraveris

571 1288 683 1331 me.
704 1271 1039 1339 Quomodo,
1060 1271 1429 1336 odolose,tot
1444 1286 1514 1327 ac
1531 1271 1670 1327 talia
1689 1276 2024 1327 commutas
2048 1272 2222 1327 unica

573 1361 976 1419 adoratione?
1024 1361 1267 1432 Utique;
1327 1363 1392 1416 ut
1463 1358 1568 1414 ubi
1616 1360 1895 1431 praecepti
1943 1360 2222 1416 facilitate

571 1450 878 1522 deceperis
907 1449 1167 1506 avaritiae
1192 1449 1376 1505 hamo
1402 1463 1540 1504 eum
1567 1449 1905 1518 transfigas,
1938 1448 2219 1515 videlicet,

572 1555 710 1596 cum
741 1553 945 1596 amore
962 1538 1306 1612 possidendi
1339 1552 1660 1606 regnorum
1692 1537 1930 1593 divitias
1957 1543 2012 1593 te
2038 1537 2225 1596 adora

573 1628 742 1686 verit.
794 1627 1158 1683 Manifestius
1209 1630 1414 1682 autem
1471 1625 1550 1682 ait
1614 1627 1825 1693 Lucas,
1897 1627 2116 1682 dixisse
2172 1620 2222 1682 ei

573 1716 886 1774 diabolum
917 1732 929 1772 :
972 1716 1096 1772 Tibi
1116 1716 1263 1771 dabo
1284 1720 1629 1786 potestatem
1652 1716 1800 1772 hanc
1817 1716 2152 1772 universam
2171 1723 2222 1771 et

2331 563 2384 613 ai
2425 559 2692 632 βασιλεῖαι
2747 568 2838 612 τοῦ
2886 565 3108 631 κόσμου,
3164 560 3340 631 λέγων’
3390 559 3470 614 Ἐν
3498 563 3664 632 τούτῳ
3710 565 3809 632 μὲν
3865 571 3980 632 τῷ

2329 654 2470 722 μέρει
2519 646 2681 702 κεῖται
2748 650 2776 706 ἡ
2835 646 3079 719 βασιλεία
3131 657 3229 699 τῶν
3294 648 3574 720 Ῥωμαίων,
3643 648 3692 700 ἐν
3759 650 3978 721 τούτῳ

2332 732 2408 803 δε,
2447 739 2472 793 ἡ
2535 746 2634 788 τῶν
2693 744 2926 812 Περσῶν,
2976 737 3023 788 ἐν
3063 737 3236 808 ἐκείνῳ
3284 734 3362 796 δὲ,
3410 739 3439 796 ἠ
3483 747 3580 789 τῶν
3628 738 3974 812 ’Δσσνρίωιι

2330 830 2418 877 καὶ
2476 828 2539 877 τὰ
2598 825 2718 887 ἑξῆς
2765 827 2971 898 ὁμοίως·
3007 830 3095 876 καὶ
3135 830 3213 877 ὅτι
3257 827 3286 883 ἡ
3331 828 3420 897 μεν
3473 830 3583 897 ἔχει
3638 824 3811 889 δόξαν
3858 827 3968 880 ἐπὶ

2331 909 2508 967 τοῖσδε
2546 911 2650 974 τοῖς
2686 910 2900 981 εἴδεσιν,
2945 915 3056 985 (99)
3089 917 3117 972 ἡ
3176 912 3234 966 δὲ
3265 914 3348 967 ἐπὶ
3397 912 3599 985 τοῖσδε,
3638 922 3730 968 καὶ
3774 917 3966 986 οὒλη,

2328 1001 2406 1055 ἐπ’
2449 1003 2638 1071 ἄλλοις,
2681 1008 2770 1055 καὶ
2810 1003 2978 1064 ἁπλῶς
3030 1005 3196 1056 πάντα
3252 1003 3542 1076 καταλέγει.
3593 1003 3722 1058 Εἶτά
3773 1025 3963 1078 φησεο

2329 1099 2507 1145 Ταῦτα
2539 1094 2710 1144 πάντα
2761 1113 2844 1145 σοι
2876 1089 3052 1161 δώσω,
3106 1090 3314 1153 δηλαδή
3371 1097 3436 1147 τὰ
3495 1102 3591 1146 τῶν
3641 1093 3966 1168 βασιλειῶν

2330 1189 2422 1234 τοῦ
2471 1183 2695 1254 κόσμου,
2755 1182 2839 1234 ἐὰν
2892 1188 3061 1236 πεσὼν
3115 1189 3482 1256 πγοσκυνήσῃς
3539 1204 3619 1256 με.
3685 1192 3830 1252 Πῶς,
3911 1185 3968 1239 ὦ

2332 1268 2491 1336 δόλιε,
2540 1273 2603 1324 τὰ
2647 1280 2879 1324 τοσαῦτα
2939 1277 3027 1324 καὶ
3079 1273 3297 1324 τοιαῦτα
3338 1280 3770 1347 προσκυνήματος
3827 1275 3967 1337 ἐνὸς

2332 1360 2695 1432 ἁπεμπολεῖςς
2749 1363 2977 1427 Πάντως,
3040 1363 3138 1426 ἵνα,
3205 1371 3265 1434 τῇ
3337 1363 3545 1435 εὐκολίᾳ
3605 1373 3693 1417 τοῦ
3754 1368 3960 1418 irriti-

2331 1469 2527 1520 γματος
2581 1447 2879 1516 ἀπατήσας,
2943 1455 3240 1522 περιπείρῃς
3310 1451 3464 1503 αὑτὸν
3523 1462 3592 1522 τῷ
3656 1452 3952 1528 ἀγκίστρῳ

2332 1546 2422 1598 τῆς
2503 1538 2863 1612 φιλαργυρίας,

2332 1626 2551 1678 πλοῦτον
2608 1636 2707 1678 τῶν
2762 1627 3043 1699 βασιλειῶν
3099 1633 3532 1700 προσκυνήσαντα
3588 1649 3662 1685 σε.
3722 1632 3946 1684 Πλατῦο

2944 1543 3012 1600 ὡς
3086 1543 3237 1612 ἔρωτι
3300 1549 3388 1592 τοῦ
3471 1544 3776 1599 κτήσασθαι
3847 1548 3950 1596 τόν

2330 1734 2471 1787 τερον
2505 1712 2564 1768 δέ
2602 1736 2757 1787 φησιν
2789 1719 2813 1768 ό
2849 1723 3069 1781 Λουκᾶς,
3112 1720 3191 1770 ὅτι
3231 1719 3361 1771 εἶπεν
3394 1719 3532 1788 αὐτῷ
3587 1721 3612 1770 ὁ
3666 1717 3939 1782 διάϐολοςο

571 1806 831 1877 gloriam
857 1820 1076 1874 eorum,
1101 1805 1243 1876 quia
1261 1805 1413 1861 mihi
1433 1805 1655 1859 tradita
1681 1811 1784 1870 est,
1814 1811 1868 1860 et
1899 1806 2223 1875 cuicunque

2334 1809 2417 1855 Σοὶ
2483 1805 2563 1873 (Ι)
2623 1801 2780 1857 δώσω
2835 1810 2928 1864 τὴν
2991 1805 3226 1868 ἐξουσίαν
3293 1811 3484 1864 ταύτην
3540 1808 3772 1872 ἅπασαν,
3840 1818 3941 1864 καὶ

574 1897 704 1953 volo
720 1895 797 1951 do
826 1908 957 1950 eam
987 1912 1000 1962 ;
1022 1900 1086 1949 tu
1101 1893 1290 1963 igitur
1309 1894 1366 1948 si
1390 1895 1724 1962 provolutus
1747 1909 1946 1950 coram
1974 1910 2064 1949 me
2084 1895 2220 1950 ado-

578 1985 832 2048 raveris,
860 1987 1029 2037 erunt
1048 1988 1151 2038 tua
1167 1983 1363 2038 omnia
1389 1983 1454 2036 ⁸⁸.
1481 1982 1791 2038 Mattheeus
1819 1981 2064 2054 quidem
2098 1984 2221 2038 haec

572 2070 858 2144 praeteriit
887 2075 1177 2143 tanquam
1226 2085 1342 2126 non
1398 2072 1779 2129 necessaria:
1836 2070 2026 2128 Lucas
2078 2087 2220 2128 vero

575 2160 828 2226 addidit,
862 2159 1008 2234 quia
1035 2159 1149 2216 hoc
1173 2159 1302 2216 loco
1329 2159 1506 2216 dicta.

3903 1900 3930 1915 ν

2332 1897 2425 1950 τὴν
2475 1890 2632 1956 δοξαν
2702 1895 2888 1954 αὐτῶν,
2949 1898 3029 1946 ὅτι
3097 1895 3208 1967 ἐμοὶ
3279 1893 3658 1968 παραδέδοται,
3730 1904 3820 1950 καὶ

2332 1979 2414 2033 έὰν
2479 1980 2624 2047 θελω,
2691 1979 2890 2055 δίδωμι
2938 1984 3126 2041 αὐτήν,
3190 1990 3254 2036 Σῦ
3318 1982 3424 2050 οὖν,
3477 1985 3560 2038 ἐὰν
3627 1995 3938 2061 προσκυνή-

2333 2089 2426 2142 σῃς
2483 2069 2694 2123 ένώπιόν
2761 2090 2881 2142 μου,
2953 2076 3101 2125 ἔσται
3162 2093 3255 2126 σου
3315 2082 3479 2129 πᾶσα.
3545 2075 3602 2127 Ὀ
3667 2080 3756 2147 μὲν
3836 2074 3932 2128 οὖν

2331 2161 2596 2221 Ματθαιος
2646 2167 2812 2212 ταῦτα
2864 2163 3284 2234 παρέλειψεν,ὼς
3313 2164 3405 2215 οῦκ
3462 2163 3726 2235 ἀναγκαῖα·
3782 2167 3809 2216 ὁ
3863 2162 3934 2218 δὲ

572 2255 784 2312 Λουκᾶς
823 2251 1145 2323 προσέθηκεν
1183 2249 1335 2316 αὐτὰ,
1392 2251 1460 2310 ὡς
1510 2257 1798 2306 τηνικαῦτα
1833 2250 2079 2324 ῥηθέντα.
2131 2246 2328 2308 Πολλὰς
2367 2245 2425 2300 δὲ
2464 2250 2707 2312 τοιαύτας
2736 2249 3073 2323 παραλείψεις
3111 2257 3199 2304 καὶ
3226 2255 3529 2325 προσθήκας
3558 2253 3605 2305 ἐν
3635 2260 3739 2312 τοὶς
3771 2253 3928 2324 εῦαγ-

570 2339 838 2412 γελισταῖς
874 2339 1130 2414 εὑρήσεις,
1167 2342 1255 2390 καὶ
1286 2337 1368 2391 ἐπὶ
1394 2346 1574 2391 πασῶν
1604 2341 1695 2410 ἔχε
1719 2338 1870 2390 λύσιν
1911 2341 1998 2399 τὰς
2026 2335 2347 2397 δηλωθείσας
2370 2336 2559 2399 αἰτίας.

646 2427 965 2500 Plerasque
993 2431 1194 2484 autem
1212 2426 1559 2496 hujusmodi
1581 2426 1938 2484 omissiones
1968 2442 2034 2482 ac
2061 2426 2220 2482 addi-

574 2517 766 2575 tiones
798 2516 962 2589 apud
993 2516 1386 2588 evangelistas
1417 2515 1695 2589 reperies,
1725 2521 1780 2572 et
1820 2516 1880 2572 in
1938 2515 2222 2572 omnibus

574 2621 686 2682 pro
711 2605 1005 2664 solutione
1034 2606 1346 2678 praedictas
1377 2605 1590 2663 adhibe
1629 2621 1864 2662 causas.

650 2873 806 2932 νοτε.
837 2873 925 2930 10.
960 2870 1121 2929 Tunc
1149 2870 1430 2928 —solum
1479 2869 1653 2927 coles.
1707 2871 1824 2925 Hoc
1872 2884 2113 2942 quoque
2162 2869 2224 2926 in

575 2961 1027 3020 Deuteronomio
1081 2961 1367 3034 scriptum
1413 2962 1502 3015 est
1559 2961 1630 3014 ‘9.
1702 2958 2024 3014 Considera
2087 2974 2223 3014 vero

2407 2429 2523 2495 [Ἣ
2578 2426 2657 2498 (2)
2722 2432 2947 2499 χρονικὴ
3038 2434 3231 2500 στιγμὴ
3290 2438 3383 2489 τῆς
3441 2428 3800 2503 ἀστρονομίας,
3853 2428 3913 2480 οῦ

2330 2517 2464 2568 πάνυ
2496 2535 2545 2567 τι
2578 2514 2763 2588 βραχὺ
2797 2513 3073 2588 διάστημα
3135 2522 3400 2575 κέκτηται.
3462 2518 3645 2591 Ἤρκει
3709 2514 3792 2570 οὖν
3851 2518 3925 2579 εἰς

2331 2608 2482 2675 μόνον
2558 2607 2616 2656 τὸ
2677 2601 2846 2668 δεῖξαι
2900 2608 2962 2658 τὰ
3018 2611 3147 2680 μέρη
3209 2615 3297 2666 τῆς
3363 2607 3686 2679 οἰκουμένης,
3750 2607 3796 2658 έν
3848 2609 3928 2669 οἷς

2331 2695 2522 2746 ἔκειντο
2574 2695 2627 2745 αἱ
2656 2693 2941 2765 βασιλεῖαι,
2992 2699 3081 2748 καὶ
3119 2695 3190 2756 είς
3220 2699 3277 2748 τό
3328 2695 3483 2750 εἰπεῖν
3514 2696 3669 2768 ὀλίγα
3693 2702 3929 2770 περὶτῆς

2332 2777 2461 2844 δοξη
2473 2802 2493 2842 ς
2515 2781 2724 2854 αύτῶν.]

2403 2875 2528 2924 Τότε
2585 2902 2652 2910 —
2723 2874 2861 2943 μόνῳ
2938 2872 3258 2946 λατρεύσεις.
3345 2879 3444 2928 Καὶ
3524 2882 3676 2928 τοῦτο
3739 2875 3788 2928 ἐν
3857 2886 3929 2946 τῷ

2334 2966 2708 3032 Δευτερονομίῳ
2773 2967 3084 3035 γέγραπται.
3146 2968 3328 3016 Σκόπει
3395 2962 3476 3032 δε,
3543 2966 3624 3016 ὃτι
3689 2964 3774 3017 ἐπὶ
3839 2970 3929 3036 μὲν

573 3051 740 3125 quod
769 3051 829 3108 in
857 3049 1156 3125 prioribus
1185 3048 1432 3122 quidem
1460 3047 1888 3103 tentationibus
1941 3047 2225 3119 patienter

2332 3056 2432 3108 τοῖς
2507 3049 2830 3122 προλαϐοῦσι
2904 3060 3214 3124 πειρασμοῖς
3293 3055 3636 3126 μακροθύμως
3714 3052 3931 3127 ἁπεκρί-

573 3140 967 3213 responderit.
999 3138 1106 3195 Ubi
1148 3143 1350 3194 autem
1395 3135 1541 3191 vidit
1587 3135 1788 3208 ipsum
1847 3136 2224 3208 impudenter

575 3230 676 3287 Dei
721 3229 797 3286 ad
878 3244 941 3285 se
998 3226 1411 3284 adorationem
1458 3225 1767 3291 attrahere,
1835 3225 2222 3299 divinumque

575 3322 846 3392 expetere
866 3317 1182 3383 honorem,
1215 3319 1358 3371 tunc
1383 3314 1583 3386 ipsum
1609 3313 1954 3386 increpavit,
1981 3315 2219 3371 dicens:

575 3408 709 3476 Abi,
741 3408 990 3476 Satana,
1022 3405 1138 3462 hoc
1169 3407 1279 3470 est,
1314 3403 1564 3470 Recede,
1621 3403 1977 3461 adversarie.
2033 3405 2222 3460 Lucas

578 3513 718 3554 vero
745 3496 988 3569 scripsit
1014 3512 1027 3551 :
1062 3495 1190 3553 Abi
1215 3500 1346 3563 post
1372 3510 1473 3559 me,
1501 3493 1724 3550 Satana
1754 3493 1823 3559 7°,
1869 3493 1984 3549 hoc
2050 3497 2158 3562 est,
2191 3509 2222 3548 e

575 3588 906 3656 conspectu
935 3597 1071 3638 meo
1093 3587 1145 3637 te
1175 3581 1341 3637 aufer
1369 3598 1383 3648 ;
1407 3580 1572 3652 quod
1615 3581 1771 3636 enim
1797 3584 1933 3652 post
1961 3580 2222 3653 aliquem

576 3674 838 3748 ponitur,
863 3671 969 3744 ipsi
1000 3685 1121 3726 non
1149 3674 1415 3742 apparet.
1445 3672 1646 3742 Neque
1676 3669 1956 3725 sustinuit
1978 3675 2039 3725 ut
2062 3685 2226 3726 men-

577 3761 736 3819 dacii
774 3763 1048 3830 argueret
1075 3757 1371 3814 dicentem
1408 3756 1612 3814 omnia
1665 3757 1777 3812 sibi
1831 3757 2045 3814 tradita
2073 3774 2220 3830 esse,

578 3849 687 3908 sed
717 3847 917 3904 denuo
964 3847 1167 3920 ipsum
1198 3861 1235 3903 a
1275 3845 1575 3918 Scriptura
1614 3845 1848 3918 repulit,
1883 3852 1938 3903 et
1984 3852 2226 3904 versuto

576 3936 888 4008 ﬂagellum
912 3935 1068 3994 facta
1083 3939 1170 3992 est
1187 3934 1537 4009 increpatio,
1554 3950 1748 4008 neque
1779 3935 1939 3992 enim
1962 3936 2224 4009 amplius

578 4025 867 4094 toleravit.

651 4119 720 4173 Et
748 4113 880 4172 ideo
903 4114 1006 4187 (cc)
1029 4111 1337 4171 Mattheus
1354 4112 1597 4187 quidem
1612 4119 1977 4186 postremam
1999 4114 2229 4187 scripsit

579 4204 845 4263 avaritiae
875 4204 1262 4260 tentationem
1292 4219 1305 4258 :
1340 4204 1528 4259 Lucas
1558 4208 1756 4260 autem
1818 4205 2014 4277 potius
2053 4220 2226 4260 vanae

578 4294 798 4365 gloriae,
830 4293 974 4369 quia
1003 4292 1308 4348 Matthaeus
1355 4306 1499 4349 sane
1531 4292 1706 4348 etiam
1764 4293 1988 4350 ordinis
2043 4297 2228 4350 tenta-

579 4384 799 4442 tionem
823 4399 1028 4440 curam
1049 4380 1279 4449 habuit,
1303 4381 1490 4437 Lucas
1512 4398 1653 4438 vero
1675 4382 1856 4438 solius
1872 4381 2227 4437 narrationis
2259 4405 2305 4461 ι)

579 4487 808 4540 earum.
842 4473 906 4528 In
935 4487 1059 4545 quo
1115 4485 1257 4541 ergo
1313 4487 1348 4528 a
1397 4471 1825 4528 tentationibus
1903 4470 2226 4526 Salvatoris

577 4560 1015 4618 instituemur?
1068 4562 1137 4617 Ut
1167 4565 1318 4616 certe
1372 4560 1618 4618 inimico
1670 4575 1983 4632 nunquam
2041 4559 2225 4617 ﬁdem

580 4649 957 4708 habeamus:
990 4663 1066 4706 ne
1122 4648 1170 4706 si
1201 4649 1367 4707 utilia
1429 4649 1680 4723 quidem
1737 4663 1807 4704 ac
1890 4647 2226 4705 necessaria

652 4828 697 4866 ⁸⁷
731 4827 870 4886 Luc.
902 4843 984 4895 1v,
1013 4833 1063 4886 5.
1099 4827 1321 4886 "-lbid.
1357 4829 1409 4894 6,
1433 4831 1488 4882 7.

2331 3156 2460 3207 νετο,
2509 3140 2591 3191 ὅτε
2645 3134 2703 3190 δι
2736 3135 2867 3190 εἶδεν
2922 3141 3076 3192 αὐτὸν
3120 3145 3212 3199 τὴν
3256 3150 3343 3193 τοῦ
3399 3151 3530 3194 Θεοῦ
3570 3146 3932 3215 προσκύνησιν

2333 3225 2398 3286 εἰς
2449 3226 2628 3278 ἑαυτὸν
2679 3225 3043 3298 ἀναισχύντως
3109 3229 3338 3299 ἕλκοντα,
3399 3236 3487 3283 καὶ
3563 3239 3696 3284 Θεοῦ
3774 3237 3931 3304 τιμὴν

2332 3316 2670 3380 ἀπαιτοῦντα,
2754 3321 2868 3368 τότε
2953 3316 3258 3389 έπετίμησεν
3343 3319 3482 3389 αὐτῷ
3565 3321 3736 3372 εἰπών’
3806 3321 3933 3374 ’Υπ-

2331 3405 2424 3474 άγε
2487 3404 2588 3476 (3),
2638 3411 2856 3474 Σατανᾶ,
2919 3411 3202 3472 τουτέστιν,
3259 3405 3542 3482 ἁναχώρει,
3594 3408 3927 3482 ἀντικείμενε.

2323 3482 2389 3547 ’Θ
2422 3489 2480 3545 δὲ
2532 3499 2734 3554 Λουκᾶς
2758 3493 2956 3565 ’Υπαγε
3021 3494 3189 3547 ὀπίσω
3241 3516 3364 3567 μου,
3427 3496 3666 3569 ἔγραψεν,
3719 3501 3745 3550 ὁ
3790 3498 3933 3550 ἐστιν

2335 3583 2705 3654 ’Δφανίσθητμ
2792 3582 2848 3633 Ὀ
2913 3587 3012 3656 γὰρ
3092 3584 3256 3636 ὀπίσω
3307 3587 3443 3646 τινος
3515 3591 3799 3657 γενόμενος,
3871 3588 3930 3640 οῦ

2333 3676 2563 3744 φαίνεται
2616 3670 2776 3740 αύτῷ.
2835 3672 2944 3723 Οὐκ
2995 3673 3209 3743 ὴνέχετο
3269 3669 3326 3725 δὲ
3356 3673 3557 3744 ἐλέγξαι
3598 3675 3751 3727 αὐτὸν
3799 3676 3933 3746 ψευ-

2336 3762 2574 3831 σάμενον,
2609 3761 2687 3812 ὅτι
2726 3761 2751 3810 ὁ
2787 3765 2983 3832 κόσμος
3037 3759 3177 3831 αύτῷ
3229 3759 3611 3835 παραδέδοται,
3660 3764 3792 3816 ἀλλὰ
3831 3768 3936 3817 ποί-

2333 3848 2410 3900 λιν
2443 3847 2543 3900 ἀπὸ
2586 3857 2681 3911 τῆς
2722 3854 2925 3921 Γραφῆς
2983 3849 3137 3901 αὑτὸν
3195 3855 3556 3922 καταισχύνει.
3611 3858 3709 3906 Καὶ
3751 3852 3934 3907 λοιπὸν

2334 3937 2532 4011 μάστιξ
2560 3946 2632 4008 τῷ
2661 3947 2868 4011 πονηρὼ
2893 3941 3096 4010 γέγονεν
3146 3941 3174 3997 ἠ
3227 3939 3549 4011 ἐπιτίμησις.
3601 3941 3790 3994 Οὐκέτι
3827 3947 3934 4019 γὰρ

2336 4024 2667 4101 έκαρτέρησε.

2412 4120 2509 4168 Καὶ
2579 4112 2724 4168 διατὶ
2773 4117 3037 4175 Mareade;
3090 4117 3180 4188 μεν
3246 4115 3530 4170 τελευταῖον
3597 4118 3790 4190 ἔγραψε
3843 4124 3939 4172 τὸν

2337 4203 2628 4277 πείρασμὸν
2701 4211 2794 4264 τῆς
2854 4203 3214 4277 φιλαργυρίας,
3275 4207 3300 4256 ὁ
3352 4202 3409 4257 δι
3481 4213 3682 4266 Λουκᾶς
3739 4207 3938 4278 μᾶλλον

2335 4297 2422 4345 τὸν
2485 4300 2578 4354 τῆς
2626 4289 2923 4354 κενοδοξίας
2974 4309 2988 4356 ς
3043 4297 3183 4345 Διοτι
3233 4295 3489 4355 Ματοαῖος
3544 4299 3633 4366 μεν
3696 4303 3786 4348 καὶ
3845 4308 3938 4359 τῆς

2336 4382 2527 4445 τάξεως
2578 4390 2675 4433 τῶν
2732 4390 3032 4454 πειρασμῶν
3068 4381 3350 4454 ἐφρόντισε·
3407 4390 3610 4445 Λουκᾶς
3665 4381 3723 4438 δὲ
3772 4391 3939 4458 μόνης

2336 4478 2430 4532 τῆς
2479 4467 2778 4543 διηγήσεως
2831 4470 3024 4528 αὐτῶν,
3089 4476 3152 4524 Τί
3213 4467 3300 4522 οὖν
3329 4470 3428 4524 ἀπὸ
3477 4481 3578 4543 τῷν
3630 4487 3939 4548 πειρασμῶν

2334 4567 2426 4612 τοῦ
2483 4567 2717 4632 Σωτῆρος
2795 4557 3153 4630 παιδευόμεθα
3206 4577 3220 4627 ;
3268 4564 3335 4613 Τὸ
3399 4565 3470 4633 μὴ
3544 4564 3814 4615 πείθεσθαι
3867 4572 3940 4635 τῷ

2337 4647 2510 4724 ἐχθρῷ
2565 4645 2849 4722 μηδέποτε,
2909 4645 3046 4721 μηδὲ
3119 4649 3162 4701 εἰ
3226 4654 3474 4724 χρήσιμα
3530 4655 3618 4702 καὶ
3674 4649 3944 4723 ἀναγκαία

1565 4825 1613 4861 ⁶⁹
1640 4824 1808 4882 Deut.
1835 4841 1912 4890 vx,
1942 4829 1992 4883 3.
2023 4827 2071 4861 το
2102 4826 2240 4884 Luc.
2268 4842 2346 4891 iv,
2388 4825 2441 4884 8.

1795 4979 2013 5047 Variae
2043 4980 2370 5048 lectiones
2401 4988 2467 5047 et
2491 4979 2704 5058 fnotc'e.

652 5154 764 5228 (99)
795 5153 980 5212 Intell.
1012 5158 1112 5206 τῶν
1132 5169 1243 5278 χιςη
1249 5145 1428 5223 μάτων
1451 5149 1541 5201 καὶ
1561 5150 1900 5220 πραγμάτων.

652 5229 725 5278 {ll
758 5221 1133 5278 Παοαδίδοται
1218 5265 1232 5278 .
1859 5265 1867 5273 .

679 5221 1259 5303 υᾙαραδίδοῖαίθί
1391 5289 1431 5303 ..
1530 5290 1541 5303 .
1713 5294 1724 5303 .
1852 5265 1867 5301 .-

679 5229 696 5282 ι
758 5229 1133 5303 Παραδίδοται
1162 5229 1232 5280 Β.
1420 5289 1431 5301 ,
1852 5265 1867 5301 ί
2138 5290 2149 5301 ⁸

646 5229 726 5373 E2;
747 5301 888 5373 limo
915 5298 979 5373 in
1009 5299 1265 5373 utroque
1286 5289 1502 5373 codice
1526 5290 1803 5373 leguntur
1847 5306 1907 5346 in
1943 5305 2229 5373 ‘margine

576 5360 1008 5442 ac‘referuntur
1037 5365 1116 5442 ad
1131 5360 1494 5442 vocabulum
1528 5370 1773 5433 στιγμῆς,
1797 5361 1963 5435 quod
2012 5378 2042 5418 e
2071 5362 2231 5420 Luca

575 5442 858 5501 laudatur
885 5440 949 5494 in
980 5433 1205 5492 scholio
1231 5433 1526 5501 proximo.

646 5514 726 5588 (3)
759 5510 1060 5581 Chrysost.
1087 5509 1132 5563 t.
1168 5503 1278 5574 VII,
1306 5520 1372 5578 p.
1416 5504 1538 5563 172.
1580 5507 1644 5563 Α.
1697 5503 1761 5560 Β.
1819 5504 1982 5563 hunc
2029 5504 2229 5563 locum

647 5660 758 5739 (cc)
789 5658 947 5720 Ideo.
979 5654 1112 5716 Cur.

2339 5149 2748 5224 interpretans,
2782 5150 2888 5224 bis_
2911 5148 3092 5207 habet
3117 5151 3285 5203 οπίσω
3325 5171 3445 5224 μου.
3477 5152 3596 5224 Sed
3624 5151 3738 5208 ista
3757 5166 3938 5208 voca-

2338 5221 2479 5276 bula
2517 5226 2801 5294 nontam
2835 5221 3251 5292 Chrysostomi,
3285 5221 3466 5294 quam
3491 5223 3764 5278 codicum
3797 5238 3942 5279 auc-

2340 5294 2572 5367 toritate
2602 5293 2886 5367 nituntur.
2922 5296 3069 5367 Nam
3099 5293 3544 5367 Chryso’stomus
3595 5294 3822 5367 saepius
3845 5294 3938 5367 di-

2338 5379 2508 5419 versa
2547 5363 2679 5419 loca
2706 5364 2958 5418 invicem
2988 5363 3442 5435 jungit."01riam
3471 5385 3570 5435 μου
3595 5406 3609 5430 ,
3647 5363 3710 5420 ut
3749 5364 3827 5421 ad
3871 5366 3932 5421 h.

2340 5435 2947 5518 1.'dociii‘,'expul§uin
2973 5442 3060 5492 est
3079 5438 3428 5494 auctoritate
3453 5435 3934 5508 Origenis,quem

2341 5505 2474 5562 vide
2511 5510 2552 5562 t.
2587 5505 2772 5578 1n,p.
2810 5506 2936 5562 51.0.
3559 5505 3598 5523 ’-
