4170 6468
226 391 343 448 181
1228 385 1597 445 COMMENT.
1638 385 1710 444 IN
1744 383 1873 444 MA'l

1962 383 2180 445 LEUM.
2219 417 2289 430 -
2327 385 2480 445 CAP.
2525 385 2621 443 ΠΙ.
3506 384 3609 478 18β

230 515 534 574 ἕπετάττει.
595 520 760 571 Σαίνει
944 517 1044 589 γὰρ
1098 522 1171 586 τῷ
1223 521 1471 590 χρηστῷ,
1525 511 1736 585 τελευτᾷ
1787 509 1847 567 δε

1960 513 2178 586 iubeat.
2249 513 2555 586 Siquidem
2603 527 2708 586 per
2753 527 2826 569 ea
2881 527 3014 586 qua:
3069 511 3392 570 commoda
3447 515 3607 585 sunt,

230 626 318 669 εις
351 610 594 683 πονηρὸν⁸
642 606 721 677 (4)
757 609 914 677 τὸμὴ
971 600 1066 657 διὰ
1110 603 1258 678 λιμόν
1312 607 1342 662 ἣ
1389 604 1633 661 τοιαύτην
1689 600 1844 660 ἀλλην

1958 603 2233 660 adulatur
2263 620 2274 658 :
2310 603 2436 659 ﬁnit
2463 618 2605 659 vero
2636 602 2694 657 in
2729 601 2976 658 malum.
3006 600 3197 674 thue
3220 616 3330 658 nec
3363 607 3605 675 propter

231 694 480 766 ἀνάγκην
531 703 692 748 ποιεῖν
747 693 943 766 θέλημα
998 700 1090 746 τοῦ
1163 689 1426 765 δαίμονος,
1501 690 1626 744 ἀλλά
1688 711 1844 744 κατα-

1956 691 2200 758 famem,
2228 691 2484 748 aliamve
2515 695 2824 762 urgentem
2859 690 3290 756 necessitatem,
3312 689 3603 748 faciamus

231 788 449 857 φεύγειν
476 784 559 837 ἐπὶ
586 787 672 836 τόν
703 787 850 836 Θεόν’
883 786 941 836 τό
972 787 1044 855 μὴ
1082 782 1404 856 ἐκπειράξειν
1444 785 1530 834 τὸν
1575 784 1724 849 Θεὸν,
1755 785 1843 832 καὶ

1952 779 2244 836 daemonis
2270 781 2656 845 voluntatem,
2689 781 2789 834 sed
2817 779 2893 834 ad
2925 780 3111 834 Deum
3139 779 3558 849 confugiamus
3586 797 3597 836 :

228 875 296 925 τὸ
327 877 403 945 μὴ
443 876 724 947 προσέχειν
768 880 840 942 τῷ
886 868 920 924 δ
927 871 1114 943 ιαϐόλῳ
1161 878 1354 943 σημεῖα
1393 871 1654 931 ζητοῦντι.
1689 869 1841 924 Δόλον

1953 884 2024 925 ne
2048 869 2236 925 Deum
2269 874 2583 933 tentemus,
2638 883 2830 940 neque
2885 867 3126 923 diabolo
3158 870 3334 939 signa
3378 870 3600 942 petenti

222 964 339 1035 γὰρ
387 965 590 1023 τούτοις
636 960 999 1035 ὶναποκρύψας
1041 961 1191 1016 αἰτεῖ.
1241 963 1380 1020 Τινὲς
1435 956 1494 1013 δὲ
1547 979 1694 1032 φασι,
1753 962 1840 1010 τόν

1952 957 2353 1016 intendamus.
2410 959 2543 1014 Haec
2593 958 2753 1014 enim
2816 954 3112 1013 occultato
3171 956 3286 1013 sub
3329 957 3414 1014 eis
3465 959 3599 1017 dolo

223 1047 264 1104 δ
270 1050 484 1104 ιάϐολον
527 1048 804 1113 ὑποδεῖξαι
843 1058 917 1120 τῷ
956 1058 1171 1125 Χριστῷ
1213 1051 1390 1112 πάσας
1434 1051 1523 1111 τὰς
1563 1047 1840 1122 βασιλείας

1951 1048 2228 1121 postulat.
2279 1048 2537 1114 Quidam
2563 1051 2764 1104 autem
2791 1046 2999 1102 dicunt
3027 1045 3338 1102 diabolum
3369 1047 3598 1106 Christo

218 1148 326 1194 τοῦ
374 1146 576 1214 κόσμου
623 1146 713 1192 καί
749 1144 841 1200 τὴν
890 1136 1046 1203 δόξαν
1087 1139 1274 1205 αὐτῶν,
1325 1138 1384 1192 ού
1418 1137 1534 1190 κατ’
1584 1140 1836 1196 αἴσθησιν

1946 1137 2387 1195 demonstrasse
2449 1136 2650 1192 omnia
2723 1150 2912 1205 regna
2973 1135 3184 1190 mundi
3236 1139 3293 1191 et
3345 1135 3593 1205 gloriam

215 1239 485 1301 τοπικῶς,
544 1228 672 1283 ἀλλὰ
733 1231 868 1283 κατὰ
929 1226 1163 1282 διάνοιαν
1224 1229 1612 1302 ύπογραφῖκῶς.
1671 1234 1834 1280 Τοῦτο

1948 1245 2173 1294 eorum,
2201 1243 2320 1283 non
2334 1226 2411 1283 ad
2437 1241 2681 1282 sensum
2702 1223 2984 1291 localiter,
3012 1223 3118 1280 sed
3135 1223 3211 1279 ad
3233 1224 3595 1283 intellectum

224 1317 294 1373 δὲ
353 1317 514 1388 εἶπον,
563 1317 658 1374 διὰ
701 1322 760 1373 τὸ
807 1318 855 1372 ἓν
905 1327 1098 1392 στιγμῇ
1155 1322 1349 1392 χρόνον
1393 1319 1584 1380 ταύτας
1624 1312 1834 1370 ὑποδεῖ-

1945 1316 2330 1387 designando.
2370 1315 2486 1372 Hoc
2512 1319 2712 1372 autem
2755 1312 3029 1369 dixerunt
3060 1317 3302 1386 propter
3327 1313 3387 1369 id
3429 1316 3592 1387 quod

225 1406 345 1470 ξαι.
1941 1408 2230 1480 scriptum
2257 1410 2364 1473 est,
2410 1405 2538 1464 haec
2566 1405 2620 1460 in
2652 1408 2961 1461 momento
3014 1403 3300 1477 temporis
3351 1403 3594 1463 demon-

1939 1501 2155 1554 strasse
2167 1539 2180 1552 .

305 1588 434 1638 Τότε
484 1615 555 1626 —-
601 1581 860 1648 διάϐολος,
921 1583 976 1638 Ὀ
1047 1579 1106 1637 δὲ
1170 1587 1380 1646 Λουκᾶς
1439 1581 1680 1657 ἔγραψεν,
1750 1582 1830 1634 ότι

2007 1585 2170 1642 Vers.
2187 1586 2211 1641 1
2230 1588 2245 1640 1
2263 1626 2276 1640 .
2296 1585 2450 1641 Tunc
2461 1615 2529 1626 —
2541 1583 2813 1641 diabolus
2826 1627 2840 1641 .
2863 1583 3051 1639 Lucas
3067 1585 3268 1640 autem
3282 1583 3583 1658 scripsit",

220 1676 320 1729 καὶ
384 1674 683 1736 συντελέσας
743 1677 912 1728 πάντα
967 1677 1257 1748 πειρασμόν
1324 1674 1350 1725 ό
1410 1667 1672 1738 διάϐολος,
1733 1670 1830 1724 ἁπ-

1941 1675 2102 1747 quod
2161 1673 2460 1747 completa
2512 1673 2681 1730 omni
2727 1672 3070 1739 tentatione,
3117 1671 3396 1729 diabolus
3447 1673 3588 1731 abs-

220 1769 354 1823 ἐστη
409 1765 501 1817 ἀπ’
553 1764 712 1817 αὐτοῦ
765 1765 902 1838 ἄχρι
940 1771 1143 1839 καιροῦ.
1187 1767 1287 1816 Καὶ
1341 1766 1592 1834 φαίνεται,
1645 1761 1724 1813 ὁτι
1777 1763 1826 1813 οἱ

1939 1765 2110 1820 cessit
2148 1764 2221 1821 ab
2251 1779 2317 1820 eo
2345 1778 2532 1836 usque
2562 1762 2641 1820 ad
2672 1766 2917 1834 tempus.
2959 1761 3216 1834 Apparet
3245 1766 3442 1819 autem
3470 1767 3586 1820 tres

218 1852 670 1928 ἀπαριθμηθέντες
732 1860 870 1928 τρεῖς
933 1857 1238 1926 πειρασμοὶ,
1307 1850 1558 1923 κεφάλαια
1621 1852 1865 1927 πάντων]

1940 1858 2316 1910 enumeratas
2340 1852 2714 1913 tentationes,
2744 1850 2944 1922 capita
2987 1850 3259 1906 omnium
3287 1866 3423 1908 esse
3464 1855 3587 1909 ten-

217 1941 330 1994 εἰσὶ
380 1951 479 1994 τῶν
531 1951 854 2018 πειρασμῶν.
899 1943 984 1996 Ἐκ
1042 1944 1237 1994 τούτων
1288 1943 1388 2014 γὰρ
1446 1943 1535 1992 καὶ
1575 1940 1624 1992 οἱ
1681 1938 1824 1992 ἄλλοι

1935 1942 2245 1999 tationum.
2281 1941 2366 1995 Ab
2397 1942 2488 1996 his
2518 1955 2780 2012 namque
2798 1944 3026 1996 caeteras
3051 1955 3263 1996 omnes
3287 1941 3579 2009 oriuntur,

217 2032 404 2092 πάντες
461 2030 859 2104 ἀπογεννῶνται,
916 2035 1006 2082 καὶ
1063 2031 1088 2081 ό
1144 2031 1210 2080 τὰ
1260 2030 1399 2087 πάθη
1452 2035 1619 2081 ταῦτα
1680 2033 1823 2088 νικη-

1934 2035 1997 2088 ut
2020 2031 2124 2104 qui
2151 2031 2262 2087 hos
2307 2030 2584 2086 devicerit
2635 2029 2895 2095 effectus,
2935 2034 3142 2087 contra
3171 2045 3372 2086 omnes
3401 2030 3580 2088 victo-

222 2139 344 2184 σας,
404 2123 519 2192 ἔχει
562 2122 698 2172 κατὰ
743 2122 947 2172 πάντων
995 2119 1061 2169 τὰ
1101 2121 1397 2189 νικητήρια.
1437 2121 1507 2170 Τό
1557 2113 1616 2169 δε
1655 2116 1822 2192 ’Ἄχρι

1932 2121 2083 2177 riam
2109 2119 2395 2176 obtineat.
2422 2119 2591 2185 Quod
2615 2123 2815 2175 autem
2839 2117 3080 2175 additur
3108 2135 3121 2173 ε
3145 2119 3333 2192 Usque
3353 2119 3424 2174 ad
3441 2126 3579 2178 tem-

219 2215 434 2282 καιροῦ,
484 2212 751 2280 σημαίνει,
799 2207 879 2258 ότι
922 2209 1082 2279 μέχρι
1139 2212 1231 2265 τῆς
1276 2207 1416 2277 παρὰ
1461 2212 1558 2256 τῶν
1595 2199 1820 2258 Ἰουδαί-

1929 2225 2053 2282 pus,
2083 2209 2398 2278 signiﬁcat,
2427 2223 2616 2281 usque
2645 2208 2721 2265 ad
2751 2206 3088 2264 Iudaeorum
3118 2208 3384 2266 insidias.
3417 2210 3576 2268 Tunc

220 2317 294 2349 ων
339 2296 637 2358 ἐπιϐουλῆς.
697 2300 824 2350 Τότε
883 2298 982 2368 γὰρ
1041 2292 1193 2346 πάλιν
1250 2290 1582 2367 προσέϐαλεν,
1634 2293 1691 2345 ού
1745 2289 1817 2344 δι’

1930 2298 2086 2356 enim
2113 2313 2350 2354 rursum
2404 2297 2795 2370 oppugnavit,
2828 2312 2950 2354 non
2993 2312 3095 2369 per
3154 2297 3438 2369 seipsum,
3472 2299 3577 2356 sed

214 2384 428 2453 ἑαυτοῦ,
489 2384 616 2438 ἀλλὰ
685 2381 779 2438 διὰ
834 2392 931 2436 τῶν
985 2379 1276 2452 Ἰουδαίων,
1336 2384 1405 2444 ὡς
1463 2378 1535 2434 δι’
1589 2380 1816 2457 ὀργάνων

1716 2384 1816 2434 ἱνων
1925 2402 2032 2460 per
2058 2386 2314 2452 Judaaos,
2346 2390 2639 2459 tanquam
2670 2401 2773 2459 per
2796 2401 3027 2457 organa
3056 2385 3363 2460 quasdam.

209 2493 388 2528 τινων.

284 2565 326 2634 -ι-
364 2569 498 2625 Τους
545 2569 684 2638 τρεῖς
731 2563 807 2632 (5)
855 2564 1170 2636 πειρασμοὺς
1213 2560 1294 2632 (6)
1345 2557 1578 2618 ἐνίκησεν
1627 2557 1652 2611 ὀ
1713 2561 1815 2613 Κύ-

1994 2568 2130 2624 Tres
2153 2565 2504 2623 tentationes
2527 2565 2805 2622 sustinuit
2823 2565 3128 2632 Dominus,
3152 2581 3370 2640 nempe
3391 2567 3569 2640 gulae,

206 2672 337 2726 ριος,
431 2656 518 2706 τὸν
591 2661 682 2714 τῆς
755 2655 1198 2726 γαστριμαργίας,
1279 2652 1365 2701 τόν
1445 2656 1534 2709 τῆς
1607 2645 1814 2701 κενοδο-

1923 2671 2082 2712 vana:
2107 2655 2308 2726 glorise
2338 2662 2392 2710 et
2421 2654 2704 2711 avaritias.
2740 2656 2888 2712 Sunt
2906 2655 3123 2712 etenim
3155 2656 3276 2713 hinc
3297 2657 3570 2715 omnium

210 2742 342 2812 ξίας,
394 2747 484 2795 καὶ
535 2745 621 2795 τόν
673 2749 768 2804 τῆς
821 2740 1268 2814 φιλοχρηματίας,
1324 2738 1483 2810 ἣγουν
1539 2736 1811 2809 φιλοπλου-

1920 2744 2216 2801 malorum
2239 2744 2562 2800 affectuum
2588 2744 2781 2817 capita
2809 2760 2820 2798 :
2849 2745 2950 2816 qui
3003 2744 3116 2801 has
3183 2745 3474 2813 devicerit,
3507 2747 3567 2804 in

209 2835 342 2892 τίας.
390 2828 551 2884 Οὗτοι
586 2834 687 2904 γὰρ
741 2831 871 2883 εἰσιν
920 2832 968 2882 οἰ
1013 2827 1262 2902 ἄρχοντες
1315 2836 1412 2880 τῶν
1442 2828 1640 2880 παθῶν.
1679 2827 1808 2879 Τού-

1921 2833 2115 2890 multis
2144 2849 2386 2906 quoque
2418 2832 2548 2889 aliis
2577 2833 2773 2904 magis
2789 2833 2977 2890 victor
2996 2833 3223 2892 evadet.
3259 2835 3448 2893 Lucas
3466 2836 3568 2895 ita-

208 2938 331 2982 τους
379 2917 466 2972 οὖν
528 2924 770 2987 νικήσας,
825 2924 914 2972 καὶ
975 2922 1090 2978 τοὺς
1139 2917 1324 2978 ἄλλους
1375 2916 1544 2987 πολλῷ
1591 2915 1800 2988 μᾶλλον.

1914 2937 2028 2995 que
2049 2922 2190 2980 dicit
2206 2924 2275 2992 τ’,
2295 2922 2458 2995 quod
2475 2937 2718 2979 omnem
2745 2923 3129 2995 compleverit
3150 2925 3561 2998 tentationem,

207 3007 362 3062 Ὀθεν
418 3011 444 3060 ό
501 3015 700 3071 Λουκᾶς
757 3027 935 3081 φησιν,
993 3009 1074 3060 ὅτι
1130 3009 1300 3060 πάντα
1350 3008 1639 3080 πειρασμὸν
1693 3003 1801 3058 ἐτέ-

1918 3026 1981 3068 eo
2006 3011 2173 3083 quod
2223 3011 2613 3067 tentationum
2652 3012 2844 3085 capita
2895 3014 3356 3071 consummavit.
3396 3016 3565 3082 Quod

208 3097 341 3153 λεσε.
391 3097 510 3151 Ὀτι
550 3095 608 3152 δὲ
655 3097 865 3170 ἄγγελοι
908 3093 1245 3149 διακονοῦσιν
1298 3095 1459 3166 αύτῷ,
1512 3092 1797 3160 δείκνυσιν,

1916 3105 2111 3158 autem
2128 3100 2311 3157 etiam
2349 3100 2547 3171 angeli
2576 3101 2630 3157 ei
2659 3101 3013 3168 ministrant,
3060 3103 3359 3174 signiﬁcat
3388 3105 3563 3163 nobis

205 3187 287 3241 ὅτι
325 3193 414 3240 καὶ
473 3190 596 3261 ημῖν
658 3189 790 3259 μετὰ
839 3190 932 3244 τὴν
983 3190 1130 3244 νίκην
1191 3184 1403 3256 ἄγγελοι
1457 3185 1795 3258 ὑπηρετοῦσι.
1837 3228 1852 3285 ί

1909 3205 2153 3263 quoque
2219 3189 2466 3260 angelos
2535 3194 2672 3263 post
2734 3190 3041 3248 victoriam
3097 3192 3556 3253 ministraturos.

204 3280 384 3330 Πάντα
417 3280 520 3349 γὰρ
555 3273 629 3328 δι’
677 3277 817 3347 ἡμᾶς
863 3279 954 3327 καὶ
991 3280 1128 3326 ποιεῖ
1163 3279 1252 3326 καὶ
1285 3269 1550 3326 δείκνυσιν
1595 3272 1620 3324 ὀ
1674 3281 1801 3347 Χρι-
1838 3269 1851 3285 “

1913 3279 2118 3336 Omnia
2148 3278 2446 3352 siquidem
2487 3282 2726 3352 propter
2767 3294 2877 3336 nos
2916 3284 2973 3337 et
3019 3279 3160 3337 facit
3206 3285 3262 3338 et
3301 3284 3560 3341 ostendit

207 3370 350 3432 στός,
410 3365 521 3418 ἐπεὶ
572 3363 735 3434 αύτῷ,
795 3364 885 3433 ζὼς
931 3367 1060 3433 Θεῷ,
1120 3359 1199 3414 ἀεὶ
1250 3363 1299 3414 οἱ
1353 3360 1560 3432 ἄγγελοι
1611 3363 1799 3435 ὑπουρ-

1908 3367 2214 3435 Dominus,
2273 3368 2368 3424 cui
2423 3367 2604 3424 veluti
2657 3370 2776 3426 Deo
2834 3382 3071 3442 semper
3125 3371 3322 3440 angeli
3384 3372 3555 3429 mini-

205 3462 302 3525 γοῦ
311 3473 415 3507 σιν.

1905 3459 2118 3512 strant.

281 3546 382 3595 Καὶ
434 3570 502 3582 -
554 3537 829 3598 διηκόνουν
904 3537 1060 3610 αύτῷ.
1136 3537 1257 3591 Ὀτε
1334 3540 1424 3610 μὲν
1500 3539 1548 3590 οἱ
1607 3537 1799 3610 ἀγῶνες

1974 3544 2136 3601 Vers.
2162 3544 2246 3599 11.
2271 3546 2337 3602 Et
2358 3575 2426 3586 —
2446 3544 2871 3603 ministrabant
2901 3547 2970 3603 ei.
2999 3545 3288 3619 Tempore
3309 3548 3554 3622 quidem

204 3628 360 3697 ἦσαν,
419 3629 514 3682 οὐκ
565 3632 732 3682 εἴασεν
784 3626 978 3690 αύτούς
1049 3629 1344 3700 φαίνεσθαι,
1410 3626 1493 3678 ἳνα
1570 3631 1642 3700 μὴ
1718 3627 1792 3700 (7)

1903 3633 2297 3690 tentationum
2320 3649 2444 3690 non
2464 3634 2728 3706 permisit
2744 3650 2848 3692 eos
2864 3650 3172 3709 apparere,
3195 3651 3270 3692 ne
3285 3637 3550 3710 praedam

201 3718 427 3793 ἀπολέσῃ
485 3724 578 3778 τὴν
636 3719 822 3793 ἅγραν“
872 3718 954 3770 ὅτε
1010 3713 1070 3770 δε
1121 3721 1207 3769 τόν
1262 3715 1650 3788 ἀνταγωνιστὴν
1695 3714 1794 3769 ἐνίο

1901 3721 2310 3794 (dd)perderet
2339 3738 2353 3778 :
2379 3727 2702 3796 postquam
2725 3728 2927 3781 autem
2958 3723 3368 3783 adversarium
3414 3742 3548 3801 pro.

197 3829 327 3868 κησε
382 3811 518 3861 κατὰ
581 3809 786 3882 κράτος,
849 3810 938 3858 καὶ
991 3803 1168 3878 φυγεῖν
1228 3808 1605 3880 παρεσκεύασε,
1677 3810 1791 3860 τότε

1900 3809 2028 3881 pria
2057 3809 2274 3867 devicit
2295 3811 2658 3883 auctoritate,
2682 3827 2752 3868 ac
2783 3811 2986 3883 fugere
3016 3814 3224 3886 coegit,
3257 3818 3399 3872 tunc
3415 3817 3547 3889 jam

198 3904 464 3971 φαίνονται
537 3897 736 3967 λοιπὸν,
814 3897 896 3948 ἶνα
971 3897 1142 3968 μάθῃς
1215 3897 1294 3948 ὃτι
1371 3899 1459 3948 καὶ
1522 3899 1579 3948 σε
1659 3898 1790 3968 μετά

1899 3901 2207 3970 apparent,
2241 3901 2306 3956 ut
2333 3901 2573 3956 noveris
2625 3900 2790 3974 quod
2847 3905 3169 3975 postquam
3199 3901 3262 3959 in
3293 3904 3546 3963 modum

197 3990 286 4048 τὰς
341 3986 418 4058 (8)
470 3986 586 4038 κατ’
641 3989 833 4038 ἐκείνου
889 3988 1054 4049 νίκας,
1124 3985 1335 4057 ἄγγελοι
1398 3981 1634 4048 δέξονται
1697 3989 1788 4038 καὶ

1894 3986 2024 4058 ejus
2052 3985 2281 4055 viceris,
2325 3992 2380 4043 et
2407 3992 2462 4045 te
2488 3989 2813 4063 suscipient
2835 4005 2904 4049 ac
2928 3991 3237 4064 stipabth
3251 3993 3469 4065 angeli.

197 4071 667 4129 δορυφορήσουσιν.

260 4094 667 4150 ρυφορησουσιν.

266 4163 531 4226 Ἀκούσας
607 4193 677 4206 --
761 4161 1054 4216 Γαλιλαίαν.
1128 4162 1402 4228 Ἀκούσας,
1491 4161 1572 4214 ὃτι
1655 4181 1785 4238 παρ-

1966 4166 2128 4222 Vers.
2170 4165 2257 4221 12.
2286 4165 2435 4224 Cum
2466 4166 2719 4224 audisset
2743 4198 2812 4211 —
2847 4169 3172 4228 Galilaeam.
3214 4170 3541 4244 Postquam

189 4249 348 4310 εδόθη
395 4253 467 4314 εἰς
521 4256 580 4304 τό
637 4248 994 4326 δεσμωτήριον
1046 4252 1146 4303 ύπὸ
1194 4247 1430 4325 Ἡρώδου
1480 4257 1572 4303 τοῦ
1628 4271 1784 4325 τετρ-

1894 4252 2156 4310 audisset
2180 4253 2345 4326 quod
2372 4254 2432 4309 in
2449 4257 3006 4314 carceremtraditus
3031 4262 3185 4315 esset
3209 4258 3288 4315 ab
3315 4259 3541 4318 Herode

185 4344 382 4414 ἄρχου,
413 4343 580 4401 καθώς
611 4337 715 4414 ἐρεῖ
733 4345 945 4412 προῖὼν.

1889 4341 2206 4408 tetrarcha,
2237 4342 2389 4399 sicut
2409 4343 2471 4400 in
2502 4345 2885 4416 sequentibus
2907 4346 3176 4403 dicturus
3197 4351 3302 4404 est.

255 4437 587 4504 Ἀνεχώρησε
657 4425 734 4500 δε,
815 4425 1080 4480 παιδεύων
1159 4429 1313 4500 ἡμᾶς,
1385 4430 1583 4500 φεύγειν
1661 4432 1780 4491 τοὺς

1960 4431 2210 4488 Secessit
2262 4435 2461 4488 autem
2516 4433 2809 4490 instruens
2879 4450 3009 4502 nos,
3061 4439 3125 4491 ut
3184 4437 3537 4497 tentationes

180 4521 527 4595 πειρασμούς.
577 4518 686 4571 Ούκ
737 4520 846 4570 ἔστι
893 4519 995 4590 γὰρ
1041 4515 1294 4588 ἔγκλημα,
1345 4519 1402 4568 τό
1460 4521 1531 4589 μὴ
1583 4517 1777 4593 ἐπιῤῥὶ-
1809 4579 1827 4601 1

1888 4519 2203 4592 fugiamus.
2229 4522 2428 4593 Neque
2450 4521 2609 4577 enim
2624 4521 2830 4578 vitium
2849 4527 2959 4588 est,
2987 4524 3250 4598 seipsum
3269 4528 3535 4601 periculo

180 4626 327 4661 πτειν
380 4607 559 4660 ἑαυτὸν
613 4607 678 4668 εἰς
734 4602 997 4678 κίνδυνον,
1053 4603 1181 4658 ἀλλὰ
1230 4609 1311 4676 τὸ,
1361 4603 1648 4679 ἐμπεσόντα
1700 4579 1827 4680 μὴῙ

1885 4579 2004 4666 noun
2032 4608 2290 4681 objicere
2323 4579 2348 4666 ε’
2365 4609 2471 4667 sed
2499 4610 2601 4668 ubi
2615 4609 2910 4684 inciderit,
2941 4579 3247 4676 nonistare
3269 4579 3528 4680 viriliter:

249 4786 295 4823 τι
330 4783 472 4840 Luc.
502 4800 582 4855 iv,
619 4784 701 4841 13.
780 4785 826 4820 ’⁸³
857 4781 1005 4840 Ibid.

1388 4905 1611 4976 Variae
1634 4908 1962 4978 lectiones
2003 4919 2072 4979 et
2091 4918 2292 4980 notae.

239 5053 316 5141 (ξ)
353 5052 542 5141 Etiam
572 5051 696 5108 haec
739 5049 1004 5124 pendent
1032 5063 1106 5105 ex
1150 5048 1578 5122 superioribus,
1619 5054 1670 5104 τί
1699 5081 1768 5094 -

2059 5053 2360 5141 Οὶιτδξεοεξ.
2393 5058 2536 5114 tom.
2573 5058 2684 5141 νῌ,
2719 5075 2772 5131 ρ.
2808 5060 2929 5116 172.
2960 5061 3026 5117 Ε.
3066 5061 3229 5141 ἶΩστε
3257 5069 3328 5139 μὴ
3361 5069 3524 5141 ταύτῃ

157 5119 521 5210 παιδρυόμεθα
544 5143 557 5189 ;
673 5191 708 5210 η
739 5119 760 5124 ⁷
1225 5119 1244 5122 ⁷
1256 5191 1266 5202 ⁸
1362 5194 1381 5210 Δ
1500 5193 1540 5210 n
1687 5193 1698 5204 .

1879 5119 2135 5210 σοβεῖ-σαι.
2164 5119 2257 5210 τὴν
2304 5128 2490 5200 ἄγραν,
2538 5119 2748 5210 eodeni
2805 5145 3008 5210 sensu.
3052 5119 3274 5210 A‘AYRG;

231 5195 313 5278 (5_)
353 5191 486 5278 Ηδῖε
505 5195 563 5248 in
589 5191 752 5278 nullo
783 5206 1062 5278 meorum
1077 5191 1475 5278 reperiuntur.
1500 5193 1765 5264 Repetite.
1872 5211 1878 5250 ι

1663 5193 1765 5251 tita
1872 5195 2163 5278 intelligit,
2195 5202 2290 5278 τὴν
2319 5191 2717 5278 προ-σαγομένην
2749 5205 2892 5278 παρὰ
2917 5210 3008 5256 τοῦ
3040 5201 3075 5258 δ
3080 5191 3307 5265 ιαέόλου.

156 5261 300 5340 sunt
328 5281 398 5340 ex
427 5264 852 5340 Theophylact.
887 5278 952 5340 ρ.
992 5263 1064 5340 23
1095 5261 1189 5340 Βξ-
1277 5337 1285 5340 _
1377 5333 1389 5340 _
1585 5261 1605 5264 “
1941 5268 2024 5340 (8)
2059 5261 2232 5336 kat-rd,
2265 5261 2593 5328 om'ittith'.
2689 5313 2694 5321 .
2791 5261 2832 5278 "
3056 5297 3058 5300 ,

230 5278 299 5322 .nt
328 5281 398 5321 ex
427 5278 852 5337 '1neopny1act.
992 5278 1064 5319 25
1096 5278 1161 5317 υ.

230 5336 310 5410 (6)
345 5336 628 5409 Ὑπέμεινεν
653 5335 879 5392 videtur
925 5334 1118 5406 egisse
1143 5333 1489 5392 Hentenius.

226 5478 349 5573 (id)
366 5479 415 5573 ξ
415 5477 670 5573 ’1ῗάῗῖξῖ
682 5479 817 5573 Ηίῖἓ
837 5473 1455 5573 ἷῗρὲἕηέἓῗιδίέῖἓίὶῖ
1463 5477 1754 5573 ΞΞῩΕθΡθτίὲ
1859 5498 1873 5551 ῖ

1874 5498 2000 5573 ζετο,
2219 5481 2556 5573 Σαμαρείτιδι
2617 5485 2636 5573 ]
2681 5503 2824 5573 τους.
2854 5489 3096 5573 μαθητὰς
3160 5487 3401 5573 ἕπίτηδες
3450 5493 3521 5560 εἰς

155 5546 246 5644 de
269 5546 498 5644 Qbristo
539 5547 828 5644 capiente.
849 5546 924 5606 et
951 5549 1224 5644 vincente
1275 5546 1625 5644 diabolum,

1866 5546 1994 5644 illi
2022 5546 2239 5644 3496‘:
2290 5546 2588 5644 ’.δεξίστςή
2617 5546 2701 5644 ῗγα
2732 5546 2830 5644 λλτ)
2854 5546 3111 5644 ﬁt???
3149 5567 3263 5644 ,τὴν
3289 5546 3302 5552 ”
3327 5546 3513 5644 dies:

157 5571 230 5608 αθ
269 5571 498 5606 ωπιειο
539 5571 810 5620 capiente
849 5571 906 5606 ει
956 5571 1224 5603 γωυευω
1275 5571 1608 5614 ωᾱυοιιιω,
1647 5571 1750 5632 qm

157 5621 451 5711 Cbristum
468 5635 682 5711 capere
703 5624 759 5711 et
773 5617 1520 5711 v‘incegeyoluergt.nbocus
1541 5621 1748 5711 similis

1672 5571 1750 5711 illi;
2297 5571 2750 5704 ire‘g‘fSKa?7sﬁ
2761 5571 3111 5710 μέοϐἠᾝξῖῗ

154 5699 242 5754 est
269 5695 445 5754 etiam
465 5689 772 5766 Chrysost.
801 5693 926 5748 tom
947 5689 1062 5756 XII,
1087 5704 1145 5762 p.
1180 5689 1282 5745 356
1311 5689 1388 5745 C:
1419 5695 1558 5766 Μόνη
1590 5689 1746 5745 «iam.

1643 5692 1746 5745 ,ελί-
2205 5689 2228 5697 ’
2677 5689 2745 5704 ’⁷
2898 5689 2984 5758 ’ξ
3058 5689 3071 5694 “
3174 5689 3290 5716 ’⁸⁷’ῖ
