4170 6524
554 369 665 433 183

1871 361 2229 421 EUTHYMII
2271 358 2602 417 ZIGABENI

3965 359 4082 414 184

557 500 627 553 In
659 493 957 552 Galilzeam
976 508 1112 550 vero
1135 493 1278 560 abit,
1301 493 1477 549 simul
1493 491 1733 566 quidem
1753 495 1814 548 ut
1829 490 2230 562 compleretur

2342 489 2526 545 στῆναί
2597 488 2861 557 γενναίως.
2920 485 3007 547 Εἰς
3075 489 3168 544 τὴν
3243 484 3516 538 Γαλιλαίαν
3583 481 3670 537 ei”:
3771 485 4074 539 ἅπεισιν¹

562 602 700 659 quae
713 585 784 640 de
799 599 868 640 ea
887 583 1161 640 scribitur
1176 585 1514 657 prophetia,
1545 583 1694 638 sicut
1711 582 1956 638 inferius
1970 581 2223 644 dicetur;

559 679 744 746 utque
778 672 917 729 inde
956 673 1279 744 piscatores
1330 673 1675 744 piscaretur,
1729 669 2034 742 apostolos
2077 669 2226 736 dico,

557 762 662 836 qui
695 761 772 818 ibi
825 761 1232 818 morabantur.
1291 762 1456 818 Unde
1501 765 1556 817 et
1588 760 1782 830 angeli
1835 758 2140 814 sublevato
2168 759 2228 814 in

559 851 777 908 caelum
811 851 1063 914 Christo,
1097 849 1373 907 Galilaeos
1408 849 1855 922 appellaverunt
1883 863 2006 915 eos,
2030 847 2230 905 dicen-

557 943 648 996 tes
687 983 698 994 .
733 939 861 998 Viri
891 939 1135 1005 Galila’i,
1161 940 1317 1014 quid
1340 940 1507 996 statis
1527 939 1854 1009 aspicientes
1869 939 1931 994 in
1949 937 2231 1000 caelum".

641 1210 804 1266 Vers.
858 1210 944 1265 t3.
999 1207 1078 1263 Et
1135 1238 1202 1248 —
1258 1207 1613 1278 Nephtalim.
1658 1206 1897 1274 Relicta,
1961 1208 2069 1262 hoc
2120 1209 2226 1275 est,

565 1297 884 1374 praeterita.
913 1300 1074 1354 Tunc
1101 1297 1260 1353 enim
1293 1311 1415 1352 non
1456 1300 1543 1352 est
1573 1296 1877 1366 ingressus
1917 1296 2224 1351 Nazareth.

638 1388 806 1444 Vers.
849 1389 936 1442 14.
972 1387 1045 1444 Ut
1077 1387 1468 1456 complerelur
1495 1417 1563 1426 —
1604 1385 1669 1441 V.
1732 1386 1810 1440 16.
1857 1386 1956 1441 eis.
1989 1383 2231 1440 Galilma

570 1475 817 1550 quidem
848 1475 1011 1545 regio
1037 1479 1164 1530 erat
1194 1474 1519 1531 Palestina.
1553 1475 1704 1533 Olim
1739 1479 1939 1530 autem
1969 1473 2111 1528 data
2141 1477 2232 1528 est

570 1565 632 1621 in
655 1569 872 1622 sortem
895 1563 1133 1621 duabus
1160 1563 1429 1619 tribubus
1451 1564 1712 1620 Zabulon
1740 1569 1794 1619 et
1820 1561 2225 1634 Nephthalim:

571 1659 805 1727 partem
826 1657 1026 1709 tamen
1048 1652 1611 1724 ejusinhabitabant
1633 1658 1836 1722 gentes
1857 1651 2226 1722 alienigenae.

573 1746 641 1800 Et
667 1743 903 1799 videtur
929 1741 1146 1798 horum
1185 1742 1675 1814 propheticorum
1717 1742 2033 1798 verborum
2084 1742 2230 1798 ordo

2335 576 2446 649 ἃμα
2509 579 2618 648 μεν,
2693 577 2774 626 ἱνα
2821 574 3066 647 πληρωθῇ
3139 577 3165 632 ὁ
3236 580 3350 648 περὶ
3406 575 3567 635 αὐτῆς
3627 581 4070 648 προφητεία,

2336 668 2405 727 ὡς
2467 667 2774 740 ῥηθήσεται·
2839 664 2952 737 ἃμα
3007 661 3086 732 δε,
3156 662 3240 715 ἱνα
3296 663 3481 716 ἕκείθεν
3540 664 3842 738 ἁλιεύσῃ
3927 670 4068 726 τοὺς

2338 755 2517 823 ἁλιεῖς,
2565 754 2694 825 λέγω
2761 751 2828 812 δὴ
2885 757 3001 813 τοὺς
3067 753 3402 814 ἀποστόλους.
3466 753 3604 807 Ἐκεῖ
3686 757 3852 829 γὰρ
3963 753 4061 807 δι-

2336 843 2554 920 έτριϐον.
2617 848 2717 896 Καὶ
2753 846 2854 916 γὰρ
2903 847 2992 895 καὶ
3047 843 3095 895 οί
3133 842 3343 914 ἄγγελοι
3390 842 3624 916 ὓστερον,
3699 848 3814 906 εἰς
3868 845 4057 918 οὐρα-

2336 937 2418 986 νόν
2517 931 3000 1005 ἀναλαμϐανομένου
3095 939 3188 984 τοῦ
3284 940 3540 1008 Χριστοῦ,
3629 933 4054 995 Γαλιλαίους

2337 1022 2525 1084 αὐτοὺς
2565 1021 2830 1092 ἐκάλεσαν,
2885 1022 3124 1084 εἰπόντες,
3170 1024 3251 1074 ὅτι
3289 1018 3510 1097 Ἀνδρες
3562 1022 3953 1091 Γαλιλαῖοι,
4003 1028 4050 1076 τί

2340 1112 2596 1170 ἑστήκατε
2625 1112 2954 1185 ἐμϐλέποντες
2985 1112 3054 1173 εἰς
3089 1116 3176 1164 τὸν
3203 1112 3436 1187 οὐρανόν.

2411 1206 2511 1254 Καὶ
2554 1233 2622 1242 -
2659 1201 2969 1274 Νεφθαλειμ.
3012 1202 3336 1265 Καταλιπὼν,
3369 1201 3481 1253 ἀντὶ
3511 1207 3620 1273 τοῦ,
3654 1201 4048 1280 παραδρα-

2337 1296 2464 1362 μών.
2499 1293 2624 1346 Τότε
2648 1294 2750 1363 γὰρ
2780 1291 2874 1343 οὐκ
2906 1291 3138 1349 εἰσῆλθεν
3166 1291 3238 1354 εἰς
3266 1296 3358 1350 τὴν
3389 1296 3648 1365 Ναζαρέτ.

2407 1379 2517 1433 Ἰνα
2585 1379 2831 1453 πληρωθῇ
2900 1411 2968 1422 -
3033 1381 3231 1442 αὐτοῖς.
3320 1381 3376 1434 Ἠ
3459 1382 3724 1435 Γαλιλαία
3843 1392 4038 1460 χώρα
4136 1393 4137 1402 ³

2337 1472 2428 1541 μεν
2489 1467 2549 1527 ἦν
2620 1479 2712 1532 τῆς
2765 1474 3134 1536 Παλαιστίνης,
3206 1473 3274 1532 ὡς
3333 1477 3760 1546 προειρήκαμενο
3855 1474 4028 1532 ἐκλη-

2339 1555 2605 1631 ροδοτήθη
2656 1557 2714 1612 δε
2754 1560 2916 1612 πάλαι
2946 1567 3054 1619 ταῖς
3089 1557 3215 1612 δυσὶ
3243 1559 3445 1632 φυλαῖς,
3486 1569 3547 1632 τῇ
3601 1569 3694 1613 τοῦ
3761 1564 4022 1617 Ζαϐου-

2337 1647 2459 1716 λὼν,
2523 1653 2610 1700 καὶ
2774 1658 2866 1700 τοῦ
2922 1648 3234 1720 Νεφθαλείμ·
3292 1655 3444 1722 μέρος
3496 1647 3555 1702 δε
3606 1651 3803 1712 αὐτῆς
3875 1656 4010 1710 ἔθνη

2339 1744 2604 1808 κατῴκουν
2654 1737 2938 1810 ἀλλόφυλα.
3005 1744 3104 1791 Καὶ
3155 1735 3301 1791 δοκεῖ
3355 1743 3444 1810 μεν
3499 1741 3527 1797 ἠ
3589 1749 3688 1791 τῶν
3745 1762 4008 1816 προφη-

573 1831 850 1898 ditﬁcilis,
895 1836 1020 1887 tum
1053 1836 1289 1903 pr0pter
1319 1831 1618 1887 defectum
1649 1833 2068 1902 quorumdam,
2104 1836 2226 1886 tum

2342 1836 2494 1878 τικῶν
2539 1830 2732 1878 τούτων
2769 1828 2939 1901 ῥητῶν
2989 1829 3234 1890 σύνταξις
3289 1824 3586 1901 δυσχερὴς,
3638 1826 3738 1882 διά
3801 1851 3871 1884 τε
3935 1837 4000 1883 τό

572 1919 1174 1992 propterignoratum
1189 1935 1389 1975 eorum
1412 1919 1793 1976 intellectum.
1824 1922 1942 1990 Ego
1971 1924 2171 1974 tamen
2195 1933 2231 1974 a

579 2007 931 2082 prophetico
946 2006 1094 2063 libro
1118 2007 1282 2062 illum
1300 2009 1624 2080 requirens,
1645 2008 1901 2064 intellexi
1922 2007 2231 2080 quomodo

577 2113 650 2153 ea
680 2095 952 2153 ordinare
982 2100 1250 2168 oporteat
1279 2119 1290 2152 :
1326 2112 1535 2168 nempe
1565 2099 1643 2153 ita
1664 2098 1960 2155 convenit.
2001 2099 2044 2154 Ο
2077 2103 2230 2153 terra

576 2185 866 2250 Zabulon,
901 2189 956 2242 et
986 2201 1021 2242 ο
1075 2190 1227 2243 terra
1284 2187 1653 2259 Nephthalim
1692 2187 1994 2259 (lntelligit
2033 2195 2227 2243 autem

576 2276 886 2341 Galilaeam,
933 2276 1085 2331 sicut
1127 2275 1352 2332 dictum
1402 2279 1537 2347 est),
1580 2282 1656 2342 et,
1689 2293 1725 2332 ο
1785 2293 1886 2331 vos
1938 2277 2040 2349 qui
2073 2277 2229 2333 circa

573 2366 735 2423 viam
767 2365 971 2431 maris,
1005 2365 1067 2420 id
1094 2370 1196 2431 est,
1241 2366 1395 2421 circa
1424 2382 1590 2422 mare
1621 2365 1878 2422 Galilaeae
1907 2366 2182 2421 habitatis
2211 2383 2226 2432 ;

575 2460 632 2512 et
659 2471 695 2511 ο
720 2471 824 2510 vos
848 2454 952 2527 qui
974 2459 1138 2510 trans
1166 2455 1520 2511 Jordanem:
1554 2461 1610 2511 et
1642 2471 1678 2511 ο
1704 2455 1942 2511 Galilaaa
1963 2454 2225 2525 gentium

576 2547 784 2616 (Vocat
852 2547 1053 2599 autem
1104 2543 1409 2600 Galilaeam
1458 2544 1738 2614 gentium,
1795 2560 1925 2601 eam
1982 2543 2230 2600 Galilaeae

573 2638 808 2708 partem
834 2648 1019 2704 quam
1051 2638 1255 2703 gentes
1289 2632 1682 2704 incolebant.)
1712 2633 1933 2688 Deinde
1963 2649 2230 2704 compre-

573 2721 846 2778 hendens
897 2737 1106 2778 omnes
1158 2722 1260 2794 qui
1327 2721 1387 2777 in
1440 2721 1738 2794 praedictis
1793 2721 1938 2777 locis
1993 2723 2229 2779 habita-

572 2811 736 2878 bant,
795 2826 888 2867 res
960 2811 1075 2868 illis
1147 2811 1433 2868 salutares
1508 2811 1898 2880 denuntiavit,
1984 2812 2226 2868 dicens:

574 2901 826 2972 Populus
841 2900 938 2974 qui
956 2900 1186 2957 sedebat
1207 2901 1265 2955 in
1288 2899 1537 2956 tenebris
1555 2900 1704 2955 vidit
1734 2901 1920 2957 lucem
1944 2917 2229 2972 magnam,

576 2993 687 3045 etc.
739 2992 806 3044 Et
851 2989 1131 3045 tenebras
1183 2988 1421 3044 vocavit
1443 3003 1725 3044 errorem.
1773 2988 2058 3044 Errabant
2081 2989 2231 3045 enim

576 3077 768 3134 Judaei
798 3077 1044 3151 quidem
1075 3077 1234 3134 circa
1284 3078 1634 3150 Scripturas,
1663 3083 1867 3149 gentes
1897 3093 2037 3134 vero
2076 3078 2234 3134 circa

579 3167 806 3224 cultum
845 3167 1008 3224 divin
1017 3183 1140 3225 um.

649 3347 867 3403 Lucem
893 3349 1093 3404 autem
1131 3361 1421 3418 magnam
1453 3346 1753 3403 Christum
1801 3345 2138 3403 nominavit
2161 3347 2228 3412 ⁷⁸,

578 3436 683 3510 qui
728 3435 1189 3507 frequenterlux
1241 3452 1379 3493 vera
1429 3435 1761 3508 appellatur
1790 3455 1802 3492 ε
1832 3436 1959 3509 ipse
2011 3436 2232 3492 etenim

577 3527 690 3584 hos
738 3525 818 3581 ab
866 3541 1062 3582 errore
1102 3526 1326 3591 eduxit,
1376 3526 1678 3582 illustrans
1734 3540 1836 3580 eos
1864 3526 1924 3580 in
1979 3526 2232 3581 modum

578 3614 750 3671 lucis.
786 3614 1008 3668 Deinde
1039 3615 1246 3669 iterum
1276 3613 1618 3686 hujusmodi
1643 3614 1910 3669 tenebras
1951 3614 2234 3685 interpre-

581 3706 740 3759 tatur
761 3702 1040 3771 regionem
1062 3701 1284 3766 mortis,
1307 3705 1366 3756 et
1383 3702 1650 3758 umbram
1672 3702 1876 3758 mortis
1901 3701 1995 3757 his
2008 3717 2232 3759 vocans

583 3787 951 3854 nominibus,
1001 3788 1144 3861 quia
1164 3788 1315 3845 sicut
1336 3790 1542 3845 mortis
1576 3789 1740 3862 regio
1771 3806 1840 3846 ac
1876 3790 2113 3860 umbra,
2144 3795 2234 3849 est

584 3876 965 3950 sepulcrum:
1021 3877 1185 3945 regio
1247 3877 1494 3950 quidem
1543 3879 1720 3950 quasi
1771 3879 1959 3946 locus,
2018 3881 2236 3942 umbra

583 3982 729 4025 vero
750 3966 920 4038 quasi
946 3966 1217 4023 tenebrae.
1250 3970 1399 4023 Nam
1448 3967 1694 4024 tenebrae
1734 3969 1954 4026 umbra
1987 3975 2096 4026 est.
2151 3973 2234 4028 Ita

586 4061 644 4113 et
669 4055 876 4112 mortis
893 4055 1211 4128 spiritualis
1238 4056 1402 4127 regio
1423 4073 1491 4114 ac
1519 4057 1754 4128 umbra,
1769 4064 1894 4116 erat
1912 4058 2006 4115 ille
2039 4076 2231 4128 error;

583 4145 749 4217 regio
803 4160 967 4212 sane,
1014 4145 1200 4202 veluti
1251 4162 1418 4203 more
1457 4148 1715 4220 sepulcri
1771 4165 1872 4206 eos
1901 4150 2230 4216 continens,

581 4235 686 4309 qui
714 4234 776 4291 in
809 4233 1002 4308 ipsum
1031 4235 1397 4302 incidissent,
1440 4237 1682 4306 mortui,
1736 4239 1942 4312 quoad
1987 4255 2231 4296 sensum

581 4325 840 4383 veritatis
882 4341 898 4392 ;
929 4325 1148 4383 umbra
1173 4341 1333 4393 vero,
1384 4331 1589 4398 utpote
1623 4327 1874 4384 tenebris
1905 4343 2010 4384 eos
2041 4327 2234 4384 oﬂ‘un—

582 4414 753 4472 dens.
800 4417 880 4472 Ne
921 4414 1153 4471 mireris
1199 4419 1423 4484 autem,
1489 4417 1535 4471 si
1604 4416 1952 4488 prophetica
1995 4416 2233 4490 eloquia

582 4505 807 4574 integre
869 4519 990 4560 non
1035 4505 1320 4576 posuerit.
1376 4503 1798 4561 Universaliter
1871 4506 2030 4562 enim
2081 4506 2232 4562 scire

584 4595 836 4663 oportet,
889 4591 1280 4663 evangelistas
1343 4593 1640 4648 interdum
1717 4594 1963 4666 quidem
2015 4595 2234 4664 integre

584 4679 875 4736 dictorum
906 4681 1260 4735 mentionem
1286 4679 1499 4748 facere,
1523 4682 1892 4755 quandoque
1917 4687 2116 4738 autem
2135 4682 2235 4739 illa.

584 4767 955 4837 abbreviare,
977 4773 1031 4824 et
1049 4767 1375 4842 aliquando
1391 4771 1710 4828 verborum
1731 4771 1973 4844 quidem
1995 4787 2233 4828 sensum

585 4857 888 4929 integrum
909 4872 1170 4923 servare,
1194 4859 1488 4931 quasdam
1508 4876 1650 4917 vero
1668 4860 1960 4918 dictiones
1977 4865 2230 4927 mutare,

584 4945 916 5022 quandoid
952 4947 1014 5004 in
1042 4946 1210 5007 nullo
1255 4963 1594 5008 sermonem
1645 4954 1827 5023 potest
1851 4967 2235 5024 corrumpere

655 5216 704 5255 ⁷⁸
727 5215 853 5273 Act.
883 5231 922 5284 ι,
961 5216 1044 5272 11.
1076 5215 1126 5254 ⁷⁵
1150 5217 1320 5276 Joan.
1343 5214 1384 5285 ι,
1407 5216 1462 5276 9.

2262 4549 2310 4605 D

3913 1923 3940 1936 υ
4135 1909 4137 1936 l

2341 1915 2579 1968 ἐλλείπειν
2653 1919 2769 1967 τινὰ
2843 1921 2931 1968 καὶ
3022 1913 3115 1968 διὰ
3197 1920 3254 1968 τό
3337 1916 3637 1988 ἀγνοεῖσθαι
3717 1925 3839 1977 τὴν
3907 1923 3996 1972 ἓν·
4135 1913 4137 1976 ἶ

2338 2025 2478 2057 νοιαν
2556 2005 2745 2061 αὐτῶν.
2818 2003 2948 2076 Ἐγὼ
3035 2003 3093 2059 δε
3149 2009 3342 2064 ταύτην
3412 2006 3512 2059 ἀπό
3587 2018 3672 2068 τῆς
3743 2029 3988 2082 προφη-

2338 2101 2484 2153 τικῆς
2562 2092 2748 2165 βίϐλου
2821 2091 3088 2167 διαγνοὺς,
3169 2099 3343 2167 ἔγνων,
3418 2106 3528 2159 πῶς
3593 2103 3701 2168 χρὴ
3780 2107 3983 2151 ταῦτα

2342 2185 2651 2236 συντάττειν.
2723 2191 2983 2259 Προσήκει
3034 2188 3132 2258 γὰρ
3195 2187 3373 2246 οὕτως.
3434 2186 3504 2238 Ὠ
3551 2194 3614 2257 γῆ
3670 2195 3765 2238 τοῦ
3844 2195 3972 2240 Ζα-

2338 2271 2531 2323 ϐουλὼν
2580 2272 2591 2326 Ι
2649 2277 2734 2324 καὶ
2792 2275 2831 2322 ὧ
2888 2283 2954 2345 γῆ
3011 2283 3103 2326 τοῦ
3163 2275 3456 2347 Νεφθαλείμ
3499 2276 3510 2330 !
3555 2275 3688 2347 λέγει
3733 2273 3790 2329 δε
3851 2281 3961 2332 τήν

2338 2360 2632 2432 Γαλιλαίαν,
2693 2365 2758 2422 ὡς
2808 2367 3030 2436 εἴρηται·
3100 2369 3209 2428 καὶ,
3275 2363 3314 2416 ὦ
3375 2367 3422 2417 οἱ
3473 2368 3612 2417 κατὰ
3663 2371 3743 2421 τὴν
3792 2360 3937 2414 ὁδὸν

2337 2459 2431 2512 τῆς
2482 2450 2768 2517 θαλάσσης,
2810 2458 3094 2519 τουτέστιν,
3137 2457 3186 2506 oi
3215 2457 3358 2526 παρὰ
3405 2459 3497 2512 τὴν
3533 2455 3786 2507 θάλασσαν
3833 2460 3948 2512 τῆς

2340 2541 2615 2603 Γαλιλαίας
2690 2542 2949 2604 οἰκοῦντες
3002 2547 3091 2595 καὶ
3149 2545 3187 2594 ὦ
3246 2546 3294 2596 οἱ
3355 2548 3513 2618 πέραν
3572 2552 3663 2596 τοῦ
3736 2538 3952 2616 Ἰορδά-

2337 2634 2465 2689 νουι
2521 2636 2610 2682 καὶ
2652 2632 2692 2681 ὧ
2746 2631 2991 2684 Γαλιλαία
3038 2641 3135 2684 τῶν
3184 2632 3337 2685 ίθνῶν
3391 2634 3403 2687 l
3465 2632 3673 2686 ἐκάλεσε
3723 2630 3782 2687 δε
3837 2639 3950 2685 Γα-

2336 2719 2536 2772 λιλαίαν
2594 2729 2693 2771 τῶν
2741 2719 2916 2787 ἐθνῶν,
2969 2725 3027 2774 τό
3085 2725 3234 2796 μέρος
3280 2732 3374 2783 τῆς
3431 2722 3722 2788 Γαλιλαίας,
3793 2725 3817 2775 ό
3883 2725 3954 2774 τὰ

2342 2811 2458 2866 ἔθνη
2519 2817 2807 2880 κατῴκουν*
2867 2810 2997 2879 εἶτα,
3064 2809 3388 2882 ἐπισυνάψας
3449 2814 3645 2874 πάντας
3701 2817 3820 2874 τοὺς
3899 2815 3953 2864 εν

2343 2906 2452 2960 τοῖς
2526 2895 2812 2957 δηλωθεῖσι
2880 2903 3078 2970 τόποις,
3157 2900 3493 2972 εὖηγελίσατο
3550 2904 3614 2952 τά
3686 2909 3952 2974 σωτήρια,

2344 2987 2514 3039 εἰπών’
2569 2987 2628 3039 Ὀ
2692 2987 2808 3049 λαός
2873 2989 2899 3040 ό
2961 2991 3247 3061 καθήμενος
3317 2988 3364 3041 ίν
3438 2993 3632 3059 σκότει,
3709 2992 3790 3062 (9)
3865 2987 3952 3044 ἴδε

2343 3086 2446 3150 φῶς
2504 3081 2659 3150 μέγα,
2723 3082 2812 3129 καὶ
2888 3081 2953 3130 τὰ
3021 3078 3156 3141 ἑξῆς.
3229 3084 3328 3133 Καὶ
3401 3084 3581 3140 σκότος
3651 3084 3741 3152 μεν
3820 3081 3953 3132 ὦνό-

2263 3196 2304 3253 C
2343 3184 2498 3238 μασε,
2544 3170 2638 3224 τὴν
2677 3165 2893 3223 πλάνην.
2927 3166 3246 3253 Ἐπλανῶντο
3289 3171 3388 3241 γὰρ
3418 3165 3670 3222 Ἰουδαῖοι
3708 3172 3800 3241 μὶν
3831 3173 3949 3244 περὶ

2342 3257 2438 3317 τὰς
2469 3256 2688 3329 Γραφὰς,
2717 3257 2783 3307 τὰ
2812 3257 2929 3313 ἔθνη
2966 3251 3024 3308 δε
3055 3262 3174 3328 περὶ
3202 3261 3258 3308 τό
3292 3256 3466 3320 σέϐας.

2415 3350 2527 3405 Φῶς
2576 3340 2636 3397 δε
2672 3349 2826 3416 μίγα,
2883 3350 2969 3396 τόν
3023 3349 3270 3418 Χριστὸν,
3319 3349 3375 3409 ὃς
3417 3345 3652 3418 ἀλλαχοῦ
3684 3355 3791 3419 φῶς
3821 3347 3943 3405 ἀλη-

2345 3434 2482 3486 θινὸν
2545 3438 2965 3509 προσηγόρευται
3067 3439 3166 3488 Καὶ
3220 3438 3321 3510 γὰρ
3393 3435 3549 3497 αὐτὸς
3605 3440 3823 3499 τούτους
3869 3436 3944 3499 ἔξ-

2343 3527 2534 3594 ήγαγεν
2578 3525 2633 3574 ἔκ
2685 3532 2779 3584 τῆς
2826 3522 3046 3594 πλάνης,
3097 3521 3253 3582 δίκην
3302 3528 3465 3597 φωτὸς
3507 3525 3687 3588 αὐτοῖς
3730 3525 3942 3598 ἐπιλάμ·

2342 3610 2468 3681 ψας.
2523 3613 2653 3665 Εἶτα
2704 3612 2856 3663 πάλιν
2909 3612 3264 3686 έφηρμήνευσε
3329 3617 3386 3666 τό
3443 3621 3676 3667 τοιοῦτον
3738 3621 3940 3681 σκότος,

2343 3707 2530 3773 Χώραν
2605 3703 2825 3754 θανάτου
2906 3707 2993 3754 καὶ
3066 3706 3217 3755 σκιὰν
3296 3705 3515 3756 θανάτου
3584 3713 3734 3758 τοῦτο
3800 3705 3944 3758 καλέ-

2347 3809 2462 3852 σας.
2508 3789 2708 3865 Ὠσπερ
2750 3795 2851 3865 γὰρ
2903 3800 2992 3844 τοῦ
3041 3801 3341 3866 σωματικοῦ
3385 3796 3606 3847 θανάτου
3655 3804 3813 3871 χώρα
3852 3802 3943 3848 καὶ

2346 3881 2471 3932 σκιὰ
2503 3881 2529 3931 ό
2582 3882 2740 3952 τάφος
2788 3880 2922 3933 ἔστί*
2974 3887 3128 3953 χώρα
3179 3885 3288 3954 μεν,
3347 3885 3414 3945 ὡς
3461 3888 3635 3946 τόπος·
3690 3889 3816 3938 σκιὰ
3858 3883 3939 3952 δε,

2345 3971 2413 4031 ὡς
2463 3973 2662 4029 σκότος’
2703 3974 2888 4031 σκότος
2924 3973 3025 4046 γὰρ
3067 3973 3095 4028 ἡ
3133 3974 3276 4024 σκιά·
3324 3972 3455 4024 οὕτω
3501 3978 3590 4025 καὶ
3626 3981 3716 4025 τοῦ
3759 3974 3942 4046 ψυχι-

2344 4066 2437 4111 κοῦ
2492 4059 2710 4110 θανάτου
2768 4065 2923 4133 χώρα
2977 4065 3066 4111 καὶ
3127 4061 3269 4131 πίἀ,
3329 4063 3357 4119 ἠ
3413 4061 3578 4120 πλάνη
3633 4061 3795 4120 ἐκείνη
3860 4061 3942 4122 ἦν·

2343 4153 2498 4220 χώρα
2546 4150 2655 4218 μὶν,
2701 4150 2769 4208 ὡς
2812 4152 2998 4222 τρόπον
3050 4151 3211 4218 τάφου
3264 4154 3567 4222 συνέχουσα
3619 4155 3739 4212 τοὺς
3795 4152 3950 4224 ἔμπε-

2343 4241 2611 4296 πτωκότας
2679 4236 2807 4308 αὐτῇ
2888 4242 3280 4311 νενεκρωμένου(
3353 4238 3424 4300 εἰς
3499 4241 3748 4298 αἴσθησιν
3817 4239 3946 4299 ἀλη-

2347 4327 2500 4386 θείας⁹
2562 4327 2687 4377 σκιὰ
2739 4322 2819 4389 δε,
2856 4329 2922 4388 ὡς
2969 4328 3291 4388 σκοτίζουσα
3339 4328 3547 4389 αὐτούς.
3599 4329 3659 4382 Εἰ
3712 4330 3830 4401 (10)
3884 4328 3946 4384 δέ

2343 4419 2414 4486 μὴ
2477 4413 2694 4487 ἀκέραια
2750 4419 2814 4467 τά
2869 4419 3169 4488 προφητικά
3222 4419 3413 4470 τέθεικε
3466 4418 3624 4492 ῥητὰ,
3687 4423 3760 4491 μὴ
3823 4422 3942 4472 θαυ-

2343 4507 2540 4578 μάσῃς.
2595 4510 2708 4578 Χρό
2755 4507 2856 4577 γὰρ
2911 4505 3197 4567 καθολικῶς
3241 4513 3536 4578 γινώσκειν,
3590 4509 3702 4580 (11)
3761 4511 3840 4561 ὅτι
3889 4513 3940 4563 οἱ

2342 4593 2708 4666 εὖαγγελὶσταὶ
2773 4598 2896 4648 ποτε
2966 4599 3055 4668 μεν
3118 4595 3367 4671 ἀκεραίων
3419 4606 3519 4649 τῶν
3581 4598 3752 4671 ῥητῶν
3815 4598 3939 4652 ἀπο-

2341 4686 2742 4757 μνημονεύουσι,
2822 4684 2937 4756 (12)
3007 4689 3130 4738 ποτε
3201 4681 3280 4754 δε,
3350 4685 3707 4757 ἐπιτέμνουσιν
3782 4687 3934 4758 αὐτὰ,

2340 4776 2462 4827 ποτε
2521 4769 2580 4825 δὲ
2635 4777 2729 4832 τὴν
2800 4777 2888 4846 μεν
2955 4782 3054 4826 τῶν
3117 4775 3286 4849 ῥητῶν
3362 4772 3595 4828 διάνοιαν
3661 4775 3937 4849 ὀλόκληρον

2345 4862 2706 4930 ἀποσώζουσι,
2764 4862 2922 4926 λέξεις
2993 4859 3052 4916 δέ
3107 4882 3250 4926 τινας
3309 4861 3724 4938 ἀπαρατηρήτως
3784 4865 3940 4918 ὑπαλ-

2343 4951 2645 5018 λάττουσιν,
2695 4953 2816 5005 ὅταν
2847 4948 2997 5006 οὐδέν
3044 4971 3097 5004 τι
3142 4951 3316 5025 μέλλοι
3361 4959 3435 5023 τῷ
3477 4951 3610 5025 λόγῳ
3657 4958 3811 5006 τοῦτο
3855 4953 3937 5007 λυ-

2345 5042 2642 5114 μαίνεσθαι.

1799 5342 2026 5413 Variae
2063 5343 2389 5415 lectiones
2416 5352 2484 5415 et
2513 5353 2715 5416 notae.

582 5486 924 5657 δέῃδέῃ
946 5483 1196 5586 uterque
1222 5511 1409 5572 codex
1441 5513 1618 5572 etiam
1658 5514 1712 5572 in
1752 5517 1932 5583 textu,
1965 5529 2075 5588 pro
2104 5515 2232 5573 vul-

653 5656 770 5730 (ιο)
801 5658 863 5711 Δέ
877 5655 1093 5715 omittit
1114 5659 1182 5717 Α.

2435 5517 2525 5660 id;
2567 5511 2845 5570 Διδάσκειν
2874 5530 2983 5588 pro
3011 5521 3284 5589 γινώσκειν
3315 5521 3383 5574 Α.

2439 5589 2501 5643 12
2564 5591 2960 5660 Μνημονεύουσι
2990 5592 3055 5644 Α.

2439 5589 2524 5660 12)
2564 5591 2960 5663 Μνημονεύουσι
2990 5592 3055 5644 Α.
