4170 6440
198 412 337 469 185

1225 408 1599 468 COMMENT.
1639 407 1712 464 IN
1752 407 2203 469 MATTHIEUM.
2240 441 2308 451 —
2341 409 2503 467 CAP.
2545 406 2638 466 IV.

306 536 470 608 (ΚΕΦ
529 536 622 608 Δ’)
672 540 798 609 Περὶ
864 541 960 596 τῆς
1017 531 1367 596 διδασκαλίας
1417 542 1509 587 τοῦ
1575 543 1830 610 Σωτῆρος.
1870 544 1913 598 Α

304 625 442 678 Ἀπὸ
492 629 602 678 τότε
657 657 723 665 -
771 624 1018 698 οὐρανῶν.
1075 631 1240 677 Τοῦτο
1297 628 1397 698 πρό
1461 631 1552 677 τοῦ
1610 632 1842 700 Σωτῆρος

216 713 249 765 ὁ
313 714 558 775 Ἰωάννης
607 712 865 787 ἐκήρυξεν.
918 713 1175 786 Ἀρχεται
1221 710 1280 765 δὲ
1326 718 1415 766 καὶ
1445 715 1470 765 6
1514 717 1739 786 Χριστός
1771 713 1842 765 ἐν·

215 805 436 871 τεῦθεν,
488 804 568 854 ἵνα
625 800 794 876 δείξῃ,
851 802 929 854 ὅτι
981 807 1258 877 προοίμιον
1311 803 1468 855 αὐτοῦ
1521 803 1583 860 ἦν
1614 805 1639 854 ό
1669 802 1842 856 Ἰωάν-

212 911 350 956 νης,
403 897 492 943 καὶ
535 893 615 944 ὅτι
668 891 762 943 οῦκ
816 893 956 943 ἔστιν
1008 892 1158 952 οὗτος
1211 889 1440 953 ἐναντίος
1494 890 1684 963 ἐκείνῳ.
1739 894 1842 948 Καὶ

209 981 336 1054 γὰρ
408 976 517 1033 ἔδει
590 988 792 1053 πρῶτον
869 978 1018 1033 ἄλλον
1076 988 1414 1053 μαρτυρῆσαι
1470 986 1587 1054 περὶ
1660 980 1840 1050 αὐτοῦ,

210 1073 323 1121 καὶ
379 1073 496 1121 τότε
541 1067 696 1120 αὑτὸν
755 1067 942 1127 ἐλθεῖν,
997 1071 1137 1130 Τινὶς
1177 1065 1236 1122 δε
1263 1067 1523 1140 λέγουσιν,
1574 1071 1653 1122 ὅτι
1697 1065 1845 1121 δοκεῖ

209 1160 323 1230 μὲν
377 1159 402 1208 6
450 1160 688 1230 Χριστὸς
732 1161 798 1209 161
850 1158 985 1210 αὐτὰ
1020 1166 1092 1228 τῷ
1125 1158 1330 1231 Ἰωάννῃ
1381 1161 1686 1232 κηρύσσειν,
1737 1159 1841 1210 οἷον

212 1249 287 1298 τὸ
357 1247 683 1314 Μετανοεῖτε,
751 1251 840 1299 καὶ
905 1250 966 1300 τό
1022 1247 1270 1319 Ἤγγικεν
1337 1249 1367 1305 ἡ
1436 1246 1681 1320 βασιλεία
1742 1255 1842 1299 τῶν

221 1334 495 1410 οὐρανῶν,
551 1334 646 1386 οὐκ
703 1337 816 1387 ἔστι
871 1332 949 1390 δέ.
1008 1335 1066 1388 Ὀ
1117 1338 1206 1408 μὶν
1267 1339 1365 1411 γὰρ
1417 1337 1668 1407 Ἰωάννης,
1742 1343 1843 1389 Με-

221 1430 487 1490 τανοεῖτε,
549 1423 729 1495 ἔλεγεν,
785 1423 857 1497 ἐφ’
926 1425 999 1485 οἷς
1065 1427 1401 1499 ἡμαρτήκατε
1432 1444 1445 1458 ·
1501 1427 1527 1477 6
1591 1421 1650 1478 δε
1716 1432 1843 1500 Χρι-

232 1515 392 1579 στὸς,
451 1517 774 1581 Μετανοεῖτε,
828 1512 941 1566 ἀντὶ
982 1521 1094 1580 τοῦ,
1153 1513 1546 1568 Μεταϐάλλεσθε
1594 1513 1695 1566 61116
1748 1521 1844 1586 τῇς

227 1601 466 1662 παλαιᾶς
523 1601 609 1654 ἐπὶ
678 1606 772 1661 τήν
829 1608 1035 1661 καινήν.
1101 1608 1201 1656 Καὶ
1253 1606 1554 1678 παράγουσι
1606 1603 1845 1676 μάρτυρα

227 1693 330 1743 τὸν
394 1691 629 1764 Μάρκον,
689 1693 976 1764 προσθέντα
1049 1697 1127 1744 τό·
1201 1695 1305 1748 Καὶ
1358 1696 1624 1745 πιστεύετε
1671 1690 1718 1743 ἔν
1770 1698 1842 1760 τῷ

230 1778 562 1850 Εὗαγγελίῳ.
623 1784 721 1833 Καὶ
791 1781 817 1832 6
868 1784 958 1853 μὲν
1035 1781 1295 1851 Ἰωάννης,
1369 1787 1518 1854 φασὶ,
1572 1780 1844 1854 βασιλείαν

569 1871 656 1920 τόν
720 1873 952 1944 Χριστόν
1030 1871 1312 1938 ὠνόμασεν·
1382 1873 1408 1922 6
1480 1867 1539 1922 δὲ
1617 1873 1845 1944 Χριστὸς

233 1961 340 2014 τήν
399 1956 638 2032 οὐράνιον
717 1963 806 2010 καὶ
877 1957 1159 2029 ἀγγελικὴν
1223 1963 1502 2024 πολιτείαν,
1574 1958 1633 2016 ἢν
1690 1957 1847 2019 αὐτὸς

239 2045 418 2118 ἔμελλε
509 2047 820 2117 νομοθετεῖν,
915 2049 986 2106 ὡς
1066 2053 1463 2120 προειρήκαμεν.
1541 2046 1600 2098 ⁸0
1674 2050 1849 2118 μέντοι

241 2136 482 2208 Μάρκος,
544 2135 657 2184 ἀντὶ
731 2140 825 2184 τοῦ
901 2133 1149 2185 Βασιλεία
1204 2142 1301 2185 τῶν
1356 2135 1605 2208 οὐρανῶν,
1644 2135 1701 2186 Ἠ
1753 2133 1848 2206 βα-

247 2221 425 2272 σιλεία
477 2228 570 2272 τοῦ
619 2225 747 2274 Θεοῦ
798 2217 924 2274 εἷπε.
981 2227 1079 2274 Καὶ
1128 2229 1318 2274 νοεῖται
1365 2226 1460 2292 ἔτι,
1511 2225 1587 2276 ότι
1635 2227 1848 2294 ἤγγικεν

249 2311 284 2366 ἡ
331 2307 579 2380 βασιλεία
626 2317 719 2361 τοῦ
768 2317 918 2380 Θεοῦ,
978 2311 1058 2361 ἵνα
1100 2309 1394 2384 βασιλεύσῃ
1443 2320 1540 2363 τῶν
1583 2315 1848 2364 πιστευόν-

245 2415 372 2448 των.
427 2405 538 2449 Τών
580 2401 674 2470 μὲν
739 2401 840 2470 γὰρ
914 2397 1141 2451 ἀπίστων
1201 2401 1355 2470 φύσει
1415 2399 1530 2452 ἐστὶ
1603 2399 1850 2472 βασιλεὺς

245 2487 275 2536 6
323 2487 445 2546 Υἱός
493 2486 607 2556 (13)
664 2491 751 2539 καὶ
797 2493 965 2558 Λόγος
1006 2505 1018 2517 ·
1061 2496 1160 2538 τῶν
1221 2484 1280 2540 δὲ
1331 2493 1698 2554 πιστευόντων,
1762 2493 1851 2541 καὶ

246 2577 402 2645 φύσει
468 2579 558 2626 καὶ
613 2579 934 2648 προαιρέσει,
990 2575 1241 2637 ἑκουσίως
1311 2573 1609 2649 δεχομένων
1656 2581 1714 2630 τό
1763 2579 1848 2631 ὑπ’

247 2661 408 2715 αὐτοῦ
447 2661 818 2735 βασιλεύεσθαι
831 2709 843 2721 .

323 2758 626 2826 Περιπατῶν
681 2783 751 2793 ——
803 2753 959 2824 αὐτῷ.
1019 2755 1282 2814 Ματθαῖος
1337 2755 1426 2825 μεν
1481 2753 1702 2808 ἐνταῦθά
1756 2776 1848 2828 φη-

255 2859 358 2909 σιν,
412 2842 490 2893 ὅτι
528 2843 659 2912 μετὰ
700 2845 758 2893 τό
805 2838 1174 2915 παραδοθῆναι
1230 2845 1317 2894 τὸν
1366 2843 1602 2901 Ἰωάννην
1636 2844 1848 2902 ἠκολούο

257 2929 423 2985 θησαν
461 2929 600 2982 οὗτοι
652 2937 724 2982 τῶ
762 2931 937 2988 Ἰησοῦ
976 2947 989 2961 '
1043 2933 1068 2982 6
1118 2928 1166 2983 δ’
1209 2930 1578 3002 εὐαγγελιστὴς
1610 2933 1850 2995 Ἰωάννης

232 1867 490 1940 οὐρανῶν,

259 3015 464 3087 μᾶλλον,
495 3019 574 3069 ὄτι
615 3021 715 3091 πρό
757 3027 848 3071 τοῦ
877 3015 1265 3093 παραδοθῆναι.
1311 3025 1410 3072 Καὶ
1440 3023 1706 3083 Ματθαῖος
1759 3025 1849 3094 μὶν

259 3103 410 3173 εἶπεν,
445 3108 524 3159 ὅτι
569 3113 658 3160 καὶ
709 3107 1025 3184 ἀμφοτέρους
1075 3110 1100 3160 ὁ
1153 3108 1357 3169 Ἰησοῦς
1404 3108 1639 3163 ἐκάλεσεν
1673 3127 1685 3140 ·
1732 3113 1757 3162 ὁ
1791 3108 1849 3164 δε

257 3194 509 3263 Ἰωάννης,
569 3198 652 3249 ὅτι
705 3201 792 3249 τόν
844 3201 933 3269 μὲν
995 3193 1264 3271 Ἀνδρίαν,
1311 3199 1336 3249 6
1391 3199 1619 3267 Ἰησοῦς,
1650 3203 1734 3252 τόν
1789 3197 1850 3253 δε

256 3288 465 3357 Πέτρον,
520 3287 546 3336 6
623 3281 888 3357 Ἀνδρίας.
954 3285 1107 3337 Ὅθεν
1173 3289 1405 3360 φανερόν,
1483 3289 1563 3338 ὅτι
1637 3284 1852 3364 δευτέρα

254 3373 385 3430 αὕτη
440 3375 470 3430 ἡ
531 3372 720 3433 κλῆσις
768 3375 850 3430 ἧν.
898 3379 1000 3426 Καὶ
1049 3375 1152 3445 γὰρ
1207 3371 1644 3436 ἀκολουθήσαντες
1687 3377 1846 3448 αὐτῷ,

253 3464 355 3534 πρὸ
394 3467 487 3512 τοῦ
530 3456 897 3534 παραδοθῆναι
942 3464 1029 3512 τόν
1075 3461 1336 3527 Ἰωάννην,
1371 3461 1651 3522 ἐπανῆλθον
1697 3465 1850 3518 πάλιν

257 3548 324 3608 εἰς
353 3551 442 3606 τὴν
475 3545 616 3600 ἰδίαν
653 3545 907 3621 πατρίδα,
940 3555 1030 3602 καὶ
1075 3554 1169 3608 τὴν
1215 3555 1468 3626 προτέραν
1515 3555 1704 3624 τέχνην
1734 3574 1850 3626 μετ-

255 3637 596 3711 εχειρίζοντο,
651 3637 740 3690 άτε
790 3641 877 3689 τὸν
932 3641 1021 3710 μὲν
1080 3639 1318 3698 Ἰωάννην
1368 3636 1564 3702 ἰδόντες
1614 3641 1849 3716 παραδο-

257 3727 420 3791 θέντα,
479 3728 566 3778 τόν
633 3722 693 3778 δε
745 3727 950 3785 Ἰησοῦν
1007 3726 1450 3800 ἀναχωρήσαντα.
1511 3735 1706 3784 Λοιπὸν
1759 3729 1848 3785 οὖν

253 3815 278 3866 6
326 3818 573 3888 Χριστὸς,
610 3811 790 3877 ἐνδοὺς
838 3815 1016 3878 αὐτοῖς
1065 3820 1124 3869 τό
1173 3827 1393 3892 πρῶτον,
1428 3822 1640 3891 ἔρχεται
1692 3823 1846 3875 πάλιν

255 3901 666 3975 ἁνακτησόμενος
711 3908 801 3956 καὶ
845 3904 1032 3957 κελεύει
1085 3904 1401 3972 ἀκολουθεῖν,
1457 3910 1558 3971 ἵνα,
1611 3909 1720 3962 ἀνθ’
1777 3911 1845 3961 ὧν

257 3988 398 4062 εἶχον
450 3988 696 4057 δικτύων,
755 3991 994 4055 λαϐόντες
1062 3994 1180 4070 παρ’
1240 3995 1402 4048 αὐτοῦ
1467 4002 1562 4055 τήν
1630 3997 1844 4070 λογικήν

256 4084 507 4151 σαγήνην,
556 4087 645 4134 καὶ
693 4079 962 4154 βάλλοντες
1006 4083 1077 4144 εἰς
1116 4088 1204 4141 τήν
1255 4084 1522 4138 θάλασσαν
1559 4093 1648 4139 τοῦ
1697 4086 1842 4160 βίου,

251 4173 371 4232 τοὺς
416 4169 720 4244 ἀνθρώπους
767 4172 880 4242 (14)
921 4173 1265 4245 θηρεύσωσιν,
1313 4172 1428 4226 ἀντὶ
1475 4183 1573 4226 τῶν
1620 4175 1841 4248 ἰχθύων.

249 4264 434 4313 Σκόπει
513 4256 593 4327 δε,
670 4268 775 4320 πῶς
840 4260 1023 4322 εὐθέως
1085 4263 1410 4330 ὑπήκουσαν,
1479 4269 1568 4317 καὶ
1641 4263 1844 4337 ἀφῆκαν

249 4347 285 4402 ἃ
313 4349 478 4421 εἶχον,
510 4345 676 4421 μηδέν
717 4369 768 4402 τι
814 4353 1286 4424 προφασισάμενοι,
1337 4357 1438 4404 Καὶ
1474 4355 1576 4427 γὰρ
1625 4354 1788 4417 οὕτως
1817 4357 1844 4407 6

247 4441 494 4512 Χριστός.
536 4436 800 4509 βούλεται,
853 4442 1046 4500 παντός
1113 4438 1398 4511 ἀναγκαίου
1472 4447 1727 4514 προτιμᾴν
1783 4445 1842 4494 1'6

248 4526 545 4579 ἀκολουθεῖν
597 4527 755 4598 αὐτῷ.
797 4534 947 4601 Λεῦτε
999 4524 1080 4593 δὲ,
1137 4527 1304 4581 ὀπίσω
1355 4549 1475 4601 μου,
1537 4527 1691 4595 εἶπεν,
1732 4529 1842 4584 ἀντὶ

246 4622 362 4680 τοῦ,
397 4615 814 4672 Ἀκολουθήσᾶτέ
842 4635 950 4688 μοι.

320 4700 586 4777 [Ἀδελφοὶ
640 4703 752 4774 (15)
803 4700 920 4770 δύο,
977 4708 1225 4776 γεγόνασι
1284 4711 1466 4780 πρώτη
1527 4707 1715 4770 κλῆσις
1770 4717 1842 4780 τῷ

246 4800 485 4867 Χριστῷ,
539 4788 851 4844 διδάσκοντι
901 4797 991 4845 καὶ
1053 4790 1147 4846 διὰ
1208 4796 1394 4846 τούτου
1445 4799 1502 4848 1'6
1559 4802 1842 4870 προσήκειν

247 4879 534 4954 ἁδελφικῶς
591 4879 973 4951 πολιτεύεσθαι,
1030 4887 1121 4936 καὶ
1179 4878 1379 4956 ἁδελφὰ
1449 4891 1668 4959 φρονεῖν,
1721 4889 1842 4948 τοὺς

244 4973 688 5044 μαθητευομενους
713 4971 873 5043 αὐτῷ.
903 4971 922 5042 ]

315 5149 363 5186 ⁷⁵
393 5150 564 5208 Mare.
595 5165 634 5217 ι,
673 5148 754 5207 15.
829 5149 878 5186 ⁷⁸
907 5147 1056 5207 Ibid.
1131 5151 1178 5188 ⁷⁷
1203 5151 1380 5211 Joan.
1416 5166 1461 5221 ι,·
1488 5155 1557 5210 35
1585 5165 1744 5226 seqq.

1881 1903 1924 1958 Β

1880 3252 1922 3309 C

3496 403 3600 461 186

2296 536 2471 607 (CAP.
2503 533 2618 606 IV.)
2646 535 2731 592 De
2755 534 3019 590 doctrina
3055 532 3296 590 Christi.

2023 627 2184 680 Vers.
2224 629 2304 679 l7.
2335 625 2428 679 Ea:
2452 639 2512 679 eo
2556 630 2909 692 lempore—
2949 625 3252 679 caelorum.
3290 623 3419 677 Haec
3465 630 3601 677 ante

1950 713 2305 770 Salvatorem
2319 715 2583 768 Joannes
2601 712 2961 784 praedicavit.
2981 712 3398 783 lncipitautem
3420 711 3601 766 etiam

1951 802 2088 857 inde
2113 802 2397 866 Christus,
2437 806 2498 856 ut
2526 801 2799 857 ostendat
2827 801 3186 874 principium
3222 817 3396 855 suum
3425 800 3606 855 fuisse

1949 893 2264 954 Joannem,
2315 896 2371 946 et
2429 905 2816 962 nequaquam
2901 889 2978 944 illi
3042 889 3394 944 contrarium
3451 904 3602 944 esse.

1951 982 2157 1051 Operae
2185 979 2439 1051 pretium
2465 981 2624 1034 enim
2657 983 2800 1043 erat,
2851 983 2911 1034 ut
2940 978 3190 1049 primum
3226 976 3375 1032 alius
3402 978 3475 1032 de
3533 994 3604 1034 eo

1950 1069 2124 1126 ferret
2163 1067 2588 1131 testimonium,
2622 1073 2674 1122 et
2719 1071 2854 1122 tunc
2886 1067 3104 1122 veniret
3156 1066 3296 1138 ipse.
3353 1065 3605 1131 Quidam

1951 1162 2144 1214 autem
2207 1156 2430 1221 dicunt,
2483 1155 2668 1210 videri
2725 1155 2965 1227 quidem
3027 1154 3238 1210 eadem
3281 1153 3605 1225 praedicare

1952 1246 2264 1309 Christum,
2287 1261 2416 1316 qum
2451 1247 2722 1307 Joannes,
2746 1249 2887 1315 puta
2921 1261 2934 1297 ε
2964 1243 3311 1313 Ηρείρίεοὶιρ,
3345 1251 3400 1299 et
3433 1243 3605 1298 instat

1951 1351 2189 1406 regnum
2240 1336 2531 1397 caelorum,
2591 1348 2710 1387 non
2767 1337 2966 1388 tamen
3034 1332 3113 1387 ita
3148 1347 3294 1386 esse.
3341 1332 3604 1388 Joannes

1952 1422 2249 1494 siquidem
2298 1422 2442 1478 dixit
2483 1441 2494 1476 :
2555 1421 2917 1494 Resipiscite,
2966 1427 3202 1493 prop'rr
3251 1426 3495 1494 peccata
3547 1421 3606 1475 in

1949 1512 2170 1584 quibus
2201 1511 2544 1566 offendistis.
2603 1512 2865 1567 Christus
2910 1527 3046 1565 vero
3077 1528 3088 1565 :
3121 1510 3480 1582 Resipiscite,
3545 1513 3610 1564 ut

1952 1601 2248 1656 transferri
2280 1600 2625 1656 mereamini
2664 1616 2699 1656 a
2737 1600 2916 1656 veteri
2969 1601 3343 1655 Testamento
3392 1600 3498 1672 (ee)
3549 1598 3605 1652 in

1952 1705 2193 1746 novum.
2227 1693 2290 1745 Et
2316 1693 2574 1745 Marcum
2607 1706 2715 1762 pro
2743 1695 2886 1744 teste
2919 1688 3244 1751 adducunt,
3273 1690 3373 1761 qui
3412 1687 3606 1742 addit:

1955 1780 2027 1833 Et
2080 1781 2297 1835 credite
2349 1779 2677 1849 Evangelia
2723 1780 2794 1832 ⁷³.
2850 1780 2911 1832 Et
2979 1779 3258 1840 Joannes,
3312 1777 3605 1848 inquiunt,

1956 1867 2250 1922 Christum
2268 1868 2499 1922 vocavit
2531 1882 2771 1936 regnum
2797 1867 3087 1922 calorum.
3116 1865 3385 1921 Christus
3410 1870 3608 1920 autem

1956 1955 2710 2027 caelestemangelicamque
2728 1955 3015 2026 politiam,
3049 1971 3228 2026 quam
3263 1955 3387 2026 ipse
3413 1954 3609 2008 condi-

1961 2049 2126 2100 turus
2158 2050 2298 2109 erat,
2336 2050 2394 2100 ut
2426 2045 3072 2115 praediximusrdarcus
3101 2060 3243 2099 sane
3272 2060 3380 2116 pro
3422 2045 3610 2114 Regna

1959 2135 2231 2189 caelorum
2258 2133 2417 2197 dixit,
2447 2134 2700 2204 Regnum
2735 2133 2834 2188 Dei
2858 2134 2926 2168 ⁷⁸·
2960 2133 3302 2203 lntelligitur
3327 2137 3612 2204 praeterea

1957 2238 2208 2293 regnum
2237 2223 2338 2277 Dei
2380 2223 2615 2285 instare,
2668 2228 2731 2277 ut
2793 2238 2971 2293 super
3029 2223 3337 2277 credentes
3384 2226 3606 2289 regnet.

1962 2310 2262 2384 Siquidem
2296 2310 2737 2366 incredulorum
2776 2315 2988 2366 natura
3021 2310 3139 2364 Rex
3173 2319 3257 2365 est
3291 2309 3460 2364 Filius
3513 2310 3609 2365 Dei

1959 2405 2016 2456 et
2045 2399 2326 2462 Verbum,
2355 2398 2717 2453 credentium
2749 2413 2890 2453 vero
2919 2401 3167 2469 utroque
3185 2401 3378 2460 modo,
3407 2401 3610 2452 natura

1959 2488 2230 2545 videlicet
2257 2492 2313 2542 et
2340 2487 2664 2550 voluntate,
2692 2504 2825 2542 cum
2855 2493 3058 2558 sponte
3114 2487 3607 2556 gubernationem

1960 2578 2089 2649 ejus
2130 2577 2481 2648 suscipiant.

2032 2757 2195 2814 Vers.
2233 2761 2314 2812 18.
2348 2756 2666 2812 Ambulans
2697 2787 2763 2796 —
2805 2756 2874 2812 V.
2914 2761 3000 2811 20.
3057 2757 3220 2812 Eum.
3273 2757 3610 2813 Matthaaeus

1958 2845 2202 2916 quidem
2231 2845 2289 2900 in
2317 2846 2428 2900 hoc
2458 2845 2588 2900 loco
2637 2844 2800 2910 dicit,
2851 2851 3165 2918 postquam
3221 2846 3468 2901 traditus
3523 2851 3610 2902 est

1957 2935 2216 2990 Joannes
2274 2935 2384 2990 hos
2428 2951 2554 2990 esse
2589 2934 2886 2990 Christum
2939 2940 3186 2991 secutos.
3243 2936 3613 3004 Evangelista

1956 3038 2099 3078 vero
2125 3021 2407 3089 Joannes,
2435 3023 2598 3095 quod
2621 3023 2808 3093 potius
2836 3028 3149 3095 antequam
3181 3023 3510 3079 traderetur
3539 3025 3606 3076 ⁷⁷.

1960 3111 2245 3166 Prteterea
2276 3111 2577 3167 Matthaaus
2593 3111 2798 3166 asserit
2827 3111 3337 3184 simulutrumque
3364 3127 3611 3167 vocasse

1957 3201 2158 3254 Jesum
2194 3216 2208 3265 ;
2240 3200 2499 3254 Joannes
2529 3205 2748 3264 autem,
2809 3200 2972 3271 quod
3023 3201 3320 3254 Andream
3371 3201 3607 3270 quidem

1955 3290 2143 3353 Jesus,
2163 3289 2388 3344 Petrum
2412 3303 2552 3343 vero
2578 3288 2842 3344 Andreas
2866 3289 3183 3345 vocaverit.
3227 3288 3388 3343 Unde
3421 3289 3605 3342 mani-

1959 3377 2173 3432 festum
2205 3375 2466 3432 esthanc
2488 3377 2816 3432 secundam
2858 3375 3036 3431 fuisse
3070 3377 3462 3431 vocationem.
3515 3380 3602 3431 Et-

1959 3465 2117 3521 enim
2143 3481 2278 3520 cum
2309 3482 2443 3520 eum
2466 3466 2648 3521 secuti
2680 3465 2928 3520 fuissent
2953 3470 3088 3520 ante
3132 3466 3378 3520 Joannis
3425 3465 3604 3520 tradi-

1960 3555 2202 3617 tionem.
2235 3571 2469 3609 rursum
2490 3554 2558 3608 ad
2576 3555 2828 3626 patriam
2851 3554 3068 3609 reversi
3100 3559 3258 3620 sunt,
3297 3559 3606 3626 artemque

1957 3642 2215 3713 priorem
2269 3650 2656 3700 exercuerunt
2691 3660 2702 3698 :
2735 3647 2938 3715 utpote
2991 3643 3256 3698 videntes
3315 3645 3605 3698 Joannem

1956 3731 2196 3802 quidem
2261 3731 2542 3787 traditum
2586 3748 2738 3797 esse,
2817 3732 3019 3787 Jesum
3070 3747 3211 3787 vero
3257 3733 3596 3789 secessisse.

1956 3819 2341 3875 Postmodum
2396 3821 2574 3890 igitur
2625 3820 2912 3886 Christus,
2958 3821 3218 3892 primum
3250 3821 3332 3875 eis
3385 3821 3606 3877 factum

1955 3909 2290 3980 ignoscens,
2322 3911 2478 3965 venit
2510 3916 2573 3965 ut
2611 3927 2852 3966 rursum
2884 3925 2985 3966 eos
3010 3917 3319 3982 recuperet
3349 3928 3361 3966 :
3404 3911 3606 3982 jubet-

1956 4015 2070 4071 que
2107 4003 2168 4054 ut
2193 4004 2535 4071 sequantur,
2562 4005 2617 4055 et
2643 4017 2749 4072 pro
2782 3999 3004 4055 retibus
3035 4017 3163 4072 quas
3191 4001 3601 4072 possidebant,

1955 4094 2194 4142 sumant
2222 4089 2301 4143 ab
2353 4104 2423 4143 eo
2476 4089 2829 4144 rationalem
2883 4104 3166 4160 sagenam
3203 4094 3302 4144 :et
3326 4089 3384 4143 in
3441 4105 3606 4144 mare

1956 4175 2153 4230 saeculi
2186 4176 2505 4240 mittentes,
2535 4193 2644 4248 pro
2667 4177 2931 4249 piscibus
2960 4177 3234 4231 homines
3254 4177 3510 4247 capiant.
3542 4180 3607 4232 Et

1953 4263 2084 4318 vide
2115 4265 2425 4336 quomodo
2450 4265 2670 4332 statim,
2700 4266 2790 4320 his
2821 4281 2953 4336 quae
2985 4265 3366 4336 possidebant
3390 4264 3604 4319 relictis

1953 4351 2328 4419 obedierunt,
2363 4354 2504 4409 nihil
2546 4354 3019 4424 tergiversantes.
3075 4354 3158 4408 Ita
3205 4367 3422 4423 nempe
3477 4354 3605 4410 vult

1954 4442 2247 4508 Christus,
2282 4448 2342 4497 ut
2391 4442 2581 4498 cuivis
2638 4441 2969 4497 necessitati
3032 4458 3175 4495 suus
3220 4447 3606 4514 praeponatur

1953 4531 2359 4603 discipulatus.
2381 4531 2533 4586 Dixit
2559 4535 2749 4586 autem
2780 4546 2792 4584 :
2835 4531 3034 4586 Venite
3054 4536 3185 4599 post
3221 4546 3331 4597 me,
3362 4529 3477 4587 hoc
3499 4539 3598 4600 est,

1876 4603 1921 4657 D
1953 4620 2278 4692 Sequimini
2307 4637 2420 4676 me.

2025 4711 2252 4765 Fratres
2279 4709 2534 4774 fuerunt,
2571 4710 2671 4781 qui
2723 4709 2985 4781 primum
3012 4724 3048 4764 a
3077 4708 3307 4764 Christo
3353 4708 3602 4766 docente

1951 4799 2330 4854 vocatisunt:
2357 4804 2480 4854 tum
2506 4799 2649 4870 quia
2675 4799 2815 4854 hmc
2840 4798 3116 4854 convenit
3134 4797 3388 4854 fraterno
3420 4801 3602 4856 modo

1953 4887 2313 4958 gubernare:
2333 4892 2455 4944 tum
2479 4889 2622 4961 quia
2634 4887 2894 4946 fraterno
2909 4887 3085 4945 modo
3109 4903 3312 4960 sapere
3327 4894 3601 4960 oporteat

1952 4991 2055 5040 eos
2086 4975 2191 5048 qui
2215 4975 2295 5032 ab
2319 4976 2452 5049 ipso
2490 4978 2799 5035 docentur.

1460 5277 1687 5349 Variae
1718 5278 2047 5349 lectiones
2095 5288 2162 5349 et
2190 5289 2396 5373 notae.

470 5449 572 5499 Καὶ
602 5447 772 5518 Λόγος
798 5445 824 5498 6
848 5445 988 5506 Υἱός.
1038 5451 1100 5500 Δ.

469 5519 786 5590 Θηρεύωσιν.
826 5523 882 5573 Β.

313 5447 430 5591 iiii

2015 5449 2130 5521 (l5)
2173 5450 2410 5509 Inclusa
2437 5449 2510 5520 in,
2527 5450 2799 5522 margine
2822 5449 3006 5507 habet
3031 5449 3104 5507 A.

314 5647 420 5715 (ee)
458 5643 988 5719 Testamento._Vix
1012 5645 1541 5719 putenymaeﬁxvs
1562 5650 1866 5719 repertum
1891 5661 2027 5704 esse
2058 5645 2136 5703 ab
2178 5645 2461 5705 Hentenio
2485 5646 2548 5704 in
2577 5647 2796 5706 codice.
2832 5647 3027 5704 Malim
3069 5641 3348 5717 equidem
3380 5641 3592 5701 intelli-

243 5713 380 5790 gere
398 5713 681 5786 πολιτείας,
710 5715 876 5789 quod
899 5713 1084 5789 paulo
1126 5713 1366 5773 inferius
1401 5715 1634 5789 legitur.
