4170 6464
575 348 680 406 187

1910 343 2254 403 EUTHYMII
2291 343 2616 402 ZIGABENI

3896 346 4021 402 188

649 472 818 531 Vers.
847 474 933 528 2t.
969 471 1050 528 Et
1076 486 1427 543 progressus
1455 502 1524 514 -—
1553 471 1619 527 ν.
1663 474 1752 528 22.
1795 471 1974 529 Eum.
2006 472 2219 528 Horum

2414 475 2514 526 Kal
2542 469 2736 546 προϐὰς
2765 501 2832 512 -
2862 469 3021 543 αύτῷ.
3053 469 3192 545 Ὀρα
3235 473 3324 523 καὶ
3366 471 3460 529 τὴν
3499 474 3694 524 τούτων
3747 475 4009 539 πίστιν,

577 578 814 636 quoque
841 559 1021 617 ﬁdem
1049 560 1297 626 intuere,
1324 577 1448 634 qua
1476 564 1710 633 patrem
1741 561 1922 618 etiam
1947 561 2229 634 despexe-

574 655 730 709 runt.
755 654 1002 706 Necesse
1033 650 1193 706 enim
1238 654 1326 706 est
1353 651 1701 722 parentibus
1731 665 1976 724 quoque
2005 666 2230 723 praepo-

572 755 712 796 nere
748 739 1066 796 Christum.
1101 743 1299 812 Neque
1349 755 1538 811 parva
1565 739 1795 796 virtutis
1827 739 2101 812 ipsorum
2130 739 2230 795 de-

570 828 922 885 monstratio
961 833 1068 898 est,
1100 828 1267 901 quod
1306 833 1719 902 paupertatem
1750 829 1902 886 adeo
1932 829 2100 886 facile
2142 834 2231 886 tu-

571 917 764 986 lerint,
797 933 868 974 ac
893 917 1152 990 propriis
1178 917 1460 974 manibus
1491 919 1714 975 victum
1756 919 2120 992 quaesierint,
2174 922 2232 976 et

573 1010 776 1063 mutuo
797 1006 943 1062 inter
963 1021 1024 1062 se
1051 1021 1254 1062 amore
1279 1007 1539 1077 colligati
1561 1007 1799 1077 fuerint,
1831 1012 2062 1080 patrem
2086 1022 2228 1080 quo-

573 1111 694 1168 que
718 1110 839 1152 una
868 1111 1071 1152 secum
1096 1095 1432 1161 habuerint,
1463 1095 1667 1170 illique
1695 1096 2081 1154 inservierint.
2124 1097 2230 1154 Ve-

572 1183 808 1240 risimile
844 1187 934 1240 est
958 1188 1177 1250 autem,
1218 1185 1458 1241 audisse
1502 1200 1604 1243 eos
1644 1201 1680 1243 a
1710 1186 1876 1243 Petro
1897 1185 2226 1251 etAndrea,

574 1272 922 1348 promisisse
945 1273 1266 1342 Christum,
1305 1274 1466 1350 quod
1497 1280 1810 1348 sequentes
1842 1290 1926 1342 se,
1959 1274 2231 1333 redderet

573 1362 891 1420 hominum
921 1363 1265 1436 piscatores.

643 1453 806 1508 Vers.
863 1455 952 1509 23.
980 1453 1057 1507 Et
1081 1482 1151 1494 —
1177 1453 1481 1526 synagogis
1513 1468 1736 1510 eorum.
1790 1453 1855 1510 In
1910 1453 2229 1527 synagogis

574 1557 784 1599 eorum
808 1541 1063 1598 docebat
1095 1559 1109 1598 :
1134 1543 1350 1614 partim
1381 1542 1624 1616 quidem
1655 1548 1716 1598 ut
1743 1542 1944 1615 plures
1975 1543 2225 1600 attrahe-

572 1635 676 1696 ret,
699 1633 915 1702 partim
940 1647 1078 1688 vero
1099 1647 1175 1687 ne
1195 1631 1336 1704 quis
1382 1631 1577 1688 dicere
1608 1637 1824 1704 posset,
1856 1633 2018 1705 quod
2048 1631 2226 1688 rudes

572 1720 844 1778 clanculo
869 1720 1092 1777 docens
1109 1720 1416 1792 deciperet,
1438 1720 1635 1792 palam
1654 1736 1774 1777 non
1789 1737 1972 1778 ausus
1986 1721 2221 1779 docere.

643 1809 804 1866 Vers.
850 1813 936 1867 23.
974 1810 1048 1864 Et
1095 1810 1412 1881 pradicans
1459 1841 1522 1850 —
1567 1811 1753 1882 regni.
1806 1813 2034 1867 Marcus
2087 1827 2223 1868 vero
2258 1841 2303 1898 Β

571 1899 808 1971 scripsit
841 1920 852 1952 :
877 1899 1056 1970 Regni
1077 1899 1266 1954 Dei".
1297 1899 1392 1955 Est
1417 1903 1617 1956 autem
1647 1899 2026 1970 Evangelium
2054 1900 2222 1970 regni

571 1987 695 2054 Dei,
729 1990 956 2042 Novum
1009 1990 1471 2056 Testamentum,
1525 1993 1723 2060 utpote
1771 1989 1846 2045 de
1894 2005 2078 2060 regno
2123 1989 2223 2046 Dei

570 2076 912 2148 disputans,
943 2075 1144 2133 autad
1173 2091 1424 2149 regnum
1464 2078 1584 2144 Dei,
1615 2078 1730 2151 ipsi
1759 2077 2107 2136 obedientes
2136 2079 2224 2136 in-

568 2165 814 2223 ducens.
905 2188 910 2191 *

638 2345 802 2400 Vers.
836 2343 924 2400 23.
955 2343 1034 2398 Et
1063 2374 1131 2384 —
1159 2345 1398 2414 populo.
1455 2348 1628 2408 Νόσος
1655 2345 1900 2418 quidem
1935 2346 2068 2418 (pro
2096 2359 2221 2418 quo

564 2449 676 2491 nos
700 2432 968 2491 morbum
1006 2432 1314 2505 vertimus)
1345 2437 1436 2489 est
1463 2433 1695 2492 diutina
1718 2435 2021 2507 perversio
2051 2435 2221 2491 habi-

563 2523 787 2581 tudinis
840 2521 1108 2594 corporis
1145 2539 1158 2577 :
1207 2522 1459 2575 Μαλακία
1514 2539 1656 2579 vero
1706 2525 1915 2596 (quam
1956 2524 2221 2580 diximus

562 2612 942 2684 languorem)
995 2610 1361 2682 principium
1420 2615 1513 2668 est
1560 2611 1875 2669 laxationis
1926 2612 2215 2685 corporis,

563 2699 760 2758 morbi
791 2698 1152 2770 praenuntia.
1185 2701 1252 2755 Et
1300 2700 1363 2755 in
1415 2715 1663 2774 corpore
1708 2716 1853 2758 sane
1904 2701 1986 2758 ita
2016 2705 2127 2760 est.
2156 2702 2221 2760 lu

565 2789 773 2847 anima
793 2790 995 2844 autem
1022 2787 1272 2843 morbus
1297 2789 1539 2860 quidem
1589 2793 1677 2846 est
1726 2790 1953 2862 peccati
2006 2794 2214 2847 actus:

560 2877 821 2948 languor
845 2891 984 2932 vero
1013 2875 1282 2934 inductio
1330 2878 1700 2948 cogitationis
1731 2878 1811 2936 ad
1866 2883 2036 2936 actus
2080 2895 2219 2938 con-

561 2982 822 3025 sensum.

635 3058 794 3113 Vers.
817 3057 907 3111 24.
928 3054 1248 3126 Divulgata
1269 3057 1607 3129 —Sgriam.
1628 3060 1855 3116 Marcus
1865 3073 2007 3114 vero
2021 3058 2171 3116 dixit
2197 3075 2212 3115 :

561 3147 771 3203 Exivit
787 3151 980 3203 autem
993 3160 1199 3202 rumor
1211 3146 1285 3203 de
1303 3161 1367 3204 eo
1380 3149 1441 3202 in
1459 3153 1640 3206 totam
1662 3148 1906 3221 undique
1917 3148 2214 3220 regionem

563 3236 834 3294 Galilcea'
849 3235 1166 3305 ﬁnitimam
1189 3237 1258 3291 τ’.
1278 3235 1468 3294 Lucas
1492 3252 1634 3294 vero
1662 3254 1675 3293 :
1707 3239 1785 3294 Et
1805 3237 2217 3309 egrediebatur

557 3341 736 3382 sonus
761 3326 836 3384 de
856 3341 921 3383 eo
966 3326 1031 3383 in
1061 3341 1290 3383 omnem
1318 3326 1501 3384 locum
1541 3327 1805 3397 ﬁnitima:
1849 3327 2097 3398 regionis
2143 3327 2211 3384 ⁸ο.

558 3417 780 3473 Rumor
808 3420 1010 3474 autem
1057 3419 1112 3472 et
1161 3431 1346 3473 sonus
1395 3415 1736 3488 signiﬁcant
1778 3415 2007 3474 famam
2061 3416 2211 3487 ejus.

557 3505 842 3561 Praeterea
870 3520 1047 3577 quam
1086 3504 1234 3560 dixit
1269 3505 1575 3561 Matthaeus
1615 3504 1871 3576 Syriam,
1898 3503 2057 3560 hanc
2108 3519 2217 3559 cae-

554 3593 661 3650 teri
713 3592 960 3650 Galilaeaa
1004 3591 1324 3648 ﬁnitimam
1377 3592 1685 3662 regionem
1748 3591 2212 3663 appellaverunt.

552 3681 888 3737 Dimanavit
915 3683 1120 3736 autem
1149 3681 1224 3735 de
1251 3695 1321 3735 eo
1352 3679 1535 3742 fama,
1567 3679 1729 3752 quod
1793 3679 1934 3736 talia
1980 3679 2219 3738 doceret

555 3768 758 3842 qualia
804 3782 1120 3839 nunquam
1153 3765 1542 3834 audivissent,
1594 3772 1650 3824 et
1696 3768 1862 3840 quod
1909 3783 2214 3827 sermones

554 3855 860 3914 miraculis
911 3854 1317 3920 conﬁrmaret,
1367 3855 1653 3929 quodque
1685 3871 1820 3915 cum
1865 3859 2213 3917 auctoritate

556 3945 800 4002 doceret
836 3959 906 4001 ac
949 3945 1314 4016 operaretur,
1339 3944 1491 4002 sicut
1517 3945 1580 4001 in
1616 3948 1812 4004 Marco
1841 3945 2212 4006 manifestius

554 4033 841 4091 invenies.

627 4121 793 4179 Vers.
829 4124 922 4179 24.
959 4121 1038 4179 Et
1065 4151 1136 4164 —
1163 4122 1400 4180 sanavit
1425 4137 1535 4181 eos.
1567 4125 1704 4182 Post
1730 4124 1916 4184 verba
1954 4125 2076 4195 illa,
2105 4142 2208 4186 va-

555 4212 664 4270 riis
681 4213 918 4275 morbis.
941 4211 1240 4270 distinctio
1263 4213 1545 4286 ponenda
1566 4217 1675 4271 est.
1708 4216 1986 4274 Tormina
2009 4221 2208 4274 autem

556 4305 729 4359 vocat
754 4301 1104 4359 morborum
1131 4301 1390 4359 dolores.
1424 4302 1693 4361 Lunatici
1740 4320 1883 4361 vero
1936 4309 2209 4363 tenentur

554 4390 861 4450 affectione
881 4397 1296 4464 corruptorum
1317 4391 1663 4450 humorum.
1693 4393 1844 4459 Quia
1872 4395 2032 4449 enim
2064 4395 2209 4453 luna

554 4497 688 4538 cum
721 4481 802 4538 ad
830 4481 1076 4554 plenum
1104 4480 1309 4537 lumen
1362 4481 1682 4551 devenerit,
1717 4487 1996 4539 naturam
2023 4482 2208 4542 habet

2340 556 2412 613 δι’
2461 561 2521 619 ἣν
2563 565 2773 615 καὶτοῦ
2827 564 3029 634 Πατρός
3077 563 3482 635 κατεφρόνησαν.
3531 563 3647 634 Χρὴ
3694 563 3834 632 γὰρ
3903 566 4010 613 καὶ

2337 657 2438 702 τῶν
2493 654 2678 722 γονέων
2747 656 3005 724 προτιμᾷν
3075 652 3161 702 τόν
3220 652 3468 722 Χριστόν.
3526 647 3601 700 Ού
3663 651 3880 721 μικρὰ
3939 645 4010 704 δε

2339 736 2607 803 ἀπόδειξις
2644 747 2740 801 τῆς
2787 738 2964 813 ἀρετῆς
3012 739 3199 805 αὐτῶν,
3249 741 3306 790 τὸ
3361 741 3537 790 πενίαν
3586 742 3768 812 φέρειν
3827 739 4010 793 nixo-

2337 828 2454 894 λως,
2505 834 2594 882 καὶ
2641 832 2698 882 τὸ
2751 829 2851 882 ἀπὸ
2905 837 3002 881 τῶν
3041 828 3238 881 οἰκείων
3286 829 3564 901 τρέφεσθαι
3597 837 3853 900 χειρῶν,
3900 835 4007 883 καὶ

2337 921 2396 970 τό
2446 915 2797 972 συνδεδέσθαι
2862 916 3116 982 ἀλληλοις,
3173 921 3262 969 καὶ
3316 919 3374 968 τὸ
3434 919 3519 968 τόν
3568 920 3801 990 Πατέρα
3863 919 4007 990 μεθ’

2338 1007 2529 1061 ἑαυτῶν
2582 1011 2722 1080 ἔχειν
2765 1014 2855 1061 καὶ
2902 1009 3217 1081 θεραπεύειν.
3252 1005 3402 1069 Εἰκὸς
3452 1004 3531 1071 ὀὶ,
3581 1009 3669 1058 καὶ
3715 1008 4004 1071 τούτους

2339 1096 2563 1150 ἀκοῦσαι
2617 1100 2762 1172 παρὰ
2809 1101 3004 1170 Πέτρου
3053 1100 3146 1148 καὶ
3196 1092 3464 1168 Ἀνδρίου,
3527 1096 3608 1148 ὅτι
3667 1094 4004 1168 ὑπέσχετο

2336 1195 2558 1246 ποιῆσαι
2634 1191 2756 1250 τοὺς
2838 1185 3245 1249 ἀκολουθοῦντας
3340 1184 3503 1257 αύτῷ,
3600 1182 3774 1247 ἁλιεῖς
3889 1184 3999 1239 ἀν-

2340 1279 2576 1352 θρώπων.

2410 1460 2510 1510 Kal
2556 1487 2623 1496 —
2669 1463 2997 1528 συναγωγαῖς
3053 1455 3241 1510 αὐτῶν.
3306 1461 3579 1529 Περιῆγεν,
3639 1455 3755 1525 (16)
3844 1455 3987 1512 ἄντὶ

2334 1551 2446 1612 τοῦ,
2479 1550 2823 1620 Περιὴρχετο.
2851 1545 2930 1598 Ἐν
2978 1553 3088 1606 ταῖς
3137 1552 3462 1617 συναγωγαῖς
3513 1541 3574 1597 δε
3629 1540 3925 1600 ἆδίδοισ-χε
3966 1568 3981 1580 ·

2332 1642 2483 1688 τοῦτο
2535 1640 2644 1706 μεν,
2689 1638 2772 1687 ἱνα
2816 1635 3053 1696 πλείονας
3093 1633 3437 1706 ἐφελκύσηται
3469 1649 3481 1663 ⁸
3530 1641 3684 1686 τοῦτο
3716 1629 3805 1701 δε,
3876 1639 3977 1689 ἵνα

2333 1719 2521 1795 μηδεὶς
2551 1726 2669 1796 ἔχοι
2707 1724 2889 1794 λέγειν,
2920 1726 3000 1776 ὃτι
3028 1723 3195 1797 λάθρα
3225 1719 3498 1776 διδάσκων
3527 1725 3644 1784 τοὺς
3690 1721 3968 1795 ἀμαθεῖς,

2333 1811 2566 1884 ἑξαπάτᾴ
2593 1815 2820 1877 τούτους,
2849 1817 2919 1885 μη
2949 1812 3149 1886 θαρῥῶν
3176 1811 3224 1864 ἕν
3262 1811 3447 1869 πλήθει
3487 1808 3521 1864 δ
3527 1808 3785 1867 ιδάσκειν.

2407 1907 2507 1956 Kal
2549 1906 2831 1975 κηρύσσων
2873 1933 2941 1943 -
2990 1901 3282 1974 βασιλείας.
3323 1900 3382 1951 ’0
3441 1897 3500 1953 δι
3546 1904 3780 1974 Μάρκος,
3843 1911 3961 1966 τῦς

2332 1989 2606 2064 βασιλείας
2653 1999 2744 2043 τοῦ
2783 1998 2918 2044 Θεοῦ
2956 1989 3194 2064 ἔγραψεν.
3241 1990 3548 2061 Εύαγγελιον
3594 1987 3653 2042 δε
3690 1999 3787 2053 τῆς
3829 1990 3952 2063 βαι

2333 2079 2526 2143 σιλείας
2553 2087 2646 2133 τοῦ
2673 2087 2828 2145 Θεοῦ,
2875 2082 2904 2138 ἡ
2941 2084 3101 2139 Καινὴ
3150 2081 3407 2148 Διαθήκη,
3450 2082 3520 2141 ὡς
3547 2084 3662 2151 περὶ
3703 2088 3796 2140 τῆς
3826 2079 3950 2152 βα-

2334 2169 2530 2232 σιλείας
2557 2177 2648 2222 τοῦ
2678 2176 2812 2222 Θεοῦ
2844 2165 2879 2220 δ
2883 2167 3295 2240 ιαλαμϐάνουσα,
3328 2168 3358 2228 ᾖ
3406 2170 3476 2230 ὡς
3520 2168 3802 2238 εἰσάγουσα
3847 2169 3943 2231 εἰς

2328 2262 2420 2316 τὴν
2449 2257 2720 2332 βασιλείαν
2750 2266 2842 2311 τοῦ
2873 2265 3006 2312 Θεοῦ
3030 2261 3151 2320 τούς
3175 2259 3510 2330 πειθομένους
3539 2257 3692 2329 αὐτῇ.

2404 2352 2502 2401 Kal
2529 2378 2597 2388 -
2625 2346 2752 2418 λαῷ.
2805 2352 2974 2408 Νόσος
3003 2351 3093 2418 μίν
3137 2348 3272 2411 ἑστι,
3304 2348 3333 2404 ἠ
3367 2351 3561 2418 χρονία
3610 2347 3910 2418 παραφοπή

2329 2443 2421 2497 τῆς
2470 2444 2562 2489 τοῦ
2612 2442 2852 2508 σώματος
2900 2435 3048 2498 ἕξεως
3080 2453 3092 2464 ·
3126 2434 3358 2507 μαλακία
3398 2431 3477 2504 δι,
3519 2433 3666 2508 ἁρχὴ
3716 2436 3919 2505 χαυνω-

2331 2543 2454 2585 σεως
2513 2531 2768 2597 σώματος,
2836 2523 3152 2596 προάγγελος
3214 2527 3393 2580 νόσου.
3455 2522 3591 2575 Ἀλλ’
3643 2523 3779 2575 οὕτω

2328 2611 2412 2666 ἰπὶ
2467 2619 2725 2686 σώματος.
2775 2613 2888 2667 Ἐπὶ
2945 2609 3005 2666 δε
3055 2611 3262 2684 ψυχῆς,
3313 2616 3459 2672 νόσος
3505 2614 3616 2684 μεν,
3664 2611 3928 2685 ἁμαρτίας

2327 2700 2555 2776 ἐνέργεια
2606 2719 2619 2732 ·
2678 2701 2912 2774 μαλακία
2977 2697 3056 2766 δι,
3123 2703 3398 2774 χαύνωσις
3459 2699 3738 2773 λογισμοῦ,
3797 2702 3929 2775 πρὸς

2329 2792 2711 2864 συγκατάθεσιν
2732 2790 3000 2863 ἐνεργείας.

2399 2975 2499 3024 Kal
2555 2968 2778 3029 ἀπῆλθεν
2826 2999 2896 3009 -
2953 2973 3138 3041 Συρίαν
3187 2985 3200 2998 ·
3249 2967 3310 3020 '0
3359 2963 3418 3020 δε
3473 2969 3684 3040 Μάρκος
3737 2965 3874 3020 εἶπεν
3904 2982 3919 2995 ⁸

2328 3059 2536 3123 Ἐξῆλθε
2585 3055 2644 3112 δε
2698 3060 2728 3116 ἠ
2790 3057 2917 3117 ἀκοὴ
2970 3057 3130 3110 αὐτοῦ
3191 3057 3343 3117 εὐθὺς
3395 3056 3465 3118 εἰς
3517 3055 3638 3114 ὅλην
3689 3059 3782 3114 τὴν
3831 3075 3923 3108 πε-

2323 3153 2558 3224 ρίχωρον
2605 3157 2700 3210 τῆς
2755 3147 3048 3209 Γαλιλαίας.
3097 3147 3155 3199 Ὀ
3211 3143 3270 3199 δι
3319 3151 3542 3206 Λουκᾶς·
3597 3149 3696 3198 Kai
3749 3143 3925 3207 ἐξεπο-

2323 3241 2496 3312 ρεύετο
2540 3233 2677 3308 ἦχος
2714 3241 2830 3312 περὶ
2883 3236 3043 3290 αὑτοῦ
3100 3236 3166 3297 εἰς
3217 3237 3388 3288 πάντα
3440 3239 3594 3287 τόπον
3648 3243 3739 3294 τῆς
3781 3253 3922 3307 περι-

2323 3333 2525 3401 χώρου·
2556 3325 2742 3385 ’Δκοὴν
2791 3322 2850 3379 δε
2893 3330 2983 3378 καὶ
3030 3321 3186 3397 ἦχον,
3233 3329 3325 3383 τὴν
3367 3327 3485 3397 περὶ
3537 3322 3696 3376 αὐτοῦ
3743 3328 3920 3396 φήμην

2322 3415 2578 3488 λέγουσιν.
2635 3414 2735 3468 ⁴Ὴν
2789 3410 2848 3467 δι
2907 3412 3013 3466 εἶπε
3059 3418 3246 3485 Συρίαν
3298 3413 3324 3464 ὁ
3380 3413 3666 3479 Ματθαῖος,
3723 3415 3920 3470 ταύτην

2323 3501 2463 3558 εἶπον
2523 3507 2572 3558 οἱ
2640 3503 2785 3556 ἄλλοι
2835 3508 3131 3577 περίχωρον
3193 3509 3289 3562 τῆς
3342 3500 3630 3561 Γαλιλαίας·
3694 3501 3921 3559 ’Δπῆλθε

2326 3591 2384 3647 δι
2433 3595 2462 3653 ἡ
2525 3597 2642 3664 περὶ
2699 3591 2858 3644 αὐτοῦ
2913 3591 3066 3657 ἀκοὴ,
3126 3587 3263 3644 διότι
3325 3597 3544 3642 τοιαῦτα
3611 3585 3914 3655 ἕδίδασκεν,

2324 3682 2410 3733 οἶα
2452 3677 2701 3734 οὐδέποτε
2736 3685 2988 3748 ἤκουσαν,
3027 3684 3117 3733 καὶ
3164 3681 3242 3732 ὅτι
3290 3683 3411 3741 τούς
3453 3678 3635 3749 λόγους
3683 3677 3917 3730 ἇϐεϐαίου

2322 3776 2427 3831 τοῖς
2483 3771 2736 3843 θαύμασι,
2791 3775 2882 3822 καὶ
2931 3772 3009 3822 ὅτι
3059 3767 3461 3832 ἰξουσιαστικὼς
3508 3771 3595 3818 καί
3637 3763 3912 3832 ἐδίδασκε,

2319 3863 2410 3912 καὶ
2461 3857 2890 3932 ὶθαυματούργει,
2945 3861 3015 3920 ὡς
3070 3859 3311 3932 εὑρήσεις
3357 3861 3700 3930 φανερώτερον
3745 3853 3795 3908 ἂν
3843 3862 3916 3926 τῷ

2318 3948 2536 4021 Μάρκῳ.
3556 3953 3560 3955 ’

2390 4135 2489 4186 Kal
2540 4163 2609 4174 —
2661 4131 2996 4206 ίθεράπευσεν
3054 4129 3265 4192 αύτούς.
3310 4131 3456 4183 Μετὰ
3513 4131 3595 4194 τὸ,
3650 4127 3914 4190 ποικίλαις

2315 4224 2509 4286 νόσοις,
2571 4225 2800 4272 στικτίον
2864 4218 3079 4272 τελείαν.
3158 4219 3418 4278 Βασάνους
3486 4213 3545 4270 δε
3605 4215 3760 4287 λέγει,
3821 4218 3915 4278 τὰς

2317 4308 2417 4362 ὰπὸ
2472 4316 2573 4362 τῶν
2625 4312 2788 4361 νόσων
2848 4303 3055 4368 ὀδύνας.
3110 4306 3168 4360 Ὀ
3222 4303 3282 4360 δι
3350 4305 3699 4376 σεληνιασμός
3746 4306 3912 4367 πάθος

2317 4395 2459 4451 εστὶν
2530 4395 2630 4450 ἀπὸ
2691 4401 2994 4455 σεσηπότων
3069 4403 3256 4468 χυμῶν
3313 4395 3706 4466 συνιστάμενος.
3769 4395 3913 4446 Ἐπεὶ

2313 4489 2414 4561 γὰρ
2443 4486 2562 4557 (I7)
2605 4487 2635 4544 ἡ
2684 4485 2894 4552 σελήνη,
2925 4483 3222 4556 πλησιφαής
3267 4487 3533 4555 γινομένη,
3567 4485 3723 4554 φύσιν
3775 4485 3909 4553 ἔχει,

554 4583 661 4642 per
689 4568 1061 4641 splendorem
1099 4584 1279 4625 suum
1310 4571 1680 4628 attractivam
1710 4570 2059 4638 humorum,
2103 4572 2208 4645 qui

2328 4572 2410 4628 ha
2436 4582 2531 4637 τῆς
2575 4573 2762 4627 ίκεῖθεν
2815 4577 3145 4646 πεμπομένης
3191 4572 3358 4644 αὐγῇς
3415 4570 3666 4643 ἀνασχεῖν
3716 4572 3809 4632 τὰς
3861 4569 3912 4622 ἄν

556 4657 616 4714 in
646 4655 1000 4730 corporibus
1033 4662 1190 4724 sunt,
1217 4657 1282 4714 ﬁt
1323 4662 1387 4714 ut
1411 4657 1474 4715 hi
1514 4661 1655 4715 tunc
1700 4659 2026 4716 turbentur.
2076 4660 2204 4718 Fre-

555 4761 748 4820 quens
777 4745 994 4802 etenim
1025 4760 1096 4803 ac
1119 4760 1340 4818 pravus
1385 4761 1578 4819 vapor
1605 4746 1684 4804 ab
1728 4746 1872 4820 ipsis
1923 4747 2204 4822 elevatus,

556 4835 870 4894 cerebrum
883 4833 1149 4900 dilaniat,
1174 4832 1604 4908 hominemque
1627 4840 1974 4910 contorquet
2008 4854 2204 4906 ;cum-

555 4941 674 5000 que
700 4925 833 4982 huic
863 4940 898 4982 a
947 4923 1095 4982 luna
1140 4924 1458 4996 patiantur,
1511 4924 1758 4984 lunatici
1809 4928 2206 5006 appellantur,

554 5015 775 5072 Verum
801 5029 907 5070 cur
938 5031 971 5070 a
1001 5011 1160 5070 nullo
1207 5013 1425 5071 horum
1455 5016 1807 5090 priusquam
1853 5022 2103 5085 curaret,
2131 5018 2207 5076 de

554 5102 671 5161 ﬁde
693 5103 1025 5178 requisivit,
1068 5103 1583 5178 quemadmodum
1612 5111 1823 5179 postea
1845 5106 1983 5164 fecit
2017 5121 2054 5164 a
2079 5106 2208 5179 plu-

627 5281 675 5317 ⁷⁸
699 5282 872 5340 Marc.
895 5282 934 5350 ι,
965 5284 1053 5342 14.
1127 5285 1176 5322 ⁷³
1209 5283 1362 5342 ibid.
1393 5286 1462 5340 28
1538 5285 1586 5321 ⁸ο
1612 5283 1755 5340 Luc.
1786 5299 1861 5349 Iv,
1895 5285 1982 5340 37.

2314 4671 2425 4727 τοῖς
2501 4668 2736 4737 σώμασιν
2820 4665 3131 4737 ὑγρότητας,
3194 4663 3550 4735 ταράσσονται
3621 4666 3913 4719 τηνικαῦτα

2313 4756 2404 4805 καὶ
2459 4751 2621 4819 οὗτοι,
2661 4756 2751 4805 καὶ
2810 4751 2987 4805 λοιπόν
3041 4749 3092 4814 εξ
3147 4749 3315 4803 αὐτῶν
3369 4748 3528 4822 ἀτμὸς
3577 4745 3771 4822 δριμὺς
3819 4753 3912 4802 καὶ

2313 4844 2534 4915 πονηρὸς
2607 4839 2994 4915 ἀναφερόμενος,
3067 4841 3377 4910 σπαράσσει
3443 4842 3531 4891 τὸν
3611 4837 3907 4910 ἐγκέφαλον,

2314 4934 2404 4982 καὶ
2434 4927 2738 5004 διαστρέφει
2765 4934 2851 4982 τὸν
2881 4931 3168 5003 ἄνθρωπον.
3203 4933 3344 4984 Διότι
3383 4923 3442 4982 δι
3470 4933 3640 4981 ταῦτα
3665 4945 3912 4999 πασχου-

2317 5037 2400 5071 σιν
2430 5019 2529 5072 ύπό
2563 5019 2798 5086 σελήνης,
2837 5018 3040 5091 λέγεται
3070 5017 3436 5085 σεληνιασμός.
3482 5020 3630 5070 Διατί
3686 5013 3744 5068 δι
3778 5030 3906 5088 παρ’

2315 5104 2521 5171 οὐδενὸς
2564 5109 2756 5170 τούτων
2813 5110 2912 5182 πρὸ
2973 5115 3068 5170 τῆς
3128 5108 3400 5179 θεραπείας
3457 5103 3552 5160 οὐκ
3620 5103 3909 5166 ἐπεζήτησε

1791 5408 2010 5479 Variae
2045 5409 2378 5481 lectiones
2405 5415 2698 5479 etnotae.

550 5575 1023 5705 teolluatuor
1049 5577 1246 5652 priora
1273 5577 1566 5644 vocabula
1603 5592 1724 5638 non
1755 5579 2025 5653 agnoscit
2049 5580 2200 5640 Hen-

2379 5579 2496 5654 (17)
2535 5581 2598 5634 Δί
2620 5593 2729 5653 pro
2751 5580 2852 5654 γάρ
2885 5584 2951 5635 Δ.
