4170 6446
234 394 354 450 189

1245 387 1599 446 COMMENT.
1640 387 1709 443 IN
1748 385 2184 446 MATTH/EUM.
2224 418 2294 431 -—
2351 389 2508 448 CAP.
2540 390 2608 446 ν.

3505 390 3611 448 190

241 523 458 588 πίστιν,
504 520 574 580 ὡς
623 519 766 592 παρά
798 515 997 570 πολλῶν
1028 515 1190 568 ἄλλων
1221 515 1433 591 ὕστερον
1463 534 1476 582 ;
1520 517 1662 568 Διότι
1707 515 1838 566 οὔπα

1961 513 2129 570 ribus
2151 515 2178 571 ?
2205 514 2356 581 Quia
2375 516 2644 572 nondum
2657 515 3038 573 manifestam
3057 530 3180 572 suae
3209 517 3484 589 potentia
3505 516 3604 572 de-

244 616 348 669 τῆς
386 608 568 660 ἑαυτοῦ
599 603 859 678 δυνάμεως
888 602 1158 668 ἀπόδειξιν
1201 614 1337 677 σαφῆ
1375 601 1618 658 δέδωκεν.
1654 601 1849 663 Ἀλλως

246 695 372 767 (18)
399 715 451 748 τε
478 692 555 764 δὲ,
590 695 714 746 αὐτὸ
740 702 913 764 τοῦτο,
946 699 1004 746 τό
1030 698 1301 768 προσιέναι
1339 698 1428 746 καὶ
1455 694 1759 766 προσάγειν,
1789 689 1848 743 ού

248 793 349 846 τῆς
375 787 644 857 τυχούσης
673 788 893 843 πίστεως
924 783 1004 840 ἧν.

329 878 427 926 Καὶ
454 871 815 932 ἠκολούθησαν
846 903 914 912 --
962 877 1120 944 πέραν
1159 879 1249 924 τοῦ
1301 868 1580 945 Ἰορδάνου.
1619 874 1718 923 Καὶ
1749 869 1848 922 ἀπο

242 968 345 1014 τοῦ
369 966 530 1014 τόπου
563 957 797 1028 δηλαδὴ,
828 969 921 1014 τοῦ
944 965 1102 1040 πέραν
1131 968 1221 1014 τοῦ
1253 957 1538 1036 Ἰορδάνου.

573 1163 719 1212 ΚΕΦ.
753 1164 809 1212 Ε.
863 1161 986 1230 Περὶ⁵
1028 1165 1128 1210 τῶν
1156 1163 1523 1231 μακαρισμῶν.

322 1242 474 1300 Ἰδὼν
505 1277 574 1288 -
603 1251 736 1319 ὅρος·
777 1245 798 1319 [
828 1249 911 1308 Εἰς
963 1249 1074 1318 (19)
1125 1251 1240 1320 ὄρος
1287 1245 1479 1308 ἀναϐὰς
1510 1245 1704 1309 ἐξέθετο
1732 1248 1851 1307 τοὺς

246 1339 626 1408 μακαρισμους
692 1337 718 1387 ό
782 1339 988 1410 Κύριος,
1063 1332 1334 1389 διδάσκων
1403 1334 1691 1402 κάντεῦθεν,
1771 1337 1847 1388 ὅτι

249 1428 367 1498 χρὴ
431 1427 518 1476 τὸν
587 1431 926 1500 μακαρισμοῦ
985 1432 1168 1497 τυχεῖν
1237 1423 1490 1497 ἐφιέμενον
1559 1424 1851 1484 ἀποστῆναι

249 1521 358 1563 τῶν
395 1513 766 1585 χαμαιζήλων,
796 1518 886 1566 καὶ
939 1516 1064 1586 πρὸς
1110 1517 1174 1566 τά
1221 1514 1516 1590 ὑψηλότερα
1561 1532 1850 1587 μετεωρισ-

255 1603 432 1660 θῆναι.
465 1602 484 1672 ]

331 1689 514 1748 Ἀνέϐη
570 1687 628 1744 δὲ
679 1692 790 1762 (’20)
841 1690 912 1753 εἰς
956 1695 1012 1744 τὸ
1061 1696 1173 1764 ὅρος
1219 1695 1277 1743 τὸ
1324 1691 1564 1757 πλησίον,
1598 1693 1708 1764 ἅμα
1760 1694 1850 1764 μὲν

251 1777 495 1831 ἐκκλίνων
548 1784 665 1840 τοὺς
712 1781 760 1832 ἐν
813 1785 954 1852 μέσῳ
1005 1780 1270 1853 θορύϐους,
1320 1782 1431 1854 οἶμα
1483 1778 1542 1834 δε
1596 1786 1686 1833 καὶ
1729 1779 1850 1833 ἀπε-

249 1873 548 1941 ρίσπαστον
605 1874 697 1927 τὴν
756 1866 1111 1922 διδασκαλίαν
1145 1872 1473 1927 ποιήσασθαι
1517 1869 1846 1943 βουλόμενος.

250 1956 455 2015 Μετέϐη
503 1961 603 2031 γὰρ
662 1957 766 2010 ἀπὸ
819 1966 913 2019 τῆς
980 1960 1250 2027 θεραπείας
1317 1967 1413 2012 τῶν
1469 1961 1717 2030 σωμάτων
1767 1958 1850 2011 ἐπὶ

250 2050 348 2104 τὴν
389 2046 612 2121 ἰατρείαν
646 2053 748 2097 τῶν
777 2046 992 2116 ψυχῶν.
1027 2046 1176 2097 Ούτω
1225 2050 1327 2120 γὰρ
1373 2047 1451 2101 ἀεὶ
1480 2055 1643 2100 ποιῶν
1689 2043 1850 2100 διετέο

249 2133 346 2196 λει,
405 2133 726 2206 μεταϐαίνων
779 2133 866 2184 ἀπ’
921 2132 1110 2192 ἐκείνης
1167 2132 1246 2185 ἐπὶ
1298 2139 1510 2201 ταύτην,
1555 2140 1646 2187 καὶ
1699 2135 1851 2197 αὖθις

254 2221 357 2274 ἀπὸ
403 2225 598 2283 ταύτης
655 2220 736 2274 ἐπ’
795 2220 1009 2286 ἐκείνην,
1068 2226 1156 2274 καὶ
1212 2223 1449 2282 ποικίλην
1498 2228 1849 2297 παρεχόμενος

251 2315 346 2368 τὴν
375 2310 635 2381 ὠφέλειαν.

327 2403 428 2452 Καὶ
485 2400 797 2460 καθίσαντος
849 2428 914 2438 -
981 2398 1163 2454 αὐτοῦ.
1225 2399 1540 2459 Συνανῆλθον
1605 2403 1694 2473 μεν
1759 2405 1848 2454 καὶ

246 2489 296 2538 οἱ
339 2485 513 2557 ὄχλοι,
559 2486 854 2558 προσῆλθον
911 2483 971 2539 δὲ
1023 2489 1070 2538 οἱ
1125 2489 1379 2559 μαθηταὶ,
1436 2492 1501 2549 ὡς
1542 2489 1847 2563 οἰκειότερον

245 2575 387 2646 αὐτῷ
454 2571 770 2647 διακείμενοι
815 2614 834 2645 ,
891 2574 1116 2636 θελοντες
1193 2571 1527 2648 διδαχθῆναί
1600 2598 1652 2630 τι
1722 2579 1845 2652 παρ’

246 2683 428 2718 αυτου.

320 2756 421 2805 Καὶ
477 2749 683 2814 ἀνοίξας
733 2782 802 2793 -
849 2748 1131 2804 ἐδίδασκεν
1201 2753 1409 2816 αύτούς.
1461 2759 1609 2816 Τίνος
1679 2757 1840 2808 ἕνεκεν

247 2837 402 2904 εἶπεν,
450 2841 531 2892 ὅτι
577 2844 667 2893 καὶ
732 2839 935 2903 ἀνοίξας
975 2845 1031 2892 τὸ
1088 2845 1258 2913 στόμα
1313 2842 1472 2895 αὐτοῦ
1505 2860 1518 2909 ;
1553 2847 1694 2896 Διὸτι
1751 2847 1840 2896 καὶ

247 2933 318 3000 μὴ
352 2927 564 3000 ἀνοιγων
618 2929 742 2982 αύτό
800 2927 1080 2982 ἐδίδασκεν
1132 2930 1340 2998 αὐτοῦς,
1369 2931 1453 3004 ἀφ’
1484 2933 1551 2983 ὧν
1600 2935 1836 3006 ἔπραττε.

251 3020 387 3091 Πρός
431 3018 519 3088 μεν
567 3013 653 3069 οὖν
704 3022 824 3080 τοὺς
871 3021 1110 3090 μαθητὰς
1161 3018 1409 3072 ἀποτείνει
1466 3025 1585 3082 τοὺς
1632 3021 1833 3092 λόγους,

252 3106 332 3156 ἵνα
380 3103 680 3177 ἀνεπαχθὴς
724 3103 850 3179 δόξῃ
902 3115 1006 3167 τοῖς
1053 3107 1254 3178 ὄχλοις,
1299 3113 1495 3169 κοινούς
1548 3105 1606 3162 δὲ
1650 3110 1837 3171 αύτούς

246 3201 470 3246 ποιεῖται
541 3198 671 3268 πρὸς
727 3196 925 3256 πάντας
979 3194 1279 3270 ἀνθρώπους
1351 3202 1441 3249 καὶ
1505 3198 1833 3262 καθολικούς.

1960 605 2454 660 monstrationem
2486 605 2727 662 dederat
2753 628 2764 659 :
2815 606 3052 679 alioque
3083 605 3268 662 modo
3295 606 3452 662 idem
3471 621 3603 679 pro.

1959 691 2177 748 ducere
2207 693 2566 750 etadhibere
2619 699 2867 768 poterat,
2902 694 3016 751 ﬁde
3059 696 3231 753 etiam
3291 711 3412 753 non
3443 712 3602 754 acce-

1960 782 2156 838 dente.

2030 871 2198 928 Vers.
2232 875 2320 927 25.
2362 872 2430 926 Et
2463 878 2676 928 secuta
2727 901 2794 912 —
2847 878 3007 928 trans
3059 872 3381 930 Jordanem
3449 873 3605 932 sitis.

1961 964 2125 1034 Πέραν
2152 968 2243 1013 τοῦ
2277 958 2562 1036 Ἰορδάνου,
2600 961 2781 1017 etiam
2813 961 3084 1018 videlicet
3121 979 3158 1019 a
3203 964 3444 1034 regione
3471 979 3607 1036 qua:

1959 1050 2071 1108 sita
2100 1054 2225 1108 erat
2251 1054 2413 1107 bans
2452 1051 2795 1107 Jordanem.

2375 1141 2522 1196 CAP.
2558 1141 2626 1194 V.
2659 1141 2747 1197 De
2777 1140 3214 1198 beatitudinibus

2029 1228 2180 1301 Cap.
2219 1229 2282 1296 V,
2315 1244 2474 1286 vers.
2519 1234 2565 1285 i.
2616 1232 2761 1285 Cum
2809 1229 3035 1287 vidisset
3065 1261 3133 1270 —
3167 1236 3443 1287 montem.
3476 1232 3518 1303 σξ-
3545 1232 3606 1288 in

1961 1322 2163 1374 monte
2194 1317 2591 1374 beatitudines
2621 1320 2890 1390 exposuit
2922 1319 3232 1389 Dominus,
3285 1322 3509 1375 docens
3533 1337 3605 1376 ex

1957 1407 2073 1464 hoc
2102 1411 2375 1479 oportere
2401 1407 2741 1479 cupientem
2768 1407 3056 1478 attingere
3088 1407 3538 1476 beatitudinem,
3570 1425 3608 1467 a

1958 1496 2255 1568 depressis
2298 1495 2467 1552 humi
2519 1495 2699 1553 rebus
2747 1496 3037 1568 abstrahi,
3097 1501 3153 1554 et
3189 1497 3269 1554 ad
3325 1497 3608 1555 sublimia

1958 1585 2196 1642 elevari.

2030 1678 2092 1729 In
2127 1678 2392 1730 montem
2425 1675 2760 1745 proximum
2794 1675 3082 1741 ascendit,
3130 1675 3309 1732 simul
3359 1676 3606 1748 quidem

1959 1763 2272 1831 tumultus,
2302 1764 2405 1835 qui
2429 1764 2488 1818 in
2518 1763 2640 1820 imo
2662 1768 2828 1819 erant
2853 1764 3194 1830 declinans;
3221 1765 3396 1821 simul
3426 1765 3604 1821 etiam

1959 1851 2188 1924 absque
2221 1851 2341 1907 ulla
2370 1851 2751 1907 distractione
2794 1852 3004 1908 docere
3057 1853 3326 1925 cupiens.
3378 1853 3608 1910 Transit

1959 1940 2118 1997 enim
2152 1955 2187 1995 a
2217 1955 2360 1996 cura
2383 1955 2699 2011 corporum
2731 1940 2802 1997 ad
2827 1957 3035 1998 curam
3066 1942 3430 1998 animarum.
3457 1945 3605 1998 Nam

1958 2028 2039 2085 ita
2068 2043 2300 2100 semper
2320 2026 2398 2083 ab
2432 2027 2531 2084 illa
2561 2029 2766 2084 transit
2797 2028 2874 2084 ad
2900 2029 3092 2095 istam,
3142 2034 3199 2086 et
3256 2046 3466 2086 rursus
3526 2029 3605 2086 ab

1957 2117 2070 2175 hac
2100 2117 2176 2173 ad
2200 2116 2384 2186 illam,
2413 2120 2478 2173 ut
2524 2117 2749 2174 variam
2781 2123 3016 2191 prestat
3047 2118 3370 2176 utilitatem.

2027 2297 2191 2352 Vers.
2218 2297 2267 2351 1.
2300 2298 2563 2368 Cumque
2585 2295 2818 2353 sedisset
2835 2327 2903 2337 -—
2929 2297 3137 2367 ipsius.
3155 2296 3340 2352 Simul
3360 2295 3604 2369 quidem

1957 2385 2146 2442 turba:
2177 2385 2595 2449 ascenderunt,
2639 2385 2917 2458 discipuli
2957 2391 3154 2442 autem
3207 2392 3602 2450 accesserunt,

1957 2479 2245 2547 tanquam
2263 2473 2614 2530 familiarius
2633 2488 2777 2544 erga
2813 2490 2947 2531 eum
2980 2474 3269 2540 affecti,et
3296 2473 3603 2547 quippiam

1953 2563 2032 2620 ad
2062 2579 2133 2621 eo
2162 2563 2386 2621 discere
2416 2563 2746 2637 cupientes.

2022 2741 2182 2798 Vers.
2215 2745 2270 2798 2.
2305 2744 2380 2799 Et
2409 2750 2614 2813 aperto
2636 2773 2702 2784 —
2726 2742 2966 2799 docebat
2989 2757 3102 2799 eos.
3132 2742 3319 2808 Quam
3344 2741 3424 2799 ob
3453 2757 3599 2800 cau-

1950 2847 2080 2888 sam
2105 2831 2265 2898 dicit,
2297 2833 2450 2904 quod
2484 2849 2550 2887 os
2579 2847 2754 2889 suum
2777 2831 3058 2905 aperuit?
3090 2831 3238 2897 Quia
3266 2831 3447 2888 etiam
3472 2847 3596 2889 non

1948 2927 2155 2994 aperto
2179 2937 2278 2978 ore
2297 2922 2549 2978 docebat
2566 2937 2668 2978 eos
2681 2921 2963 2994 operibus
2980 2964 2993 2978 .
3024 2921 3112 2976 Ad
3133 2921 3457 2994 discipulos
3470 2921 3597 2994 qui-

1947 3011 2086 3067 dem
2126 3011 2326 3082 dirigit
2349 3027 2708 3075 sermonem,
2743 3026 2818 3067 ne
2845 3010 3032 3067 turbis
3058 3010 3340 3067 molestus
3357 3026 3492 3068 esse
3517 3010 3597 3067 vi-

1947 3100 2178 3166 deatur,
2210 3100 2610 3158 communiter
2649 3105 2847 3157 tamen
2873 3100 3034 3156 illum
3066 3100 3342 3173 proponit
3361 3099 3435 3158 ad
3467 3099 3595 3157 uni-

1948 3206 2150 3247 versos
2171 3205 2242 3246 ac
2273 3191 2540 3261 singulos
2561 3190 2853 3246 homines.

319 3287 494 3354 Λέγων
547 3313 615 3322 -
671 3282 920 3356 οὐρανῶν.
977 3283 1086 3335 Ούκ
1143 3285 1294 3350 εἶπεν,
1349 3288 1397 3338 οἱ
1455 3291 1658 3357 πτωχοὶ
1731 3295 1836 3348 τοῖς

2015 3279 2180 3336 Vers.
2217 3283 2268 3336 3.
2304 3260 2598 3336 Dicens—
2628 3280 2929 3337 calorum.
2955 3281 3082 3335 Non
3110 3279 3274 3344 dixit,
3299 3293 3595 3352 pauperes

247 3376 545 3444 χρήμασιν,
576 3368 686 3420 ἀλλ’
715 3370 765 3421 οἰ
811 3375 1020 3441 πτωχοὶ
1068 3379 1139 3440 τῷ
1169 3375 1421 3444 πνεύματι
1455 3390 1466 3402 ·
1500 3379 1765 3427 τουτέστιν
1788 3378 1837 3428 οἱ

248 3463 480 3509 ταπεινοὶ
515 3465 577 3528 τῇ
622 3455 736 3528 (21)
765 3463 1063 3531 προαιρέσει
1109 3464 1198 3512 καὶ
1244 3467 1306 3532 τῇ
1340 3460 1518 3533 ψυχῇ,
1549 3470 1713 3515 ταῦτα
1749 3471 1836 3515 νῦν

249 3552 450 3613 πνεῦμα
497 3546 776 3618 ὀνομάσας.
835 3546 909 3598 Οὐ
959 3550 1058 3620 γὰρ
1113 3549 1137 3599 ὁ
1190 3546 1244 3599 ἐκ
1299 3553 1654 3622 περιστάσεως
1705 3571 1838 3612 τινος

247 3636 506 3698 ταπεινὸς,
560 3634 702 3694 οὗτος
747 3632 1274 3708 μακαριστός,“διότι
1325 3635 1476 3690 ούδεν
1529 3647 1626 3692 τῶν
1681 3638 1837 3714 ἀπρο-

243 3726 456 3795 αιρέτων
513 3727 857 3794 μακαριστόν.
914 3730 1068 3776 Πᾶσα
1116 3727 1216 3799 γὰρ
1273 3725 1424 3801 ἀρετὴ
1480 3735 1552 3797 τῷ
1615 3727 1836 3800 ἑκουσίῳ

241 3811 716 3886 χαρακτηρίζεται.
762 3815 985 3882 Πτωχόν
1041 3810 1099 3865 ὁὶ
1149 3813 1390 3884 ἐνταῦθα,
1434 3819 1519 3867 τὸν
1575 3820 1832 3887 ταπεινὸν,

243 3899 475 3952 ἐκάλεσεν
552 3898 652 3952 ἀπὸ
724 3907 816 3951 τοῦ
891 3905 1296 3973 κατεπτηχέναι,
1361 3905 1388 3955 ὅ
1439 3903 1550 3956 ἐστι
1604 3905 1834 3978 πεφοϐῆ-

245 3989 388 4042 σθαι.
439 3987 497 4042 Ὀ
547 3991 649 4062 γὰρ
701 3993 1049 4062 ταπεινόφρων
1105 3989 1182 4044 ἀεὶ
1243 3991 1473 4063 φοϐεῖται
1526 3997 1613 4046 τόν
1682 3998 1831 4062 Θεὸν,

242 4079 312 4138 ὡς
356 4074 620 4150 μηδέποτε
668 4077 1023 4152 εύαρεστήσας
1071 4079 1232 4148 αύτῷ.
1283 4085 1466 4134 Σκόπει
1525 4078 1602 4149 δὲ,
1657 4085 1832 4137 ὁποῖον

242 4166 469 4239 θεμελιον
524 4176 620 4228 τῆς
672 4163 1026 4228 διδασκαλίας
1077 4167 1398 4224 κατεϐάλετο.
1450 4171 1592 4224 Ἐπεί
1641 4175 1743 4246 ’γὰρ
1799 4175 1828 4232 ἡ

238 4256 644 4330 ύψηλοφροσύνη
704 4259 789 4307 τόν
859 4275 913 4308 τε
971 4253 1212 4308 διάϐολον
1277 4257 1542 4327 κατέϐαλε,
1599 4266 1688 4314 καὶ
1746 4266 1831 4314 τὸν

235 4344 642 4420 πρωτόπλαστον
679 4342 925 4411 ἐξέϐαλεν,
971 4345 1210 4402 οἰηθέντα
1261 4350 1390 4400 Θεὸν
1437 4351 1650 4402 ἔσεσθαι
1701 4354 1832 4422 μετά

235 4440 331 4493 τὴν
373 4441 463 4486 του
518 4433 668 4495 ξύλου
703 4431 924 4506 βρῶσιν,
954 4438 1043 4485 καὶ
1091 4434 1216 4507 ῥίζα
1261 4440 1351 4487 καὶ
1398 4441 1542 4508 πηγὴ
1593 4447 1691 4490 τῶν
1731 4460 1829 4492 κα..

234 4532 337 4576 κῶν
397 4522 634 4575 ἀπάντων
685 4526 887 4593 γέγονεν
940 4522 1096 4588 αῦτη,
1151 4521 1425 4576 ἀντίπαλον
1483 4525 1612 4598 αὐτῇ
1674 4547 1830 4580 κατα-

1949 3369 2446 3439 possessionibus,
2465 3369 2568 3424 sed
2584 3370 2868 3440 Pauperes
2879 3368 3116 3437 spiritu,
3131 3367 3244 3424 hoc
3257 3372 3365 3433 est,
3404 3367 3596 3424 humi-

1945 3456 2032 3513 les
2058 3457 2262 3514 animo
2301 3473 2372 3514 ac
2409 3456 2712 3514 voluntate
2742 3474 2756 3524 ;
2788 3457 3058 3513 animum
3085 3472 3342 3529 namque
3371 3464 3590 3529 πνεῦμα,

1945 3546 2006 3602 id
2037 3557 2147 3611 est,
2175 3547 2448 3614 spiritum
2477 3545 2819 3602 nominavit.
2850 3547 3054 3617 Neque
3095 3543 3256 3600 enim
3280 3544 3386 3618 qui
3415 3544 3594 3601 infor-

1946 3635 2112 3691 tunio
2136 3635 2351 3708 quovis
2377 3634 2744 3700 humiliatur,
2777 3634 2871 3690 hic
2901 3634 3108 3690 beatus
3147 3639 3254 3699 est,
3279 3633 3425 3707 quia
3449 3635 3593 3692 nihil

1943 3724 2110 3795 quod
2138 3724 2607 3780 involuntarium
2659 3728 2769 3790 est,
2817 3723 3132 3780 beatificat.
3195 3725 3399 3781 Omnis
3430 3725 3590 3781 enim

1941 3813 2128 3869 virtus
2157 3829 2263 3886 per
2286 3814 2346 3870 id
2377 3814 2542 3887 quod
2567 3814 2963 3871 voluntarium
2992 3819 3099 3878 est,
3130 3813 3590 3886 imprimiturm)

1943 3904 2277 3978 Pauperem
2306 3909 2506 3961 autem
2534 3904 2630 3960 hic
2661 3904 2896 3960 vocavit
2928 3904 3128 3961 animo
3157 3903 3435 3959 humilem
3461 3919 3476 3968 ;
3525 3907 3591 3960 ut

1948 4000 2181 4070 πτωχὸς,
2225 3995 2284 4051 id
2310 3998 2419 4059 est,
2457 4009 2707 4066 pauper,
2740 3992 2976 4049 dicatur
3025 3992 3125 4046 ἀπὸ
3182 4001 3274 4046 τοῦ
3326 4011 3590 4052 πατεπτη-

1943 4091 2116 4159 χέναι,
2144 4083 2310 4158 quod
2335 4086 2423 4139 est
2475 4083 2730 4138 timuisse
2760 4081 2885 4136 sive
2925 4082 3197 4139 territum
3230 4096 3367 4139 esse.
3401 4080 3590 4153 Siqui-

1942 4175 2082 4232 dem
2111 4171 2353 4230 humilis
2385 4174 2487 4226 aut
2511 4170 2809 4226 modestus
2858 4169 3083 4235 animo,
3114 4172 3299 4225 Deum
3352 4183 3590 4240 semper

1942 4265 2125 4329 timet,
2158 4266 2443 4334 tanquam
2462 4258 2563 4330 qui
2584 4257 2734 4314 nihil
2754 4272 3023 4329 unquam
3034 4258 3204 4328 juxta
3228 4257 3387 4313 illius
3411 4257 3588 4314 bene-

1940 4351 2220 4424 placitum
2243 4347 2550 4422 peregerit.
2579 4345 2901 4403 Considera
2929 4360 3085 4415 vero,
3141 4345 3314 4416 quale
3374 4344 3588 4403 funda-

1939 4444 2210 4496 mentum
2225 4437 2508 4494 doctrins:
2524 4452 2646 4492 suae
2661 4435 3024 4492 substernat.
3048 4433 3196 4495 Quia
3209 4433 3368 4488 enim
3385 4447 3585 4503 super-

1938 4528 2041 4584 bia
2066 4525 2381 4583 daibolum
2402 4523 2618 4595 dejecit
2642 4544 2656 4592 ς
2685 4539 2754 4580 ac
2790 4522 3244 4596 protoplastum,
3276 4525 3585 4593 putantem

239 4611 484 4672 σκευάζει
531 4611 818 4684 φάρμακον,
854 4613 948 4669 τὴν
991 4615 1482 4686 ταπεινοφροσύνην,
1535 4619 1623 4667 καὶ
1675 4617 1829 4690 ῥίζαν

1958 4616 2101 4690 [ιιοό
2128 4621 2445 4690 postquam
2484 4614 2558 4670 de
2587 4614 2750 4686 ligno
2789 4612 3164 4680 comedisset,
3201 4614 3352 4668 Deus
3399 4610 3581 4678 ﬁeret,

235 4704 432 4759 ταύτην
503 4704 593 4751 καὶ
663 4697 900 4772 κρηπῖδα
954 4707 1052 4750 τῶν
1126 4700 1316 4775 ἀρετῶν
1382 4702 1712 4770 ὑποτίθησιν,
1766 4707 1830 4768 ἧς

235 4790 667 4850 ύποσπασθείσης
705 4788 910 4840 ἅπαντα
938 4787 1118 4852 τᾶλλα,
1167 4793 1256 4841 καὶ
1300 4789 1343 4842 εἰ
1384 4794 1546 4864 μέχρι
1599 4800 1688 4844 τοῦ
1744 4793 1829 4846 ού-

230 4883 389 4948 ρανοῦ
433 4879 732 4949 φθάνουσιν,
766 4877 1112 4950 ὑποσύρονται
1159 4882 1248 4930 καὶ
1286 4884 1724 4947 καταπίπτουσιν,
1758 4883 1827 4944 ὡς

229 4963 314 5017 ἐπὶ
338 4972 430 5018 τοῦ
462 4969 748 5039 Φαρισαίου
759 5004 771 5017 .

1937 4706 2219 4763 continuo
2241 4703 2558 4779 prostravit
2577 4720 2591 4770 ;
2609 4703 2902 4776 radixque
2923 4701 3120 4760 etfons
3133 4701 3404 4759 omnium
3427 4700 3584 4758 facta

1936 4799 2024 4851 est
2048 4795 2344 4852 malorum
2377 4810 2392 4862 ;
2426 4791 2794 4850 contrarium
2837 4791 2948 4864 ipsi
2987 4796 3280 4864 prmparat
3308 4790 3584 4864 pharma-

1935 4899 2094 4950 cum,
2128 4883 2314 4940 animi
2337 4882 2612 4940 videlicet
2637 4881 3019 4950 modestiam,
3049 4885 3108 4937 et
3130 4880 3287 4938 hanc
3316 4879 3581 4936 radicem

1935 4989 2006 5029 ac
2035 4973 2498 5028 fundamentum
2524 4971 2808 5028 substruit
2828 4972 3111 5027 virtutum
3137 4986 3152 5036 ;
3175 4984 3299 5042 quo
3327 4969 3576 5040 dejecto,

224 5053 452 5124 reliqua
481 5054 687 5110 omnia
710 5053 890 5109 etiam
927 5052 974 5110 si
999 5052 1078 5110 ad
1117 5054 1333 5110 coelum
1365 5071 1561 5128 usque
1589 5058 1952 5131 pertingant,
1979 5061 2374 5132 detrahuntur
2391 5076 2459 5120 ac
2480 5061 2784 5127 decidunt,
2803 5058 3319 5132 quemadmodum
3345 5059 3406 5114 in
3431 5056 3583 5114 Pha-

222 5142 399 5200 risaao
427 5150 735 5201 ostensum
755 5147 861 5200 est.

1444 5268 1666 5339 Variae
1695 5271 2024 5345 lectiones
2050 5284 2113 5343 et
2153 5285 2355 5344 note.

295 5410 342 5552 Et
353 5409 410 5480 8)
451 5412 510 5464 In
536 5407 631 5463 his
657 5424 904 5492 prorsus
932 5408 1214 5491 abhorret
1241 5411 1430 5470 versio
1457 5412 1745 5472 Hontenii.

325 5480 416 5548 19)
459 5479 696 5538 Inclusa
727 5497 785 5537 in
814 5497 1084 5552 margine
1108 5483 1288 5540 habet
1311 5488 1378 5540 A.

325 5479 416 5548 19⁷)
459 5479 696 5538 Inclusa
727 5482 785 5537 in
814 5481 1084 5553 margine
1108 5483 1288 5540 habet
1311 5488 1378 5540 A.

2024 5417 2116 5474 20)
2145 5422 2206 5470 Δέ
2235 5417 2405 5474 abest
2430 5417 2504 5474 A.
3151 5459 3155 5462 -

2025 5422 2094 5474 20
2145 5422 2206 5470 Δέ
2235 5417 2405 5474 abest
2430 5417 2504 5474 A.

2025 5417 2212 5561 213T?
2246 5488 2401 5562 ψυχῇ
2433 5508 2521 5541 και
2558 5487 2620 5561 τῇ
2655 5490 2956 5564 προαιρέσει
2984 5489 3051 5543 Α.

295 5657 380 5732 (In
409 5655 797 5730 Imprimitur.
823 5658 1117 5726 Noscitur,
1153 5659 1441 5731 signatur.
1472 5662 1838 5738 Χαρακτηριζι

1958 5668 2140 5723 totum
2162 5665 2252 5723 rei
2276 5664 2629 5750 imprimere,
2660 5665 2919 5738 signare.
