4170 6456
566 366 663 422 191
1881 362 2201 420 EUTHYM]

2317 362 2582 419 IGABEN
2586 363 2606 417 Ι

3859 370 3994 424 192

637 491 855 563 Aptum
883 505 1124 564 quoque
1155 489 1475 563 praemium
1497 489 1634 546 huic
1661 490 2000 562 rependitur
2027 509 2040 545 :
2100 505 2201 562 pro

2396 489 2726 547 Κατάλληλον
2759 486 2838 554 δὲ,
2896 497 2984 543 καὶ
3031 495 3090 543 τὸ
3139 494 3328 552 ταύτης
3367 492 3603 545 ἔπαθλον.
3638 493 3807 547 ’Λντὶ
3859 497 3989 570 γὰρ

563 587 827 637 extrema
886 580 1154 636 videlicet
1208 579 1543 650 abjectione
1589 596 1863 634 summus
1911 579 2126 648 honor,
2156 583 2212 634 et

560 685 676 742 quo
699 669 897 725 nullus
931 670 1122 740 major
1154 668 1390 741 reperiri
1423 674 1637 741 potest.
1678 670 1786 724 Per
1819 669 2067 724 modum
2103 684 2212 723 au-

556 766 669 816 tem
703 759 1146 816 beatitudinum
1178 764 1479 831 prtecepta
1525 759 1652 814 hanc
1679 759 1926 827 induxit,
1961 757 2208 813 invidio-

553 867 685 905 sum
716 849 988 905 devitans
1017 864 1378 904 sermonem.
1435 848 1756 919 Oportebat
1801 848 1960 902 enim
2019 852 2081 902 ut
2148 847 2208 902 in

550 938 844 1010 principio
870 942 1178 993 mansuete
1202 954 1328 992 cum
1363 937 1448 992 eis
1481 938 1842 1009 loqueretur,
1874 941 1930 992 et
1956 936 2037 992 ita
2063 951 2206 1008 pau-

558 1025 724 1082 latim
757 1025 834 1080 ad
868 1025 1322 1097 praecipiendum
1354 1025 1681 1080 deveniret.

628 1116 820 1179 Quam
847 1115 925 1172 ob
951 1129 1196 1170 causam
1255 1114 1404 1169 dixit
1461 1129 1771 1185 pauperes,
1828 1120 1882 1168 et
1934 1127 2055 1168 non
2103 1113 2210 1168 hu-

559 1203 730 1260 miles
757 1202 786 1257 ?
817 1203 964 1268 Quia
993 1218 1319 1276 pauperem
1347 1220 1477 1259 esse
1500 1204 1635 1275 plus
1663 1209 1770 1266 est,
1803 1219 1989 1275 quam
2017 1203 2210 1257 humi-

555 1292 673 1348 lem
701 1307 849 1347 esse.
885 1293 1031 1348 Sunt
1061 1293 1222 1348 enim
1254 1294 1402 1349 varii
1459 1292 1809 1348 humilitatis
1876 1292 2037 1347 modi
2069 1311 2080 1348 :
2114 1291 2208 1346 hic

557 1381 803 1453 quidem
844 1381 1213 1437 mediocriter
1244 1382 1449 1438 animo
1477 1383 1780 1438 modestus
1815 1385 1924 1444 est,
1951 1380 2045 1435 ille
2065 1395 2210 1436 vero

559 1486 696 1525 cum
729 1469 1068 1526 excellentia
1103 1489 1115 1538 ;
1157 1487 1337 1543 quam
1385 1469 1773 1526 humilitatem
1807 1471 1982 1526 etiam
2027 1469 2208 1524 David

557 1559 962 1624 commendat,
995 1559 1237 1615 dicens:
1271 1563 1383 1616 Cor
1414 1561 1723 1616 contritum
1755 1567 1807 1614 et
1830 1559 2208 1616 humiliatum

556 1649 714 1704 Deus
737 1664 848 1703 non
875 1649 1154 1719 despicies
1185 1651 1253 1702 ω,

613 1737 777 1792 Vers.
803 1741 856 1792 4.
886 1740 1062 1794 Beati
1090 1769 1158 1780 —
1198 1738 1654 1795 consolationem
1710 1739 2018 1806 accipient.
2055 1737 2207 1802 Quia

2321 587 2412 639 τῆς
2448 581 2610 651 οἷκρας
2661 578 2888 652 ἀτιμίας,
2923 583 3058 654 ἄκρα
3109 585 3235 651 τιμὴ
3282 587 3367 633 καὶ
3423 583 3516 634 οὐκ
3568 585 3708 634 ἔστιν
3774 586 3988 657 εὑρεῖν

2322 668 2570 724 ὶπέκεινα,
2595 669 2677 721 Ἐν
2711 669 2853 731 τάξει
2883 666 2941 722 δε
2987 679 3324 742 μακαρισμοῦ
3381 673 3468 733 τὰς
3500 670 3702 733 ἐντολὰς
3728 677 3988 735 ταύτας

3789 760 3987 816 "Eds:

2318 850 2419 921 γὰρ
2466 846 2516 898 ὲν
2568 845 2710 919 ἀρχῇ
2761 855 3037 922 πραότερον
3083 849 3256 909 αὐτοῖς
3304 849 3575 920 ὁμιλῆσαι,
3621 856 3711 903 καὶ
3767 853 3985 915 οὕτως

2322 757 2613 828 εἰσήγαγεν,
2678 757 3124 831 ἀνεπαχθέστερον
3181 763 3264 811 τὸν
3322 760 3466 831 λόγον
3523 770 3702 816 ποιῶν.

2320 937 2490 1009 ἠρέμα
2511 935 2804 1010 προϐαίνειν
2833 938 2897 997 εἰς
2930 941 2986 989 τὸ
3010 936 3311 990 ἐπιτάττειν.

2391 1115 2539 1174 Τίνος
2594 1133 2752 1166 ενεκεν
2791 1114 2904 1185 (22)
2959 1115 3053 1166 οὐκ
3101 1112 3254 1180 εἶπεν,
3293 1117 3357 1167 Οἱ
3406 1121 3654 1181 ταπεινοὶ,
3699 1114 3837 1168 ἀλλ’
3896 1121 3980 1172 Οἱ

2319 1207 2575 1273 πτωχοί;
2616 1202 2735 1254 Ὀτι
2771 1211 2922 1255 τοῦτο
2968 1203 3159 1257 ἐκείνου
3211 1205 3379 1259 πλέον.
3435 1211 3533 1258 Καὶ
3588 1211 3689 1279 γὰρ
3742 1208 3976 1261 πολλοὶ

2320 1298 2416 1352 τῆς
2457 1297 2921 1366 ταπεινοφροσύνης
2967 1297 3016 1346 oi
3063 1299 3264 1368 τρόποι.
3321 1300 3420 1348 Καὶ
3455 1297 3480 1346 6
3523 1298 3612 1367 μεν
3667 1298 3792 1348 ἐστι
3851 1317 3974 1350 τα-

2319 1384 2489 1441 πεινὸς
2540 1386 2843 1454 συμμέτρως
2881 1400 2892 1411 ·
2939 1384 2965 1434 6
3019 1380 3078 1435 δε
3133 1385 3246 1454 μεθ’
3313 1382 3597 1454 ὑπερϐολῆς
3669 1385 3956 1449 ἀπάσης,

2319 1471 2525 1526 Ταύτην
2573 1476 2662 1522 καὶ
2707 1473 2732 1522 6
2771 1473 3028 1544 μακάριος
3073 1469 3238 1524 Δαυίδ
3283 1471 3478 1525 ἔπαινεί
3529 1473 3686 1544 λέγων
3723 1491 3734 1502 ·
3793 1483 3963 1549 Καρ-

2322 1555 2440 1609 δίαν
2487 1565 2921 1633 συντετριμμένην
2973 1565 3061 1612 καὶ
3107 1565 3537 1633 τεταπεινωμένην
3578 1564 3603 1613 6
3644 1566 3770 1624 Θεὸς
3841 1566 3958 1617 οὐκ

2321 1644 2672 1708 ἑξουδενὼσει.

2391 1740 2655 1810 Μακάριοι
2697 1768 2762 1777 -
2812 1738 3330 1812 παρακληθήσονται.
3381 1741 3524 1792 Ἐπεὶ
3575 1743 3756 1801 πάντες
3804 1745 3950 1796 ὑπε-

550 1841 760 1882 omues
787 1827 1076 1898 putabant
1102 1843 1202 1883 eos
1221 1844 1348 1884 esse
1379 1828 1612 1890 beatos,
1647 1827 1752 1899 qui
1780 1826 1840 1881 in
1869 1827 2089 1892 gaudio
2121 1841 2201 1880 es-

2318 1824 2574 1894 λάμϐανον
2623 1831 2908 1899 μακαρίους
2957 1830 3070 1898 μεν,
3120 1831 3236 1888 τοὺς
3283 1827 3330 1878 ἓν
3380 1835 3545 1902 χαρᾷ,
3595 1827 3809 1892 ἀθλίους
3875 1829 3945 1884 δε

552 1920 705 1984 sent,
736 1916 982 1970 miseros
1021 1931 1162 1971 vero
1225 1917 1327 1988 qui
1358 1918 1417 1970 in
1470 1915 1807 1979 afﬂictione,
1865 1914 2205 1985 hujusmodi

553 2003 898 2075 opinionem
913 2005 1200 2059 radicitus
1214 2005 1795 2075 evellit,contrariam
1815 2004 2203 2059 substituens.

552 2093 848 2162 Lugentes
881 2096 1078 2146 autem
1121 2093 1277 2158 dicit,
1309 2109 1426 2148 non
1468 2093 1569 2164 qui
1604 2093 1949 2164 simpliciter
1983 2093 2203 2163 lugent.

554 2180 661 2236 sed
693 2180 795 2252 qui
816 2187 1196 2252 propeccatis
1223 2181 1446 2252 lugent.
1475 2182 1748 2236 Miserum
1781 2182 1940 2236 enim
1974 2197 2044 2236 ac
2069 2197 2209 2252 pro-

550 2269 804 2325 hibitum
835 2276 924 2325 est
970 2269 1167 2340 lugere
1221 2272 1298 2327 ob
1326 2287 1396 2327 ea
1455 2288 1581 2343 qua:
1611 2272 1746 2344 quis
1800 2271 2019 2343 patitur
2067 2271 2204 2342 (gg).

554 2359 809 2414 Tristitia
850 2361 1003 2415 enim
1032 2361 1256 2426 mundi,
1312 2361 1395 2417 ait
1421 2362 1654 2425 Paulus,
1701 2367 1940 2416 mortem
2007 2375 2206 2430 apera-

557 2454 660 2503 tur
680 2466 692 2514 ;
712 2463 778 2503 ea
801 2464 956 2518 vero,
977 2465 1109 2520 quae
1128 2451 1437 2506 secundum
1460 2452 1648 2508 Deum
1671 2456 1771 2520 est,
1792 2454 2205 2519 pamtentiam

556 2536 620 2590 in
638 2538 890 2593 salutem
905 2538 1172 2594 stabilem
1188 2542 1233 2575 δ’
1251 2539 1278 2594 ?
1299 2539 1614 2605 Quomodo
1629 2554 1770 2608 ergo
1785 2537 1901 2592 alio
1919 2537 2050 2592 loco
2065 2537 2209 2592 dicit

555 2625 770 2680 Paulus
797 2641 810 2680 :
845 2627 1102 2683 Gaudete
1125 2629 1188 2683 in
1212 2629 1446 2684 Domino
1475 2643 1696 2699 semper
1721 2629 1766 2660 ⁸³
1791 2624 1819 2679 ?
1850 2626 1996 2691 Quia
2025 2635 2080 2680 et
2110 2625 2207 2680 ille

553 2713 844 2784 gaudium
870 2713 1029 2780 dicit,
1063 2717 1223 2788 quod
1241 2733 1272 2772 e
1294 2718 1448 2773 luctu
1472 2718 1674 2772 oritur.
1709 2714 1918 2782 Habet,
1947 2730 2204 2785 namque

549 2802 743 2858 luctus
755 2819 1059 2874 repensum
1072 2805 1181 2861 sibi
1201 2806 1706 2875 gaudium.Quem
1717 2803 2035 2859 admodum
2054 2803 2203 2857 enim

549 2895 866 2965 postquam
890 2896 1212 2952 vehemens
1236 2897 1442 2968 pluvia
1462 2896 1797 2966 impetuose
1817 2892 2200 2958 descenderit,

553 2983 836 3038 serenitas
873 2984 1140 3040 stabilior
1152 3001 1278 3040 esse
1301 2987 1474 3040 solet:
1497 2984 1573 3038 ita
1591 2997 1825 3054 quoque
1843 2981 2106 3036 deductis
2121 2981 2201 3036 la-

548 3072 792 3143 crymis,
823 3074 1217 3145 tranquillitas
1247 3079 1300 3130 et
1333 3072 1621 3142 gaudium
1654 3071 1839 3126 animi
1872 3070 2152 3125 succedit.

617 3161 752 3216 Vult
782 3167 977 3217 autem
1001 3162 1096 3218 hic
1112 3179 1329 3224 sermo,
1358 3176 1475 3216 non
1506 3160 1688 3215 modo
1715 3160 1784 3214 de
1813 3160 2066 3231 propriis
2089 3175 2200 3214 nos

550 3248 749 3319 lugere
772 3249 1000 3306 delictis
1033 3267 1241 3305 verum
1273 3249 1452 3305 etiam
1472 3248 1546 3304 de
1569 3248 1814 3304 alienis:
1837 3253 1894 3304 et
1913 3247 2047 3303 talis
2075 3253 2200 3302 erat

549 3339 720 3394 Mosis
744 3340 1006 3406 animus,
1029 3339 1291 3405 Davidis,
1315 3338 1565 3394 Dauielis
1590 3338 1741 3411 (ΙιΙι),
1772 3338 1933 3394 Pauli
1959 3341 2198 3392 caetero-

547 3443 799 3501 rumque
821 3429 1192 3500 huiusmodi.
1215 3428 1686 3484 Consolationem
1711 3443 1853 3484 vero
1878 3427 2193 3498 accipient,

548 3517 670 3572 sive
706 3518 1082 3573 laetabuntur.
1110 3516 1259 3573 Ubi?
1289 3518 1353 3574 Et
1378 3518 1438 3572 in
1464 3517 1761 3588 praesenti,
1793 3520 1850 3570 et
1878 3515 1935 3569 in
1971 3515 2192 3570 futuro.

547 3605 610 3659 In
636 3607 910 3676 praesenti
935 3605 1179 3677 quidem
1201 3622 1272 3661 ea
1293 3622 1418 3676 spe,
1445 3605 1603 3676 quod
1627 3609 1865 3675 peccata
1893 3619 2002 3658 sua
2033 3603 2196 3659 luctu

545 3692 840 3749 redimant
862 3710 878 3763 ;
913 3694 974 3748 in
1009 3693 1208 3748 futuro
1237 3709 1377 3749 vero
1405 3709 1525 3748 non
1555 3692 1681 3748 sola
1709 3692 1929 3748 horum
1991 3692 2197 3748 remis-

551 3781 738 3846 sione,
773 3797 982 3838 verum
1014 3783 1191 3838 etiam
1223 3782 1601 3839 beatitudine.

628 3872 672 3941 -ι-
697 3874 843 3928 Nam
863 3872 966 3943 qui
992 3871 1147 3926 ﬁlios
1170 3876 1271 3927 aut
1289 3887 1503 3927 uxores
1531 3875 1798 3927 mortuas
1821 3871 2041 3941 lugent,
2073 3887 2194 3927 non

550 3963 962 4038 possessiones
984 3965 1084 4016 aut
1103 3961 1343 4032 propria
1361 3965 1569 4016 amant
1601 3976 1854 4031 corpora
1868 3961 1976 4032 (ii),
1998 3976 2108 4016 nec
2127 3976 2195 4016 eo

549 4050 800 4109 turbinis
829 4056 1094 4122 tempore
1123 4050 1243 4105 ullo
1277 4049 1458 4104 modo
1478 4050 1926 4121 concupiscunt,
1960 4065 2079 4106 non
2112 4049 2197 4104 in-

543 4141 714 4214 juriis
739 4145 1186 4212 exasperautur,
1216 4155 1324 4195 nec
1346 4138 1461 4195 alia
1483 4139 1823 4195 obsidentur
1841 4139 2152 4195 affectione
2180 4156 2193 4194 :

547 4238 770 4304 quanto
806 4231 1000 4304 magis
1026 4230 1122 4302 qui
1154 4245 1297 4284 suas
1323 4228 1521 4300 lugent
1545 4229 1918 4300 aegritudines
1952 4230 2090 4301 (jj),
2124 4244 2196 4285 eo

549 4321 731 4378 modo
769 4336 885 4394 quo
924 4336 1026 4376 eas
1054 4319 1259 4391 lugere
1285 4317 1534 4389 dignum
1565 4322 1671 4374 est.

619 4499 787 4555 Vers.
822 4499 874 4553 5.
905 4497 1071 4553 Beati
1095 4528 1162 4537 —
1201 4502 1443 4553 terram.
1475 4497 1766 4562 Quoniam
1820 4495 1964 4550 olim
1995 4495 2070 4550 ab
2096 4493 2199 4551 bo-

2321 1917 2437 1975 τούς
2469 1913 2516 1965 ἐν
2552 1914 2738 1985 θλίψει,
2781 1915 3056 1989 πρόρριζοι
3106 1916 3316 1986 ἀνασπᾷ
3365 1922 3458 1974 τὴν
3512 1921 3754 1975 τοιαύτην
3792 1922 3940 1973 ὑπὸ·

2317 2002 2492 2072 ληψιν,
2528 2004 2824 2056 τόύναντίον
2853 2007 3229 2077 ὑποτιθέμενος.
3277 2007 3594 2068 Πενθούντας
3645 2003 3703 2060 δε
3757 2008 3931 2078 λέγει,

2319 2091 2376 2143 ού
2423 2095 2545 2153 τοὺς
2584 2091 2758 2153 ἀπλὼς
2803 2095 3133 2156 πενθοῦντας,
3173 2093 3299 2146 ἀλλά
3352 2098 3472 2156 τοὺς
3504 2096 3630 2168 ὑπερ
3679 2095 3930 2169 ἁμαρτη-

2318 2183 2512 2252 μάτων.
2559 2185 2629 2233 T6
2677 2185 2778 2256 γὰρ
2830 2184 2956 2255 ὑπὲρ
3014 2181 3266 2254 βιωτικοῦ
3327 2186 3637 2256 πράγματος
3689 2187 3916 2252 πενθεῖν,

2317 2269 2493 2321 ἄθλιον
2548 2275 2638 2321 καὶ
2711 2270 3074 2342 κεκωλυμένον.
3134 2276 3271 2328 Φησὶ
3328 2275 3427 2345 γὰρ
3486 2275 3512 2324 6
3570 2272 3781 2338 Παῦλος,
3832 2278 3912 2326 ὃτι

2315 2357 2373 2410 Ἡ
2425 2363 2516 2430 μὲν
2572 2367 2664 2411 τοῦ
2720 2365 2921 2431 κόσμου
2979 2360 3138 2424 λύπη,
3200 2363 3419 2412 θάνατον
3473 2364 3828 2434 κατεργάζεται
3875 2380 3888 2390 ⁸

2316 2449 2346 2504 ἡ
2409 2443 2467 2499 δε
2519 2450 2654 2500 κατὰ
2706 2452 2855 2513 Θεὸν,
2910 2451 3179 2520 μετάνοιαν
3251 2449 3321 2510 εἰς
3388 2456 3650 2522 σωτηρίαν
3715 2448 3898 2521 ἀμετα-

2315 2535 2552 2607 μέλητον.
2610 2542 2708 2589 Καὶ
2774 2545 2883 2598 πῶς
2932 2539 2958 2588 ό
3016 2537 3211 2597 Παῦλος
3261 2537 3412 2588 πάλιν
3462 2537 3570 2591 εἶπε
3625 2560 3638 2573 ·
3693 2544 3906 2610 Χαίρετε

2316 2623 2364 2676 ἄν
2420 2631 2594 2698 Κυρίῳ
2637 2629 2853 2678 πάντοτε
2886 2643 2899 2692 ;
2937 2626 3049 2697 (23)
3092 2631 3227 2678 Διότι
3284 2626 3517 2689 κάκεῖνος
3565 2632 3656 2685 τὴν
3710 2627 3764 2678 ἐκ
3819 2635 3908 2679 τοῦ

2313 2716 2524 2774 πένθους
2575 2715 2710 2786 λέγει
2749 2717 2860 2785 (24)
2914 2718 3107 2788 χαράν.
3167 2715 3321 2787 Ἔχει
3370 2719 3469 2791 γὰρ
3522 2724 3673 2768 τοῦτο
3734 2720 3910 2791 χαρὰν

2316 2803 2832 2878 συγκεκληρωμένην.
2910 2807 3148 2879 Καθάπερ
3224 2809 3346 2877 γὰρ,
3431 2807 3575 2857 ύετοῦ
3677 2803 3912 2879 σφοδροῦ

2311 2893 2742 2967 καταρραγέντος,
2804 2889 2956 2945 εὐδία
3023 2895 3262 2964 γίνεσθαι
3328 2896 3514 2955 εἴωθεν,
3593 2895 3726 2946 οὕτω
3799 2901 3907 2965 καὶ,

2313 2978 2552 3056 δακρύων
2602 2984 3030 3053 κατενεχθέντων,
3062 2982 3262 3053 γαλήνη
3315 2988 3401 3035 καὶ
3446 2987 3593 3057 χαρά
3639 2991 3701 3056 τῇ
3752 2984 3908 3056 ψυχῇ

2311 3089 2585 3142 εγγινεται.

2381 3159 2623 3212 Βούλεται
2681 3156 2740 3212 δε
2796 3168 2882 3211 νῦν
2931 3163 2956 3211 ό
3000 3160 3152 3231 λόγος
3198 3163 3394 3214 πενθειν
3445 3163 3580 3233 ἡμᾶς
3633 3167 3702 3233 μὴ
3754 3166 3908 3233 μόνον

2308 3251 2435 3321 ὑπερ
2487 3257 2585 3300 τῶν
2635 3248 2834 3301 οἰκείων
2893 3249 3300 3323 ἁμαρτημάτων,
3335 3249 3463 3302 ἀλλὰ
3513 3256 3602 3302 καὶ
3650 3253 3776 3323 ὑπερ
3810 3260 3907 3302 τῶν

2309 3337 2606 3409 ἀλλοτρίων,
2643 3334 2727 3389 οἷα
2775 3335 2835 3395 ἦν
2877 3340 2907 3396 ἠ
2950 3337 3105 3409 ψυχὴ
3140 3343 3403 3400 Μωῦσέως
3455 3344 3543 3391 καὶ
3595 3336 3761 3402 Ααυίδ
3819 3346 3908 3393 καὶ

2311 3426 2515 3478 Παύλου
2543 3431 2631 3478 καὶ
2659 3436 2756 3478 τῶν
2786 3430 3049 3480 τοιούτων.
3084 3428 3586 3502 Παρακληθήσονται
3633 3426 3710 3498 δὲ,
3746 3433 3905 3500 ἤγουν

3795 3518 3903 3572 Ἐν-

2307 3607 2477 3657 ταῦθα
2531 3608 2641 3676 μὲν,
2700 3613 2762 3677 τῇ
2836 3602 3012 3658 ἐλπίδι
3086 3615 3180 3667 τῆς
3254 3605 3658 3680 ἀπολυτρώσεως
3716 3608 3897 3660 αὐτῶν·

2309 3518 2766 3588 εὐφρανθήσονται.
2825 3523 2932 3568 Ποῦ
2973 3535 2988 3587 ;
3040 3522 3139 3569 Καὶ
3196 3519 3418 3570 ἐνταῦθα
3467 3523 3554 3570 καὶ
3608 3517 3735 3573 ἐκεῖ.

2307 3694 2414 3747 ἐκεῖ
2441 3691 2522 3758 δὲ,
2553 3695 2611 3746 ού
2642 3699 2793 3767 μόνον
2838 3702 2900 3766 τῇ
2954 3694 3132 3768 ἀφέσει
3179 3698 3388 3763 τούτων,
3430 3695 3557 3748 ἀλλά
3587 3701 3677 3749 καὶ
3706 3705 3767 3769 τῇ
3801 3717 3902 3768 μα-

2307 3803 2405 3857 καρ
2414 3787 2525 3842 ιότη
2537 3802 2603 3837 τι.

2379 3874 2445 3923 Οἱ
2495 3874 2594 3944 γὰρ
2648 3873 2762 3944 (25)
2822 3869 3019 3935 παῖδας
3081 3878 3166 3926 καὶ
3244 3881 3498 3944 γυναῖκας
3556 3873 3905 3937 ἀποθανόντας

2309 3963 2633 4036 θρηνοῦντες,
2666 3961 2724 4013 ού
2773 3965 3083 4036 χρημάτων,
3118 3963 3176 4014 ού
3228 3966 3480 4035 σωμάτων
3531 3963 3733 4038 ἐρῶσιν,
3782 3961 3906 4017 οὐδε

2307 4049 2424 4102 κατ’
2494 4049 2679 4102 ἐκεῖνον
2753 4059 2850 4112 τῆς
2905 4047 3099 4112 ὀδύνης
3153 4055 3240 4103 τὸν
3314 4057 3496 4127 καιρόν
3555 4052 3709 4104 ἄλλον
3768 4056 3908 4114 τινὸς

2308 4138 2550 4210 ἐφίενται,
2603 4138 2708 4209 οὐχ
2763 4138 2946 4210 ὕϐρεσι
2993 4140 3387 4212 παροξύνονται,
3442 4141 3546 4213 ούχ
3596 4143 3694 4193 ύπὸ
3749 4140 3904 4193 ἄλλου

2307 4227 2705 4302 πολιορκοῦνται
2769 4247 2903 4289 τινος
2959 4231 3156 4292 πάθους
3209 4251 3222 4264 ο
3275 4235 3421 4302 πόσῳ
3488 4230 3674 4301 μᾶλλον
3737 4234 3785 4282 οἱ
3841 4233 3907 4282 τὰ

2309 4316 2663 4390 ἁμαρτήματα
2739 4320 3036 4380 πενθοῦντες
3119 4322 3186 4371 τά
3265 4319 3478 4387 ἑαυτῶν,
3557 4323 3626 4380 ὡς
3707 4321 3905 4372 πενθεῖν

2308 4405 2452 4468 ἄξιον
2485 4425 2498 4473 ;

2377 4497 2643 4567 Μακάριοι
2685 4525 2755 4537 —
2809 4500 2903 4554 τὴν
2952 4501 3076 4567 γὴν,
3134 4499 3275 4550 Ἐπεὶ
3324 4497 3483 4550 πάλαι
3541 4505 3650 4560 τοῖς
3705 4498 3907 4572 ἀνθρώ-

550 4587 812 4644 minibus
830 4601 1053 4655 magno
1067 4585 1263 4641 studio
1280 4585 1672 4642 aﬁ'ectabatur
1688 4590 1857 4639 terras
1870 4583 2195 4655 possessio,

2316 4604 2420 4645 ποις
2448 4581 2910 4659 περισπούδαστος
2941 4583 3002 4643 ἦν
3051 4589 3080 4644 ἡ
3128 4586 3441 4661 κληρονομία
3472 4596 3568 4650 τῆς
3597 4596 3718 4659 γῆς,
3751 4565 3906 4644 τίθη-

549 4677 706 4733 hanc
719 4674 896 4731 etiam
919 4690 1022 4746 pro
1038 4674 1273 4731 Jvirtutis
1291 4675 1542 4746 prmmio
1565 4673 1752 4745 ponit.
1776 4671 2033 4737 Quidam
2055 4687 2197 4728 sane

623 4855 666 4890 ⁸¹
701 4853 851 4911 P881.
885 4871 933 4920 L,
966 4853 1036 4908 19
1107 4854 1152 4891 ³³
1185 4853 1233 4910 ΙΙ
1266 4855 1398 4911 Cor.
1428 4867 1529 4918 vn,
1562 4851 1652 4909 10.

1745 4849 1793 4886 ⁸³
1827 4848 2084 4924 Philipp.
2134 4866 2210 4920 ιν,
2236 4854 2291 4909 4.

2311 4692 2365 4725 σι
2393 4679 2482 4727 καὶ
2515 4676 2708 4731 ταύτην
2740 4674 2955 4726 ἔπαθλον
2997 4674 3202 4750 ἀρετῆς.
3239 4681 3339 4730 Καὶ
3368 4696 3501 4739 τινες
3529 4680 3618 4749 μὲν
3647 4685 3746 4748 γῆν
3780 4696 3903 4735 νοη-

1766 5029 1989 5099 Variae
2021 5029 2349 5098 lectiones
2389 5037 2456 5098 et
2486 5037 2690 5100 nota).

619 5229 734 5301 (22)
773 5228 892 5286 Hoc
930 5227 1229 5285 scholium
1271 5225 1336 5282 in
1390 5227 1600 5281 neutro
1653 5240 1927 5284 meorum
1955 5226 2192 5353 legitur.

619 5305 904 5353 :cerntum
916 5304 1120 5353 autem
1137 5301 1225 5353 est
1241 5311 1316 5353 ex
1340 5295 1544 5353 Chrvs.
1577 5303 1724 5353 tom.
1743 5297 1857 5353 VI].
1884 5313 1947 5353 ε).
1977 5300 2003 5353 1
2050 5303 2101 5353 5.
2131 5301 2192 5353 E.

549 5295 904 5374 Ex‘cerptum
916 5304 1120 5357 autem
1137 5301 1225 5354 est
1241 5311 1316 5355 ex
1340 5295 1544 5368 Chrys.
1577 5303 1724 5354 tom.
1743 5297 1857 5364 VI],
1884 5313 1947 5371 p.
1977 5295 2101 5355 185.
2131 5301 2194 5356 Ε.

623 5372 735 5446 (23)
767 5375 964 5433 Πάντες
985 5373 1045 5427 Β.

624 5515 739 5588 (gg)
773 5513 852 5569 Ob
877 5526 944 5567 ea
970 5525 1123 5588 quae
1146 5509 1278 5588 quis
1305 5509 1555 5588 patitur.
1591 5509 1677 5566 0b
1701 5525 1828 5568 rem
1856 5515 2194 5570 terrestrem

556 5580 900 5646 obwéasum,
929 5580 1010 5637 ob
1035 5580 1426 5637 infortunium
1458 5581 1812 5639 humanum.

630 5656 762 5727 (ΙιΙι)
794 5651 984 5711 Δανιὴλ
1013 5653 1073 5709 in
1101 5650 1265 5710 nullo
1294 5667 1561 5710 meorum
1600 5653 1835 5726 legitur.

2400 5230 2469 5284 24
2531 5228 2726 5283 Φάοκει
2757 5231 2818 5282 Α.

2378 5228 2490 5372 Σὲὕζ
2527 5300 2649 5372 Hoc
2668 5299 2730 5354 in
2750 5296 2915 5354 nullo
2931 5311 3206 5372 meorum
3227 5301 3551 5372 comparet.
3568 5298 3907 5372 Repetitum

2307 5370 2400 5430 est
2420 5370 2492 5427 ex
2523 5370 2830 5444 Chrysost.
2862 5373 3005 5426 tom.
3030 5370 3145 5434 VII,
3173 5385 3234 5442 p.
3267 5370 3392 5428 187.
3422 5372 3486 5428 Ι).

2503 5511 2672 5567 Forte
2697 5509 2923 5566 invenit
2950 5529 3201 5582 σωματων
3236 5506 3402 5563 ἰδίων.

2420 5583 2476 5653 ”)
2510 5581 2662 5646 Suus
2688 5581 3084 5654 aegritudines.
3114 5585 3356 5642 Peccata
3382 5599 3402 5638 ε

2510 5581 2662 5670 Suas
2688 5581 3084 5654 aegritudines.
3114 5585 3356 5642 Peccata
3382 5597 3508 5670 sua.

2474 5659 2492 5676 ιι
