4170 6464
246 408 392 465 193

1282 405 1652 463 COMMENT.
1693 406 1764 462 IN
1799 402 2238 464 MATTHAEUM.
2281 437 2348 447 --
2388 407 2543 464 CAP.
2576 405 2642 465 V.

3544 411 3642 469 194

252 538 380 593 τὴν
413 533 463 586 ἐν
503 533 702 607 ούρανῳ
733 533 992 604 λέγουσιν,
1026 534 1052 584 ό
1084 529 1143 585 δὲ
1170 533 1282 604 (26)
1321 536 1702 607 Χρυσόστομός
1728 552 1876 604 φησι,

2008 549 2205 590 ,erram
2246 533 2724 601 intellectualem,
2775 535 2992 592 coelum
3035 553 3162 593 esse
3200 537 3422 594 dicunt.
3461 539 3641 611 Chry-

262 625 372 675 ὅτι
411 628 500 675 καὶ
544 623 789 680 αἰσθητόν
837 625 1056 675 τέθεικεν
1113 622 1354 690 ἔπαθλον,
1400 618 1494 675 διὰ
1539 627 1658 684 τοὺς
1706 642 1882 693 παχυ-

262 717 487 786 τέρους,
515 715 630 772 τούς
659 714 723 764 τὰ
771 712 998 770 αἰσθητά
1043 715 1143 786 πρὸ
1195 720 1294 763 τῶν
1351 720 1545 769 νοητῶν
1576 715 1878 773 ζητοῦντας.

265 803 450 854 Εἶωθε
485 803 585 872 γὰρ
635 797 706 852 δι’
751 801 867 852 ὃλου
932 808 1022 852 τοῦ
1089 801 1404 872 Εὐαγγελίου
1461 805 1764 874 προτρέπειν
1814 800 1881 861 εἰς

267 888 495 962 ἀρετὴν,
561 893 684 942 ποτε
750 893 859 961 μὲν,
929 889 1031 941 ἀπὸ
1078 899 1178 940 τῶν
1245 889 1546 961 μελλόντων,
1622 893 1742 941 ποτε
1802 885 1882 957 δὲ,

265 977 388 1030 ἀπὸ
418 987 519 1030 τῶν
567 983 859 1048 παρόντων,
907 983 997 1030 καὶ
1047 983 1162 1030 οὔτε
1199 980 1318 1031 ὅταν
1357 982 1517 1036 νοητὰ
1557 978 1750 1030 ἔπαθλα
1800 983 1883 1029 τί·-

266 1069 463 1133 θησιν,
500 1065 779 1142 ἀποστερεῖ
817 1076 914 1120 τῶν
947 1067 1231 1134 αἰσθητῶν,
1287 1071 1423 1133 οὔτε,
1479 1068 1595 1119 ὅταν
1632 1067 1882 1130 αἰσθητὰ,

267 1155 588 1232 ἀφαιρεῖται
627 1159 693 1208 τὰ
741 1159 927 1214 νοητά.
988 1163 1196 1216 Ζητείτε
1251 1159 1371 1229 γὰρ,
1424 1161 1574 1228 φησι,
1626 1160 1718 1213 τὴν
1787 1153 1885 1226 βα-

273 1247 488 1298 σιλείαν
557 1254 646 1297 τοῦ
709 1250 856 1315 Θεοῦ,
931 1251 1020 1297 και
1085 1253 1250 1298 ταῦτα
1315 1247 1483 1297 πάντα
1537 1245 1884 1318 προστεθήσε-

274 1355 380 1387 ται
453 1337 596 1408 ύμῖν.
669 1337 771 1390 Καὶ
852 1331 1022 1397 αὖθιςο
1111 1331 1302 1396 Οὐδείς
1372 1334 1511 1387 ἔστιν
1577 1334 1631 1395 ὃς
1692 1332 1883 1405 ἀφῆκεν

282 1423 483 1494 οἰκίαν,
516 1424 545 1482 ἣ
573 1431 757 1495 γονεῖς,
786 1429 874 1476 καὶ
897 1426 963 1476 τὰ
983 1424 1119 1493 ἑξῆς,
1151 1424 1204 1486 ὃς
1237 1424 1296 1476 ού
1326 1428 1397 1498 μὴ
1431 1422 1666 1495 ἀπολάϐῃ
1694 1421 1882 1475 πολλα-

284 1511 551 1565 πλασίονα
597 1511 645 1564 ἐν
691 1521 762 1583 τῷ
820 1522 985 1587 καιρῷ
1041 1516 1226 1585 τούτῳ,
1274 1517 1363 1565 καὶ
1415 1512 1465 1565 ἐν
1496 1521 1568 1583 τῷ
1610 1512 1756 1565 αἰῶνι
1812 1519 1884 1581 τῷ

283 1601 523 1674 μελλοντι
553 1602 691 1663 ζωὴν
720 1602 927 1655 αἰώνιον
939 1647 952 1659 .

362 1788 550 1857 Πραείς
595 1782 705 1854 (27)
751 1781 1004 1854 λέγονται,
1047 1779 1152 1852 οὐχ
1193 1781 1241 1832 οἱ
1297 1775 1544 1852 μηδόλὼς
1596 1777 1880 1852 όργίζόμε-

285 1892 368 1924 νοι
402 1889 414 1902 °
446 1874 495 1924 οἱ
526 1880 751 1924 τοιοῦτοι
793 1874 896 1944 γὰρ
952 1869 1260 1926 ἀναίσθητοι
1293 1887 1304 1899 ·
1342 1868 1448 1920 ἀλλ’
1481 1870 1529 1920 οἱ
1580 1869 1740 1940 θυμόν
1793 1870 1883 1940 μὲν

289 1965 519 2033 ἔχοντες,
555 1969 865 2034 κρατοῦντες
909 1956 988 2024 δὲ,
1039 1963 1127 2010 καὶ
1179 1961 1261 2010 ὅτε
1318 1955 1400 2010 δεῖ
1442 1957 1790 2029 ὀργιζόμενοι,
1823 1958 1887 2015 ὡς

291 2056 382 2103 καὶ
412 2047 578 2102 Δαυίδ
608 2047 744 2102 εἶπεν
780 2066 792 2078 ·
843 2047 1174 2119 Ὀρσγίζεσθε,
1205 2051 1294 2098 καὶ
1323 2051 1392 2117 μὴ
1441 2045 1776 2120 ἁμαρτάνετε.

365 2142 631 2212 Μακάριοι
676 2169 746 2178 —
802 2136 1287 2210 χορτασθήσονται.
1349 2135 1486 2186 Ἐπεὶ
1556 2133 1724 2206 με’λλει
1775 2136 1886 2205 περὶ

297 2228 644 2300 ἐλεημοσύνης
702 2226 881 2292 εἰπεῖν,
935 2231 1237 2298 προαναιρεῐ
1292 2227 1384 2280 τήν
1439 2222 1746 2292 πλεονεξίαν,
1809 2223 1888 2273 ἱνα

298 2319 529 2391 καθαρὸς
571 2318 596 2367 6
643 2315 775 2376 ἔλεος
817 2318 1048 2385 γίνηται.
1095 2311 1153 2364 Ἠ
1211 2308 1522 2369 δικαιοσύνη
1574 2314 1698 2385 γὰρ,
1754 2309 1889 2362 ἀντία

295 2406 459 2466 παλός
507 2404 619 2457 ἐστι
659 2411 719 2476 τῇ
778 2401 1058 2473 πλεονεξίᾳ.
1121 2403 1187 2453 Οἱ
1238 2409 1506 2463 πεινῶντες
1552 2397 1611 2452 δὲ
1658 2405 1746 2452 καὶ
1801 2397 1888 2452 δι-

291 2495 488 2566 φῶντες
544 2490 696 2560 εἶπεν,
756 2491 868 2543 ἀντὶ
927 2498 1040 2558 τοῦ,
1100 2492 1165 2541 Οἱ
1233 2486 1443 2562 σφόδρα
1506 2489 1887 2560 ἐπιθυμοῦντες,

294 2585 427 2636 ἰναό
461 2579 690 2656 σφοδρός
735 2585 861 2655 ἔρως
900 2589 996 2642 τῆς
1047 2579 1352 2650 πλεονεξίας,
1403 2577 1486 2631 ἐπὶ
1540 2583 1634 2638 τὴν
1689 2575 1891 2630 δικαιο-

295 2677 456 2731 σύνην
511 2673 796 2745 μεταστὰς,
831 2669 979 2742 ἀνέλῃ
1037 2667 1247 2727 ἐκείνην.
1298 2669 1771 2742 Χορτασθήσονται
1809 2664 1886 2733 δε,

291 2765 481 2822 παντὸς
511 2761 731 2833 ἀγαθοῦ.

365 2848 578 2909 Ἐπειδὴ
631 2851 742 2922 (28)
797 2851 845 2901 οἱ
897 2847 1191 2901 πλεονέκται
1248 2843 1500 2899 δοκοῦσιν
1566 2850 1774 2920 εὔποροι
1825 2841 1892 2897 εἶ-

295 2961 378 2993 ναι
408 2946 497 2993 καὶ
525 2941 905 3014 χορτάζεσθαι,
947 2934 1040 2990 διὰ
1081 2941 1233 2990 τοῦτό
1277 2957 1454 3009 φησιν,
1488 2939 1568 2988 ὅτι
1609 2939 1657 2988 οἱ
1689 2933 1892 2988 δίκαιοι

298 3031 485 3104 μᾶλλον
505 3031 986 3102 χορτασθήσονται.

368 3123 631 3193 Μακάριοι
655 3151 723 3162 —-
749 3118 926 3175 ἐλεηθή
938 3136 1135 3171 σονται.
1161 3117 1314 3189 Παρὰ
1332 3123 1421 3167 τοῦ
1445 3123 1599 3182 Θεοῦ,
1626 3111 1892 3173 δηλονότι,

298 3208 438 3267 Πλὴν

299 3295 529 3371 διαφορά
592 3302 846 3369 πονηρίας
893 3299 982 3346 καὶ
1039 3293 1384 3364 ἀγαθότητος,
1438 3294 1467 3351 ἣ
1530 3292 1739 3365 μᾶλλον,
1794 3294 1892 3350 ὅση

299 3386 573 3458 ἀνθρώπου
603 3391 693 3437 καί
723 3393 877 3454 Θεοῦ,
908 3385 1133 3439 τοσαύτη
1163 3387 1252 3434 καὶ
1291 3380 1613 3456 ἀνθρωπίνης
1642 3387 1727 3434 καὶ
1763 3383 1897 3442 θείας

305 3475 619 3548 ἐλεημοσύνη
631 3495 670 3536 ς.

376 3655 520 3726 Οὐχί
546 3655 661 3724 (29)
709 3649 802 3706 διὰ
848 3653 1140 3727 χρημάτων
1190 3653 1342 3722 μόνον
1379 3651 1518 3702 ἔστιν
1558 3648 1730 3713 ἐλεεῖν,
1771 3648 1895 3702 ἀλλὰ

298 3749 387 3798 καὶ
440 3744 617 3814 λόγον,
666 3742 761 3794 κᾶν
804 3739 971 3815 μηδὲν
1028 3744 1175 3814 ἔχῃς,
1209 3737 1303 3792 διὰ
1359 3736 1619 3814 δακρύων.
1655 3739 1896 3802 Ποικίλος

297 3837 396 3908 ⁹γὰρ
427 3835 453 3886 6
499 3841 594 3894 τῆς
644 3833 989 3904 ἐλεημοσύνης
1037 3836 1246 3905 τρόπος,
1304 3834 1392 3881 καὶ
1435 3829 1647 3882 πλατεῖα
1696 3830 1825 3887 αῦτη
1862 3831 1890 3888 ἠ

302 3922 929 3980 ἑντολή.ἰ1λεηθησονται
976 3916 1034 3973 δὲ
1081 3919 1302 3972 ἐνταῦθα
1347 3922 1458 3990 μεν,
1508 3921 1650 3992 παρὰ
1702 3918 1896 3994 ἀνθρω-

302 4031 410 4064 πων
443 4029 454 4042 ·
486 4011 608 4081 ἐκεῖ,
641 4009 720 4080 δὲ,
748 4014 891 4084 παρα
914 4016 1007 4062 τοῦ
1038 4017 1192 4063 Θεοῦ.

371 4194 636 4266 Μακάριοι
682 4222 748 4231 -
800 4189 1036 4260 ὄψονται.
1087 4189 1360 4261 Καθαροὺς
1405 4194 1466 4259 τῇ
1522 4183 1721 4262 καρδίᾳ
1771 4191 1894 4253 νόει,

301 4286 422 4342 τούς
463 4277 628 4353 μηδέν
675 4298 728 4332 τι
780 4281 1002 4352 πονηρὸν
1060 4277 1262 4340 ἑαυτοῖς
1315 4273 1640 4342 συνειδότας,
1691 4277 1720 4334 ἦ
1778 4280 1899 4338 τοὺς

302 4369 656 4442 φυλάσσοντας
703 4373 796 4426 τὴν
843 4364 1064 4442 καρδίαν
1120 4366 1401 4439 ἀμόλυντον
1444 4365 1545 4418 ἀπὸ
1597 4373 1696 4416 τῶν
1757 4362 1898 4423 ἡδυ-

303 4461 552 4523 παθειῶν,
607 4460 728 4531 ὅπερ
781 4459 806 4508 ό
859 4456 1063 4517 Παῦλος
1113 4456 1374 4527 ἁγιασμόν
1419 4452 1676 4519 ἐκάλεσεν,
1722 4454 1896 4506 εἰπών’

306 4549 528 4621 Εἰρήνην
597 4544 806 4598 διώκετε
864 4549 996 4618 μετὰ
1050 4547 1274 4610 πάντων,
1335 4549 1424 4595 καὶ
1473 4547 1558 4596 τόν
1616 4542 1897 4615 ἁγιασμόν,

307 4638 366 4690 οὗ
423 4641 592 4709 χωρὶς
648 4632 821 4697 οὐδεὶς
876 4634 1058 4705 ὄψεται
1115 4638 1201 4686 τόν
1260 4635 1468 4705 Κύριον.
1526 4631 1782 4702 ’Ὄψονται
1841 4629 1900 4685 δε

303 4731 391 4780 τόν
447 4729 594 4792 Θεὸν,
641 4727 712 4786 ὡς
758 4721 974 4776 δυνατὸν
1029 4722 1320 4796 ἀνθρωπίνῃ
1377 4725 1548 4794 φύσει.
1599 4723 1803 4773 Τέθεικε
1843 4717 1900 4773 δὲ

300 4820 390 4869 τόν
443 4818 778 4890 μακαρισμὸν
833 4821 1012 4866 τοῦτον
1066 4816 1198 4886 μετὰ
1247 4815 1333 4865 τὸν
1384 4820 1480 4872 τῆς
1537 4809 1898 4884 ἕλεημοσύνης,

377 4996 425 5032 ⁸⁸
450 4995 648 5054 Matth.
678 5010 758 5062 v1,
791 4997 878 5051 33.
957 4994 1004 5029 ³⁵
1026 4994 1160 5051 Luc.
1190 5000 1343 5059 xvu'i,
1375 4993 1464 5058 29,
1489 4991 1576 5048 30.

1915 1838 1963 1896 B

1656 4991 1704 5026 ⁸ο
1733 4989 1888 5047 Psal.
1921 5005 2000 5057 ιν,
2029 4989 2084 5055 5,

1990 628 2289 678 sostomus
2319 639 2460 679 vero
2487 624 2584 688 ait,
2618 625 2780 696 quod
2811 630 2867 680 et
2893 627 3232 682 sensibilem
3259 644 3366 700 pro
3396 629 3642 699 praemio

1989 714 2272 782 posuerit,
2316 718 2552 784 propter
2596 715 2933 779 crassiores,
2976 717 3078 786 qui
3118 717 3412 772 sensibilia
3448 717 3645 788 potius

1989 815 2169 871 quam
2212 801 2601 870 intelligibilia
2652 807 2947 873 quaerunt.
2981 806 3121 859 Toto
3160 821 3422 878 namque
3465 809 3649 861 Evan-

1990 890 2144 959 gelio
2175 890 2247 944 ad
2277 890 2549 946 virtutem
2607 890 2755 946 solet
2783 893 3107 961 adhortari,
3155 895 3519 967 quandoque
3546 912 3653 968 per

1990 977 2209 1044 futura,
2247 978 2545 1033 interdum
2581 995 2824 1051 quoque
2865 987 2921 1034 et
2953 997 3056 1051 per
3084 985 3422 1052 praesentia.
3454 986 3649 1049 Quan-

1989 1082 2176 1138 quam
2208 1081 2401 1138 neque
2435 1067 2534 1122 ubi
2564 1067 2951 1136 intelligibilia
2980 1070 3144 1140 ponit
3169 1071 3434 1141 praemia,
3465 1073 3652 1144 privat

1991 1155 2374 1211 sensibilibus
2403 1172 2415 1209 :
2444 1171 2637 1228 neque
2662 1171 2693 1211 e
2723 1157 2975 1221 diverso,
3010 1174 3146 1214 cum
3185 1159 3496 1215 sensibilia
3529 1162 3655 1233 pol-

1990 1243 2215 1310 licetur,
2264 1243 2650 1314 intelligibilia
2681 1245 2890 1300 aufert.
2956 1247 3214 1313 Quaerite
3250 1249 3431 1314 enim,
3467 1250 3658 1322 inquit

1987 1334 2247 1403 primum
2276 1348 2511 1403 regnum
2535 1334 2642 1390 Dei
2661 1341 2713 1389 et
2734 1335 3029 1403 iustitiam
3055 1338 3198 1404 ejus,
3221 1343 3276 1392 et
3311 1338 3430 1394 lucc
3456 1343 3655 1395 omnia

1989 1423 2347 1492 adjicientur
2375 1423 2529 1478 vobis
2584 1424 2649 1476 ιι.
2691 1426 2756 1478 Et
2791 1439 3001 1479 rursus
3031 1442 3044 1479 :
3075 1427 3258 1481 Nemo
3288 1434 3364 1482 est
3396 1428 3498 1498 qui
3529 1429 3656 1484 reti-

1989 1514 2184 1587 querit
2222 1511 2444 1567 domum
2500 1517 2599 1568 aut
2629 1517 2841 1582 patrem
2868 1516 2936 1581 ⁸⁵,
2971 1519 3104 1580 etc.,
3131 1516 3229 1586 qui
3255 1532 3368 1571 non
3404 1516 3658 1584 fruatur

1989 1603 2178 1660 multo
2212 1602 2491 1672 pluribus
2513 1603 2575 1657 in
2602 1602 2704 1657 hoc
2727 1608 3065 1672 tempore,et
3093 1605 3155 1659 in
3173 1606 3388 1674 futuro
3413 1606 3651 1669 sarculo,

1990 1691 2108 1747 vita
2139 1697 2374 1745 aeterna.

2060 1782 2102 1850 -ι-
2132 1780 2294 1836 Mites
2336 1778 2634 1843 dicuntur,
2668 1794 2788 1834 non
2820 1780 2922 1851 qui
2974 1781 3206 1851 penitus
3239 1797 3358 1837 non
3388 1782 3657 1839 irascun-

1994 1873 2090 1924 tur
2120 1885 2131 1921 :
2163 1867 2512 1939 hujusmodi
2537 1868 2696 1922 enim
2731 1868 3013 1923 insensati
3045 1874 3200 1937 sunt,
3237 1871 3340 1926 sed
3371 1872 3472 1942 qui
3505 1873 3654 1928 iram

1993 1959 2239 2030 quidem
2281 1957 2561 2019 sentiunt,
2609 1972 2735 2011 sese
2785 1961 2984 2013 tamen
3036 1958 3360 2022 continent,
3407 1961 3656 2032 quando

1996 2053 2195 2103 autem
2227 2050 2459 2118 oportet
2491 2043 2843 2109 irascuntur,
2899 2046 3050 2103 sicut
3090 2048 3226 2104 dicit
3262 2049 3448 2105 David
3483 2068 3496 2105 :
3531 2051 3659 2105 Ira-

1995 2135 2229 2192 scimini
2259 2142 2308 2191 et
2340 2135 2520 2190 nolite
2543 2150 2785 2203 peccare
2809 2137 2855 2170 ⁸⁸

2069 2223 3147 2289 Vers.6.Beati—saturabuntur.Quia
3161 2228 3234 2281 de
3251 2226 3659 2299 eleemosynaj

1998 2314 2260 2370 dicturus
2289 2317 2398 2377 est,
2433 2311 2617 2367 aufert
2649 2313 2909 2383 primum
2938 2315 3250 2370 avaritiam
3283 2322 3346 2370 ut
3373 2295 3526 2387 pura
3554 2295 3663 2373 tia.t

2001 2400 2419 2469 misericordia,
2445 2401 2674 2472 justitia
2713 2401 2870 2457 enim
2911 2403 3171 2458 avaritia;
3217 2405 3511 2460 contraria
3547 2411 3655 2461 est.

2002 2492 2153 2550 Dixit
2196 2496 2415 2560 autem,
2447 2491 2762 2546 esurientes
2786 2491 3135 2557 etsilientes,
3172 2493 3283 2548 hoc
3327 2499 3435 2556 est,
3475 2494 3662 2564 pluri-

1999 2598 2168 2638 mum
2194 2579 2702 2651 concupiscentes,
2745 2585 2808 2634 ut
2852 2581 3172 2636 vehemens
3202 2585 3358 2638 avari
3373 2584 3459 2637 tiae
3491 2599 3662 2640 arnor

1999 2672 2059 2728 in
2085 2669 2375 2742 justitiam
2407 2667 2746 2732 translatus,
2775 2667 2938 2724 illam
2988 2670 3258 2741 perimat.
3298 2672 3660 2728 Saturabun-

2000 2765 2094 2817 tur
2115 2765 2336 2824 autem,
2366 2759 2526 2813 omni
2559 2757 2831 2813 videlicet
2855 2758 3037 2814 bono.

2069 2851 2110 2918 -ι-
2142 2848 2290 2914 Quia
2320 2846 2484 2902 avari
2515 2845 2894 2903 abundantes
2923 2864 3054 2903 esse
3087 2848 3359 2904 videntur
3389 2855 3444 2906 et
3502 2856 3657 2906 satu-

1999 2939 2130 3003 rati,
2163 2938 2299 2994 ideo
2326 2939 2401 2992 ait
2418 2937 2614 3007 justos
2647 2938 2843 3008 potius
2869 2939 3220 2994 saturandos
3256 2955 3408 2995 esse.

2073 3118 2231 3172 Vers.
2289 3123 2342 3172 7.
2392 3115 2560 3172 Beati
2604 3147 2670 3155 —
2710 3117 3181 3174 misericordiam
3214 3125 3650 3190 consequentur.

504 3209 560 3260 ού
619 3216 887 3274 τοσοῦτον,
942 3208 1062 3258 ὅσον
1123 3204 1366 3263 ἠλέησαν.
1421 3203 1559 3262 Ὀση
1620 3205 1721 3277 γάρ
1781 3202 1889 3255 ἐστι

2008 3207 2048 3262 Α
2081 3209 2198 3260 Deo
2229 3209 2403 3269 certe,
2440 3205 2544 3260 sed
2577 3220 2692 3261 non
2744 3210 2967 3261 tantam
3011 3205 3322 3270 duntaxat,
3371 3214 3660 3278 quantam

2002 3296 2110 3368 ipsi
2159 3295 2577 3367 prastiteruut.
2636 3296 2936 3358 Quantum
2991 3293 3149 3349 enim
3204 3295 3449 3350 interest
3509 3296 3661 3352 inter

2004 3383 2231 3440 malum
2258 3383 2583 3449 etbonum,
2617 3388 2720 3438 aut
2739 3384 2938 3454 potius
2968 3387 3261 3454 quantum
3291 3384 3438 3438 inter
3469 3385 3658 3440 homi-

2003 3489 2142 3530 nem
2168 3477 2224 3529 et
2252 3473 2460 3538 Deum,
2490 3475 2718 3528 tantum
2752 3471 3014 3529 humana
3047 3471 3453 3529 misericordia
3480 3474 3662 3532 distat

2005 3579 2042 3620 a
2071 3562 2294 3619 divina.

2073 3654 2115 3723 -ι-
2162 3655 2288 3708 Non
2321 3651 2800 3724 possessionibus
2847 3654 3080 3707 tantum
3131 3657 3442 3723 prmstatur
3491 3652 3662 3708 mise-

2001 3741 2278 3806 ricordia,
2307 3742 2410 3797 sed
2432 3747 2486 3797 et
2505 3740 3080 3808 sermonibus.Quod
3107 3741 3154 3796 si
3186 3741 3330 3797 nihil
3356 3741 3658 3809 habueris,

2003 3832 2180 3888 etiam
2211 3830 2491 3902 lacrymis
2511 3835 2822 3902 praestatur
2846 3847 2857 3885 :
2888 3831 3087 3885 varius
3117 3837 3202 3886 est
3231 3832 3388 3886 enim
3413 3830 3662 3886 eleemo—

2004 3936 2164 3994 synaa
2195 3920 2435 3985 modus,
2459 3919 2769 3991 latumque
2792 3924 3172 3991 prameptum.
3209 3920 3665 3976 Misericordiam

2004 4026 2145 4067 vero
2175 4014 2637 4082 consequentur,
2670 4009 2764 4064 hic
2797 4008 2874 4065 ab
2921 4008 3274 4064 hominibus
3326 4013 3385 4064 et
3416 4010 3475 4064 in
3520 4008 3674 4065 futu-

2004 4115 2140 4154 rum
2173 4115 2207 4154 a
2242 4101 2382 4154 Deo.

2077 4187 2236 4242 Vers.
2269 4188 2322 4240 8.
2353 4187 2524 4242 Beati
2546 4217 2614 4226 ——
2641 4186 2945 4245 videbunt.
2985 4186 3166 4240 Puros
3193 4185 3371 4240 corde
3399 4185 3670 4254 intelligit

2005 4275 2110 4347 qui
2142 4274 2360 4330 nullius
2392 4275 2618 4346 peccati
2650 4274 2760 4330 sibi
2799 4273 3020 4329 conscii
3053 4279 3190 4328 sunt
3238 4290 3250 4328 :
3290 4279 3390 4328 aut
3427 4274 3530 4344 qui
3569 4290 3670 4330 cor

2007 4367 2248 4420 servant
2275 4380 2310 4418 a
2343 4362 2746 4435 voluptatibus
2790 4360 3193 4432 impollutum,
3225 4377 3412 4432 quam
3448 4362 3668 4417 sancti-

2008 4452 2278 4509 moniam
2306 4456 2483 4506 vocat
2512 4450 2750 4515 Paulus,
2785 4450 2988 4505 dicens
3019 4450 3062 4483 ⁸⁷
3088 4464 3100 4504 :
3127 4451 3333 4506 Pacem
3365 4452 3670 4507 sectamini

2007 4542 2081 4599 ad
2102 4557 2294 4597 omnes
2325 4547 2377 4596 et
2405 4540 2860 4597 sanctimoniam
2896 4555 2910 4605 ;
2938 4541 3064 4595 sine
3096 4555 3215 4611 qua
3244 4555 3412 4597 nemo
3451 4540 3667 4598 videbit

2007 4629 2450 4688 Deum.Videbit
2470 4634 2671 4686 autem
2699 4627 3374 4702 Deum,dixit,tanquam
3397 4629 3669 4688 humana

2007 4727 2220 4778 natura
2239 4724 2539 4792 potentem
2564 4719 2709 4791 (kk).
2736 4718 2898 4775 Hanc
2923 4734 3060 4774 vero
3083 4718 3512 4776 beatitudinem
3533 4723 3670 4792 post

2010 4811 2456 4881 eleemosynam
2478 4808 2695 4882 posuit,
2723 4824 2866 4866 nam
2905 4808 3074 4865 multi
3096 4809 3389 4880 justitiam
3420 4825 3491 4866 ac
3515 4809 3666 4867 elee-

2163 4988 2206 5023 ⁸⁷
2251 4987 2422 5046 Hebr.
2450 5005 2550 5058 xu,
2583 4989 2670 5046 44.

1528 5167 1748 5240 Variae
1784 5167 2114 5239 lectiones
2143 5175 2210 5237 et
2240 5176 2420 5237 notae

378 5373 490 5450 (26)
528 5377 692 5450 Tom.
726 5371 838 5440 vn,
867 5381 924 5450 ρ.
955 5373 1072 5428 188.
1097 5370 1167 5450 ⁸(ξ.

375 5438 487 5519 (27)
531 5449 650 5505 Hoc
680 5448 740 5503 in
771 5438 920 5502 meis
949 5458 1073 5499 non
1097 5441 1329 5513 legitur.
1358 5443 1440 5498 Ex
1470 5438 1796 5513 Theophyl.
1838 5455 1898 5512 p.

304 5520 880 5593 26Cdesump‘tum.
963 5586 1020 5593 __
1165 5585 1178 5593 _
1249 5583 1260 5593 _
1347 5587 1358 5593 _
1485 5585 1611 5593 μ-

375 5592 490 5664 (28)
510 5583 832 5648 Etiam'hoc
862 5603 933 5645 ex
962 5583 1456 5658 Theophylact.p.
1481 5587 1549 5640 26
1577 5583 1761 5640 D.Mei
1775 5597 1899 5639 non

2012 5370 2648 5579 ἃςὲἓῖἓὲῗιὲόρὺγιδοι.
2677 5450 2740 5507 p.
2780 5436 2850 5489 26
2877 5435 2917 5489 E
2948 5438 3006 5491 et
3044 5433 3451 5508 Chrysostom.
3487 5433 3523 5488 t.
3552 5427 3665 5502 νη,

2012 5524 2092 5579 pa
2139 5550 2153 5564 .
2371 5550 2384 5564 .

2011 5524 2153 5582 pag.
2184 5524 2285 5563 ιδν
2319 5524 2384 5564 υ.

377 5716 498 5792 (kk)
537 5718 848 5789 Tanquam
885 5744 954 5754 —
979 5716 1298 5782 potentem.
1331 5711 1399 5766 Ut
1422 5722 1780 5767 concessum
1810 5709 2090 5765 creatura
2117 5705 2432 5766 humanas.
