4170 6516
505 379 612 445 495
1825 379 2178 450 EUTI-IYMII
2216 379 2552 453 ZIGABENI
3847 399 3985 454 196

507 529 826 588 mosynam
875 515 1144 582 assecuti,
1165 516 1323 574 circa
1363 516 1695 589 voluptates
1742 517 1954 574 devicti
2002 524 2160 576 sunt.

2280 515 2414 572 διότι
2435 519 2611 572 πολλοὶ
2640 517 2980 580 δικαιοσύνην
3005 530 3089 577 καὶ
3115 524 3461 600 ἐλεημοσύνην
3476 529 3976 601 κατορθοῦντες,

508 605 772 661 Ostendit
791 604 992 677 itaque
1019 604 1179 661 solas
1206 604 1333 662 illas
1357 621 1477 662 non
1500 604 1768 662 sufﬁcere
1789 607 2053 664 virtutes.

2280 611 2528 667 ἡττῶνται
2592 618 2687 670 τῆς
2738 607 3080 679 ἡδυπαθείας,
3135 622 3224 667 καὶ
3283 615 3567 681 δείκνυσιν,
3637 617 3764 668 ὅτι
3851 617 3976 668 οὐκ

2274 697 2524 772 ἀρκοῦσιν
2554 698 2736 751 ἐκεῖναι
2769 705 2922 768 μόναι
2949 705 3001 753 αἱ
3029 701 3226 774 ἀρεταί.

2347 790 2578 858 Καθαροί.
2621 789 2732 859 (30)
2785 798 2844 862 τῇ
2901 787 3103 865 καρδίᾳ
3153 794 3282 846 εἰσὶν
3330 796 3378 847 οἱ
3435 801 3742 868 σώφρονες.
3831 803 3970 848 Τοῦ

2272 876 2538 949 ἁγιασμοῦ
2580 880 2702 951 γὰρ,
2755 883 2871 935 ἤτοι
2925 888 3019 942 τῆς
3069 887 3408 955 σωφροσύνης
3454 891 3644 959 χωρὶς,
3729 881 3969 944 οὐδεὶς

573 786 616 854 -ί-
653 781 859 840 Mundi
911 783 1091 840 corde
1124 790 1284 851 sunt,
1315 784 1416 856 qui
1465 785 1835 840 continenter
1874 784 2102 855 degunt
2147 801 2161 852 ;

502 873 636 930 Sine
660 872 1013 929 continentia
1036 880 1224 929 autem
1246 889 1401 930 nemo
1417 873 1626 929 videbit
1651 874 1828 930 Deum
1852 874 1920 929 ³⁸.
1949 875 2166 939 Quem-

504 963 834 1020 admodum
886 962 1047 1018 enim
1103 961 1415 1034 speculum
1468 962 1518 1017 si
1572 978 1793 1034 purum
1853 963 1947 1028 sit,
2014 961 2164 1032 ﬁgu-

503 1067 603 1108 ras
631 1050 839 1123 recipit
870 1066 884 1106 :
918 1050 1000 1107 ita
1027 1055 1084 1107 et
1112 1051 1318 1107 anima
1355 1066 1502 1124 pura
1539 1051 1638 1108 Dei
1697 1051 1940 1122 suscipit
1987 1051 2166 1108 visio-

504 1155 669 1197 nem.

580 1229 744 1286 Vers.
787 1229 874 1285 to.
907 1229 1076 1286 Beati
1111 1259 1180 1268 -
1213 1229 1608 1286 vocabuntur.
1657 1229 1764 1295 Qui
1803 1245 1924 1286 non
1969 1229 2163 1286 solum

505 1319 618 1393 ipsi
649 1318 968 1375 seditiones
997 1334 1120 1374 non
1150 1323 1409 1385 movent,
1443 1317 1548 1374 sed
1581 1321 1638 1374 et
1674 1319 1824 1376 alios
1860 1324 2164 1375 moventes

507 1409 585 1466 ad
623 1424 838 1481 pacem
881 1408 1192 1470 reducunt,
1238 1407 1342 1463 ﬁlii
1377 1407 1477 1464 Dei
1527 1408 1913 1472 vocabuntur,
1965 1412 2165 1480 utpote

508 1498 721 1554 Filium
769 1498 896 1570 ejus
937 1497 1309 1568 unigenitum
1363 1498 1665 1554 imitantes
1717 1516 1729 1548 :
1778 1499 1948 1568 cujus
2009 1512 2164 1569 opus

505 1587 616 1645 fuit
645 1586 994 1644 dissidentia
1022 1588 1080 1643 in
1121 1603 1312 1643 unum
1342 1588 1646 1654 reducere,
1680 1603 1749 1644 ac
1779 1588 2052 1644 inimicos
2082 1601 2166 1642 re-

506 1677 838 1735 conciliare.
889 1677 1006 1732 Erit
1059 1676 1326 1748 profecto
1373 1677 1551 1732 etiam
1603 1677 1813 1733 beatus
1857 1676 2164 1749 paciﬁcus,

505 1768 619 1825 hoc
641 1774 751 1832 est,
777 1767 838 1822 in
863 1781 1010 1839 pace
1029 1781 1273 1821 servans
1294 1764 1663 1822 voluntatem
1689 1765 1948 1838 propriae
1974 1767 2168 1821 carnis

2272 967 2454 1037 ἅψεται
2496 970 2584 1018 τὸν
2627 971 2832 1039 Κύριον.
2863 968 3062 1040 Ὠσπερ
3093 974 3194 1043 γὰρ
3245 977 3301 1024 τὸ
3351 973 3662 1046 κάτοπτρον,
3736 972 3862 1024 ἐὰν

2271 1057 2518 1127 καθαρόν,
2576 1060 2690 1107 τότε
2752 1052 2969 1127 δέχεται
3026 1061 3120 1120 τὰς
3178 1061 3442 1131 ῖαφάσεις,
3501 1061 3634 1112 οὕτω
3707 1067 3842 1114 καὶ
3923 1065 3957 1120 ἡ

2270 1146 2477 1218 καθαρὰ
2505 1143 2660 1215 ψυχὴ
2697 1141 2913 1216 δέχεται
2936 1145 3053 1216 ὄψιν
3087 1155 3238 1202 Θεοῦ.

2341 1235 2605 1304 Μακάριοι
2636 1265 2704 1274 -—
2755 1234 3127 1292 κληθήσονται.
3171 1239 3236 1289 Οἱ
3281 1242 3353 1310 μὴ
3408 1243 3559 1309 μόνον
3619 1238 3814 1290 αὐτοὶ
3854 1247 3950 1312 μὴ

2276 1324 2663 1384 στασιάζοντες,
2726 1321 2854 1374 ἀλλὰ
2907 1329 2997 1375 καὶ
3053 1325 3256 1396 ἐτέρους
3317 1327 3709 1388 στασιάζοντας
3789 1348 3951 1380 συν-

2274 1415 2483 1482 άγοντες
2541 1412 2608 1472 εἰς
2657 1411 2880 1485 εἰρήνην.
2939 1414 3049 1465 Υἱοὶ
3090 1410 3147 1466 δε
3201 1421 3334 1467 Θεοῦ
3388 1414 3795 1480 κληθήσονται,
3858 1419 3950 1479 ὡς

2274 1504 2631 1574 μιμησάμενοι
2696 1505 2783 1552 τόν
2851 1511 3097 1573 μονογενῆ
3163 1506 3281 1555 Υὶὸν
3343 1503 3522 1570 αὐτοῦ,
3667 1510 3938 1576 γέγονεν

2276 1593 2442 1662 ἔργον,
2496 1597 2804 1661 συναγαγεῖν
2852 1593 2918 1641 τὰ
2970 1587 3250 1658 διεστῶτα,
3295 1596 3384 1644 καὶ
3436 1592 3778 1654 καταλλάξαι
3856 1598 3936 1646 τὰ

3749 1683 3928 1755 εἰρη-

2276 1769 2503 1832 νοποιός,
2532 1771 2621 1818 καὶ
2678 1768 2703 1818 ὁ
2754 1766 3049 1839 εἰρηνεύσας
3077 1772 3132 1819 τὸ
3185 1768 3379 1840 θέλημα
3425 1776 3521 1828 τῆς
3574 1765 3712 1829 ἰδίας
3756 1790 3920 1844 σαρ-

2278 1677 2749 1750 ὶκπεπολεμωμένα.
2829 1682 2919 1736 Εἰη
2989 1675 3040 1730 δ’
3094 1678 3153 1730 ἂν
3217 1684 3666 1753 μιμακαρισμένος

507 1874 642 1914 cum
673 1855 978 1912 voluntate
1004 1855 1222 1911 animas
1240 1871 1385 1928 suae,
1410 1860 1468 1912 et
1491 1854 1656 1928 quod
1684 1871 1938 1928 pravum
1970 1855 2059 1928 (ιι)
2079 1860 2166 1912 est

2280 1860 2365 1917 κός
2409 1858 2538 1928 μετὰ
2575 1863 2664 1908 τοῦ
2702 1855 2981 1928 θελήματος
3012 1866 3101 1917 τῆς
3138 1857 3324 1930 ψυχῆς
3364 1857 3544 1926 αὐτοῦ,
3598 1863 3685 1910 καὶ
3733 1860 3909 1912 ὑπο-

508 1947 729 2003 meliori
758 1945 1104 2016 subjiciens.

578 2036 622 2105 -ι-
649 2038 773 2092 Non
796 2033 990 2090 solum
1016 2048 1226 2104 pacem
1253 2049 1392 2089 cum
1427 2035 1704 2090 omnibus
1733 2033 2046 2102 habentes,
2071 2049 2162 2091 ve-

507 2139 646 2181 rum
675 2123 850 2178 etiam
895 2121 1212 2178 seditiosos
1250 2126 1459 2178 mutuo
1487 2123 1636 2180 inter
1665 2139 1727 2179 se
1759 2123 2164 2196 pacificantes.

509 2213 795 2269 Dicuntur
823 2217 1024 2268 autem
1065 2211 1306 2283 paciﬁci,
1339 2217 1392 2268 et
1420 2212 1522 2285 qui
1552 2227 1658 2285 per
1686 2211 2023 2268 doctrinam
2058 2212 2167 2268 ini-

509 2302 698 2359 micos
739 2301 818 2358 ad
864 2303 1051 2358 Deum
1096 2300 1258 2371 (mm)
1309 2305 1662 2356 convertunt
1713 2317 1726 2356 :
1769 2301 1870 2373 qui
1913 2300 2014 2356 ﬁlii
2067 2300 2167 2356 Dei

510 2389 903 2463 appellantur.
949 2393 1096 2447 Nam
1134 2393 1192 2445 et
1218 2388 1562 2462 Unigenitus
1603 2393 1721 2446 Deo
1752 2404 1868 2447 nos
1904 2391 2171 2446 reconci-

509 2479 694 2536 liavit.

582 2571 740 2625 Vers.
792 2569 873 2623 l0.
927 2568 1510 2625 Beati—calorum.
1587 2569 1629 2637 -ι-
1684 2569 1955 2637 Regnum
2000 2568 2170 2626 caelo-

509 2673 667 2721 rum,
694 2657 790 2714 alii
821 2657 1065 2730 quidem
1095 2657 1318 2721 dicunt,
1352 2656 1537 2712 vitam
1563 2671 1746 2727 quam
1779 2657 1837 2711 in
1875 2657 2039 2713 calis
2065 2657 2167 2714 de-

513 2750 657 2818 gunt
685 2764 699 2815 ;
726 2745 824 2802 alii
850 2763 1009 2811 vero,
1043 2745 1339 2818 aequalem
1371 2744 1596 2814 angelis
1637 2745 1838 2800 statim
1865 2745 1925 2801 in
1963 2745 2164 2812 caelis;

512 2835 662 2893 tertii
684 2839 901 2900 autem,
930 2835 1190 2907 speciem
1217 2834 1433 2891 divinas
1455 2833 1704 2888 visionis
1724 2833 1870 2905 (nn),
1890 2850 2024 2906 quae
2049 2835 2169 2890 cui-

512 2941 629 2998 que
641 2925 984 2998 rependitur
995 2925 1167 2995 juxta
1183 2923 1530 2994 qualitatem
1550 2937 1619 2978 ac
1639 2924 2026 2995 quantitatem
2048 2941 2168 2980 suae

2275 1944 2431 2006 τάξας
2456 1947 2513 1996 τό
2548 1952 2726 2016 χεῖρον
2753 1953 2825 2015 τῷ
2850 1950 3124 2018 κρείττονι.

2348 2033 2424 2084 Οὐ
2467 2038 2617 2105 μόνον
2649 2035 2697 2085 οἱ
2740 2033 3074 2106 εἰρηνεύοντες
3105 2034 3253 2086 αὐτοὶ
3299 2038 3429 2106 πρὸς
3476 2036 3689 2100 πάντας,
3745 2035 3901 2088 ἀλλά

2275 2127 2365 2174 καὶ
2419 2125 2467 2174 οἱ
2525 2123 2727 2195 ἐτέρους
2778 2124 3158 2184 στασιάζοντας
3207 2123 3669 2185 καταλλάσσοντες.
3717 2125 3890 2197 Εἰρη-

2275 2216 2478 2263 νοποιοὶ
2517 2208 2576 2264 δέ
2611 2212 2712 2264 εἰσι
2750 2217 2838 2264 καὶ
2891 2214 2938 2264 οἱ
2992 2208 3083 2263 διὰ
3113 2208 3462 2272 διδασκαλίας
3491 2217 3612 2274 τοὺς
3648 2211 3890 2286 ὶχθρούς

2279 2308 2368 2352 τοῦ
2426 2307 2559 2354 Θεοῦ
2614 2299 3000 2375 ἐπιστρέφοντες
3053 2322 3065 2333 ·

2277 2407 2376 2443 τοι.
2431 2394 2530 2442 Καὶ
2576 2394 2678 2462 γὰρ
2719 2394 2809 2442 καὶ
2858 2391 2883 2442 ὁ
2936 2393 3212 2461 μονογενὴς
3267 2389 3580 2452 κατήλλαξεν
3623 2391 3739 2458 ἐμᾶς
3779 2392 3852 2454 τῷ

2278 2486 2410 2549 Θεῷ.

2346 2569 2611 2639 Μακάριοι
2657 2597 2725 2608 -
2769 2566 3016 2640 οὐρανῶν.
3073 2565 3340 2619 Βασιλείαν
3402 2567 3512 2638 (32)
3572 2574 3670 2617 τῶν
3720 2563 3871 2638 οὐρα-

3122 2304 3226 2352 υὶοὶ
3289 2297 3347 2353 δε
3409 2309 3542 2353 Θεοῦ
3601 2304 3647 2353 οἱ
3703 2309 3872 2352 τοιοῦ-

2274 2665 2395 2721 νῶν,
2445 2659 2494 2709 οἱ
2549 2660 2638 2728 μὶν
2695 2661 2903 2727 λέγουσι
2956 2661 3046 2714 τὴν
3096 2655 3142 2707 ἓν
3200 2655 3435 2729 οὐρανοῖς
3489 2651 3777 2726 διαγωγὴν,
3819 2654 3873 2705 οἱ

2279 2743 2358 2811 δὲ,
2391 2750 2484 2804 τὴν
2531 2745 2802 2817 ἰσάγγελον
2848 2744 2896 2796 ἐν
2945 2746 3181 2820 οὐρανοῖς
3231 2747 3572 2809 κατάστασιν,
3607 2746 3655 2795 οἱ
3705 2739 3870 2810 δε,τό

2278 2832 2412 2894 εἶδος
2472 2844 2569 2894 τῆς
2631 2837 2802 2895 θεῑκῆς
2873 2839 3188 2909 ὡραιότητος
3243 2843 3338 2885 τῶν
3397 2835 3721 2906 φορεσάντων
3783 2837 3871 2888 τήν

2279 2924 2448 2976 εἰκόνα
2528 2931 2619 2975 τοῦ
2691 2923 2998 2998 ἐπουρανίου
3057 2967 3071 2990 ,
3127 2926 3242 2984 ἣτις
3324 2919 3534 2975 δίδοται
3600 2924 3735 2972 κατὰ
3816 2923 3873 2972 τό

506 2992 740 3086 ,Ῑῖιειὶῑίῷ
761 3032 772 3081 ;
792 2992 1142 3085 (Ῑυειι-ιὶννθτο
1168 2992 1420 3080 regnum
1446 2992 1727 3067 caelorum
1745 3011 1951 3068 dicunt
1973 3029 2166 3070 remu-

2280 3018 2422 3064 ποιόν
2452 3031 2506 3064 τε
2535 3017 2623 3064 καὶ
2652 3016 2813 3064 ποσὸν
2845 3020 2933 3072 τῆς
2978 3011 3025 3063 ἐν
3070 3013 3273 3083 ἑκάστῳ
3309 3007 3668 3076 δικαιοσύνης,
3700 3012 3748 3061 οὶ
3790 3006 3867 3080 δε,

511 3103 880 3168 nerationem,
911 3117 1040 3173 quas
1064 3099 1397 3155 secundum
1416 3099 1684 3156 habitam
1714 3100 1968 3171 gratiam
1990 3101 2167 3159 datur

511 3192 604 3248 bis
634 3193 735 3266 qui
755 3208 827 3248 ex
845 3207 910 3246 se
938 3191 1016 3246 ad
1047 3193 1230 3246 Deum
1257 3189 1478 3244 bonum
1505 3189 1794 3245 accedunt
1818 3191 1953 3263 (oo).
1974 3193 2060 3263 ﬁ-
2084 3195 2167 3248 Ex

509 3280 602 3337 bis
644 3286 902 3353 quatuor
929 3278 1156 3336 tertium
1188 3285 1244 3334 et
1272 3283 1547 3349 quartum
1578 3294 1827 3351 regnum
1862 3280 1959 3336 Dei
1987 3281 2164 3338 etiam

511 3369 838 3442 appellant.

582 3461 696 3514 Hoc
720 3457 865 3514 dixit
889 3472 964 3513 ne
986 3461 1157 3530 putes
1184 3456 1407 3530 ubique
1439 3457 1748 3529 pulchram
1776 3472 1905 3514 esse
1934 3474 2161 3531 pacem.

509 3547 805 3606 Justitiam
836 3552 1036 3601 autem
1063 3546 1157 3601 hic
1190 3546 1591 3602 universaliter
1616 3561 1858 3602 omnem
1887 3547 2166 3602 virtutem

510 3635 862 3692 nominavit.
892 3633 1117 3699 Quodsi
1147 3633 1327 3704 hujus
1357 3649 1600 3705 quoque
1627 3634 1842 3703 egregii
1886 3634 2168 3691 facinoris

511 3723 829 3796 praemium
855 3721 1060 3794 posuit
1083 3736 1334 3791 regnum
1364 3721 1649 3777 caelorum
1677 3738 1690 3776 :
1717 3737 1791 3777 ne
1820 3722 1870 3778 is
1900 3723 2170 3794 indigne-

511 3811 794 3883 ris,quasi
812 3811 1118 3882 prmmium
1130 3809 1387 3864 alienum
1404 3809 2166 3883 sumentibus.0uanquam

513 3900 674 3956 enim
719 3899 895 3955 variae
939 3897 1211 3953 videntur
1253 3901 1510 3970 acceptas
1561 3899 1680 3970 (pp)
1730 3899 2164 3967 retributiones,

513 3993 759 4061 propter
771 3987 1083 4042 nominum
1100 3987 1458 4054 varietatem,
1475 4003 1688 4044 omnes
1704 3995 1902 4045 tamen
1917 4005 2164 4062 regnum

517 4075 796 4132 ccelorum
825 4074 1160 4144 designant.
1194 4075 1499 4148 Siquidem
1524 4092 1733 4133 omnes
1757 4077 1861 4150 qui
1889 4078 1980 4134 his
2001 4081 2166 4152 digni

515 4164 806 4222 habentur
849 4164 1356 4234 retributionibus,
1395 4181 1580 4236 regno
1609 4182 1846 4240 quoque
1879 4169 2164 4228 caelorum

519 4254 816 4321 fruuntur,
843 4255 975 4312 ideo
1004 4255 1182 4312 etiam
1213 4269 1420 4312 omnes
1443 4254 1603 4312 beati
1634 4255 1769 4311 dicti
1803 4263 1956 4316 sunt.

588 4437 630 4506 +
675 4437 799 4492 Non
851 4434 960 4491 soli
1001 4439 1289 4506 martyres
1325 4436 1795 4508 persecutionem
1849 4437 2162 4505 sustinent,

591 4613 640 4650 ⁸⁸
666 4613 834 4671 Hebr.
869 4615 969 4684 xu,
1002 4615 1086 4668 14.

2274 3107 2369 3160 τὴν
2406 3103 2540 3153 κατὰ
2577 3104 2738 3175 χάριν
2783 3098 3067 3173 μετάδοσιν
3113 3110 3211 3152 τῶν
3265 3103 3495 3172 φυσίκῶς
3543 3099 3659 3169 (33)
3701 3117 3873 3173 προσ-

2276 3196 2433 3243 όντων
2482 3198 2553 3260 τῷ
2603 3198 2716 3260 Θεῷ
2771 3191 2976 3261 ἀγαθῶν
3023 3191 3164 3261 (34).
3208 3196 3320 3241 Τῶν
3367 3191 3635 3262 τεσσάρων
3685 3183 3762 3258 δὲ,
3813 3192 3871 3239 τό

2275 3285 2448 3353 τρίτον
2476 3284 2564 3332 καὶ
2593 3283 2649 3332 τὸ
2706 3284 2968 3355 τέταρτον,
3007 3284 3095 3331 καὶ
3150 3278 3422 3351 βασιλείαν
3467 3285 3559 3330 τοῦ
3609 3285 3744 3330 Θεοῦ
3796 3277 3872 3329 λέο

2273 3389 2482 3440 νουσιν,

2345 3465 2509 3510 Τοῦτο
2552 3455 2705 3525 εἶπεν,
2767 3459 2849 3509 ἶνα
2906 3462 2976 3530 μὴ
3034 3461 3274 3529 νομίσῃς,
3331 3458 3410 3508 ὅτι
3456 3461 3733 3527 πανταχοῦ
3785 3475 3876 3506 κα-

2274 3546 2360 3599 λόν
2411 3548 2441 3604 ἡ
2498 3547 2695 3618 εἰρήνη.
2753 3549 3092 3604 Δικαιοσύνην
3162 3542 3220 3597 δε
3293 3553 3397 3600 νῦν¹
3466 3545 3581 3616 (35)
3650 3543 3872 3596 καθόλου

2275 3641 2448 3688 πᾶσαν
2503 3635 2688 3708 ἀρετὴν
2725 3636 3006 3707 ὠνόμασεν.
3070 3635 3210 3687 Ἐπεὶ
3273 3631 3331 3686 δὲ
3379 3638 3467 3685 καὶ
3537 3635 3724 3685 τούτου
3783 3640 3872 3685 τοῦ

2276 3727 2678 3799 κατορθώματος
2753 3724 2968 3776 ἔπαθλον
3034 3725 3226 3776 τέθεικε
3290 3727 3383 3780 τὴν
3439 3721 3712 3794 βασιλείαν
3776 3730 3873 3773 τῶν

2275 3815 2520 3888 οὐρανῶν,
2574 3818 2643 3885 μὴ
2716 3810 3054 3886 δυσχεράνης
3099 3811 3182 3863 ἐπὶ
3247 3819 3351 3871 τοῖς
3406 3810 3605 3863 ἀλλοῖον
3655 3815 3873 3882 ἔχουσιν

2275 3902 2509 3957 ἔπαθλον.
2555 3902 2614 3955 Εἰ
2655 3904 2755 3977 γὰρ
2806 3907 2894 3954 καὶ
2945 3898 3187 3973 διάφοροι
3231 3897 3478 3952 δοκοῦσιν
3529 3901 3582 3951 αἰ
3627 3901 3872 3973 ῥηθεῖσαι

2277 3992 2516 4066 ἀμοιϐαὶ,
2584 3988 2678 4044 διὰ
2756 3996 2848 4049 τὴν
2915 3991 3188 4064 ἑτερότητα
3262 3999 3360 4041 τῶν
3427 3988 3711 4061 ὀνομάτων,
3764 3986 3872 4039 ἀλλ’

2275 4081 2362 4135 οὖν
2420 4089 2584 4135 πᾶσαι
2632 4086 2726 4138 τὴν
2785 4079 3056 4151 βασιλείαν
3109 4088 3207 4130 τῶν
3260 4079 3486 4153 οὐρανῶν
3539 4079 3871 4130 αἰνίττονται.

2279 4175 2465 4232 Πάντες
2492 4173 2594 4243 γὰρ
2645 4172 2692 4222 οἱ
2722 4173 2916 4221 τούτων
2963 4167 3278 4240 ἀξιωθέντες,
3335 4172 3421 4220 καὶ
3453 4176 3548 4230 τῆς
3599 4165 3872 4240 βασιλείας

2275 4268 2373 4313 τῶν
2421 4259 2647 4334 οὐρανῶν
2689 4258 3011 4312 ἀπολαύουσι
3046 4276 3058 4288 ·
3118 4254 3204 4310 διὸ
3259 4262 3346 4310 καὶ
3396 4259 3575 4318 πάντες
3621 4258 3874 4330 μακάριοι

2200 4360 2245 4416 D
2277 4349 2556 4421 ὠνομάσθη
2567 4367 2682 4403 σαν.

2351 4437 2426 4490 Οὐ
2470 4441 2620 4510 μόνον
2674 4437 2787 4509 (36)
2843 4439 2891 4489 οἱ
2941 4438 3198 4512 μάρτυρες
3253 4433 3549 4502 διώκονται,
3606 4433 3734 4488 ἀλλὰ
3781 4439 3872 4488 καὶ

1751 4737 1976 4810 νεικείω
2002 4736 2334 4814 lectiones
2373 4753 2438 4812 et
2464 4749 2644 4813 notae

620 5021 709 5097 32)
740 5021 969 5081 Inclusa
984 5021 1182 5097 codex
1202 5029 1458 5097 uterque
1474 5023 1660 5097 habet
1682 5021 1743 5097 in
1771 5025 2058 5096 margine.

621 5094 708 5170 33)
740 5097 1126 5170 Vehementer
1153 5094 1451 5170 discrepat
1475 5094 1823 5160 Hentenius,
1868 5094 1967 5170 qui
2005 5096 2172 5154 haud

621 4881 708 4954 30)
734 4880 815 4938 Ex
842 4875 1103 4953 Theoph.
1134 4898 1194 4955 p.
1228 4882 1296 4939 26
1322 4883 1382 4938 E.

620 4953 678 5010 3t
741 4953 1152 5082 Theophylddp.
1183 4958 1248 5009 27
1279 4955 1345 5010 A.

620 5029 686 5083 32
740 5025 1024 5081 Inclusac
1109 5041 1178 5081 ex
1209 5029 1380 5097 uterq

621 5101 684 5154 33
740 5097 1126 5168 Vehementer
1153 5096 1382 5168 discrep

525 5163 706 5226 dubié
730 5172 1048 5242 προσιόντων
1073 5167 1233 5239 legit.

620 4953 712 5169 3t;
741 4953 1152 5082 Theophylddpl
1183 4958 1248 5009 27
1279 4955 1345 5010 A.

620 5029 686 5083 32
740 5025 1024 5081 Inclusac
1109 5041 1178 5081 ex
1209 5029 1345 5082 uteri

621 5101 684 5154 33
740 5097 1126 5169 Vehementer
1153 5096 1344 5169 discre

595 5310 682 5389 (ll)
710 5311 975 5389 Brevem.
1002 5311 1286 5389 Deterius.

620 5385 752 5456 mm)
767 5385 882 5456 iAd
907 5385 1110 5440 Deum.
1145 5383 1266 5456 Dei.

621 5449 1001 5528 n12)'Specie1_n
1020 5485 1090 5495 ——
1115 5450 1398 5528 vitienisl
1409 5449 1713 5528 maginem
1725 5451 1939 5528 divina
1962 5453 2172 5512 formasI

527 5521 732 5609 eorum
758 5521 1217 5607 quihab'uerunt
1239 5521 1564 5593 imaginem
1591 5523 1861 5606 caelestis.
1889 5527 2024 5609 Sine
2055 5528 2176 5583 ullo

527 5598 712 5655 dubio
743 5598 809 5653 ﬁt
839 5597 1051 5653 allusio
1079 5594 1157 5651 ad
1185 5594 1208 5647 Ι
1238 5595 1367 5649 Cor.
1405 5611 1501 5655 xv,
1530 5595 1618 5651 49.
1652 5599 1830 5655 Igitur
1857 5597 2071 5654 dubito
2101 5598 2177 5654 de

527 5611 712 5655 dumo
743 5611 809 5653 nt
839 5611 1051 5653 aliusio
1079 5611 1157 5651 aa
1185 5611 1208 5647 1
1238 5611 1367 5649 uor.
1405 5611 1501 5661 xv,
1530 5611 1618 5651 es.
1652 5611 1830 5667 Igitur
1857 5611 2071 5654 dubito
2101 5611 2174 5654 de

526 5667 876 5742 integritate
905 5665 1193 5742 lectionis.
1242 5665 1357 5742 Aut
1408 5666 1568 5742 enim
1630 5672 1947 5742 φρρςσόντων
1981 5670 2174 5742 Ῑοεθης

529 5736 698 5811 dum,
731 5743 837 5799 aut
862 5737 996 5798 loco
1033 5736 1341 5816 ἐπουρανίου
1373 5736 1792 5813 corrigendum
1817 5736 2177 5814 xoixoofSed

2348 4885 2460 4957 (34)
2500 4885 2588 4942 Ab
2618 4893 2716 4938 τῶν
2746 4884 2823 4940 ad
2839 4884 3082 4957 λέγουσιν
3113 4882 3328 4941 omittit
3358 4880 3709 4940 Hentenius.

2371 4955 2464 5022 35)
2505 4964 2632 5022 Νῦν,
2661 4955 2911 5013 omittit.
2927 4960 2994 5010 Α.

2371 4963 2434 5014 35
2505 4964 2632 5022 Νῦν,
2661 4959 2895 5013 omittit.
2927 4960 2994 5010 Α.

2348 4959 2464 5111 ὶζίβ)
2502 5031 2634 5111 Hine
2660 5028 2724 5111 in
2753 5028 3022 5111 margine
3045 5026 3272 5111 gedicis
3297 5026 3513 5111 reperit
3533 5023 3876 5111 Hienten‘iu's.

2278 5096 2381 5158 Mei
2409 5096 2523 5158 hoc
2549 5098 2768 5157 scholio
2799 5096 3024 5157 carent.
3054 5096 3471 5170 Theophylacti
3501 5101 3606 5163 est,
3636 5112 3696 5170 p.
3727 5099 3793 5153 27
3814 5098 3877 5153 Β.

2281 5314 2439 5397 istud
2477 5313 2705 5372 facilius
2729 5317 2836 5372 est.
2870 5312 3190 5370 Hentenius
3214 5311 3343 5370 haec
3373 5326 3622 5386 prorsus
3649 5311 3884 5385 praeter-

2283 5391 2476 5531 φιῗὲἓ)
2499 5456 3042 5531 Remungrationem
3062 5485 3126 5498 -
3142 5455 3446 5531 accedunt.
3469 5453 3883 5512 Communica.

2284 5528 2530 5602 tionem,
2545 5544 2679 5601 quae
2699 5528 2765 5584 ﬁt
2780 5544 2880 5602 per
2896 5528 3170 5602 gratiam,
3185 5543 3393 5586 eorum
3413 5529 3882 5598 bonorumque;

2288 5600 2444 5657 Deus
2471 5600 2580 5657 per
2595 5600 2872 5657 naturam
2909 5600 3116 5657 habet.

2358 5671 2486 5745 (pp)
2512 5673 2799 5744 Accepta.
2830 5674 3182 5732 Memoratts.
