4170 6442
212 395 322 455 19⁸7

1218 386 1572 453 COMMENT.
1614 396 1684 451 IN
1723 384 2175 455 MATTHEUM.
2216 429 2285 438 —
2325 396 2481 455 CAP.
2514 396 2581 457 ν.

3473 399 3576 457 198

217 523 408 577 πολλοὶ
468 524 629 576 ἕνεκεν
687 528 779 575 τοῦ
847 520 1058 594 βοηθεῖν
1119 528 1229 582 τοῖς
1298 518 1681 595 ἀδικουμένοις,
1737 527 1824 575 καὶ

1943 523 2035 580 sed
2058 523 2295 595 plurimi
2323 540 2565 597 quoque
2589 525 2709 593 alii,
2738 527 2882 598 quia
2922 526 3041 582 illis
3064 530 3201 583 sunt
3238 526 3456 583 auxilio
3477 525 3583 598 qni

220 615 406 673 πάσης
461 611 634 673 ἁπλῶς
681 611 887 683 ἀρετῆς.
920 614 1235 669 Δικαιοσύνη
1280 613 1403 685 γὰρ,
1450 614 1479 670 ἠ
1535 619 1682 664 πᾶσα
1711 610 1822 687 ἀρε-

221 706 315 760 τή.
354 701 493 755 Ἐπεὶ
540 705 630 753 καὶ
674 700 889 753 κλέπται
944 704 1035 753 καὶ
1081 707 1242 772 φονεῖς
1293 696 1570 754 διώκονται
1628 700 1733 753 ἀλλ’
1765 701 1823 753 οὐ

221 792 493 866 μακάριοι.

294 968 565 1042 Μακάριοι
620 996 686 1006 -
738 965 899 1019 ἕνεκεν
956 965 1101 1039 ἰμοῦ.
1163 965 1274 1020 Ἰνα
1330 966 1443 1039 (37)
1500 971 1572 1039 μὴ
1636 967 1825 1021 ὑπολά·

218 1055 340 1130 ϐης,
400 1057 482 1109 ὅτι
529 1058 590 1108 τὸ
640 1054 814 1118 ἁπλῶς
859 1063 1100 1131 πονηροῖς
1141 1056 1346 1130 ῥήμασι
1394 1054 1681 1129 βάλλεσθαι
1723 1077 1826 1129 μα-

216 1149 426 1219 κάριον,
460 1142 560 1198 δύο
606 1146 897 1218 προσέθηκε
942 1142 1268 1219 διορισμοὺς,
1319 1148 1397 1217 τὸ,
1451 1141 1623 1216 ψευδῆ
1657 1148 1722 1197 τὰ
1750 1144 1826 1197 λε-

215 1240 420 1309 γόμενα
459 1231 611 1301 εἶναι,
670 1239 758 1286 καὶ
809 1231 903 1287 διὰ
935 1237 1021 1287 τὸν
1068 1238 1296 1307 Χριστὸν
1341 1241 1505 1287 ταῦτα
1548 1234 1818 1306 λέγεσθαι.

222 1325 289 1377 Εἰ
319 1327 423 1396 γὰρ
475 1328 547 1395 μή
598 1330 763 1395 ταῦτα
804 1324 968 1385 οὕτως
1010 1327 1142 1395 ἔχει,
1175 1323 1364 1396 μᾶλλον
1418 1323 1595 1385 ἄθλιος
1648 1325 1674 1375 ό
1730 1342 1825 1375 κα-

224 1422 332 1473 κῶς
358 1411 602 1467 -ἀκούων,
653 1417 716 1465 Τί
771 1420 871 1465 τῶν
923 1414 1180 1487 ῥηθεισῶν
1235 1416 1429 1465 τούτων
1477 1416 1825 1487 παραινέσεων

227 1498 649 1576 παραδοξότερον
699 1502 885 1573 γένοιτ’
943 1501 1024 1569 ἃν,
1085 1503 1207 1554 ὅταν
1281 1505 1347 1555 τὰ
1424 1508 1553 1554 πᾶσι
1610 1503 1823 1574 φευκτὰ,

225 1595 365 1643 πᾶσι
414 1592 625 1644 ποθεινὰ
673 1596 904 1662 γίνηται,
952 1587 1046 1644 διὰ
1090 1595 1185 1650 τήν
1232 1599 1333 1644 τῶν
1389 1590 1621 1643 ἐπάθλων
1668 1610 1826 1663 μεγα-

224 1679 470 1739 λειότητα
501 1696 514 1747 ;
546 1679 604 1733 Ὁ
650 1676 709 1733 δὲ
754 1684 841 1733 καί
868 1683 1106 1755 φορτικὰ,
1155 1685 1246 1733 καὶ
1292 1678 1497 1733 έναντία
1544 1688 1607 1754 τῇ
1664 1684 1827 1755 μέχρι

225 1774 343 1822 τότε
396 1771 647 1842 συνηθείᾳ
700 1778 801 1821 τῶν
848 1768 1126 1845 ἀνθρώπων
1176 1767 1525 1843 δογματίσας,
1562 1770 1698 1842 ὅμως
1736 1773 1828 1821 καὶ

225 1861 419 1929 ἔπεισε,
450 1864 540 1912 καὶ
568 1861 736 1912 πείθει
763 1856 963 1932 σχεδὸν
996 1866 1167 1912 πᾶσαν
1201 1863 1296 1918 τὴν
1322 1859 1645 1932 οἰκουμένην.

1932 606 2274 664 afﬁciuntur
2300 608 2540 679 injuria,
2580 613 2639 665 et
2678 610 3083 667 universaliter
3112 618 3347 682 propter
3374 625 3585 683 quam-

1933 707 2165 765 cunque
2205 694 2503 751 virtutem.
2549 695 2781 753 Justitia
2822 697 3119 769 siquidem
3168 697 3363 754 omnis
3398 697 3585 753 virtus

1932 786 2041 837 est.
2087 785 2263 839 Fures
2300 799 2441 840 vero
2471 785 2648 841 etiam
2681 785 2996 842 homicidae
3036 787 3444 859 perfectionem
3482 801 3588 859 pa‘

1934 870 2147 927 tientur
2176 888 2298 928 non
2327 878 2528 930 tamen
2556 873 2715 931 beati
2752 874 3049 932 dicuntur.

2004 960 2168 1016 Vera.
2209 962 2297 1017 11.
2330 962 2499 1019 Beati
2522 992 2584 1005 —
2607 969 2847 1034 propter
2884 981 2988 1020 me.
3022 964 3110 1019 Ad
3141 964 3447 1037 apostolos
3479 964 3585 1037 qui

1933 1048 2203 1117 aderant,
2243 1066 2582 1109 sermonem
2621 1052 2836 1124 dirigit,
2880 1053 3199 1111 ostendens
3237 1053 3585 1110 doctoribus

1933 1138 2239 1211 proprium
2265 1156 2395 1196 esse
2433 1140 2668 1213 probris
2706 1140 2881 1198 afﬁci.
2925 1146 3004 1199 Ne
3034 1148 3235 1199 autem
3274 1142 3585 1214 suspiceris

1934 1227 2093 1299 quod
2114 1228 2453 1300 simpliciter
2468 1230 2665 1286 verbis
2689 1231 2863 1287 malis
2889 1232 3094 1305 impeti
3122 1232 3196 1288 sit
3214 1231 3480 1297 beatum,
3501 1231 3586 1287 id-

1933 1317 2089 1372 circo
2119 1317 2365 1387 addidit,
2396 1334 2529 1390 quae
2556 1319 2733 1391 plane
2762 1320 3206 1377 distinctionem
3225 1321 3472 1386 faciunt,
3505 1321 3587 1376 vi-

1932 1404 2144 1461 delicet
2176 1410 2241 1462 ut
2274 1422 2405 1479 qum
2432 1408 2709 1464 dicuntur
2746 1409 3057 1465 mendacia
3087 1410 3222 1479 sint,
3256 1416 3312 1465 et
3344 1415 3585 1482 propter

1936 1493 2231 1551 Christum
2257 1510 2327 1551 ea
2348 1496 2642 1553 dicantur.
2669 1498 2889 1562 Quodsi
2906 1499 3033 1554 hmo
3052 1514 3172 1554 non
3188 1500 3266 1555 ita
3283 1514 3343 1553 se
3361 1498 3588 1555 habent

1935 1584 2118 1640 miser
2155 1584 2356 1657 potius
2387 1591 2475 1642 est
2504 1586 2609 1658 qui
2640 1586 2793 1643 male
2823 1586 3015 1657 audit,
3048 1592 3251 1660 utpote
3288 1586 3583 1659 plurimos

1935 1673 2057 1728 suis
2078 1672 2250 1729 malis
2268 1675 2545 1746 operibus
2567 1674 2895 1731 offendens.
2917 1676 3069 1742 Quid
3100 1692 3243 1747 ergo
3264 1676 3355 1731 his
3382 1676 3590 1732 admo-

1934 1762 2251 1819 nitionibus
2272 1764 2602 1819 mirabilius
2623 1780 2749 1820 esse
2776 1768 3013 1837 potest?
3036 1766 3262 1822 utinam
3278 1781 3421 1821 vero
3451 1782 3586 1837 qum

1857 1855 1903 1911 Β
1935 1852 2014 1907 ab
2055 1852 2333 1907 omnibus
2376 1853 2691 1918 evitantur,
2752 1869 3117 1925 prremorum
3176 1854 3587 1926 magnitudine

224 1947 375 2005 ﬁant
403 1948 689 2005 omnibus
711 1948 1128 2005 desiderabilia
1160 1949 1278 2020 (qq)
1304 1952 1451 2005 Nam
1468 1948 1571 2020 qui
1595 1948 1801 2018 gravia
1822 1960 1892 2002 ac
1905 1941 2157 1998 molesta
2182 1946 2239 1997 et
2266 1941 2585 1997 hominum
2608 1942 3025 1999 consuetudini
3050 1943 3128 2000 ad
3144 1944 3204 2000 id
3235 1959 3426 2016 usque
3444 1948 3589 2000 tem-

226 2038 393 2109 poris
424 2038 722 2094 contraria
749 2036 1102 2108 pracripsit,
1134 2038 1426 2107 persuasit
1458 2043 1659 2093 tamen
1690 2041 1747 2093 et
1774 2030 2094 2108 persuadet
2118 2029 2399 2086 universo
2424 2029 2543 2086 fere
2572 2032 2713 2087 orbi.

300 2132 523 2202 Χαίρετε
578 2156 648 2167 -
704 2125 961 2199 οὐρανοῖς.
1041 2127 1257 2197 Χαίρετε
1326 2130 1416 2178 καὶ
1491 2125 1823 2197 ἀγαλλιᾶσθε,

229 2218 416 2276 πάντες
454 2217 504 2267 οἱ
556 2209 949 2285 ὀνειδιζόμενοι,
1009 2217 1099 2264 καί
1148 2209 1476 2285 διωκόμενοι,
1514 2219 1603 2266 καὶ
1657 2223 1830 2276 κακῶς

233 2303 529 2372 ἀκούοντες,
561 2306 625 2363 ὡς
663 2306 886 2377 εἴρηται.
938 2301 1104 2355 Εἰπὼν
1150 2299 1228 2367 δὲ,
1262 2304 1344 2355 ὅτι
1384 2304 1409 2354 ὁ
1458 2305 1658 2365 Μισθὸς
1688 2305 1828 2376 ὑμῶν

227 2392 389 2455 πολὺς
436 2391 487 2443 έν
533 2398 643 2453 τοῖς
690 2391 749 2443 οὐ
800 2398 957 2462 ανοῖς,
1014 2389 1247 2463 ἐπήγαγε
1296 2396 1385 2444 καὶ
1437 2392 1609 2465 ἑτέραν
1659 2395 1828 2467 παρά-

225 2481 323 2539 κλη
331 2500 437 2536 σιν.

297 2572 339 2640 -ι-
374 2573 443 2623 Τὸ
477 2572 580 2641 γὰρ
781 2570 1054 2641 ὑπομεῖναι
1085 2564 1300 2635 ὄνειδος,
1348 2573 1484 2641 μέγα
1530 2574 1620 2622 καὶ
1671 2569 1830 2642 χαλε-

224 2665 483 2713 πώτατον.
518 2662 606 2710 Διὸ
634 2662 725 2709 καὶ
762 2659 786 2709 ό
826 2657 959 2725 Ἰὼϐ,
1000 2661 1116 2718 τοὺς
1158 2657 1342 2719 ἄλλους
1384 2659 1660 2730 ὑπομείνας
1709 2677 1828 2711 πει-

226 2752 480 2823 ρασμοὺς,
511 2752 630 2800 τότε
672 2746 903 2818 μάλιστα
932 2747 1229 2820 ἐταράχθη,
1262 2749 1344 2800 ὅτε
1374 2744 1642 2808 ὠνείδιζον
1684 2747 1826 2817 αὐτῷ

228 2839 277 2890 οἱ
308 2837 463 2909 φίλοι,
489 2838 559 2898 ὡς
584 2833 659 2889 δι’
685 2836 945 2911 ἁμαρτίας
971 2838 1258 2908 πάσχοντι.

306 3012 456 3064 Οὕτω
482 3044 548 3055 -—
578 3016 700 3075 τοὺς
729 3016 828 3089 πρὸ
859 3014 1021 3086 ὑμῶν.
1056 3014 1312 3067 Ἐντεῦθεν
1356 3016 1587 3088 φανερὸν,
1621 3014 1701 3065 ὅτι
1744 3017 1822 3066 τό·

232 3103 497 3176 Μακάριοί
527 3100 663 3167 ἐστε,
710 3107 798 3155 καὶ
826 3103 891 3155 τά
928 3103 1063 3169 ἑξῆς,
1098 3099 1246 3165 ἰδίως
1290 3106 1421 3175 πρὸς
1449 3106 1563 3163 τοὺς
1594 3105 1828 3174 μαθητὰς

2012 2121 2169 2175 Vers.
2206 2120 2293 2175 t2.
2330 2118 2596 2176 Gaudete
2621 2150 2689 2159 —
2717 2121 2895 2179 caelis.
2932 2121 3192 2179 Gaudete
3230 2126 3287 2179 et
3331 2122 3586 2179 exultate

1936 2208 2143 2279 spiritu
2171 2208 2538 2280 quicumque
2564 2208 2758 2280 proba
2778 2226 2847 2267 ac
2869 2212 3312 2282 persecutiones
3340 2211 3586 2267 sustine-

1936 2298 2008 2351 tis
2038 2300 2095 2353 et
2133 2298 2319 2352 modo
2353 2314 2463 2369 quo
2498 2297 2726 2353 dictum
2770 2304 2858 2355 est
2894 2299 3048 2355 male
3075 2300 3314 2356 auditis.
3374 2300 3588 2355 Dicens

1938 2390 2136 2443 autem
2164 2386 2402 2442 :Merces
2428 2392 2623 2443 vestra
2653 2387 2836 2443 multa
2861 2390 3022 2445 estin
3046 2390 3207 2446 cretis
3238 2388 3419 2445 aliam
3441 2404 3586 2461 quo-

1937 2490 2054 2547 que
2084 2474 2547 2531 consolationem
2578 2475 2828 2531 induxit.

2007 2564 2050 2633 ει-
2074 2564 2225 2618 Nam
2247 2563 2574 2635 opprobria
2592 2564 2885 2620 sustinere
2923 2580 3211 2637 magnum
3236 2570 3343 2632 est,
3367 2569 3423 2621 et
3459 2582 3588 2637 gra-

1935 2665 2007 2706 ve
2038 2650 2383 2707 admodum.
2412 2652 2573 2707 Unde
2603 2659 2659 2707 et
2676 2652 2785 2708 Job
2806 2658 3121 2725 postquam
3147 2654 3293 2711 alias
3320 2654 3588 2710 tentatio-

1936 2754 2043 2795 nes
2092 2742 2383 2811 patienter
2430 2740 2793 2808 toleraverat,
2829 2747 2962 2799 tanc
3011 2744 3269 2800 maxime
3317 2743 3587 2799 turbatus

1934 2834 2046 2892 est.
2071 2828 2319 2900 quando
2344 2828 2423 2885 ab
2442 2830 2650 2885 amicis
2676 2831 3015 2902 opprobriis
3041 2831 3436 2899 afﬁciebatur,
3464 2838 3586 2888 tan-

1933 2933 2119 2991 quam
2148 2922 2386 2990 propter
2416 2922 2659 2989 peccata
2685 2935 2795 2975 sua
2825 2925 3144 2992 pateretur.

2007 3005 2173 3061 Vers.
2206 3008 2292 3062 12.
2324 3006 2421 3063 Ita
2449 3037 2512 3048 —
2538 3023 2641 3079 qui
2678 3024 2778 3065 vos
2805 3017 3244 3079 praecesserunt.
3292 3011 3433 3067 Hinc
3462 3026 3588 3067 ma-

1934 3093 2213 3151 nifestum
2239 3100 2326 3151 est
2345 3095 2509 3168 quod
2532 3096 2704 3153 illud:
2737 3098 2898 3155 Beati
2909 3101 3068 3163 estis,
3087 3106 3221 3166 etc.,
3243 3100 3481 3172 proprie
3509 3099 3588 3156 ad

231 3192 425 3263 εἴρηκε,
474 3188 569 3243 διὰ
610 3195 772 3264 μέσου
824 3188 882 3244 δε
914 3192 1101 3257 αὐτῶν,
1150 3196 1241 3243 καὶ
1276 3195 1405 3265 πρὸς
1434 3191 1682 3258 ἅπαντας,
1714 3193 1828 3243 ὅσοι

1943 3182 2263 3255 discipulos
2293 3184 2521 3251 dixerit,
2564 3190 2621 3241 et
2643 3186 2791 3258 ipsis
2835 3170 3262 3255 mediantibus,
3303 3170 3480 3245 etiam
3512 3190 3586 3245 ad

233 3280 479 3352 μέλλουσι
518 3282 796 3352 μιμεῖσθαι
841 3284 959 3340 τοὺς
1010 3281 1251 3352 μαθητὰς
1302 3280 1487 3335 αὐτοῦ.
1537 3281 1687 3333 Οὗτω
1726 3282 1828 3352 γὰρ

232 3365 474 3434 ἐδίωξαν,
509 3373 661 3439 φησὶ,
692 3372 813 3429 τοὺς
864 3373 1135 3442 προφήτας
1184 3372 1302 3429 τοὺς
1351 3372 1453 3442 πρὸ
1508 3370 1675 3441 ὑμῶν.
1718 3375 1833 3430 Πῶς

236 3457 394 3516 οὕτως
442 3472 456 3521 ;
513 3451 887 3516 Ὀνειδίζοντες
941 3452 1203 3525 δηλονότι,
1254 3460 1341 3507 καὶ
1397 3452 1693 3521 διώκοντες,
1743 3461 1832 3510 καὶ

235 3543 469 3615 λέγοντες
515 3551 613 3595 πᾶν
659 3547 882 3617 πονηρόν
929 3545 1074 3619 ῥῆμα
1117 3545 1230 3617 (39)
1276 3545 1391 3597 κατ’
1437 3545 1603 3597 αὐτῶν
1631 3542 1832 3616 ψευδό-

232 3652 399 3706 μενοι,
424 3634 585 3686 ἕνεκεν
620 3640 712 3685 τοῦ
760 3640 912 3688 Θεοῦ.
946 3632 1143 3707 Ὠσπερ
1196 3636 1297 3708 γὰρ
1355 3635 1502 3706 ὑμεῖς
1556 3635 1677 3708 παρ’
1707 3634 1832 3708 ἐμοῦ

232 3720 688 3789 ἀποσταλήσεσθε,
738 3722 1067 3796 κηρύξοντες,
1118 3724 1219 3775 ὅσα
1273 3721 1567 3796 ἐντελοῦμαι
1622 3740 1634 3753 ο
1696 3724 1832 3776 οὕτω

231 3808 299 3870 δὴ
331 3810 559 3864 κάκεῖνοι
587 3814 733 3886 παρὰ
782 3819 875 3864 τοῦ
933 3819 1066 3864 Θεοῦ
1114 3811 1502 3869 ἀπεστάλησαν.
1538 3812 1705 3865 Εἰπὼν
1748 3810 1827 3880 δὲ,

232 3901 313 3951 ὅτι
341 3904 470 3962 Τοὺς
509 3905 780 3973 προφήτας
821 3905 944 3955 τοὺς
984 3905 1085 3975 πρὸ
1118 3902 1280 3973 ὑμῶν,
1326 3901 1578 3973 ἐνέφηνεν,
1609 3904 1689 3954 ὅτι
1741 3907 1832 3955 καὶ

233 3987 375 4040 οὗτοι
404 3992 876 4062 προφητεύσουσιν.
942 3988 1051 4061 [Εἰ
1096 3990 1209 4061 (40)
1254 3994 1423 4042 τοίνυν
1476 3988 1688 4053 ἐκείνοις
1738 3990 1832 4043 οὐκ

236 4072 297 4135 ἦν
321 4076 587 4148 ἐπίψογον,
617 4081 674 4130 τὸ
705 4080 933 4148 πάσχειν
963 4074 1057 4130 διὰ
1095 4081 1245 4147 Θεὸν,
1276 4080 1477 4140 πάντως
1506 4075 1624 4131 οὐδ’
1661 4078 1832 4153 ὑμῖν.]

232 4165 383 4218 Οὕτω
439 4173 543 4226 τοῖς
598 4172 889 4239 προφήταις
935 4172 1247 4239 παρισώσας
1294 4167 1500 4234 αὐτοὺς,
1552 4165 1831 4227 ἀνέστησεν

230 4254 399 4307 αὐτῶν
428 4256 497 4307 τὰ
527 4260 843 4330 φρονήματα.

303 4343 456 4396 Βλέπε
498 4340 578 4411 δε,
610 4346 738 4416 μετὰ
780 4348 947 4405 πόσας
991 4343 1192 4406 ἐντολὰς
1239 4349 1325 4398 τὸν
1360 4349 1694 4420 μακαρισμὸν
1739 4353 1831 4400 τοῦ

230 4429 472 4505 διωγμοῦ
526 4441 619 4485 τοῦ
656 4433 814 4487 ἕνεκεν
870 4431 1229 4503 δικαιοσύνης,
1285 4440 1375 4487 καὶ
1426 4438 1511 4487 τὸν
1564 4442 1655 4488 τοῦ
1705 4433 1833 4487 ὀνει-

1937 3287 2167 3340 omnes,
2186 3273 2283 3345 qui
2295 3273 2622 3346 discipulos
2634 3291 2774 3331 suos
2786 3282 2985 3332 essent
3010 3276 3311 3333 imitatum.
3330 3279 3419 3334 Ita
3434 3278 3587 3335 enim

1937 3361 2141 3433 inquit,
2172 3364 2469 3432 persecuti
2489 3370 2627 3419 sunt
2652 3365 2998 3434 prophetas,
3029 3366 3128 3438 qui
3158 3381 3258 3422 vos
3282 3382 3590 3436 praecesse—

1940 3456 2102 3505 runt.
2120 3452 2247 3516 Quo
2276 3452 2458 3508 modo
2478 3452 2561 3508 ita
2576 3452 2603 3507 ?
2620 3454 2944 3525 opprobrio
2970 3454 3241 3511 videlicet
3269 3456 3591 3512 efﬁcientes

1940 3544 1998 3596 et
2026 3546 2450 3613 persequentes
2492 3546 2548 3598 et
2584 3543 2844 3599 dicentes
2872 3559 3050 3600 omne
3091 3544 3315 3601 malum
3342 3544 3591 3601 verbum

1939 3629 2301 3700 mentiendo,
2340 3637 2584 3705 propter
2632 3637 2838 3689 Deum.
2891 3634 3048 3691 Sicut
3094 3636 3254 3692 enim
3294 3652 3400 3692 vos
3436 3652 3471 3692 a
3509 3651 3592 3691 me

1941 3720 2255 3776 mittemini
2286 3722 2654 3793 praedicaturi
2695 3739 3066 3797 quaecunque
3104 3740 3461 3797 praecepero,
3512 3726 3594 3782 ita

1939 3812 1996 3865 et
2024 3809 2106 3864 illi
2133 3826 2169 3865 a
2198 3812 2317 3867 Deo
2347 3812 2511 3867 missi
2532 3817 2720 3869 erant.
2758 3814 2965 3869 Dicens
2991 3818 3193 3870 autem
3223 3831 3235 3869 :
3270 3814 3595 3886 Prophetas

1940 3900 2040 3971 qui
2080 3914 2173 3955 vos
2213 3905 2653 3971 praecesserunt,
2698 3902 3043 3960 manifestat
3086 3904 3253 3976 quod
3308 3904 3488 3960 etiam
3531 3902 3591 3958 hi

1940 3988 2403 4060 prophetabunt.
2441 3991 2497 4047 Si
2518 4006 2675 4061 ergo,
2698 3992 2911 4064 inquit,
2927 4008 3048 4050 non
3065 3999 3190 4050 erat
3218 3992 3330 4048 illis
3358 3990 3595 4049 indeco-

1938 4093 2073 4133 rum
2128 4080 2248 4151 pati
2305 4083 2539 4150 pr0pter
2594 4084 2801 4147 Deum,
2872 4097 3067 4154 neque
3115 4082 3367 4139 omnino
3402 4082 3591 4138 vobis.

1940 4167 2026 4222 lta
2050 4165 2356 4239 prophetis
2386 4182 2488 4223 eos
2527 4169 2928 4241 adaequando,
2961 4176 3189 4227 mentes
3217 4171 3402 4227 erexit
3433 4170 3594 4241 ipso-

1943 4269 2100 4310 tum.

2012 4343 2276 4399 Observa
2291 4348 2494 4402 autem
2518 4350 2654 4419 post
2670 4350 2817 4418 quot
2839 4351 3137 4419 praecepta
3167 4346 3432 4418 posuerit
3451 4345 3567 4403 bea
3582 4376 3600 4389 -

1939 4433 2253 4490 titudinem
2282 4434 2597 4491 tolerandae
2626 4436 3074 4508 persecutionis,
3105 4451 3241 4508 qua:
3270 4434 3337 4490 ﬁt
3356 4438 3600 4507 propter

231 4519 453 4595 δισμοῦ,
500 4527 589 4575 καὶ
644 4530 734 4584 τῆς
791 4521 1031 4588 διώξεως,
1084 4528 1173 4576 καὶ
1229 4533 1325 4585 τῆς
1380 4523 1694 4596 κακολογίας
1747 4528 1828 4577 τέ-

1943 4522 2247 4593 iustitiam,
2275 4527 2331 4580 et
2360 4539 2425 4579 ex
2438 4524 2997 4598 probrationis,quae
3025 4525 3092 4582 ﬁt
3112 4530 3352 4598 propter
3378 4541 3448 4582 ac
3469 4541 3598 4582 ma-

235 4613 395 4681 θεικε,
427 4608 620 4680 δηλῶν,
657 4614 735 4665 ὅτι
774 4618 883 4686 χρὴ
929 4614 1125 4674 πάσαις
1169 4621 1286 4675 ταῖς
1335 4613 1722 4688 προλαϐοῦσαις
1759 4612 1833 4665 ἐν-

230 4698 408 4762 τολαῖς
454 4704 907 4774 συγκεκροτῆσθαι
954 4705 1040 4755 τὸν
1091 4701 1157 4763 εἰς
1199 4705 1415 4764 τούτους
1469 4707 1584 4764 τοὺς
1631 4701 1834 4775 ἀγῶνας

231 4785 608 4863 ἀποδυόμενον.
642 4794 736 4845 Διά
787 4799 939 4845 τοῦτο
984 4794 1087 4867 γὰρ
1138 4796 1229 4844 καὶ
1280 4792 1423 4856 τάξει
1460 4797 1564 4846 τινὶ
1611 4794 1832 4866 χρησά-

230 4899 379 4956 μενος
422 4887 636 4957 χρὺσῆν
680 4884 805 4957 ἡμῖν
856 4884 1033 4958 σειρὰν
1083 4881 1289 4955 ὕφηνα.
1339 4881 1397 4936 Ὀ
1443 4884 1533 4957 μεν
1583 4884 1686 4959 γὰρ
1735 4900 1831 4936 τα-

1937 4611 1991 4668 le
2043 4612 2357 4680 dictorum,
2392 4614 2560 4686 quod
2598 4613 2882 4671 omnibus
2936 4614 3237 4688 praedictis
3277 4614 3597 4673 virtutibus

1938 4706 2210 4775 oporteat
2220 4702 2318 4776 adj
2330 4707 2498 4760 utum
2510 4719 2637 4761 esse
2651 4720 2790 4762 eum
2801 4705 2904 4778 qui
2918 4705 3046 4763 haec
3059 4705 3374 4763 certamina
3388 4720 3597 4777 aggre-

1939 4791 2285 4850 ditur.Nam
2312 4792 2450 4850 ideo
2470 4809 2713 4867 quoque
2741 4800 2896 4851 certo
2926 4812 3067 4852 usus
3089 4796 3320 4861 ordine,
3345 4810 3593 4853 auream

1939 4881 2112 4939 nobis
2142 4886 2418 4941 catenam
2464 4885 2794 4944 contexuit.
2830 4880 2943 4953 Qui
2963 4886 3126 4944 enim
3173 4885 3379 4945 animo
3398 4882 3598 4943 humi-

1450 5062 1671 5134 Variaa
1713 5061 2038 5133 lectiones
2078 5070 2146 5133 et
2172 5071 2379 5134 notae.

302 5254 414 5343 (37)
453 5260 598 5343 ante
620 5259 749 5343 haec
765 5276 837 5317 ex
856 5257 1181 5343 Theophyl.
1198 5276 1254 5343 ρ.
1270 5264 1337 5343 27
1371 5259 1419 5343 Ο⁵
1443 5259 1609 5343 addit
1633 5259 1825 5343 versio

228 5332 515 5417 Hentenii,
538 5347 674 5417 qum
694 5337 898 5417 tamen
920 5332 1036 5417 mei
1057 5332 1179 5417 non
1201 5332 1427 5417 habent
1449 5350 1467 5417 ε.
1484 5334 1623 5417 Πρὸς
1643 5336 1826 5417 πορόν-

228 5415 325 5477 τας
376 5408 490 5466 τοὺς
542 5401 859 5477 ἇποστόλονς
914 5402 1253 5477 ἀποτείνεται,
1304 5401 1540 5477 δεικνὺς,
1586 5406 1667 5477 ὅτι
1711 5401 1826 5477 ’μοί-

226 5472 384 5530 λιστα
424 5483 523 5528 τῶν
574 5472 911 5531 διδασκάλων
948 5473 1086 5530 ἴδιον
1116 5480 1174 5530 τὸ
1221 5472 1592 5540 ὅνειδίξεσθναι.
1625 5472 1736 5531 Ἵνα
1766 5472 1825 5530 δι

1940 5265 2013 5336 μὴ
2034 5281 2085 5319 κ.
2120 5281 2176 5320 τ.
2209 5262 2257 5317 λ.

1996 5334 2107 5407 (38)
2145 5331 2575 5407 Theophylact.
2616 5347 2675 5405 p.
2708 5333 2773 5389 27
2808 5334 2868 5391 C.

2032 5404 2121 5547 39g
2159 5404 2327 5478 Ῥῆμα
2347 5404 2572 5485 omittit
2604 5404 2672 5483 Β.

2032 5478 2097 5532 40
2125 5478 2395 5533 Olnclusa
2426 5479 2672 5533 omittiti

2031 5478 2395 5533 40)0[nclusa
2426 5478 2643 5533 omittit
2665 5480 2736 5533 Α.

304 5654 423 5728 (qq)
461 5651 1411 5730 Utinam—desiderabilia.Cum
1435 5672 1507 5716 ea
1544 5671 1682 5730 quae
1727 5654 2015 5715 omnibus
2053 5652 2331 5713 videntur
2377 5654 2673 5727 fugienda,
2728 5654 3013 5715 omnibus
3042 5653 3196 5714 ﬁunt
3241 5650 3597 5728 expetenda,

231 5727 475 5800 propter
502 5728 891 5801 praemiorum
910 5727 1407 5800 magnitudinem.
