4170 6472
3956 319 4075 374 200

583 454 656 511 lis
687 459 795 519 est,
851 453 1090 525 propria
1141 452 1364 521 lugebit
1420 457 1659 516 errata;
1693 452 1790 523 qui
1847 467 1988 506 vero
2043 450 2230 519 luget,

2344 453 2532 516 πεινὸς,
2579 454 2667 502 καὶ
2724 451 2789 502 τὰ
2834 448 2998 502 οἰκεῖα
3047 450 3292 508 πενθήσει
3348 448 3464 520 (41)
3514 451 4068 522 παραπτώματα·

583 544 763 600 etiam
819 543 973 597 mitis
1027 542 1178 596 erit:
1219 547 1274 596 et
1317 543 1414 611 qui
1471 545 1818 597 mansuetus
1875 547 1985 604 est,
2036 539 2233 609 justus

2344 539 2368 589 6
2420 535 2479 591 δὲ
2526 547 2692 590 ταῦτα
2738 541 2950 610 πενθῶν,
2993 544 3083 591 καὶ
3128 545 3290 613 πρᾶος
3329 541 3500 590 ἔσται·
3559 539 3584 589 6
3673 533 3766 588 δί
3836 543 4066 610 πρᾶος,

578 648 819 704 quoque
845 632 950 687 erit
988 631 1238 687 omnino
1267 647 1279 684 :
1304 631 1504 700 justus
1531 646 1687 694 vero,
1721 629 1899 684 etiam
1931 627 2236 684 miserebi-

577 726 684 776 tur.
729 721 826 776 His
877 724 1081 776 autem
1138 719 1422 774 omnibus
1476 735 1654 790 opere
1704 718 1995 790 perfectis,
2051 715 2231 772 etiam

574 810 842 866 mundus
898 812 1005 865 erit
1046 810 1247 874 corde,
1288 807 1419 864 talis
1473 824 1613 863 vero
1656 807 1943 878 paciﬁcus
1995 821 2234 879 quoque

573 903 711 967 erit;
743 900 840 969 qui
895 906 1094 955 autem
1147 899 1264 953 huc
1297 914 1485 970 usque
1519 897 1778 968 profecit,
1839 896 1916 952 ad
1969 896 2233 968 pericula

574 990 756 1047 etiam
783 988 1126 1051 exendetur,
1157 1004 1225 1043 ac
1256 993 1464 1042 caetera
1489 1003 1625 1058 quae
1647 991 1981 1056 sequuntur
2009 1001 2233 1055 magno

575 1079 781 1135 animo
829 1076 1119 1132 tolerabit.
1155 1076 1474 1146 Postquam
1526 1090 1669 1144 ergo
1715 1090 1853 1146 qua:
1891 1079 2234 1146 opportuna

587 328 692 386 199
1905 312 2254 379 EUTHYMII
2293 313 2623 378 ZIGABENI

2342 630 2546 688 πάντως
2577 631 2722 680 ἔσται
2758 635 2848 681 καὶ
2892 625 3115 688 δίκαιος·
3152 631 3177 680 6
3218 625 3276 680 δε
3308 625 3534 695 δίκαιος,
3579 631 3696 678 καὶ
3775 625 3934 684 ﬂet
3949 645 4060 678 σει·

2342 719 2369 768 6
2418 713 2475 769 δὲ
2528 726 2694 769 ταῦτα
2748 722 2917 770 πάντα
2972 720 3328 792 κατορθώσας,
3386 722 3474 768 καὶ
3543 715 3669 786 (42)
3757 718 4063 788 καθαρός

2343 809 2488 858 ἔσται
2544 814 2606 879 τῇ
2669 804 2882 879 καρδίᾳ·
2928 809 2952 858 ό
3002 803 3061 859 δε
3117 815 3367 871 τοιοῦτος,
3399 811 3486 857 καὶ
3545 805 4054 878 εἰρηνοποιόςοο

2343 891 2401 946 δε
2448 899 2613 968 μέχρι
2661 900 2847 948 τούτου
2879 895 3165 970 προκόψας,
3197 901 3287 947 καὶ
3336 898 3463 967 πρὸς
3510 890 3857 954 κινδύνους
3928 914 4048 946 πα-

2339 984 2641 1055 ρατάξεται,
2701 991 2790 1037 καὶ
2845 989 2911 1038 τὰ
2966 986 3077 1048 ἑξῆς
3133 986 3490 1042 ὑποστήσεται
3537 982 4044 1055 μεγαλοψύχως.

576 1172 744 1223 erant
783 1164 1114 1234 admonuit,
1155 1180 1364 1220 rursus
1428 1163 1709 1221 laudibus
1764 1179 1865 1219 eos
1897 1168 2121 1219 recreat
2150 1163 2234 1217 di-

577 1271 736 1312 cens.

650 1346 809 1399 Vers.
827 1345 916 1400 l3.
941 1345 1049 1399 Vos
1065 1373 1128 1384 --
1145 1351 1345 1400 terrm.
1362 1345 1597 1398 Terram
1617 1342 1712 1398 hic
1736 1341 2010 1397 homines
2027 1341 2231 1413 appel-

578 1431 737 1497 lavit,
767 1433 942 1504 quasi
968 1438 1176 1488 eterra
1206 1431 1517 1488 formatos.
1557 1433 1650 1486 Est
1676 1436 1874 1486 autem
1901 1435 2132 1486 tantum
2162 1445 2232 1486 ac

581 1522 630 1576 si
685 1520 951 1576 diceret:
992 1520 1276 1576 Homines
1330 1520 1390 1575 in
1438 1520 1696 1590 peccatis
1740 1519 2051 1590 putrefacti
2092 1522 2233 1574 sunt

578 1610 831 1680 corrupti
866 1609 944 1666 ab
974 1610 1226 1665 humore
1255 1607 1655 1664 aﬂ‘ectionum.
1699 1610 1812 1662 Vos
1855 1607 2033 1675 igitur
2058 1623 2094 1662 a
2139 1622 2231 1661 me

576 1698 742 1754 electi
761 1700 834 1755 ad
864 1699 1195 1757 curandam
1220 1698 1376 1753 hanc
1404 1698 1581 1753 totius
1605 1697 1814 1752 mundi
1836 1696 2228 1768 putredinem,

2340 1171 2448 1225 τοῖς
2470 1161 2764 1236 ἐγκωμίοις.

2411 1342 2574 1414 Ὑμεῖς
2631 1374 2700 1384 -
2765 1353 2881 1414 γῆς.
2951 1349 3050 1401 Γῆν
3139 1342 3382 1410 ἐνταῦθα,
3464 1346 3584 1403 τοὺς
3646 1340 4029 1416 ἀνθρώπους

2341 1429 2595 1498 ἐκάλεσεν,
2655 1435 2724 1494 ὡς
2763 1431 2816 1484 ἐκ
2865 1440 2959 1503 γῆς
3013 1432 3356 1492 πλασθέντας.
3401 1430 3468 1482 ⁸0
3515 1426 3574 1482 δε
3623 1430 3823 1504 λέγει,
3889 1452 4016 1485 τοι·

2340 1527 2491 1573 οῦτὸν
2549 1522 2710 1574 ἐστιν.
2773 1524 2840 1573 Oi
2896 1522 3159 1593 ἄνθρωποι
3234 1523 3414 1580 πάντες
3486 1525 3784 1577 σεσήπασι
3883 1529 4012 1582 ταῖς

2342 1610 2642 1682 ἁμαρτίαις,
2727 1607 3097 1683 διαφθαρέντας
3161 1612 3260 1661 ὑπὸ
3332 1617 3423 1669 τῆς
3493 1610 3810 1681 ὑγρότητος
3891 1620 4003 1662 τῶν

2343 1702 2537 1751 παθῶν·
2573 1701 2714 1771 ὑμεῖς
2749 1695 2857 1765 οὖν,
2901 1699 3183 1769 bar/hri;
3210 1699 3331 1773 παρ’
3377 1697 3501 1770 έμοῦ
3532 1702 3664 1771 πρὸς
3721 1699 4000 1771 ἰατρείαν

575 1789 715 1844 estis
739 1787 825 1844 sal
853 1793 1050 1843 terrae:
1073 1795 1312 1858 accepta
1346 1786 1559 1842 virtute
1584 1786 1661 1841 ad
1691 1784 2229 1853 constringendum

2345 1797 2436 1850 τῆς
2468 1793 2801 1860 παγκοσμέου
2847 1791 3042 1849 ταύτης
3075 1784 3378 1854 σηπεδόνος,
3408 1786 3524 1839 έστί
3561 1792 3620 1838 τὸ
3671 1787 3826 1850 ἅλας
3882 1798 3990 1840 τῶν

577 1878 740 1948 ipsos
769 1882 822 1931 et
854 1876 1306 1939 coarctandum,
1359 1881 1645 1946 prmterea
1675 1891 1745 1929 ac
1805 1873 2229 1939 occidendum,

576 1981 800 2020 vermes
830 1963 1182 2028 invisibiles,
1236 1963 1347 2018 hoc
1377 1969 1481 2028 est,
1513 1968 1574 2018 ut
1607 1979 1712 2034 per
1740 1962 1956 2018 bonam
1989 1961 2229 2030 famam,

577 2051 896 2109 rationales
925 2051 1172 2109 affectus
1200 2068 1234 2107 a
1265 2051 1428 2124 gravi
1459 2057 1837 2123 peccatorum
1883 2050 2062 2107 odore
2094 2050 2236 2106 libe-

578 2141 746 2199 retis.

651 2323 694 2393 +
737 2321 1040 2394 Prophetas
1081 2321 1158 2378 ad
1199 2337 1378 2379 unam
1432 2327 1668 2391 gentem
1719 2321 1881 2376 missi
1934 2328 2093 2385 sunt,
2135 2336 2238 2376 vos

581 2415 782 2466 autem
815 2410 902 2464 sal
933 2411 1074 2465 estis
1117 2410 1375 2465 universi
1407 2409 1594 2473 orbis,
1639 2425 1742 2480 per
1770 2409 2100 2464 doctrinam
2150 2424 2237 2464 ar-

583 2497 824 2568 guendo
855 2515 923 2554 ac
954 2497 1298 2565 sti-lugendo
1329 2497 1675 2560 dissolutos,
1708 2513 1779 2552 ne
1810 2502 2058 2552 aeternos
2098 2512 2239 2568 pro-

581 2587 808 2641 ducant
835 2602 1087 2641 vermes.
1114 2587 1242 2640 Non
1269 2601 1412 2655 ergo
1439 2586 1890 2641 mordacitatem
1921 2585 2238 2655 reprehen-

582 2673 1154 2743 sionumabjiciatis,
1175 2673 1278 2728 sed
1294 2673 1688 2744 etopprobria
1709 2689 1778 2729 ac
1800 2673 2234 2743 persecutiones

581 2761 884 2816 sustinete.
946 2761 1085 2816 ldeo
1124 2761 1325 2816 subdit
1366 2781 1378 2819 :
1425 2761 1484 2815 Si
1535 2767 1725 2817 autem
1774 2763 1857 2816 sal
1909 2762 2233 2832 infamatus

574 2851 760 2921 fuerit
780 2850 838 2904 in
867 2866 978 2921 quo
1003 2851 1250 2906 salielur
1274 2849 1301 2904 ‘P
1323 2851 1417 2905 Ad
1441 2850 1601 2905 nihil
1629 2852 1880 2919 amplius
1907 2853 2085 2916 valet,
2119 2852 2234 2906 nisi

578 2946 641 2996 ut
693 2941 857 3010 foras
901 2940 1276 3009 projiciatur,
1332 2940 1409 2995 ab
1461 2939 1789 2995 hominibus
1836 2941 2228 2997 conculcetur.

577 3033 634 3087 Si
665 3029 824 3085 enim
858 3032 906 3083 is
935 3029 1038 3100 qui
1069 3029 1240 3084 docet
1264 3028 1587 3086 infatuatus
1620 3029 1811 3093 fuerit,
1831 3030 1943 3085 hoc
1971 3035 2074 3094 est,
2109 3047 2229 3086 non

2343 1876 2644 1948 ἀνθρώπων,
2679 1874 2901 1949 δύναμιν
2925 1877 3134 1948 λογικὴν
3187 1876 3239 1939 ἐξ
3286 1876 3409 1949 ἐμοῦ
3456 1875 3821 1948 λαμϐάνοντες
3855 1879 3984 1949 (43)

2345 1970 2551 2038 στύφειν
2592 1966 2776 2026 αύτούς
2827 1972 2916 2018 καὶ
2964 1969 3312 2038 επισφίγιειν,
3341 1971 3431 2018 καὶ
3479 1965 3811 2019 ἀποκτείνειν

2342 2059 2461 2115 τούς
2522 2054 2776 2128 ἁοράτους
2841 2055 3131 2124 σκώληκας,
3192 2060 3325 2126 φημὶ
3395 2051 3462 2113 δη
3522 2059 3647 2116 τοὺς
3702 2055 3971 2126 ἐμπαθεῖς

2341 2144 2646 2215 λογισμούς,
2682 2142 3021 2197 ἀπαλλάττειν
3049 2140 3107 2196 δε
3137 2152 3231 2204 τῆς
3259 2139 3534 2204 δυσωδίας
3567 2151 3668 2194 τῶν
3699 2144 3961 2217 ἁμαρτη-

2344 2235 2518 2305 μάτων
2527 2275 2540 2288 .

2413 2326 2455 2393 -ί-
2495 2326 2560 2375 Οἱ
2590 2326 2679 2395 μεν
2719 2329 2983 2395 προφῆται
3016 2322 3128 2391 (44)
3173 2321 3243 2381 ιίς
3282 2319 3331 2373 ἓν
3372 2322 3514 2382 ῖθνος
3547 2321 3924 2374 ἀπεστέλεσαν·

2344 2414 2486 2484 ὑμεῖς
2530 2409 2588 2464 δε
2617 2421 2706 2472 τῆς
2731 2421 2830 2482 γῆς
2862 2411 3067 2470 ἁπάσης
3094 2408 3208 2461 ἐστὶ
3236 2413 3294 2461 τὸ
3322 2408 3470 2477 ἅλας,
3501 2407 3595 2461 ὸιὰ
3620 2417 3702 2468 τῆς
3728 2401 3924 2458 διδασ-

2343 2500 2521 2561 καλίας
2555 2504 2643 2553 καὶ
2691 2509 2788 2552 τῶν
2825 2499 3051 2571 έλέγχων
3102 2501 3380 2570 στύφοντες
3413 2502 3531 2558 τοὺς
3572 2500 3811 2569 χαύνους,
3844 2496 3940 2546 ἵνα

2343 2594 2415 2661 μὴ
2476 2594 2769 2660 γεννήσωσι
2825 2592 2947 2648 τοὺς
3005 2586 3376 2649 ἀτελευτήτους
3432 2587 3721 2647 σκώληκας.
3775 2585 3938 2637 Ὠστε

2343 2684 2413 2750 μή
2473 2676 2795 2734 ἀποϐάλλητε
2849 2681 2943 2735 τήν
3013 2682 3338 2748 στυφνότητα
3389 2684 3487 2728 τῶν
3540 2674 3786 2747 ἐλέγχων,
3841 2672 3940 2725 κᾶν

2344 2764 2628 2824 διώκησθε.
2671 2771 2758 2819 Διό
2804 2785 2981 2838 φησιν·
3030 2765 3145 2818 Ἐὰν
3194 2762 3253 2818 δε
3297 2768 3354 2817 τὸ
3403 2765 3528 2826 οἱλας
3582 2767 3849 2836 μωρανθῇ,
3891 2763 3940 2814 έν

2342 2863 2443 2909 τίνι
2483 2857 2827 2914 ἁλισθήσεται
2862 2874 2874 2922 ;
2909 2855 2990 2915 Εἰς
3036 2851 3186 2906 οὐδεν
3221 2854 3400 2926 ἰσχύει
3452 2856 3546 2918 ἔτι,
3606 2854 3649 2905 εἰ
3684 2859 3755 2925 μὴ
3816 2851 3940 2925 βλη-

2344 2949 2494 3004 θῆναι
2540 2945 2655 3011 ἐξω,
2702 2951 2791 2997 καὶ
2837 2945 3254 2996 καταπατεῖσθαι
3316 2945 3415 2995 ὑπὸ
3463 2952 3562 2994 τῶν
3622 2941 3930 3016 ἀνθρώπων.

2337 3035 2396 3087 Ὀ
2452 3038 2553 3108 γὰρ
2601 3030 2926 3095 διδάσκαλος
2970 3031 3054 3084 έὰν
3109 3035 3380 3105 μωρανθῇ,
3421 3036 3703 3101 τουτέστιν,
3759 3033 3803 3084 εἰ
3849 3032 3942 3084 οὑκ

573 3119 769 3190 arguit
796 3134 866 3174 ac
899 3119 1149 3190 stringit.
1185 3119 1289 3174 sed
1319 3118 1616 3175 emollitus
1645 3124 1749 3182 est,
1789 3119 1849 3174 in
1895 3135 2019 3190 quo
2061 3119 2231 3174 salie-

2344 3125 2542 3196 ἐλέγχει
2570 3128 2660 3175 καὶ
2693 3126 2893 3194 στύφει,
2924 3122 3050 3174 ἀλλὰ
3069 3124 3342 3194 χαυνωθῇ,
3370 3120 3418 3172 ἓν
3443 3125 3545 3174 τίνι
3571 3120 3938 3186 ἁλισθήσεται,

577 3214 692 3275 tur,
726 3208 786 3264 id
817 3213 904 3264 est
934 3209 1258 3279 corrigetur
1285 3209 1312 3263 ?
1334 3211 1414 3264 Ex
1439 3224 1511 3264 eo
1551 3213 1817 3280 tempore
1866 3210 2043 3277 igitur
2073 3208 2232 3264 foras

575 3299 886 3372 projicitur
916 3314 952 3355 a
973 3298 1240 3368 magistri
1265 3297 1573 3368 dignitate,
1606 3304 1661 3354 et
1680 3297 2082 3364 conculcatur,
2116 3298 2230 3354 hoc

578 3393 684 3456 est,
711 3388 1051 3461 despicitur.

652 3481 812 3535 Vers.
853 3480 940 3533 13.
979 3476 1140 3543 Quod
1190 3476 1239 3532 si
1264 3508 1330 3516 —
1376 3479 1638 3534 salietur.
1683 3477 1830 3534 Salis
1865 3477 2102 3534 latuitas
2141 3482 2232 3533 est

579 3567 854 3622 debilitas
904 3565 1312 3621 mordacitatis
1351 3565 1557 3637 ipsius.
1608 3565 1751 3621 Dicit
1799 3581 1988 3635 ergo:
2040 3565 2234 3621 Videte

579 3654 754 3727 quale
808 3653 1180 3708 ministerium
1238 3652 1410 3708 vobis
1463 3653 1958 3709 committendum
2015 3659 2122 3718 est,
2181 3662 2237 3709 et

581 3741 922 3798 contendite
946 3757 1017 3796 ne
1038 3741 1323 3796 laxemini
1347 3742 1878 3812 persecutionibus,
1903 3743 2236 3815 opprobriis

579 3847 650 3886 ac
709 3829 1058 3893 maledictis,
1119 3835 1180 3884 ut
1226 3828 1579 3900 praedictum
1634 3834 1740 3897 est,
1791 3847 1982 3904 neque
2033 3831 2236 3889 utilem

579 3919 1036 3974 mordacitatem
1087 3919 1396 3990 respuatis.
1454 3920 1514 3974 Si
1565 3920 1718 3976 enim
1767 3923 1861 3977 sal
1895 3922 2236 3990 infamatus

574 4008 786 4079 fuerit,
819 4024 932 4079 quo
957 4009 1208 4064 salielur
1240 4010 1267 4066 9
1290 4008 1410 4064 Hoc
1428 4014 1533 4074 est,
1567 4009 1614 4064 si
1649 4026 1755 4066 vos
1789 4010 1998 4067 molles
2047 4012 2237 4068 ellecti

576 4098 819 4166 fueritis,
854 4103 954 4154 aut
991 4098 1192 4154 utilem
1222 4097 1680 4155 mordacitatem
1708 4099 2083 4170 neglexeritis
2110 4116 2235 4173 quo

576 4187 694 4244 alio
747 4188 868 4244 sale
899 4188 1209 4259 saliemini,
1251 4188 1370 4244 sive
1423 4187 1802 4260 condiemini,
1859 4193 2007 4247 sicut
2054 4190 2237 4252 habet

575 4281 799 4334 Marcus
830 4280 876 4314 ⁸9
905 4279 932 4335 7
983 4281 1094 4334 Vos
1124 4279 1281 4334 enim
1331 4277 1418 4332 sal
1458 4277 1677 4335 electus
1716 4279 1879 4345 estis,
1929 4296 2038 4336 nec
2080 4279 2236 4336 alius

572 4368 827 4440 reliquus
858 4375 960 4424 est.
993 4370 1224 4433 Quanto
1256 4367 1435 4438 igitur
1473 4385 1595 4440 prie
1649 4369 1859 4425 cateris
1902 4370 1981 4425 ad
2028 4369 2238 4442 hujus-

577 4456 744 4512 modi
767 4456 1158 4512 ministerium
1185 4457 1346 4513 electi
1369 4458 1528 4521 estis,
1553 4462 1717 4514 tanto
1742 4459 1997 4529 amplius
2029 4473 2236 4515 cavere

579 4543 822 4608 debetis,
854 4559 927 4598 ne
949 4543 1029 4599 ob
1058 4545 1364 4616 propriam
1388 4545 1697 4602 mollitiem
1721 4563 1791 4603 ac
1828 4547 2233 4612 inutilitatem,

581 4636 638 4689 et
657 4631 1123 4704 putrefactorum
1141 4634 1555 4704 perditionem,
1583 4640 1646 4692 ut
1669 4635 1894 4692 dictum
1925 4640 2032 4701 est,
2065 4651 2238 4692 accu-

581 4720 702 4779 sari
732 4721 994 4794 possitis.

649 4812 810 4869 Vers.
841 4811 935 4869 l3.
969 4811 1066 4867 Ad
1094 4842 1161 4854 —
1186 4812 1526 4874 hominibus.
1549 4815 1639 4873 Ad
1658 4815 1805 4872 nihil
1833 4815 2096 4888 amplius
2125 4817 2233 4874 uti-

648 4992 694 5028 ”
721 4992 894 5050 Marc.
928 5007 1007 5059 1x,
1051 4992 1137 5048 50.

2339 3219 2602 3279 τουτέστι,
2635 3209 3056 3286 διορθωθήσεται
3088 3228 3102 3278 ;
3140 3211 3266 3263 ’Λπὸ
3309 3215 3419 3263 τότε
3461 3209 3548 3263 οὖν
3578 3211 3673 3273 ἔξω
3704 3211 3943 3285 ῥίπτεται

2338 3313 2430 3357 τοῦ
2483 3299 2872 3356 διδασκαλικοῦ
2924 3299 3221 3373 ἀξιώματος
3267 3305 3358 3352 καὶ
3398 3307 3798 3370 καταπατεῖται,
3828 3320 3943 3353 τον-

2340 3399 2503 3456 τέστι,
2535 3398 2958 3467 καταφρονεῖται.

2412 3483 2529 3536 Ἐὰν
2587 3513 2652 3522 -
2718 3479 3080 3538 ἁλισθήσεται.
3155 3483 3340 3553 Μωρία
3419 3478 3601 3538 ἅλατός
3671 3479 3837 3546 ἔστιν,
3910 3481 3937 3536 ἡ

2342 3572 2583 3625 ἁσθένιια
2643 3579 2734 3631 τῆς
2804 3575 3081 3632 ποιότητος
3143 3569 3322 3622 αὐτοῦ.
3395 3573 3549 3640 Λέγει
3617 3572 3812 3632 τοίνυν,
3866 3568 3941 3618 ὅτι

2342 3663 2573 3724 Βλέπετε,
2624 3661 2735 3711 οἷαν
2792 3654 3060 3711 διακονίαν
3117 3657 3510 3732 ἐγχιιρίξεσθαι
3576 3655 3797 3722 μέλλετε,
3857 3661 3942 3707 καὶ

2345 3750 2677 3822 ἁγωνίζισθε,
2711 3753 2782 3820 μὴ
2831 3750 3172 3819 χαυνωθῆναι
3217 3743 3493 3820 διωγμοῖς,
3527 3747 3556 3803 ᾖ
3595 3742 3938 3818 ὀνειδισμοῖς,

2345 3842 2373 3899 ἦ
2409 3837 2762 3909 κακολογίαις,
2797 3840 2860 3896 ὡς
2908 3833 3326 3911 προδεδήλωται,
3373 3831 3503 3907 μηδ’
3534 3833 3808 3887 ἀποϐαλεῖν
3853 3839 3940 3892 τήν

2345 3928 2595 4001 ὠφέλιμον
2644 3931 2922 3983 ποιότητα.
2976 3925 3094 3978 Ἐὰν
3133 3927 3234 4000 γὰρ
3450 3927 3508 3977 τὸ
3565 3924 3693 3985 ἅλας
3737 3943 3941 3996 μωραν-

2348 4020 2434 4089 θῇ,
2504 4015 2555 4067 έν
2628 4020 2731 4066 τίνι
2805 4015 3171 4080 ἁλισθήσεται,
3249 4018 3533 4084 τουτέστιν,
3605 4013 3722 4066 Ἐὰν
3801 4015 3943 4084 ὑμεῖς

2342 4106 2674 4177 χαυνωθῆτε,
2718 4105 2748 4163 ἣ
2798 4108 2891 4163 τήν
2939 4103 3189 4176 ὠφέλιμον
3241 4107 3497 4160 ποιότητα
3542 4101 3854 4167 ἀποϐάλητε,
3891 4099 3940 4152 ἄν

2345 4199 2446 4246 τίνι
2500 4193 2652 4266 ἑτέρῳ
2708 4192 2861 4245 ἅλατι
2918 4191 3289 4258 ἁλισθήσεσθε,
3340 4195 3510 4244 εῖτουν
3557 4190 3940 4265 ἀρτυθήσεσθε,

2345 4285 2412 4345 ὡς
2443 4283 2468 4334 6
2500 4284 2709 4355 Μάρκος
2738 4282 2860 4352 (46)
2908 4277 3062 4337 εἶπεν.
3121 4281 3285 4353 Ὑμεῖς
3329 4283 3430 4354 γάρ
3482 4279 3597 4333 ἕστε
3648 4282 3706 4331 τὸ
3745 4277 3940 4349 Exin-7hr

2343 4372 2489 4441 οἷλας,
2548 4377 2639 4424 καὶ
2715 4370 2821 4442 ούχ
2888 4369 3247 4423 ὑπολέλειπται
3319 4372 3506 4444 ἕτερον.
3561 4368 3708 4438 Ὀσῳ
3773 4371 3940 4420 τοίνυν

2344 4462 2686 4535 προεκρίθητε
2731 4462 2934 4512 πάντων
2975 4460 3042 4520 εἰς
3087 4465 3182 4518 τήν
3225 4462 3470 4518 τοιαύτην
3501 4455 3790 4523 διακονίαν,
3823 4475 3934 4509 τοσ-

2345 4553 2476 4622 ούτῳ
2525 4553 2809 4624 προσέχειν
2870 4548 3108 4621 ὀφείλετε,
3169 4549 3252 4601 ἶνα
3306 4553 3376 4621 μή
3441 4553 3530 4601 καῖ
3596 4555 3690 4609 τῆς
3747 4546 3936 4599 ἑαυτῶν

2344 4643 2692 4712 χαυνότητος,
2737 4642 2826 4691 καὶ
2883 4636 3272 4710 ἀνενεργησίας,
3319 4642 3409 4690 καὶ
3459 4645 3554 4700 τῆς
3593 4645 3692 4688 τῶν
3741 4654 3934 4708 σεσημ-

2342 4733 2524 4803 μένων,
2558 4731 2624 4790 ὡς
2652 4730 2874 4804 εἴρηται,
2909 4726 3164 4790 ἀπωλείας
3197 4727 3518 4787 ἁπαιτηθῆτε
3549 4723 3725 4784 δίκην.

2412 4817 2504 4881 Εἰς
2556 4848 2628 4860 -
2680 4817 2982 4893 ἀνθρώπων.
3040 4817 3129 4881 Εἰς
3208 4813 3358 4872 ούδὶν
3447 4819 3522 4871 ἔτι
3595 4817 3932 4890 χρησιμεύει,

1785 5093 2006 5162 Varia
2036 5093 2366 5163 lectiones
2400 5102 2466 5162 et
2495 5103 2699 5163 nota.

804 5231 1180 5307 ’Δμαρτήματα
1209 5241 1269 5289 A.

675 5306 763 5377 42)
807 5306 1174 5374 Kai,'omittit
1203 5309 1273 5364 A.

675 5375 765 5452 43)
808 5380 1030 5452 Δύναμιν
1068 5381 1275 5452 στύφειν
1308 5392 1432 5433 non
1471 5375 1746 5452 cohaeret.
1778 5379 1894 5436 Aut
1923 5395 2064 5452 ergo
2120 5388 2230 5447 τοῦ,

583 5449 843 5522 auidas;
866 5449 1359 5522 interponendum
1382 5453 1517 5505 ante
1545 5451 1772 5522 στύφειν.

680 5519 770 5593 lit)
802 5521 879 5574 Ex
908 5519 1334 5592 Theophylact.
1362 5535 1422 5593 p.
1455 5523 1520 5576 2'1
1553 5523 1615 5578 E.

680 5520 770 5592 44)
802 5521 879 5574 Ex
908 5520 1236 5592 Theophylz

591 5645 594 5648 .
657 5520 770 5669 ξω)
814 5595 876 5645 Ai
900 5606 1010 5665 pro
1037 5595 1138 5668 γάρ
1171 5598 1236 5648 Δ.

2415 5234 2528 5311 (46)
2569 5236 2795 5294 Scilicet
2815 5237 3041 5312 marcus
3061 5232 3245 5292 habet
3260 5233 3511 5312 ἀρτύσετε
3521 5280 3533 5293 .
3567 5233 3679 5312 Sed
3699 5236 3935 5312 mutavit

2343 5306 2603 5380 tempus,
2636 5313 2698 5365 ut
2729 5306 3104 5380 aequiparare
3128 5306 3337 5380 posset
3360 5307 3608 5380 Matthzei
3627 5307 3928 5365 vocabulo.

2347 5380 2460 5454 sed
2475 5379 2837 5454 ἀρτυθήσεται
2866 5379 3066 5454 tamen
3093 5379 3171 5454 ex
3196 5379 3398 5454 aliquo
3426 5379 3651 5454 scholia
3681 5395 3932 5452 occupa-

2344 5452 2428 5507 vit
2471 5450 2789 5508 nonnullos
2819 5450 2988 5507 Marci
3042 5450 3318 5517 codices,’
3333 5451 3396 5507 in
3435 5451 3527 5508 his
3557 5467 3762 5509 meum
3805 5450 3933 5508 cum

2347 5522 2608 5590 scholiis,
2640 5538 2820 5596 quem
2851 5521 3089 5596 appello
3117 5523 3204 5580 12.

2342 1079 2664 1148 Παραινέσας
2693 1080 2863 1126 τοίνυν
2894 1074 2928 1126 οὶ
2956 1083 3237 1149 προσῆκεν,
3271 1072 3522 1126 ἀναπαύει
3571 1071 3758 1124 πάλιν
3805 1073 4044 1134 αὐτοὺς
4139 1041 4143 1219 1

2342 1171 2448 1219 τοῖς
2470 1161 2764 1219 ἐγκωμίοις.

4141 1258 4143 1292 l
