  <div class='ocr_page' id='page_1' title='image "/cluster/home/n/w/nwhite01/storage/ocr_20150623/129/hvd.32044019208511/110.png"; bbox 0 0 4170 6448; ppageno 0'>
   <div class='ocr_carea' id='block_1_1' title="bbox 110 405 244 471">
    <p class='ocr_par' dir='ltr' id='par_1_1' title="bbox 110 405 244 471">
     <span class='ocr_line' id='line_1_1' title="bbox 110 405 244 471; baseline -0.007 0"><span class='ocrx_word' id='word_1_1' title='bbox 110 405 244 471; x_wconf 76' lang='grc'><strong>201</strong></span> 
     </span>
    </p>
   </div>
   <div class='ocr_carea' id='block_1_2' title="bbox 1158 407 2524 472">
    <p class='ocr_par' dir='ltr' id='par_1_2' title="bbox 1158 407 2524 472">
     <span class='ocr_line' id='line_1_2' title="bbox 1158 407 2524 472; baseline -0.001 -2"><span class='ocrx_word' id='word_1_2' title='bbox 1158 407 1522 470; x_wconf 86' lang='lat' dir='ltr'><strong>COMMENT.</strong></span> <span class='ocrx_word' id='word_1_3' title='bbox 1561 411 1632 469; x_wconf 87' lang='lat' dir='ltr'><strong>IN</strong></span> <span class='ocrx_word' id='word_1_4' title='bbox 1665 411 2106 472; x_wconf 71' lang='lat' dir='ltr'><strong>MATTHEUM.</strong></span> <span class='ocrx_word' id='word_1_5' title='bbox 2148 445 2216 457; x_wconf 88' lang='lat'><strong>--</strong></span> <span class='ocrx_word' id='word_1_6' title='bbox 2255 414 2413 471; x_wconf 87' lang='lat' dir='ltr'><strong>CAP.</strong></span> <span class='ocrx_word' id='word_1_7' title='bbox 2453 409 2524 470; x_wconf 88' lang='lat' dir='ltr'><strong>V.</strong></span> 
     </span>
    </p>
   </div>
   <div class='ocr_carea' id='block_1_3' title="bbox 3409 413 3515 470">
    <p class='ocr_par' dir='ltr' id='par_1_3' title="bbox 3409 413 3515 470">
     <span class='ocr_line' id='line_1_3' title="bbox 3409 413 3515 470; baseline -0.009 0"><span class='ocrx_word' id='word_1_8' title='bbox 3409 413 3515 470; x_wconf 74' lang='lat'><strong>202</strong></span> 
     </span>
    </p>
   </div>
   <div class='ocr_carea' id='block_1_4' title="bbox 124 536 1747 614">
    <p class='ocr_par' dir='ltr' id='par_1_4' title="bbox 124 536 1747 614">
     <span class='ocr_line' id='line_1_4' title="bbox 124 536 1747 614; baseline -0.001 -21"><span class='ocrx_word' id='word_1_9' title='bbox 124 541 424 614; x_wconf 72' lang='grc' dir='ltr'>μωρανθεν</span> <span class='ocrx_word' id='word_1_10' title='bbox 456 543 513 592; x_wconf 87' lang='grc' dir='ltr'>τὸ</span> <span class='ocrx_word' id='word_1_11' title='bbox 547 536 780 598; x_wconf 68' lang='grc' dir='ltr'>δηλωθὶν</span> <span class='ocrx_word' id='word_1_12' title='bbox 813 538 956 607; x_wconf 79' lang='grc' dir='ltr'>ἅλας,</span> <span class='ocrx_word' id='word_1_13' title='bbox 992 538 1037 591; x_wconf 81' lang='grc' dir='ltr'>εἰ</span> <span class='ocrx_word' id='word_1_14' title='bbox 1074 542 1146 611; x_wconf 75' lang='grc' dir='ltr'>μὴ</span> <span class='ocrx_word' id='word_1_15' title='bbox 1205 538 1277 600; x_wconf 90' lang='grc' dir='ltr'><strong>εἰς</strong></span> <span class='ocrx_word' id='word_1_16' title='bbox 1312 542 1372 592; x_wconf 89' lang='grc' dir='ltr'>τὸ</span> <span class='ocrx_word' id='word_1_17' title='bbox 1419 539 1633 613; x_wconf 73' lang='grc' dir='ltr'>ῥιφῆναι</span> <span class='ocrx_word' id='word_1_18' title='bbox 1661 539 1747 602; x_wconf 74' lang='grc' dir='ltr'><strong>ἔξω</strong></span> 
     </span>
    </p>
   </div>
   <div class='ocr_carea' id='block_1_5' title="bbox 1865 536 3511 614">
    <p class='ocr_par' dir='ltr' id='par_1_5' title="bbox 1865 538 3511 604">
     <span class='ocr_line' id='line_1_5' title="bbox 1865 538 3511 604; baseline 0.002 -9"><span class='ocrx_word' id='word_1_19' title='bbox 1865 538 1938 596; x_wconf 85' lang='lat' dir='ltr'><strong>iis</strong></span> <span class='ocrx_word' id='word_1_20' title='bbox 1960 544 2047 596; x_wconf 87' lang='lat' dir='ltr'><strong>est</strong></span> <span class='ocrx_word' id='word_1_21' title='bbox 2072 540 2159 596; x_wconf 88' lang='lat' dir='ltr'><strong>sal</strong></span> <span class='ocrx_word' id='word_1_22' title='bbox 2181 539 2527 604; x_wconf 85' lang='lat' dir='ltr'><strong>infatuatus,</strong></span> <span class='ocrx_word' id='word_1_23' title='bbox 2551 539 2665 596; x_wconf 84' lang='lat' dir='ltr'><strong>nisi</strong></span> <span class='ocrx_word' id='word_1_24' title='bbox 2713 542 2778 596; x_wconf 89' lang='lat' dir='ltr'><strong>ut</strong></span> <span class='ocrx_word' id='word_1_25' title='bbox 2803 542 2969 598; x_wconf 82' lang='lat' dir='ltr'><strong>extra</strong></span> <span class='ocrx_word' id='word_1_26' title='bbox 3004 538 3374 598; x_wconf 89' lang='lat' dir='ltr'><strong>Dominicam</strong></span> <span class='ocrx_word' id='word_1_27' title='bbox 3404 555 3511 598; x_wconf 85' lang='lat' dir='ltr'><strong>au-</strong></span> 
     </span>
    </p>
   </div>
   <div class='ocr_carea' id='block_1_6' title="bbox 125 627 1756 698">
    <p class='ocr_par' dir='ltr' id='par_1_6' title="bbox 125 627 1756 698">
     <span class='ocr_line' id='line_1_6' title="bbox 125 627 1756 698; baseline -0.001 -16"><span class='ocrx_word' id='word_1_28' title='bbox 125 638 248 692; x_wconf 80' lang='grc' dir='ltr'>τῆς</span> <span class='ocrx_word' id='word_1_29' title='bbox 277 635 595 692; x_wconf 83' lang='grc' dir='ltr'>Δεσποτικῆς</span> <span class='ocrx_word' id='word_1_30' title='bbox 617 629 743 687; x_wconf 75' lang='grc' dir='ltr'>αύλῆ</span> <span class='ocrx_word' id='word_1_31' title='bbox 755 648 794 698; x_wconf 91' lang='grc' dir='ltr'><strong>ς,</strong></span> <span class='ocrx_word' id='word_1_32' title='bbox 823 633 911 681; x_wconf 86' lang='grc' dir='ltr'>καὶ</span> <span class='ocrx_word' id='word_1_33' title='bbox 940 629 1378 695; x_wconf 74' lang='grc' dir='ltr'><strong>καταπατεῖσθαι,</strong></span> <span class='ocrx_word' id='word_1_34' title='bbox 1413 630 1438 680; x_wconf 87' lang='grc' dir='ltr'><em>ὅ</em></span> <span class='ocrx_word' id='word_1_35' title='bbox 1460 627 1571 682; x_wconf 75' lang='grc' dir='ltr'>ἐστι</span> <span class='ocrx_word' id='word_1_36' title='bbox 1602 649 1756 682; x_wconf 77' lang='grc' dir='ltr'>κατα-</span> 
     </span>
    </p>
   </div>
   <div class='ocr_carea' id='block_1_7' title="bbox 132 717 1090 793">
    <p class='ocr_par' dir='ltr' id='par_1_7' title="bbox 132 717 1090 793">
     <span class='ocr_line' id='line_1_7' title="bbox 132 717 1090 793; baseline 0.001 -22"><span class='ocrx_word' id='word_1_37' title='bbox 132 721 460 793; x_wconf 76' lang='grc' dir='ltr'>φρονεῖσθαι</span> <span class='ocrx_word' id='word_1_38' title='bbox 486 720 630 792; x_wconf 86' lang='grc' dir='ltr'>παρὰ</span> <span class='ocrx_word' id='word_1_39' title='bbox 657 727 752 770; x_wconf 85' lang='grc' dir='ltr'>τῶν</span> <span class='ocrx_word' id='word_1_40' title='bbox 785 717 1090 792; x_wconf 79' lang='grc' dir='ltr'>ἀνθρώπων.</span> 
     </span>
    </p>
   </div>
   <div class='ocr_carea' id='block_1_8' title="bbox 221 806 1756 880">
    <p class='ocr_par' dir='ltr' id='par_1_8' title="bbox 221 806 1756 880">
     <span class='ocr_line' id='line_1_8' title="bbox 221 806 1756 880; baseline -0.001 -20"><span class='ocrx_word' id='word_1_41' title='bbox 221 807 398 880; x_wconf 76' lang='grc' dir='ltr'>Ὑμεῖς</span> <span class='ocrx_word' id='word_1_42' title='bbox 438 839 502 849; x_wconf 93' lang='grc'><strong><em>-</em></strong></span> <span class='ocrx_word' id='word_1_43' title='bbox 558 811 783 880; x_wconf 85' lang='grc' dir='ltr'>κόσμου.</span> <span class='ocrx_word' id='word_1_44' title='bbox 855 812 1060 878; x_wconf 80' lang='grc' dir='ltr'><strong>Κόσμον</strong></span> <span class='ocrx_word' id='word_1_45' title='bbox 1133 806 1284 858; x_wconf 88' lang='grc' dir='ltr'>πάλιν</span> <span class='ocrx_word' id='word_1_46' title='bbox 1350 810 1474 868; x_wconf 85' lang='grc' dir='ltr'>τοὺς</span> <span class='ocrx_word' id='word_1_47' title='bbox 1557 806 1604 860; x_wconf 77' lang='grc' dir='ltr'>ἐν</span> <span class='ocrx_word' id='word_1_48' title='bbox 1684 815 1756 877; x_wconf 84' lang='grc' dir='ltr'>τῷ</span> 
     </span>
    </p>
   </div>
   <div class='ocr_carea' id='block_1_9' title="bbox 130 893 1756 969">
    <p class='ocr_par' dir='ltr' id='par_1_9' title="bbox 130 893 1756 969">
     <span class='ocr_line' id='line_1_9' title="bbox 130 893 1756 969; baseline -0.001 -22"><span class='ocrx_word' id='word_1_49' title='bbox 130 901 337 968; x_wconf 82' lang='grc' dir='ltr'>κόσμῳ</span> <span class='ocrx_word' id='word_1_50' title='bbox 391 893 522 949; x_wconf 85' lang='grc' dir='ltr'>εἶπεν</span> <span class='ocrx_word' id='word_1_51' title='bbox 579 895 899 969; x_wconf 80' lang='grc' dir='ltr'><strong>ἀνθρώπους,</strong></span> <span class='ocrx_word' id='word_1_52' title='bbox 951 896 1018 946; x_wconf 84' lang='grc' dir='ltr'>ὧν</span> <span class='ocrx_word' id='word_1_53' title='bbox 1051 897 1428 948; x_wconf 78' lang='grc' dir='ltr'>σκοτισθίντων</span> <span class='ocrx_word' id='word_1_54' title='bbox 1479 903 1552 966; x_wconf 84' lang='grc' dir='ltr'>τῷ</span> <span class='ocrx_word' id='word_1_55' title='bbox 1619 899 1756 967; x_wconf 76' lang='grc' dir='ltr'>ζόφῳ</span> 
     </span>
    </p>
   </div>
   <div class='ocr_carea' id='block_1_10' title="bbox 126 980 1756 1057">
    <p class='ocr_par' dir='ltr' id='par_1_10' title="bbox 126 980 1756 1057">
     <span class='ocr_line' id='line_1_10' title="bbox 126 980 1756 1057; baseline -0.001 -20"><span class='ocrx_word' id='word_1_56' title='bbox 126 993 246 1046; x_wconf 80' lang='grc' dir='ltr'>τῆς</span> <span class='ocrx_word' id='word_1_57' title='bbox 297 984 509 1052; x_wconf 82' lang='grc' dir='ltr'><strong>πλάνης,</strong></span> <span class='ocrx_word' id='word_1_58' title='bbox 550 986 742 1056; x_wconf 84' lang='grc' dir='ltr'>Ὑμεῖς,</span> <span class='ocrx_word' id='word_1_59' title='bbox 795 989 975 1056; x_wconf 76' lang='grc' dir='ltr'>φησὶν,</span> <span class='ocrx_word' id='word_1_60' title='bbox 1015 983 1275 1056; x_wconf 80' lang='grc' dir='ltr'>ἐξελέγητε</span> <span class='ocrx_word' id='word_1_61' title='bbox 1323 980 1453 1037; x_wconf 82' lang='grc' dir='ltr'>εἶναι</span> <span class='ocrx_word' id='word_1_62' title='bbox 1511 992 1616 1057; x_wconf 77' lang='grc' dir='ltr'><strong>φῶς</strong></span> <span class='ocrx_word' id='word_1_63' title='bbox 1666 985 1756 1036; x_wconf 83' lang='grc' dir='ltr'>αύ-</span> 
     </span>
    </p>
   </div>
   <div class='ocr_carea' id='block_1_11' title="bbox 124 1073 1751 1147">
    <p class='ocr_par' dir='ltr' id='par_1_11' title="bbox 124 1073 1751 1147">
     <span class='ocr_line' id='line_1_11' title="bbox 124 1073 1751 1147; baseline -0.002 -20"><span class='ocrx_word' id='word_1_64' title='bbox 124 1083 271 1143; x_wconf 85' lang='grc' dir='ltr'>τῶν,</span> <span class='ocrx_word' id='word_1_65' title='bbox 314 1076 450 1128; x_wconf 83' lang='grc' dir='ltr'>ὥστε</span> <span class='ocrx_word' id='word_1_66' title='bbox 498 1075 741 1147; x_wconf 77' lang='grc' dir='ltr'><strong>φωτίζειν</strong></span> <span class='ocrx_word' id='word_1_67' title='bbox 799 1077 865 1126; x_wconf 83' lang='grc' dir='ltr'>τὰ</span> <span class='ocrx_word' id='word_1_68' title='bbox 905 1078 1114 1146; x_wconf 82' lang='grc' dir='ltr'>ὄμματα</span> <span class='ocrx_word' id='word_1_69' title='bbox 1153 1083 1253 1126; x_wconf 81' lang='grc' dir='ltr'>τῶν</span> <span class='ocrx_word' id='word_1_70' title='bbox 1315 1073 1501 1146; x_wconf 61' lang='grc' dir='ltr'>ψυχῶν</span> <span class='ocrx_word' id='word_1_71' title='bbox 1563 1073 1751 1141; x_wconf 75' lang='grc' dir='ltr'>αὐτῶν,</span> 
     </span>
    </p>
   </div>
   <div class='ocr_carea' id='block_1_12' title="bbox 125 1160 1753 1236">
    <p class='ocr_par' dir='ltr' id='par_1_12' title="bbox 125 1160 1753 1236">
     <span class='ocr_line' id='line_1_12' title="bbox 125 1160 1753 1236; baseline -0.002 -19"><span class='ocrx_word' id='word_1_72' title='bbox 125 1169 282 1236; x_wconf 76' lang='grc' dir='ltr'>φωτὶ</span> <span class='ocrx_word' id='word_1_73' title='bbox 349 1160 708 1224; x_wconf 75' lang='grc' dir='ltr'>διδασκαλίας</span> <span class='ocrx_word' id='word_1_74' title='bbox 769 1167 858 1214; x_wconf 82' lang='grc' dir='ltr'>καὶ</span> <span class='ocrx_word' id='word_1_75' title='bbox 921 1168 1048 1234; x_wconf 75' lang='grc' dir='ltr'>φωτὶ</span> <span class='ocrx_word' id='word_1_76' title='bbox 1106 1168 1362 1234; x_wconf 86' lang='grc' dir='ltr'>γνώσεως,</span> <span class='ocrx_word' id='word_1_77' title='bbox 1405 1169 1753 1236; x_wconf 69' lang='grc' dir='ltr'><strong>χειραγωγεῖν</strong></span> 
     </span>
    </p>
   </div>
   <div class='ocr_carea' id='block_1_13' title="bbox 124 1250 1752 1326">
    <p class='ocr_par' dir='ltr' id='par_1_13' title="bbox 124 1250 1752 1326">
     <span class='ocr_line' id='line_1_13' title="bbox 124 1250 1752 1326; baseline -0.001 -22"><span class='ocrx_word' id='word_1_78' title='bbox 124 1253 344 1314; x_wconf 78' lang='grc' dir='ltr'>αὐτοὺς</span> <span class='ocrx_word' id='word_1_79' title='bbox 373 1251 457 1304; x_wconf 73' lang='grc' dir='ltr'><strong>ἐπὶ</strong></span> <span class='ocrx_word' id='word_1_80' title='bbox 485 1256 576 1310; x_wconf 82' lang='grc' dir='ltr'>τὴν</span> <span class='ocrx_word' id='word_1_81' title='bbox 632 1253 790 1326; x_wconf 77' lang='grc' dir='ltr'>ὀρθήν</span> <span class='ocrx_word' id='word_1_82' title='bbox 819 1250 995 1324; x_wconf 88' lang='grc' dir='ltr'>τρίϐον</span> <span class='ocrx_word' id='word_1_83' title='bbox 1034 1260 1130 1313; x_wconf 87' lang='grc' dir='ltr'>τῆς</span> <span class='ocrx_word' id='word_1_84' title='bbox 1159 1251 1434 1312; x_wconf 76' lang='grc' dir='ltr'>εὐσεϐείας.</span> <span class='ocrx_word' id='word_1_85' title='bbox 1487 1253 1584 1304; x_wconf 87' lang='grc' dir='ltr'>Δύο</span> <span class='ocrx_word' id='word_1_86' title='bbox 1637 1256 1752 1304; x_wconf 86' lang='grc' dir='ltr'>τοί-</span> 
     </span>
    </p>
   </div>
   <div class='ocr_carea' id='block_1_14' title="bbox 127 1338 1753 1414">
    <p class='ocr_par' dir='ltr' id='par_1_14' title="bbox 127 1338 1753 1414">
     <span class='ocr_line' id='line_1_14' title="bbox 127 1338 1753 1414; baseline -0.001 -22"><span class='ocrx_word' id='word_1_87' title='bbox 127 1362 238 1392; x_wconf 88' lang='grc' dir='ltr'><strong>νυν</strong></span> <span class='ocrx_word' id='word_1_88' title='bbox 273 1338 548 1401; x_wconf 79' lang='grc' dir='ltr'>διακονίας</span> <span class='ocrx_word' id='word_1_89' title='bbox 594 1340 1044 1414; x_wconf 79' lang='grc' dir='ltr'>ἑνεχειρίσθησαν,</span> <span class='ocrx_word' id='word_1_90' title='bbox 1094 1360 1152 1393; x_wconf 90' lang='grc' dir='ltr'><strong>το</strong></span> <span class='ocrx_word' id='word_1_91' title='bbox 1201 1341 1393 1401; x_wconf 82' lang='grc' dir='ltr'>ἁλίζειν</span> <span class='ocrx_word' id='word_1_92' title='bbox 1438 1343 1612 1392; x_wconf 85' lang='grc' dir='ltr'>καὶτὸ</span> <span class='ocrx_word' id='word_1_93' title='bbox 1650 1361 1753 1411; x_wconf 69' lang='grc' dir='ltr'><strong>φω-</strong></span> 
     </span>
    </p>
   </div>
   <div class='ocr_carea' id='block_1_15' title="bbox 132 1426 1751 1504">
    <p class='ocr_par' dir='ltr' id='par_1_15' title="bbox 132 1426 1751 1504">
     <span class='ocr_line' id='line_1_15' title="bbox 132 1426 1751 1504; baseline 0 -23"><span class='ocrx_word' id='word_1_94' title='bbox 132 1430 345 1490; x_wconf 78' lang='grc' dir='ltr'>τίζειν.</span> <span class='ocrx_word' id='word_1_95' title='bbox 382 1434 468 1482; x_wconf 87' lang='grc' dir='ltr'>Δεῖ</span> <span class='ocrx_word' id='word_1_96' title='bbox 496 1432 594 1502; x_wconf 81' lang='grc' dir='ltr'>γὰρ</span> <span class='ocrx_word' id='word_1_97' title='bbox 642 1438 846 1504; x_wconf 86' lang='grc' dir='ltr'>πρῶτον</span> <span class='ocrx_word' id='word_1_98' title='bbox 894 1427 1258 1502; x_wconf 73' lang='grc' dir='ltr'>ἀπαλλαγῆναι</span> <span class='ocrx_word' id='word_1_99' title='bbox 1293 1437 1385 1490; x_wconf 73' lang='grc' dir='ltr'>τῆς</span> <span class='ocrx_word' id='word_1_100' title='bbox 1439 1426 1751 1498; x_wconf 72' lang='grc' dir='ltr'>σηπεδόνος,</span> 
     </span>
    </p>
   </div>
   <div class='ocr_carea' id='block_1_16' title="bbox 136 1517 691 1577">
    <p class='ocr_par' dir='ltr' id='par_1_16' title="bbox 136 1517 691 1577">
     <span class='ocr_line' id='line_1_16' title="bbox 136 1517 691 1577; baseline 0 -6"><span class='ocrx_word' id='word_1_101' title='bbox 136 1517 268 1572; x_wconf 79' lang='grc' dir='ltr'>εἶτα</span> <span class='ocrx_word' id='word_1_102' title='bbox 307 1521 691 1577; x_wconf 86' lang='grc' dir='ltr'>συνετισθῆναι.</span> 
     </span>
    </p>
   </div>
   <div class='ocr_carea' id='block_1_17' title="bbox 137 1607 1752 1681">
    <p class='ocr_par' dir='ltr' id='par_1_17' title="bbox 137 1607 1752 1681">
     <span class='ocr_line' id='line_1_17' title="bbox 137 1607 1752 1681; baseline -0.001 -21"><span class='ocrx_word' id='word_1_103' title='bbox 137 1612 142 1616; x_wconf 79' lang='grc'><strong>’</strong></span> <span class='ocrx_word' id='word_1_104' title='bbox 223 1607 302 1660; x_wconf 81' lang='grc' dir='ltr'>Ού</span> <span class='ocrx_word' id='word_1_105' title='bbox 350 1637 418 1648; x_wconf 92' lang='grc'><strong>-</strong></span> <span class='ocrx_word' id='word_1_106' title='bbox 451 1612 680 1681; x_wconf 79' lang='grc' dir='ltr'><strong>κειμένη.</strong></span> <span class='ocrx_word' id='word_1_107' title='bbox 738 1610 832 1660; x_wconf 89' lang='grc' dir='ltr'><strong>Διὰ</strong></span> <span class='ocrx_word' id='word_1_108' title='bbox 882 1611 1083 1670; x_wconf 84' lang='grc' dir='ltr'>ταύτης</span> <span class='ocrx_word' id='word_1_109' title='bbox 1131 1615 1226 1670; x_wconf 81' lang='grc' dir='ltr'>τῆς</span> <span class='ocrx_word' id='word_1_110' title='bbox 1271 1607 1596 1681; x_wconf 79' lang='grc' dir='ltr'>παραϐολῆς,</span> <span class='ocrx_word' id='word_1_111' title='bbox 1662 1611 1752 1659; x_wconf 83' lang='grc' dir='ltr'>καὶ</span> 
     </span>
    </p>
   </div>
   <div class='ocr_carea' id='block_1_18' title="bbox 133 1695 1750 1770">
    <p class='ocr_par' dir='ltr' id='par_1_18' title="bbox 133 1695 1750 1770">
     <span class='ocr_line' id='line_1_18' title="bbox 133 1695 1750 1770; baseline -0.001 -21"><span class='ocrx_word' id='word_1_112' title='bbox 133 1703 246 1757; x_wconf 79' lang='grc' dir='ltr'>τῆς</span> <span class='ocrx_word' id='word_1_113' title='bbox 300 1698 431 1768; x_wconf 87' lang='grc' dir='ltr'>μετὰ</span> <span class='ocrx_word' id='word_1_114' title='bbox 478 1701 694 1766; x_wconf 84' lang='grc' dir='ltr'>ταύτην,</span> <span class='ocrx_word' id='word_1_115' title='bbox 730 1697 801 1758; x_wconf 83' lang='grc' dir='ltr'><strong>εἰς</strong></span> <span class='ocrx_word' id='word_1_116' title='bbox 848 1696 1112 1770; x_wconf 81' lang='grc' dir='ltr'>ἀκρίϐειαν</span> <span class='ocrx_word' id='word_1_117' title='bbox 1163 1701 1254 1749; x_wconf 78' lang='grc' dir='ltr'>καὶ</span> <span class='ocrx_word' id='word_1_118' title='bbox 1305 1696 1585 1768; x_wconf 68' lang='grc' dir='ltr'>ἀσφάλειαν</span> <span class='ocrx_word' id='word_1_119' title='bbox 1627 1695 1750 1768; x_wconf 69' lang='grc' dir='ltr'>βίον</span> 
     </span>
    </p>
   </div>
   <div class='ocr_carea' id='block_1_19' title="bbox 133 1783 1750 1858">
    <p class='ocr_par' dir='ltr' id='par_1_19' title="bbox 133 1783 1750 1858">
     <span class='ocr_line' id='line_1_19' title="bbox 133 1783 1750 1858; baseline -0.001 -21"><span class='ocrx_word' id='word_1_120' title='bbox 133 1787 364 1847; x_wconf 77' lang='grc' dir='ltr'>τούτους</span> <span class='ocrx_word' id='word_1_121' title='bbox 416 1785 598 1858; x_wconf 79' lang='grc' dir='ltr'>ἐνὰγει,</span> <span class='ocrx_word' id='word_1_122' title='bbox 668 1792 758 1839; x_wconf 83' lang='grc' dir='ltr'>καὶ</span> <span class='ocrx_word' id='word_1_123' title='bbox 830 1786 1137 1858; x_wconf 76' lang='grc' dir='ltr'>ἐναγωνίους</span> <span class='ocrx_word' id='word_1_124' title='bbox 1202 1783 1330 1839; x_wconf 86' lang='grc' dir='ltr'>εἶναι</span> <span class='ocrx_word' id='word_1_125' title='bbox 1397 1785 1605 1852; x_wconf 80' lang='grc' dir='ltr'>κελεύει,</span> <span class='ocrx_word' id='word_1_126' title='bbox 1685 1787 1750 1846; x_wconf 85' lang='grc' dir='ltr'>ὧς</span> 
     </span>
    </p>
   </div>
   <div class='ocr_carea' id='block_1_20' title="bbox 1866 627 3514 701">
    <p class='ocr_par' dir='ltr' id='par_1_20' title="bbox 1866 627 3514 701">
     <span class='ocr_line' id='line_1_20' title="bbox 1866 627 3514 701; baseline 0.004 -19"><span class='ocrx_word' id='word_1_127' title='bbox 1866 628 1989 684; x_wconf 93' lang='lat' dir='ltr'><strong>lam</strong></span> <span class='ocrx_word' id='word_1_128' title='bbox 2020 629 2381 700; x_wconf 86' lang='lat' dir='ltr'><strong>projiciatur,</strong></span> <span class='ocrx_word' id='word_1_129' title='bbox 2416 634 2471 684; x_wconf 87' lang='lat' dir='ltr'><strong>et</strong></span> <span class='ocrx_word' id='word_1_130' title='bbox 2500 627 2898 696; x_wconf 78' lang='lat' dir='ltr'><strong>conculcetur,</strong></span> <span class='ocrx_word' id='word_1_131' title='bbox 2926 629 3041 685; x_wconf 91' lang='lat' dir='ltr'><strong>hoc</strong></span> <span class='ocrx_word' id='word_1_132' title='bbox 3070 633 3177 694; x_wconf 91' lang='lat' dir='ltr'><strong>est,</strong></span> <span class='ocrx_word' id='word_1_133' title='bbox 3229 629 3514 701; x_wconf 87' lang='lat' dir='ltr'><strong>despicia-</strong></span> 
     </span>
    </p>
   </div>
   <div class='ocr_carea' id='block_1_21' title="bbox 1866 717 2465 773">
    <p class='ocr_par' dir='ltr' id='par_1_21' title="bbox 1866 717 2465 773">
     <span class='ocr_line' id='line_1_21' title="bbox 1866 717 2465 773; baseline -0.002 0"><span class='ocrx_word' id='word_1_134' title='bbox 1866 722 1960 773; x_wconf 91' lang='lat' dir='ltr'><strong>tur</strong></span> <span class='ocrx_word' id='word_1_135' title='bbox 1991 717 2068 772; x_wconf 85' lang='lat' dir='ltr'><strong>ab</strong></span> <span class='ocrx_word' id='word_1_136' title='bbox 2101 717 2465 773; x_wconf 86' lang='lat' dir='ltr'><strong>hominibus.</strong></span> 
     </span>
    </p>
   </div>
   <div class='ocr_carea' id='block_1_22' title="bbox 1941 805 3516 865">
    <p class='ocr_par' dir='ltr' id='par_1_22' title="bbox 1941 805 3516 865">
     <span class='ocr_line' id='line_1_22' title="bbox 1941 805 3516 865; baseline 0.003 -5"><span class='ocrx_word' id='word_1_137' title='bbox 1941 807 2096 861; x_wconf 88' lang='lat' dir='ltr'><strong>Vers.</strong></span> <span class='ocrx_word' id='word_1_138' title='bbox 2127 807 2211 860; x_wconf 72' lang='grc'><strong>14.</strong></span> <span class='ocrx_word' id='word_1_139' title='bbox 2253 807 2448 861; x_wconf 87' lang='lat' dir='ltr'><strong>Vos—</strong></span> <span class='ocrx_word' id='word_1_140' title='bbox 2490 807 2714 862; x_wconf 85' lang='lat' dir='ltr'><strong>mundi.</strong></span> <span class='ocrx_word' id='word_1_141' title='bbox 2766 805 3054 862; x_wconf 81' lang='lat' dir='ltr'><strong>Mundum</strong></span> <span class='ocrx_word' id='word_1_142' title='bbox 3103 821 3310 862; x_wconf 84' lang='lat' dir='ltr'><strong>rursus</strong></span> <span class='ocrx_word' id='word_1_143' title='bbox 3366 807 3516 865; x_wconf 77' lang='lat' dir='ltr'><strong>dixit</strong></span> 
     </span>
    </p>
   </div>
   <div class='ocr_carea' id='block_1_23' title="bbox 1862 895 3513 966">
    <p class='ocr_par' dir='ltr' id='par_1_23' title="bbox 1862 895 3513 966">
     <span class='ocr_line' id='line_1_23' title="bbox 1862 895 3513 966; baseline 0.002 -15"><span class='ocrx_word' id='word_1_144' title='bbox 1862 895 2139 951; x_wconf 82' lang='lat' dir='ltr'><strong>homines</strong></span> <span class='ocrx_word' id='word_1_145' title='bbox 2180 895 2241 951; x_wconf 94' lang='lat' dir='ltr'><strong>in</strong></span> <span class='ocrx_word' id='word_1_146' title='bbox 2303 895 2533 951; x_wconf 90' lang='lat' dir='ltr'><strong>mundo</strong></span> <span class='ocrx_word' id='word_1_147' title='bbox 2595 895 2976 951; x_wconf 87' lang='lat' dir='ltr'><strong>habitantes:</strong></span> <span class='ocrx_word' id='word_1_148' title='bbox 3025 895 3239 966; x_wconf 86' lang='lat' dir='ltr'><strong>quibus</strong></span> <span class='ocrx_word' id='word_1_149' title='bbox 3297 897 3513 954; x_wconf 89' lang='lat' dir='ltr'><strong>erroris</strong></span> 
     </span>
    </p>
   </div>
   <div class='ocr_carea' id='block_1_24' title="bbox 1861 982 3514 1056">
    <p class='ocr_par' dir='ltr' id='par_1_24' title="bbox 1861 982 3514 1056">
     <span class='ocr_line' id='line_1_24' title="bbox 1861 982 3514 1056; baseline 0.002 -17"><span class='ocrx_word' id='word_1_150' title='bbox 1861 984 2113 1054; x_wconf 81' lang='lat' dir='ltr'><strong>caligine</strong></span> <span class='ocrx_word' id='word_1_151' title='bbox 2144 984 2498 1050; x_wconf 80' lang='lat' dir='ltr'><strong>obscuratis,</strong></span> <span class='ocrx_word' id='word_1_152' title='bbox 2560 984 2697 1049; x_wconf 89' lang='lat' dir='ltr'><strong>Vos,</strong></span> <span class='ocrx_word' id='word_1_153' title='bbox 2751 983 2960 1056; x_wconf 77' lang='lat' dir='ltr'><strong>inquit,</strong></span> <span class='ocrx_word' id='word_1_154' title='bbox 3013 982 3181 1040; x_wconf 78' lang='lat' dir='ltr'><strong>electi</strong></span> <span class='ocrx_word' id='word_1_155' title='bbox 3226 984 3387 1049; x_wconf 81' lang='lat' dir='ltr'><strong>estis,</strong></span> <span class='ocrx_word' id='word_1_156' title='bbox 3451 991 3514 1042; x_wconf 91' lang='lat' dir='ltr'><strong>ut</strong></span> 
     </span>
    </p>
   </div>
   <div class='ocr_carea' id='block_1_25' title="bbox 1860 1072 3509 1145">
    <p class='ocr_par' dir='ltr' id='par_1_25' title="bbox 1860 1072 3509 1145">
     <span class='ocr_line' id='line_1_25' title="bbox 1860 1072 3509 1145; baseline 0.002 -17"><span class='ocrx_word' id='word_1_157' title='bbox 1860 1073 1961 1128; x_wconf 83' lang='lat' dir='ltr'><strong>lux</strong></span> <span class='ocrx_word' id='word_1_158' title='bbox 1986 1089 2194 1128; x_wconf 84' lang='lat' dir='ltr'><strong>eorum</strong></span> <span class='ocrx_word' id='word_1_159' title='bbox 2221 1072 2369 1136; x_wconf 90' lang='lat' dir='ltr'><strong>sitis,</strong></span> <span class='ocrx_word' id='word_1_160' title='bbox 2413 1079 2595 1145; x_wconf 89' lang='lat' dir='ltr'><strong>utque</strong></span> <span class='ocrx_word' id='word_1_161' title='bbox 2620 1072 2828 1129; x_wconf 90' lang='lat' dir='ltr'><strong>oculos</strong></span> <span class='ocrx_word' id='word_1_162' title='bbox 2874 1072 3211 1129; x_wconf 87' lang='lat' dir='ltr'><strong>animarum</strong></span> <span class='ocrx_word' id='word_1_163' title='bbox 3241 1072 3509 1145; x_wconf 85' lang='lat' dir='ltr'><strong>ipsorum</strong></span> 
     </span>
    </p>
   </div>
   <div class='ocr_carea' id='block_1_26' title="bbox 1861 1161 3511 1228">
    <p class='ocr_par' dir='ltr' id='par_1_26' title="bbox 1861 1161 3511 1228">
     <span class='ocr_line' id='line_1_26' title="bbox 1861 1161 3511 1228; baseline 0.002 -11"><span class='ocrx_word' id='word_1_164' title='bbox 1861 1163 1990 1218; x_wconf 91' lang='lat' dir='ltr'><strong>luce</strong></span> <span class='ocrx_word' id='word_1_165' title='bbox 2028 1162 2313 1219; x_wconf 68' lang='lat' dir='ltr'><strong>doctrinas</strong></span> <span class='ocrx_word' id='word_1_166' title='bbox 2339 1178 2408 1218; x_wconf 92' lang='lat' dir='ltr'><strong>ac</strong></span> <span class='ocrx_word' id='word_1_167' title='bbox 2440 1162 2700 1218; x_wconf 71' lang='lat' dir='ltr'><strong>scientias</strong></span> <span class='ocrx_word' id='word_1_168' title='bbox 2728 1161 3089 1228; x_wconf 88' lang='lat' dir='ltr'><strong>illuminetis,</strong></span> <span class='ocrx_word' id='word_1_169' title='bbox 3145 1167 3202 1218; x_wconf 88' lang='lat' dir='ltr'><strong>et</strong></span> <span class='ocrx_word' id='word_1_170' title='bbox 3230 1161 3307 1219; x_wconf 91' lang='lat' dir='ltr'><strong>ad</strong></span> <span class='ocrx_word' id='word_1_171' title='bbox 3339 1163 3511 1220; x_wconf 88' lang='lat' dir='ltr'><strong>semi-</strong></span> 
     </span>
    </p>
   </div>
   <div class='ocr_carea' id='block_1_27' title="bbox 1863 1249 3510 1325">
    <p class='ocr_par' dir='ltr' id='par_1_27' title="bbox 1863 1249 3510 1325">
     <span class='ocr_line' id='line_1_27' title="bbox 1863 1249 3510 1325; baseline 0 -17"><span class='ocrx_word' id='word_1_172' title='bbox 1863 1257 1954 1308; x_wconf 88' lang='lat' dir='ltr'><strong>tas</strong></span> <span class='ocrx_word' id='word_1_173' title='bbox 1983 1256 2169 1307; x_wconf 88' lang='lat' dir='ltr'><strong>rectas</strong></span> <span class='ocrx_word' id='word_1_174' title='bbox 2199 1251 2382 1306; x_wconf 79' lang='lat' dir='ltr'><strong>divini</strong></span> <span class='ocrx_word' id='word_1_175' title='bbox 2407 1250 2602 1306; x_wconf 89' lang='lat' dir='ltr'><strong>cultus</strong></span> <span class='ocrx_word' id='word_1_176' title='bbox 2632 1249 2959 1306; x_wconf 90' lang='lat' dir='ltr'><strong>deducatis.</strong></span> <span class='ocrx_word' id='word_1_177' title='bbox 2993 1250 3130 1306; x_wconf 87' lang='lat' dir='ltr'><strong>Ideo</strong></span> <span class='ocrx_word' id='word_1_178' title='bbox 3151 1265 3370 1325; x_wconf 82' lang='lat' dir='ltr'><strong>nempe</strong></span> <span class='ocrx_word' id='word_1_179' title='bbox 3401 1251 3510 1308; x_wconf 91' lang='lat' dir='ltr'><strong>mi-</strong></span> 
     </span>
    </p>
   </div>
   <div class='ocr_carea' id='block_1_28' title="bbox 1863 1338 3508 1396">
    <p class='ocr_par' dir='ltr' id='par_1_28' title="bbox 1863 1338 3508 1396">
     <span class='ocr_line' id='line_1_28' title="bbox 1863 1338 3508 1396; baseline 0 -2"><span class='ocrx_word' id='word_1_180' title='bbox 1863 1339 2171 1396; x_wconf 90' lang='lat' dir='ltr'><strong>nisterium</strong></span> <span class='ocrx_word' id='word_1_181' title='bbox 2201 1339 2447 1395; x_wconf 86' lang='lat' dir='ltr'>saliendi</span> <span class='ocrx_word' id='word_1_182' title='bbox 2478 1355 2547 1395; x_wconf 91' lang='lat' dir='ltr'><strong>ac</strong></span> <span class='ocrx_word' id='word_1_183' title='bbox 2576 1339 2954 1395; x_wconf 89' lang='lat' dir='ltr'><strong>illuminandi</strong></span> <span class='ocrx_word' id='word_1_184' title='bbox 2994 1338 3079 1394; x_wconf 88' lang='lat' dir='ltr'><strong>eis</strong></span> <span class='ocrx_word' id='word_1_185' title='bbox 3137 1341 3508 1396; x_wconf 85' lang='lat' dir='ltr'><strong>commissum</strong></span> 
     </span>
    </p>
   </div>
   <div class='ocr_carea' id='block_1_29' title="bbox 1859 1427 3504 1500">
    <p class='ocr_par' dir='ltr' id='par_1_29' title="bbox 1859 1427 3504 1500">
     <span class='ocr_line' id='line_1_29' title="bbox 1859 1427 3504 1500; baseline -0.001 -16"><span class='ocrx_word' id='word_1_186' title='bbox 1859 1433 2004 1485; x_wconf 91' lang='lat' dir='ltr'><strong>erat.</strong></span> <span class='ocrx_word' id='word_1_187' title='bbox 2038 1428 2304 1484; x_wconf 90' lang='lat' dir='ltr'><strong>Primum</strong></span> <span class='ocrx_word' id='word_1_188' title='bbox 2331 1428 2492 1485; x_wconf 90' lang='lat' dir='ltr'><strong>enim</strong></span> <span class='ocrx_word' id='word_1_189' title='bbox 2521 1431 2755 1500; x_wconf 75' lang='lat' dir='ltr'><strong>oportet</strong></span> <span class='ocrx_word' id='word_1_190' title='bbox 2793 1443 2830 1484; x_wconf 90' lang='lat' dir='ltr'><strong>a</strong></span> <span class='ocrx_word' id='word_1_191' title='bbox 2872 1427 3188 1500; x_wconf 74' lang='lat' dir='ltr'><strong>putredine</strong></span> <span class='ocrx_word' id='word_1_192' title='bbox 3244 1427 3504 1492; x_wconf 88' lang='lat' dir='ltr'><strong>liberari,</strong></span> 
     </span>
    </p>
   </div>
   <div class='ocr_carea' id='block_1_30' title="bbox 1859 1517 2342 1573">
    <p class='ocr_par' dir='ltr' id='par_1_30' title="bbox 1859 1517 2342 1573">
     <span class='ocr_line' id='line_1_30' title="bbox 1859 1517 2342 1573; baseline 0.002 -1"><span class='ocrx_word' id='word_1_193' title='bbox 1859 1517 2073 1573; x_wconf 89' lang='lat' dir='ltr'><strong>deinde</strong></span> <span class='ocrx_word' id='word_1_194' title='bbox 2102 1517 2342 1573; x_wconf 90' lang='lat' dir='ltr'><strong>erudiri.</strong></span> 
     </span>
    </p>
   </div>
   <div class='ocr_carea' id='block_1_31' title="bbox 1929 1606 3507 1679">
    <p class='ocr_par' dir='ltr' id='par_1_31' title="bbox 1929 1606 3507 1679">
     <span class='ocr_line' id='line_1_31' title="bbox 1929 1606 3507 1679; baseline 0.001 -18"><span class='ocrx_word' id='word_1_195' title='bbox 1929 1606 2373 1663; x_wconf 75' lang='grc' dir='ltr'><strong>νει-ε.14.Νοη</strong></span> <span class='ocrx_word' id='word_1_196' title='bbox 2422 1607 2725 1676; x_wconf 80' lang='lat' dir='ltr'><strong>—posita.</strong></span> <span class='ocrx_word' id='word_1_197' title='bbox 2773 1608 2875 1662; x_wconf 89' lang='lat' dir='ltr'><strong>Per</strong></span> <span class='ocrx_word' id='word_1_198' title='bbox 2925 1606 3082 1662; x_wconf 89' lang='lat' dir='ltr'><strong>hanc</strong></span> <span class='ocrx_word' id='word_1_199' title='bbox 3134 1609 3507 1679; x_wconf 88' lang='lat' dir='ltr'><strong>sequentem-</strong></span> 
     </span>
    </p>
   </div>
   <div class='ocr_carea' id='block_1_32' title="bbox 1857 1694 3504 1768">
    <p class='ocr_par' dir='ltr' id='par_1_32' title="bbox 1857 1694 3504 1768">
     <span class='ocr_line' id='line_1_32' title="bbox 1857 1694 3504 1768; baseline 0 -17"><span class='ocrx_word' id='word_1_200' title='bbox 1857 1711 1975 1768; x_wconf 90' lang='lat' dir='ltr'><strong>que</strong></span> <span class='ocrx_word' id='word_1_201' title='bbox 2001 1694 2349 1767; x_wconf 86' lang='lat' dir='ltr'><strong>parabolam</strong></span> <span class='ocrx_word' id='word_1_202' title='bbox 2377 1695 2456 1750; x_wconf 89' lang='lat' dir='ltr'><strong>ad</strong></span> <span class='ocrx_word' id='word_1_203' title='bbox 2502 1696 2630 1750; x_wconf 79' lang='lat' dir='ltr'><strong>vitae</strong></span> <span class='ocrx_word' id='word_1_204' title='bbox 2671 1694 3097 1766; x_wconf 82' lang='lat' dir='ltr'><strong>perfectionem</strong></span> <span class='ocrx_word' id='word_1_205' title='bbox 3124 1710 3194 1751; x_wconf 88' lang='lat' dir='ltr'><strong>ac</strong></span> <span class='ocrx_word' id='word_1_206' title='bbox 3226 1695 3504 1752; x_wconf 82' lang='lat' dir='ltr'><strong>munitio-</strong></span> 
     </span>
    </p>
   </div>
   <div class='ocr_carea' id='block_1_33' title="bbox 1858 1783 3504 1856">
    <p class='ocr_par' dir='ltr' id='par_1_33' title="bbox 1858 1783 3504 1856">
     <span class='ocr_line' id='line_1_33' title="bbox 1858 1783 3504 1856; baseline 0.001 -17"><span class='ocrx_word' id='word_1_207' title='bbox 1858 1799 1994 1840; x_wconf 87' lang='lat' dir='ltr'><strong>nem</strong></span> <span class='ocrx_word' id='word_1_208' title='bbox 2029 1784 2196 1856; x_wconf 90' lang='lat' dir='ltr'><strong>ipsos</strong></span> <span class='ocrx_word' id='word_1_209' title='bbox 2229 1783 2455 1839; x_wconf 82' lang='lat' dir='ltr'><strong>inducit</strong></span> <span class='ocrx_word' id='word_1_210' title='bbox 2485 1784 2618 1855; x_wconf 89' lang='lat' dir='ltr'><strong>(rr),</strong></span> <span class='ocrx_word' id='word_1_211' title='bbox 2655 1789 2713 1839; x_wconf 90' lang='lat' dir='ltr'><strong>et</strong></span> <span class='ocrx_word' id='word_1_212' title='bbox 2739 1783 3132 1839; x_wconf 75' lang='lat' dir='ltr'><strong>certaminum</strong></span> <span class='ocrx_word' id='word_1_213' title='bbox 3188 1785 3504 1856; x_wconf 72' lang='lat' dir='ltr'><strong>praefectos</strong></span> 
     </span>
    </p>
   </div>
   <div class='ocr_carea' id='block_1_34' title="bbox 132 1871 1747 1952">
    <p class='ocr_par' dir='ltr' id='par_1_34' title="bbox 132 1875 1746 1948">
     <span class='ocr_line' id='line_1_34' title="bbox 132 1875 1746 1948; baseline 0.001 -22"><span class='ocrx_word' id='word_1_214' title='bbox 132 1876 251 1926; x_wconf 78' lang='grc' dir='ltr'>ὑπὸ</span> <span class='ocrx_word' id='word_1_215' title='bbox 303 1881 415 1938; x_wconf 86' lang='grc' dir='ltr'>τοῖς</span> <span class='ocrx_word' id='word_1_216' title='bbox 461 1875 695 1928; x_wconf 83' lang='grc' dir='ltr'>ἁπάντων</span> <span class='ocrx_word' id='word_1_217' title='bbox 751 1875 1030 1948; x_wconf 75' lang='grc' dir='ltr'>ὀφθαλμοῖς</span> <span class='ocrx_word' id='word_1_218' title='bbox 1086 1883 1180 1928; x_wconf 77' lang='grc' dir='ltr'>τοῦ</span> <span class='ocrx_word' id='word_1_219' title='bbox 1233 1875 1416 1928; x_wconf 84' lang='grc' dir='ltr'>λοιποῦ</span> <span class='ocrx_word' id='word_1_220' title='bbox 1463 1878 1746 1946; x_wconf 77' lang='grc' dir='ltr'>κειμένους,</span> 
     </span>
    </p>
   </div>
   <div class='ocr_carea' id='block_1_35' title="bbox 1865 1871 3506 1952">
    <p class='ocr_par' dir='ltr' id='par_1_35' title="bbox 1865 1871 3506 1945">
     <span class='ocr_line' id='line_1_35' title="bbox 1865 1871 3506 1945; baseline 0.001 -16"><span class='ocrx_word' id='word_1_221' title='bbox 1865 1888 1987 1930; x_wconf 82' lang='lat' dir='ltr'><strong>esse</strong></span> <span class='ocrx_word' id='word_1_222' title='bbox 2008 1873 2196 1944; x_wconf 88' lang='lat' dir='ltr'><strong>jubet,</strong></span> <span class='ocrx_word' id='word_1_223' title='bbox 2230 1877 2519 1944; x_wconf 86' lang='lat' dir='ltr'><strong>tanquam</strong></span> <span class='ocrx_word' id='word_1_224' title='bbox 2562 1872 2676 1928; x_wconf 89' lang='lat' dir='ltr'><strong>sub</strong></span> <span class='ocrx_word' id='word_1_225' title='bbox 2704 1871 2968 1928; x_wconf 88' lang='lat' dir='ltr'><strong>omnium</strong></span> <span class='ocrx_word' id='word_1_226' title='bbox 2997 1871 3186 1929; x_wconf 90' lang='lat' dir='ltr'><strong>oculis</strong></span> <span class='ocrx_word' id='word_1_227' title='bbox 3223 1872 3283 1929; x_wconf 94' lang='lat' dir='ltr'><strong>in</strong></span> <span class='ocrx_word' id='word_1_228' title='bbox 3313 1877 3506 1945; x_wconf 85' lang='lat' dir='ltr'><strong>poste-</strong></span> 
     </span>
    </p>
   </div>
   <div class='ocr_carea' id='block_1_36' title="bbox 132 1963 1748 2040">
    <p class='ocr_par' dir='ltr' id='par_1_36' title="bbox 132 1963 1748 2040">
     <span class='ocr_line' id='line_1_36' title="bbox 132 1963 1748 2040; baseline 0.001 -25"><span class='ocrx_word' id='word_1_229' title='bbox 132 1968 239 2016; x_wconf 78' lang='grc' dir='ltr'>καὶ</span> <span class='ocrx_word' id='word_1_230' title='bbox 291 1963 342 2016; x_wconf 80' lang='grc' dir='ltr'>ἐν</span> <span class='ocrx_word' id='word_1_231' title='bbox 390 1969 532 2038; x_wconf 83' lang='grc' dir='ltr'>μέσῳ</span> <span class='ocrx_word' id='word_1_232' title='bbox 577 1973 650 2036; x_wconf 85' lang='grc' dir='ltr'>τῷ</span> <span class='ocrx_word' id='word_1_233' title='bbox 709 1966 908 2040; x_wconf 78' lang='grc' dir='ltr'>θεάτρῳ</span> <span class='ocrx_word' id='word_1_234' title='bbox 944 1973 1035 2024; x_wconf 81' lang='grc' dir='ltr'>τῆς</span> <span class='ocrx_word' id='word_1_235' title='bbox 1081 1963 1378 2036; x_wconf 72' lang='grc' dir='ltr'>οἰκουμένης</span> <span class='ocrx_word' id='word_1_236' title='bbox 1421 1963 1748 2036; x_wconf 78' lang='grc' dir='ltr'>ἀγωνιζομέ-</span> 
     </span>
    </p>
   </div>
   <div class='ocr_carea' id='block_1_37' title="bbox 134 2049 1749 2124">
    <p class='ocr_par' dir='ltr' id='par_1_37' title="bbox 134 2049 1749 2124">
     <span class='ocr_line' id='line_1_37' title="bbox 134 2049 1749 2124; baseline 0.002 -24"><span class='ocrx_word' id='word_1_237' title='bbox 134 2069 286 2112; x_wconf 90' lang='grc' dir='ltr'>νους.</span> <span class='ocrx_word' id='word_1_238' title='bbox 363 2053 439 2104; x_wconf 80' lang='grc' dir='ltr'><strong>Οὐ</strong></span> <span class='ocrx_word' id='word_1_239' title='bbox 522 2049 764 2122; x_wconf 85' lang='grc' dir='ltr'>δύναται,</span> <span class='ocrx_word' id='word_1_240' title='bbox 831 2056 984 2123; x_wconf 73' lang='grc' dir='ltr'>φησὶ,</span> <span class='ocrx_word' id='word_1_241' title='bbox 1053 2052 1198 2111; x_wconf 85' lang='grc' dir='ltr'>πόλις</span> <span class='ocrx_word' id='word_1_242' title='bbox 1269 2051 1526 2124; x_wconf 81' lang='grc' dir='ltr'>κρυϐῆναι</span> <span class='ocrx_word' id='word_1_243' title='bbox 1582 2051 1749 2104; x_wconf 70' lang='grc' dir='ltr'>ἂπάνω</span> 
     </span>
    </p>
   </div>
   <div class='ocr_carea' id='block_1_38' title="bbox 141 2135 1749 2212">
    <p class='ocr_par' dir='ltr' id='par_1_38' title="bbox 141 2135 1749 2212">
     <span class='ocr_line' id='line_1_38' title="bbox 141 2135 1749 2212; baseline 0.001 -22"><span class='ocrx_word' id='word_1_244' title='bbox 141 2143 304 2211; x_wconf 79' lang='grc' dir='ltr'>ὄρους</span> <span class='ocrx_word' id='word_1_245' title='bbox 347 2144 555 2212; x_wconf 74' lang='grc' dir='ltr'>κειμένη</span> <span class='ocrx_word' id='word_1_246' title='bbox 591 2161 605 2174; x_wconf 76' lang='grc' dir='ltr'><strong>ο</strong></span> <span class='ocrx_word' id='word_1_247' title='bbox 670 2137 795 2192; x_wconf 73' lang='grc' dir='ltr'>ούδε</span> <span class='ocrx_word' id='word_1_248' title='bbox 852 2141 998 2210; x_wconf 80' lang='grc' dir='ltr'>ὑμεῖς</span> <span class='ocrx_word' id='word_1_249' title='bbox 1055 2135 1282 2191; x_wconf 79' lang='grc' dir='ltr'>δύνασθε</span> <span class='ocrx_word' id='word_1_250' title='bbox 1337 2139 1616 2212; x_wconf 85' lang='grc' dir='ltr'>κρυϐῆναι,</span> <span class='ocrx_word' id='word_1_251' title='bbox 1665 2143 1749 2192; x_wconf 74' lang='grc' dir='ltr'>ἐπὶ</span> 
     </span>
    </p>
   </div>
   <div class='ocr_carea' id='block_1_39' title="bbox 140 2224 1749 2300">
    <p class='ocr_par' dir='ltr' id='par_1_39' title="bbox 140 2224 1749 2300">
     <span class='ocr_line' id='line_1_39' title="bbox 140 2224 1749 2300; baseline 0.002 -23"><span class='ocrx_word' id='word_1_252' title='bbox 140 2235 244 2278; x_wconf 84' lang='grc' dir='ltr'>τοῦ</span> <span class='ocrx_word' id='word_1_253' title='bbox 270 2228 435 2299; x_wconf 77' lang='grc' dir='ltr'>ὕψους</span> <span class='ocrx_word' id='word_1_254' title='bbox 466 2236 559 2288; x_wconf 82' lang='grc' dir='ltr'><strong>τῆς</strong></span> <span class='ocrx_word' id='word_1_255' title='bbox 589 2224 945 2289; x_wconf 73' lang='grc' dir='ltr'>διδασκαλίας</span> <span class='ocrx_word' id='word_1_256' title='bbox 970 2229 1216 2288; x_wconf 81' lang='grc' dir='ltr'>τεθέντες.</span> <span class='ocrx_word' id='word_1_257' title='bbox 1251 2231 1442 2281; x_wconf 79' lang='grc' dir='ltr'>Λοιπὸν</span> <span class='ocrx_word' id='word_1_258' title='bbox 1473 2225 1560 2280; x_wconf 81' lang='grc' dir='ltr'>οὖν</span> <span class='ocrx_word' id='word_1_259' title='bbox 1584 2247 1749 2300; x_wconf 87' lang='grc' dir='ltr'>προσ-</span> 
     </span>
    </p>
   </div>
   <div class='ocr_carea' id='block_1_40' title="bbox 142 2315 1751 2387">
    <p class='ocr_par' dir='ltr' id='par_1_40' title="bbox 142 2315 1751 2387">
     <span class='ocr_line' id='line_1_40' title="bbox 142 2315 1751 2387; baseline 0.002 -21"><span class='ocrx_word' id='word_1_260' title='bbox 142 2319 310 2386; x_wconf 82' lang='grc' dir='ltr'>έκετε,</span> <span class='ocrx_word' id='word_1_261' title='bbox 387 2324 498 2378; x_wconf 84' lang='grc' dir='ltr'><strong>πῶς</strong></span> <span class='ocrx_word' id='word_1_262' title='bbox 560 2315 892 2370; x_wconf 80' lang='grc' dir='ltr'>πολιτεύεσθε</span> <span class='ocrx_word' id='word_1_263' title='bbox 957 2321 1046 2368; x_wconf 80' lang='grc' dir='ltr'>καὶ</span> <span class='ocrx_word' id='word_1_264' title='bbox 1097 2318 1307 2387; x_wconf 75' lang='grc' dir='ltr'>γίνεσθε</span> <span class='ocrx_word' id='word_1_265' title='bbox 1376 2324 1481 2377; x_wconf 86' lang='grc' dir='ltr'>τοῖς</span> <span class='ocrx_word' id='word_1_266' title='bbox 1539 2316 1751 2370; x_wconf 78' lang='grc' dir='ltr'>ἀποϐλέ-</span> 
     </span>
    </p>
   </div>
   <div class='ocr_carea' id='block_1_41' title="bbox 133 2403 1747 2477">
    <p class='ocr_par' dir='ltr' id='par_1_41' title="bbox 133 2403 1747 2477">
     <span class='ocr_line' id='line_1_41' title="bbox 133 2403 1747 2477; baseline 0.002 -21"><span class='ocrx_word' id='word_1_267' title='bbox 133 2422 342 2456; x_wconf 84' lang='grc' dir='ltr'>πουσιν</span> <span class='ocrx_word' id='word_1_268' title='bbox 375 2405 446 2466; x_wconf 87' lang='grc' dir='ltr'>εἰς</span> <span class='ocrx_word' id='word_1_269' title='bbox 502 2405 635 2477; x_wconf 77' lang='grc' dir='ltr'>ὑμᾶς</span> <span class='ocrx_word' id='word_1_270' title='bbox 691 2405 958 2458; x_wconf 84' lang='grc' dir='ltr'>κάλλιστον</span> <span class='ocrx_word' id='word_1_271' title='bbox 1007 2403 1304 2477; x_wconf 80' lang='grc' dir='ltr'>ἀρχέτυπον</span> <span class='ocrx_word' id='word_1_272' title='bbox 1342 2409 1433 2458; x_wconf 85' lang='grc' dir='ltr'><strong>καί</strong></span> <span class='ocrx_word' id='word_1_273' title='bbox 1489 2404 1609 2459; x_wconf 83' lang='grc' dir='ltr'>ϐίου</span> <span class='ocrx_word' id='word_1_274' title='bbox 1659 2411 1747 2459; x_wconf 79' lang='grc' dir='ltr'><strong>καὶ</strong></span> 
     </span>
    </p>
   </div>
   <div class='ocr_carea' id='block_1_42' title="bbox 131 2491 322 2564">
    <p class='ocr_par' dir='ltr' id='par_1_42' title="bbox 131 2491 322 2564">
     <span class='ocr_line' id='line_1_42' title="bbox 131 2491 322 2564; baseline 0.01 -20"><span class='ocrx_word' id='word_1_275' title='bbox 131 2491 322 2564; x_wconf 76' lang='grc' dir='ltr'>λόγου.</span> 
     </span>
    </p>
   </div>
   <div class='ocr_carea' id='block_1_43' title="bbox 215 2577 1746 2655">
    <p class='ocr_par' dir='ltr' id='par_1_43' title="bbox 215 2577 1746 2655">
     <span class='ocr_line' id='line_1_43' title="bbox 215 2577 1746 2655; baseline 0.001 -21"><span class='ocrx_word' id='word_1_276' title='bbox 215 2577 455 2634; x_wconf 62' lang='lat' dir='ltr'><strong>Ovidi—</strong></span> <span class='ocrx_word' id='word_1_277' title='bbox 500 2589 612 2645; x_wconf 85' lang='grc' dir='ltr'>τοῖς</span> <span class='ocrx_word' id='word_1_278' title='bbox 649 2581 698 2634; x_wconf 77' lang='grc' dir='ltr'>ἐν</span> <span class='ocrx_word' id='word_1_279' title='bbox 744 2590 810 2655; x_wconf 74' lang='grc' dir='ltr'>τῇ</span> <span class='ocrx_word' id='word_1_280' title='bbox 861 2582 1025 2655; x_wconf 80' lang='grc' dir='ltr'>οἰκίᾳ.</span> <span class='ocrx_word' id='word_1_281' title='bbox 1086 2577 1220 2635; x_wconf 78' lang='grc' dir='ltr'>Οὐδ’</span> <span class='ocrx_word' id='word_1_282' title='bbox 1275 2581 1565 2636; x_wconf 77' lang='grc' dir='ltr'>ἀνάπτουσι</span> <span class='ocrx_word' id='word_1_283' title='bbox 1619 2602 1746 2645; x_wconf 89' lang='grc' dir='ltr'>τινες</span> 
     </span>
    </p>
   </div>
   <div class='ocr_carea' id='block_1_44' title="bbox 133 2668 1745 2744">
    <p class='ocr_par' dir='ltr' id='par_1_44' title="bbox 133 2668 1745 2744">
     <span class='ocr_line' id='line_1_44' title="bbox 133 2668 1745 2744; baseline 0.001 -22"><span class='ocrx_word' id='word_1_284' title='bbox 133 2669 358 2742; x_wconf 86' lang='grc' dir='ltr'>λύχνον,</span> <span class='ocrx_word' id='word_1_285' title='bbox 405 2674 591 2724; x_wconf 85' lang='grc' dir='ltr'>καὶτὰ</span> <span class='ocrx_word' id='word_1_286' title='bbox 645 2671 780 2734; x_wconf 81' lang='grc' dir='ltr'><strong>ἑξῆς.</strong></span> <span class='ocrx_word' id='word_1_287' title='bbox 833 2675 1030 2726; x_wconf 84' lang='grc' dir='ltr'>Λοιπὸν</span> <span class='ocrx_word' id='word_1_288' title='bbox 1083 2668 1173 2723; x_wconf 82' lang='grc' dir='ltr'>οὖν</span> <span class='ocrx_word' id='word_1_289' title='bbox 1219 2669 1336 2724; x_wconf 77' lang='grc' dir='ltr'>οὐδ’</span> <span class='ocrx_word' id='word_1_290' title='bbox 1383 2674 1500 2744; x_wconf 78' lang='grc' dir='ltr'>ἐγὼ,</span> <span class='ocrx_word' id='word_1_291' title='bbox 1543 2671 1745 2742; x_wconf 73' lang='grc' dir='ltr'>ἀνάψας</span> 
     </span>
    </p>
   </div>
   <div class='ocr_carea' id='block_1_45' title="bbox 135 2759 1739 2835">
    <p class='ocr_par' dir='ltr' id='par_1_45' title="bbox 135 2759 1739 2835">
     <span class='ocr_line' id='line_1_45' title="bbox 135 2759 1739 2835; baseline 0.001 -25"><span class='ocrx_word' id='word_1_292' title='bbox 135 2760 283 2831; x_wconf 80' lang='grc' dir='ltr'>ὑμᾶς</span> <span class='ocrx_word' id='word_1_293' title='bbox 322 2765 451 2832; x_wconf 77' lang='grc' dir='ltr'>φωτὶ</span> <span class='ocrx_word' id='word_1_294' title='bbox 507 2763 833 2832; x_wconf 86' lang='grc' dir='ltr'>θεογνωσίας,</span> <span class='ocrx_word' id='word_1_295' title='bbox 883 2759 1141 2834; x_wconf 75' lang='grc' dir='ltr'>βούλομαι</span> <span class='ocrx_word' id='word_1_296' title='bbox 1195 2765 1328 2832; x_wconf 83' lang='grc' dir='ltr'>ῦμᾶς</span> <span class='ocrx_word' id='word_1_297' title='bbox 1376 2763 1699 2835; x_wconf 87' lang='grc' dir='ltr'>κρύπτεσθαι</span> <span class='ocrx_word' id='word_1_298' title='bbox 1727 2779 1739 2792; x_wconf 86' lang='grc'>·</span> 
     </span>
    </p>
   </div>
   <div class='ocr_carea' id='block_1_46' title="bbox 139 2845 1742 2922">
    <p class='ocr_par' dir='ltr' id='par_1_46' title="bbox 139 2845 1742 2922">
     <span class='ocr_line' id='line_1_46' title="bbox 139 2845 1742 2922; baseline 0.003 -24"><span class='ocrx_word' id='word_1_299' title='bbox 139 2846 256 2899; x_wconf 80' lang='grc' dir='ltr'>ἀλλ’</span> <span class='ocrx_word' id='word_1_300' title='bbox 317 2845 434 2901; x_wconf 83' lang='grc' dir='ltr'>ἰδοὺ</span> <span class='ocrx_word' id='word_1_301' title='bbox 481 2851 667 2922; x_wconf 76' lang='grc' dir='ltr'>τίθημι</span> <span class='ocrx_word' id='word_1_302' title='bbox 715 2851 849 2922; x_wconf 85' lang='grc' dir='ltr'>ὑμᾶς</span> <span class='ocrx_word' id='word_1_303' title='bbox 900 2849 984 2902; x_wconf 75' lang='grc' dir='ltr'><strong>ἐπὶ</strong></span> <span class='ocrx_word' id='word_1_304' title='bbox 1037 2853 1131 2908; x_wconf 75' lang='grc' dir='ltr'>τὴν</span> <span class='ocrx_word' id='word_1_305' title='bbox 1185 2849 1425 2921; x_wconf 87' lang='grc' dir='ltr'>λυχνίαν,</span> <span class='ocrx_word' id='word_1_306' title='bbox 1465 2850 1593 2922; x_wconf 77' lang='grc' dir='ltr'>λέγω</span> <span class='ocrx_word' id='word_1_307' title='bbox 1654 2847 1742 2919; x_wconf 85' lang='grc' dir='ltr'>δὴ,</span> 
     </span>
    </p>
   </div>
   <div class='ocr_carea' id='block_1_47' title="bbox 141 2935 1743 3012">
    <p class='ocr_par' dir='ltr' id='par_1_47' title="bbox 141 2935 1743 3012">
     <span class='ocr_line' id='line_1_47' title="bbox 141 2935 1743 3012; baseline 0.002 -24"><span class='ocrx_word' id='word_1_308' title='bbox 141 2935 231 2988; x_wconf 80' lang='grc' dir='ltr'><strong>ἐπὶ</strong></span> <span class='ocrx_word' id='word_1_309' title='bbox 279 2941 366 2989; x_wconf 86' lang='grc' dir='ltr'><strong>τόν</strong></span> <span class='ocrx_word' id='word_1_310' title='bbox 412 2937 610 3008; x_wconf 77' lang='grc' dir='ltr'>ὑψηλὸν</span> <span class='ocrx_word' id='word_1_311' title='bbox 651 2943 806 2991; x_wconf 89' lang='grc' dir='ltr'>τόπον</span> <span class='ocrx_word' id='word_1_312' title='bbox 846 2948 938 3000; x_wconf 81' lang='grc' dir='ltr'>τῆς</span> <span class='ocrx_word' id='word_1_313' title='bbox 979 2935 1352 3005; x_wconf 83' lang='grc' dir='ltr'>διδασκαλίας,</span> <span class='ocrx_word' id='word_1_314' title='bbox 1399 2941 1533 2992; x_wconf 78' lang='grc' dir='ltr'>ὥστε</span> <span class='ocrx_word' id='word_1_315' title='bbox 1581 2943 1743 3012; x_wconf 77' lang='grc' dir='ltr'>φωτί-</span> 
     </span>
    </p>
   </div>
   <div class='ocr_carea' id='block_1_48' title="bbox 143 3025 1117 3101">
    <p class='ocr_par' dir='ltr' id='par_1_48' title="bbox 143 3025 1117 3101">
     <span class='ocr_line' id='line_1_48' title="bbox 143 3025 1117 3101; baseline 0.003 -25"><span class='ocrx_word' id='word_1_316' title='bbox 143 3025 254 3085; x_wconf 85' lang='grc' dir='ltr'>ζειν</span> <span class='ocrx_word' id='word_1_317' title='bbox 284 3027 477 3087; x_wconf 84' lang='grc' dir='ltr'>πάντας</span> <span class='ocrx_word' id='word_1_318' title='bbox 505 3031 621 3088; x_wconf 84' lang='grc' dir='ltr'>τοὺς</span> <span class='ocrx_word' id='word_1_319' title='bbox 647 3026 695 3079; x_wconf 82' lang='grc' dir='ltr'>ἐν</span> <span class='ocrx_word' id='word_1_320' title='bbox 725 3036 787 3100; x_wconf 74' lang='grc' dir='ltr'>τῇ</span> <span class='ocrx_word' id='word_1_321' title='bbox 817 3029 1117 3101; x_wconf 79' lang='grc' dir='ltr'>οἰκουμένη.</span> 
     </span>
    </p>
   </div>
   <div class='ocr_carea' id='block_1_49' title="bbox 141 3115 1744 3191">
    <p class='ocr_par' dir='ltr' id='par_1_49' title="bbox 141 3115 1744 3191">
     <span class='ocr_line' id='line_1_49' title="bbox 141 3115 1744 3191; baseline 0.003 -24"><span class='ocrx_word' id='word_1_322' title='bbox 141 3120 143 3122; x_wconf 72' lang='grc'><em>’</em></span> <span class='ocrx_word' id='word_1_323' title='bbox 217 3115 367 3167; x_wconf 80' lang='grc' dir='ltr'>Οὕτω</span> <span class='ocrx_word' id='word_1_324' title='bbox 415 3145 483 3156; x_wconf 84' lang='grc'><strong>--</strong></span> <span class='ocrx_word' id='word_1_325' title='bbox 532 3120 618 3169; x_wconf 88' lang='grc' dir='ltr'>τὸν</span> <span class='ocrx_word' id='word_1_326' title='bbox 673 3116 720 3168; x_wconf 79' lang='grc' dir='ltr'>ἐν</span> <span class='ocrx_word' id='word_1_327' title='bbox 777 3125 888 3179; x_wconf 91' lang='grc' dir='ltr'>τοῖς</span> <span class='ocrx_word' id='word_1_328' title='bbox 949 3117 1198 3190; x_wconf 71' lang='grc' dir='ltr'>οὐρανοῖς.</span> <span class='ocrx_word' id='word_1_329' title='bbox 1262 3116 1565 3191; x_wconf 73' lang='grc' dir='ltr'>[Λαμψάτω</span> <span class='ocrx_word' id='word_1_330' title='bbox 1628 3117 1744 3189; x_wconf 74' lang='grc'><strong>(47)</strong></span> 
     </span>
    </p>
   </div>
   <div class='ocr_carea' id='block_1_50' title="bbox 1856 1961 3504 2032">
    <p class='ocr_par' dir='ltr' id='par_1_50' title="bbox 1856 1961 3504 2032">
     <span class='ocr_line' id='line_1_50' title="bbox 1856 1961 3504 2032; baseline 0.001 -14"><span class='ocrx_word' id='word_1_331' title='bbox 1856 1977 1992 2018; x_wconf 91' lang='lat' dir='ltr'><strong>rum</strong></span> <span class='ocrx_word' id='word_1_332' title='bbox 2024 1963 2354 2032; x_wconf 91' lang='lat' dir='ltr'><strong>ponendos,</strong></span> <span class='ocrx_word' id='word_1_333' title='bbox 2387 1966 2444 2017; x_wconf 90' lang='lat' dir='ltr'><strong>et</strong></span> <span class='ocrx_word' id='word_1_334' title='bbox 2468 1961 2529 2017; x_wconf 91' lang='lat' dir='ltr'><strong>in</strong></span> <span class='ocrx_word' id='word_1_335' title='bbox 2576 1961 2776 2017; x_wconf 93' lang='lat' dir='ltr'><strong>medio</strong></span> <span class='ocrx_word' id='word_1_336' title='bbox 2806 1961 2984 2032; x_wconf 87' lang='lat' dir='ltr'><strong>hujus</strong></span> <span class='ocrx_word' id='word_1_337' title='bbox 3013 1961 3225 2017; x_wconf 90' lang='lat' dir='ltr'><strong>mundi</strong></span> <span class='ocrx_word' id='word_1_338' title='bbox 3275 1962 3504 2020; x_wconf 87' lang='lat' dir='ltr'><strong>theatro</strong></span> 
     </span>
    </p>
   </div>
   <div class='ocr_carea' id='block_1_51' title="bbox 1857 2050 3501 2122">
    <p class='ocr_par' dir='ltr' id='par_1_51' title="bbox 1857 2050 3501 2122">
     <span class='ocr_line' id='line_1_51' title="bbox 1857 2050 3501 2122; baseline 0.001 -15"><span class='ocrx_word' id='word_1_339' title='bbox 1857 2055 2167 2107; x_wconf 82' lang='lat' dir='ltr'><strong>certantes.</strong></span> <span class='ocrx_word' id='word_1_340' title='bbox 2196 2052 2326 2107; x_wconf 88' lang='lat' dir='ltr'><strong>Non</strong></span> <span class='ocrx_word' id='word_1_341' title='bbox 2352 2057 2562 2120; x_wconf 88' lang='lat' dir='ltr'><strong>potest,</strong></span> <span class='ocrx_word' id='word_1_342' title='bbox 2595 2050 2806 2122; x_wconf 86' lang='lat' dir='ltr'><strong>inquit,</strong></span> <span class='ocrx_word' id='word_1_343' title='bbox 2859 2051 3060 2108; x_wconf 77' lang='lat' dir='ltr'><strong>civitas</strong></span> <span class='ocrx_word' id='word_1_344' title='bbox 3089 2050 3367 2108; x_wconf 78' lang='lat' dir='ltr'><strong>abscondi</strong></span> <span class='ocrx_word' id='word_1_345' title='bbox 3401 2068 3501 2108; x_wconf 78' lang='lat' dir='ltr'><strong>su-</strong></span> 
     </span>
    </p>
   </div>
   <div class='ocr_carea' id='block_1_52' title="bbox 1858 2140 3504 2213">
    <p class='ocr_par' dir='ltr' id='par_1_52' title="bbox 1858 2140 3504 2213">
     <span class='ocr_line' id='line_1_52' title="bbox 1858 2140 3504 2213; baseline 0.001 -16"><span class='ocrx_word' id='word_1_346' title='bbox 1858 2146 2222 2212; x_wconf 82' lang='lat' dir='ltr'><strong>permontem</strong></span> <span class='ocrx_word' id='word_1_347' title='bbox 2273 2141 2481 2211; x_wconf 82' lang='lat' dir='ltr'><strong>posita.</strong></span> <span class='ocrx_word' id='word_1_348' title='bbox 2537 2141 2740 2212; x_wconf 87' lang='lat' dir='ltr'><strong>Neque</strong></span> <span class='ocrx_word' id='word_1_349' title='bbox 2768 2155 2876 2197; x_wconf 80' lang='lat' dir='ltr'><strong>vos</strong></span> <span class='ocrx_word' id='word_1_350' title='bbox 2929 2140 3212 2197; x_wconf 86' lang='lat' dir='ltr'><strong>occultari</strong></span> <span class='ocrx_word' id='word_1_351' title='bbox 3262 2142 3504 2213; x_wconf 82' lang='lat' dir='ltr'><strong>potestis</strong></span> 
     </span>
    </p>
   </div>
   <div class='ocr_carea' id='block_1_53' title="bbox 1857 2227 3505 2301">
    <p class='ocr_par' dir='ltr' id='par_1_53' title="bbox 1857 2227 3505 2301">
     <span class='ocr_line' id='line_1_53' title="bbox 1857 2227 3505 2301; baseline 0.001 -16"><span class='ocrx_word' id='word_1_352' title='bbox 1857 2229 1919 2285; x_wconf 90' lang='lat' dir='ltr'><strong>in</strong></span> <span class='ocrx_word' id='word_1_353' title='bbox 1957 2229 2242 2285; x_wconf 66' lang='lat' dir='ltr'><strong>doctrinae</strong></span> <span class='ocrx_word' id='word_1_354' title='bbox 2268 2228 2579 2285; x_wconf 83' lang='lat' dir='ltr'><strong>altitudine</strong></span> <span class='ocrx_word' id='word_1_355' title='bbox 2609 2227 2898 2286; x_wconf 87' lang='lat' dir='ltr'><strong>collocati.</strong></span> <span class='ocrx_word' id='word_1_356' title='bbox 2943 2228 3258 2300; x_wconf 81' lang='lat' dir='ltr'><strong>Reliquum</strong></span> <span class='ocrx_word' id='word_1_357' title='bbox 3287 2234 3374 2286; x_wconf 91' lang='lat' dir='ltr'><strong>est</strong></span> <span class='ocrx_word' id='word_1_358' title='bbox 3401 2230 3505 2301; x_wconf 90' lang='lat' dir='ltr'><strong>igi-</strong></span> 
     </span>
    </p>
   </div>
   <div class='ocr_carea' id='block_1_54' title="bbox 1858 2315 3504 2389">
    <p class='ocr_par' dir='ltr' id='par_1_54' title="bbox 1858 2315 3504 2389">
     <span class='ocr_line' id='line_1_54' title="bbox 1858 2315 3504 2389; baseline 0.001 -16"><span class='ocrx_word' id='word_1_359' title='bbox 1858 2321 1972 2383; x_wconf 89' lang='lat' dir='ltr'><strong>tur,</strong></span> <span class='ocrx_word' id='word_1_360' title='bbox 2005 2323 2070 2373; x_wconf 92' lang='lat' dir='ltr'><strong>ut</strong></span> <span class='ocrx_word' id='word_1_361' title='bbox 2100 2316 2334 2372; x_wconf 89' lang='lat' dir='ltr'><strong>solliciti</strong></span> <span class='ocrx_word' id='word_1_362' title='bbox 2366 2315 2513 2382; x_wconf 83' lang='lat' dir='ltr'><strong>sitis,</strong></span> <span class='ocrx_word' id='word_1_363' title='bbox 2539 2316 2851 2389; x_wconf 91' lang='lat' dir='ltr'><strong>quomodo</strong></span> <span class='ocrx_word' id='word_1_364' title='bbox 2882 2316 3242 2389; x_wconf 83' lang='lat' dir='ltr'><strong>gubernatis,</strong></span> <span class='ocrx_word' id='word_1_365' title='bbox 3299 2322 3356 2374; x_wconf 89' lang='lat' dir='ltr'><strong>et</strong></span> <span class='ocrx_word' id='word_1_366' title='bbox 3376 2317 3504 2374; x_wconf 88' lang='lat' dir='ltr'><strong>aliis</strong></span> 
     </span>
    </p>
   </div>
   <div class='ocr_carea' id='block_1_55' title="bbox 1855 2405 3506 2480">
    <p class='ocr_par' dir='ltr' id='par_1_55' title="bbox 1855 2405 3506 2480">
     <span class='ocr_line' id='line_1_55' title="bbox 1855 2405 3506 2480; baseline 0.001 -17"><span class='ocrx_word' id='word_1_367' title='bbox 1855 2405 2064 2463; x_wconf 90' lang='lat' dir='ltr'><strong>oculos</strong></span> <span class='ocrx_word' id='word_1_368' title='bbox 2088 2406 2145 2461; x_wconf 90' lang='lat' dir='ltr'>in</span> <span class='ocrx_word' id='word_1_369' title='bbox 2171 2421 2274 2462; x_wconf 85' lang='lat' dir='ltr'><strong>vos</strong></span> <span class='ocrx_word' id='word_1_370' title='bbox 2303 2405 2646 2476; x_wconf 85' lang='lat' dir='ltr'><strong>ﬁgentibus,</strong></span> <span class='ocrx_word' id='word_1_371' title='bbox 2700 2406 2996 2478; x_wconf 90' lang='lat' dir='ltr'><strong>optimum</strong></span> <span class='ocrx_word' id='word_1_372' title='bbox 3025 2405 3151 2462; x_wconf 88' lang='lat' dir='ltr'><strong>sitis</strong></span> <span class='ocrx_word' id='word_1_373' title='bbox 3197 2406 3506 2480; x_wconf 82' lang='lat' dir='ltr'><strong>exemplar</strong></span> 
     </span>
    </p>
   </div>
   <div class='ocr_carea' id='block_1_56' title="bbox 1854 2495 2419 2554">
    <p class='ocr_par' dir='ltr' id='par_1_56' title="bbox 1854 2495 2419 2554">
     <span class='ocr_line' id='line_1_56' title="bbox 1854 2495 2419 2554; baseline -0.007 -1"><span class='ocrx_word' id='word_1_374' title='bbox 1854 2496 1986 2554; x_wconf 61' lang='lat' dir='ltr'><strong>vita</strong></span> <span class='ocrx_word' id='word_1_375' title='bbox 2014 2511 2086 2551; x_wconf 90' lang='lat' dir='ltr'><strong>ac</strong></span> <span class='ocrx_word' id='word_1_376' title='bbox 2115 2495 2419 2551; x_wconf 66' lang='lat' dir='ltr'><strong>doctrinm.</strong></span> 
     </span>
    </p>
   </div>
   <div class='ocr_carea' id='block_1_57' title="bbox 1928 2584 3502 2658">
    <p class='ocr_par' dir='ltr' id='par_1_57' title="bbox 1928 2584 3502 2658">
     <span class='ocr_line' id='line_1_57' title="bbox 1928 2584 3502 2658; baseline 0.001 -17"><span class='ocrx_word' id='word_1_377' title='bbox 1928 2585 2089 2641; x_wconf 89' lang='lat' dir='ltr'><strong>Vers.</strong></span> <span class='ocrx_word' id='word_1_378' title='bbox 2124 2585 2209 2640; x_wconf 75' lang='grc'><strong>15.</strong></span> <span class='ocrx_word' id='word_1_379' title='bbox 2239 2585 2442 2654; x_wconf 85' lang='lat' dir='ltr'><strong>Neque</strong></span> <span class='ocrx_word' id='word_1_380' title='bbox 2468 2615 2536 2623; x_wconf 94' lang='lat'><strong>—</strong></span> <span class='ocrx_word' id='word_1_381' title='bbox 2583 2584 2678 2655; x_wconf 82' lang='lat' dir='ltr'><strong>qui</strong></span> <span class='ocrx_word' id='word_1_382' title='bbox 2707 2585 2768 2639; x_wconf 89' lang='lat' dir='ltr'><strong>in</strong></span> <span class='ocrx_word' id='word_1_383' title='bbox 2794 2584 2960 2642; x_wconf 87' lang='lat' dir='ltr'><strong>domo</strong></span> <span class='ocrx_word' id='word_1_384' title='bbox 2993 2590 3150 2641; x_wconf 87' lang='lat' dir='ltr'><strong>sunt.</strong></span> <span class='ocrx_word' id='word_1_385' title='bbox 3207 2615 3275 2625; x_wconf 97' lang='lat'><em>—</em></span> <span class='ocrx_word' id='word_1_386' title='bbox 3298 2585 3502 2658; x_wconf 82' lang='lat' dir='ltr'><strong>Neque</strong></span> 
     </span>
    </p>
   </div>
   <div class='ocr_carea' id='block_1_58' title="bbox 1853 2672 3502 2744">
    <p class='ocr_par' dir='ltr' id='par_1_58' title="bbox 1853 2672 3502 2744">
     <span class='ocr_line' id='line_1_58' title="bbox 1853 2672 3502 2744; baseline 0.001 -14"><span class='ocrx_word' id='word_1_387' title='bbox 1853 2672 2114 2730; x_wconf 83' lang='lat' dir='ltr'><strong>accendit</strong></span> <span class='ocrx_word' id='word_1_388' title='bbox 2139 2673 2442 2744; x_wconf 80' lang='lat' dir='ltr'><strong>quisquam</strong></span> <span class='ocrx_word' id='word_1_389' title='bbox 2466 2673 2791 2742; x_wconf 77' lang='lat' dir='ltr'><strong>lucernam,</strong></span> <span class='ocrx_word' id='word_1_390' title='bbox 2823 2677 2936 2731; x_wconf 89' lang='lat' dir='ltr'><strong>etc.</strong></span> <span class='ocrx_word' id='word_1_391' title='bbox 2987 2675 3186 2731; x_wconf 84' lang='lat' dir='ltr'><strong>Restat</strong></span> <span class='ocrx_word' id='word_1_392' title='bbox 3207 2673 3406 2744; x_wconf 79' lang='lat' dir='ltr'><strong>igitur,</strong></span> <span class='ocrx_word' id='word_1_393' title='bbox 3439 2679 3502 2732; x_wconf 89' lang='lat' dir='ltr'><strong>ut</strong></span> 
     </span>
    </p>
   </div>
   <div class='ocr_carea' id='block_1_59' title="bbox 1852 2760 3495 2833">
    <p class='ocr_par' dir='ltr' id='par_1_59' title="bbox 1852 2760 3495 2833">
     <span class='ocr_line' id='line_1_59' title="bbox 1852 2760 3495 2833; baseline -0.001 -14"><span class='ocrx_word' id='word_1_394' title='bbox 1852 2777 2048 2833; x_wconf 91' lang='lat' dir='ltr'><strong>neque</strong></span> <span class='ocrx_word' id='word_1_395' title='bbox 2081 2776 2192 2830; x_wconf 90' lang='lat' dir='ltr'><strong>ego</strong></span> <span class='ocrx_word' id='word_1_396' title='bbox 2224 2777 2329 2816; x_wconf 89' lang='lat' dir='ltr'><strong>vos</strong></span> <span class='ocrx_word' id='word_1_397' title='bbox 2361 2776 2430 2816; x_wconf 89' lang='lat' dir='ltr'><strong>eo</strong></span> <span class='ocrx_word' id='word_1_398' title='bbox 2453 2760 2570 2816; x_wconf 85' lang='lat' dir='ltr'><strong>ﬁne</strong></span> <span class='ocrx_word' id='word_1_399' title='bbox 2596 2761 2800 2817; x_wconf 84' lang='lat' dir='ltr'><strong>divina</strong></span> <span class='ocrx_word' id='word_1_400' title='bbox 2832 2762 3079 2818; x_wconf 88' lang='lat' dir='ltr'><strong>scientia</strong></span> <span class='ocrx_word' id='word_1_401' title='bbox 3105 2762 3495 2829; x_wconf 87' lang='lat' dir='ltr'><strong>accenderim,</strong></span> 
     </span>
    </p>
   </div>
   <div class='ocr_carea' id='block_1_60' title="bbox 1854 2849 3504 2924">
    <p class='ocr_par' dir='ltr' id='par_1_60' title="bbox 1854 2849 3504 2924">
     <span class='ocr_line' id='line_1_60' title="bbox 1854 2849 3504 2924; baseline 0.001 -18"><span class='ocrx_word' id='word_1_402' title='bbox 1854 2855 1918 2907; x_wconf 87' lang='lat' dir='ltr'><strong>ut</strong></span> <span class='ocrx_word' id='word_1_403' title='bbox 1943 2850 2380 2906; x_wconf 86' lang='lat' dir='ltr'><strong>absconderem</strong></span> <span class='ocrx_word' id='word_1_404' title='bbox 2406 2867 2417 2906; x_wconf 93' lang='lat'><strong>:</strong></span> <span class='ocrx_word' id='word_1_405' title='bbox 2446 2849 2553 2906; x_wconf 88' lang='lat' dir='ltr'><strong>sed</strong></span> <span class='ocrx_word' id='word_1_406' title='bbox 2582 2867 2718 2907; x_wconf 91' lang='lat' dir='ltr'><strong>ecce</strong></span> <span class='ocrx_word' id='word_1_407' title='bbox 2749 2867 2907 2921; x_wconf 89' lang='lat' dir='ltr'><strong>pono</strong></span> <span class='ocrx_word' id='word_1_408' title='bbox 2933 2867 3038 2907; x_wconf 84' lang='lat' dir='ltr'><strong>vos</strong></span> <span class='ocrx_word' id='word_1_409' title='bbox 3080 2868 3262 2924; x_wconf 87' lang='lat' dir='ltr'><strong>super</strong></span> <span class='ocrx_word' id='word_1_410' title='bbox 3289 2852 3504 2909; x_wconf 84' lang='lat' dir='ltr'><strong>cande—</strong></span> 
     </span>
    </p>
   </div>
   <div class='ocr_carea' id='block_1_61' title="bbox 1851 2939 3504 3012">
    <p class='ocr_par' dir='ltr' id='par_1_61' title="bbox 1851 2939 3504 3012">
     <span class='ocr_line' id='line_1_61' title="bbox 1851 2939 3504 3012; baseline 0.001 -16"><span class='ocrx_word' id='word_1_411' title='bbox 1851 2939 2109 3006; x_wconf 88' lang='lat' dir='ltr'><strong>labrum,</strong></span> <span class='ocrx_word' id='word_1_412' title='bbox 2140 2939 2256 2995; x_wconf 89' lang='lat' dir='ltr'><strong>hoc</strong></span> <span class='ocrx_word' id='word_1_413' title='bbox 2283 2944 2392 3004; x_wconf 93' lang='lat' dir='ltr'><strong>est,</strong></span> <span class='ocrx_word' id='word_1_414' title='bbox 2419 2954 2602 3012; x_wconf 90' lang='lat' dir='ltr'><strong>super</strong></span> <span class='ocrx_word' id='word_1_415' title='bbox 2625 2939 2924 2996; x_wconf 84' lang='lat' dir='ltr'><strong>excelsum</strong></span> <span class='ocrx_word' id='word_1_416' title='bbox 2964 2940 3250 2997; x_wconf 64' lang='lat' dir='ltr'><strong>doctrina</strong></span> <span class='ocrx_word' id='word_1_417' title='bbox 3281 2941 3504 3005; x_wconf 85' lang='lat' dir='ltr'><strong>locum,</strong></span> 
     </span>
    </p>
   </div>
   <div class='ocr_carea' id='block_1_62' title="bbox 1854 3027 3186 3100">
    <p class='ocr_par' dir='ltr' id='par_1_62' title="bbox 1854 3027 3186 3100">
     <span class='ocr_line' id='line_1_62' title="bbox 1854 3027 3186 3100; baseline -0.002 -16"><span class='ocrx_word' id='word_1_418' title='bbox 1854 3033 1919 3084; x_wconf 89' lang='lat' dir='ltr'><strong>ut</strong></span> <span class='ocrx_word' id='word_1_419' title='bbox 1939 3044 2146 3084; x_wconf 89' lang='lat' dir='ltr'><strong>omnes</strong></span> <span class='ocrx_word' id='word_1_420' title='bbox 2171 3028 2274 3100; x_wconf 91' lang='lat' dir='ltr'><strong>qui</strong></span> <span class='ocrx_word' id='word_1_421' title='bbox 2310 3027 2374 3082; x_wconf 92' lang='lat' dir='ltr'><strong>in</strong></span> <span class='ocrx_word' id='word_1_422' title='bbox 2417 3029 2599 3084; x_wconf 91' lang='lat' dir='ltr'><strong>domo</strong></span> <span class='ocrx_word' id='word_1_423' title='bbox 2630 3037 2786 3092; x_wconf 87' lang='lat' dir='ltr'><strong>sunt,</strong></span> <span class='ocrx_word' id='word_1_424' title='bbox 2820 3029 3186 3085; x_wconf 87' lang='lat' dir='ltr'><strong>illuminetis.</strong></span> 
     </span>
    </p>
   </div>
   <div class='ocr_carea' id='block_1_63' title="bbox 1925 3116 3503 3188">
    <p class='ocr_par' dir='ltr' id='par_1_63' title="bbox 1925 3116 3503 3188">
     <span class='ocr_line' id='line_1_63' title="bbox 1925 3116 3503 3188; baseline 0.001 -15"><span class='ocrx_word' id='word_1_425' title='bbox 1925 3117 2086 3173; x_wconf 87' lang='lat' dir='ltr'><strong>Vers.</strong></span> <span class='ocrx_word' id='word_1_426' title='bbox 2117 3119 2204 3172; x_wconf 80' lang='lat' dir='ltr'><strong>l6.</strong></span> <span class='ocrx_word' id='word_1_427' title='bbox 2237 3116 2333 3172; x_wconf 85' lang='lat' dir='ltr'><strong>Sic</strong></span> <span class='ocrx_word' id='word_1_428' title='bbox 2359 3147 2426 3158; x_wconf 96' lang='lat'><strong>—</strong></span> <span class='ocrx_word' id='word_1_429' title='bbox 2452 3118 2555 3188; x_wconf 85' lang='lat' dir='ltr'><strong>qui</strong></span> <span class='ocrx_word' id='word_1_430' title='bbox 2585 3117 2649 3172; x_wconf 83' lang='lat' dir='ltr'><strong>in</strong></span> <span class='ocrx_word' id='word_1_431' title='bbox 2682 3117 2830 3174; x_wconf 75' lang='lat' dir='ltr'><strong>catis</strong></span> <span class='ocrx_word' id='word_1_432' title='bbox 2855 3125 2953 3175; x_wconf 76' lang='lat' dir='ltr'><strong>est.</strong></span> <span class='ocrx_word' id='word_1_433' title='bbox 2989 3118 3206 3174; x_wconf 85' lang='lat' dir='ltr'><strong>Luceat</strong></span> <span class='ocrx_word' id='word_1_434' title='bbox 3233 3134 3378 3176; x_wconf 88' lang='lat' dir='ltr'><strong>sane</strong></span> <span class='ocrx_word' id='word_1_435' title='bbox 3409 3118 3503 3174; x_wconf 88' lang='lat' dir='ltr'><strong>di-</strong></span> 
     </span>
    </p>
   </div>
   <div class='ocr_carea' id='block_1_64' title="bbox 140 3200 1747 3304">
    <p class='ocr_par' dir='ltr' id='par_1_64' title="bbox 140 3200 1744 3280">
     <span class='ocr_line' id='line_1_64' title="bbox 140 3200 1744 3280; baseline 0.004 -25"><span class='ocrx_word' id='word_1_436' title='bbox 140 3200 231 3256; x_wconf 86' lang='grc' dir='ltr'>οὖν</span> <span class='ocrx_word' id='word_1_437' title='bbox 259 3204 435 3274; x_wconf 81' lang='grc' dir='ltr'>εἰπὼν,</span> <span class='ocrx_word' id='word_1_438' title='bbox 467 3205 524 3257; x_wconf 78' lang='grc' dir='ltr'>οὐ</span> <span class='ocrx_word' id='word_1_439' title='bbox 555 3205 748 3258; x_wconf 88' lang='grc' dir='ltr'>κελεύει</span> <span class='ocrx_word' id='word_1_440' title='bbox 780 3206 1066 3280; x_wconf 87' lang='grc' dir='ltr'>θεατριζειν</span> <span class='ocrx_word' id='word_1_441' title='bbox 1109 3211 1204 3265; x_wconf 77' lang='grc' dir='ltr'>τὴν</span> <span class='ocrx_word' id='word_1_442' title='bbox 1235 3209 1442 3280; x_wconf 76' lang='grc' dir='ltr'>ἀρετὴν,</span> <span class='ocrx_word' id='word_1_443' title='bbox 1483 3204 1592 3258; x_wconf 78' lang='grc' dir='ltr'>ἀλλ’</span> <span class='ocrx_word' id='word_1_444' title='bbox 1633 3206 1744 3277; x_wconf 74' lang='grc'><strong>(48)</strong></span> 
     </span>
    </p>
   </div>
   <div class='ocr_carea' id='block_1_65' title="bbox 1865 3200 3500 3304">
    <p class='ocr_par' dir='ltr' id='par_1_65' title="bbox 1865 3205 3500 3279">
     <span class='ocr_line' id='line_1_65' title="bbox 1865 3205 3500 3279; baseline 0.001 -17"><span class='ocrx_word' id='word_1_445' title='bbox 1865 3221 2018 3273; x_wconf 81' lang='lat' dir='ltr'><strong>cens,</strong></span> <span class='ocrx_word' id='word_1_446' title='bbox 2039 3221 2160 3261; x_wconf 91' lang='lat' dir='ltr'><strong>non</strong></span> <span class='ocrx_word' id='word_1_447' title='bbox 2179 3206 2350 3277; x_wconf 91' lang='lat' dir='ltr'><strong>jubet</strong></span> <span class='ocrx_word' id='word_1_448' title='bbox 2381 3210 2441 3262; x_wconf 91' lang='lat' dir='ltr'><strong>ut</strong></span> <span class='ocrx_word' id='word_1_449' title='bbox 2469 3205 2530 3260; x_wconf 91' lang='lat' dir='ltr'><strong>in</strong></span> <span class='ocrx_word' id='word_1_450' title='bbox 2568 3205 2977 3278; x_wconf 87' lang='lat' dir='ltr'><strong>spectaculum</strong></span> <span class='ocrx_word' id='word_1_451' title='bbox 3009 3206 3193 3261; x_wconf 87' lang='lat' dir='ltr'><strong>virtus</strong></span> <span class='ocrx_word' id='word_1_452' title='bbox 3219 3211 3500 3279; x_wconf 90' lang='lat' dir='ltr'><strong>ponatur,</strong></span> 
     </span>
    </p>
   </div>
   <div class='ocr_carea' id='block_1_66' title="bbox 138 3292 1744 3366">
    <p class='ocr_par' dir='ltr' id='par_1_66' title="bbox 138 3292 1744 3366">
     <span class='ocr_line' id='line_1_66' title="bbox 138 3292 1744 3366; baseline 0.001 -22"><span class='ocrx_word' id='word_1_453' title='bbox 138 3292 456 3366; x_wconf 78' lang='grc' dir='ltr'>ἐργάζεσθαι</span> <span class='ocrx_word' id='word_1_454' title='bbox 532 3294 714 3359; x_wconf 73' lang='grc' dir='ltr'>αὐτὴν,</span> <span class='ocrx_word' id='word_1_455' title='bbox 781 3296 1018 3346; x_wconf 85' lang='grc' dir='ltr'>ειωθυίαν</span> <span class='ocrx_word' id='word_1_456' title='bbox 1093 3293 1176 3366; x_wconf 79' lang='grc' dir='ltr'><strong>ἀφ’</strong></span> <span class='ocrx_word' id='word_1_457' title='bbox 1254 3295 1437 3354; x_wconf 81' lang='grc' dir='ltr'>ἑαυτῆς</span> <span class='ocrx_word' id='word_1_458' title='bbox 1507 3295 1744 3366; x_wconf 61' lang='grc' dir='ltr'>λάμπειν,</span> 
     </span>
    </p>
   </div>
   <div class='ocr_carea' id='block_1_67' title="bbox 140 3378 1744 3457">
    <p class='ocr_par' dir='ltr' id='par_1_67' title="bbox 140 3378 1744 3457">
     <span class='ocr_line' id='line_1_67' title="bbox 140 3378 1744 3457; baseline 0.002 -24"><span class='ocrx_word' id='word_1_459' title='bbox 140 3387 236 3434; x_wconf 80' lang='grc' dir='ltr'>καὶ</span> <span class='ocrx_word' id='word_1_460' title='bbox 285 3381 476 3439; x_wconf 77' lang='grc' dir='ltr'>ἑαυτὴν</span> <span class='ocrx_word' id='word_1_461' title='bbox 521 3378 856 3453; x_wconf 80' lang='grc' dir='ltr'>δημοσιεύειν</span> <span class='ocrx_word' id='word_1_462' title='bbox 901 3384 1036 3433; x_wconf 84' lang='grc' dir='ltr'>κατὰ</span> <span class='ocrx_word' id='word_1_463' title='bbox 1065 3387 1161 3440; x_wconf 78' lang='grc' dir='ltr'>τὴν</span> <span class='ocrx_word' id='word_1_464' title='bbox 1203 3389 1293 3434; x_wconf 83' lang='grc' dir='ltr'>τοῦ</span> <span class='ocrx_word' id='word_1_465' title='bbox 1337 3385 1502 3457; x_wconf 88' lang='grc' dir='ltr'>μύρου</span> <span class='ocrx_word' id='word_1_466' title='bbox 1545 3381 1744 3455; x_wconf 63' lang='grc' dir='ltr'>φύσιν]</span> 
     </span>
    </p>
   </div>
   <div class='ocr_carea' id='block_1_68' title="bbox 149 3466 1746 3546">
    <p class='ocr_par' dir='ltr' id='par_1_68' title="bbox 149 3466 1746 3546">
     <span class='ocr_line' id='line_1_68' title="bbox 149 3466 1746 3546; baseline 0.004 -26"><span class='ocrx_word' id='word_1_467' title='bbox 149 3471 246 3520; x_wconf 88' lang='grc' dir='ltr'><strong>Διὰ</strong></span> <span class='ocrx_word' id='word_1_468' title='bbox 292 3477 446 3521; x_wconf 84' lang='grc' dir='ltr'>τοῦτο</span> <span class='ocrx_word' id='word_1_469' title='bbox 495 3466 554 3521; x_wconf 73' lang='grc' dir='ltr'><strong>δε</strong></span> <span class='ocrx_word' id='word_1_470' title='bbox 602 3470 715 3541; x_wconf 77' lang='grc'><strong>(49)</strong></span> <span class='ocrx_word' id='word_1_471' title='bbox 769 3469 1026 3541; x_wconf 83' lang='grc' dir='ltr'>λαμψάτω</span> <span class='ocrx_word' id='word_1_472' title='bbox 1079 3471 1108 3528; x_wconf 82' lang='grc' dir='ltr'>ἡ</span> <span class='ocrx_word' id='word_1_473' title='bbox 1152 3472 1444 3544; x_wconf 87' lang='grc' dir='ltr'>καθαρότης</span> <span class='ocrx_word' id='word_1_474' title='bbox 1488 3480 1577 3524; x_wconf 83' lang='grc' dir='ltr'>τοῦ</span> <span class='ocrx_word' id='word_1_475' title='bbox 1624 3472 1746 3546; x_wconf 78' lang='grc' dir='ltr'>βίον</span> 
     </span>
    </p>
   </div>
   <div class='ocr_carea' id='block_1_69' title="bbox 148 3556 1747 3634">
    <p class='ocr_par' dir='ltr' id='par_1_69' title="bbox 148 3556 1747 3634">
     <span class='ocr_line' id='line_1_69' title="bbox 148 3556 1747 3634; baseline 0.005 -26"><span class='ocrx_word' id='word_1_476' title='bbox 148 3561 240 3610; x_wconf 81' lang='grc' dir='ltr'><strong>καὶ</strong></span> <span class='ocrx_word' id='word_1_477' title='bbox 278 3556 434 3628; x_wconf 86' lang='grc' dir='ltr'>λόγου</span> <span class='ocrx_word' id='word_1_478' title='bbox 484 3559 624 3630; x_wconf 78' lang='grc' dir='ltr'>ὑμῶν</span> <span class='ocrx_word' id='word_1_479' title='bbox 675 3556 888 3611; x_wconf 81' lang='grc' dir='ltr'>ἐνώπιον</span> <span class='ocrx_word' id='word_1_480' title='bbox 931 3566 1032 3610; x_wconf 86' lang='grc' dir='ltr'>τῶν</span> <span class='ocrx_word' id='word_1_481' title='bbox 1083 3557 1384 3632; x_wconf 82' lang='grc' dir='ltr'>ἀνθρώπων,</span> <span class='ocrx_word' id='word_1_482' title='bbox 1437 3561 1540 3634; x_wconf 73' lang='grc' dir='ltr'><strong>οὐχ</strong></span> <span class='ocrx_word' id='word_1_483' title='bbox 1589 3563 1747 3616; x_wconf 79' lang='grc' dir='ltr'>ἕνεκεν</span> 
     </span>
    </p>
   </div>
   <div class='ocr_carea' id='block_1_70' title="bbox 147 3644 1747 3721">
    <p class='ocr_par' dir='ltr' id='par_1_70' title="bbox 147 3644 1747 3721">
     <span class='ocr_line' id='line_1_70' title="bbox 147 3644 1747 3721; baseline 0.005 -23"><span class='ocrx_word' id='word_1_484' title='bbox 147 3647 655 3721; x_wconf 83' lang='grc' dir='ltr'>ὰνθρωπαρεσκείας,</span> <span class='ocrx_word' id='word_1_485' title='bbox 712 3646 819 3700; x_wconf 78' lang='grc' dir='ltr'>ἀλλ’</span> <span class='ocrx_word' id='word_1_486' title='bbox 879 3648 962 3700; x_wconf 80' lang='grc' dir='ltr'>ἵνα</span> <span class='ocrx_word' id='word_1_487' title='bbox 1031 3644 1222 3700; x_wconf 80' lang='grc' dir='ltr'>ἴδωσιν</span> <span class='ocrx_word' id='word_1_488' title='bbox 1283 3650 1424 3720; x_wconf 78' lang='grc' dir='ltr'>ὑμῶν</span> <span class='ocrx_word' id='word_1_489' title='bbox 1484 3653 1551 3703; x_wconf 79' lang='grc' dir='ltr'>τὰ</span> <span class='ocrx_word' id='word_1_490' title='bbox 1615 3652 1747 3706; x_wconf 83' lang='grc' dir='ltr'>καλὰ</span> 
     </span>
    </p>
   </div>
   <div class='ocr_carea' id='block_1_71' title="bbox 145 3735 1745 3811">
    <p class='ocr_par' dir='ltr' id='par_1_71' title="bbox 145 3735 1745 3811">
     <span class='ocr_line' id='line_1_71' title="bbox 145 3735 1745 3811; baseline 0.004 -24"><span class='ocrx_word' id='word_1_491' title='bbox 145 3737 293 3808; x_wconf 82' lang='grc' dir='ltr'>ἔργα,</span> <span class='ocrx_word' id='word_1_492' title='bbox 355 3738 423 3788; x_wconf 81' lang='grc' dir='ltr'>τὰ</span> <span class='ocrx_word' id='word_1_493' title='bbox 485 3735 534 3787; x_wconf 81' lang='grc' dir='ltr'>ἐν</span> <span class='ocrx_word' id='word_1_494' title='bbox 587 3735 807 3809; x_wconf 85' lang='grc' dir='ltr'>πράξεσι</span> <span class='ocrx_word' id='word_1_495' title='bbox 857 3741 946 3788; x_wconf 83' lang='grc' dir='ltr'>καὶ</span> <span class='ocrx_word' id='word_1_496' title='bbox 998 3735 1193 3808; x_wconf 85' lang='grc' dir='ltr'>λόγοις,</span> <span class='ocrx_word' id='word_1_497' title='bbox 1262 3741 1351 3790; x_wconf 79' lang='grc' dir='ltr'><strong>καί</strong></span> <span class='ocrx_word' id='word_1_498' title='bbox 1408 3743 1745 3811; x_wconf 78' lang='grc' dir='ltr'>μιμήσωνται</span> 
     </span>
    </p>
   </div>
   <div class='ocr_carea' id='block_1_72' title="bbox 145 3821 1742 3903">
    <p class='ocr_par' dir='ltr' id='par_1_72' title="bbox 145 3821 1742 3903">
     <span class='ocr_line' id='line_1_72' title="bbox 145 3821 1742 3903; baseline 0.003 -27"><span class='ocrx_word' id='word_1_499' title='bbox 145 3831 330 3879; x_wconf 86' lang='grc' dir='ltr'>ταῦτα.</span> <span class='ocrx_word' id='word_1_500' title='bbox 373 3827 494 3881; x_wconf 84' lang='grc' dir='ltr'>Ἔτι</span> <span class='ocrx_word' id='word_1_501' title='bbox 531 3821 592 3877; x_wconf 72' lang='grc' dir='ltr'>δὲ</span> <span class='ocrx_word' id='word_1_502' title='bbox 628 3828 736 3892; x_wconf 88' lang='grc' dir='ltr'>καὶ,</span> <span class='ocrx_word' id='word_1_503' title='bbox 772 3826 854 3877; x_wconf 85' lang='grc' dir='ltr'>ἵνα</span> <span class='ocrx_word' id='word_1_504' title='bbox 905 3821 1175 3889; x_wconf 81' lang='grc' dir='ltr'>δοξάσωσι</span> <span class='ocrx_word' id='word_1_505' title='bbox 1213 3828 1300 3878; x_wconf 88' lang='grc' dir='ltr'>τὸν</span> <span class='ocrx_word' id='word_1_506' title='bbox 1347 3832 1555 3903; x_wconf 76' lang='grc' dir='ltr'>Πατέρα</span> <span class='ocrx_word' id='word_1_507' title='bbox 1601 3830 1742 3901; x_wconf 83' lang='grc' dir='ltr'>ὑμῶν</span> 
     </span>
    </p>
   </div>
   <div class='ocr_carea' id='block_1_73' title="bbox 147 3913 1744 3987">
    <p class='ocr_par' dir='ltr' id='par_1_73' title="bbox 147 3913 1744 3987">
     <span class='ocr_line' id='line_1_73' title="bbox 147 3913 1744 3987; baseline 0.004 -23"><span class='ocrx_word' id='word_1_508' title='bbox 147 3915 233 3964; x_wconf 86' lang='grc' dir='ltr'><strong>τόν</strong></span> <span class='ocrx_word' id='word_1_509' title='bbox 291 3913 342 3964; x_wconf 77' lang='grc' dir='ltr'>ἐν</span> <span class='ocrx_word' id='word_1_510' title='bbox 403 3919 506 3973; x_wconf 89' lang='grc' dir='ltr'>τοῖς</span> <span class='ocrx_word' id='word_1_511' title='bbox 565 3914 817 3987; x_wconf 75' lang='grc' dir='ltr'>οὐρανοῖς,</span> <span class='ocrx_word' id='word_1_512' title='bbox 877 3917 992 3971; x_wconf 78' lang='grc' dir='ltr'>ἦτοι</span> <span class='ocrx_word' id='word_1_513' title='bbox 1060 3917 1147 3967; x_wconf 87' lang='grc' dir='ltr'>τὸν</span> <span class='ocrx_word' id='word_1_514' title='bbox 1223 3918 1372 3982; x_wconf 87' lang='grc' dir='ltr'>Θεὸν,</span> <span class='ocrx_word' id='word_1_515' title='bbox 1446 3917 1591 3987; x_wconf 81' lang='grc' dir='ltr'>ᾧτινι</span> <span class='ocrx_word' id='word_1_516' title='bbox 1649 3915 1744 3971; x_wconf 80' lang='grc' dir='ltr'><strong>διὰ</strong></span> 
     </span>
    </p>
   </div>
   <div class='ocr_carea' id='block_1_74' title="bbox 148 4001 1741 4078">
    <p class='ocr_par' dir='ltr' id='par_1_74' title="bbox 148 4001 1741 4078">
     <span class='ocr_line' id='line_1_74' title="bbox 148 4001 1741 4078; baseline 0.005 -26"><span class='ocrx_word' id='word_1_517' title='bbox 148 4005 374 4063; x_wconf 83' lang='grc' dir='ltr'>πίστεως</span> <span class='ocrx_word' id='word_1_518' title='bbox 437 4003 794 4070; x_wconf 83' lang='grc' dir='ltr'>υἱοθετήθητε,</span> <span class='ocrx_word' id='word_1_519' title='bbox 848 4005 953 4055; x_wconf 83' lang='grc' dir='ltr'>υἱοὶ</span> <span class='ocrx_word' id='word_1_520' title='bbox 1010 4006 1099 4076; x_wconf 70' lang='grc' dir='ltr'>μὲν</span> <span class='ocrx_word' id='word_1_521' title='bbox 1161 4004 1343 4073; x_wconf 78' lang='grc' dir='ltr'>αὐτοῦ,</span> <span class='ocrx_word' id='word_1_522' title='bbox 1405 4001 1618 4078; x_wconf 71' lang='grc' dir='ltr'>ἀδελφοὶ</span> <span class='ocrx_word' id='word_1_523' title='bbox 1682 4004 1741 4060; x_wconf 72' lang='grc' dir='ltr'>δὲ</span> 
     </span>
    </p>
   </div>
   <div class='ocr_carea' id='block_1_75' title="bbox 147 4089 1741 4167">
    <p class='ocr_par' dir='ltr' id='par_1_75' title="bbox 147 4089 1741 4167">
     <span class='ocr_line' id='line_1_75' title="bbox 147 4089 1741 4167; baseline 0.004 -26"><span class='ocrx_word' id='word_1_524' title='bbox 147 4089 272 4162; x_wconf 80' lang='grc' dir='ltr'>ἐμοῦ</span> <span class='ocrx_word' id='word_1_525' title='bbox 317 4095 601 4164; x_wconf 83' lang='grc' dir='ltr'>γενόμενοι.</span> <span class='ocrx_word' id='word_1_526' title='bbox 651 4091 970 4164; x_wconf 79' lang='grc' dir='ltr'>’Υμνὴσουσι</span> <span class='ocrx_word' id='word_1_527' title='bbox 1005 4093 1102 4167; x_wconf 84' lang='grc' dir='ltr'><strong>γὰρ</strong></span> <span class='ocrx_word' id='word_1_528' title='bbox 1153 4092 1329 4157; x_wconf 74' lang='grc' dir='ltr'>αὐτὸν,</span> <span class='ocrx_word' id='word_1_529' title='bbox 1380 4095 1451 4155; x_wconf 84' lang='grc' dir='ltr'>ὡς</span> <span class='ocrx_word' id='word_1_530' title='bbox 1494 4098 1741 4155; x_wconf 88' lang='grc' dir='ltr'>τοιαύτην</span> 
     </span>
    </p>
   </div>
   <div class='ocr_carea' id='block_1_76' title="bbox 143 4178 1741 4253">
    <p class='ocr_par' dir='ltr' id='par_1_76' title="bbox 143 4178 1741 4253">
     <span class='ocr_line' id='line_1_76' title="bbox 143 4178 1741 4253; baseline 0.002 -22"><span class='ocrx_word' id='word_1_531' title='bbox 143 4178 485 4252; x_wconf 83' lang='grc' dir='ltr'>ἐντειλάμενον</span> <span class='ocrx_word' id='word_1_532' title='bbox 566 4180 846 4234; x_wconf 85' lang='grc' dir='ltr'>πολιτείαν.</span> <span class='ocrx_word' id='word_1_533' title='bbox 940 4185 1043 4235; x_wconf 76' lang='grc' dir='ltr'>Καὶ</span> <span class='ocrx_word' id='word_1_534' title='bbox 1121 4185 1223 4253; x_wconf 76' lang='grc' dir='ltr'><strong>μην</strong></span> <span class='ocrx_word' id='word_1_535' title='bbox 1310 4181 1465 4243; x_wconf 76' lang='grc' dir='ltr'>αὐτὸς</span> <span class='ocrx_word' id='word_1_536' title='bbox 1546 4185 1741 4241; x_wconf 90' lang='grc' dir='ltr'>ταύτην</span> 
     </span>
    </p>
   </div>
   <div class='ocr_carea' id='block_1_77' title="bbox 142 4268 1742 4344">
    <p class='ocr_par' dir='ltr' id='par_1_77' title="bbox 142 4268 1742 4344">
     <span class='ocr_line' id='line_1_77' title="bbox 142 4268 1742 4344; baseline 0.001 -23"><span class='ocrx_word' id='word_1_537' title='bbox 142 4268 442 4338; x_wconf 76' lang='grc' dir='ltr'>ἐνετείλατο,</span> <span class='ocrx_word' id='word_1_538' title='bbox 508 4268 613 4322; x_wconf 78' lang='grc' dir='ltr'>ἀλλ’</span> <span class='ocrx_word' id='word_1_539' title='bbox 659 4272 803 4322; x_wconf 84' lang='grc' dir='ltr'>εἴωθε</span> <span class='ocrx_word' id='word_1_540' title='bbox 856 4272 924 4322; x_wconf 82' lang='grc' dir='ltr'>τὰ</span> <span class='ocrx_word' id='word_1_541' title='bbox 979 4269 1164 4323; x_wconf 83' lang='grc' dir='ltr'>ἑαυτοῦ</span> <span class='ocrx_word' id='word_1_542' title='bbox 1225 4272 1610 4344; x_wconf 85' lang='grc' dir='ltr'>κατορθώματα</span> <span class='ocrx_word' id='word_1_543' title='bbox 1669 4279 1742 4323; x_wconf 86' lang='grc' dir='ltr'>τῶ</span> 
     </span>
    </p>
   </div>
   <div class='ocr_carea' id='block_1_78' title="bbox 142 4357 1741 4432">
    <p class='ocr_par' dir='ltr' id='par_1_78' title="bbox 142 4357 1741 4432">
     <span class='ocr_line' id='line_1_78' title="bbox 142 4357 1741 4432; baseline 0 -22"><span class='ocrx_word' id='word_1_544' title='bbox 142 4362 312 4430; x_wconf 81' lang='grc' dir='ltr'>Πατρὶ</span> <span class='ocrx_word' id='word_1_545' title='bbox 378 4358 624 4419; x_wconf 80' lang='grc' dir='ltr'>πολλάκις</span> <span class='ocrx_word' id='word_1_546' title='bbox 675 4357 988 4424; x_wconf 81' lang='grc' dir='ltr'>ἀνατιθέναι,</span> <span class='ocrx_word' id='word_1_547' title='bbox 1061 4360 1126 4419; x_wconf 86' lang='grc' dir='ltr'>ὡς</span> <span class='ocrx_word' id='word_1_548' title='bbox 1191 4362 1456 4432; x_wconf 80' lang='grc' dir='ltr'>προϊόντες</span> <span class='ocrx_word' id='word_1_549' title='bbox 1516 4360 1741 4430; x_wconf 79' lang='grc' dir='ltr'>εὑρήσο-</span> 
     </span>
    </p>
   </div>
   <div class='ocr_carea' id='block_1_79' title="bbox 145 4444 1740 4521">
    <p class='ocr_par' dir='ltr' id='par_1_79' title="bbox 145 4444 1740 4521">
     <span class='ocr_line' id='line_1_79' title="bbox 145 4444 1740 4521; baseline 0 -21"><span class='ocrx_word' id='word_1_550' title='bbox 145 4467 254 4520; x_wconf 84' lang='grc' dir='ltr'>μεν,</span> <span class='ocrx_word' id='word_1_551' title='bbox 307 4455 470 4520; x_wconf 84' lang='grc' dir='ltr'>τιμῶν</span> <span class='ocrx_word' id='word_1_552' title='bbox 523 4449 590 4509; x_wconf 84' lang='grc' dir='ltr'>ὡς</span> <span class='ocrx_word' id='word_1_553' title='bbox 639 4452 864 4520; x_wconf 84' lang='grc' dir='ltr'>Πατέρα,</span> <span class='ocrx_word' id='word_1_554' title='bbox 907 4452 1000 4500; x_wconf 83' lang='grc' dir='ltr'>καὶ</span> <span class='ocrx_word' id='word_1_555' title='bbox 1063 4447 1175 4521; x_wconf 81' lang='grc' dir='ltr'>οἶμα</span> <span class='ocrx_word' id='word_1_556' title='bbox 1241 4444 1510 4518; x_wconf 81' lang='grc' dir='ltr'>δεικνύων,</span> <span class='ocrx_word' id='word_1_557' title='bbox 1563 4449 1644 4500; x_wconf 87' lang='grc' dir='ltr'>ὅτι</span> <span class='ocrx_word' id='word_1_558' title='bbox 1691 4447 1740 4500; x_wconf 81' lang='grc' dir='ltr'>ἔν</span> 
     </span>
    </p>
   </div>
   <div class='ocr_carea' id='block_1_80' title="bbox 145 4535 1488 4609">
    <p class='ocr_par' dir='ltr' id='par_1_80' title="bbox 145 4535 1488 4609">
     <span class='ocr_line' id='line_1_80' title="bbox 145 4535 1488 4609; baseline 0.001 -20"><span class='ocrx_word' id='word_1_559' title='bbox 145 4537 297 4603; x_wconf 82' lang='grc' dir='ltr'>εἰσιν,</span> <span class='ocrx_word' id='word_1_560' title='bbox 326 4538 498 4609; x_wconf 83' lang='grc' dir='ltr'>ὥσπερ</span> <span class='ocrx_word' id='word_1_561' title='bbox 528 4544 590 4609; x_wconf 78' lang='grc' dir='ltr'><strong>τῇ</strong></span> <span class='ocrx_word' id='word_1_562' title='bbox 624 4539 794 4608; x_wconf 79' lang='grc' dir='ltr'>φύσει,</span> <span class='ocrx_word' id='word_1_563' title='bbox 821 4537 957 4589; x_wconf 77' lang='grc' dir='ltr'>οὕτω</span> <span class='ocrx_word' id='word_1_564' title='bbox 985 4540 1076 4588; x_wconf 83' lang='grc' dir='ltr'>καὶ</span> <span class='ocrx_word' id='word_1_565' title='bbox 1112 4543 1188 4606; x_wconf 85' lang='grc' dir='ltr'>τῷ</span> <span class='ocrx_word' id='word_1_566' title='bbox 1219 4535 1488 4609; x_wconf 82' lang='grc' dir='ltr'>θελήματι.</span> 
     </span>
    </p>
   </div>
   <div class='ocr_carea' id='block_1_81' title="bbox 1856 3293 3504 3366">
    <p class='ocr_par' dir='ltr' id='par_1_81' title="bbox 1856 3293 3504 3366">
     <span class='ocr_line' id='line_1_81' title="bbox 1856 3293 3504 3366; baseline 0.001 -17"><span class='ocrx_word' id='word_1_567' title='bbox 1856 3295 1960 3349; x_wconf 89' lang='lat' dir='ltr'><strong>sed</strong></span> <span class='ocrx_word' id='word_1_568' title='bbox 1989 3300 2051 3350; x_wconf 91' lang='lat' dir='ltr'><strong>ut</strong></span> <span class='ocrx_word' id='word_1_569' title='bbox 2091 3295 2222 3366; x_wconf 88' lang='lat' dir='ltr'><strong>ipsa</strong></span> <span class='ocrx_word' id='word_1_570' title='bbox 2253 3310 2430 3366; x_wconf 86' lang='lat' dir='ltr'><strong>opere</strong></span> <span class='ocrx_word' id='word_1_571' title='bbox 2461 3294 2854 3365; x_wconf 87' lang='lat' dir='ltr'><strong>compleatur,</strong></span> <span class='ocrx_word' id='word_1_572' title='bbox 2888 3310 3020 3366; x_wconf 79' lang='lat' dir='ltr'><strong>quas</strong></span> <span class='ocrx_word' id='word_1_573' title='bbox 3049 3311 3152 3366; x_wconf 81' lang='lat' dir='ltr'><strong>per</strong></span> <span class='ocrx_word' id='word_1_574' title='bbox 3212 3311 3274 3350; x_wconf 86' lang='lat' dir='ltr'><strong>se</strong></span> <span class='ocrx_word' id='word_1_575' title='bbox 3313 3293 3504 3351; x_wconf 87' lang='lat' dir='ltr'><strong>lucere</strong></span> 
     </span>
    </p>
   </div>
   <div class='ocr_carea' id='block_1_82' title="bbox 1856 3381 3500 3454">
    <p class='ocr_par' dir='ltr' id='par_1_82' title="bbox 1856 3381 3500 3454">
     <span class='ocr_line' id='line_1_82' title="bbox 1856 3381 3500 3454; baseline 0.001 -17"><span class='ocrx_word' id='word_1_576' title='bbox 1856 3385 2021 3447; x_wconf 90' lang='lat' dir='ltr'><strong>solet,</strong></span> <span class='ocrx_word' id='word_1_577' title='bbox 2057 3399 2124 3437; x_wconf 88' lang='lat' dir='ltr'><strong>ac</strong></span> <span class='ocrx_word' id='word_1_578' title='bbox 2152 3381 2413 3454; x_wconf 88' lang='lat' dir='ltr'><strong>seipsam</strong></span> <span class='ocrx_word' id='word_1_579' title='bbox 2445 3382 2731 3450; x_wconf 79' lang='lat' dir='ltr'><strong>unguenti</strong></span> <span class='ocrx_word' id='word_1_580' title='bbox 2773 3397 2937 3437; x_wconf 89' lang='lat' dir='ltr'><strong>more</strong></span> <span class='ocrx_word' id='word_1_581' title='bbox 2970 3382 3284 3452; x_wconf 80' lang='lat' dir='ltr'><strong>propalare</strong></span> <span class='ocrx_word' id='word_1_582' title='bbox 3319 3402 3330 3440; x_wconf 88' lang='lat'><strong>:</strong></span> <span class='ocrx_word' id='word_1_583' title='bbox 3366 3383 3500 3438; x_wconf 89' lang='lat' dir='ltr'><strong>ideo</strong></span> 
     </span>
    </p>
   </div>
   <div class='ocr_carea' id='block_1_83' title="bbox 1855 3469 3502 3542">
    <p class='ocr_par' dir='ltr' id='par_1_83' title="bbox 1855 3469 3502 3542">
     <span class='ocr_line' id='line_1_83' title="bbox 1855 3469 3502 3542; baseline 0.001 -18"><span class='ocrx_word' id='word_1_584' title='bbox 1855 3469 2050 3526; x_wconf 84' lang='lat' dir='ltr'><strong>luceat</strong></span> <span class='ocrx_word' id='word_1_585' title='bbox 2081 3471 2304 3542; x_wconf 89' lang='lat' dir='ltr'><strong>puritas</strong></span> <span class='ocrx_word' id='word_1_586' title='bbox 2337 3471 2480 3526; x_wconf 72' lang='lat' dir='ltr'><strong>vitae</strong></span> <span class='ocrx_word' id='word_1_587' title='bbox 2507 3486 2575 3526; x_wconf 91' lang='lat' dir='ltr'><strong>ac</strong></span> <span class='ocrx_word' id='word_1_588' title='bbox 2603 3470 2893 3525; x_wconf 88' lang='lat' dir='ltr'><strong>sermonis</strong></span> <span class='ocrx_word' id='word_1_589' title='bbox 2946 3470 3120 3524; x_wconf 83' lang='lat' dir='ltr'><strong>vestri</strong></span> <span class='ocrx_word' id='word_1_590' title='bbox 3168 3485 3370 3525; x_wconf 89' lang='lat' dir='ltr'><strong>coram</strong></span> <span class='ocrx_word' id='word_1_591' title='bbox 3397 3471 3502 3526; x_wconf 89' lang='lat' dir='ltr'><strong>bo-</strong></span> 
     </span>
    </p>
   </div>
   <div class='ocr_carea' id='block_1_84' title="bbox 1853 3557 3501 3630">
    <p class='ocr_par' dir='ltr' id='par_1_84' title="bbox 1853 3557 3501 3630">
     <span class='ocr_line' id='line_1_84' title="bbox 1853 3557 3501 3630; baseline -0.001 -14"><span class='ocrx_word' id='word_1_592' title='bbox 1853 3559 2137 3624; x_wconf 90' lang='lat' dir='ltr'><strong>minibus,</strong></span> <span class='ocrx_word' id='word_1_593' title='bbox 2186 3575 2305 3616; x_wconf 91' lang='lat' dir='ltr'><strong>non</strong></span> <span class='ocrx_word' id='word_1_594' title='bbox 2346 3559 2425 3616; x_wconf 93' lang='lat' dir='ltr'><strong>ob</strong></span> <span class='ocrx_word' id='word_1_595' title='bbox 2477 3559 2742 3614; x_wconf 88' lang='lat' dir='ltr'><strong>studium</strong></span> <span class='ocrx_word' id='word_1_596' title='bbox 2799 3557 3149 3614; x_wconf 89' lang='lat' dir='ltr'><strong>hominibus</strong></span> <span class='ocrx_word' id='word_1_597' title='bbox 3205 3558 3501 3630; x_wconf 88' lang='lat' dir='ltr'><strong>placendi,</strong></span> 
     </span>
    </p>
   </div>
   <div class='ocr_carea' id='block_1_85' title="bbox 1854 3648 3504 3720">
    <p class='ocr_par' dir='ltr' id='par_1_85' title="bbox 1854 3648 3504 3720">
     <span class='ocr_line' id='line_1_85' title="bbox 1854 3648 3504 3720; baseline 0.001 -16"><span class='ocrx_word' id='word_1_598' title='bbox 1854 3650 1951 3705; x_wconf 90' lang='lat' dir='ltr'><strong>sed</strong></span> <span class='ocrx_word' id='word_1_599' title='bbox 2001 3655 2064 3704; x_wconf 86' lang='lat' dir='ltr'><strong>ut</strong></span> <span class='ocrx_word' id='word_1_600' title='bbox 2087 3649 2324 3706; x_wconf 83' lang='lat' dir='ltr'><strong>videant</strong></span> <span class='ocrx_word' id='word_1_601' title='bbox 2354 3655 2536 3704; x_wconf 84' lang='lat' dir='ltr'><strong>vestra</strong></span> <span class='ocrx_word' id='word_1_602' title='bbox 2560 3663 2741 3717; x_wconf 81' lang='lat' dir='ltr'><strong>opera</strong></span> <span class='ocrx_word' id='word_1_603' title='bbox 2767 3648 2934 3712; x_wconf 85' lang='lat' dir='ltr'><strong>bona,</strong></span> <span class='ocrx_word' id='word_1_604' title='bbox 2964 3664 3104 3720; x_wconf 67' lang='lat' dir='ltr'><strong>quae</strong></span> <span class='ocrx_word' id='word_1_605' title='bbox 3123 3648 3407 3720; x_wconf 88' lang='lat' dir='ltr'><strong>operibus</strong></span> <span class='ocrx_word' id='word_1_606' title='bbox 3433 3665 3504 3705; x_wconf 90' lang='lat' dir='ltr'><strong>ac</strong></span> 
     </span>
    </p>
   </div>
   <div class='ocr_carea' id='block_1_86' title="bbox 1855 3738 3504 3810">
    <p class='ocr_par' dir='ltr' id='par_1_86' title="bbox 1855 3738 3504 3810">
     <span class='ocr_line' id='line_1_86' title="bbox 1855 3738 3504 3810; baseline 0.001 -17"><span class='ocrx_word' id='word_1_607' title='bbox 1855 3738 2232 3795; x_wconf 89' lang='lat' dir='ltr'><strong>sermonibus</strong></span> <span class='ocrx_word' id='word_1_608' title='bbox 2262 3739 2567 3794; x_wconf 89' lang='lat' dir='ltr'><strong>imitentur</strong></span> <span class='ocrx_word' id='word_1_609' title='bbox 2609 3743 2664 3794; x_wconf 92' lang='lat' dir='ltr'><strong>et</strong></span> <span class='ocrx_word' id='word_1_610' title='bbox 2712 3743 2999 3810; x_wconf 62' lang='lat' dir='ltr'><strong>praeterea</strong></span> <span class='ocrx_word' id='word_1_611' title='bbox 3064 3743 3127 3793; x_wconf 85' lang='lat' dir='ltr'><strong>ut</strong></span> <span class='ocrx_word' id='word_1_612' title='bbox 3175 3739 3504 3808; x_wconf 71' lang='lat' dir='ltr'><strong>gloriﬁcent</strong></span> 
     </span>
    </p>
   </div>
   <div class='ocr_carea' id='block_1_87' title="bbox 1852 3826 3500 3898">
    <p class='ocr_par' dir='ltr' id='par_1_87' title="bbox 1852 3826 3500 3898">
     <span class='ocr_line' id='line_1_87' title="bbox 1852 3826 3500 3898; baseline -0.001 -13"><span class='ocrx_word' id='word_1_613' title='bbox 1852 3830 2088 3885; x_wconf 88' lang='lat' dir='ltr'><strong>Patrem</strong></span> <span class='ocrx_word' id='word_1_614' title='bbox 2120 3833 2374 3884; x_wconf 81' lang='lat' dir='ltr'><strong>vestrum</strong></span> <span class='ocrx_word' id='word_1_615' title='bbox 2420 3829 2514 3898; x_wconf 84' lang='lat' dir='ltr'><strong>qui</strong></span> <span class='ocrx_word' id='word_1_616' title='bbox 2564 3828 2626 3882; x_wconf 84' lang='lat' dir='ltr'><strong>in</strong></span> <span class='ocrx_word' id='word_1_617' title='bbox 2666 3826 2821 3884; x_wconf 66' lang='lat' dir='ltr'><strong>caelis</strong></span> <span class='ocrx_word' id='word_1_618' title='bbox 2873 3832 2976 3891; x_wconf 89' lang='lat' dir='ltr'><strong>est,</strong></span> <span class='ocrx_word' id='word_1_619' title='bbox 3031 3826 3145 3883; x_wconf 92' lang='lat' dir='ltr'><strong>hoc</strong></span> <span class='ocrx_word' id='word_1_620' title='bbox 3175 3832 3262 3884; x_wconf 87' lang='lat' dir='ltr'><strong>est</strong></span> <span class='ocrx_word' id='word_1_621' title='bbox 3288 3827 3500 3895; x_wconf 91' lang='lat' dir='ltr'><strong>Deum,</strong></span> 
     </span>
    </p>
   </div>
   <div class='ocr_carea' id='block_1_88' title="bbox 1851 3914 3498 3988">
    <p class='ocr_par' dir='ltr' id='par_1_88' title="bbox 1851 3914 3498 3988">
     <span class='ocr_line' id='line_1_88' title="bbox 1851 3914 3498 3988; baseline -0.001 -16"><span class='ocrx_word' id='word_1_622' title='bbox 1851 3931 1888 3973; x_wconf 91' lang='lat' dir='ltr'><strong>a</strong></span> <span class='ocrx_word' id='word_1_623' title='bbox 1914 3931 2036 3988; x_wconf 93' lang='lat' dir='ltr'><strong>quo</strong></span> <span class='ocrx_word' id='word_1_624' title='bbox 2066 3931 2171 3987; x_wconf 91' lang='lat' dir='ltr'><strong>per</strong></span> <span class='ocrx_word' id='word_1_625' title='bbox 2200 3915 2383 3971; x_wconf 85' lang='lat' dir='ltr'><strong>ﬁdem</strong></span> <span class='ocrx_word' id='word_1_626' title='bbox 2409 3914 2666 3985; x_wconf 90' lang='lat' dir='ltr'><strong>adoptati</strong></span> <span class='ocrx_word' id='word_1_627' title='bbox 2713 3915 2850 3970; x_wconf 87' lang='lat' dir='ltr'><strong>estis</strong></span> <span class='ocrx_word' id='word_1_628' title='bbox 2872 3933 2890 3985; x_wconf 82' lang='lat'><strong>;</strong></span> <span class='ocrx_word' id='word_1_629' title='bbox 2923 3914 3029 3970; x_wconf 82' lang='lat' dir='ltr'><strong>ﬁlii</strong></span> <span class='ocrx_word' id='word_1_630' title='bbox 3082 3914 3319 3986; x_wconf 91' lang='lat' dir='ltr'><strong>quidem</strong></span> <span class='ocrx_word' id='word_1_631' title='bbox 3350 3915 3498 3987; x_wconf 86' lang='lat' dir='ltr'><strong>ejus,</strong></span> 
     </span>
    </p>
   </div>
   <div class='ocr_carea' id='block_1_89' title="bbox 1850 4001 3503 4076">
    <p class='ocr_par' dir='ltr' id='par_1_89' title="bbox 1850 4001 3503 4076">
     <span class='ocr_line' id='line_1_89' title="bbox 1850 4001 3503 4076; baseline 0 -16"><span class='ocrx_word' id='word_1_632' title='bbox 1850 4003 2062 4060; x_wconf 85' lang='lat' dir='ltr'><strong>fratres</strong></span> <span class='ocrx_word' id='word_1_633' title='bbox 2087 4009 2287 4059; x_wconf 89' lang='lat' dir='ltr'><strong>autem</strong></span> <span class='ocrx_word' id='word_1_634' title='bbox 2312 4002 2630 4059; x_wconf 82' lang='lat' dir='ltr'><strong>meieﬂ‘ecti</strong></span> <span class='ocrx_word' id='word_1_635' title='bbox 2661 4019 2674 4058; x_wconf 93' lang='lat'><strong>:</strong></span> <span class='ocrx_word' id='word_1_636' title='bbox 2705 4001 2955 4059; x_wconf 91' lang='lat' dir='ltr'><strong>laudant</strong></span> <span class='ocrx_word' id='word_1_637' title='bbox 2993 4003 3150 4059; x_wconf 91' lang='lat' dir='ltr'><strong>enim</strong></span> <span class='ocrx_word' id='word_1_638' title='bbox 3184 4003 3405 4076; x_wconf 92' lang='lat' dir='ltr'><strong>ipsum,</strong></span> <span class='ocrx_word' id='word_1_639' title='bbox 3438 4009 3503 4060; x_wconf 88' lang='lat' dir='ltr'><strong>ut</strong></span> 
     </span>
    </p>
   </div>
   <div class='ocr_carea' id='block_1_90' title="bbox 1849 4091 3499 4166">
    <p class='ocr_par' dir='ltr' id='par_1_90' title="bbox 1849 4091 3499 4166">
     <span class='ocr_line' id='line_1_90' title="bbox 1849 4091 3499 4166; baseline 0.001 -20"><span class='ocrx_word' id='word_1_640' title='bbox 1849 4094 1947 4166; x_wconf 90' lang='lat' dir='ltr'><strong>qui</strong></span> <span class='ocrx_word' id='word_1_641' title='bbox 1973 4092 2322 4162; x_wconf 81' lang='lat' dir='ltr'><strong>hujusmodi</strong></span> <span class='ocrx_word' id='word_1_642' title='bbox 2353 4091 2622 4162; x_wconf 86' lang='lat' dir='ltr'><strong>politiam</strong></span> <span class='ocrx_word' id='word_1_643' title='bbox 2675 4091 3056 4148; x_wconf 87' lang='lat' dir='ltr'><strong>ordinaverit.</strong></span> <span class='ocrx_word' id='word_1_644' title='bbox 3110 4092 3239 4164; x_wconf 89' lang='lat' dir='ltr'><strong>Ipse</strong></span> <span class='ocrx_word' id='word_1_645' title='bbox 3297 4096 3499 4148; x_wconf 91' lang='lat' dir='ltr'><strong>tamen</strong></span> 
     </span>
    </p>
   </div>
   <div class='ocr_carea' id='block_1_91' title="bbox 1851 4180 3502 4252">
    <p class='ocr_par' dir='ltr' id='par_1_91' title="bbox 1851 4180 3502 4252">
     <span class='ocr_line' id='line_1_91' title="bbox 1851 4180 3502 4252; baseline -0.001 -14"><span class='ocrx_word' id='word_1_646' title='bbox 1851 4181 2110 4238; x_wconf 89' lang='lat' dir='ltr'><strong>Christus</strong></span> <span class='ocrx_word' id='word_1_647' title='bbox 2139 4181 2296 4236; x_wconf 90' lang='lat' dir='ltr'><strong>hanc</strong></span> <span class='ocrx_word' id='word_1_648' title='bbox 2328 4181 2650 4246; x_wconf 88' lang='lat' dir='ltr'><strong>constituit,</strong></span> <span class='ocrx_word' id='word_1_649' title='bbox 2679 4181 2786 4236; x_wconf 90' lang='lat' dir='ltr'><strong>sed</strong></span> <span class='ocrx_word' id='word_1_650' title='bbox 2836 4181 3084 4252; x_wconf 88' lang='lat' dir='ltr'><strong>propria</strong></span> <span class='ocrx_word' id='word_1_651' title='bbox 3129 4196 3310 4252; x_wconf 86' lang='lat' dir='ltr'><strong>opera</strong></span> <span class='ocrx_word' id='word_1_652' title='bbox 3355 4180 3502 4237; x_wconf 89' lang='lat' dir='ltr'><strong>solet</strong></span> 
     </span>
    </p>
   </div>
   <div class='ocr_carea' id='block_1_92' title="bbox 1850 4268 3505 4341">
    <p class='ocr_par' dir='ltr' id='par_1_92' title="bbox 1850 4268 3505 4341">
     <span class='ocr_line' id='line_1_92' title="bbox 1850 4268 3505 4341; baseline -0.001 -15"><span class='ocrx_word' id='word_1_653' title='bbox 1850 4271 2006 4326; x_wconf 88' lang='lat' dir='ltr'><strong>Patri</strong></span> <span class='ocrx_word' id='word_1_654' title='bbox 2033 4269 2370 4341; x_wconf 87' lang='lat' dir='ltr'><strong>frequenter</strong></span> <span class='ocrx_word' id='word_1_655' title='bbox 2395 4270 2730 4332; x_wconf 86' lang='lat' dir='ltr'><strong>attribuere,</strong></span> <span class='ocrx_word' id='word_1_656' title='bbox 2794 4274 2859 4324; x_wconf 92' lang='lat' dir='ltr'><strong>ut</strong></span> <span class='ocrx_word' id='word_1_657' title='bbox 2891 4269 2950 4323; x_wconf 90' lang='lat' dir='ltr'><strong>in</strong></span> <span class='ocrx_word' id='word_1_658' title='bbox 2981 4268 3370 4340; x_wconf 89' lang='lat' dir='ltr'><strong>sequentibus</strong></span> <span class='ocrx_word' id='word_1_659' title='bbox 3395 4270 3505 4325; x_wconf 87' lang='lat' dir='ltr'><strong>erit</strong></span> 
     </span>
    </p>
   </div>
   <div class='ocr_carea' id='block_1_93' title="bbox 1849 4356 3502 4423">
    <p class='ocr_par' dir='ltr' id='par_1_93' title="bbox 1849 4356 3502 4423">
     <span class='ocr_line' id='line_1_93' title="bbox 1849 4356 3502 4423; baseline -0.001 -8"><span class='ocrx_word' id='word_1_660' title='bbox 1849 4359 2114 4415; x_wconf 78' lang='lat' dir='ltr'><strong>invenire</strong></span> <span class='ocrx_word' id='word_1_661' title='bbox 2147 4375 2158 4413; x_wconf 88' lang='lat'><strong>:</strong></span> <span class='ocrx_word' id='word_1_662' title='bbox 2196 4359 2430 4413; x_wconf 85' lang='lat' dir='ltr'><strong>Patrem</strong></span> <span class='ocrx_word' id='word_1_663' title='bbox 2464 4357 2734 4413; x_wconf 88' lang='lat' dir='ltr'><strong>videlicet</strong></span> <span class='ocrx_word' id='word_1_664' title='bbox 2773 4357 3101 4423; x_wconf 87' lang='lat' dir='ltr'><strong>honorans,</strong></span> <span class='ocrx_word' id='word_1_665' title='bbox 3153 4361 3208 4412; x_wconf 89' lang='lat' dir='ltr'><strong>et</strong></span> <span class='ocrx_word' id='word_1_666' title='bbox 3232 4356 3502 4414; x_wconf 90' lang='lat' dir='ltr'><strong>similiter</strong></span> 
     </span>
    </p>
   </div>
   <div class='ocr_carea' id='block_1_94' title="bbox 1849 4445 3501 4518">
    <p class='ocr_par' dir='ltr' id='par_1_94' title="bbox 1849 4445 3501 4518">
     <span class='ocr_line' id='line_1_94' title="bbox 1849 4445 3501 4518; baseline -0.001 -14"><span class='ocrx_word' id='word_1_667' title='bbox 1849 4449 2290 4517; x_wconf 85' lang='lat' dir='ltr'><strong>demonstrans,</strong></span> <span class='ocrx_word' id='word_1_668' title='bbox 2320 4446 2483 4518; x_wconf 91' lang='lat' dir='ltr'><strong>quod</strong></span> <span class='ocrx_word' id='word_1_669' title='bbox 2515 4461 2703 4502; x_wconf 91' lang='lat' dir='ltr'><strong>unum</strong></span> <span class='ocrx_word' id='word_1_670' title='bbox 2735 4445 2854 4502; x_wconf 90' lang='lat' dir='ltr'><strong>sint</strong></span> <span class='ocrx_word' id='word_1_671' title='bbox 2881 4445 3036 4502; x_wconf 89' lang='lat' dir='ltr'><strong>sicut</strong></span> <span class='ocrx_word' id='word_1_672' title='bbox 3073 4450 3310 4510; x_wconf 88' lang='lat' dir='ltr'><strong>natura,</strong></span> <span class='ocrx_word' id='word_1_673' title='bbox 3341 4446 3421 4503; x_wconf 89' lang='lat' dir='ltr'><strong>ita</strong></span> <span class='ocrx_word' id='word_1_674' title='bbox 3441 4451 3501 4502; x_wconf 89' lang='lat' dir='ltr'><strong>et</strong></span> 
     </span>
    </p>
   </div>
   <div class='ocr_carea' id='block_1_95' title="bbox 1847 4537 2178 4594">
    <p class='ocr_par' dir='ltr' id='par_1_95' title="bbox 1847 4537 2178 4594">
     <span class='ocr_line' id='line_1_95' title="bbox 1847 4537 2178 4594; baseline -0.012 0"><span class='ocrx_word' id='word_1_675' title='bbox 1847 4537 2178 4594; x_wconf 80' lang='lat' dir='ltr'><strong>voluntate.</strong></span> 
     </span>
    </p>
   </div>
   <div class='ocr_carea' id='block_1_96' title="bbox 217 4596 1747 4699">
    <p class='ocr_par' dir='ltr' id='par_1_96' title="bbox 217 4596 1740 4699">
     <span class='ocr_line' id='line_1_96' title="bbox 217 4596 1740 4699; baseline 0.001 -22"><span class='ocrx_word' id='word_1_676' title='bbox 217 4596 427 4697; x_wconf 49' lang='grc' dir='ltr'>Γῖίμῶν,</span> <span class='ocrx_word' id='word_1_677' title='bbox 471 4596 588 4697; x_wconf 45' lang='grc' dir='ltr'><strong>ὶὸοδ</strong></span> <span class='ocrx_word' id='word_1_678' title='bbox 631 4596 814 4697; x_wconf 49' lang='grc' dir='ltr'>ιρησὶν,</span> <span class='ocrx_word' id='word_1_679' title='bbox 869 4596 1222 4698; x_wconf 74' lang='grc' dir='ltr'>ἐργαζομένων</span> <span class='ocrx_word' id='word_1_680' title='bbox 1261 4596 1352 4678; x_wconf 48' lang='grc' dir='ltr'>τὰ.</span> <span class='ocrx_word' id='word_1_681' title='bbox 1397 4624 1549 4696; x_wconf 83' lang='grc' dir='ltr'>καλὰ,</span> <span class='ocrx_word' id='word_1_682' title='bbox 1607 4624 1740 4699; x_wconf 88' lang='grc' dir='ltr'>λαμ-</span> 
     </span>
    </p>
   </div>
   <div class='ocr_carea' id='block_1_97' title="bbox 1865 4596 3500 4699">
    <p class='ocr_par' dir='ltr' id='par_1_97' title="bbox 1920 4622 3500 4697">
     <span class='ocr_line' id='line_1_97' title="bbox 1920 4622 3500 4697; baseline 0.003 -18"><span class='ocrx_word' id='word_1_683' title='bbox 1920 4627 1962 4695; x_wconf 69' lang='grc' dir='ltr'><strong>-ι-</strong></span> <span class='ocrx_word' id='word_1_684' title='bbox 1987 4625 2192 4689; x_wconf 86' lang='lat' dir='ltr'><strong>Vobis,</strong></span> <span class='ocrx_word' id='word_1_685' title='bbox 2219 4624 2422 4697; x_wconf 89' lang='lat' dir='ltr'><strong>inquit,</strong></span> <span class='ocrx_word' id='word_1_686' title='bbox 2459 4622 2611 4680; x_wconf 89' lang='lat' dir='ltr'><strong>bona</strong></span> <span class='ocrx_word' id='word_1_687' title='bbox 2641 4639 2825 4697; x_wconf 89' lang='lat' dir='ltr'><strong>opera</strong></span> <span class='ocrx_word' id='word_1_688' title='bbox 2873 4623 3248 4691; x_wconf 87' lang='lat' dir='ltr'><strong>facientibus,</strong></span> <span class='ocrx_word' id='word_1_689' title='bbox 3302 4623 3500 4683; x_wconf 89' lang='lat' dir='ltr'><strong>luceat</strong></span> 
     </span>
    </p>
   </div>
   <div class='ocr_carea' id='block_1_98' title="bbox 142 4710 1741 4789">
    <p class='ocr_par' dir='ltr' id='par_1_98' title="bbox 142 4710 1741 4789">
     <span class='ocr_line' id='line_1_98' title="bbox 142 4710 1741 4789; baseline 0.002 -24"><span class='ocrx_word' id='word_1_690' title='bbox 142 4715 296 4786; x_wconf 78' lang='grc' dir='ltr'>ψάτω</span> <span class='ocrx_word' id='word_1_691' title='bbox 325 4717 384 4765; x_wconf 87' lang='grc' dir='ltr'>τὸ</span> <span class='ocrx_word' id='word_1_692' title='bbox 416 4712 505 4766; x_wconf 77' lang='grc' dir='ltr'><strong>ἀπ’</strong></span> <span class='ocrx_word' id='word_1_693' title='bbox 545 4714 712 4767; x_wconf 75' lang='grc' dir='ltr'>αὐτῶν</span> <span class='ocrx_word' id='word_1_694' title='bbox 753 4723 856 4789; x_wconf 79' lang='grc' dir='ltr'><strong>φῶς</strong></span> <span class='ocrx_word' id='word_1_695' title='bbox 886 4717 1049 4787; x_wconf 78' lang='grc' dir='ltr'>ὑμῶν,</span> <span class='ocrx_word' id='word_1_696' title='bbox 1084 4716 1110 4767; x_wconf 88' lang='grc' dir='ltr'><strong><em>ὃ</em></strong></span> <span class='ocrx_word' id='word_1_697' title='bbox 1138 4719 1247 4785; x_wconf 86' lang='grc' dir='ltr'>καὶ,</span> <span class='ocrx_word' id='word_1_698' title='bbox 1291 4710 1516 4787; x_wconf 85' lang='grc' dir='ltr'>μηδενὸς</span> <span class='ocrx_word' id='word_1_699' title='bbox 1565 4711 1741 4788; x_wconf 87' lang='grc' dir='ltr'>δημο-</span> 
     </span>
    </p>
   </div>
   <div class='ocr_carea' id='block_1_99' title="bbox 152 4802 1741 4878">
    <p class='ocr_par' dir='ltr' id='par_1_99' title="bbox 152 4802 1741 4878">
     <span class='ocr_line' id='line_1_99' title="bbox 152 4802 1741 4878; baseline 0 -22"><span class='ocrx_word' id='word_1_700' title='bbox 152 4805 428 4871; x_wconf 84' lang='grc' dir='ltr'>σιεύοντος,</span> <span class='ocrx_word' id='word_1_701' title='bbox 479 4805 649 4856; x_wconf 81' lang='grc' dir='ltr'>εἴωθεν</span> <span class='ocrx_word' id='word_1_702' title='bbox 693 4804 819 4856; x_wconf 75' lang='grc' dir='ltr'>αὐτὸ</span> <span class='ocrx_word' id='word_1_703' title='bbox 876 4804 1027 4857; x_wconf 81' lang='grc' dir='ltr'>ἑαυτό</span> <span class='ocrx_word' id='word_1_704' title='bbox 1077 4802 1402 4878; x_wconf 88' lang='grc' dir='ltr'>θριαμϐεύειν</span> <span class='ocrx_word' id='word_1_705' title='bbox 1452 4803 1741 4857; x_wconf 75' lang='grc' dir='ltr'>ἀποπαλλό-</span> 
     </span>
    </p>
   </div>
   <div class='ocr_carea' id='block_1_100' title="bbox 153 4892 664 4965">
    <p class='ocr_par' dir='ltr' id='par_1_100' title="bbox 153 4892 664 4965">
     <span class='ocr_line' id='line_1_100' title="bbox 153 4892 664 4965; baseline 0.004 -21"><span class='ocrx_word' id='word_1_706' title='bbox 153 4912 292 4965; x_wconf 70' lang='grc' dir='ltr'>μενον</span> <span class='ocrx_word' id='word_1_707' title='bbox 322 4901 420 4944; x_wconf 86' lang='grc' dir='ltr'>τῶν</span> <span class='ocrx_word' id='word_1_708' title='bbox 450 4892 664 4965; x_wconf 84' lang='grc' dir='ltr'>καλῶν.]</span> 
     </span>
    </p>
   </div>
   <div class='ocr_carea' id='block_1_101' title="bbox 219 4978 1740 5055">
    <p class='ocr_par' dir='ltr' id='par_1_101' title="bbox 219 4978 1740 5055">
     <span class='ocr_line' id='line_1_101' title="bbox 219 4978 1740 5055; baseline -0.002 -20"><span class='ocrx_word' id='word_1_709' title='bbox 219 4985 302 5040; x_wconf 78' lang='grc' dir='ltr'><strong>Μὴ</strong></span> <span class='ocrx_word' id='word_1_710' title='bbox 356 5011 424 5023; x_wconf 77' lang='grc' dir='ltr'><strong>-ο</strong></span> <span class='ocrx_word' id='word_1_711' title='bbox 462 4981 756 5055; x_wconf 89' lang='grc' dir='ltr'>πληρῶσαι.</span> <span class='ocrx_word' id='word_1_712' title='bbox 816 4978 1028 5042; x_wconf 78' lang='grc' dir='ltr'>Ἐπειδὴ</span> <span class='ocrx_word' id='word_1_713' title='bbox 1084 4981 1299 5055; x_wconf 87' lang='grc' dir='ltr'>μείζονα</span> <span class='ocrx_word' id='word_1_714' title='bbox 1348 4988 1448 5034; x_wconf 88' lang='grc' dir='ltr'>τῶν</span> <span class='ocrx_word' id='word_1_715' title='bbox 1509 4980 1740 5034; x_wconf 87' lang='grc' dir='ltr'>παλαιῶν</span> 
     </span>
    </p>
   </div>
   <div class='ocr_carea' id='block_1_102' title="bbox 1851 4713 3501 4788">
    <p class='ocr_par' dir='ltr' id='par_1_102' title="bbox 1851 4713 3501 4788">
     <span class='ocr_line' id='line_1_102' title="bbox 1851 4713 3501 4788; baseline 0.002 -18"><span class='ocrx_word' id='word_1_716' title='bbox 1851 4714 1925 4771; x_wconf 87' lang='lat' dir='ltr'><strong>ab</strong></span> <span class='ocrx_word' id='word_1_717' title='bbox 1950 4713 2036 4770; x_wconf 88' lang='lat' dir='ltr'><strong>eis</strong></span> <span class='ocrx_word' id='word_1_718' title='bbox 2063 4713 2166 4770; x_wconf 81' lang='lat' dir='ltr'><strong>lux</strong></span> <span class='ocrx_word' id='word_1_719' title='bbox 2195 4719 2386 4769; x_wconf 87' lang='lat' dir='ltr'><strong>vestra</strong></span> <span class='ocrx_word' id='word_1_720' title='bbox 2413 4729 2424 4767; x_wconf 94' lang='lat'>:</span> <span class='ocrx_word' id='word_1_721' title='bbox 2461 4728 2596 4786; x_wconf 67' lang='lat' dir='ltr'><strong>quae</strong></span> <span class='ocrx_word' id='word_1_722' title='bbox 2623 4713 2788 4769; x_wconf 91' lang='lat' dir='ltr'><strong>nullo</strong></span> <span class='ocrx_word' id='word_1_723' title='bbox 2807 4715 2983 4770; x_wconf 89' lang='lat' dir='ltr'><strong>etiam</strong></span> <span class='ocrx_word' id='word_1_724' title='bbox 3010 4714 3370 4787; x_wconf 89' lang='lat' dir='ltr'><strong>publicante,</strong></span> <span class='ocrx_word' id='word_1_725' title='bbox 3395 4731 3501 4788; x_wconf 89' lang='lat' dir='ltr'><strong>per</strong></span> 
     </span>
    </p>
   </div>
   <div class='ocr_carea' id='block_1_103' title="bbox 1851 4801 3498 4876">
    <p class='ocr_par' dir='ltr' id='par_1_103' title="bbox 1851 4801 3498 4876">
     <span class='ocr_line' id='line_1_103' title="bbox 1851 4801 3498 4876; baseline 0.002 -17"><span class='ocrx_word' id='word_1_726' title='bbox 1851 4803 2108 4875; x_wconf 88' lang='lat' dir='ltr'><strong>seipsam</strong></span> <span class='ocrx_word' id='word_1_727' title='bbox 2139 4801 2514 4875; x_wconf 89' lang='lat' dir='ltr'><strong>triumphare</strong></span> <span class='ocrx_word' id='word_1_728' title='bbox 2535 4801 2685 4858; x_wconf 86' lang='lat' dir='ltr'><strong>solet</strong></span> <span class='ocrx_word' id='word_1_729' title='bbox 2724 4802 2845 4875; x_wconf 88' lang='lat' dir='ltr'><strong>(ss),</strong></span> <span class='ocrx_word' id='word_1_730' title='bbox 2906 4818 2942 4860; x_wconf 90' lang='lat' dir='ltr'><strong>a</strong></span> <span class='ocrx_word' id='word_1_731' title='bbox 2992 4802 3165 4861; x_wconf 90' lang='lat' dir='ltr'><strong>bonis</strong></span> <span class='ocrx_word' id='word_1_732' title='bbox 3215 4805 3498 4876; x_wconf 90' lang='lat' dir='ltr'><strong>operibus</strong></span> 
     </span>
    </p>
   </div>
   <div class='ocr_carea' id='block_1_104' title="bbox 1850 4891 2192 4964">
    <p class='ocr_par' dir='ltr' id='par_1_104' title="bbox 1850 4891 2192 4964">
     <span class='ocr_line' id='line_1_104' title="bbox 1850 4891 2192 4964; baseline -0.009 -17"><span class='ocrx_word' id='word_1_733' title='bbox 1850 4891 2192 4964; x_wconf 88' lang='lat' dir='ltr'><strong>prosiliens.</strong></span> 
     </span>
    </p>
   </div>
   <div class='ocr_carea' id='block_1_105' title="bbox 1924 4980 3496 5056">
    <p class='ocr_par' dir='ltr' id='par_1_105' title="bbox 1924 4980 3496 5056">
     <span class='ocr_line' id='line_1_105' title="bbox 1924 4980 3496 5056; baseline 0.003 -20"><span class='ocrx_word' id='word_1_734' title='bbox 1924 4982 2085 5038; x_wconf 89' lang='lat' dir='ltr'><strong>Vers.</strong></span> <span class='ocrx_word' id='word_1_735' title='bbox 2121 4981 2207 5036; x_wconf 86' lang='grc'><strong>17.</strong></span> <span class='ocrx_word' id='word_1_736' title='bbox 2238 4980 2325 5038; x_wconf 84' lang='lat' dir='ltr'><strong>Nc</strong></span> <span class='ocrx_word' id='word_1_737' title='bbox 2364 5011 2434 5024; x_wconf 91' lang='lat'><strong>-</strong></span> <span class='ocrx_word' id='word_1_738' title='bbox 2459 4981 2537 5037; x_wconf 85' lang='lat' dir='ltr'><strong>ad</strong></span> <span class='ocrx_word' id='word_1_739' title='bbox 2587 4981 3002 5052; x_wconf 75' lang='lat' dir='ltr'><strong>complendum.</strong></span> <span class='ocrx_word' id='word_1_740' title='bbox 3062 4981 3209 5051; x_wconf 80' lang='lat' dir='ltr'><strong>Quia</strong></span> <span class='ocrx_word' id='word_1_741' title='bbox 3261 4981 3496 5056; x_wconf 87' lang='lat' dir='ltr'><strong>majora</strong></span> 
     </span>
    </p>
   </div>
   <div class='ocr_carea' id='block_1_106' title="bbox 1358 5155 2281 5230">
    <p class='ocr_par' dir='ltr' id='par_1_106' title="bbox 1358 5155 2281 5230">
     <span class='ocr_line' id='line_1_106' title="bbox 1358 5155 2281 5230; baseline -0.003 -1"><span class='ocrx_word' id='word_1_742' title='bbox 1358 5157 1581 5229; x_wconf 61' lang='lat' dir='ltr'><strong>Variae</strong></span> <span class='ocrx_word' id='word_1_743' title='bbox 1610 5155 1940 5230; x_wconf 81' lang='lat' dir='ltr'><strong>lectiones</strong></span> <span class='ocrx_word' id='word_1_744' title='bbox 1971 5167 2037 5227; x_wconf 91' lang='lat' dir='ltr'><strong>et</strong></span> <span class='ocrx_word' id='word_1_745' title='bbox 2075 5165 2281 5227; x_wconf 72' lang='lat' dir='ltr'><strong>notae.</strong></span> 
     </span>
    </p>
   </div>
   <div class='ocr_carea' id='block_1_107' title="bbox 219 5353 1203 5500">
    <p class='ocr_par' dir='ltr' id='par_1_107' title="bbox 219 5353 1203 5500">
     <span class='ocr_line' id='line_1_107' title="bbox 219 5353 1203 5500; baseline 0.001 -87"><span class='ocrx_word' id='word_1_746' title='bbox 219 5355 328 5500; x_wconf 45' lang='lat'><strong>£47;</strong></span> <span class='ocrx_word' id='word_1_747' title='bbox 356 5353 593 5414; x_wconf 88' lang='lat' dir='ltr'><strong>Inclusa</strong></span> <span class='ocrx_word' id='word_1_748' title='bbox 619 5353 680 5412; x_wconf 89' lang='lat' dir='ltr'><strong>in</strong></span> <span class='ocrx_word' id='word_1_749' title='bbox 707 5370 904 5427; x_wconf 89' lang='lat' dir='ltr'><strong>marg.</strong></span> <span class='ocrx_word' id='word_1_750' title='bbox 930 5355 1104 5413; x_wconf 86' lang='lat' dir='ltr'><strong>habet</strong></span> <span class='ocrx_word' id='word_1_751' title='bbox 1131 5355 1203 5414; x_wconf 84' lang='lat' dir='ltr'><strong>A.</strong></span> 
     </span>
     <span class='ocr_line' id='line_1_108' title="bbox 242 5427 1203 5500; baseline -0.004 -18"><span class='ocrx_word' id='word_1_752' title='bbox 242 5428 305 5486; x_wconf 83' lang='grc'><strong>48</strong></span> <span class='ocrx_word' id='word_1_753' title='bbox 353 5427 492 5482; x_wconf 74' lang='grc' dir='ltr'>Ἀλλ’</span> <span class='ocrx_word' id='word_1_754' title='bbox 521 5427 836 5500; x_wconf 69' lang='grc' dir='ltr'>ἐργάζεσθαι</span> <span class='ocrx_word' id='word_1_755' title='bbox 861 5427 1045 5498; x_wconf 74' lang='grc' dir='ltr'>αὐτήν,</span> <span class='ocrx_word' id='word_1_756' title='bbox 1075 5427 1203 5486; x_wconf 76' lang='lat' dir='ltr'><strong>abst</strong></span> 
     </span>
    </p>
   </div>
   <div class='ocr_carea' id='block_1_108' title="bbox 242 5424 1382 5504">
    <p class='ocr_par' dir='ltr' id='par_1_108' title="bbox 242 5424 1382 5504">
     <span class='ocr_line' id='line_1_109' title="bbox 242 5424 1382 5504; baseline -0.004 -22"><span class='ocrx_word' id='word_1_757' title='bbox 242 5424 328 5500; x_wconf 83' lang='grc'><strong>48)</strong></span> <span class='ocrx_word' id='word_1_758' title='bbox 353 5427 492 5482; x_wconf 74' lang='grc' dir='ltr'>Ἀλλ’</span> <span class='ocrx_word' id='word_1_759' title='bbox 521 5427 836 5504; x_wconf 69' lang='grc' dir='ltr'>ἐργάζεσθαι</span> <span class='ocrx_word' id='word_1_760' title='bbox 849 5424 1045 5498; x_wconf 63' lang='grc' dir='ltr'><strong>⁷αὐτήν,</strong></span> <span class='ocrx_word' id='word_1_761' title='bbox 1075 5427 1296 5486; x_wconf 80' lang='lat' dir='ltr'><strong>absunt</strong></span> <span class='ocrx_word' id='word_1_762' title='bbox 1315 5424 1382 5482; x_wconf 86' lang='grc' dir='ltr'><strong>Α.</strong></span> 
     </span>
    </p>
   </div>
   <div class='ocr_carea' id='block_1_109' title="bbox 222 5587 1790 5660">
    <p class='ocr_par' dir='ltr' id='par_1_109' title="bbox 222 5587 1790 5660">
     <span class='ocr_line' id='line_1_110' title="bbox 222 5587 1790 5660; baseline 0.001 -16"><span class='ocrx_word' id='word_1_763' title='bbox 222 5587 332 5660; x_wconf 88' lang='lat' dir='ltr'><strong>(rr)</strong></span> <span class='ocrx_word' id='word_1_764' title='bbox 353 5588 546 5660; x_wconf 78' lang='lat' dir='ltr'><strong>Malim</strong></span> <span class='ocrx_word' id='word_1_765' title='bbox 571 5589 652 5646; x_wconf 83' lang='lat' dir='ltr'><strong>ad</strong></span> <span class='ocrx_word' id='word_1_766' title='bbox 668 5587 852 5647; x_wconf 84' lang='lat' dir='ltr'><strong>vitam</strong></span> <span class='ocrx_word' id='word_1_767' title='bbox 877 5593 1048 5646; x_wconf 81' lang='lat' dir='ltr'><strong>caute</strong></span> <span class='ocrx_word' id='word_1_768' title='bbox 1060 5601 1161 5646; x_wconf 84' lang='lat' dir='ltr'><strong>seu</strong></span> <span class='ocrx_word' id='word_1_769' title='bbox 1177 5587 1501 5660; x_wconf 76' lang='lat' dir='ltr'><strong>prudenter</strong></span> <span class='ocrx_word' id='word_1_770' title='bbox 1523 5599 1595 5660; x_wconf 89' lang='lat' dir='ltr'><strong>a_c</strong></span> <span class='ocrx_word' id='word_1_771' title='bbox 1611 5589 1740 5643; x_wconf 84' lang='lat' dir='ltr'><strong>tuto</strong></span> <span class='ocrx_word' id='word_1_772' title='bbox 1756 5639 1790 5653; x_wconf 80' lang='lat'><strong>..</strong></span> 
     </span>
    </p>
   </div>
   <div class='ocr_carea' id='block_1_110' title="bbox 152 5657 1739 5734">
    <p class='ocr_par' dir='ltr' id='par_1_110' title="bbox 152 5657 1739 5734">
     <span class='ocr_line' id='line_1_111' title="bbox 152 5657 1739 5734; baseline -0.003 -17"><span class='ocrx_word' id='word_1_773' title='bbox 152 5657 452 5734; x_wconf 83' lang='lat' dir='ltr'><strong>agendam.</strong></span> <span class='ocrx_word' id='word_1_774' title='bbox 504 5659 840 5733; x_wconf 76' lang='grc' dir='ltr'>Ἐνάγωνίονς</span> <span class='ocrx_word' id='word_1_775' title='bbox 871 5665 1073 5717; x_wconf 90' lang='lat' dir='ltr'><strong>autem</strong></span> <span class='ocrx_word' id='word_1_776' title='bbox 1113 5657 1500 5722; x_wconf 82' lang='lat' dir='ltr'><strong>reddiderim,</strong></span> <span class='ocrx_word' id='word_1_777' title='bbox 1537 5657 1739 5729; x_wconf 82' lang='lat' dir='ltr'><strong>fortes,</strong></span> 
     </span>
    </p>
   </div>
   <div class='ocr_carea' id='block_1_111' title="bbox 429 5746 1106 5810">
    <p class='ocr_par' dir='ltr' id='par_1_111' title="bbox 429 5746 1106 5810">
     <span class='ocr_line' id='line_1_112' title="bbox 429 5746 1106 5810; baseline 0 -3"><span class='ocrx_word' id='word_1_778' title='bbox 429 5749 683 5810; x_wconf 60' lang='lat' dir='ltr'><strong>Parnon.</strong></span> <span class='ocrx_word' id='word_1_779' title='bbox 723 5749 829 5808; x_wconf 79' lang='lat' dir='ltr'><strong>Gn.</strong></span> <span class='ocrx_word' id='word_1_780' title='bbox 868 5746 1106 5807; x_wconf 80' lang='lat' dir='ltr'><strong>CXXIX.</strong></span> 
     </span>
    </p>
   </div>
   <div class='ocr_carea' id='block_1_112' title="bbox 1919 5349 2445 5500">
    <p class='ocr_par' dir='ltr' id='par_1_112' title="bbox 1919 5349 2445 5500">
     <span class='ocr_line' id='line_1_113' title="bbox 1919 5349 2445 5500; baseline -0.006 -90"><span class='ocrx_word' id='word_1_781' title='bbox 1919 5352 2030 5500; x_wconf 53' lang='grc' dir='ltr'>(ιοζ</span> <span class='ocrx_word' id='word_1_782' title='bbox 2059 5349 2118 5409; x_wconf 67' lang='lat' dir='ltr'><strong>cl“:</strong></span> <span class='ocrx_word' id='word_1_783' title='bbox 2143 5353 2358 5411; x_wconf 88' lang='lat' dir='ltr'><strong>omittit</strong></span> <span class='ocrx_word' id='word_1_784' title='bbox 2379 5357 2445 5410; x_wconf 79' lang='grc' dir='ltr'><strong>Α.</strong></span> 
     </span>
     <span class='ocr_line' id='line_1_114' title="bbox 1919 5426 2445 5498; baseline -0.004 -14"><span class='ocrx_word' id='word_1_785' title='bbox 1919 5431 2008 5498; x_wconf 84' lang='grc'><strong>(50</strong></span> <span class='ocrx_word' id='word_1_786' title='bbox 2062 5427 2296 5484; x_wconf 86' lang='lat' dir='ltr'><strong>Inclusa</strong></span> <span class='ocrx_word' id='word_1_787' title='bbox 2356 5426 2445 5482; x_wconf 54' lang='lat' dir='ltr'><strong>Coi</strong></span> 
     </span>
    </p>
   </div>
   <div class='ocr_carea' id='block_1_113' title="bbox 1919 5425 3492 5500">
    <p class='ocr_par' dir='ltr' id='par_1_113' title="bbox 1919 5425 3492 5500">
     <span class='ocr_line' id='line_1_115' title="bbox 1919 5425 3492 5500; baseline -0.001 -16"><span class='ocrx_word' id='word_1_788' title='bbox 1919 5425 2029 5500; x_wconf 86' lang='lat'><strong>(50)</strong></span> <span class='ocrx_word' id='word_1_789' title='bbox 2062 5427 2296 5484; x_wconf 91' lang='lat' dir='ltr'><strong>Inclusa</strong></span> <span class='ocrx_word' id='word_1_790' title='bbox 2356 5425 2550 5482; x_wconf 85' lang='lat' dir='ltr'><strong>Codex</strong></span> <span class='ocrx_word' id='word_1_791' title='bbox 2597 5430 2840 5500; x_wconf 87' lang='lat' dir='ltr'><strong>uterque</strong></span> <span class='ocrx_word' id='word_1_792' title='bbox 2891 5425 3074 5485; x_wconf 89' lang='lat' dir='ltr'><strong>habet</strong></span> <span class='ocrx_word' id='word_1_793' title='bbox 3097 5425 3160 5484; x_wconf 91' lang='lat' dir='ltr'><strong>in</strong></span> <span class='ocrx_word' id='word_1_794' title='bbox 3198 5425 3492 5499; x_wconf 89' lang='lat' dir='ltr'><strong>margine.</strong></span> 
     </span>
    </p>
   </div>
   <div class='ocr_carea' id='block_1_114' title="bbox 1851 5586 3188 5643">
    <p class='ocr_par' dir='ltr' id='par_1_114' title="bbox 1851 5586 3188 5643">
     <span class='ocr_line' id='line_1_116' title="bbox 1851 5586 3188 5643; baseline -0.007 0"><span class='ocrx_word' id='word_1_795' title='bbox 1851 5586 2200 5643; x_wconf 77' lang='lat' dir='ltr'><strong>constantes.</strong></span> <span class='ocrx_word' id='word_1_796' title='bbox 3185 5599 3188 5602; x_wconf 52' lang='lat'><strong><em>~</em></strong></span> 
     </span>
    </p>
   </div>
   <div class='ocr_carea' id='block_1_115' title="bbox 1878 5654 3495 5730">
    <p class='ocr_par' dir='ltr' id='par_1_115' title="bbox 1878 5654 3495 5730">
     <span class='ocr_line' id='line_1_117' title="bbox 1878 5654 3495 5730; baseline 0.005 -20"><span class='ocrx_word' id='word_1_797' title='bbox 1878 5654 1881 5657; x_wconf 82' lang='grc'><em>’</em></span> <span class='ocrx_word' id='word_1_798' title='bbox 1923 5654 2022 5728; x_wconf 87' lang='lat' dir='ltr'><strong>(ss)</strong></span> <span class='ocrx_word' id='word_1_799' title='bbox 2051 5657 2168 5712; x_wconf 86' lang='lat' dir='ltr'><strong>Per</strong></span> <span class='ocrx_word' id='word_1_800' title='bbox 2189 5685 2257 5696; x_wconf 95' lang='lat'><strong>—</strong></span> <span class='ocrx_word' id='word_1_801' title='bbox 2277 5655 2444 5714; x_wconf 82' lang='lat' dir='ltr'><strong>solet.</strong></span> <span class='ocrx_word' id='word_1_802' title='bbox 2476 5657 2550 5716; x_wconf 90' lang='lat' dir='ltr'><strong>Se</strong></span> <span class='ocrx_word' id='word_1_803' title='bbox 2573 5655 2770 5730; x_wconf 88' lang='lat' dir='ltr'><strong>ipsam</strong></span> <span class='ocrx_word' id='word_1_804' title='bbox 2799 5655 3114 5729; x_wconf 78' lang='lat' dir='ltr'><strong>illustrare,</strong></span> <span class='ocrx_word' id='word_1_805' title='bbox 3135 5654 3495 5730; x_wconf 60' lang='lat' dir='ltr'><strong>patefacere.-</strong></span> 
     </span>
    </p>
   </div>
   <div class='ocr_carea' id='block_1_116' title="bbox 3178 5750 3210 5807">
    <p class='ocr_par' dir='ltr' id='par_1_116' title="bbox 3178 5750 3210 5807">
     <span class='ocr_line' id='line_1_118' title="bbox 3178 5750 3210 5807; baseline 0 0"><span class='ocrx_word' id='word_1_806' title='bbox 3178 5750 3210 5807; x_wconf 78' lang='grc' dir='ltr'><strong>’Ζ</strong></span> 
     </span>
    </p>
   </div>
  </div>
