4170 6432
1994 396 2348 458 EUTHYMII
2387 396 2714 456 ZIGABENI
3956 399 4041 457 204

690 407 796 464 203

691 533 993 604 praecepta
1022 528 1372 586 conditurus
1411 530 1533 584 erat
1561 527 1670 593 his,
1703 543 1838 600 qum
1865 532 2036 582 erant
2061 527 2121 582 in
2152 525 2319 581 Veter

2448 523 2894 595 παραγγελμάτων
2955 523 3124 596 ἔμελλε
3193 528 3501 598 νόμογετεῖν,
3577 525 3736 598 λέγων
3787 543 3801 556 ⁸
3876 527 4037 581 Ἠκού-

684 623 1076 684 Testamento,
1103 617 1311 673 dicens
1337 633 1348 672 :
1372 616 1623 672 Audistis
1643 617 1803 688 quod
1823 617 2045 672 dictum
2075 622 2160 672 est
2181 614 2314 671 αηιί

2451 631 2575 665 σατε
2648 616 2725 665 ὅτι
2797 612 2976 687 ίῤῥίθη
3048 621 3157 676 τοῖς
3231 613 3480 686 ἀρχαίοις
3530 636 3543 649 ο
3595 616 3670 669 Ού
3723 620 4032 687 φονεύσιις¹

682 709 850 780 quis:
883 709 1018 764 Non
1049 707 1308 764 occides:
1336 705 1440 776 qui
1476 712 1672 761 autem
1711 706 2009 770 occiderit,
2066 719 2197 760 reus
2227 719 2319 760 erit

2449 701 2502 763 ὃς
2556 698 2606 754 δ’
2679 701 2739 753 ἆν
2793 706 3036 775 φονεύσῃ,
3105 706 3286 775 ἔνοχος
3341 708 3487 756 ἔσται
3539 713 3601 776 τῇ
3662 711 3838 777 κρίσει
3884 723 3897 736 ·
3954 705 4032 776 ἐγω

670 797 924 868 judicio.
946 797 1076 867 Ego
1097 802 1285 852 autem
1302 796 1433 850 dico
1450 795 1608 850 vobis
1623 811 1639 848 :
1666 795 1860 850 Omnis
1873 794 1976 864 qui
1999 799 2206 850 temere
2219 793 2313 848 ira

2448 786 2507 842 δε
2561 790 2692 861 λέγω
2747 792 2887 863 ύμῖν,
2949 795 3028 844 ὅτι
3083 799 3182 853 πᾶς
3243 795 3270 844 6
3319 793 3647 866 ὀργιζόμενος
3713 804 3791 866 τῷ
3849 792 4030 866 ἀδελφᾲ

679 887 872 942 εσίιιιν
897 885 1223 956 fratrisuo,
1251 900 1384 940 reus
1398 884 1752 953 eritjudicio
1777 885 1846 948 '°,
1876 888 2012 947 etc.,
2038 889 2095 938 et
2119 882 2319 937 divina

2446 880 2603 932 αὑτοῦ
2654 881 2790 946 εἰκῆ,
2840 883 3022 952 ἔνοχος
3072 885 3220 935 ἔσται
3271 890 3332 954 τῇ
3389 888 3580 958 κρίσιι,
3621 889 3710 936 καὶ
3770 888 3842 936 τὰ
3897 885 4025 948 ἑξῆς·

680 972 1003 1044 cujusdam
1029 973 1398 1045 cmlestisque
1421 972 1635 1044 politiae
1662 972 1817 1027 viam
1840 973 2098 1027 incidere
2115 973 2210 1042 (ιι)
2243 987 2319 1026 vo

2445 973 2535 1021 καί
2607 972 2747 1029 θείας
2797 973 2935 1032 τινὸς
3003 976 3093 1023 καὶ
3159 971 3400 1046 οὐρανίου
3473 973 3736 1036 πολιτείας
3815 974 4025 1028 ἐϐούλετο

683 1061 877 1118 lebat:
938 1078 1011 1118 ne
1053 1062 1157 1135 qui
1219 1067 1455 1135 propter
1504 1062 1823 1117 novitatem
1875 1062 2314 1132 suspicarentur

2444 1064 2612 1127 τεμεῖν
2653 1054 2797 1124 ὁδὸν,
2841 1060 2924 1110 ἶνα
2968 1065 3040 1131 μή
3093 1078 3241 1129 τινες,
3288 1057 3382 1114 διὰ
3428 1065 3487 1113 τὸ
3526 1061 3743 1130 ξενιςον,
3783 1064 4025 1117 ὑπολάϐω-

683 1151 846 1224 quod
883 1167 1044 1207 nova
1097 1152 1383 1217 condens,
1435 1154 1635 1206 vetera
1691 1150 2018 1220 auferebat,
2077 1163 2319 1222 eumque

2445 1163 2547 1211 σιν,
2609 1147 2690 1198 ὅτι
2743 1145 2964 1222 ἀναιρῶν
3025 1151 3091 1200 τὰ
3150 1148 3365 1215 παλαιὰ,
3443 1153 3705 1222 νομοθετεῖ
3778 1157 3888 1220 νέα,
3957 1160 4022 1204 καὶ

683 1240 1050 1296 contrarium
1070 1239 1187 1296 illis
1208 1257 1339 1297 esse
1362 1243 1637 1312 putarent
1664 1260 1675 1299 :
1702 1242 1960 1312 primum
1977 1239 2113 1295 huic
2138 1237 2319 1295 mede-

2440 1238 2729 1306 νομίσωσιν
2783 1236 2935 1288 αὐτὸν
2998 1237 3250 1308 ἀντίθεον,
3295 1240 3667 1314 προθεραπεύει
3714 1245 3818 1300 τὴν
3871 1246 4023 1295 rotari-

682 1332 778 1386 tur
803 1329 1142 1401 suspicioni.

2440 1341 2534 1381 την
2576 1323 2784 1396 ύπὸληψ
2793 1345 2855 1378 ιν.

756 1417 872 1474 Sed
901 1416 1217 1474 videamus
1256 1418 1565 1490 quomodo
1610 1419 1800 1490 legem
1855 1417 2235 1491 compleverit
2261 1433 2319 1474 at

2513 1411 2688 1478 una,
2737 1422 2848 1476 πῶς
2894 1413 3161 1488 ἄπλήρωσε
3211 1418 3299 1468 τὸν
3344 1420 3498 1490 νόμον
3537 1423 3628 1471 καὶ
3675 1422 3805 1482 τοὺς
3843 1427 4016 1496 προφή-

681 1506 1026 1578 prophetas.
1066 1507 1392 1579 Prophetas
1407 1507 1650 1578 quidem
1677 1507 2017 1580 complevit,
2048 1506 2333 1563 omnibus

679 1610 812 1667 quae
831 1594 904 1651 de
935 1593 1062 1667 ipso
1093 1596 1450 1666 scripserunt
1491 1597 1820 1668 prophetae,
1853 1612 2032 1668 Opere
2070 1595 2332 1668 comple-

679 1683 776 1740 tis.
808 1687 956 1740 Nam
969 1683 1050 1739 ob
1081 1683 1141 1739 id
1171 1699 1412 1756 quoque
1431 1683 1674 1754 frequen
1687 1684 2136 1740 teraddiderunt
2157 1700 2332 1740 evan-

677 1771 939 1841 gelistaa:
975 1773 1046 1829 Ut
1081 1773 1471 1841 comparetur
1518 1774 1677 1843 quod
1703 1773 1923 1829 dictum
1957 1781 2044 1829 est
2063 1788 2331 1844 perpro-

672 1861 935 1930 phetam.
951 1861 1168 1930 Legem
1182 1866 1382 1916 autem
1399 1876 1520 1917 uno
1534 1861 1778 1932 quidem
1795 1862 1999 1932 modo,
2012 1860 2330 1933 complevit
2356 1873 2397 1928 Β

673 1949 821 2005 nihil
845 1949 1338 2020 transgrediendo
1383 1965 1588 2006 eorum
1616 1967 1745 2022 quae
1803 1952 1892 2006 lex
1920 1951 2204 2021 jusserat.
2235 1951 2329 2006 Di-

674 2043 840 2094 xerat
869 2038 1026 2093 enim
1060 2037 1225 2109 prius
1260 2038 1337 2094 ad
1362 2041 1652 2094 Joannem
1682 2056 1692 2093 :
1727 2040 1825 2096 Sic
1867 2041 2027 2096 decet
2053 2057 2152 2096 nos
2173 2057 2325 2097 com-

670 2126 1069 2196 plereomnem
1081 2127 1438 2196 justitiam"
1467 2143 1480 2193 ;
1505 2128 1620 2184 alio
1638 2135 1837 2184 autem
1862 2130 2060 2192 modo,
2095 2129 2328 2186 addens

671 2215 778 2287 ipsi
810 2230 946 2288 qua:
973 2216 1370 2286 praetermissa
1396 2221 1567 2273 erant
1593 2233 1604 2270 :
1636 2217 1802 2290 quod
1845 2219 2024 2274 etiam
2057 2217 2150 2273 hic
2201 2235 2327 2274 ma-

671 2304 762 2373 gis
793 2319 1121 2374 congruum
1151 2309 1242 2360 est
1268 2304 1611 2376 intelligere.
1649 2307 1796 2360 Cum
1829 2307 1986 2360 enim
2045 2307 2140 2362 lex
2194 2323 2328 2380 pec-

670 2397 941 2448 catorum
967 2393 1117 2448 tines
1143 2393 1462 2464 prohibeat,
1517 2394 1781 2449 Christus
1835 2395 2127 2468 principia
2175 2412 2328 2468 quo-

669 2495 784 2553 que
810 2482 1003 2537 vetuit.
1062 2481 1368 2553 Siquidem
1421 2481 1610 2538 caedes
1653 2483 1880 2538 fructus
1931 2489 2021 2540 est
2076 2487 2322 2556 peccati,

667 2569 840 2624 radix
869 2574 1063 2625 autem
1093 2570 1216 2640 ejus
1237 2575 1324 2626 est
1353 2570 1440 2627 ira
1473 2592 1485 2624 :
1520 2570 1631 2626 nisi
1682 2587 1822 2627 vero
1874 2572 2010 2644 quis
2061 2573 2322 2630 radicem

671 2656 999 2724 abstulerit,
1041 2657 1411 2730 quandoque
1441 2658 1688 2715 tandem
1731 2659 1982 2716 fructum
2014 2662 2321 2732 producet.

668 2747 832 2800 Patet
850 2745 1024 2816 igitur
1037 2747 1513 2802 mancumt‘uisse
1537 2754 1923 2820 praeceptum,
1944 2752 2106 2822 quod
2127 2751 2322 2809 solum

669 2833 943 2888 occidere
969 2834 1230 2892 vetabat.
1264 2837 1382 2890 Hoc
1404 2842 1604 2892 autem
1663 2837 1924 2893 Christus
1978 2841 2318 2912 complevit,

669 2920 1022 2994 praecipiens
1074 2937 1195 2979 non
1247 2923 1440 2989 irasci,
1509 2926 1670 2996 quod
1721 2926 1780 2981 in
1835 2926 1964 2982 aliis
2010 2932 2320 3002 prmeeptis

667 3009 1050 3080 procedendo
1079 3011 1276 3068 licebit
1304 3012 1595 3070 invenire.

743 3100 812 3154 Et
833 3114 1016 3170 quare
1037 3104 1203 3156 vetus
1258 3102 1347 3157 lex
1371 3107 1498 3158 erat
1552 3102 1954 3176 imperfecta?
2007 3107 2152 3173 Quia
2210 3109 2320 3163 He-

2440 1519 2549 1566 τας,
2601 1497 2814 1574 ἴδωμεν.
2855 1506 2989 1564 Τοὺς
3036 1510 3302 1577 προφήτας
3340 1508 3430 1577 μεν
3490 1506 3787 1582 ἐπλήρωσε,
3842 1510 4013 1583 πληρώ-
4089 1497 4091 1522 ³

2441 1608 2536 1651 σας
2587 1592 2758 1661 ἔργοις
2817 1594 3008 1658 πάντα,
3062 1594 3164 1644 ὃσα
3217 1598 3334 1667 περὶ
3391 1593 3550 1646 αὐτοῦ
3593 1603 4008 1668 προεφήτευσαν
4090 1613 4091 1620 ‘

2440 1675 2528 1730 διὸ
2596 1683 2686 1730 καὶ
2738 1681 2856 1732 καθ’
2923 1681 3136 1734 ἕκαστον
3193 1691 3292 1734 τῶν
3348 1687 3808 1756 προφητενθίντειιν
3857 1695 4008 1762 προσί-

2441 1767 2605 1851 ᾂηκαν
2648 1770 2696 1819 οἱ
2750 1767 3113 1840 εύαγγελισταὶ
3149 1774 3208 1823 τό
3236 1788 3249 1800 ’
3284 1793 3312 1821 ιι
3342 1769 3451 1824 Ἱνα
3492 1772 3742 1848 πληρωθῇ
3789 1780 3847 1829 τὸ
3885 1778 4006 1851 ῥηθὲν

2441 1850 2533 1906 διὰ
2577 1862 2670 1908 τού
2721 1862 2990 1929 προφήτου
3021 1875 3033 1887 ’
3080 1879 3108 1908 ιο
3157 1862 3243 1910 τὸν
3294 1856 3353 1912 δε
3393 1865 3546 1932 νόμον
3595 1862 3666 1915 ενι
3864 1850 4004 1938 τροπῳ

2437 1942 2792 2017 πεπλήρωκεν,
2884 1944 2933 1997 ἄν
3012 1954 3086 2016 τῷ
3173 1944 3340 2019 μηδεν
3423 1954 3639 2021 νόμιμον
3711 1954 3999 2028 παραϐῆναι.

2438 2035 2626 2106 Εἶρηκε
2677 2037 2779 2108 γὰρ
2829 2039 2960 2109 πρὸς
3014 2039 3101 2087 τὸν
3157 2037 3415 2100 Ἰωάννην,
3485 2041 3566 2091 ὅτι
3625 2043 3774 2095 Ούτω
3843 2050 4000 2120 πρέπον

2436 2119 2576 2174 ίστὶν
2632 2125 2778 2194 ἡμῖν,
2841 2123 3118 2199 πληρῶσαι
3190 2133 3364 2178 πᾶσαν
3432 2123 3815 2190 δικαιοσύνην·
3871 2134 3998 2204 ἑτέρῳ

2437 2204 2516 2277 δε,
2549 2208 2597 2260 ἓν
2628 2218 2700 2282 τῷ
2734 2213 3040 2285 προσθεῖναι
3088 2213 3228 2285 αύτῷ
3265 2217 3331 2266 τά
3377 2214 3640 2283 λείποντα,
3662 2221 3688 2272 6
3726 2226 3810 2273 καὶ
3835 2221 3997 2293 μᾶλλον

2435 2295 2657 2350 ἐνταῦθα
2692 2306 2822 2352 νοεῖν
2869 2297 3141 2374 ἁρμόδιον.
3196 2308 3299 2356 Τοῦ
3328 2309 3486 2376 νόμον
3534 2309 3634 2381 γὰρ
3678 2311 3742 2360 τὰ
3767 2309 3874 2367 τέλη
3909 2317 3996 2360 τῶν

2435 2385 2823 2459 ἁμαρτημάτων
2881 2389 3181 2456 κωλύοντος,
3234 2392 3261 2443 6
3317 2397 3544 2466 Χριστὸς
3598 2401 3684 2449 καὶ
3720 2400 3795 2455 τὰς
3833 2395 3982 2465 ἀρχάς

2436 2472 2705 2529 ἐκώλυσεν.
2746 2474 2805 2528 Ὀ
2837 2480 2980 2548 φόνος
3161 2481 3264 2553 γὰρ
3308 2487 3507 2551 καρπός
3537 2481 3667 2536 ἑστιν
3712 2483 3948 2556 ἁμαρτίας
3970 2503 3982 2515 ·

2431 2563 2556 2636 ῥίζα
2594 2559 2654 2616 δε
2700 2567 2892 2626 ταύτης
2944 2568 2973 2623 ἦ
3034 2566 3182 2639 ὀργή.
3241 2572 3337 2620 Καὶ
3387 2569 3431 2621 εἰ
3481 2576 3555 2642 μὴ
3607 2591 3685 2634 τις
3734 2571 3871 2644 ἀνέλῃ
3907 2575 3991 2629 τήν

2430 2651 2604 2724 ῥίζαν,
2677 2656 2816 2705 ἔστιν
2869 2656 2953 2707 ὅτε
3015 2662 3421 2731 καρποφορήσει.
3496 2657 3760 2714 Δέδεικται
3821 2666 3991 2727 τοίνυν,

2431 2741 2509 2791 ὅτι
2568 2739 2778 2804 ὶλλιπὴς
2835 2738 2895 2800 ἦν
2953 2745 2983 2802 η
3060 2747 3174 2818 περὶ
3247 2753 3340 2797 τοῦ
3402 2752 3475 2818 μὴ
3539 2753 3760 2820 φονεύειν
3821 2750 3990 2808 ἐντολὴ.

2434 2827 2788 2904 ’Δνεπλήρωσε
2841 2827 2899 2883 δε
2951 2833 3143 2890 ταύτην
3181 2834 3208 2886 6
3256 2839 3506 2908 Χριστὸς,
3557 2835 3888 2912 ἐντειλάμενος
3934 2845 3990 2910 μή

2430 2916 2756 2987 ὀργίζεσθαι.
2811 2925 2972 2974 Τοῦτο
3036 2917 3096 2974 δι
3143 2926 3232 2974 καὶ
3290 2922 3373 2975 ἐπὶ
3432 2933 3528 2976 τῶν
3592 2926 3757 2980 ἄλλων
3813 2927 3992 2981 ἐντολῶν

2431 3006 2664 3081 εὑρήσεις
2697 3014 2910 3081 προῐών.

2502 3099 2602 3147 Καὶ
2672 3092 2819 3149 διατί
2891 3095 3070 3158 ἀτελὴς
3127 3095 3188 3158 ἦν
3255 3101 3280 3152 6
3337 3101 3552 3164 παλαιὸς
3623 3108 3815 3177 νόμος;
3879 3111 3992 3161 Auiti

665 3187 814 3243 braai
860 3188 1027 3244 dum
1093 3190 1337 3246 cervicis
1387 3196 1573 3258 erant,
1651 3209 1760 3248 nec
1818 3195 2086 3251 ferebant
2145 3213 2317 3269 grave

2431 3182 2888 3257 σκληροτράχηλοι
2959 3182 3092 3244 ἦσαν
3167 3190 3216 3240 oi
3271 3188 3519 3264 Ἑϐραῖοι,
3571 3197 3660 3245 καὶ
3725 3195 3820 3248 οὐκ
3882 3197 3992 3256 ἠνεί-

665 3276 882 3348 jugum
916 3294 929 3332 :
962 3277 1306 3352 illositaque
1328 3279 1749 3338 velutinfantcs
1777 3283 1925 3338 lacte
1949 3287 2192 3354 potavit,
2213 3302 2317 3343 no-

2427 3291 2587 3343 χοντο
2638 3274 2797 3344 ζυγὸν
2831 3272 3016 3348 βαρύν.
3066 3281 3248 3329 Τοίνυν
3296 3277 3520 3343 ἐκείνους
3555 3285 3664 3353 μεν,
3703 3287 3768 3344 ὡς
3806 3291 3993 3344 νηπίους

665 3366 759 3422 bis
798 3371 996 3423 autem
1065 3372 1356 3440 tanquam
1416 3369 1558 3424 viris
1610 3370 1869 3428 solidum
1909 3375 2189 3446 apposuit
2234 3377 2316 3431 ci-

661 3455 837 3512 bum.

734 3545 1052 3610 Quomodo
1067 3562 1208 3602 vero
1229 3547 1370 3602 alibi
1389 3547 1810 3604 dixitChristus
1844 3553 2090 3623 :Jugum
2118 3571 2310 3612 meum

658 3647 842 3689 suave
871 3639 974 3694 est,
1005 3638 1057 3688 et
1080 3650 1226 3690 onus
1263 3649 1456 3690 meum
1514 3637 1634 3693 leve
1661 3640 1708 3673 ’³
1733 3638 1760 3692 ‘?
1791 3638 1939 3707 Quia
1995 3642 2118 3698 leve
2172 3645 2311 3701 facit

660 3719 776 3775 hoc
805 3720 1082 3776 laborum
1114 3725 1508 3780 remuneratio
1538 3741 1607 3780 ac
1640 3730 2017 3798 praemiorum
2073 3734 2308 3803 magni-

659 3809 825 3864 tudo.
853 3812 968 3865 Lex
999 3809 1161 3865 enim
1188 3827 1249 3866 se
1280 3813 1649 3870 servantibus
1677 3816 1835 3874 bona
1865 3823 2033 3875 teme
2065 3823 2311 3892 promit-

659 3896 842 3954 tebat.
875 3897 1142 3954 Christus
1169 3904 1369 3957 autem
1397 3901 1558 3959 bona
1601 3906 1874 3963 caelestia.

732 4135 926 4207 -ι-Αιὶο
953 4137 1132 4196 etiam
1164 4141 1364 4209 modo,
1424 4159 1546 4201 non
1593 4145 1783 4213 solvit,
1837 4147 1934 4203 sed
1981 4149 2305 4224 complevit

651 4227 851 4298 potius
871 4225 1057 4298 legem
1089 4236 1343 4288 veterem
1367 4249 1381 4288 :
1413 4249 1606 4306 neque
1629 4237 1788 4290 enim
1817 4237 2137 4309 Evangelia
2163 4256 2300 4298 con-

648 4315 832 4372 traria
861 4321 1002 4380 erat,
1035 4317 1140 4374 sed
1173 4320 1370 4390 potius
1422 4323 1521 4378 via
1579 4323 1656 4378 ad
1719 4324 1940 4396 ipsum,
2016 4344 2084 4384 ac
2108 4346 2299 4402 praeco

646 4403 906 4476 praevius
926 4407 1204 4463 etumbra
1227 4413 1522 4482 typusque
1547 4428 1561 4477 ;
1595 4413 1861 4470 veniente
1885 4423 2085 4474 autem
2111 4421 2300 4476 Evan-

646 4491 822 4561 gelio,
850 4494 1139 4566 completa
1156 4502 1328 4554 estac
1350 4499 1623 4564 cessavit,
1649 4499 1803 4557 sicut
1832 4519 1945 4560 nox
1981 4513 2296 4579 appetente

645 4579 758 4646 die,
791 4580 939 4638 sicut
964 4583 1168 4640 umbra
1208 4585 1427 4641 additis
1451 4587 1766 4645 coloribus.
1791 4590 2108 4662 Oportebat
2135 4599 2293 4655 enim
2331 4580 2377 4636 ί)

641 4667 1037 4742 ρωάοεοευω
1061 4674 1405 4746 ρτωοθριοιιὶ
1441 4677 1784 4736 concedere.

2426 3361 2500 3421 είς
2557 3361 2762 3436 ἀρετὴν,
2811 3363 2949 3434 γαλα
3013 3363 3245 3418 ἐπότισεν
3288 3387 3300 3400 ·
3347 3370 3470 3440 ἡμῖν
3520 3366 3598 3437 δι,
3657 3374 3723 3433 ὡς
3770 3371 3989 3450 ἀνδράσι,

2423 3456 2723 3525 προσήγαγε
2751 3455 2958 3526 στερεὰν
2988 3460 3203 3528 τροφήν.

2495 3542 2599 3595 Καὶ
2641 3549 2752 3602 πῶς
2794 3543 2820 3593 6
2869 3545 3096 3616 Χριστὸς
3141 3547 3338 3618 εἴρηκεν
3380 3545 3638 3619 ἀλλαχοῦ,
3691 3551 3774 3603 ὅτι
3830 3552 3883 3605 Ὀ
3917 3553 3988 3613 ζυ-

2420 3635 2512 3699 γός
2569 3648 2670 3700 μου
2726 3634 2988 3703 χρηστὸς,
3045 3638 3134 3684 καὶ
3199 3637 3256 3686 τό
3338 3641 3544 3707 φορτίον
3599 3657 3702 3710 μου
3758 3640 3987 3715 ε’)αφρόνς

2421 3722 2563 3770 Διὸτι
2601 3717 2866 3792 ἐλαφρύνει
2908 3727 3084 3773 τοῦτον
3137 3723 3164 3778 ὃ
3226 3731 3324 3775 τῶν
3375 3730 3540 3776 πόνων
3585 3724 3870 3798 ἀντίδοσις,
3909 3732 3982 3779 καὶ

2420 3807 2449 3864 ἠ
2507 3806 2847 3878 μεγαλειότης
2915 3817 3015 3860 τῶν
3081 3808 3335 3866 ἐπάθλων.
3395 3812 3453 3864 Ὀ
3525 3819 3679 3887 νόμος
3895 3818 3982 3888 γὰρ

2417 3900 2526 3955 τοῖς
2577 3898 2920 3968 κατορθοῦσιν
2977 3898 3132 3950 αὐτὸν
3190 3902 3255 3952 τὰ
3311 3899 3486 3972 ἁγαθὰ
3534 3911 3630 3964 τῆς
3692 3914 3791 3976 γῆς
3850 3909 3989 3977 ἕπητ-

2414 3982 2617 4054 γείλατο
2666 3979 2856 4038 δώσειν
2885 4003 2898 4017 ο
2943 3988 2970 4038 6
3005 3983 3066 4039 δε
3092 3992 3343 4059 Χριστὸς,
3387 3991 3454 4042 τὰ
3495 3989 3667 4062 ἁγαθὰ
3711 4002 3806 4046 τοῦ
3851 3996 3992 4068 ούρα-
4090 4031 4091 4040 ι

2413 4078 2522 4126 νοῦ.

2487 4158 2722 4232 [Ἄλλως
2774 4163 2888 4235 (δι)
2945 4182 3020 4234 τε,
3085 4164 3144 4217 ού
3201 4166 3498 4229 κατέλυσεν,
3578 4168 3685 4222 ἀλλ’
3738 4172 3994 4248 ίπλήρωοτ
4089 4159 4091 4248 λ

2409 4252 2496 4302 τὸν
2543 4249 2759 4303 παλαιὸν
2811 4256 2962 4324 νόμον
3015 4255 3041 4306 6
3094 4260 3342 4329 Χριστός.
3403 4253 3544 4311 Οὐδὲ
3589 4261 3690 4333 γὰρ
3747 4258 3994 4316 ἁντίκειτο

2408 4344 2481 4398 τῷ
2521 4340 2834 4412 Εύαγγιλίῳ,
2865 4341 3055 4413 μᾶλλον
3093 4346 3182 4414 μεν
3217 4340 3306 4396 οὖν
3351 4341 3477 4408 ὁδὸς
3525 4343 3585 4406 ἦν
3620 4344 3770 4410 οὗτος
3823 4351 3910 4405 ἐπὶ
3948 4356 3994 4405 τὸ

2407 4426 2746 4500 Εύαγγελιον,
2809 4435 2898 4483 καὶ
2952 4431 3273 4505 προκηρυξις
3327 4434 3504 4502 αὐτοῦ,
3560 4440 3649 4488 καὶ
3716 4442 3868 4506 σκιὰ,
3920 4445 3994 4492 καὶ

2405 4518 2582 4580 τύπος.
2662 4517 2924 4582 Ἐλθοντος
3012 4516 3073 4574 δε
3143 4528 3235 4574 τοῦ
3290 4522 3634 4594 Εύαγγελίον,
3725 4525 3991 4602 ἐπληρώθη
4089 4539 4091 4600 ἐ

2405 4605 2575 4676 οὗτος,
2642 4612 2729 4661 καὶ
2787 4612 3068 4679 πέπανται,
3140 4612 3210 4673 ὡς
3281 4610 3390 4678 νύξ,
3464 4614 3662 4686 ἡμέρας
3728 4623 3994 4686 φανείσης,

2402 4695 2474 4756 ὡς
2527 4698 2672 4767 σκιὰ,
2730 4700 3024 4772 χρωμάτων
3081 4701 3194 4770 (52)
3261 4699 3654 4760 ἐπιϐληθέντων.
3704 4701 3857 4759 Ἔδει
3900 4712 3991 4780 γὰρ

2399 4786 2487 4837 τὸν
2546 4786 2663 4857 (53)
2726 4783 3069 4861 παιδαγωγὸν
3138 4797 3212 4860 τῷ
3283 4785 3593 4863 διδασκάλῳ
3670 4806 3996 4870 παραχωρῆ-

2400 4893 2510 4929 σαι.

708 4973 757 5010 σο
784 4971 987 5032 Matth.
1017 4989 1076 5041 v,
1110 4972 1201 5040 ιι,
1235 4971 1322 5029 22.
1400 4975 1443 5013 δι
1471 4975 1673 5039 Matth.
1695 4994 1785 5054 m,
1818 4984 1905 5043 is.
1985 4989 2033 5027 η
2061 4995 2260 5055 Matth.
2299 5015 2379 5070 XI,
2435 5001 2524 5060 so.

1857 5139 2074 5212 Variae
2106 5146 2437 5224 lectiones
2474 5163 2540 5224 et
2569 5162 2771 5224 notae.

723 5292 813 5435 51g
855 5291 1088 5351 Inclusa
1113 5293 1174 5351 in
1204 5295 1475 5369 margine
1498 5299 1674 5360 habet
1702 5309 1768 5363 Α.

723 5364 790 5420 52
847 5363 1189 5433 Hentenius,
1231 5369 1534 5429 coloribus.
1570 5376 1741 5434 Recte

722 5363 1214 5463 igtﬂentneniusz
1229 5363 1550 5463 cetii'ibug
1570 5376 1761 5463 itepte_
1783 5395 1926 5463 ergo
1952 5391 2271 5463 χρωμάτων,

625 5449 878 5500 correxi,
931 5453 1041 5508 pro
1104 5446 1415 5512 χρημάτων.
1496 5447 1589 5502 Sic
1642 5446 2276 5537 ἕπιϐάλλῖιν”’χρὼματα

2387 5326 2632 5402 θνρεοῖς
2655 5325 2925 5402 Ναξίων,
2955 5343 3015 5402 ρο
3049 5332 3136 5387 35-

2455 5397 2572 5469 (53)
2603 5397 2860 5470 Respicit
2892 5397 3016 5457 Gal.
3048 5416 3130 5466 ιιι,
3158 5400 3248 5456 24.

697 5557 787 5671 Si)
807 5557 1940 5671 ligicigfrinuaqpipenﬁmﬁeneleganter,
1991 5589 2188 5658 τέμνειν
2219 5585 2368 5647 ὀδόν.
2397 5588 2516 5648 Sed
2541 5589 2703 5650 hunc
2731 5596 2973 5667 tropum
2999 5595 3187 5654 Latini
3221 5611 3346 5654 non
3413 5602 3546 5657 sunt
3588 5601 3824 5671 imitati,
3871 5609 3993 5666 nisi

623 5625 778 5687 forte
807 5630 905 5689 ubi
934 5648 1130 5694 sermo
1161 5637 1233 5694 sit
1262 5637 1335 5695 de
1363 5625 1639 5714 rupibus.

4089 4201 4091 4358 ἕ

4089 4359 4091 4472 φ
