4170 6442
162 411 272 472 205

1195 411 1563 472 COMMENT.
1603 414 1672 470 IN
1710 415 2166 474 ΜΑΤΤΗᾹΞΟΜ.
2217 449 2285 460 -
2323 417 2478 477 CAP.
2520 417 2586 477 V.

3433 421 3540 481 206

245 542 352 592 Καὶ
399 536 556 598 άλλως
602 533 662 590 δε
710 536 1036 612 πεπλήρωκεν
1094 538 1120 588 6
1176 539 1400 611 Χριστὸς
1451 541 1538 591 τὸν
1594 543 1768 612 νόμον,

1952 540 2078 598 Alio
2126 557 2369 615 quoque
2415 543 2600 600 modo
2645 543 2906 600 Christus
2954 544 3146 618 legem
3193 545 3533 618 complevit,

173 629 239 678 τὰ
299 622 630 699 διατάγματα
684 628 867 679 τούτου
935 625 1180 698 φυλάξας,
1239 631 1330 679 καὶ
1376 632 1627 699 πέπαυκε,
1679 624 1773 681 διὰ

168 722 266 766 τοῦ
349 715 537 768 τελείου
639 719 696 767 τὸ
773 714 939 776 ἀτελὲς
1019 715 1348 790 ἀποκρύψας.
1433 715 1586 773 Ὅθεν
1679 718 1772 770 οὐκ

171 802 485 858 ἀντίκεινται
551 811 658 866 τοῖς
721 812 813 858 τοῦ
874 809 1034 871 νόμου
1112 807 1180 857 τὰ
1267 811 1358 857 τοῦ
1430 806 1769 878 Εῦαγγελίου,

171 891 302 946 ἀλλὰ
331 900 717 966 συμφωνοῦσιν.
775 892 835 945 ’0
873 896 963 966 μὶν
1002 896 1105 968 γὰρ
1148 893 1439 968 προτέλειον
1487 889 1570 961 ἦν,
1611 898 1669 947 τὸ
1717 891 1776 947 δε

166 981 438 1043 τελειότης.
471 981 495 1056 ]

235 1070 401 1145 ’Δμὴν
468 1103 540 1114 -
621 1077 856 1144 γένηται.
928 1075 1001 1125 Τὸ
1065 1071 1248 1144 Ἀμὴν,
1326 1071 1590 1148 ὶπίῤῥημά
1663 1072 1776 1126 ἐστι

164 1159 536 1232 βεϐαιωτικὸν,
595 1159 709 1213 ἀντὶ
760 1168 851 1214 τοῦ
908 1159 1132 1223 ἀληθῶς.
1196 1160 1254 1214 Ἠ
1325 1157 1386 1214 δε
1433 1170 1531 1214 τῶν
1595 1161 1776 1234 έφεξῆς

159 1250 339 1325 ῥητῶν
384 1247 614 1316 διάνοια,
646 1253 861 1308 τοιαύτη
903 1249 1066 1317 ἔστὶν,
1117 1252 1198 1303 ὅτι
1238 1247 1369 1310 Ἕως
1399 1251 1460 1302 ἄν
1506 1252 1533 1302 6
1577 1255 1776 1324 κόσμος

169 1335 396 1412 διαμένῃ
474 1337 649 1412 (τοῦτο
713 1341 811 1414 γὰρ
871 1335 1024 1397 δηλοῖ
1082 1343 1160 1392 τό·
1225 1337 1354 1401 Ἕως
1420 1337 1481 1391 ἂν
1544 1339 1773 1413 παρέλθῃ

171 1429 198 1478 6
251 1427 470 1503 οὐρανὸς
531 1432 617 1481 καὶ
679 1430 709 1486 ἡ
766 1428 884 1502 γῆ),
941 1427 1001 1482 ού
1074 1432 1146 1500 μὴ
1209 1427 1439 1500 παρέλθῃ
1507 1427 1777 1483 ἀτέλεστον

171 1512 302 1568 ούδε
363 1519 422 1570 τὸ
472 1516 826 1570 εὐτελέστατον
891 1515 1152 1588 έπίταγμα
1202 1523 1296 1570 τοῦ
1348 1520 1530 1590 νόμου,
1574 1515 1664 1578 ἓως
1715 1516 1776 1570 ἂν

168 1607 345 1659 πάντα
414 1609 481 1660 τὰ
551 1610 744 1680 νόμιμα
804 1609 1041 1678 γένηται,
1110 1609 1229 1665 ἦτοι
1289 1605 1537 1680 πληρωθῇ
1605 1608 1778 1682 ἔργοις

168 1695 298 1768 παρ’
341 1695 488 1767 ἐμοῦ.
539 1697 634 1748 Διὰ
677 1698 779 1768 γὰρ
823 1701 916 1747 τοῦ
969 1693 1100 1748 ἰῶτα
1151 1699 1242 1748 καὶ
1293 1701 1386 1756 τῆς
1442 1699 1668 1768 κεραίας,
1719 1698 1776 1747 τὸ

170 1783 530 1838 εὐτελέστατον
611 1780 892 1843 ἐδήλωσεν.
977 1783 1060 1837 Ἐν
1148 1785 1251 1856 γὰρ
1323 1791 1434 1844 ταῖς
1508 1790 1778 1860 γραμμαῖς

1883 631 2129 687 servatis
2152 632 2341 702 ipsius
2363 634 2692 705 praeceptis,
2717 633 3016 706 ﬁnemque
3040 634 3326 707 imposuit
3355 654 3366 691 :
3391 636 3537 707 quia

1881 719 2182 776 abstracta
2215 720 2662 792 imperfectione
2697 722 2938 794 perfecit
2972 723 3120 795 (ιω).
3171 723 3339 780 Unde
3387 740 3539 781 con-

1882 807 2062 862 traria
2089 823 2210 863 non
2242 815 2380 864 sunt
2419 810 2766 880 evangelica
2805 818 3100 882 praecepta
3134 811 3227 867 his
3261 827 3398 884 qum
3443 812 3538 869 lex

1876 894 2068 967 jussit,
2111 896 2218 952 sed
2244 911 2514 954 consona
2545 915 2557 952 :
2591 897 2682 954 lex
2712 899 2869 954 enim
2901 898 3137 955 initium
3168 905 3314 971 erat,
3349 902 3540 958 Evan-

1885 983 2104 1052 gelium
2137 1000 2272 1040 vero
2309 985 2612 1056 perfectio.

1957 1073 2116 1128 Vers.
2159 1075 2245 1128 18.
2278 1077 2468 1131 Amen
2505 1105 2578 1117 —
2613 1076 2789 1145 facta
2814 1077 2944 1132 sint.
2980 1076 3163 1132 Dictio
3193 1077 3396 1143 Amen,
3431 1075 3540 1134 ad-

1885 1160 2155 1217 verbium
2176 1167 2262 1218 est
2277 1162 2786 1229 confirmativum,
2804 1164 2959 1221 idem
2983 1164 3349 1235 signiﬁcans,
3370 1165 3540 1238 quod

1886 1265 2042 1305 vere.
2074 1249 2412 1306 Intellectus
2434 1257 2637 1308 autem
2669 1268 2898 1319 eorum,
2926 1269 3057 1326 qum
3083 1253 3290 1310 ordine
3319 1254 3540 1310 dicun-

1887 1342 1997 1407 tur,
2031 1338 2125 1395 hic
2167 1344 2258 1396 est
2292 1357 2307 1394 :
2349 1340 2629 1406 Quandiu
2666 1341 2930 1397 mundus
2971 1344 3365 1414 permanserit
3405 1343 3542 1414 (hoc

1886 1427 2048 1484 enim
2078 1427 2319 1495 indicat,
2362 1429 2619 1486 dicendo
2657 1446 2670 1484 :
2716 1431 2897 1488 Donec
2939 1438 3195 1488 transeat
3241 1433 3443 1488 emtum
3486 1439 3537 1489 et

1887 1516 2086 1587 terra),
2139 1532 2528 1590 nequaquam
2594 1519 3068 1590 praetermittetur
3122 1520 3539 1592 imperfectum

1886 1604 1973 1661 vel
2000 1604 2369 1662 levissimum
2400 1605 2544 1677 legis
2576 1614 2963 1681 preceptum,
2995 1609 3185 1666 donec
3223 1610 3426 1665 omnia
3464 1610 3543 1666 le-

1887 1693 2043 1764 galia
2068 1694 2248 1765 facta,
2278 1695 2401 1753 sive
2423 1712 2601 1768 opere
2627 1697 2926 1769 completa
2946 1698 3061 1754 sint
3085 1713 3120 1754 a
3145 1713 3262 1755 me.
3288 1698 3396 1753 Per
3419 1698 3542 1755 iota

1888 1783 2194 1856 siquidem,
2230 1791 2331 1841 aut
2363 1785 2618 1856 apicem,
2645 1786 2811 1856 quod
2843 1785 3314 1856 abjectissimum
3345 1791 3435 1842 est
3469 1787 3543 1842 si-

169 1873 340 1925 ταῦτά
417 1873 547 1927 εἰσιν
628 1872 987 1940 εὐτελέστατα,
1065 1875 1133 1934 ὡς
1226 1871 1592 1947 εὐχερέστερον
1677 1881 1777 1924 τῶν

1893 1871 2187 1942 gniﬁcavit
2231 1889 2244 1926 :
2295 1873 2424 1929 hanc
2459 1874 2620 1929 enim
2673 1874 2735 1928 in
2786 1873 2989 1930 litteris
3026 1873 3332 1932 levissima
3383 1879 3540 1941 sunt,

170 1959 336 2014 ἄλλων
366 1959 831 2037 ίγχαρασσόμενα.
885 1960 1044 2014 ’Ἐστι
1078 1956 1138 2013 δε
1179 1963 1238 2013 τὸ
1272 1963 1361 2033 μὲν
1404 1960 1533 2014 ἰῶτα
1558 1965 1775 2033 γραμμὴ

173 2047 326 2124 ὀρθέν
363 2051 394 2109 ἠ
430 2046 490 2104 δε
537 2055 742 2124 κεραία,
780 2053 1001 2122 γραμμή
1043 2047 1264 2119 πλαγία.
1318 2056 1513 2121 Σχῆμα
1559 2044 1618 2102 δέ
1668 2047 1781 2100 ἔστι

177 2135 503 2210 βεϐαιώσεως
579 2142 637 2191 τὸ
716 2138 905 2209 λέγειν,
965 2137 1045 2187 ὅτι
1113 2134 1245 2198 Ἐως
1304 2138 1365 2188 ἄν
1447 2135 1676 2210 παρέλθῃ
1756 2136 1781 2187 ὁ

177 2225 397 2299 οὐρανὸς
445 2231 536 2278 καὶ
586 2227 617 2284 ἠ
671 2234 765 2298 γῆ,
831 2223 890 2277 ού
944 2227 1014 2289 μὴ
1070 2222 1209 2276 έάσω
1262 2220 1404 2280 τόδε.
1467 2227 1654 2296 Εῖρηκε
1725 2219 1785 2276 δε

176 2320 333 2366 τοῦτο
406 2315 431 2366 6
495 2317 742 2388 Χριστὸς,
812 2312 1053 2386 βεϐαιῶν,
1109 2313 1190 2366 ὅτι
1247 2313 1306 2366 ού
1371 2319 1641 2386 μεταποιεῖ
1699 2316 1783 2365 τὸν

171 2407 352 2476 νόμον,
410 2405 480 2464 ὡς
525 2407 600 2476 μὴ
653 2399 933 2476 δυνάμενος
989 2407 1174 2469 ποιεῖν,
1230 2403 1267 2454 οἶ
1324 2401 1512 2464 ἐκεῖνος
1575 2399 1785 2454 έντέλλε-

169 2512 281 2546 ται.
317 2495 417 2546 Καὶ
445 2494 547 2565 γὰρ
577 2494 743 2568 μέχρι
775 2493 994 2545 θανάτου
1025 2498 1204 2545 τοῦτον
1239 2489 1472 2555 έξετέλει.

242 2669 339 2732 ’ος
384 2700 452 2712 —-
505 2670 751 2744 οὐρανῶν.
812 2669 952 2744 [Τῶν
1006 2670 1123 2742 (54)
1170 2673 1508 2746 μικροτέρων,
1559 2671 1642 2722 ἱνα
1705 2672 1777 2741 μὴ

168 2759 308 2830 λέγω
337 2767 438 2813 τῶν
467 2760 734 2833 μειζόνων.
766 2758 790 2833 ]

245 2849 481 2925 Ἐπείπερ
535 2845 594 2903 δὲ
642 2847 927 2912 ἀπήλλαξεν
988 2848 1166 2902 έαυτον
1217 2856 1309 2910 τῆς
1359 2853 1586 2921 πονηρᾶς
1645 2847 1779 2899 ύπο-

172 2937 320 3010 ψίας,
362 2941 534 2991 λοιπὸν
582 2937 802 3011 ἐκφοϐεῖ,
855 2943 946 2991 καὶ
1003 2936 1214 2998 ἀπειλὴν
1262 2939 1442 2996 τίθησι
1504 2935 1777 3010 μελίστην,

175 3028 304 3099 ύπὶρ
397 3034 492 3089 τῆς
566 3026 854 3100 μελλούσης
920 3028 1232 3100 νομοθεσίας
1325 3026 1506 3080 αὐτοῦ.
1596 3024 1780 3086 Ὀστις

176 3113 424 3190 ἀθετὴσῃ,
508 3121 658 3189 φησι,
738 3121 861 3189 μίαν
939 3124 1036 3168 τῶν
1111 3115 1322 3169 ἐντολῶν
1403 3117 1616 3184 τούτων,
1713 3114 1780 3166 ὧν

171 3205 340 3279 μέλλω
393 3208 764 3280 νομοθετῆσαι,
831 3209 921 3258 καὶ
989 3210 1061 3278 μὴ
1142 3209 1292 3277 μόνον
1351 3202 1599 3276 ἀθετήσῃ,
1654 3201 1783 3256 ἁλλὰ
1812 3244 1853 3301 C

171 3299 263 3348 καὶ
309 3295 499 3368 ἑτέροις
557 3291 861 3366 ύπόδείγμα
915 3301 1148 3346 τοιοῦτον
1199 3297 1433 3364 γένηται·
1495 3291 1781 3364 ἐλαχίστας

175 3380 236 3438 δε
296 3385 492 3444 ταύτας
534 3382 763 3452 έκάλεσε,
818 3389 972 3435 τοῦτο
1023 3383 1136 3453 μὲν,
1184 3387 1575 3454 μετριοφρονῶν,
1628 3387 1783 3432 τοῦτο

179 3467 259 3536 δὲ,
309 3471 394 3523 ἱνα
443 3474 515 3543 μὴ
566 3469 886 3544 έπαίρωνται
932 3472 980 3522 οἱ
1033 3470 1398 3542 κατορθοῦντες
1450 3467 1627 3530 αὐτὰς·
1675 3468 1784 3540 ἄμα

178 3557 244 3615 δε
285 3564 374 3618 καὶ
430 3556 695 3614 παιδεύων
745 3561 900 3633 ἡμᾶς,
948 3558 1276 3623 έξευτελίζειν
1333 3559 1399 3611 τὰ
1444 3558 1627 3628 οἰκεῖα,
1676 3555 1783 3610 ἐπεὶ

171 3649 398 3724 μεγάλαι
444 3649 547 3704 εἰσὶ
596 3653 685 3702 καὶ
737 3648 955 3721 ύπδῑιηλαί⁸
1005 3650 1030 3701 6
1081 3655 1316 3710 τοιοῦτος
1357 3643 1445 3700 οὖν
1499 3645 1781 3719 ἐλάχιστος

169 3742 515 3810 κληθήσεται,
559 3743 850 3808 τουτέστιν,
900 3741 1123 3811 ἔσχατος
1163 3740 1387 3803 πάντων,
1434 3735 1774 3808 φαυλότατος,

172 3828 565 3906 ἀπερριμμένος,
622 3829 654 3882 ὅ
704 3827 866 3896 ἔστιν,
923 3828 994 3890 εἰς
1044 3832 1138 3887 τὴν
1187 3827 1400 3880 κόλασιν
1451 3824 1775 3898 ἔμϐληθήσι·

171 3939 280 3974 ται.
336 3919 608 3972 Βασιλείαν
665 3916 726 3972 δε
782 3927 883 3972 τῶν
941 3917 1173 3993 ούρανων
1224 3924 1310 3969 νῦν
1367 3921 1461 3975 τὴν
1528 3911 1772 3988 δευτέραν

173 4012 462 4081 παρουσίαν
510 4007 668 4060 αὐτοῦ
708 4026 890 4080 φησιν,
925 4005 975 4061 έν
1005 4006 1036 4079 ᾖ
1071 4004 1314 4079 βασιλεὺς
1357 4000 1504 4066 οὗτος
1533 4002 1770 4058 ἁπάντων

172 4095 572 4170 ἀναφανήσεται.

238 4185 334 4251 ’ος
367 4217 438 4228 --
487 4185 737 4260 οὐρανῶν.
789 4184 926 4261 Ὂρα
975 4192 1082 4246 πῶς
1133 4181 1288 4250 εἶπεν,
1349 4184 1432 4236 ὅτι
1464 4186 1576 4257 χρὴ
1630 4188 1770 4256 πρῶ-

167 4296 255 4332 τον
312 4283 498 4346 ποιεῖν,
558 4276 671 4329 εἶτα
730 4271 1028 4338 διδάσκειν,
1091 4277 1182 4326 καὶ
1227 4276 1300 4347 μὴ
1363 4276 1517 4345 μόνον
1582 4277 1766 4338 ποιεῖν,

169 4366 300 4421 ἀλλὰ
361 4371 452 4419 καὶ
509 4362 807 4420 διδάσκειν.
862 4363 1062 4438 Ὠσπερ
1120 4365 1221 4436 γὰρ
1271 4364 1525 4434 μεμπτὸν,
1580 4362 1638 4412 τὸ
1693 4364 1764 4432 μή

171 4463 336 4511 ποιεῖν
404 4458 516 4529 μὶν,
574 4451 849 4507 διδάσκειν
911 4449 990 4506 δέ’
1050 4452 1185 4504 οὕτω
1251 4450 1406 4504 πάλιν
1471 4447 1638 4510 ἀτελες
1708 4451 1768 4502 τὸ

172 4551 338 4598 ποιεῖν
366 4547 476 4617 μὶν,
508 4548 578 4616 μὴ
611 4539 886 4597 διδάσκειν
917 4538 996 4596 δέ.
1047 4539 1226 4594 Τελεία
1278 4535 1336 4593 δε
1385 4538 1566 4612 ἀρετὴ,
1604 4539 1663 4590 τὸ
1692 4541 1763 4610 μὴ

1888 1963 2177 2033 tanquam
2228 1977 2358 2033 qua
2407 1963 2632 2018 caateris
2679 1961 2909 2018 facilius
2954 1963 3212 2020 describi
3271 1969 3540 2036 possunt.

1890 2051 1988 2105 Est
2030 2053 2232 2106 autem
2263 2049 2383 2106 iota
2412 2050 2566 2106 linea
2598 2058 2778 2117 recta,
2819 2066 2971 2123 apex
3015 2067 3158 2109 vero
3198 2051 3355 2109 linea
3397 2051 3544 2108 obli-

1889 2153 2037 2210 qua.
2069 2135 2278 2194 Modus
2299 2155 2542 2211 quoque
2564 2139 3034 2196 confirmationis
3063 2145 3151 2196 est
3171 2140 3367 2198 dicere
3394 2158 3407 2195 :
3434 2142 3545 2197 Do-

1890 2242 1998 2282 nec
2027 2231 2280 2283 tremeat
2312 2227 2519 2284 caelum
2559 2234 2611 2284 et
2653 2233 2827 2294 terra,
2876 2229 2987 2285 hoc
3024 2244 3143 2284 non
3185 2229 3540 2298 permittam.

1893 2315 2046 2370 Dixit
2076 2321 2277 2371 autem
2303 2315 2418 2372 hoc
2447 2315 2732 2382 Christus,
2764 2316 3132 2373 conﬁrmans
3155 2317 3320 2389 quod
3352 2317 3545 2387 legem

1892 2418 2015 2460 non
2055 2403 2391 2474 corrigeret,
2436 2409 2721 2476 tanquam
2752 2421 2872 2462 non
2914 2409 3123 2477 potens
3149 2422 3274 2479 quas
3302 2406 3402 2462 illa
3425 2406 3547 2478 jus-

1894 2498 2044 2549 serat
2065 2508 2244 2566 opere
2267 2493 2563 2566 complere
2583 2516 2598 2563 ς
2623 2509 2768 2551 nam
2787 2510 2975 2568 usque
2991 2496 3069 2552 ad
3088 2502 3340 2553 mortem
3361 2496 3545 2569 ipsam

1893 2581 2236 2654 complevit.

1964 2673 2126 2727 Vers.
2162 2672 2250 2728 19.
2280 2672 2630 2744 Quicunque
2649 2704 2718 2713 --
2737 2673 3046 2732 calorum.
3084 2675 3126 2744 -ι-
3155 2673 3236 2731 De
3262 2673 3538 2739 minimis,

1890 2765 1955 2816 ut
1975 2776 2049 2815 ne
2074 2760 2278 2816 dicam
2307 2761 2381 2817 de
2407 2761 2763 2832 majoribus.

1961 2850 2284 2921 Postquam
2336 2850 2602 2922 seipsum
2651 2866 2838 2923 prava
2879 2851 3217 2924 suspicione
3249 2850 3539 2917 liberavit,

1889 2937 2170 3010 deinceps
2191 2943 2459 3004 exterret,
2483 2939 2800 3012 minasque
2821 2939 2990 3012 ponit
3007 2941 3304 2996 maximas
3328 2957 3434 3012 pro
3458 2940 3543 2997 fu-

1890 3031 2023 3084 tura
2042 3025 2412 3096 legislatione
2435 3041 2562 3083 sua.
2589 3027 2960 3100 Quicunque,
2987 3027 3191 3101 inquit,
3227 3044 3412 3084 unum
3439 3027 3544 3085 bo-

1888 3133 2022 3173 rum
2054 3122 2486 3188 praeceptorum
2515 3116 2817 3189 spreverit,
2851 3133 2983 3188 quas
3023 3133 3135 3187 ego
3175 3116 3545 3174 stabiliturus

1891 3221 2057 3261 sum:
2093 3221 2202 3260 nec
2229 3205 2418 3260 solum
2441 3204 2566 3276 ipse
2589 3205 2893 3276 spreverit,
2919 3205 3022 3260 sed
3043 3211 3100 3260 et
3121 3205 3248 3260 aliis
3268 3207 3543 3278 exemplo

1890 3294 2006 3350 tale
2023 3293 2164 3366 quid
2185 3292 2440 3350 faciendi
2465 3293 2669 3349 fuerit:
2693 3294 2941 3349 minima
2960 3310 3099 3349 vero
3122 3293 3246 3348 limc
3273 3301 3544 3366 precepta

1891 3383 2137 3448 vocavit,
2177 3381 2394 3454 partim
2435 3381 2681 3454 quidem
2719 3380 3030 3437 modestia:
3083 3397 3283 3447 causa,
3328 3385 3542 3453 partim

1890 3485 2032 3524 vero
2058 3485 2131 3524 ue
2159 3469 2578 3525 extollerentur
2605 3470 2707 3541 qui
2735 3485 2806 3524 ea
2826 3475 3164 3524 servarent:
3194 3470 3369 3525 simul
3400 3487 3544 3542 quo-

1890 3574 2007 3630 que
2035 3557 2254 3614 docens
2280 3574 2389 3614 nos
2415 3558 2653 3630 propria
2673 3565 3002 3624 attenuare,
3021 3559 3300 3631 quamvis
3321 3574 3541 3630 magna

1890 3647 2008 3701 sint
2036 3651 2091 3703 et
2117 3646 2392 3713 excelsa;
2416 3647 2545 3703 talis
2575 3663 2718 3720 ergo
2750 3646 3026 3704 minimus
3060 3647 3389 3718 vocabitur,
3424 3648 3537 3705 boc

1887 3739 1996 3805 est,
2030 3736 2298 3792 omnium
2325 3741 2678 3809 postremus,
2709 3735 3052 3804 vilissimus,
3078 3735 3534 3809 abjectissimus.

1887 3824 2055 3890 Quod
2084 3825 2455 3880 tantumdem
2489 3826 2641 3881 valet
2669 3841 2734 3882 ac
2758 3825 3064 3892 sidiceret,
3089 3826 3149 3880 in
3175 3826 3536 3898 supplicium

1882 3914 2245 3986 projicietur.
2289 3914 2560 3984 Regnum
2603 3920 2803 3970 autem
2843 3913 3127 3971 caelorum
3167 3914 3281 3971 hoc
3311 3914 3372 3970 in
3403 3915 3534 3972 loco

1881 4003 2210 4059 secundum
2232 4019 2402 4058 suum
2422 4001 2564 4058 dicit
2583 4002 2920 4072 adventum,
2941 4002 3136 4076 inquo
3147 4019 3250 4060 rex
3263 4005 3534 4061 omnium

1880 4089 2212 4163 apparebit.

1952 4182 2109 4236 Vers.
2157 4181 2240 4234 l9.
2275 4177 2388 4246 Qui
2415 4211 2484 4220 -—
2511 4180 2804 4237 castorum.
2842 4178 2992 4237 Vide
3019 4178 3532 4252 quemadmodum

1878 4269 2090 4326 dixerit
2110 4274 2376 4340 oportere
2410 4268 2671 4339 primum
2705 4267 2919 4336 facere,
2951 4272 3009 4324 et
3036 4272 3244 4340 postea
3268 4266 3482 4323 docere
3516 4285 3528 4324 :

1876 4375 1988 4415 nec
2031 4358 2223 4414 solum
2266 4356 2477 4423 facere,
2513 4357 2616 4412 sed
2656 4357 2836 4414 etiam
2873 4356 3106 4414 docere.
3140 4355 3532 4422 Quemadmo-

1877 4447 2016 4505 dum
2048 4447 2208 4503 enim
2239 4445 2699 4518 reprehensibile
2725 4449 2814 4502 est
2837 4445 3052 4502 docere
3075 4450 3132 4502 et
3159 4459 3283 4502 non
3311 4443 3527 4514 facere,

1876 4537 1962 4595 ita
1990 4552 2228 4594 rursum
2259 4535 2667 4608 imperfectum
2699 4539 2787 4593 est
2814 4535 3008 4594 facere
3037 4540 3092 4593 et
3121 4550 3245 4593 non
3273 4535 3487 4596 docere
3512 4553 3527 4604 ;

172 4637 328 4707 μόνον
375 4632 538 4705 ἑαυτῷ
581 4635 946 4708 χρησιμεύειν,
996 4628 1122 4683 ἀλλά
1167 4633 1258 4683 καὶ
1299 4636 1410 4691 τοίς
1448 4627 1660 4704 ἑτέροις.
1699 4629 1767 4681 Σύ

1893 4625 2138 4698 perfecta
2174 4629 2375 4683 autem
2417 4625 2594 4681 virtus
2641 4629 2750 4691 est,
2793 4629 2860 4681 ut
2901 4639 3020 4682 non
3060 4624 3172 4682 soli
3219 4623 3330 4682 sibi
3371 4625 3530 4699 quis-

173 4720 236 4778 δε
277 4722 373 4777 ούκ
426 4723 487 4775 ἄν
544 4721 704 4797 ὀρθῶς
750 4717 1001 4794 διδάξῃς,
1058 4720 1085 4772 ὃ
1147 4723 1218 4792 μὴ
1280 4722 1591 4788 πεποίηκας,
1655 4711 1768 4769 οὐδ’

168 4813 402 4888 εὐχερῶς
506 4815 698 4885 πείσῃς
775 4816 959 4881 ποιεῖν,
1046 4810 1073 4862 6
1151 4813 1221 4882 μὴ
1306 4811 1372 4861 σύ
1451 4809 1764 4868 πεποίηκας.

165 4905 439 4965 ’Δκούσεις
465 4903 587 4978 γὰρ·
620 4903 801 4976 Ἰατρὶ,
837 4901 1148 4974 θεράπευσον
1181 4902 1417 4954 σεαυτόν.

240 5087 390 5156 Λέγω
440 5112 512 5124 -
558 5080 807 5158 οὐρανῶν.
856 5079 1072 5134 Ἐκεῖνοι
1121 5080 1210 5150 μεν
1256 5077 1358 5152 γὰρ
1399 5075 1458 5130 ού
1501 5080 1763 5144 ποιοῦσιν,

241 5209 291 5246 ’⁸
328 5209 466 5266 Luc.
498 5225 574 5275 1v,
606 5209 694 5264 23.

1874 4716 2039 4789 piam
2077 4714 2234 4772 utilis
2275 4715 2368 4786 sit,
2409 4713 2513 4770 sed
2560 4718 2619 4771 et
2646 4714 2800 4771 aliis:
2825 4717 2910 4771 Tu
2957 4730 3097 4772 vero
3141 4729 3525 4790 nequaquam

1873 4809 2030 4866 recte
2084 4803 2347 4871 docebis,
2416 4819 2547 4875 quas
2604 4817 2784 4876 opere
2835 4817 2959 4860 non
3009 4803 3356 4878 complesti;
3416 4820 3526 4862 nec

1874 4891 2043 4951 facile
2072 4892 2204 4950 aliis
2234 4891 2648 4964 persuadebis,
2683 4895 2746 4949 ut
2793 4890 3018 4948 faciant
3042 4893 3203 4965 quod
3234 4892 3363 4964 ipse
3401 4908 3526 4951 non

1874 4981 2087 5039 fecisti.
2127 4981 2347 5038 Audies
2377 4981 2537 5039 enim
2569 4997 2586 5040 :
2615 4981 2853 5049 Mediae,
2886 4996 3032 5040 cura
3073 4981 3316 5054 teipsum
3345 4982 3418 5040 “.

1941 5070 2106 5129 Vers.
2130 5071 2221 5130 20.
2258 5071 2399 5129 Dico
2429 5101 2498 5114 —
2537 5072 2827 5130 caelorum.
2861 5069 2947 5128 Illi
2979 5071 3279 5146 siquidem
3308 5070 3526 5129 docent

1386 5301 1601 5374 Variae
1636 5298 1962 5371 lectiones
2004 5309 2069 5367 et
2109 5307 2312 5368 notas.

238 5453 354 5529 (54)
393 5451 632 5510 Inclusa
660 5451 720 5508 in
748 5464 942 5521 marg.
970 5448 1150 5506 habet
1177 5450 1242 5505 A.

241 5597 362 5670 (uu)
387 5597 535 5670 Quia
556 5627 625 5638 -—
640 5589 913 5667 perfecit.
942 5591 1292 5670 Imperfecto
1318 5607 1418 5664 per
1444 5589 1761 5670 perfectum

164 5663 466 5743 superato.
495 5663 874 5743 Ἀποκρύπῆτιιν
898 5663 1205 5743 notionem
1225 5663 1538 5743 superandi
1556 5663 1759 5730 habet,

163 5735 334 5815 quod
367 5747 496 5800 orto
525 5739 646 5797 sole
662 5735 897 5795 caeteras
922 5735 1102 5791 stellae
1129 5738 1511 5793 evanescunt.

1943 5586 2085 5660 (vv)_
2114 5581 2500 5660 Quamuisf—
2548 5581 2808 5660 excelsa.
2863 5577 3106 5660 Videtur
3149 5577 3382 5660 legisse,
3420 5581 3522 5660 aut

1873 5649 2184 5730 certe'itag
2223 5655 2574 5730 reddidisse,
2641 5671 2727 5730 ac
2759 5655 2810 5712 si
2871 5652 3092 5730 legerit,
3153 5653 3247 5704 7.27.7
3301 5649 3524 5725 mea;

1873 5727 1992 5799 ὦσι,
2025 5729 2192 5805 quod
2220 5729 2371 5788 mihi
2399 5727 2576 5789 valde
2601 5727 2910 5802 probatur;
