4170 6440
664 394 773 455 ΩΟἿ

2021 387 2356 448 EUTHYMII
2398 387 2703 445 ZIGABEN
2708 387 2729 444 Ι

3981 387 4076 444 eos

667 528 860 579 etnon
875 520 1118 585 faciunt,
1137 519 1323 576 vitam
1341 517 1611 575 viventes
1627 517 1922 575 doctrina:
1941 517 2300 574 contrariam
2319 542 2331 581 ;

2447 513 2575 566 ἀλλὰ
2617 517 2768 585 μόνον
2817 508 3192 578 διδάσκουσιν,
3246 508 3705 585 ἀντιφθεγγόμενον
3777 523 3854 586 τῇ
3917 511 4074 568 διδά-

667 626 774 667 vos
827 613 1028 666 autem
1081 613 1138 664 et
1177 607 1393 664 docere
1423 611 1480 664 et
1526 607 1718 664 facere
1749 607 2000 672 debetis,
2041 611 2107 661 ut
2141 605 2338 661 verbis

663 699 824 756 facta
861 697 1245 754 concordent.
1288 700 1402 752 Aut
1442 697 1623 752 etiam
1665 697 1834 753 aliter
1863 696 1975 751 hoc
2006 694 2331 766 intelliges;

663 789 752 844 Illi
773 787 1020 861 quidem
1042 790 1427 859 peccatorum
1452 785 1602 842 fines
1623 787 1934 842 observant
1958 801 1970 839 :
1997 799 2107 840 vos
2132 788 2335 839 autem

661 876 961 950 principia
989 891 1238 949 quoque
1268 875 1588 932 observare
1613 875 1864 930 debetis.
1898 872 2138 930 Scribas
2168 887 2337 929 nam-

672 983 793 1040 que
850 971 908 1022 et
957 964 1289 1022 Pharismos
1345 964 1442 1020 hic
1498 970 1653 1020 recte
1710 969 2042 1036 operantes,
2101 967 2158 1019 et
2213 976 2335 1017 non

670 1052 1181 1124 transgredientes
1203 1054 1482 1126 accipito.
1513 1053 1804 1110 Justitiam
1826 1069 1965 1109 vero
1992 1050 2338 1124 simpliciter

679 1145 828 1202 dixit
853 1159 1096 1201 omnem
1123 1143 1423 1200 virtutem.

744 1319 1073 1379 Considera
1124 1323 1324 1377 autem
1385 1319 1693 1392 quomodo
1746 1324 1802 1374 et
1853 1335 1957 1390 per
2011 1319 2335 1390 prasentia

672 1412 880 1477 verba,
911 1415 970 1466 et
998 1425 1104 1482 per
1131 1423 1204 1465 ea
1231 1424 1369 1481 quas
1409 1409 1676 1482 superius
1707 1408 1865 1464 dicta
1897 1412 2053 1474 sunt,
2085 1422 2208 1464 non
2240 1423 2332 1464 ca-

669 1499 1005 1557 lumnietur
1041 1497 1230 1569 legem
1270 1502 1551 1562 veterem,
1600 1497 1704 1552 sed
1751 1498 1947 1568 ipsam
1987 1497 2184 1568 potius
2233 1513 2333 1553 au-

673 1593 826 1661 geat.
855 1591 1066 1644 Verum
1100 1587 1150 1641 si
1179 1587 1278 1644 illa
1307 1585 1845 1660 irreprehensibilis
1871 1591 1980 1650 est,
2005 1601 2110 1640 cur
2136 1585 2334 1642 salvos

670 1693 795 1736 non
827 1678 970 1735 facit
999 1677 1134 1734 illos
1164 1676 1268 1750 qui
1307 1676 1502 1748 ipsam
1539 1680 1819 1731 servant?
1850 1677 2041 1745 Usque
2071 1674 2147 1730 ad
2174 1673 2334 1730 Chri-

673 1767 751 1824 sti
781 1766 1029 1840 quidem
1061 1765 1387 1822 adventum
1415 1763 1613 1820 salvos
1635 1779 1738 1819 eos
1764 1764 2039 1827 faciebat,
2063 1763 2159 1834 qui
2192 1779 2335 1833 gna-

2447 602 2638 674 σκαλὶᾳ
2679 606 2764 653 τὸν
2819 599 2935 672 βίον
2984 604 3211 672 ἔχοντες·
3258 598 3408 672 ύμεῖς
3465 598 3524 654 δι
3574 607 3664 654 καὶ
3714 611 3941 673 ποιεῖν,
3997 611 4071 656 καί

2447 689 2726 745 διδάσκειν
2769 691 3006 762 ὀφείλετε.
3064 691 3146 742 ἶνα
3212 686 3483 762 συνάδωσι
3523 693 3588 743 τὰ
3639 694 3777 764 ἔργα
3839 701 3960 754 τοῖς
4003 694 4069 746 λο-

2443 800 2573 853 γοις.
2628 779 2691 832 Ἠ
2754 784 2842 831 καὶ
2882 779 3064 851 ἐτέρως
3099 786 3251 831 τοῦτο
3298 784 3523 848 νοήσεις,
3574 781 3655 831 ὅτε
3702 780 3954 835 Ἐκεῖνοι

2441 871 2508 920 τά
2561 868 2679 926 τελη
2741 877 2839 919 τῶν
2897 868 3282 941 ἁμαρτημάτων
3345 869 3713 940 φυλάττουσιν
3799 872 3967 943 {qui}
4019 869 4066 923 di

2443 962 2533 1009 καὶ
2584 960 2678 1017 τάς
2727 955 2896 1028 ἀρχὰς
2941 957 3209 1028 φυλάττειν
3263 957 3504 1029 ὀφείλετε,
3560 961 3662 1029 ε’ίγε
3713 957 4064 1033 Γρζιιματείς

2442 1051 2533 1099 καὶ
2583 1051 2900 1118 Φαρισαίους
2956 1044 3176 1098 ἐνταῦθα
3231 1051 3354 1108 τοὺς
3403 1049 3827 1119 κατορθοῦντας,
3865 1056 3966 1103 καὶ
4016 1050 4061 1102 οὔ

2441 1140 2561 1197 τούς
2620 1143 3040 1208 παρανομοῦντας
3104 1135 3299 1198 λάϐοις.
3367 1139 3712 1196 Δικαιοσύνην
3797 1135 3870 1192 δί
3942 1137 4058 1192 εἶπεν

2442 1224 2619 1285 ἀπλῶς
2647 1231 2818 1277 πᾶσαν
2843 1224 3047 1297 ἀρετήν.

2513 1313 2654 1387 ”Ορα
2709 1309 2788 1377 δι,
2841 1315 2977 1376 ὅπως
3021 1318 3111 1366 καὶ
3164 1309 3259 1366 διά
3303 1323 3404 1365 τῶν
3455 1318 3720 1388 παρόντων
3781 1317 4054 1392 ῥημάτων,

2439 1408 2530 1455 καὶ
2584 1399 2676 1455 διὰ
2727 1411 2825 1455 τῶν
2877 1404 3112 1478 ἀνωτέρω
3164 1403 3459 1476 εἰρημένων,
3523 1404 3582 1456 ού
3633 1400 3932 1460 διαϐάλλει
3979 1413 4054 1464 τὴν

2441 1492 2663 1545 παλαιὰν
2726 1493 3056 1563 νομοθεσίαν,
3127 1491 3234 1544 ἀλλ’
3301 1492 3538 1545 ἐπιτείνει
3599 1493 3804 1564 μᾶλλον
3874 1498 4043 1554 αὐτην.

2445 1587 2544 1634 Καὶ
2587 1582 2630 1634 εἰ
2678 1578 2997 1643 aermnae
3031 1581 3163 1647 ἐστι,
3201 1577 3347 1634 διατί
3389 1583 3448 1633 ού
3490 1586 3648 1646 σώζει
3688 1589 3821 1647 τοὺς
3872 1605 4043 1658 μετερ-

2442 1674 2694 1742 χομένους
2741 1671 2943 1736 αύτηνς
2995 1674 3172 1743 Μέχρι
3217 1674 3307 1743 μεν
3354 1679 3445 1731 τῆς
3503 1678 3596 1724 τοῦ
3647 1680 3903 1745 Χριστοῦ
3957 1695 4042 1727 πα-

2441 1764 2661 1833 ρουσίας
2714 1761 2874 1819 ἔσωζε
2932 1764 3049 1823 τοὺς
3104 1759 3333 1832 ἀκριϐεῖς
3385 1760 3617 1832 φύλακας
3670 1762 3868 1830 αὐτῆς,
3929 1767 4042 1836 μετὰ

669 1857 1030 1928 viteripsam
1054 1854 1474 1910 custodiebant
1500 1873 1512 1912 :
1547 1860 1751 1925 postea
1769 1867 1908 1908 vero
1931 1869 2068 1908 cum
2090 1852 2332 1908 infantia

2441 1856 2591 1900 τοῦτο
2621 1845 2703 1916 δέ,
2744 1857 2838 1910 τῆς
2864 1854 3176 1910 νηπιότητος
3220 1850 3287 1909 εἰς
3334 1847 3635 1923 ἀνδρότητα
3675 1851 4035 1926 προκοψάσης,

674 1946 735 2002 in
781 1944 1008 2000 virilem
1033 1944 1159 2014 jam
1188 1942 1498 2015 profecerit
1529 1946 1779 2007 aetatem,
1810 1948 1864 1997 et
1888 1942 2127 2014 c0piosa
2149 1942 2334 2012 gratia

675 2032 1027 2090 hominibus
1049 2031 1189 2088 data
1209 2032 1300 2096 sit,
1325 2033 1709 2103 maximaque
1731 2031 2034 2103 proposita
2055 2033 2167 2087 sint
2187 2047 2308 2103 pra:

677 2124 802 2181 mia
819 2139 928 2196 pro
944 2123 1243 2179 bonorum
1267 2121 1652 2178 retributione
1672 2138 1921 2193 operum
1937 2123 2154 2194 (neque
2170 2123 2333 2178 enim

679 2213 940 2284 amplius
971 2212 1271 2285 possessio
1298 2216 1462 2268 terrae
1491 2213 1873 2284 promittitur,
1907 2217 2009 2266 aut
2036 2211 2332 2267 bonorum

676 2307 1074 2366 terrenorum,
1107 2317 1302 2374 neque
1330 2301 1874 2373 prolisfecunditas,
1897 2302 2191 2371 autlonga
2219 2302 2335 2358 vita

679 2408 785 2448 seu
812 2390 1065 2447 victoria
1089 2389 1164 2445 de
1191 2389 1465 2456 inimicis,
1495 2390 1597 2446 sed
1621 2389 1748 2445 cmli
1776 2389 2114 2453 haereditas,
2146 2389 2331 2445 bono-

675 2495 935 2553 rumque
960 2477 1306 2543 coelestium,
1337 2483 1394 2534 et
1423 2479 1519 2534 Dei
1554 2478 1876 2550 adoptatio,
1907 2492 1976 2532 ac
2003 2478 2334 2534 fraternitas

680 2584 818 2624 cum
843 2567 1146 2637 Unigenito
1169 2569 1322 2636 ejus,
1345 2566 1594 2622 victoria
1616 2582 1856 2639 quoque
1878 2570 2086 2621 contra
2109 2566 2336 2621 dmmo-

678 2673 812 2722 nes,
841 2661 897 2712 et
928 2656 1190 2729 perpetui
1211 2655 1379 2726 regni
1405 2656 1926 2724 communicatio):
1964 2655 2173 2710 merito
2190 2671 2334 2712 sane

677 2761 902 2816 magna
937 2746 1253 2816 exiguntur
1293 2746 1618 2802 certamina
1658 2744 1735 2800 ab
1773 2744 2057 2799 omnibus
2090 2744 2192 2816 qui
2227 2745 2336 2800 hu-

673 2834 942 2908 jusmodi
965 2835 1208 2908 praemia
1231 2833 1380 2891 forte
1406 2839 1545 2889 sunt
1577 2833 1871 2904 accepturi
1903 2849 1915 2897 ;
1948 2838 2002 2888 et
2029 2833 2120 2887 his
2150 2839 2335 2890 certa-

677 2924 944 2982 minibus
1000 2924 1319 2996 supposita
1371 2927 1511 2978 sunt
1564 2921 1777 2977 Christi
1825 2926 2116 2994 praecepta
2174 2924 2329 2994 (xz),

677 3015 776 3087 qui
824 3014 1112 3087 praedicta
1167 3013 1440 3086 promisit
1484 3011 1730 3084 praemia
1781 3033 1792 3064 :
1857 3012 2331 3080 magnitudinem

677 3105 836 3161 enim
860 3104 1134 3160 laborum
1155 3101 1230 3158 ad
1251 3099 1727 3174 magnitudinem
1747 3101 2025 3172 opposuit
2046 3101 2333 3174 (yy)praa-

675 3195 961 3250 miorum.

748 3285 912 3339 Vers.
952 3287 1036 3338 2i.
1084 3279 1311 3336 Auditis
1353 3310 1420 3320 —
1467 3280 1530 3334 V.
1573 3283 1659 3334 22.
1693 3279 1948 3348 judicio.
1998 3281 2039 3350 -ξ-
2080 3283 2139 3334 In
2179 3279 2332 3336 libro

675 3371 859 3428 Exodi
892 3370 1108 3426 dicitur
1143 3386 1155 3423 :
1188 3369 1324 3424 Non
1358 3369 1576 3424 occides
1614 3370 1697 3433 ";
1739 3375 1793 3423 et
1835 3375 1967 3439 post
1999 3368 2220 3425 multa:
2266 3370 2335 3425 Si

675 3461 806 3534 quis
827 3462 1085 3530 aliquem
1100 3459 1475 3527 percusserit,
1496 3465 1686 3513 morte
1701 3459 2004 3524 moriatur,
2030 3460 2076 3493 ⁸⁸
2095 3464 2204 3514 etc.

747 3553 1065 3620 Postquam
1080 3546 1261 3601 corda
1276 3546 1542 3618 ipsorum
1561 3546 2028 3601 beatituilinilius
2044 3546 2337 3618 premolli-

674 3639 780 3705 vit,
812 3641 867 3692 et
897 3636 975 3692 ad
1007 3636 1283 3690 virtutem
1314 3635 1566 3696 exacuit,
1601 3634 1830 3704 majora
1860 3635 2142 3705 deinceps
2167 3636 2335 3692 addit

677 3728 1003 3799 praecepta.
1039 3723 1246 3794 Incipit
1271 3728 1468 3778 autem
1499 3721 1577 3777 ab
1606 3723 1934 3787 affectibus,
1965 3725 2060 3794 qui
2091 3730 2332 3781 natura-

676 3815 855 3872 liores
887 3816 1044 3876 sunt,
1076 3817 1221 3884 puta
1252 3811 1334 3867 ira
1363 3815 1418 3866 et
1448 3813 1945 3882 concupiscentia.
1982 3816 2045 3869 Et
2075 3814 2332 3884 primum

679 3905 754 3958 de
804 3902 891 3959 ira
940 3899 1196 3972 disserit,
1243 3899 1459 3956 deinde
1496 3900 1676 3956 etiam
1725 3901 1799 3957 de
1850 3903 2334 3973 concupiscentia

679 3995 910 4048 tractat.

752 4079 1009 4150 Dignum
1030 4083 1114 4136 est
1135 4083 1336 4136 autem
1368 4083 1430 4136 ut
1450 4079 1845 4152 inquiramus,
1879 4097 2064 4153 quare
2103 4096 2223 4137 non
2254 4081 2333 4138 ab

678 4182 750 4223 eo
803 4165 1022 4238 incepit
1076 4164 1240 4238 quod
1287 4165 1346 4220 in
1403 4164 1531 4235 lege
1580 4165 1840 4237 primum
1895 4171 2020 4222 erat
2070 4167 2330 4237 positum

675 4261 1063 4329 praeceptum.
1081 4254 1233 4322 Quia
1247 4270 1379 4310 cum
1399 4253 1542 4310 illud
1565 4255 1638 4309 de
1654 4253 1954 4310 divinitate
1971 4254 2328 4328 loqueretur,

676 4345 987 4418 oportebat
1015 4344 1261 4417 quidem
1293 4343 1434 4399 illud
1471 4345 1648 4399 etiam
1682 4344 1996 4415 complere,
2029 4344 2332 4417 etaliquid

673 4434 748 4491 de
779 4436 868 4490 sui
898 4433 1086 4504 ipsius
1117 4432 1400 4504 dignitate
1435 4432 1745 4489 manifeste
1777 4433 2018 4488 addere.
2054 4434 2332 4491 Nondum

674 4527 872 4580 autem
891 4527 1120 4593 tempus
1147 4527 1294 4578 erat.
1323 4523 1548 4577 Etenim
1569 4522 1613 4576 si
1641 4521 1819 4576 etiam
1841 4520 2330 4592 postdoctrinam

674 4617 856 4684 atque
882 4611 1050 4682 signa
1069 4611 1426 4666 daemonium
1451 4609 1733 4666 dicebant
1761 4626 1895 4665 eum
1926 4610 2166 4678 habere,
2190 4628 2327 4669 cum

673 4706 875 4758 tamen
905 4699 1045 4756 nihil
1072 4700 1145 4756 de
1172 4701 1306 4774 ipsa
1330 4700 1648 4757 manifeste
1679 4699 1901 4755 diceret
1926 4717 1937 4754 :
1967 4699 2138 4772 quid,
2165 4701 2329 4758 obse-

672 4805 794 4858 cro,
821 4805 943 4848 non
969 4789 1260 4846 dixissent
1283 4794 1459 4863 atque
1485 4787 1781 4854 fecissent,
1809 4789 1856 4843 si
1879 4794 2014 4846 ante
2039 4788 2168 4846 haec
2195 4805 2325 4847 om-

743 4951 796 5008 ω’
816 4969 1001 5030 Exod.
1033 4986 1130 5036 xx,
1171 4973 1256 5028 t3.
1366 4968 1417 5004 “
1447 4965 1632 5025 Exod.
1674 4984 1794 5036 xxx,
1828 4973 1910 5027 l2.

2439 1944 2530 1990 καὶ
2581 1938 2774 1997 πολλῆς
2839 1940 3061 2009 χάριτος
3109 1935 3357 2000 δοθείσης
3413 1946 3517 2000 τοῖς
3582 1938 3900 2015 ἀνθρώποις,
3962 1947 4036 1991 καὶ

2441 2026 2693 2099 μελίστων
2768 2025 2998 2078 ἐπάθλων
3069 2030 3408 2100 προτεθέντων
3475 2028 3545 2090 εἰς
3621 2027 3854 2102 ἀμοιϐὴν
3945 2039 4030 2081 τῶν

2441 2118 2875 2190 κατορθωμάτων·
2914 2116 3086 2168 ούκέτι
3132 2120 3230 2189 γὰρ
3274 2117 3591 2190 κληρονομὶα
3640 2129 3757 2191 γῆς,
3810 2126 3901 2173 καὶ
3946 2128 4030 2170 τῶν

2443 2204 2497 2256 ἐκ
2525 2214 2621 2276 γῆς
2651 2205 2877 2275 ἀγαθῶν,
2923 2202 3047 2257 ούδε
3076 2202 3420 2273 πολυπαιδία,
3453 2212 3541 2260 καὶ
3567 2216 3753 2283 γῆρας,
3783 2215 3872 2262 καί
3901 2215 4029 2260 νῖκαι

2441 2297 2561 2346 κατ’
2627 2294 2848 2369 ἐχθρῶν,
2934 2294 3040 2345 ἀλλ’
3107 2295 3327 2369 ούρανοῦ
3393 2295 3712 2369 κληρονομία
3767 2303 3849 2349 καί
3931 2305 4026 2346 τῶν

2441 2384 2692 2456 οὐρανίων
2737 2382 2962 2454 ἀγαθῶν,
3012 2389 3101 2435 καὶ
3148 2386 3385 2437 υἱοθεσία
3439 2393 3595 2454 Θεοῦ,
3633 2392 3714 2438 καί
3747 2382 4011 2453 ἀδελφότης

2442 2476 2573 2545 πρὸς
2623 2476 2709 2524 τὸν
2764 2479 3049 2543 Μονογενῆ,
3104 2478 3193 2525 καὶ
3240 2481 3379 2526 νῖκαι
3426 2479 3565 2527 κατὰ
3613 2472 3876 2545 δαιμόνων,
3930 2474 4019 2521 καὶ

2443 2567 2682 2613 κοινωνία
2736 2560 3009 2632 βασιλείας
3062 2560 3412 2619 ἀτελευτήτου·
3471 2564 3678 2626 εἰκότως
3730 2567 3813 2615 καὶ
3869 2560 4019 2633 μεγά-

2442 2649 2563 2710 λους
2621 2649 2821 2721 ἀγῶνας
2879 2651 3220 2704 ἀπαιτοῦνται
3279 2655 3466 2714 πάντες
3531 2656 3581 2706 οἱ
3631 2661 3730 2705 τῶν
3793 2653 4020 2704 τοιούτων

2443 2738 2673 2792 ἐπάθλων
2751 2747 2933 2811 τυχεῖν
3001 2739 3279 2810 μέλλοντες,
3342 2747 3432 2794 καὶ
3511 2741 3648 2803 οἰους
3715 2743 4022 2795 ὑποτίθενται

2443 2831 2497 2880 αἱ
2554 2827 2750 2880 ἐντολαὶ
2816 2832 2908 2880 τοῦ
2987 2836 3241 2903 Χριστοῦ,
3317 2839 3408 2883 τοῦ
3463 2837 3552 2884 καὶ
3617 2834 3683 2884 τὰ
3746 2829 4023 2891 δηλωθέντα

2441 2916 2639 2969 ἐπαθλα
2691 2915 3155 2990 ἐπαγγειλαμένου.
3225 2922 3302 2972 Τά
3351 2924 3453 2995 γὰρ
3503 2923 3694 2993 μεγέθη
3750 2930 3847 2974 τῶν
3900 2918 4020 2990 5:76»-

2440 3025 2557 3070 νων,
2585 3010 2714 3080 πρός
2744 3005 2810 3058 τά
2838 3009 3028 3079 μεγέθη
3060 3016 3162 3060 τῶν
3183 3007 3414 3062 ἐπάθλων
3443 3009 3834 3081 ἐνομοθέτησεν.

2514 3270 2804 3324 Ἠκούσατε
2833 3302 2900 3312 —-
2929 3276 3120 3346 κρίσει.
3157 3270 3286 3344 [Τῆς
3464 3269 3652 3339 βίϐλου
3683 3280 3775 3334 τῆς
3801 3269 4015 3337 Ἐξὸδευ·

2443 3359 2518 3410 Ού
2550 3362 2829 3431 φονεύσεις.
2888 3365 2987 3413 Καὶ
3025 3362 3157 3432 μετά
3193 3360 3374 3413 πολλὰ⁶
3417 3360 3532 3414 Ἐὰν
3559 3361 3764 3435 πατάξῃ
3805 3368 3883 3424 τίς
3904 3379 4013 3426 τινα,

2445 3450 2643 3521 θανάτῳ
2676 3451 3034 3516 θανατούσθω,
3067 3455 3156 3502 καὶ
3184 3452 3248 3502 τά
3278 3450 3413 3512 ἑξῆς.
3447 3450 3469 3523 ]

2515 3539 2887 3612 Προαπαλύνας
2942 3542 3035 3602 τάς
3092 3537 3318 3612 καρδίας
3366 3540 3534 3592 αὐτῶν
3599 3539 3648 3592 ἐν
3703 3549 3816 3603 τοῖς
3872 3556 4013 3614 μακα-

2441 3636 2672 3702 ρισμοίς,
2737 3635 2825 3681 καὶ
2880 3630 3184 3703 παραθήξας
3222 3630 3289 3690 εἰς
3323 3627 3530 3705 ἀρετὴν,
3589 3630 3810 3684 ἅπτεται
3865 3631 4015 3683 λοιπὸν

2442 3723 2530 3770 καὶ
2583 3719 2831 3790 μειζόνων
2905 3718 3137 3773 ἐντολῶν.
3194 3719 3320 3773 Ἀπὸ
3387 3728 3487 3772 τῶν
3550 3725 3911 3796 φυσικωτέρων
3967 3712 4012 3768 δε

2442 3809 2667 3880 ἄρχεται
2730 3810 2928 3878 παθῶν,
2999 3811 3164 3881 θυμοῦ
3222 3808 3353 3880 λέγω
3417 3815 3506 3862 καὶ
3562 3809 3867 3882 ἐπιθυμίας.
3936 3808 4017 3861 Καὶ

2441 3905 2643 3971 πρῶτον
2845 3903 2962 3970 περὶ
3009 3906 3101 3950 τοῦ
3161 3900 3326 3971 θυμοῦ
3393 3895 3710 3972 διαλέγεται,
3765 3897 3882 3952 εἶτα
3924 3892 4020 3950 διι-

2441 3984 2690 4058 λαμϐάνει
2718 3991 2804 4038 καὶ
2835 3992 2950 4062 περὶ
2975 3995 3068 4050 τῆς
3095 3986 3400 4060 ἐπιθυμίας.

2512 4075 2687 4138 Ἀξιον
2719 4073 2777 4130 δί
2822 4077 3073 4144 ζητῆσαι,
3109 4073 3255 4130 διατὶ
3283 4083 3354 4150 μὴ
3399 4078 3589 4153 ἑρξατο
3619 4077 3720 4131 ἀπὸ
3746 4086 3844 4140 τῆς
3894 4077 3940 4131 ἐν
3965 4082 4022 4144 τῷ

2439 4170 2578 4238 νόμῳ
2629 4173 2838 4238 πρώτης
2882 4171 3115 4238 κειμένης
3162 4166 3385 4230 ἐντολῆς.
3439 4172 3601 4238 Διότι,
3647 4173 3899 4241 περὶτῆς
3937 4167 4024 4218 θεὸ-

2440 4274 2596 4317 τητος
2625 4252 2807 4325 οὖσαν,
2853 4253 2956 4308 ἔδει
2994 4260 3084 4308 καὶ
3114 4256 3275 4314 αὐτὴν
3314 4256 3708 4332 ἀναπληρῶσαι,
3741 4262 3831 4310 καὶ
3881 4273 4024 4332 προσ-

2441 4345 2748 4417 θεῖναι
2794 4354 3018 4418 φανερῶς
3058 4350 3176 4421 περὶ
3215 4355 3306 4407 τῆς
3345 4346 3530 4399 ἐαυτοῦ
3571 4349 3834 4408 θεότητος.
3884 4350 4023 4402 Οὔπω

2441 4431 2500 4486 δὲ
2546 4438 2726 4508 καιρὸς
2774 4432 2853 4493 ἧν.
2902 4435 2962 4488 Εἰ
3002 4437 3103 4509 γὰρ
3147 4439 3236 4488 καὶ
3277 4438 3408 4508 μετά
3435 4441 3530 4495 τὴν
3570 4433 3927 4490 διδασκαλίαν
3954 4435 4025 4487 καὶ

2437 4526 2504 4575 τὰ
2549 4532 2761 4596 σημεῖα,
2812 4521 3146 4596 δαιμονῶντα
3188 4524 3343 4577 αύτόν
3385 4525 3618 4591 ἐκάλουν,
3667 4531 3839 4579 καίτοι
3875 4520 4024 4600 μηδεν

2437 4619 2555 4686 περὶ
2609 4614 2774 4676 αὐτῆς
2826 4618 3036 4688 φανερὸν
3083 4615 3306 4668 εἰπόντα·
3367 4620 3418 4667 τί
3469 4615 3564 4668 ούκ
3619 4615 3678 4667 au
3729 4620 3819 4668 καὶ
3882 4614 4023 4675 εἷπον,

2435 4707 2526 4755 καὶ
2571 4701 2842 4772 ἐποίησαν,
2898 4704 2941 4755 εἰ
2983 4708 3084 4777 πρὸ
3136 4707 3332 4757 τούτων
3365 4703 3600 4757 ἀπάντων
3643 4703 3960 4778 ἐπεχείρησέ
3983 4719 4025 4753 τι

2436 4800 2671 4846 τοιοῦτον
2719 4793 3083 4866 φθέγξασθαι;
3131 4798 3233 4847 Καὶ
3281 4790 3429 4847 διατί
3475 4798 3548 4868 μὴ
3591 4803 3814 4870 φανερῶς
3852 4795 4023 4866 ἔλεγεν,

1897 5148 2118 5220 Variae
2147 5149 2476 5220 lectiones
2503 5159 2569 5220 et
2598 5160 2799 5221 notae.
2867 5207 2872 5212 .

737 5349 850 5421 (55)
888 5344 1120 5405 Inclusa
1140 5341 1203 5404 in
1231 5344 1500 5418 margine
1524 5345 1709 5405 habet
1733 5346 1923 5406 codex
1955 5351 2223 5423 uterque.

738 5527 872 5608 (τας)
890 5526 963 5608 Et
985 5526 1143 5608 ὴίειο-
1165 5532 1485 5608 praecata!
1502 5529 1567 5608 Et
1587 5528 1926 5608 cyinsmodi
1945 5527 2324 5608 (certamine)

663 5599 1022 5675 praecipiunt
1049 5600 1329 5675 mandata
1357 5599 1584 5658 Christi.
1613 5599 1709 5658 Est
1735 5599 1974 5659 uberior
2004 5599 2324 5675 explicatio

667 5668 762 5724 ῖτοῦ
783 5668 1036 5744 μεγάλους
1069 5668 1294 5746 ἀγῶνας.

2503 5351 2620 5423 (56)
2659 5351 2975 5428 προσϐῆναι.
3013 5358 3074 5408 Δ.

2433 5603 2458 5656 ι
2463 5527 2634 5658 11ξξζίι)
2667 5529 2971 5603 Opposuit.
3010 5531 3118 5590 Pro
3147 5530 3564 5604 magnitudine
3588 5531 3784 5606 jussit,
3815 5528 4026 5592 consti-
