4170 6458
142 387 298 444 209

1235 379 1603 441 COMMENT.
1642 381 1715 439 IN
1752 382 2190 443 MATTHIEUM.
2222 415 2291 427 —
2320 385 2483 446 CAP.
2519 385 2596 446 V.

3454 386 3564 458 210

153 513 273 566 ὅτι
348 515 479 575 Θεός
534 510 689 579 ἐστι;
742 513 882 563 Διότι
929 507 1161 584 θορυϐεῖν
1207 507 1377 580 ἔμελλε
1428 511 1549 572 τοὺς
1602 509 1788 583 ἀκροα-

1905 511 2004 569 nia
2053 512 2164 568 tale
2216 511 2527 584 quippiam
2578 511 2744 584 loqui
2793 512 3134 569 tentasset?
3192 511 3305 570 Cur
3357 518 3560 572 autem

159 605 318 664 τοὶς.
356 602 417 656 Εἰ
462 604 562 674 γὰρ
591 603 640 654 οἱ
677 601 928 672 μαθηταὶ,
974 602 1209 658 συνόντες
1243 597 1404 669 αύτῷ,
1441 603 1530 652 καὶ
1573 601 1792 652 καθεκά-

169 711 334 750 στην
388 687 777 761 διδασκόμενοι,
823 692 912 740 καὶ
961 689 1460 761 θαυματουργοῡντα
1504 687 1790 760 βλέποντες,

167 786 292 833 καὶ
343 788 438 832 τῶν
488 777 791 853 ἀπορῥήτων
837 785 1224 845 κοινωνοῦντες,
1273 781 1363 828 καὶ
1411 773 1633 849 δύναμιν
1671 778 1793 850 παρ’

167 869 360 922 αὐτοῦ
432 869 693 926 τοσαύτην
761 865 1016 935 λαϐόντες,
1102 868 1168 926 ὡς
1250 870 1340 918 καὶ
1395 885 1602 941 νεκρους
1680 867 1791 939 (57)

168 957 434 1028 ἀνίστᾴν,
492 957 589 1009 οὐκ
645 952 906 1015 ἠδύναντο
968 957 1137 1008 πάντα
1201 953 1487 1028 βαστάζειν
1539 960 1639 1030 πρὸ
1700 966 1793 1021 τῆς

162 1043 483 1120 ἐπιδημίας
529 1053 622 1098 τοῦ
672 1045 824 1116 ἁγίου
875 1047 1206 1117 Πνεύματοςο
1239 1053 1349 1106 πῶς
1401 1041 1569 1117 δῆμος
1615 1046 1796 1098 ἀσύνε-

158 1155 300 1202 τος,
352 1140 442 1188 καὶ
510 1136 776 1196 τοσαύτης
824 1133 1012 1207 ἀρετῆς
1069 1132 1563 1206 ἀπολιμπανόμενος,
1627 1133 1796 1206 ἔμελλε

164 1230 262 1298 μή
329 1226 688 1298 ταραχθῆναι,
753 1228 843 1276 καὶ
916 1227 986 1294 μὴ
1055 1223 1286 1295 μάλιστα
1340 1228 1554 1295 νομίσαι
1613 1231 1794 1276 τοῦτον

173 1314 449 1379 ἀντίθεον,
527 1317 617 1365 καὶ
680 1317 772 1371 τὴν
845 1320 937 1365 τοῦ
1013 1319 1149 1366 Θεοῦ
1219 1317 1373 1384 τιμὴν
1431 1313 1796 1384 ἀναισχύντως

182 1406 662 1475 σφετεοιζόμενον;
704 1404 796 1454 Διά
839 1409 991 1454 τοῦτο
1053 1409 1222 1473 σοφῶς
1261 1402 1371 1472 (58)
1419 1421 1470 1454 τε
1526 1406 1614 1454 καὶ
1661 1402 1795 1454 οἰκο-

175 1499 447 1564 νομικῶς,
515 1492 638 1544 ποτε
693 1493 802 1564 μὲν,
863 1493 1161 1565 θεοπρεπεῖς
1219 1490 1561 1565 ἐργαζόμενος
1627 1511 1786 1564 παρα-

179 1577 520 1648 δοξοποιίας,
565 1583 754 1641 ταύτας
789 1579 973 1653 ἀφίησι
1010 1583 1304 1655 κηρύττειν,
1349 1582 1430 1633 ὅτι
1477 1584 1602 1642 Θεός
1639 1579 1752 1633 ἐστι
1777 1600 1790 1614 ο

178 1672 321 1723 ποτὶ
374 1666 454 1736 δέ,
523 1675 820 1744 παρακιρνᾷ
869 1673 960 1722 καὶ
1013 1670 1228 1744 ῥήματα
1289 1676 1400 1731 τοῖς
1459 1669 1652 1742 λόγοις,
1708 1672 1793 1742 εμ-

176 1761 413 1831 φαντικὰ
467 1767 560 1820 τῆς
601 1759 761 1812 αὐτοῦ
811 1761 1046 1821 θεότητος
1094 1776 1106 1789 ⁸
1163 1758 1220 1810 ἐκ
1282 1767 1373 1812 τοῦ
1434 1766 1649 1832 φανεροῦ
1709 1755 1789 1826 δέ,

1902 601 2216 657 manifeste
2244 617 2365 656 non
2413 600 2559 657 dixit
2589 618 2650 656 se
2682 603 2870 658 Deum
2909 617 3037 657 esse
3070 600 3097 655 ἵ
3149 603 3299 668 Quia
3343 619 3416 658 ex
3445 603 3560 660 hoc

1904 689 2185 746 turbandi
2219 696 2389 745 erant
2417 690 2739 746 auditores.
2772 692 2827 745 Si
2864 690 3026 746 enim
3064 690 3329 762 discipuli
3359 691 3562 764 ipsum

1903 785 2354 848 cognoscentes,
2384 782 2441 834 et
2484 778 2563 834 ab
2592 794 2663 834 eo
2708 779 2970 850 quotidie
3024 778 3238 844 edocti,
3295 779 3562 837 videntes

1903 883 2141 940 quoque
2160 867 2449 924 mirabilia
2466 872 2835 939 operantem,
2857 882 2927 922 ac
2946 866 3124 922 rebus
3155 868 3561 928 inetl‘abilibus

1903 957 2426 1021 communicantes,
2461 961 2622 1011 tanta
2647 956 2821 1011 etiam
2847 955 2923 1011 ab
2949 971 3019 1010 eo
3056 962 3301 1028 accepta
3329 959 3560 1026 virtute,

1904 1050 1969 1103 ut
2013 1048 2070 1102 et
2125 1050 2393 1101 mortuos
2465 1044 2835 1107 suscitarent,
2899 1059 3282 1115 nequaquam
3371 1050 3562 1102 tamen

1903 1136 2255 1209 priusquam
2276 1134 2529 1207 Spiritus
2553 1138 2793 1191 sanctus
2822 1134 3152 1200 adveniret,
3173 1135 3380 1192 omnia
3410 1135 3563 1192 ferre

1903 1229 2178 1297 poterant
2198 1224 2528 1297 :quomodo
2543 1221 2799 1294 populus
2817 1222 3124 1293 insipiens,
3144 1227 3443 1295 tantasque
3467 1240 3565 1279 ex-

1903 1329 2040 1386 pers
2078 1313 2328 1377 virtutis,
2362 1316 2592 1383 poterat
2623 1327 2743 1367 non
2775 1311 3020 1376 turbari,
3062 1315 3163 1368 aut
3199 1327 3321 1368 non
3351 1317 3561 1384 putare

1902 1403 2100 1476 ipsum
2117 1403 2304 1471 magis
2327 1418 2455 1457 esse
2474 1405 2590 1456 Deo
2603 1401 2988 1465 contrarium,
3006 1402 3057 1472 ej
3070 1417 3249 1473 usque
3275 1401 3562 1460 honorem

1905 1492 2015 1548 sibi
2084 1491 2462 1564 impudenter
2514 1490 2873 1546 vindicare?
2935 1489 3072 1546 Ideo
3151 1491 3446 1562 sapienter
3497 1507 3566 1548 ac

1902 1579 2339 1652 dispensatorio
2371 1577 2572 1643 modo,
2605 1577 2974 1650 quandoque
3005 1577 3126 1633 Deo
3164 1577 3438 1649 proprias
3500 1581 3561 1634 et

1902 1668 2288 1726 admirabiles
2344 1668 2607 1723 actiones
2657 1671 2954 1737 operatur,
3013 1665 3225 1739 hisque
3282 1666 3565 1739 relinquit

1904 1759 2010 1830 (zz)
2067 1762 2133 1814 ut
2187 1773 2247 1813 se
2305 1760 2490 1812 Deum
2546 1770 2673 1810 esse
2746 1754 3110 1826 praedicent:
3197 1755 3561 1827 quandoque

176 1853 281 1901 καὶ
325 1851 392 1912 ὡς
437 1847 522 1902 ἐπὶ
560 1851 619 1901 τὸ
662 1847 924 1914 πλεῖστον,
977 1851 1194 1902 ταπεινὰ
1250 1853 1370 1923 περὶ
1407 1848 1592 1902 ἑαυτοῦ
1641 1850 1788 1922 φθέγ-

1902 1863 2041 1904 vero
2054 1847 2339 1902 doctrinm
2363 1862 2487 1901 sum
2516 1845 2700 1900 verba
2727 1843 3040 1908 admiscet,
3065 1859 3199 1916 quae
3219 1859 3393 1902 suam
3415 1844 3567 1900 indi-

176 1957 362 2009 γεται,
421 1934 514 1992 διὰ
563 1941 658 1997 τὴν
717 1936 984 1992 ἀσθένειαν
1023 1947 1122 1990 τῶν
1175 1936 1462 2010 ἀκροατῶν.
1507 1938 1794 2009 Ἐγίνωσκε

181 2027 318 2099 γὰρ,
374 2028 455 2079 ὅτι
499 2029 569 2080 τὰ
617 2029 745 2100 ἔργα
787 2034 972 2079 τοῦτον
1021 2025 1135 2097 (59)
1185 2031 1589 2102 φανερώσουσιν,
1631 2023 1668 2079 ἂ
1703 2024 1792 2078 ού-

187 2112 310 2177 δεὶς
354 2115 506 2178 ἄλλος
542 2115 804 2174 ἐποίησεν.
838 2114 1172 2174 Ἀλαζονικόν
1207 2117 1331 2188 γὰρ,
1359 2117 1417 2169 τὸ
1455 2119 1574 2190 περὶ
1609 2114 1792 2168 ἑαυτοῦ

189 2223 319 2257 τινα
350 2204 550 2277 μεγάλα
569 2204 754 2276 λέγειν,
791 2202 882 2257 καί
907 2203 1160 2259 ὕποπτον.

268 2455 409 2512 Ἀλλ’
466 2455 550 2508 ἐπὶ
599 2458 657 2509 τὸ
710 2454 822 2527 (60)
879 2457 1210 2527 προκείμενον
1241 2452 1618 2525 ἐπανελθόντες,
1686 2455 1797 2507 θεα-

189 2550 430 2622 σώμεθα,
485 2554 595 2607 πῶς
652 2545 712 2598 όύ
763 2543 1008 2597 καταλύει
1065 2546 1150 2596 τὸν
1201 2547 1374 2617 νόμον,
1426 2541 1557 2596 ἀλλὰ
1605 2548 1799 2616 μᾶλλον

188 2637 505 2711 ἀναπληροῖ,
537 2638 604 2696 ὡς
633 2634 850 2698 ἐλλιπῶς
896 2636 1107 2706 ἔχοντα.
1139 2636 1276 2692 Φησὶ
1305 2634 1427 2708 γὰρ,
1457 2634 1539 2686 ὅτι
1567 2635 1793 2705 Ἐίέχθη

184 2731 339 2802 παρὰ
389 2734 480 2780 τοῦ
531 2727 808 2798 νομοθέτου
851 2726 982 2799 πρὸς
1026 2726 1144 2784 τοὺς
1189 2721 1446 2798 ἀρχαίους
1505 2721 1796 2797 Ἐϐραίους,

186 2819 273 2871 ὅτι
327 2815 402 2869 Οὐ
454 2817 711 2889 φονεύσεις
765 2813 1039 2888 ὁμόφυλον,
1090 2811 1132 2864 ὦ
1185 2813 1422 2886 ἄνθρωπε
1459 2829 1474 2842 '
1529 2812 1582 2876 ὃς
1623 2810 1673 2866 δ’
1731 2813 1790 2865 Ξιν

191 2909 443 2979 φονεύσῃ,
501 2906 781 2966 ὑπεύθυνος
857 2905 1006 2956 ἔσται
1064 2909 1124 2976 τῇ
1192 2921 1520 2976 κατακρισει,
1585 2907 1656 2965 εὶς
1732 2905 1790 2955 τὸ

195 2992 383 3048 δοῦναι
441 2990 594 3050 δίκην
639 2992 786 3056 ἀξίαν
834 2999 926 3044 τοῦ
975 2995 1129 3064 φόνον
1163 3006 1176 3021 ⁸
1217 2990 1316 3063 ἐγὼ
1362 2987 1422 3045 δι
1465 2991 1594 3064 λέγω
1645 2993 1786 3064 ὑμῖν,

193 3086 279 3137 ὅτι
343 3089 445 3144 πᾶς
501 3084 528 3135 ό
585 3083 919 3157 ὀργιζόμενος
968 3089 1039 3152 τῷ
1097 3077 1301 3152 ἀδελφῷ
1373 3079 1533 3134 αὐτοῦ
1597 3081 1787 3152 μάτην,

1903 1940 2034 1992 cent
2059 1934 2455 1990 divinitatem.
2486 1932 2788 1989 Manifesta
2829 1936 3030 1988 autem
3062 1937 3119 1988 et
3169 1939 3229 1987 ut
3257 1931 3564 2004 plurimun

1901 2024 2157 2081 humilia
2185 2025 2259 2079 de
2293 2023 2490 2094 seipso
2512 2022 2772 2094 loquitur
2799 2027 3040 2093 propter
3080 2020 3427 2079 auditorum
3456 2022 3567 2078 im-

1898 2113 2317 2176 becillitatem;
2363 2111 2585 2168 sciebat
2625 2110 2785 2167 enim
2823 2109 2984 2182 quod
3016 2111 3400 2183 postmodum
3458 2126 3566 2169 sua

1902 2204 2106 2276 ipsum
2134 2201 2581 2258 manifestarent
2608 2215 2812 2271 opera,
2843 2197 3049 2271 qualia
3078 2198 3275 2255 nullus
3299 2199 3451 2255 alius
3479 2199 3559 2256 fe-

1902 2297 2082 2350 cerat.
2113 2290 2457 2362 Arrogantis
2507 2290 2674 2345 enim
2705 2292 2815 2354 est,
2857 2303 2968 2344 nec
3015 2288 3353 2360 suspicione
3382 2292 3563 2356 caret,

1902 2396 2129 2452 magna
2157 2380 2438 2454 quaedam
2468 2377 2542 2434 de
2565 2377 2759 2450 seipso
2801 2376 3019 2434 dicere.

1978 2470 2094 2527 Sed
2122 2472 2200 2526 ad
2237 2467 2613 2542 propositum
2654 2466 2988 2531 redeuntes,
3040 2465 3355 2523 videamus
3412 2479 3562 2538 quo-

1902 2560 2088 2617 modo
2117 2559 2310 2629 legem
2351 2573 2471 2613 non
2510 2555 2725 2622 solvat,
2740 2555 2842 2611 sed
2875 2553 3174 2627 compleat
3202 2555 3406 2627 potius
3433 2559 3564 2612 ιω-

1904 2647 2528 2722 quamimperfectam.
2549 2645 2846 2703 Aitenim:
2874 2645 3108 2701 Dictum
3127 2650 3218 2700 est
3257 2660 3295 2701 a
3333 2644 3567 2716 legisla-

1903 2745 2028 2794 tore
2044 2737 2332 2793 veteribus
2351 2734 2608 2791 Hebrasis
2629 2751 2642 2790 :
2665 2737 2792 2790 Non
2809 2733 3068 2803 occides,
3110 2749 3148 2789 ο
3192 2733 3398 2799 homo,
3419 2733 3563 2792 alte-

1898 2842 2036 2882 rum
2061 2825 2146 2882 tui
2175 2825 2420 2895 generis.
2447 2823 2800 2896 Quicunque
2825 2827 3025 2880 autem
3045 2821 3347 2891 occiderit,
3381 2823 3565 2880 obno-

1898 2915 2028 2971 xius
2053 2914 2161 2971 erit
2185 2911 2693 2976 condemnationi,
2711 2915 2775 2968 ut
2787 2926 3018 2983 pmnam
3034 2911 3185 2968 caedi
3204 2912 3526 2968 convenien
3538 2939 3564 2954 ο

1900 3009 2019 3062 tem
2032 3004 2172 3061 luat.
2194 3006 2311 3073 Ego
2330 3007 2533 3058 autem
2547 3001 2676 3058 dico
2693 3001 2884 3065 vobis,
2899 3000 3065 3072 quod
3078 3000 3278 3058 omnis
3291 3001 3394 3074 qui
3413 3000 3561 3060 iras-

1898 3094 2049 3150 citur
2095 3093 2260 3149 fratri
2301 3107 2410 3148 suo
2442 3092 2766 3160 incassum,
2800 3105 2909 3146 nec
2958 3104 3221 3159 congruo
3288 3095 3556 3162 tempore

192 3173 425 3247 ἀκαίρως
449 3173 639 3245 (ταῦτα
677 3175 778 3245 γὰρ
819 3167 1059 3228 δηλοίτό
1098 3169 1256 3242 εἰκῆ),
1298 3171 1479 3241 ἔνοχος
1529 3171 1677 3222 ἕσται
1724 3175 1786 3242 τῇ

1901 3181 2221 3255 (haecenim
2245 3181 2467 3237 indicat
2485 3179 2666 3235 dictio
2701 3183 2835 3242 εἰκῆ,
2853 3193 3040 3252 quam
3069 3194 3177 3234 nos
3204 3184 3416 3236 temere
3431 3194 3561 3236 ver-

188 3267 521 3336 κατακρίσει.
569 3262 824 3335 Προσθεὶς
877 3255 935 3312 δε
979 3259 1037 3310 τὸ
1083 3257 1216 3324 εἰκῆ,
1257 3257 1353 3310 οὐκ
1400 3257 1561 3311 ἀνεῖλε
1598 3259 1792 3310 παντά-

187 3372 327 3406 πασι
371 3356 464 3408 την
513 3349 694 3424 ὀργὴν,
746 3347 874 3400 ἀλλὰ
921 3351 1080 3419 μόνην
1130 3349 1224 3405 τὴν
1280 3348 1496 3418 ἄκαιρον
1542 3345 1790 3408 ἐξέϐαλεν.

188 3441 252 3494 Ἠ
297 3442 400 3512 γὰρ
447 3441 701 3511 εὔκαιρος,
746 3435 1015 3508 ὠφέλιμος.
1060 3434 1216 3490 Ἐστι
1272 3431 1332 3489 δὲ
1380 3437 1616 3508 εὔκαιρος
1661 3434 1789 3509 ὀργὴ

192 3532 224 3589 ἠ
284 3531 526 3601 γινομένη
580 3527 717 3578 κατὰ
773 3532 873 3578 τῶν
928 3524 1329 3597 πολιτευομένων
1401 3522 1638 3586 ἐναντίως
1693 3532 1791 3576 τῶν

189 3617 404 3671 ἐντολῶν
434 3623 524 3669 τοῦ
559 3621 706 3682 Θεοῦ,
749 3615 870 3667 ὅταν
909 3618 979 3686 μὴ
1019 3617 1148 3688 πρὸς
1191 3610 1470 3672 ἐκδίκησιν
1517 3614 1787 3687 ἡμετέραν,

187 3706 318 3760 ἀλλά
367 3709 496 3780 πρὸς
525 3704 768 3777 ὠφέλειαν
815 3711 914 3756 τῶν
976 3711 1149 3767 κακῶς
1195 3702 1448 3776 βιούντων
1496 3701 1550 3765 ἐξ
1579 3701 1790 3774 ἀγάπης

184 3801 276 3850 καὶ
323 3791 662 3869 φιλαδελφίας
707 3793 1060 3868 ὁργιζώμεθα,
1109 3795 1240 3865 μετὰ
1272 3801 1369 3853 τῆς
1415 3795 1787 3865 προσηκούσης

188 3887 618 3958 εύσχημοσύνης.
671 3883 978 3957 Ὀργίζεσθε
1018 3885 1140 3957 γὰρ,
1183 3886 1335 3956 φησὶ,
1375 3886 1464 3934 καὶ
1505 3885 1577 3954 μὴ
1621 3880 1784 3954 ἁμαρ-

187 3976 378 4040 τάνετε,
429 3977 690 4037 τουτέστι,
741 3976 827 4031 Μὴ
862 3971 973 4043 (61)
1017 3969 1067 4024 ἐν
1105 3979 1177 4042 τῷ
1209 3971 1517 4045 ὀργίζεσθαι
1556 3974 1781 4036 πταίετε,

188 4072 358 4127 κακῶς
410 4069 675 4137 χρώμενοι
713 4069 774 4134 τῇ
831 4061 982 4135 ὀργῇ.
1039 4058 1322 4134 Ἀδελφούς
1350 4056 1409 4113 δε
1456 4061 1596 4133 ἡμᾶς
1633 4058 1786 4120 ἀλλή-

187 4154 284 4207 λων
333 4151 586 4218 ἐκάλεσεν,
639 4153 706 4213 ὡς
756 4153 843 4203 τὸν
886 4150 1042 4203 αὐτόν
1099 4151 1315 4222 ἔχοντας
1358 4151 1508 4219 Θεὸν,
1561 4153 1648 4201 καὶ
1695 4152 1782 4202 τὸν

188 4242 340 4297 αὐτὸν
391 4244 719 4316 προπάτορα,
774 4245 864 4294 καὶ
924 4244 1018 4298 τὴν
1092 4240 1254 4298 αὐτὴν
1313 4242 1490 4312 φύσιν,
1543 4243 1632 4291 καὶ
1689 4243 1782 4298 τὴν

187 4331 348 4389 αὐτὴν
395 4335 598 4399 πίστιν,
635 4334 726 4382 καὶ
762 4331 855 4390 τὰς
899 4329 1054 4389 αύτὰς
1097 4326 1318 4394 ἐντολὰς,
1351 4333 1440 4380 καὶ
1480 4330 1569 4387 τὰς
1625 4328 1783 4389 αὐτὰς

191 4419 501 4492 ἐπαγγελίας
545 4426 644 4472 τῶν
689 4417 920 4471 ἐπάθλων
975 4417 1110 4487 (62).
1170 4413 1324 4478 Εἶδες
1379 4421 1429 4470 τί
1475 4417 1779 4489 προσέταξε.

190 4515 290 4562 Τοῦ
339 4511 491 4579 φόνου
566 4511 658 4566 τὴν
711 4509 863 4582 ῥίζαν
912 4505 1168 4576 ἐξέκοψεν.
1231 4505 1288 4558 Ὀ
1335 4507 1436 4579 γὰρ
1489 4509 1560 4578 μὴ
1620 4505 1782 4568 οὕτως

194 4595 539 4671 ὀργιζόμενος,
577 4596 683 4668 ούχ
718 4596 827 4659 ἡξει
869 4598 993 4648 ποτε
1020 4598 1152 4668 πρὸς
1189 4599 1358 4666 φόνον,
1401 4596 1575 4670 ὥσπερ
1610 4590 1726 4648 οὐδ’
1757 4597 1782 4647 ό

191 4686 341 4760 ῥίζαν
371 4683 647 4752 ἐκκόπτων,
679 4685 821 4740 ἐάσει
847 4681 1038 4739 κλάδον
1065 4688 1220 4758 φῦναί
1247 4703 1389 4743 ποτε.

261 4959 306 4994 9⁵
346 4957 498 5015 Psal.
541 4973 618 5023 ιν,
651 4958 740 5014 15.

1901 3272 2103 3340 timus)
2133 3269 2431 3326 obnoxius
2467 3268 2575 3325 erit
2618 3267 3128 3324 condemnationi.
3183 3266 3425 3324 Addens
3454 3283 3557 3324 au-

1901 3365 2021 3416 tem
2051 3366 2284 3424 temere,
2315 3374 2432 3414 non
2481 3356 2891 3413 omnimodam
2935 3355 3172 3412 abstulit
3210 3357 3379 3421 iram,
3447 3357 3561 3414 sed

1901 3448 2378 3520 intempestivam
2436 3453 2667 3504 tantum
2735 3445 2994 3516 abiecit:
3049 3459 3186 3516 quas
3231 3444 3394 3501 enim
3455 3460 3558 3517 0p-

1899 3541 2157 3610 portuna
2177 3541 2282 3601 est,
2316 3536 2471 3592 utilis
2498 3541 2603 3592 est.
2635 3534 2860 3592 Dicitur
2876 3538 3075 3590 autem
3103 3533 3190 3591 ira
3209 3538 3555 3606 opportuna

1899 3641 2033 3699 quas
2059 3627 2306 3682 sumitur
2329 3627 2614 3681 adversus
2638 3640 2741 3682 eos
2769 3623 2874 3696 qui
2904 3627 3111 3680 contra
3133 3623 3233 3679 Dei
3250 3629 3552 3696 praecepta

1896 3717 2139 3775 vivunt:
2186 3715 2429 3788 quando
2468 3730 2591 3771 non
2636 3714 2715 3771 ad
2775 3712 3206 3770 vindicandum
3251 3727 3386 3782 nos,
3445 3713 3554 3772 sed

1894 3805 1972 3862 ad
1997 3806 2305 3862 utilitatem
2336 3820 2534 3860 eorum
2564 3803 2666 3877 qui
2698 3803 2854 3860 male
2883 3803 3106 3868 vivunt,
3142 3818 3216 3859 ex
3239 3802 3555 3861 dilectione

1893 3898 1949 3951 et
1970 3910 2174 3951 amore
2203 3893 2464 3950 fraterno
2488 3891 2818 3955 irascimur,
2870 3906 3010 3947 cum
3058 3906 3324 3960 congrua
3353 3891 3546 3949 hone-

1895 3988 2064 4042 state.
2104 3983 2439 4040 Irascimini
2465 3982 2646 4050 enim,
2673 3981 2884 4054 inquit,
2913 3987 2962 4036 et
2993 3982 3172 4038 nolite
3205 3997 3450 4051 peccare
3481 3982 3548 4049 ⁸³,

1891 4073 2005 4130 hoc
2034 4078 2146 4142 est,
2188 4076 2266 4129 Ne
2297 4073 2357 4128 in
2400 4070 2713 4128 irascendo
2765 4069 2988 4139 erretis,
3037 4070 3127 4126 ira
3179 4070 3339 4126 male
3391 4076 3554 4126 uten-

1895 4168 1998 4219 tes.
2032 4165 2146 4218 Nos
2175 4175 2407 4232 quoque
2437 4159 2648 4216 fratres
2680 4159 2829 4215 inter
2858 4173 2971 4214 nos
3004 4157 3260 4214 invicem
3292 4159 3548 4224 vocavit,

1891 4253 2098 4322 utpote
2127 4249 2404 4306 eumdem
2435 4248 2725 4303 habentes
2763 4250 2972 4313 Deum,
3003 4245 3408 4317 eumdemque
3433 4246 3551 4318 pri-

1891 4355 2061 4395 mum
2105 4343 2427 4409 parentem,
2473 4335 2750 4392 eamdem
2806 4338 3108 4399 naturam,
3163 4337 3220 4389 et
3270 4333 3549 4392 eamdem

1889 4428 2090 4492 ﬁdem,
2127 4426 2340 4482 eadem
2371 4429 2676 4497 praecepta,
2712 4428 2768 4480 et
2815 4421 3028 4479 eadem
3059 4422 3365 4494 promissa
3398 4438 3545 4495 pras-

1891 4515 2172 4572 miorum.
2206 4515 2344 4570 Vide
2362 4520 2562 4571 autem
2578 4513 2724 4585 quid
2747 4510 3060 4569 addiderit.
3101 4511 3370 4569 Radioem
3402 4529 3549 4571 sane

1891 4605 2069 4661 caedis
2090 4605 2326 4662 incidit:
2347 4605 2444 4676 qui
2476 4603 2635 4659 enim
2661 4603 2741 4660 ita
2759 4617 2884 4659 non
2905 4601 3194 4672 irascitur,
3229 4618 3550 4678 nunquam

1891 4695 1969 4752 ad
1999 4694 2225 4751 eadem
2283 4693 2586 4767 perveniet
2612 4709 2624 4748 :
2662 4692 2812 4749 sicut
2840 4707 3036 4766 neque
3072 4692 3124 4749 is
3150 4693 3256 4766 qui
3284 4695 3548 4754 radicem

1891 4779 2180 4848 amputat,
2211 4790 2450 4832 ramum
2486 4787 2754 4847 unquam
2792 4771 3126 4846 germinare
3157 4773 3329 4831 sinet.

1395 5105 1618 5178 Variae
1655 5105 1985 5178 lectiones
2031 5115 2098 5176 et
2125 5115 2328 5176 notae.

259 5325 372 5398 (57)
388 5295 740 5398 Referuntur
753 5323 883 5382 haec
901 5323 979 5398 ad
1005 5322 1198 5398 Matth.
1218 5339 1270 5398 ξ,
1303 5326 1356 5398 8,
1374 5321 1480 5398 ubi
1509 5321 1779 5380 nonnulli

191 5395 390 5472 legunt
416 5399 622 5472 νεκροὺς
652 5395 886 5472 ἐγείρετε.
935 5395 1047 5453 Sed
1080 5395 1189 5451 ista
1222 5395 1400 5472 lectio
1439 5396 1671 5453 invecta
1696 5399 1781 5452 est

193 5485 228 5526 a
253 5466 706 5541 ’Chrysostomo’,
738 5466 824 5524 vel
857 5472 994 5525 ante
1021 5482 1160 5523 eum
1185 5466 1262 5524 ab
1292 5467 1562 5538 Origene.
1768 5479 1770 5482 '

261 5540 370 5612 (58)
404 5549 598 5614 σαφῶς.
634 5543 694 5596 Β.

1984 5324 2072 5395 59)
2105 5323 2259 5395 αὐτόν
2295 5323 2524 5388 malim,
2566 5321 2654 5380 uti
2683 5320 3001 5380 Hentenius
3028 5319 3265 5378 videtur
3297 5316 3537 5392 legisse.

1986 5391 2076 5451 6ολ
2107 5394 2190 5447 ἐπι
2213 5391 2272 5447 δὲ
2301 5399 2377 5448 τό.
2414 5396 2480 5451 Α.

1985 5465 2073 5537 δι)
2103 5470 2198 5537 μὴ,
2228 5465 2444 5520 omittit
2473 5465 2533 5520 C.

1961 5535 2074 5608 (es)
2103 5535 2296 5592 ἀθλων.
2333 5539 2389 5591 B.

263 5719 362 5791 (zz)
386 5721 613 5791 [Iusque
641 5717 948 5789 relinquit.
981 5717 1200 5789 Hisque
1229 5716 1529 5790 relinquit,
1561 5716 1778 5790 hisque
1805 5715 2078 5772 concedit
2107 5717 2161 5771 et
2190 5713 2492 5787 permittit.
