4170 6452
641 353 740 418 211

714 487 876 543 Vers.
906 482 994 542 22.
1024 481 1367 556 Quicunque
1385 481 1739 540 —-consilio.
1763 481 2041 555 Superius
2053 480 2300 553 quidem
2334 480 2380 533 Α

645 592 803 643 eum,
828 575 931 648 qui
952 579 1185 631 tantum
1209 574 1573 629 irascebatur
1591 571 2011 628 condemnavit
2037 587 2048 623 ε
2076 569 2173 625 hic
2199 585 2301 624 au-

641 670 760 722 tem
797 680 958 728 eum,
984 663 1087 736 qui
1132 662 1210 718 ad
1251 662 1432 718 verba
1468 677 1655 733 usque
1691 661 1975 732 procedit.
2021 661 2171 715 Raca
2201 673 2304 713 au-

639 758 760 812 tem
786 769 903 809 vox
946 757 1037 808 est
1069 751 1374 811 Hebraica.
1423 751 1581 806 idem
1624 748 1969 819 signiﬁcans
2017 745 2177 819 quod
2217 755 2300 801 tu.

642 845 792 900 Cum
844 841 1006 897 enim
1060 840 1334 895 irascitur
1382 839 1687 910 quispiam
1750 838 1809 893 in
1881 837 2149 899 alterum,
2232 851 2302 890 ex

639 930 885 986 nomine
906 929 1106 1000 ipsum
1129 927 1338 982 nolens
1355 926 1678 998 appellare,
1699 926 1866 998 quasi
1894 925 2136 981 nomine
2153 922 2304 978 indi-

648 1033 862 1090 gnum,
919 1016 1049 1072 loco
1109 1014 1371 1070 nominis
1422 1015 1612 1086 ponit,
1659 1021 1742 1079 tu,
1790 1015 1851 1069 in
1904 1013 2143 1084 signum
2204 1013 2306 1067 ira

646 1111 705 1162 et
728 1103 1209 1161 abominationis.
1245 1102 1413 1158 Hunc
1445 1107 1641 1159 autem
1669 1101 2116 1166 condemnavit,
2150 1098 2308 1154 velut

649 1207 1034 1250 communem
1101 1197 1380 1248 naturain
1453 1190 1952 1247 abominantem:
2001 1195 2059 1246 et
2117 1189 2309 1245 senio-

646 1298 782 1339 rum
810 1281 1013 1354 populi
1042 1281 1308 1345 consilio,
1343 1296 1511 1336 reum
1544 1279 1742 1353 ipsum
1773 1279 2096 1342 constituit,
2128 1284 2193 1335 ut
2235 1280 2308 1336 ab

651 1373 736 1429 eis
763 1371 1134 1442 objurgetur.

722 1459 884 1515 Vers.
925 1460 1012 1515 22.
1055 1460 1400 1530 Quicunque
1430 1488 1494 1500 -
1523 1459 1698 1528 ignis.
1737 1458 1903 1512 Hunc
1936 1457 2127 1527 magis
2173 1472 2312 1512 con-

652 1548 977 1614 demnavit,
1004 1552 1206 1621 utpote
1236 1547 1597 1603 auferentem
1629 1563 1666 1602 a
1684 1547 1860 1601 fratre
1884 1551 2166 1610 mentem,
2192 1561 2313 1618 qua

653 1637 730 1693 ab
751 1637 1195 1694 irrationalibus
1218 1636 1542 1692 distamus:
1566 1635 1658 1691 vel
1691 1635 1884 1706 potius
1920 1639 2209 1706 tanquam
2231 1634 2311 1688 in-

644 1725 940 1798 juriosum
971 1731 1181 1782 contra
1210 1725 1410 1781 ﬁdem.
1432 1723 1495 1779 Si
1520 1723 1679 1780 enim
1703 1723 1894 1778 ﬁdelis
1915 1723 2089 1778 frater
2114 1722 2313 1778 fatuus

650 1819 757 1886 est,
790 1820 852 1872 ut
868 1815 965 1871 ille
990 1815 1152 1879 dicit,
1185 1815 1350 1870 fatua
1387 1819 1476 1870 est
1497 1813 1645 1869 ﬁdes
1672 1813 1822 1884 ejus.

726 1903 827 1958 Hic
843 1909 1036 1959 autem
1048 1902 1313 1974 primum
1341 1901 1753 1958 manifestatur
1778 1916 1992 1956 nomen
2021 1899 2313 1970 gehennae

655 1991 834 2062 ignis.
860 1993 1020 2046 Hanc
1056 2005 1200 2046 vero
1233 1989 1572 2059 gehennam
1593 1990 1787 2046 vocari
1815 1991 2015 2044 dicunt
2040 1990 2310 2062 quidam,

654 2079 833 2152 quasi
855 2094 1086 2151 semper
1113 2086 1388 2149 γεννῶσαν,
1414 2078 1471 2133 id
1502 2084 1608 2143 est,
1663 2082 2047 2148 generantem
2089 2078 2311 2146 ignem.

656 2167 766 2224 Alii
789 2183 925 2224 vero
949 2167 1294 2224 Hebraicum
1315 2182 1534 2222 nomen
1558 2168 1778 2236 dicunt,
1807 2167 2155 2236 hujusmodi
2177 2182 2317 2236 sup-

655 2257 901 2330 plicium
924 2257 1291 2327 signiﬁcans.
1321 2255 1378 2311 Si
1404 2255 1583 2326 igitur
1603 2256 1714 2311 has
1743 2271 1878 2328 quae
1911 2271 1946 2310 a
1970 2254 2316 2309 nobisleves

651 2346 1014 2418 judicantur,
1042 2345 1291 2417 injurias
1312 2345 1390 2400 ita
1415 2344 1665 2416 punivit,
1689 2360 1808 2415 qua
1824 2343 2318 2398 condemnatione

641 2434 824 2504 'digni
845 2450 1076 2500 sumus,
1108 2434 1214 2506 qui
1240 2448 1452 2502 graves
1481 2437 1683 2488 contra
1713 2432 1922 2488 fratres
1955 2431 2321 2487 incessanter

659 2521 1406 2593 effundimus'PEasitaque
1419 2537 1554 2592 quae
1571 2521 1731 2576 leves
1756 2520 2052 2586 videntur,
2080 2526 2322 2592 propter

634 2626 875 2680 ‘graves
904 2610 1156 2682 punivit,
1194 2614 1254 2664 ut
1277 2610 1408 2664 illas
1434 2608 1734 2664 timendas
1750 2609 2109 2678 judicantes,
2141 2609 2323 2666 duca-

668 2714 807 2754 mus
837 2699 948 2754 has
990 2696 1528 2765 formidabiliores;
1564 2701 1690 2753 tum
1736 2698 1914 2753 etiam
1965 2698 2110 2769 quia
2143 2698 2322 2754 iratos

639 2807 645 2812 ·
669 2801 786 2842 non
812 2801 1052 2856 magna
1069 2785 1262 2841 solum
1283 2786 1538 2857 injuria,
1568 2786 1672 2841 sed
1701 2791 1758 2842 et
1777 2801 1969 2858 parm
1988 2786 2323 2860 frequenter

671 2876 750 2933 ad
795 2875 990 2932 caedes
1029 2881 1376 2948 provocant,
1420 2875 1572 2931 iram
1603 2875 1681 2931 ad
1737 2876 2008 2934 scintillas
2071 2878 2323 2932 modum

671 2964 1086 3022 accendentes.

741 3056 904 3110 Vers.
932 3057 1020 3110 23.
1047 3053 1113 3110 Si
1150 3085 1217 3095 —
1248 3054 1314 3110 V.
1346 3057 1434 3110 24.
1467 3055 1685 3111 Munus
1717 3061 1905 3110 tuum.
1940 3056 2150 3111 Omnia
2189 3071 2324 3128 quas

643 3144 946 3216 'superius
983 3144 1146 3210 dixit,
1190 3148 1244 3200 et
1279 3160 1410 3217 quas
1443 3160 1603 3200 nunc
1632 3145 1788 3208 dicit,
1821 3161 2077 3217 quasque
2117 3151 2326 3217 postea

669 3233 934 3289 dicturus
956 3235 1060 3299 est,
1091 3232 1166 3289 de
1203 3233 1517 3289 dilectione
1565 3238 1722 3298 sunt,
1755 3249 1940 3305 quam
1999 3233 2328 3306 frequenter

669 3322 854 3396 ponit,
888 3337 958 3379 ac
997 3322 1397 3379 diversimode
1440 3322 1670 3386 laudat,
1724 3323 1872 3378 sicut
1903 3323 1961 3378 in
2009 3339 2326 3394 progressu

666 3413 882 3485 saepius
924 3413 1314 3469 inveniemus.
1363 3413 1514 3469 Cum
1552 3413 1712 3468 enim
1742 3417 1901 3468 esset
1928 3416 2098 3478 Deus,
2144 3413 2327 3469 nostri

667 3517 872 3560 amore
895 3502 1079 3558 homo
1101 3502 1296 3558 factus
1325 3506 1430 3568 est,
1453 3502 1774 3572 omniaque
1801 3516 2038 3573 passus.
2073 3507 2200 3558 utet
2218 3518 2326 3557 nos

669 3592 883 3656 Deum,
914 3607 978 3645 ac
1001 3606 1112 3645 nos
1155 3590 1414 3645 invicem
1456 3604 1824 3654 amarcmus,
1853 3594 1911 3645 et
1943 3605 2047 3661 per
2067 3589 2328 3646 dilectio-

667 3695 810 3735 nem
835 3678 1010 3733 nobis
1032 3682 1242 3733 mutuo
1277 3676 1720 3745 colligaremur,
1773 3693 2082 3749 unumque
2118 3694 2328 3751 corpus

670 3767 1066 3831 efﬁceremur,
1120 3771 1301 3836 caput
1359 3765 1650 3821 habentes
1702 3765 2017 3822 Christum.
2085 3767 2328 3840 Ideoque

668 3869 888 3928 pugnae
902 3868 1118 3910 nervos
1133 3853 1478 3926 praecidens,
1499 3869 1634 3926 quas
1664 3854 2035 3911 dilectionem
2060 3872 2330 3914 corrum-

672 3947 842 4015 punt,
870 3941 1083 3998 aufert.
1112 3941 1434 3998 Considera
1458 3957 1600 4013 ergo
1633 3944 1856 4000 amoris
1881 3960 2024 4014 erga
2052 3944 2327 4001 homines

671 4029 1169 4104 magnitudinem.
1205 4031 1779 4104 Despicithonorem,
1806 4033 1909 4106 qui
1943 4035 2056 4088 sibi
2089 4035 2326 4091 exhibe-

671 4124 765 4176 tur
801 4135 923 4193 prae
953 4134 1160 4176 amore
1180 4135 1319 4190 erga
1351 4119 1609 4187 fratrem,
1640 4127 1872 4177 tantum
1909 4138 2029 4178 non
2080 4122 2319 4178 dicens:

668 4209 982 4267 Auferatur
1021 4209 1269 4266 servitus
1307 4225 1460 4276 mea,
1495 4214 1554 4266 ut
1595 4215 1656 4266 tu
1693 4211 1854 4267 fratri
1886 4211 2324 4277 reconcilieris;

667 4315 810 4357 nam
861 4299 1220 4356 sacriﬁcium
1273 4299 1450 4356 etiam
1492 4303 1581 4354 est
1631 4315 1773 4370 erga
1822 4299 2063 4357 fratrem
2118 4317 2328 4357 recon-

665 4389 908 4454 ciliatio,
949 4404 1140 4460 neque
1168 4387 1329 4444 illam
1363 4388 1594 4460 absque
1621 4387 1735 4444 hac
1776 4391 2034 4462 suscipit.

737 4481 934 4532 Restat
963 4477 1160 4546 igitur,
1183 4483 1248 4532 ut
1271 4477 1394 4532 sive
1425 4475 1632 4533 laudes
1653 4477 1770 4532 Deo
1797 4479 2028 4543 reddas,
2067 4479 2186 4534 sive
2209 4494 2325 4533 ora-

668 4564 889 4620 tionem
919 4563 1240 4636 (siquidem
1287 4565 1466 4621 etiam
1497 4565 1624 4620 hinc
1670 4565 1950 4622 sacrificia
1981 4569 2155 4636 sunt),
2205 4567 2327 4624 sive

669 4650 834 4708 aliud
865 4651 1290 4724 quodcunque,
1321 4669 1387 4707 ne
1417 4653 1688 4724 proferas
1717 4653 1836 4718 illa,
1864 4654 2034 4710 fratri
2072 4660 2171 4711 tuo
2194 4655 2325 4712 irre-

670 4738 1038 4806 conciliatus,
1074 4740 1267 4796 sciens
1292 4742 1454 4814 quod
1484 4741 1630 4798 nihil
1661 4741 1878 4797 horum
1915 4745 1986 4797 sit
2020 4749 2327 4816 susceptu-

666 4844 790 4895 rus,
823 4828 938 4884 nisi
974 4829 1137 4900 prius
1166 4829 1577 4885 reconcilieris.
1608 4833 1810 4886 Fertur
1862 4837 2062 4888 autem
2098 4832 2325 4888 indiﬂe-

667 4922 864 4974 renter
885 4922 1171 4982 sermo,et
1190 4915 1268 4974 ad
1290 4933 1427 4974 eum
1442 4918 1544 4990 qui
1562 4917 1804 4974 aﬂ‘ectus
1822 4925 1904 4976 est
1931 4921 1984 4974 in
2008 4921 2246 4992 injuria,
2270 4926 2326 4978 et

668 5006 749 5062 ad
778 5021 918 5063 eum
947 5007 1050 5079 qui
1091 5005 1372 5078 injuriam
1397 5006 1702 5076 irrogavit.
1735 5011 1797 5063 Et
1821 5010 1867 5064 si
1893 5011 2135 5082 quidem
2171 5011 2322 5066 male

668 5111 880 5167 passus
919 5111 1002 5160 es,
1030 5095 1312 5166 injuriam
1342 5095 1425 5151 illi
1478 5095 1734 5166 remitte,
1783 5102 1840 5152 et
1872 5099 2106 5169 patiens
2154 5104 2318 5163 esto;

665 5184 834 5259 quod
846 5184 894 5240 si
915 5185 1198 5257 injuriam
1213 5183 1509 5258 irrogasti,
1530 5185 1769 5242 medere
1782 5185 2035 5258 injuriae,
2056 5187 2322 5261 nihilque

1960 351 2309 413 EUTHYMII
2348 348 2678 409 ZIGABENI

2362 4521 2408 4576 D

3980 358 4074 412 212

2480 475 2571 538 ’ος
2616 508 2685 518 --
2725 472 3004 550 συνεδρίῳ.
3054 474 3325 549 Ἀνωτίρω
3373 477 3463 550 μὶν
3491 479 3579 530 τὸν
3645 476 3872 550 ψιλῶς
3941 480 4074 556 ὄργιο

2413 567 2624 638 ζόμενον
2679 569 2973 640 κατέκρινεν
3020 585 3034 600 ο
3091 563 3312 618 ενταῦθα
3377 563 3457 636 δι,
3537 569 3622 618 τὸν
3709 573 3830 620 καὶ
3915 575 4072 643 μέχρι

2409 657 2566 726 λόγου
2621 659 2890 729 προϊόντα.
2944 653 3016 709 Τὸ
3063 655 3201 729 ῥακά
3257 651 3335 723 δέ,
3393 654 3636 714 Ἑϐραῖκή
3705 657 3854 710 ἐστι
3914 681 4070 732 φωντ.

2414 741 2654 803 δηλοῦσα
2685 747 2767 808 τὸ,
2802 743 2888 798 σύ.
2926 743 3067 797 Ἐπεὶ
3105 746 3208 816 γάρ
3255 744 3588 819 ὀργιζόμενός
3632 765 3738 808 τις
3793 753 3961 800 κατά
4008 770 4071 801 τι·

2411 853 2494 896 νος
2525 832 2620 886 οὐκ
2660 831 2799 895 ἀξιοῖ
2826 832 3044 885 καλέσαι
3085 839 3267 886 τοῦτον
3305 832 3360 897 ἐξ
3387 832 3660 906 ὀνόματος,
3727 839 3818 898 ὡς
3861 835 4069 900 ἀνάξιον

2413 923 2662 994 ὀνόματος
2704 939 2717 952 '
2774 920 2884 974 ἀντὶ
2955 920 3207 993 ὀνόματος
3277 919 3338 975 δί
3391 926 3450 974 τὸ
3513 927 3576 975 σὺ
3643 926 3937 993 τίθησιν,
4013 932 4069 985 εὶς

2415 1007 2664 1083 ἔνδειγμα
2709 1018 2801 1071 τῆς
2859 1011 3017 1083 ὀργῆς
3069 1015 3160 1063 καὶ
3215 1008 3505 1083 βδελύξεως
3547 1031 3559 1042 ο
3607 1018 3935 1087 κατέκρινε
3994 1022 4067 1068 καὶ
4126 1041 4127 1092 1

2415 1106 2617 1167 τοῦτον,
2686 1101 2753 1160 ὡς
2802 1103 2897 1158 τὴν
2963 1102 3141 1158 κοινήν
3209 1101 3363 1172 φύσιν
3421 1097 3922 1175 βδελυσσόμενον,
3993 1111 4066 1156 καὶ

2417 1191 2596 1261 ἔνοχον
2667 1188 2823 1240 αὐτὸν
2879 1196 2950 1260 τῷ
3016 1184 3273 1262 συνεδρίῳ
3339 1198 3438 1242 τῶν
3493 1190 3910 1266 πρεσϐῡτέρων

2417 1278 2543 1331 λαοῦ
2567 1282 2910 1347 κατέστησεν,
2931 1278 3004 1341 εἰς
3033 1280 3092 1331 τὸ
3123 1277 3246 1351 παρ’
3270 1278 3442 1332 αὐτῶν
3468 1278 3687 1352 ἕπιτιμη
3699 1283 3923 1342 θῆναι.

2489 1455 2584 1518 ὀς
2638 1487 2707 1496 --
2758 1460 2947 1528 πυρός.
3029 1463 3221 1510 Τοῦτον
3292 1457 3526 1530 μεγάλως
3588 1464 3954 1536 κατέκριναν,
4006 1468 4058 1521 ὡς

2421 1544 2794 1619 ἀφαιρούμενον
2846 1544 2950 1599 ἀπὸ
3011 1552 3106 1598 τοῦ
3155 1541 3380 1618 ἀδελφοῦ
3433 1551 3528 1605 τήν
3576 1551 3890 1620 φρόνησιν,
3949 1552 4055 1602 καθ’

2423 1633 2486 1692 ἣν
2542 1641 2641 1685 τῶν
2688 1631 2887 1706 ἀλόγων
2940 1631 3272 1708 διαφέρομεν,
3327 1637 3357 1694 ἦ
3412 1635 3625 1708 μᾶλλον,
3675 1639 3756 1700 ὡς
3828 1640 3914 1703 εἰς
3969 1648 4050 1697 τὴν

2422 1726 2601 1775 πίστιν
2653 1721 2958 1798 ὑϐρίζοντα.
3002 1723 3064 1778 Εἰ
3113 1726 3216 1799 γὰρ
3265 1725 3293 1775 ὁ
3340 1727 3528 1786 πιστὸς
3580 1722 3828 1799 ἀδελφός
3882 1734 4049 1802 μωρὸς

2349 1832 2392 1887 Β
2424 1810 2585 1878 ἐστιν,
2616 1814 2687 1873 ὡς
2717 1811 2868 1873 οὗτός
2907 1831 3058 1884 φησι,
3087 1815 3239 1887 μωρά
3268 1819 3356 1864 καὶ
3386 1816 3416 1871 ἠ
3445 1818 3623 1875 πίστις
3648 1815 3855 1876 αὐτοῦ,

2497 1901 2746 1954 Ἐνταῦθα
2792 1897 2853 1954 δι
2895 1910 3100 1976 πρῶτον
3149 1900 3352 1975 ἐξέφηνε
3389 1906 3446 1954 τὸ
3495 1907 3658 1977 ὄνομα
3695 1915 3797 1968 τῆς
3838 1912 4044 1979 γεέννης

2421 1997 2514 2042 τοῦ
2587 1995 2772 2062 πυρός.
2846 1993 3051 2043 Γίενναν
3111 1987 3172 2044 δε
3238 1991 3509 2044 καλεῖσθαι
3583 1996 3786 2053 ταύτην
3863 2002 4036 2068 φασὶν,

2423 2079 2472 2129 οἱ
2523 2080 2634 2150 μὶν,
2688 2081 2752 2139 ὡς
2804 2078 2883 2132 ἀεὶ
2928 2089 3188 2151 γεννῶσαν
3243 2083 3304 2133 τό
3355 2089 3459 2156 πῦρ
3495 2099 3506 2111 ·
3559 2085 3607 2134 οἱ
3651 2079 3712 2136 δε
3762 2084 4035 2157 Ἐϐραὶκόν

2425 2171 2586 2239 ὄνομα
2635 2174 2789 2221 τοῦτο
2825 2168 3058 2241 λέγουσι,
3115 2167 3309 2228 δηλοῦν
3355 2175 3451 2228 τὴν
3502 2175 3747 2230 τοιαύτην
3788 2175 4027 2228 κόλασιν.

2424 2255 2486 2309 Εἰ
2540 2260 2712 2308 τοίνυν
2759 2260 2853 2320 τάς
2905 2254 3166 2320 δοκούσας
3214 2259 3339 2332 παρ’
3409 2261 3534 2332 ἡμῖν
3583 2259 3794 2335 ἐλαφρὰς
3851 2261 4029 2332 ὕϐρεις

2427 2345 2587 2405 οὕτως
2625 2343 2859 2415 ἐκόλασε,
2901 2352 3056 2409 ποίας
3104 2346 3256 2420 ἔσμεν
3300 2347 3439 2412 ἄξιοι
3488 2347 3777 2416 καταδίκης,
3817 2352 3873 2398 οἱ
3914 2351 4010 2407 τάς

2430 2431 2647 2506 βαρείας
2716 2436 2852 2487 κατά
2917 2443 3018 2486 τῶν
3102 2432 3337 2507 ἀδελφῶν
3414 2435 3629 2508 ἀφειδῶς
3697 2436 4010 2507 ἐκχέοντεςς

2429 2520 2702 2574 Ἐκόλασεν
2755 2518 2842 2574 οὖν
2895 2525 2984 2584 τὰς
3037 2520 3300 2586 δοκούσας
3352 2523 3588 2599 ἇλαφράς,
3648 2523 3733 2578 διὰ
3777 2527 3873 2587 τὰς
3925 2523 4024 2597 βαι

2430 2615 2590 2684 ρείας,
2652 2612 2734 2662 ἵνα
2780 2613 2975 2674 ταύτας
3031 2611 3249 2686 φοϐερὰς
3303 2619 3587 2680 κρίνοντες,
3640 2614 3824 2676 ἐκείνας
3875 2613 4023 2686 φοϐε-

2429 2702 2653 2774 ρωτέρας
2703 2703 3012 2772 νομίζωμεν.
3056 2699 3250 2762 ’Ἄλλως
3297 2720 3352 2754 τε
3389 2708 3498 2773 καὶ,
3556 2701 3698 2756 διότι
3733 2711 3834 2763 τοῖς
3880 2703 4024 2776 ὀργι-

2435 2791 2667 2860 ζομένοις
2705 2789 2764 2840 οὐ
2795 2795 2949 2860 μόνον
2989 2791 3044 2842 αἰ
3077 2790 3298 2862 μεγάλαι
3326 2790 3520 2864 ὕϐρεις,
3553 2791 3684 2844 ἀλλά
3727 2799 3814 2844 καὶ
3843 2795 3899 2844 αἱ
3935 2811 4022 2864 με·

2431 2883 2578 2949 ρικαὶ
2630 2878 2746 2950 (63)
2790 2883 2973 2950 φόνους
3011 2878 3320 2951 ἐξαρτύουσι
3357 2880 3622 2946 πολλάκις,
3687 2879 3842 2939 δίκην
3885 2900 4025 2935 σπιν-

2436 2967 2592 3038 θῆρος
2623 2965 2944 3028 ἕξάπτουσαι
2978 2972 3071 3027 τὴν
3104 2969 3287 3043 ὀργήν.

2507 3053 2643 3107 Ἐὰν
2681 3086 2750 3095 -
2787 3052 2955 3131 δῶρόν
2997 3076 3112 3112 σου.
3157 3060 3353 3127 Πάντα,
3399 3060 3501 3112 ὅσα
3535 3077 3591 3112 τε
3630 3059 3868 3135 ἀνωτέρω
3907 3058 4022 3125 εἶπε,

2363 3187 2404 3244 C
2434 3148 2525 3196 καὶ
2568 3146 2670 3196 ὅσα
2716 3152 2804 3196 νῦν
2849 3144 3003 3218 λίγει,
3053 3151 3143 3198 καὶ
3194 3148 3294 3201 ὅσα
3345 3151 3478 3220 μετὰ
3524 3156 3676 3200 τοῦτο
3731 3148 3855 3221 ἐρεῖ,
3913 3152 4021 3222 ὑπὲρ

2437 3232 2640 3304 ἀγάπης
2689 3233 2842 3303 εἰσὶν,
2897 3233 2959 3292 ἣν
3006 3235 3236 3307 μάλιστα
3281 3241 3400 3310 περὶ
3439 3235 3629 3290 πολλοῦ
3671 3241 3898 3309 τίθεται,
3949 3242 4020 3290 καὶ

2439 3318 2784 3396 διαφερόντως
2861 3321 3074 3389 ἐπαινεῖ,
3147 3328 3212 3385 ὡς
3290 3324 3338 3376 ἕν
3419 3326 3625 3388 πολλοῖς
3680 3326 4023 3401 προϐαίνοπες

2438 3412 2742 3483 εὑρήσομεν.
2804 3417 2935 3474 Θεὸς
2985 3416 3088 3486 γὰρ
3139 3414 3229 3480 ὡν,
3302 3415 3517 3485 ἀγαπῶν
3576 3418 3734 3488 ἡμᾶς,
3792 3419 4020 3488 ἄνηνθρώο

2437 3518 2592 3569 πησε,
2649 3504 2736 3552 καὶ
2766 3502 2936 3554 πάντα
2963 3504 3229 3570 πέπονθεν,
3280 3504 3363 3556 ἵνα
3392 3509 3482 3558 καὶ
3511 3506 3656 3576 ἡμεῖς
3707 3509 3798 3557 τὸν
3830 3511 3946 3559 Θεὸν
3979 3521 4019 3554 τε

2436 3594 2526 3641 καὶ
2575 3587 2784 3650 ἑαυτοὺς
2827 3588 3128 3664 ἀγαπῶμεν,
3176 3597 3265 3644 καὶ
3302 3589 3396 3644 διὰ
3446 3601 3537 3654 τῆς
3581 3597 3795 3666 ἀγάπης
3851 3590 4020 3648 συνδε-

2441 3679 2602 3750 θῶμεν
2676 3676 2935 3744 ἀλλήλοις,
2985 3684 3076 3732 καὶ
3151 3683 3416 3754 γενώμεθα
3471 3681 3523 3734 ἓν
3581 3691 3754 3755 σῶμα,
3819 3683 4014 3754 κεφαλὴν

2437 3768 2648 3838 ἔχοντες
2676 3770 2830 3820 αὐτὸν
2878 3773 2963 3822 τὸν
2995 3773 3246 3845 Χριστόν.
3279 3773 3368 3824 Διὸ
3405 3775 3496 3823 καὶ
3533 3779 3737 3845 πρῶτον
3787 3776 3857 3825 τὰ
3878 3777 4015 3844 νεῦρα

2437 3864 2529 3916 τῆς
2584 3857 2765 3928 μάχης
2837 3858 3156 3930 ὑποτίμνων,
3212 3859 3280 3911 τὰ
3333 3859 3624 3933 λυμαντικά
3677 3869 3771 3922 τῆς
3833 3861 4021 3932 ἀγάπης

2437 3943 2703 3998 ἀπέλαυνε.
2769 3949 2869 3999 Καὶ
2913 3947 3011 4019 ὅρα
3058 3948 3442 4020 φιλανθρωπίας
3493 3948 3800 4022 ὑπερϐολήν,
3866 3957 4026 4004 Κατα-

2438 4041 2612 4106 φρονεῖ
2655 4041 2751 4096 τῆς
2812 4036 2882 4095 εἱς
2937 4035 3094 4088 αὑτὸν
3140 4044 3317 4109 τιμῆς,
3371 4039 3498 4111 ὑπερ
3553 4047 3646 4100 τῆς
3701 4038 3773 4100 εἰς
3825 4036 4028 4110 ἀδελφὸν

2437 4121 2668 4194 ἀγάπης,
2739 4129 3024 4196 μονονουχὶ
3105 4124 3264 4198 λέγων
3308 4143 3321 4157 ο
3390 4125 3756 4198 Ἐγκοπτεσθω
3829 4130 3863 4186 ἠ
3949 4130 4027 4200 ἐμή

2437 4211 2668 4286 λατρεία,
2707 4212 2790 4264 ἶνα
2827 4215 2886 4264 οὺ
2919 4209 3203 4286 διαλλαγῇς
3240 4218 3371 4288 πρὸς
3400 4218 3486 4268 τὸν
3523 4213 3739 4288 ἀδελφόν
3779 4235 3901 4273 σου.
3951 4220 4032 4272 Καὶ

2436 4303 2538 4373 γὰρ
2573 4302 2733 4353 θυσίὰ
2762 4299 2876 4353 ἐστὶ
2914 4307 3002 4355 καὶ
3034 4304 3065 4360 ἠ
3113 4305 3245 4377 πρὸς
3300 4307 3387 4356 τὸν
3442 4301 3660 4377 ἀδελφὸν
3711 4306 4032 4378 καταλλαγὴ,

2437 4394 2527 4441 καὶ
2557 4394 2724 4464 χωρὶς
2754 4389 2945 4451 ταύτης
2973 4387 3096 4444 οὐδὶ
3127 4390 3322 4450 ἕκείνην
3352 4390 3731 4468 προσδέχεται.

2510 4483 2706 4531 Λοιπὸν
2741 4475 2850 4543 οὖν,
2881 4478 2975 4531 κᾶν
3013 4479 3169 4552 ὕμνον
3217 4483 3495 4555 προσάγῃς
3521 4487 3653 4554 Θεῷ,
3704 4482 3798 4535 κᾶν
3854 4485 4034 4555 εὐχήν,

2436 4572 2525 4619 καὶ
2578 4573 2744 4621 ταῦτα
2793 4569 2894 4642 γάρ
2945 4571 3106 4620 θυσία
3158 4568 3270 4622 ἔστι
3302 4588 3316 4604 ο
3350 4568 3444 4623 κᾶν
3497 4573 3668 4624 ὁτιοῦν
3721 4573 3912 4646 ἕτερον,
3970 4578 4033 4646 μή

2435 4654 2821 4717 ἀκατάλλακτος
2872 4664 3038 4709 ταῦτα
3106 4661 3468 4734 προσαγάγῃς,
3521 4657 3694 4730 εἰδὼς,
3754 4664 3831 4714 ὅτι
3888 4659 4036 4715 οὐδεν

2434 4741 2781 4817 προσδέξεται
2809 4749 3024 4806 τούτων,
3061 4747 3104 4800 εί
3133 4752 3204 4819 μὴ
3256 4757 3457 4822 πρῶτον
3509 4746 3813 4822 διαλλαγῇς.
3868 4748 3968 4802 Ἀδ
3975 4771 4038 4803 ιο-

2433 4839 2624 4903 ρίστως
2682 4831 2742 4887 δὲ
2799 4839 2885 4886 καὶ
2940 4839 3067 4909 πρὸς
3120 4839 3205 4889 τὸν
3255 4835 3589 4896 ἀδικήσαντα
3650 4840 3675 4890 ὁ
3730 4839 3902 4911 λόγος,
3954 4845 4039 4892 καὶ

2433 4926 2561 4994 πρὸς
2615 4926 2700 4975 τὸν
2749 4931 2924 4984 κακῶς
2967 4928 3276 4978 πεπονθότα.
3343 4931 3443 4978 Καὶ
3501 4927 3545 4978 εἰ
3599 4931 3687 4982 μὲν
3735 4937 3910 4991 κακῶς
3949 4936 4032 4982 πέ-

2387 5071 2394 5077 _
2433 5013 2644 5080 πονθας,
2677 5013 2799 5084 ἄφες
2831 5012 2970 5084 αὐτῷ
3007 5018 3098 5072 τὴν
3131 5011 3362 5076 ἀδικίαν,
3412 5020 3500 5067 καὶ
3554 5021 3997 5089 συγγνωμόνησον
4026 5036 4035 5046 ’

2432 5101 2474 5152 εἰ
2530 5097 2588 5152 δὲ
2645 5098 2935 5169 ἠδίκησας,
2991 5104 3304 5176 θεράπευσον
3349 5108 3442 5162 τὴν
3491 5100 3726 5167 ἀδικίαν,
3784 5111 3873 5157 καὶ

2430 5185 2596 5262 μηδὲν
2675 5188 2935 5262 ἐλλείψῃς,
3011 5193 3113 5244 ὅσα
3191 5195 3318 5268 πρὸς
3394 5193 3718 5268 καταλλαγὴν
3778 5198 4035 5268 φίρουσιν.

1960 5393 2183 5463 Variae
2221 5394 2552 5464 lectiones
2609 5405 2675 5464 et
2715 5405 2921 5466 notae.

889 5618 1104 5696 μερικαὶ
1165 5629 1306 5696 non_
1339 5618 1494 5696 recte
1553 5617 1877 5696 opponitur
1930 5629 2002 5671 τῶ
2077 5623 2318 5693 μεγάλαι.

658 5685 977 5742 Hentenius
1002 5701 1230 5756 parva.
1264 5686 1434 5745 Forte
1468 5685 1615 5759 ergo
1637 5685 1794 5760 legit
1822 5697 2008 5766 μικραί

2505 5621 3040 5700 (φλᾷρςῌιςθῃξὶιιε
3073 5621 3199 5679 haec
3241 5623 3457 5700 scripta
3487 5631 3644 5693 sunt,
3699 5627 4038 5700 θεράπευσον-

2432 5690 2605 5764 μηδὲν
2625 5692 2828 5766 ἐλλείψῃ
2841 5715 2883 5764 ς,
2916 5695 3038 5749 ὅσα.
