  <div class='ocr_page' id='page_1' title='image "/cluster/home/n/w/nwhite01/storage/ocr_20150623/129/hvd.32044019208511/116.png"; bbox 0 0 4170 6504; ppageno 0'>
   <div class='ocr_carea' id='block_1_1' title="bbox 108 374 270 432">
    <p class='ocr_par' dir='ltr' id='par_1_1' title="bbox 108 374 270 432">
     <span class='ocr_line' id='line_1_1' title="bbox 108 374 270 432; baseline 0.006 -1"><span class='ocrx_word' id='word_1_1' title='bbox 108 374 270 432; x_wconf 77' lang='lat'><strong>213</strong></span> 
     </span>
    </p>
   </div>
   <div class='ocr_carea' id='block_1_2' title="bbox 1309 373 2656 435">
    <p class='ocr_par' dir='ltr' id='par_1_2' title="bbox 1309 373 2656 435">
     <span class='ocr_line' id='line_1_2' title="bbox 1309 373 2656 435; baseline -0.001 -3"><span class='ocrx_word' id='word_1_2' title='bbox 1309 373 1672 433; x_wconf 87' lang='lat' dir='ltr'><strong>COMMENT.</strong></span> <span class='ocrx_word' id='word_1_3' title='bbox 1713 376 1786 432; x_wconf 89' lang='lat' dir='ltr'><strong>IN</strong></span> <span class='ocrx_word' id='word_1_4' title='bbox 1825 375 2253 435; x_wconf 72' lang='grc' dir='ltr'><strong>ΜΛΤΤΗιλΕυΜ.</strong></span> <span class='ocrx_word' id='word_1_5' title='bbox 2291 406 2359 417; x_wconf 93' lang='grc'><strong><em>-</em></strong></span> <span class='ocrx_word' id='word_1_6' title='bbox 2389 375 2542 432; x_wconf 86' lang='lat' dir='ltr'><strong>CAP.</strong></span> <span class='ocrx_word' id='word_1_7' title='bbox 2583 373 2656 432; x_wconf 89' lang='lat' dir='ltr'><strong>V.</strong></span> 
     </span>
    </p>
   </div>
   <div class='ocr_carea' id='block_1_3' title="bbox 3528 369 3633 428">
    <p class='ocr_par' dir='ltr' id='par_1_3' title="bbox 3528 369 3633 428">
     <span class='ocr_line' id='line_1_3' title="bbox 3528 369 3633 428; baseline 0.019 -2"><span class='ocrx_word' id='word_1_8' title='bbox 3528 369 3633 428; x_wconf 71' lang='lat' dir='ltr'><strong>2M</strong></span> 
     </span>
    </p>
   </div>
   <div class='ocr_carea' id='block_1_4' title="bbox 122 495 1857 577">
    <p class='ocr_par' dir='ltr' id='par_1_4' title="bbox 122 498 1857 576">
     <span class='ocr_line' id='line_1_4' title="bbox 122 498 1857 576; baseline 0 -20"><span class='ocrx_word' id='word_1_9' title='bbox 122 498 270 556; x_wconf 76' lang='grc' dir='ltr'><strong><em>Ἐδ</em></strong></span> <span class='ocrx_word' id='word_1_10' title='bbox 285 500 508 568; x_wconf 72' lang='grc' dir='ltr'><strong><em>ἰδαξε</em></strong></span> <span class='ocrx_word' id='word_1_11' title='bbox 549 507 739 573; x_wconf 82' lang='grc' dir='ltr'><strong>τοίνυν,</strong></span> <span class='ocrx_word' id='word_1_12' title='bbox 771 505 851 556; x_wconf 84' lang='grc' dir='ltr'><strong><em>ὅτι</em></strong></span> <span class='ocrx_word' id='word_1_13' title='bbox 879 503 939 555; x_wconf 84' lang='grc' dir='ltr'><strong>οὗ</strong></span> <span class='ocrx_word' id='word_1_14' title='bbox 969 504 999 561; x_wconf 82' lang='grc' dir='ltr'><strong>ἠ</strong></span> <span class='ocrx_word' id='word_1_15' title='bbox 1054 503 1216 554; x_wconf 83' lang='grc' dir='ltr'><strong>θυσία</strong></span> <span class='ocrx_word' id='word_1_16' title='bbox 1266 498 1337 554; x_wconf 81' lang='grc' dir='ltr'><strong><em>δι’</em></strong></span> <span class='ocrx_word' id='word_1_17' title='bbox 1367 503 1565 575; x_wconf 76' lang='grc' dir='ltr'><strong><em>ἔχθραν</em></strong></span> <span class='ocrx_word' id='word_1_18' title='bbox 1604 499 1857 576; x_wconf 76' lang='grc' dir='ltr'><strong><em>ἁπρόσδε-</em></strong></span> 
     </span>
    </p>
   </div>
   <div class='ocr_carea' id='block_1_5' title="bbox 1971 495 3624 577">
    <p class='ocr_par' dir='ltr' id='par_1_5' title="bbox 1971 495 3624 577">
     <span class='ocr_line' id='line_1_5' title="bbox 1971 495 3624 577; baseline -0.003 -19"><span class='ocrx_word' id='word_1_19' title='bbox 1971 502 2266 577; x_wconf 83' lang='lat' dir='ltr'><strong>relinquas</strong></span> <span class='ocrx_word' id='word_1_20' title='bbox 2295 517 2504 558; x_wconf 85' lang='lat' dir='ltr'><strong>eorum</strong></span> <span class='ocrx_word' id='word_1_21' title='bbox 2533 517 2669 574; x_wconf 64' lang='lat' dir='ltr'><strong>quas</strong></span> <span class='ocrx_word' id='word_1_22' title='bbox 2699 499 2777 556; x_wconf 89' lang='lat' dir='ltr'><strong>ad</strong></span> <span class='ocrx_word' id='word_1_23' title='bbox 2797 497 3348 556; x_wconf 81' lang='lat' dir='ltr'><strong>reconciliationem</strong></span> <span class='ocrx_word' id='word_1_24' title='bbox 3373 495 3624 554; x_wconf 78' lang='lat' dir='ltr'><strong>faciunt.</strong></span> 
     </span>
    </p>
   </div>
   <div class='ocr_carea' id='block_1_6' title="bbox 138 587 1857 665">
    <p class='ocr_par' dir='ltr' id='par_1_6' title="bbox 138 587 1857 665">
     <span class='ocr_line' id='line_1_6' title="bbox 138 587 1857 665; baseline 0.003 -22"><span class='ocrx_word' id='word_1_25' title='bbox 138 611 355 656; x_wconf 73' lang='grc' dir='ltr'><strong><em>χτος,</em></strong></span> <span class='ocrx_word' id='word_1_26' title='bbox 400 597 623 648; x_wconf 85' lang='grc' dir='ltr'><strong><em>τούτου</em></strong></span> <span class='ocrx_word' id='word_1_27' title='bbox 657 597 743 646; x_wconf 80' lang='grc' dir='ltr'><strong><em>καὶ</em></strong></span> <span class='ocrx_word' id='word_1_28' title='bbox 769 594 794 646; x_wconf 90' lang='grc' dir='ltr'><strong>ό</strong></span> <span class='ocrx_word' id='word_1_29' title='bbox 825 591 942 665; x_wconf 81' lang='grc' dir='ltr'><strong><em>βίος</em></strong></span> <span class='ocrx_word' id='word_1_30' title='bbox 971 591 1110 654; x_wconf 79' lang='grc' dir='ltr'><strong><em>ἄπας</em></strong></span> <span class='ocrx_word' id='word_1_31' title='bbox 1141 587 1432 664; x_wconf 83' lang='grc' dir='ltr'><strong><em>βδελυκτός</em></strong></span> <span class='ocrx_word' id='word_1_32' title='bbox 1461 591 1575 645; x_wconf 72' lang='grc' dir='ltr'><strong><em>ἐστι</em></strong></span> <span class='ocrx_word' id='word_1_33' title='bbox 1610 599 1682 663; x_wconf 84' lang='grc' dir='ltr'><strong>τῷ</strong></span> <span class='ocrx_word' id='word_1_34' title='bbox 1724 599 1857 664; x_wconf 83' lang='grc' dir='ltr'><strong>Θεῷ.</strong></span> 
     </span>
    </p>
   </div>
   <div class='ocr_carea' id='block_1_7' title="bbox 263 838 1864 917">
    <p class='ocr_par' dir='ltr' id='par_1_7' title="bbox 263 838 1864 917">
     <span class='ocr_line' id='line_1_7' title="bbox 263 838 1864 917; baseline -0.001 -21"><span class='ocrx_word' id='word_1_35' title='bbox 263 848 327 896; x_wconf 87' lang='grc' dir='ltr'>Ἴ</span> <span class='ocrx_word' id='word_1_36' title='bbox 336 846 465 898; x_wconf 84' lang='grc' dir='ltr'><strong>σθε</strong></span> <span class='ocrx_word' id='word_1_37' title='bbox 501 875 570 885; x_wconf 92' lang='grc'><strong><em>-</em></strong></span> <span class='ocrx_word' id='word_1_38' title='bbox 597 839 911 917; x_wconf 76' lang='grc' dir='ltr'><strong>κοδράντην.</strong></span> <span class='ocrx_word' id='word_1_39' title='bbox 943 838 1263 915; x_wconf 82' lang='grc' dir='ltr'><strong><em>[Ἀντίδικόν</em></strong></span> <span class='ocrx_word' id='word_1_40' title='bbox 1295 839 1411 912; x_wconf 84' lang='grc'>(65)</span> <span class='ocrx_word' id='word_1_41' title='bbox 1461 859 1588 901; x_wconf 91' lang='grc' dir='ltr'><strong><em>τινες</em></strong></span> <span class='ocrx_word' id='word_1_42' title='bbox 1631 843 1689 893; x_wconf 89' lang='grc' dir='ltr'><strong>τὸ</strong></span> <span class='ocrx_word' id='word_1_43' title='bbox 1746 861 1864 894; x_wconf 85' lang='grc' dir='ltr'><strong><em>συν-</em></strong></span> 
     </span>
    </p>
   </div>
   <div class='ocr_carea' id='block_1_8' title="bbox 163 928 1862 1004">
    <p class='ocr_par' dir='ltr' id='par_1_8' title="bbox 163 928 1862 1004">
     <span class='ocr_line' id='line_1_8' title="bbox 163 928 1862 1004; baseline -0.002 -19"><span class='ocrx_word' id='word_1_44' title='bbox 163 928 365 995; x_wconf 76' lang='grc' dir='ltr'><strong><em>ειδὸς</em></strong></span> <span class='ocrx_word' id='word_1_45' title='bbox 430 932 679 1004; x_wconf 75' lang='grc' dir='ltr'><strong><em>λέγουσι,</em></strong></span> <span class='ocrx_word' id='word_1_46' title='bbox 721 935 790 994; x_wconf 87' lang='grc' dir='ltr'><strong><em>ὡς</em></strong></span> <span class='ocrx_word' id='word_1_47' title='bbox 838 930 1180 1003; x_wconf 75' lang='grc' dir='ltr'><strong>ἀντικείμενον</strong></span> <span class='ocrx_word' id='word_1_48' title='bbox 1221 928 1299 982; x_wconf 77' lang='grc' dir='ltr'><strong>ἀεὶ</strong></span> <span class='ocrx_word' id='word_1_49' title='bbox 1346 937 1419 1000; x_wconf 86' lang='grc' dir='ltr'><strong><em>τῷ</em></strong></span> <span class='ocrx_word' id='word_1_50' title='bbox 1458 938 1667 1002; x_wconf 81' lang='grc' dir='ltr'><strong>πονηρῷ</strong></span> <span class='ocrx_word' id='word_1_51' title='bbox 1722 931 1862 990; x_wconf 87' lang='grc' dir='ltr'><strong><em>θελή-</em></strong></span> 
     </span>
    </p>
   </div>
   <div class='ocr_carea' id='block_1_9' title="bbox 161 1016 1862 1094">
    <p class='ocr_par' dir='ltr' id='par_1_9' title="bbox 161 1016 1862 1094">
     <span class='ocr_line' id='line_1_9' title="bbox 161 1016 1862 1094; baseline -0.001 -20"><span class='ocrx_word' id='word_1_52' title='bbox 161 1041 378 1094; x_wconf 79' lang='grc' dir='ltr'><strong><em>μοετε,</em></strong></span> <span class='ocrx_word' id='word_1_53' title='bbox 427 1027 534 1074; x_wconf 77' lang='grc' dir='ltr'><strong><em>καὶ</em></strong></span> <span class='ocrx_word' id='word_1_54' title='bbox 580 1028 909 1093; x_wconf 85' lang='grc' dir='ltr'><strong><em>κατηγοροῦν</em></strong></span> <span class='ocrx_word' id='word_1_55' title='bbox 939 1028 1031 1072; x_wconf 84' lang='grc' dir='ltr'><strong>τού</strong></span> <span class='ocrx_word' id='word_1_56' title='bbox 1082 1025 1355 1080; x_wconf 85' lang='grc' dir='ltr'><strong><em>πόιοῦντος</em></strong></span> <span class='ocrx_word' id='word_1_57' title='bbox 1396 1021 1456 1071; x_wconf 87' lang='grc' dir='ltr'><strong>τὸ</strong></span> <span class='ocrx_word' id='word_1_58' title='bbox 1498 1022 1657 1071; x_wconf 91' lang='grc' dir='ltr'><strong><em>κακόν</em></strong></span> <span class='ocrx_word' id='word_1_59' title='bbox 1686 1038 1698 1051; x_wconf 92' lang='grc'><strong>·</strong></span> <span class='ocrx_word' id='word_1_60' title='bbox 1740 1016 1862 1072; x_wconf 86' lang='grc' dir='ltr'><strong><em>ὀδόν</em></strong></span> 
     </span>
    </p>
   </div>
   <div class='ocr_carea' id='block_1_10' title="bbox 167 1106 1862 1186">
    <p class='ocr_par' dir='ltr' id='par_1_10' title="bbox 167 1106 1862 1186">
     <span class='ocr_line' id='line_1_10' title="bbox 167 1106 1862 1186; baseline 0.002 -24"><span class='ocrx_word' id='word_1_61' title='bbox 167 1106 279 1181; x_wconf 62' lang='grc' dir='ltr'><strong>δὴ,</strong></span> <span class='ocrx_word' id='word_1_62' title='bbox 357 1114 481 1163; x_wconf 79' lang='grc' dir='ltr'><strong>τὸν</strong></span> <span class='ocrx_word' id='word_1_63' title='bbox 535 1114 770 1186; x_wconf 90' lang='grc' dir='ltr'><strong><em>παρόντα</em></strong></span> <span class='ocrx_word' id='word_1_64' title='bbox 831 1108 969 1183; x_wconf 84' lang='grc' dir='ltr'><strong><em>βίον,</em></strong></span> <span class='ocrx_word' id='word_1_65' title='bbox 1025 1109 1065 1180; x_wconf 80' lang='grc' dir='ltr'>ᾧ</span> <span class='ocrx_word' id='word_1_66' title='bbox 1129 1112 1238 1182; x_wconf 80' lang='grc' dir='ltr'><strong><em>χρὴ</em></strong></span> <span class='ocrx_word' id='word_1_67' title='bbox 1291 1107 1476 1160; x_wconf 68' lang='grc' dir='ltr'><strong><em>εὐνοεῖν</em></strong></span> <span class='ocrx_word' id='word_1_68' title='bbox 1532 1108 1648 1178; x_wconf 87' lang='grc'><strong>(66)</strong></span> <span class='ocrx_word' id='word_1_69' title='bbox 1701 1111 1862 1180; x_wconf 78' lang='grc' dir='ltr'><strong><em>ἤγουν</em></strong></span> 
     </span>
    </p>
   </div>
   <div class='ocr_carea' id='block_1_11' title="bbox 164 1193 1864 1272">
    <p class='ocr_par' dir='ltr' id='par_1_11' title="bbox 164 1193 1864 1272">
     <span class='ocr_line' id='line_1_11' title="bbox 164 1193 1864 1272; baseline 0 -21"><span class='ocrx_word' id='word_1_70' title='bbox 164 1201 554 1271; x_wconf 75' lang='grc' dir='ltr'><strong><em>πείθεσθαι,</em></strong></span> <span class='ocrx_word' id='word_1_71' title='bbox 615 1202 683 1252; x_wconf 81' lang='grc' dir='ltr'><strong>τὰ</strong></span> <span class='ocrx_word' id='word_1_72' title='bbox 745 1201 835 1272; x_wconf 69' lang='grc' dir='ltr'><strong>μὲν</strong></span> <span class='ocrx_word' id='word_1_73' title='bbox 894 1197 1027 1251; x_wconf 77' lang='grc' dir='ltr'><strong><em>καλὰ</em></strong></span> <span class='ocrx_word' id='word_1_74' title='bbox 1083 1195 1425 1269; x_wconf 78' lang='grc' dir='ltr'><strong><em>ἐπιτρέποντι,</em></strong></span> <span class='ocrx_word' id='word_1_75' title='bbox 1486 1195 1598 1267; x_wconf 77' lang='grc'><strong>(67)</strong></span> <span class='ocrx_word' id='word_1_76' title='bbox 1654 1205 1753 1248; x_wconf 84' lang='grc' dir='ltr'><strong><em>τῶν</em></strong></span> <span class='ocrx_word' id='word_1_77' title='bbox 1803 1193 1864 1251; x_wconf 66' lang='grc' dir='ltr'><strong>δί</strong></span> 
     </span>
    </p>
   </div>
   <div class='ocr_carea' id='block_1_12' title="bbox 175 1286 851 1362">
    <p class='ocr_par' dir='ltr' id='par_1_12' title="bbox 175 1286 851 1362">
     <span class='ocr_line' id='line_1_12' title="bbox 175 1286 851 1362; baseline 0.003 -22"><span class='ocrx_word' id='word_1_78' title='bbox 175 1297 424 1341; x_wconf 72' lang='grc' dir='ltr'><strong><em>κακῶν</em></strong></span> <span class='ocrx_word' id='word_1_79' title='bbox 460 1286 851 1362; x_wconf 53' lang='grc' dir='ltr'><strong>ἀποτρέποντι]</strong></span> 
     </span>
    </p>
   </div>
   <div class='ocr_carea' id='block_1_13' title="bbox 282 1373 1861 1452">
    <p class='ocr_par' dir='ltr' id='par_1_13' title="bbox 282 1373 1861 1452">
     <span class='ocr_line' id='line_1_13' title="bbox 282 1373 1861 1452; baseline -0.002 -23"><span class='ocrx_word' id='word_1_80' title='bbox 282 1375 534 1452; x_wconf 73' lang='grc' dir='ltr'><strong><em>Ὠσπερ</em></strong></span> <span class='ocrx_word' id='word_1_81' title='bbox 598 1379 741 1430; x_wconf 80' lang='grc' dir='ltr'><strong><em>εἴωθε</em></strong></span> <span class='ocrx_word' id='word_1_82' title='bbox 812 1380 1116 1452; x_wconf 83' lang='grc' dir='ltr'><strong>προτρέπειν</strong></span> <span class='ocrx_word' id='word_1_83' title='bbox 1183 1375 1257 1437; x_wconf 81' lang='grc' dir='ltr'><strong>είς</strong></span> <span class='ocrx_word' id='word_1_84' title='bbox 1323 1373 1530 1447; x_wconf 79' lang='grc' dir='ltr'><strong><em>ἀρετὴν,</em></strong></span> <span class='ocrx_word' id='word_1_85' title='bbox 1589 1373 1647 1426; x_wconf 88' lang='grc' dir='ltr'><strong>ού</strong></span> <span class='ocrx_word' id='word_1_86' title='bbox 1708 1378 1861 1447; x_wconf 87' lang='grc' dir='ltr'><strong><em>μόνον</em></strong></span> 
     </span>
    </p>
   </div>
   <div class='ocr_carea' id='block_1_14' title="bbox 196 1462 1860 1539">
    <p class='ocr_par' dir='ltr' id='par_1_14' title="bbox 196 1462 1860 1539">
     <span class='ocr_line' id='line_1_14' title="bbox 196 1462 1860 1539; baseline -0.002 -22"><span class='ocrx_word' id='word_1_87' title='bbox 196 1463 342 1518; x_wconf 73' lang='grc' dir='ltr'><strong>διπὸ</strong></span> <span class='ocrx_word' id='word_1_88' title='bbox 414 1474 518 1518; x_wconf 88' lang='grc' dir='ltr'><strong>τῶν</strong></span> <span class='ocrx_word' id='word_1_89' title='bbox 574 1465 876 1539; x_wconf 70' lang='grc' dir='ltr'><strong>μελλόντων,</strong></span> <span class='ocrx_word' id='word_1_90' title='bbox 925 1463 1054 1516; x_wconf 83' lang='grc' dir='ltr'>ἀλλά</span> <span class='ocrx_word' id='word_1_91' title='bbox 1110 1469 1199 1516; x_wconf 79' lang='grc' dir='ltr'><strong><em>καὶ</em></strong></span> <span class='ocrx_word' id='word_1_92' title='bbox 1266 1462 1370 1516; x_wconf 79' lang='grc' dir='ltr'><strong>ἀπὸ</strong></span> <span class='ocrx_word' id='word_1_93' title='bbox 1422 1471 1522 1514; x_wconf 85' lang='grc' dir='ltr'><strong>τῶν</strong></span> <span class='ocrx_word' id='word_1_94' title='bbox 1573 1466 1860 1536; x_wconf 81' lang='grc' dir='ltr'><strong>παρόντων,</strong></span> 
     </span>
    </p>
   </div>
   <div class='ocr_carea' id='block_1_15' title="bbox 197 1551 1862 1628">
    <p class='ocr_par' dir='ltr' id='par_1_15' title="bbox 197 1551 1862 1628">
     <span class='ocr_line' id='line_1_15' title="bbox 197 1551 1862 1628; baseline -0.001 -22"><span class='ocrx_word' id='word_1_95' title='bbox 197 1556 434 1616; x_wconf 80' lang='grc' dir='ltr'><strong><em>καθὼς</em></strong></span> <span class='ocrx_word' id='word_1_96' title='bbox 477 1554 526 1607; x_wconf 73' lang='grc' dir='ltr'><strong><em>ἓν</em></strong></span> <span class='ocrx_word' id='word_1_97' title='bbox 577 1562 686 1616; x_wconf 86' lang='grc' dir='ltr'><strong><em>τοῖς</em></strong></span> <span class='ocrx_word' id='word_1_98' title='bbox 733 1557 1099 1628; x_wconf 79' lang='grc' dir='ltr'><strong><em>Μακαρισμοῖς</em></strong></span> <span class='ocrx_word' id='word_1_99' title='bbox 1154 1553 1430 1626; x_wconf 83' lang='grc' dir='ltr'><strong><em>εἰρήκαμεν</em></strong></span> <span class='ocrx_word' id='word_1_100' title='bbox 1464 1568 1477 1581; x_wconf 80' lang='grc'><strong><em>⁸</em></strong></span> <span class='ocrx_word' id='word_1_101' title='bbox 1517 1551 1652 1604; x_wconf 78' lang='grc' dir='ltr'><strong><em>οὕτω</em></strong></span> <span class='ocrx_word' id='word_1_102' title='bbox 1707 1551 1862 1604; x_wconf 89' lang='grc' dir='ltr'><strong><em>πάλιν</em></strong></span> 
     </span>
    </p>
   </div>
   <div class='ocr_carea' id='block_1_16' title="bbox 201 1638 1860 1719">
    <p class='ocr_par' dir='ltr' id='par_1_16' title="bbox 201 1638 1860 1719">
     <span class='ocr_line' id='line_1_16' title="bbox 201 1638 1860 1719; baseline -0.003 -23"><span class='ocrx_word' id='word_1_103' title='bbox 201 1645 436 1696; x_wconf 72' lang='grc' dir='ltr'><strong><em>εἴωθεν</em></strong></span> <span class='ocrx_word' id='word_1_104' title='bbox 489 1642 796 1719; x_wconf 72' lang='grc' dir='ltr'><strong>ἀποτρέπειν</strong></span> <span class='ocrx_word' id='word_1_105' title='bbox 852 1650 942 1703; x_wconf 77' lang='grc' dir='ltr'><strong>τῆς</strong></span> <span class='ocrx_word' id='word_1_106' title='bbox 1009 1645 1218 1710; x_wconf 87' lang='grc' dir='ltr'><strong><em>κακίας,</em></strong></span> <span class='ocrx_word' id='word_1_107' title='bbox 1281 1639 1340 1694; x_wconf 88' lang='grc' dir='ltr'><strong>ού</strong></span> <span class='ocrx_word' id='word_1_108' title='bbox 1395 1644 1548 1713; x_wconf 83' lang='grc' dir='ltr'><strong><em>μόνον</em></strong></span> <span class='ocrx_word' id='word_1_109' title='bbox 1607 1638 1708 1692; x_wconf 77' lang='grc' dir='ltr'><strong>ἀπὸ</strong></span> <span class='ocrx_word' id='word_1_110' title='bbox 1761 1647 1860 1692; x_wconf 87' lang='grc' dir='ltr'><strong>τῶν</strong></span> 
     </span>
    </p>
   </div>
   <div class='ocr_carea' id='block_1_17' title="bbox 201 1727 1862 1804">
    <p class='ocr_par' dir='ltr' id='par_1_17' title="bbox 201 1727 1862 1804">
     <span class='ocr_line' id='line_1_17' title="bbox 201 1727 1862 1804; baseline -0.002 -20"><span class='ocrx_word' id='word_1_111' title='bbox 201 1731 562 1804; x_wconf 79' lang='grc' dir='ltr'><strong>μελλόντων,</strong></span> <span class='ocrx_word' id='word_1_112' title='bbox 610 1730 736 1784; x_wconf 78' lang='grc' dir='ltr'><strong>ἀλλὰ</strong></span> <span class='ocrx_word' id='word_1_113' title='bbox 786 1736 875 1784; x_wconf 82' lang='grc' dir='ltr'><strong><em>καὶ</em></strong></span> <span class='ocrx_word' id='word_1_114' title='bbox 923 1729 1023 1783; x_wconf 82' lang='grc' dir='ltr'><strong>ἀπὸ</strong></span> <span class='ocrx_word' id='word_1_115' title='bbox 1070 1738 1170 1782; x_wconf 85' lang='grc' dir='ltr'><strong><em>τῶν</em></strong></span> <span class='ocrx_word' id='word_1_116' title='bbox 1211 1733 1500 1804; x_wconf 81' lang='grc' dir='ltr'><strong><em>παρόντων.</em></strong></span> <span class='ocrx_word' id='word_1_117' title='bbox 1536 1727 1862 1803; x_wconf 71' lang='grc' dir='ltr'><strong><em>Ἀποτρέψας</em></strong></span> 
     </span>
    </p>
   </div>
   <div class='ocr_carea' id='block_1_18' title="bbox 201 1817 1860 1896">
    <p class='ocr_par' dir='ltr' id='par_1_18' title="bbox 201 1817 1860 1896">
     <span class='ocr_line' id='line_1_18' title="bbox 201 1817 1860 1896; baseline -0.001 -24"><span class='ocrx_word' id='word_1_118' title='bbox 201 1823 343 1893; x_wconf 76' lang='grc' dir='ltr'><strong><em>γὰρ</em></strong></span> <span class='ocrx_word' id='word_1_119' title='bbox 414 1828 510 1882; x_wconf 83' lang='grc' dir='ltr'><strong><em>τῆς</em></strong></span> <span class='ocrx_word' id='word_1_120' title='bbox 560 1822 779 1896; x_wconf 77' lang='grc' dir='ltr'><strong><em>ἔχθρας,</em></strong></span> <span class='ocrx_word' id='word_1_121' title='bbox 829 1817 924 1873; x_wconf 82' lang='grc' dir='ltr'><strong><em>διὰ</em></strong></span> <span class='ocrx_word' id='word_1_122' title='bbox 978 1828 1073 1882; x_wconf 84' lang='grc' dir='ltr'><strong><em>τῆς</em></strong></span> <span class='ocrx_word' id='word_1_123' title='bbox 1138 1817 1427 1892; x_wconf 77' lang='grc' dir='ltr'><strong>μελλούσης</strong></span> <span class='ocrx_word' id='word_1_124' title='bbox 1489 1821 1717 1889; x_wconf 76' lang='grc' dir='ltr'><strong><em>γεέννης,</em></strong></span> <span class='ocrx_word' id='word_1_125' title='bbox 1772 1825 1860 1870; x_wconf 83' lang='grc' dir='ltr'><strong>νῦν</strong></span> 
     </span>
    </p>
   </div>
   <div class='ocr_carea' id='block_1_19' title="bbox 210 1906 1860 1983">
    <p class='ocr_par' dir='ltr' id='par_1_19' title="bbox 210 1906 1860 1983">
     <span class='ocr_line' id='line_1_19' title="bbox 210 1906 1860 1983; baseline -0.002 -21"><span class='ocrx_word' id='word_1_126' title='bbox 210 1907 537 1983; x_wconf 75' lang='grc' dir='ltr'><strong><em>ἀποτρέπει</em></strong></span> <span class='ocrx_word' id='word_1_127' title='bbox 583 1912 780 1971; x_wconf 79' lang='grc' dir='ltr'><strong>ταύτης</strong></span> <span class='ocrx_word' id='word_1_128' title='bbox 825 1914 916 1962; x_wconf 81' lang='grc' dir='ltr'><strong><em>καὶ</em></strong></span> <span class='ocrx_word' id='word_1_129' title='bbox 973 1907 1134 1980; x_wconf 76' lang='grc' dir='ltr'><strong><em>φοϐεῖ,</em></strong></span> <span class='ocrx_word' id='word_1_130' title='bbox 1185 1911 1276 1960; x_wconf 80' lang='grc' dir='ltr'><strong><em>καὶ</em></strong></span> <span class='ocrx_word' id='word_1_131' title='bbox 1330 1906 1424 1960; x_wconf 81' lang='grc' dir='ltr'><strong><em>διὰ</em></strong></span> <span class='ocrx_word' id='word_1_132' title='bbox 1469 1913 1561 1960; x_wconf 85' lang='grc' dir='ltr'><strong><em>τοῦ</em></strong></span> <span class='ocrx_word' id='word_1_133' title='bbox 1610 1911 1860 1981; x_wconf 82' lang='grc' dir='ltr'><strong>παρόντος</strong></span> 
     </span>
    </p>
   </div>
   <div class='ocr_carea' id='block_1_20' title="bbox 213 1992 1857 2074">
    <p class='ocr_par' dir='ltr' id='par_1_20' title="bbox 213 1992 1857 2074">
     <span class='ocr_line' id='line_1_20' title="bbox 213 1992 1857 2074; baseline -0.002 -24"><span class='ocrx_word' id='word_1_134' title='bbox 213 2006 458 2074; x_wconf 76' lang='grc' dir='ltr'><strong><em>κριτοῦ,</em></strong></span> <span class='ocrx_word' id='word_1_135' title='bbox 500 2003 591 2053; x_wconf 87' lang='grc' dir='ltr'><strong><em>καὶ</em></strong></span> <span class='ocrx_word' id='word_1_136' title='bbox 644 2006 742 2052; x_wconf 85' lang='grc' dir='ltr'><strong><em>τῶν</em></strong></span> <span class='ocrx_word' id='word_1_137' title='bbox 793 1999 1118 2055; x_wconf 83' lang='grc' dir='ltr'><strong><em>καθεκάστην</em></strong></span> <span class='ocrx_word' id='word_1_138' title='bbox 1173 2000 1475 2070; x_wconf 84' lang='grc' dir='ltr'><strong><em>γινομένων.</em></strong></span> <span class='ocrx_word' id='word_1_139' title='bbox 1531 1998 1696 2054; x_wconf 69' lang='grc' dir='ltr'><strong>⁴Ιηοσὶν</strong></span> <span class='ocrx_word' id='word_1_140' title='bbox 1749 1992 1857 2060; x_wconf 80' lang='grc' dir='ltr'><strong>οὖν,</strong></span> 
     </span>
    </p>
   </div>
   <div class='ocr_carea' id='block_1_21' title="bbox 219 2082 1859 2161">
    <p class='ocr_par' dir='ltr' id='par_1_21' title="bbox 219 2082 1859 2161">
     <span class='ocr_line' id='line_1_21' title="bbox 219 2082 1859 2161; baseline -0.004 -20"><span class='ocrx_word' id='word_1_141' title='bbox 219 2089 327 2141; x_wconf 86' lang='grc' dir='ltr'><strong><em>ὅτι</em></strong></span> <span class='ocrx_word' id='word_1_142' title='bbox 369 2092 472 2140; x_wconf 77' lang='grc' dir='ltr'><strong>Καὶ</strong></span> <span class='ocrx_word' id='word_1_143' title='bbox 505 2087 589 2140; x_wconf 75' lang='grc' dir='ltr'><strong>ἐὰν</strong></span> <span class='ocrx_word' id='word_1_144' title='bbox 623 2087 730 2159; x_wconf 87' lang='grc'><strong>(68)</strong></span> <span class='ocrx_word' id='word_1_145' title='bbox 776 2086 848 2149; x_wconf 85' lang='grc' dir='ltr'><strong><em>εἰς</em></strong></span> <span class='ocrx_word' id='word_1_146' title='bbox 895 2083 1239 2161; x_wconf 77' lang='grc' dir='ltr'><strong><em>δικαστήριον</em></strong></span> <span class='ocrx_word' id='word_1_147' title='bbox 1289 2085 1567 2156; x_wconf 73' lang='grc' dir='ltr'><strong><em>ἱλκυσθῇς,</em></strong></span> <span class='ocrx_word' id='word_1_148' title='bbox 1616 2084 1729 2136; x_wconf 80' lang='grc' dir='ltr'><strong><em>ἴσθι</em></strong></span> <span class='ocrx_word' id='word_1_149' title='bbox 1771 2082 1859 2135; x_wconf 80' lang='grc' dir='ltr'><strong><em>εύ-</em></strong></span> 
     </span>
    </p>
   </div>
   <div class='ocr_carea' id='block_1_22' title="bbox 221 2172 1860 2246">
    <p class='ocr_par' dir='ltr' id='par_1_22' title="bbox 221 2172 1860 2246">
     <span class='ocr_line' id='line_1_22' title="bbox 221 2172 1860 2246; baseline -0.001 -20"><span class='ocrx_word' id='word_1_150' title='bbox 221 2184 387 2228; x_wconf 83' lang='grc' dir='ltr'><strong>νοῶν</strong></span> <span class='ocrx_word' id='word_1_151' title='bbox 415 2184 488 2246; x_wconf 85' lang='grc' dir='ltr'><strong>τῷ</strong></span> <span class='ocrx_word' id='word_1_152' title='bbox 544 2172 802 2246; x_wconf 78' lang='grc' dir='ltr'><strong><em>ἁκτιδίκῳ</em></strong></span> <span class='ocrx_word' id='word_1_153' title='bbox 851 2194 965 2245; x_wconf 88' lang='grc' dir='ltr'><strong><em>σου,</em></strong></span> <span class='ocrx_word' id='word_1_154' title='bbox 998 2178 1254 2240; x_wconf 82' lang='grc' dir='ltr'><strong><em>τουτέστι,</em></strong></span> <span class='ocrx_word' id='word_1_155' title='bbox 1313 2177 1460 2246; x_wconf 76' lang='grc' dir='ltr'><strong><em>γίνου</em></strong></span> <span class='ocrx_word' id='word_1_156' title='bbox 1511 2175 1681 2233; x_wconf 74' lang='grc' dir='ltr'><strong><em>εὔνους</em></strong></span> <span class='ocrx_word' id='word_1_157' title='bbox 1718 2172 1860 2244; x_wconf 83' lang='grc' dir='ltr'><strong><em>αύτῷ</em></strong></span> 
     </span>
    </p>
   </div>
   <div class='ocr_carea' id='block_1_23' title="bbox 231 2259 1854 2336">
    <p class='ocr_par' dir='ltr' id='par_1_23' title="bbox 231 2259 1854 2336">
     <span class='ocr_line' id='line_1_23' title="bbox 231 2259 1854 2336; baseline -0.002 -20"><span class='ocrx_word' id='word_1_158' title='bbox 231 2269 351 2316; x_wconf 79' lang='grc' dir='ltr'><strong><em>καὶ</em></strong></span> <span class='ocrx_word' id='word_1_159' title='bbox 385 2263 542 2335; x_wconf 78' lang='grc' dir='ltr'><strong><em>φίλος,</em></strong></span> <span class='ocrx_word' id='word_1_160' title='bbox 575 2263 624 2316; x_wconf 79' lang='grc' dir='ltr'><strong><em>ἓν</em></strong></span> <span class='ocrx_word' id='word_1_161' title='bbox 653 2265 760 2336; x_wconf 84' lang='grc' dir='ltr'><strong>ὅσῳ</strong></span> <span class='ocrx_word' id='word_1_162' title='bbox 805 2265 1082 2336; x_wconf 75' lang='grc' dir='ltr'><strong>τυγχάνεις</strong></span> <span class='ocrx_word' id='word_1_163' title='bbox 1110 2261 1157 2314; x_wconf 81' lang='grc' dir='ltr'><strong>ἐν</strong></span> <span class='ocrx_word' id='word_1_164' title='bbox 1187 2271 1250 2336; x_wconf 73' lang='grc' dir='ltr'><strong><em>τῇ</em></strong></span> <span class='ocrx_word' id='word_1_165' title='bbox 1284 2259 1392 2334; x_wconf 82' lang='grc' dir='ltr'><strong>ὁδῷ</strong></span> <span class='ocrx_word' id='word_1_166' title='bbox 1423 2260 1534 2336; x_wconf 88' lang='grc' dir='ltr'><strong><em>μετ’</em></strong></span> <span class='ocrx_word' id='word_1_167' title='bbox 1577 2259 1760 2325; x_wconf 84' lang='grc' dir='ltr'><strong><em>αύτοῦ,</em></strong></span> <span class='ocrx_word' id='word_1_168' title='bbox 1792 2267 1854 2333; x_wconf 78' lang='grc' dir='ltr'>τῇ</span> 
     </span>
    </p>
   </div>
   <div class='ocr_carea' id='block_1_24' title="bbox 232 2347 1858 2430">
    <p class='ocr_par' dir='ltr' id='par_1_24' title="bbox 232 2347 1858 2430">
     <span class='ocr_line' id='line_1_24' title="bbox 232 2347 1858 2430; baseline -0.004 -24"><span class='ocrx_word' id='word_1_169' title='bbox 232 2356 390 2430; x_wconf 80' lang='grc' dir='ltr'><strong><em>πρὸς</em></strong></span> <span class='ocrx_word' id='word_1_170' title='bbox 427 2357 514 2405; x_wconf 85' lang='grc' dir='ltr'><strong><em>τόν</em></strong></span> <span class='ocrx_word' id='word_1_171' title='bbox 559 2349 820 2410; x_wconf 82' lang='grc' dir='ltr'><strong><em>δικαστὴν</em></strong></span> <span class='ocrx_word' id='word_1_172' title='bbox 863 2354 1108 2426; x_wconf 74' lang='grc' dir='ltr'><strong><em>φερούσῃ,</em></strong></span> <span class='ocrx_word' id='word_1_173' title='bbox 1163 2353 1190 2404; x_wconf 83' lang='grc' dir='ltr'><strong><em>ὃ</em></strong></span> <span class='ocrx_word' id='word_1_174' title='bbox 1234 2350 1367 2418; x_wconf 75' lang='grc' dir='ltr'><strong><em>ἔστι,</em></strong></span> <span class='ocrx_word' id='word_1_175' title='bbox 1421 2353 1522 2426; x_wconf 86' lang='grc' dir='ltr'><strong><em>πρὸ</em></strong></span> <span class='ocrx_word' id='word_1_176' title='bbox 1569 2357 1660 2402; x_wconf 84' lang='grc' dir='ltr'><strong>τοῦ</strong></span> <span class='ocrx_word' id='word_1_177' title='bbox 1700 2347 1858 2402; x_wconf 77' lang='grc' dir='ltr'><strong><em>ἓλθεῖν</em></strong></span> 
     </span>
    </p>
   </div>
   <div class='ocr_carea' id='block_1_25' title="bbox 231 2437 1856 2514">
    <p class='ocr_par' dir='ltr' id='par_1_25' title="bbox 231 2437 1856 2514">
     <span class='ocr_line' id='line_1_25' title="bbox 231 2437 1856 2514; baseline -0.004 -18"><span class='ocrx_word' id='word_1_178' title='bbox 231 2443 321 2504; x_wconf 81' lang='grc' dir='ltr'><strong><em>εἰς</em></strong></span> <span class='ocrx_word' id='word_1_179' title='bbox 358 2445 446 2495; x_wconf 89' lang='grc' dir='ltr'><strong><em>τὸν</em></strong></span> <span class='ocrx_word' id='word_1_180' title='bbox 500 2437 774 2500; x_wconf 81' lang='grc' dir='ltr'><strong><em>δικαστήν.</em></strong></span> <span class='ocrx_word' id='word_1_181' title='bbox 805 2440 1011 2504; x_wconf 77' lang='grc' dir='ltr'><strong><em>Ἔξεστι</em></strong></span> <span class='ocrx_word' id='word_1_182' title='bbox 1057 2442 1158 2514; x_wconf 89' lang='grc' dir='ltr'><strong>γάρ</strong></span> <span class='ocrx_word' id='word_1_183' title='bbox 1205 2459 1292 2493; x_wconf 85' lang='grc' dir='ltr'><strong>σοι</strong></span> <span class='ocrx_word' id='word_1_184' title='bbox 1329 2446 1620 2498; x_wconf 82' lang='grc' dir='ltr'><strong><em>τηνικαῦτα</em></strong></span> <span class='ocrx_word' id='word_1_185' title='bbox 1665 2437 1856 2491; x_wconf 86' lang='grc' dir='ltr'><strong><em>καταλ-</em></strong></span> 
     </span>
    </p>
   </div>
   <div class='ocr_carea' id='block_1_26' title="bbox 228 2528 1856 2604">
    <p class='ocr_par' dir='ltr' id='par_1_26' title="bbox 228 2528 1856 2604">
     <span class='ocr_line' id='line_1_26' title="bbox 228 2528 1856 2604; baseline -0.003 -20"><span class='ocrx_word' id='word_1_186' title='bbox 228 2532 500 2603; x_wconf 78' lang='grc' dir='ltr'><strong><em>λαγῆναι,</em></strong></span> <span class='ocrx_word' id='word_1_187' title='bbox 559 2536 818 2604; x_wconf 79' lang='grc' dir='ltr'><strong><em>χρήματα</em></strong></span> <span class='ocrx_word' id='word_1_188' title='bbox 876 2528 1324 2603; x_wconf 78' lang='grc' dir='ltr'><strong><em>καταϐαλλομένῳ,</em></strong></span> <span class='ocrx_word' id='word_1_189' title='bbox 1379 2529 1508 2602; x_wconf 83' lang='grc' dir='ltr'><strong><em>οἷπερ</em></strong></span> <span class='ocrx_word' id='word_1_190' title='bbox 1565 2529 1590 2579; x_wconf 91' lang='grc' dir='ltr'><strong>ό</strong></span> <span class='ocrx_word' id='word_1_191' title='bbox 1650 2532 1856 2590; x_wconf 83' lang='grc' dir='ltr'><strong><em>Λουκᾶς</em></strong></span> 
     </span>
    </p>
   </div>
   <div class='ocr_carea' id='block_1_27' title="bbox 232 2614 1853 2695">
    <p class='ocr_par' dir='ltr' id='par_1_27' title="bbox 232 2614 1853 2695">
     <span class='ocr_line' id='line_1_27' title="bbox 232 2614 1853 2695; baseline -0.005 -19"><span class='ocrx_word' id='word_1_192' title='bbox 232 2621 305 2692; x_wconf 88' lang='grc'><strong>(6</strong></span> <span class='ocrx_word' id='word_1_193' title='bbox 320 2621 378 2693; x_wconf 77' lang='grc'>9)</span> <span class='ocrx_word' id='word_1_194' title='bbox 419 2620 670 2695; x_wconf 72' lang='grc' dir='ltr'><strong><em>ἐργασίαν</em></strong></span> <span class='ocrx_word' id='word_1_195' title='bbox 701 2618 959 2688; x_wconf 76' lang='grc' dir='ltr'><strong><em>ἐκάλεσεν,</em></strong></span> <span class='ocrx_word' id='word_1_196' title='bbox 1004 2621 1074 2681; x_wconf 82' lang='grc' dir='ltr'><strong><em>ὡς</em></strong></span> <span class='ocrx_word' id='word_1_197' title='bbox 1099 2617 1439 2691; x_wconf 75' lang='grc' dir='ltr'><strong><em>ἕργαζόμενα,</em></strong></span> <span class='ocrx_word' id='word_1_198' title='bbox 1473 2617 1500 2669; x_wconf 87' lang='grc' dir='ltr'><strong>ό</strong></span> <span class='ocrx_word' id='word_1_199' title='bbox 1537 2614 1853 2690; x_wconf 76' lang='grc' dir='ltr'><strong><em>βουλόμεθα,</em></strong></span> 
     </span>
    </p>
   </div>
   <div class='ocr_carea' id='block_1_28' title="bbox 235 2704 1855 2782">
    <p class='ocr_par' dir='ltr' id='par_1_28' title="bbox 235 2704 1855 2782">
     <span class='ocr_line' id='line_1_28' title="bbox 235 2704 1855 2782; baseline -0.003 -20"><span class='ocrx_word' id='word_1_200' title='bbox 235 2714 348 2762; x_wconf 75' lang='grc' dir='ltr'><strong><em>καὶ</em></strong></span> <span class='ocrx_word' id='word_1_201' title='bbox 389 2707 609 2761; x_wconf 76' lang='grc' dir='ltr'><strong><em>ἀνύοντα</em></strong></span> <span class='ocrx_word' id='word_1_202' title='bbox 635 2712 694 2761; x_wconf 86' lang='grc' dir='ltr'><strong>τὸ</strong></span> <span class='ocrx_word' id='word_1_203' title='bbox 738 2704 1184 2780; x_wconf 75' lang='grc' dir='ltr'><strong><em>σπουδαζόμενον.</em></strong></span> <span class='ocrx_word' id='word_1_204' title='bbox 1229 2713 1484 2782; x_wconf 79' lang='grc' dir='ltr'><strong><em>Κρείσσον</em></strong></span> <span class='ocrx_word' id='word_1_205' title='bbox 1512 2708 1613 2781; x_wconf 81' lang='grc' dir='ltr'><strong><em>γὰρ</em></strong></span> <span class='ocrx_word' id='word_1_206' title='bbox 1648 2706 1855 2779; x_wconf 82' lang='grc' dir='ltr'><strong><em>ζημιω-</em></strong></span> 
     </span>
    </p>
   </div>
   <div class='ocr_carea' id='block_1_29' title="bbox 245 2791 1854 2870">
    <p class='ocr_par' dir='ltr' id='par_1_29' title="bbox 245 2791 1854 2870">
     <span class='ocr_line' id='line_1_29' title="bbox 245 2791 1854 2870; baseline -0.002 -20"><span class='ocrx_word' id='word_1_207' title='bbox 245 2801 434 2867; x_wconf 85' lang='grc' dir='ltr'><strong><em>θῆναι,</em></strong></span> <span class='ocrx_word' id='word_1_208' title='bbox 492 2799 521 2858; x_wconf 66' lang='lat' dir='ltr'><strong>ii</strong></span> <span class='ocrx_word' id='word_1_209' title='bbox 575 2793 919 2855; x_wconf 82' lang='grc' dir='ltr'><strong><em>δικασθῆναι.</em></strong></span> <span class='ocrx_word' id='word_1_210' title='bbox 968 2798 1261 2870; x_wconf 84' lang='grc' dir='ltr'><strong><em>Ζημιωθεὶς</em></strong></span> <span class='ocrx_word' id='word_1_211' title='bbox 1313 2799 1405 2868; x_wconf 64' lang='grc' dir='ltr'><strong>μὲν</strong></span> <span class='ocrx_word' id='word_1_212' title='bbox 1455 2797 1556 2868; x_wconf 82' lang='grc' dir='ltr'><strong><em>γὰρ</em></strong></span> <span class='ocrx_word' id='word_1_213' title='bbox 1616 2791 1710 2848; x_wconf 84' lang='grc' dir='ltr'><strong><em>διὰ</em></strong></span> <span class='ocrx_word' id='word_1_214' title='bbox 1760 2798 1854 2854; x_wconf 83' lang='grc' dir='ltr'><strong>τὴν</strong></span> 
     </span>
    </p>
   </div>
   <div class='ocr_carea' id='block_1_30' title="bbox 245 2883 1856 2962">
    <p class='ocr_par' dir='ltr' id='par_1_30' title="bbox 245 2883 1856 2962">
     <span class='ocr_line' id='line_1_30' title="bbox 245 2883 1856 2962; baseline -0.002 -24"><span class='ocrx_word' id='word_1_215' title='bbox 245 2886 490 2959; x_wconf 72' lang='grc' dir='ltr'><strong><em>ἀγάπην,</em></strong></span> <span class='ocrx_word' id='word_1_216' title='bbox 533 2890 653 2962; x_wconf 89' lang='grc' dir='ltr'><strong><em>τρία</em></strong></span> <span class='ocrx_word' id='word_1_217' title='bbox 688 2883 952 2959; x_wconf 77' lang='grc' dir='ltr'><strong><em>κερδανεῖς</em></strong></span> <span class='ocrx_word' id='word_1_218' title='bbox 998 2884 1270 2956; x_wconf 84' lang='grc' dir='ltr'><strong><em>κάλλιστα,</em></strong></span> <span class='ocrx_word' id='word_1_219' title='bbox 1319 2888 1377 2936; x_wconf 85' lang='grc' dir='ltr'><strong>τὸ</strong></span> <span class='ocrx_word' id='word_1_220' title='bbox 1423 2888 1495 2957; x_wconf 78' lang='grc' dir='ltr'><strong><em>μὴ</em></strong></span> <span class='ocrx_word' id='word_1_221' title='bbox 1545 2883 1856 2942; x_wconf 68' lang='grc' dir='ltr'><strong><em>ἐκϐληθῆναι</em></strong></span> 
     </span>
    </p>
   </div>
   <div class='ocr_carea' id='block_1_31' title="bbox 247 2974 1856 3048">
    <p class='ocr_par' dir='ltr' id='par_1_31' title="bbox 247 2974 1856 3048">
     <span class='ocr_line' id='line_1_31' title="bbox 247 2974 1856 3048; baseline 0 -22"><span class='ocrx_word' id='word_1_222' title='bbox 247 2983 322 3046; x_wconf 77' lang='grc' dir='ltr'>τῇ</span> <span class='ocrx_word' id='word_1_223' title='bbox 366 2974 562 3048; x_wconf 77' lang='grc' dir='ltr'><strong><em>φυλακῇ</em></strong></span> <span class='ocrx_word' id='word_1_224' title='bbox 613 2975 727 3047; x_wconf 89' lang='grc'><strong>(70)</strong></span> <span class='ocrx_word' id='word_1_225' title='bbox 761 3015 776 3043; x_wconf 91' lang='grc'><strong><em>,</em></strong></span> <span class='ocrx_word' id='word_1_226' title='bbox 828 2977 886 3027; x_wconf 90' lang='grc' dir='ltr'><strong><em>τὸ</em></strong></span> <span class='ocrx_word' id='word_1_227' title='bbox 929 2978 1000 3046; x_wconf 80' lang='grc' dir='ltr'><strong><em>μὴ</em></strong></span> <span class='ocrx_word' id='word_1_228' title='bbox 1037 2975 1368 3046; x_wconf 80' lang='grc' dir='ltr'><strong><em>ζημιωθῆναι</em></strong></span> <span class='ocrx_word' id='word_1_229' title='bbox 1416 2976 1478 3026; x_wconf 81' lang='grc' dir='ltr'><strong>τὰ</strong></span> <span class='ocrx_word' id='word_1_230' title='bbox 1509 2975 1732 3045; x_wconf 77' lang='grc' dir='ltr'><strong><em>ἔσχατα,</em></strong></span> <span class='ocrx_word' id='word_1_231' title='bbox 1765 2977 1856 3026; x_wconf 80' lang='grc' dir='ltr'><strong><em>καὶ</em></strong></span> 
     </span>
    </p>
   </div>
   <div class='ocr_carea' id='block_1_32' title="bbox 255 3057 1854 3138">
    <p class='ocr_par' dir='ltr' id='par_1_32' title="bbox 255 3057 1854 3138">
     <span class='ocr_line' id='line_1_32' title="bbox 255 3057 1854 3138; baseline -0.001 -22"><span class='ocrx_word' id='word_1_232' title='bbox 255 3066 322 3116; x_wconf 86' lang='grc' dir='ltr'><strong><em>τὸ</em></strong></span> <span class='ocrx_word' id='word_1_233' title='bbox 352 3062 738 3136; x_wconf 75' lang='grc' dir='ltr'><strong><em>καταλλαγῆναι</em></strong></span> <span class='ocrx_word' id='word_1_234' title='bbox 766 3071 838 3135; x_wconf 84' lang='grc' dir='ltr'><strong><em>τῷ</em></strong></span> <span class='ocrx_word' id='word_1_235' title='bbox 870 3062 1046 3138; x_wconf 75' lang='grc' dir='ltr'><strong><em>ἐχθρῷ</em></strong></span> <span class='ocrx_word' id='word_1_236' title='bbox 1081 3101 1094 3114; x_wconf 92' lang='grc'><strong>.</strong></span> <span class='ocrx_word' id='word_1_237' title='bbox 1145 3059 1413 3122; x_wconf 79' lang='grc' dir='ltr'><strong><em>δικασθεὶς</em></strong></span> <span class='ocrx_word' id='word_1_238' title='bbox 1444 3057 1526 3126; x_wconf 70' lang='grc' dir='ltr'><strong><em>δὲ,</em></strong></span> <span class='ocrx_word' id='word_1_239' title='bbox 1569 3066 1694 3136; x_wconf 89' lang='grc' dir='ltr'><strong><em>τρία</em></strong></span> <span class='ocrx_word' id='word_1_240' title='bbox 1740 3061 1854 3114; x_wconf 86' lang='grc' dir='ltr'><strong><em>τού-</em></strong></span> 
     </span>
    </p>
   </div>
   <div class='ocr_carea' id='block_1_33' title="bbox 249 3148 1856 3224">
    <p class='ocr_par' dir='ltr' id='par_1_33' title="bbox 249 3148 1856 3224">
     <span class='ocr_line' id='line_1_33' title="bbox 249 3148 1856 3224; baseline -0.001 -20"><span class='ocrx_word' id='word_1_241' title='bbox 249 3158 456 3206; x_wconf 88' lang='grc' dir='ltr'><strong><em>ναντίον</em></strong></span> <span class='ocrx_word' id='word_1_242' title='bbox 503 3153 780 3224; x_wconf 77' lang='grc' dir='ltr'><strong><em>ύποστὴσῃ</em></strong></span> <span class='ocrx_word' id='word_1_243' title='bbox 832 3154 898 3204; x_wconf 80' lang='grc' dir='ltr'><strong>τὰ</strong></span> <span class='ocrx_word' id='word_1_244' title='bbox 949 3153 1178 3203; x_wconf 85' lang='grc' dir='ltr'><strong><em>κάκιστα</em></strong></span> <span class='ocrx_word' id='word_1_245' title='bbox 1234 3151 1368 3222; x_wconf 76' lang='grc'><strong>(71),</strong></span> <span class='ocrx_word' id='word_1_246' title='bbox 1426 3153 1483 3202; x_wconf 90' lang='grc' dir='ltr'><strong>τό</strong></span> <span class='ocrx_word' id='word_1_247' title='bbox 1537 3148 1856 3222; x_wconf 74' lang='grc' dir='ltr'><strong><em>ἐμϐληθῆναι</em></strong></span> 
     </span>
    </p>
   </div>
   <div class='ocr_carea' id='block_1_34' title="bbox 249 3235 1849 3315">
    <p class='ocr_par' dir='ltr' id='par_1_34' title="bbox 249 3235 1849 3315">
     <span class='ocr_line' id='line_1_34' title="bbox 249 3235 1849 3315; baseline -0.003 -21"><span class='ocrx_word' id='word_1_248' title='bbox 249 3250 318 3315; x_wconf 70' lang='grc' dir='ltr'><strong>τῇ</strong></span> <span class='ocrx_word' id='word_1_249' title='bbox 375 3241 598 3315; x_wconf 73' lang='grc' dir='ltr'><strong><em>φυλακῇ,</em></strong></span> <span class='ocrx_word' id='word_1_250' title='bbox 650 3244 710 3293; x_wconf 89' lang='grc' dir='ltr'><strong>τὸ</strong></span> <span class='ocrx_word' id='word_1_251' title='bbox 763 3236 1051 3292; x_wconf 80' lang='grc' dir='ltr'><strong><em>ἀποδοῦναι</em></strong></span> <span class='ocrx_word' id='word_1_252' title='bbox 1090 3242 1176 3291; x_wconf 87' lang='grc' dir='ltr'><strong><em>τόν</em></strong></span> <span class='ocrx_word' id='word_1_253' title='bbox 1228 3241 1451 3310; x_wconf 78' lang='grc' dir='ltr'><strong><em>ἔσχατον</em></strong></span> <span class='ocrx_word' id='word_1_254' title='bbox 1503 3235 1796 3311; x_wconf 86' lang='grc' dir='ltr'><strong><em>κοδράντην</em></strong></span> <span class='ocrx_word' id='word_1_255' title='bbox 1837 3259 1849 3272; x_wconf 78' lang='grc' dir='ltr'><strong>ο</strong></span> 
     </span>
    </p>
   </div>
   <div class='ocr_carea' id='block_1_35' title="bbox 254 3327 1857 3401">
    <p class='ocr_par' dir='ltr' id='par_1_35' title="bbox 254 3327 1857 3401">
     <span class='ocr_line' id='line_1_35' title="bbox 254 3327 1857 3401; baseline -0.003 -18"><span class='ocrx_word' id='word_1_256' title='bbox 254 3333 432 3383; x_wconf 85' lang='grc' dir='ltr'><strong><em>ὅντινα</em></strong></span> <span class='ocrx_word' id='word_1_257' title='bbox 460 3334 688 3401; x_wconf 80' lang='grc' dir='ltr'><strong><em>ἔσχατον</em></strong></span> <span class='ocrx_word' id='word_1_258' title='bbox 741 3327 926 3380; x_wconf 86' lang='grc' dir='ltr'><strong><em>λεπτὸν</em></strong></span> <span class='ocrx_word' id='word_1_259' title='bbox 979 3329 1113 3380; x_wconf 84' lang='grc' dir='ltr'><strong><em>εἶπεν</em></strong></span> <span class='ocrx_word' id='word_1_260' title='bbox 1171 3328 1198 3378; x_wconf 89' lang='grc' dir='ltr'><strong><em>ὁ</em></strong></span> <span class='ocrx_word' id='word_1_261' title='bbox 1246 3333 1471 3392; x_wconf 86' lang='grc' dir='ltr'><strong><em>Λουκᾶς,</em></strong></span> <span class='ocrx_word' id='word_1_262' title='bbox 1501 3330 1738 3379; x_wconf 75' lang='grc' dir='ltr'><strong><em>τουτέστι</em></strong></span> <span class='ocrx_word' id='word_1_263' title='bbox 1767 3331 1857 3380; x_wconf 77' lang='grc' dir='ltr'><strong><em>καὶ</em></strong></span> 
     </span>
    </p>
   </div>
   <div class='ocr_carea' id='block_1_36' title="bbox 257 3411 1858 3478">
    <p class='ocr_par' dir='ltr' id='par_1_36' title="bbox 257 3411 1858 3478">
     <span class='ocr_line' id='line_1_36' title="bbox 257 3411 1858 3478; baseline -0.002 -7"><span class='ocrx_word' id='word_1_264' title='bbox 257 3423 316 3472; x_wconf 89' lang='grc' dir='ltr'><strong><em>τὸ</em></strong></span> <span class='ocrx_word' id='word_1_265' title='bbox 361 3419 668 3470; x_wconf 85' lang='grc' dir='ltr'><strong><em>λεπτότατον</em></strong></span> <span class='ocrx_word' id='word_1_266' title='bbox 723 3412 882 3478; x_wconf 80' lang='grc' dir='ltr'><strong><em>εἶδος,</em></strong></span> <span class='ocrx_word' id='word_1_267' title='bbox 933 3415 999 3465; x_wconf 83' lang='grc' dir='ltr'><strong>ὧν</strong></span> <span class='ocrx_word' id='word_1_268' title='bbox 1059 3411 1243 3466; x_wconf 85' lang='grc' dir='ltr'><strong><em>δοῦναι</em></strong></span> <span class='ocrx_word' id='word_1_269' title='bbox 1296 3412 1688 3476; x_wconf 72' lang='grc' dir='ltr'><strong><em>κατεδικάσθης</em></strong></span> <span class='ocrx_word' id='word_1_270' title='bbox 1719 3430 1738 3446; x_wconf 78' lang='grc'><strong>⁸</strong></span> <span class='ocrx_word' id='word_1_271' title='bbox 1768 3418 1858 3467; x_wconf 81' lang='grc' dir='ltr'><strong><em>καὶ</em></strong></span> 
     </span>
    </p>
   </div>
   <div class='ocr_carea' id='block_1_37' title="bbox 263 3500 1856 3579">
    <p class='ocr_par' dir='ltr' id='par_1_37' title="bbox 263 3500 1856 3579">
     <span class='ocr_line' id='line_1_37' title="bbox 263 3500 1856 3579; baseline -0.002 -22"><span class='ocrx_word' id='word_1_272' title='bbox 263 3509 457 3579; x_wconf 84' lang='grc' dir='ltr'><strong><em>τρίτον,</em></strong></span> <span class='ocrx_word' id='word_1_273' title='bbox 489 3509 547 3556; x_wconf 89' lang='grc' dir='ltr'><strong>τὸ</strong></span> <span class='ocrx_word' id='word_1_274' title='bbox 601 3500 740 3576; x_wconf 63' lang='grc' dir='ltr'><strong><em>μηδὲ</em></strong></span> <span class='ocrx_word' id='word_1_275' title='bbox 793 3503 928 3555; x_wconf 81' lang='grc' dir='ltr'><strong><em>οὕτω</em></strong></span> <span class='ocrx_word' id='word_1_276' title='bbox 984 3501 1389 3575; x_wconf 80' lang='grc' dir='ltr'><strong><em>καταλλαγῆναι.</em></strong></span> <span class='ocrx_word' id='word_1_277' title='bbox 1423 3502 1574 3564; x_wconf 85' lang='grc' dir='ltr'><strong><em>Εἰκὸς</em></strong></span> <span class='ocrx_word' id='word_1_278' title='bbox 1618 3505 1740 3575; x_wconf 82' lang='grc' dir='ltr'><strong><em>γὰρ,</em></strong></span> <span class='ocrx_word' id='word_1_279' title='bbox 1771 3505 1856 3555; x_wconf 90' lang='grc' dir='ltr'><strong><em>τόν</em></strong></span> 
     </span>
    </p>
   </div>
   <div class='ocr_carea' id='block_1_38' title="bbox 260 3587 1856 3667">
    <p class='ocr_par' dir='ltr' id='par_1_38' title="bbox 260 3587 1856 3667">
     <span class='ocr_line' id='line_1_38' title="bbox 260 3587 1856 3667; baseline -0.001 -21"><span class='ocrx_word' id='word_1_280' title='bbox 260 3590 526 3646; x_wconf 79' lang='grc' dir='ltr'><strong><em>ἀντίδικον</em></strong></span> <span class='ocrx_word' id='word_1_281' title='bbox 573 3588 924 3650; x_wconf 83' lang='grc' dir='ltr'><strong><em>ὁπωσδήποτε</em></strong></span> <span class='ocrx_word' id='word_1_282' title='bbox 971 3594 1330 3667; x_wconf 71' lang='grc' dir='ltr'><strong><em>περιγενέσθαι</em></strong></span> <span class='ocrx_word' id='word_1_283' title='bbox 1376 3611 1493 3647; x_wconf 91' lang='grc' dir='ltr'><strong><em>σου.</em></strong></span> <span class='ocrx_word' id='word_1_284' title='bbox 1531 3591 1648 3644; x_wconf 80' lang='grc' dir='ltr'><strong>Εἰσὶ</strong></span> <span class='ocrx_word' id='word_1_285' title='bbox 1681 3587 1741 3646; x_wconf 84' lang='grc' dir='ltr'><strong><em>δέ</em></strong></span> <span class='ocrx_word' id='word_1_286' title='bbox 1777 3611 1856 3644; x_wconf 65' lang='grc' dir='ltr'><strong>τις</strong></span> 
     </span>
    </p>
   </div>
   <div class='ocr_carea' id='block_1_39' title="bbox 259 3681 1856 3756">
    <p class='ocr_par' dir='ltr' id='par_1_39' title="bbox 259 3681 1856 3756">
     <span class='ocr_line' id='line_1_39' title="bbox 259 3681 1856 3756; baseline -0.001 -21"><span class='ocrx_word' id='word_1_287' title='bbox 259 3703 334 3744; x_wconf 93' lang='grc' dir='ltr'><strong>νες</strong></span> <span class='ocrx_word' id='word_1_288' title='bbox 390 3681 722 3754; x_wconf 78' lang='grc' dir='ltr'><strong><em>ἁναγωγικῶς</em></strong></span> <span class='ocrx_word' id='word_1_289' title='bbox 780 3681 1145 3752; x_wconf 81' lang='grc' dir='ltr'><strong><em>ἑρμηνεύοντες</em></strong></span> <span class='ocrx_word' id='word_1_290' title='bbox 1197 3683 1260 3733; x_wconf 81' lang='grc' dir='ltr'><strong><em>τὰ</em></strong></span> <span class='ocrx_word' id='word_1_291' title='bbox 1325 3682 1569 3756; x_wconf 82' lang='grc' dir='ltr'><strong><em>ῥηθέντα,</em></strong></span> <span class='ocrx_word' id='word_1_292' title='bbox 1651 3682 1772 3755; x_wconf 86' lang='grc' dir='ltr'><strong><em>ὅπερ</em></strong></span> <span class='ocrx_word' id='word_1_293' title='bbox 1830 3681 1856 3734; x_wconf 88' lang='grc' dir='ltr'><strong>ό</strong></span> 
     </span>
    </p>
   </div>
   <div class='ocr_carea' id='block_1_40' title="bbox 255 3765 1850 3847">
    <p class='ocr_par' dir='ltr' id='par_1_40' title="bbox 255 3765 1850 3847">
     <span class='ocr_line' id='line_1_40' title="bbox 255 3765 1850 3847; baseline -0.003 -20"><span class='ocrx_word' id='word_1_294' title='bbox 255 3775 628 3847; x_wconf 84' lang='grc' dir='ltr'><strong><em>Χρυσόστομος</em></strong></span> <span class='ocrx_word' id='word_1_295' title='bbox 669 3769 790 3840; x_wconf 74' lang='grc'><strong>(72)</strong></span> <span class='ocrx_word' id='word_1_296' title='bbox 833 3772 916 3822; x_wconf 74' lang='grc' dir='ltr'><strong>ἐπὶ</strong></span> <span class='ocrx_word' id='word_1_297' title='bbox 963 3776 1054 3822; x_wconf 80' lang='grc' dir='ltr'><strong>τοῦ</strong></span> <span class='ocrx_word' id='word_1_298' title='bbox 1108 3773 1361 3843; x_wconf 91' lang='grc' dir='ltr'><strong><em>παρόντος</em></strong></span> <span class='ocrx_word' id='word_1_299' title='bbox 1408 3770 1502 3822; x_wconf 77' lang='grc' dir='ltr'><strong>οὐκ</strong></span> <span class='ocrx_word' id='word_1_300' title='bbox 1545 3765 1850 3833; x_wconf 79' lang='grc' dir='ltr'><strong><em>ἀπεδέξατο·</em></strong></span> 
     </span>
    </p>
   </div>
   <div class='ocr_carea' id='block_1_41' title="bbox 1970 585 3630 664">
    <p class='ocr_par' dir='ltr' id='par_1_41' title="bbox 1970 585 3630 664">
     <span class='ocr_line' id='line_1_41' title="bbox 1970 585 3630 664; baseline -0.001 -19"><span class='ocrx_word' id='word_1_301' title='bbox 1970 593 2177 649; x_wconf 86' lang='lat' dir='ltr'><strong>Docuit</strong></span> <span class='ocrx_word' id='word_1_302' title='bbox 2215 592 2409 664; x_wconf 78' lang='lat' dir='ltr'><strong>igitur,</strong></span> <span class='ocrx_word' id='word_1_303' title='bbox 2451 590 2611 662; x_wconf 90' lang='lat' dir='ltr'><strong>quod</strong></span> <span class='ocrx_word' id='word_1_304' title='bbox 2641 590 2810 661; x_wconf 86' lang='lat' dir='ltr'><strong>cujus</strong></span> <span class='ocrx_word' id='word_1_305' title='bbox 2847 588 3207 644; x_wconf 82' lang='lat' dir='ltr'><strong>sacrificium</strong></span> <span class='ocrx_word' id='word_1_306' title='bbox 3245 591 3484 659; x_wconf 82' lang='lat' dir='ltr'><strong>propter</strong></span> <span class='ocrx_word' id='word_1_307' title='bbox 3522 585 3630 643; x_wconf 86' lang='lat' dir='ltr'><strong>ini-</strong></span> 
     </span>
    </p>
   </div>
   <div class='ocr_carea' id='block_1_42' title="bbox 1970 676 3628 751">
    <p class='ocr_par' dir='ltr' id='par_1_42' title="bbox 1970 676 3628 751">
     <span class='ocr_line' id='line_1_42' title="bbox 1970 676 3628 751; baseline -0.003 -15"><span class='ocrx_word' id='word_1_308' title='bbox 1970 680 2258 738; x_wconf 88' lang='lat' dir='ltr'><strong>micitiam</strong></span> <span class='ocrx_word' id='word_1_309' title='bbox 2285 695 2403 736; x_wconf 92' lang='lat' dir='ltr'><strong>non</strong></span> <span class='ocrx_word' id='word_1_310' title='bbox 2438 679 2776 751; x_wconf 81' lang='lat' dir='ltr'><strong>suscipitur,</strong></span> <span class='ocrx_word' id='word_1_311' title='bbox 2801 678 2978 751; x_wconf 88' lang='lat' dir='ltr'><strong>hujus</strong></span> <span class='ocrx_word' id='word_1_312' title='bbox 3009 691 3252 751; x_wconf 89' lang='lat' dir='ltr'><strong>quoque</strong></span> <span class='ocrx_word' id='word_1_313' title='bbox 3281 677 3398 732; x_wconf 91' lang='lat' dir='ltr'><strong>vita</strong></span> <span class='ocrx_word' id='word_1_314' title='bbox 3431 676 3628 732; x_wconf 89' lang='lat' dir='ltr'><strong>omnis</strong></span> 
     </span>
    </p>
   </div>
   <div class='ocr_carea' id='block_1_43' title="bbox 1969 759 2681 817">
    <p class='ocr_par' dir='ltr' id='par_1_43' title="bbox 1969 759 2681 817">
     <span class='ocr_line' id='line_1_43' title="bbox 1969 759 2681 817; baseline 0.001 -2"><span class='ocrx_word' id='word_1_315' title='bbox 1969 761 2089 817; x_wconf 92' lang='lat' dir='ltr'><strong>Deo</strong></span> <span class='ocrx_word' id='word_1_316' title='bbox 2115 766 2203 817; x_wconf 89' lang='lat' dir='ltr'><strong>est</strong></span> <span class='ocrx_word' id='word_1_317' title='bbox 2233 759 2681 816; x_wconf 87' lang='lat' dir='ltr'><strong>abominabilis.</strong></span> 
     </span>
    </p>
   </div>
   <div class='ocr_carea' id='block_1_44' title="bbox 2045 843 3627 918">
    <p class='ocr_par' dir='ltr' id='par_1_44' title="bbox 2045 843 3627 918">
     <span class='ocr_line' id='line_1_44' title="bbox 2045 843 3627 918; baseline -0.003 -14"><span class='ocrx_word' id='word_1_318' title='bbox 2045 851 2202 906; x_wconf 86' lang='lat' dir='ltr'><strong>Vers.</strong></span> <span class='ocrx_word' id='word_1_319' title='bbox 2233 850 2320 904; x_wconf 81' lang='lat'><strong>25.</strong></span> <span class='ocrx_word' id='word_1_320' title='bbox 2358 849 2496 904; x_wconf 82' lang='lat' dir='ltr'><strong>Esto</strong></span> <span class='ocrx_word' id='word_1_321' title='bbox 2529 879 2594 888; x_wconf 91' lang='lat'><strong><em>—</em></strong></span> <span class='ocrx_word' id='word_1_322' title='bbox 2625 848 2697 904; x_wconf 93' lang='lat' dir='ltr'><strong>V.</strong></span> <span class='ocrx_word' id='word_1_323' title='bbox 2745 849 2832 902; x_wconf 85' lang='lat'><strong>26.</strong></span> <span class='ocrx_word' id='word_1_324' title='bbox 2880 847 3289 918; x_wconf 72' lang='lat' dir='ltr'><strong>quadrantem.</strong></span> <span class='ocrx_word' id='word_1_325' title='bbox 3332 847 3373 915; x_wconf 70' lang='grc' dir='ltr'><strong><em>-ιι</em></strong></span> <span class='ocrx_word' id='word_1_326' title='bbox 3413 843 3627 900; x_wconf 81' lang='lat' dir='ltr'><strong>Adver-</strong></span> 
     </span>
    </p>
   </div>
   <div class='ocr_carea' id='block_1_45' title="bbox 1971 932 3625 1010">
    <p class='ocr_par' dir='ltr' id='par_1_45' title="bbox 1971 932 3625 1010">
     <span class='ocr_line' id='line_1_45' title="bbox 1971 932 3625 1010; baseline -0.004 -16"><span class='ocrx_word' id='word_1_327' title='bbox 1971 938 2189 994; x_wconf 82' lang='lat' dir='ltr'><strong>sarium</strong></span> <span class='ocrx_word' id='word_1_328' title='bbox 2221 937 2472 1010; x_wconf 89' lang='lat' dir='ltr'><strong>quidam</strong></span> <span class='ocrx_word' id='word_1_329' title='bbox 2510 935 2938 992; x_wconf 83' lang='lat' dir='ltr'><strong>conscientiam</strong></span> <span class='ocrx_word' id='word_1_330' title='bbox 2977 934 3201 998; x_wconf 90' lang='lat' dir='ltr'><strong>dicunt,</strong></span> <span class='ocrx_word' id='word_1_331' title='bbox 3230 933 3408 1005; x_wconf 89' lang='lat' dir='ltr'><strong>quasi</strong></span> <span class='ocrx_word' id='word_1_332' title='bbox 3450 932 3625 988; x_wconf 64' lang='lat' dir='ltr'><strong>malas</strong></span> 
     </span>
    </p>
   </div>
   <div class='ocr_carea' id='block_1_46' title="bbox 1971 1023 3625 1098">
    <p class='ocr_par' dir='ltr' id='par_1_46' title="bbox 1971 1023 3625 1098">
     <span class='ocr_line' id='line_1_46' title="bbox 1971 1023 3625 1098; baseline -0.005 -14"><span class='ocrx_word' id='word_1_333' title='bbox 1971 1026 2258 1084; x_wconf 79' lang='lat' dir='ltr'><strong>voluntati</strong></span> <span class='ocrx_word' id='word_1_334' title='bbox 2296 1041 2529 1098; x_wconf 85' lang='lat' dir='ltr'><strong>semper</strong></span> <span class='ocrx_word' id='word_1_335' title='bbox 2562 1023 2902 1096; x_wconf 88' lang='lat' dir='ltr'><strong>oppositam</strong></span> <span class='ocrx_word' id='word_1_336' title='bbox 2947 1027 3004 1079; x_wconf 91' lang='lat' dir='ltr'><strong>et</strong></span> <span class='ocrx_word' id='word_1_337' title='bbox 3047 1026 3420 1078; x_wconf 83' lang='lat' dir='ltr'><strong>accusantem</strong></span> <span class='ocrx_word' id='word_1_338' title='bbox 3463 1036 3625 1087; x_wconf 90' lang='lat' dir='ltr'><strong>eum,</strong></span> 
     </span>
    </p>
   </div>
   <div class='ocr_carea' id='block_1_47' title="bbox 1970 1109 3613 1187">
    <p class='ocr_par' dir='ltr' id='par_1_47' title="bbox 1970 1109 3613 1187">
     <span class='ocr_line' id='line_1_47' title="bbox 1970 1109 3613 1187; baseline -0.002 -18"><span class='ocrx_word' id='word_1_339' title='bbox 1970 1115 2072 1187; x_wconf 87' lang='lat' dir='ltr'><strong>qui</strong></span> <span class='ocrx_word' id='word_1_340' title='bbox 2102 1113 2256 1170; x_wconf 90' lang='lat' dir='ltr'><strong>male</strong></span> <span class='ocrx_word' id='word_1_341' title='bbox 2285 1118 2600 1186; x_wconf 86' lang='lat' dir='ltr'><strong>operatur;</strong></span> <span class='ocrx_word' id='word_1_342' title='bbox 2624 1111 2774 1167; x_wconf 85' lang='lat' dir='ltr'><strong>viam</strong></span> <span class='ocrx_word' id='word_1_343' title='bbox 2797 1117 3018 1178; x_wconf 90' lang='lat' dir='ltr'><strong>autem,</strong></span> <span class='ocrx_word' id='word_1_344' title='bbox 3045 1113 3399 1183; x_wconf 70' lang='lat' dir='ltr'><strong>praesentem</strong></span> <span class='ocrx_word' id='word_1_345' title='bbox 3429 1109 3613 1165; x_wconf 84' lang='lat' dir='ltr'><strong>vitam</strong></span> 
     </span>
    </p>
   </div>
   <div class='ocr_carea' id='block_1_48' title="bbox 1970 1197 3623 1276">
    <p class='ocr_par' dir='ltr' id='par_1_48' title="bbox 1970 1197 3623 1276">
     <span class='ocr_line' id='line_1_48' title="bbox 1970 1197 3623 1276; baseline -0.004 -17"><span class='ocrx_word' id='word_1_346' title='bbox 1970 1204 2027 1259; x_wconf 89' lang='lat' dir='ltr'><strong>in</strong></span> <span class='ocrx_word' id='word_1_347' title='bbox 2067 1219 2190 1276; x_wconf 85' lang='lat' dir='ltr'><strong>qua</strong></span> <span class='ocrx_word' id='word_1_348' title='bbox 2217 1201 2580 1259; x_wconf 86' lang='lat' dir='ltr'><strong>benevolum</strong></span> <span class='ocrx_word' id='word_1_349' title='bbox 2628 1215 2760 1256; x_wconf 91' lang='lat' dir='ltr'><strong>esse</strong></span> <span class='ocrx_word' id='word_1_350' title='bbox 2799 1204 3027 1271; x_wconf 85' lang='lat' dir='ltr'><strong>oportet</strong></span> <span class='ocrx_word' id='word_1_351' title='bbox 3057 1199 3180 1253; x_wconf 86' lang='lat' dir='ltr'><strong>sive</strong></span> <span class='ocrx_word' id='word_1_352' title='bbox 3226 1197 3623 1265; x_wconf 86' lang='lat' dir='ltr'><strong>obedientem,</strong></span> 
     </span>
    </p>
   </div>
   <div class='ocr_carea' id='block_1_49' title="bbox 1970 1287 3336 1355">
    <p class='ocr_par' dir='ltr' id='par_1_49' title="bbox 1970 1287 3336 1355">
     <span class='ocr_line' id='line_1_49' title="bbox 1970 1287 3336 1355; baseline -0.006 -7"><span class='ocrx_word' id='word_1_353' title='bbox 1970 1292 2223 1348; x_wconf 85' lang='lat' dir='ltr'><strong>honesta</strong></span> <span class='ocrx_word' id='word_1_354' title='bbox 2251 1290 2618 1355; x_wconf 84' lang='lat' dir='ltr'><strong>concedenti,</strong></span> <span class='ocrx_word' id='word_1_355' title='bbox 2647 1294 2706 1344; x_wconf 87' lang='lat' dir='ltr'><strong>et</strong></span> <span class='ocrx_word' id='word_1_356' title='bbox 2735 1304 2770 1344; x_wconf 92' lang='lat' dir='ltr'><strong>a</strong></span> <span class='ocrx_word' id='word_1_357' title='bbox 2803 1288 2975 1343; x_wconf 89' lang='lat' dir='ltr'><strong>malis</strong></span> <span class='ocrx_word' id='word_1_358' title='bbox 2999 1287 3336 1343; x_wconf 89' lang='lat' dir='ltr'><strong>deterrenti.</strong></span> 
     </span>
    </p>
   </div>
   <div class='ocr_carea' id='block_1_50' title="bbox 2045 1375 3625 1447">
    <p class='ocr_par' dir='ltr' id='par_1_50' title="bbox 2045 1375 3625 1447">
     <span class='ocr_line' id='line_1_50' title="bbox 2045 1375 3625 1447; baseline -0.003 -11"><span class='ocrx_word' id='word_1_359' title='bbox 2045 1380 2555 1447; x_wconf 83' lang='lat' dir='ltr'><strong>Quemadmodum</strong></span> <span class='ocrx_word' id='word_1_360' title='bbox 2586 1377 2662 1433; x_wconf 90' lang='lat' dir='ltr'><strong>ad</strong></span> <span class='ocrx_word' id='word_1_361' title='bbox 2694 1378 2970 1434; x_wconf 83' lang='lat' dir='ltr'><strong>virtutem</strong></span> <span class='ocrx_word' id='word_1_362' title='bbox 2988 1375 3286 1432; x_wconf 84' lang='lat' dir='ltr'><strong>exhortari</strong></span> <span class='ocrx_word' id='word_1_363' title='bbox 3311 1375 3480 1439; x_wconf 88' lang='lat' dir='ltr'><strong>solet,</strong></span> <span class='ocrx_word' id='word_1_364' title='bbox 3507 1391 3625 1431; x_wconf 91' lang='lat' dir='ltr'><strong>non</strong></span> 
     </span>
    </p>
   </div>
   <div class='ocr_carea' id='block_1_51' title="bbox 1971 1465 3625 1540">
    <p class='ocr_par' dir='ltr' id='par_1_51' title="bbox 1971 1465 3625 1540">
     <span class='ocr_line' id='line_1_51' title="bbox 1971 1465 3625 1540; baseline -0.003 -15"><span class='ocrx_word' id='word_1_365' title='bbox 1971 1469 2168 1525; x_wconf 90' lang='lat' dir='ltr'><strong>solum</strong></span> <span class='ocrx_word' id='word_1_366' title='bbox 2198 1485 2302 1540; x_wconf 89' lang='lat' dir='ltr'><strong>per</strong></span> <span class='ocrx_word' id='word_1_367' title='bbox 2330 1485 2400 1524; x_wconf 88' lang='lat' dir='ltr'><strong>ea</strong></span> <span class='ocrx_word' id='word_1_368' title='bbox 2427 1485 2557 1538; x_wconf 70' lang='lat' dir='ltr'><strong>qua:</strong></span> <span class='ocrx_word' id='word_1_369' title='bbox 2584 1466 2777 1523; x_wconf 88' lang='lat' dir='ltr'><strong>futura</strong></span> <span class='ocrx_word' id='word_1_370' title='bbox 2810 1470 2964 1529; x_wconf 91' lang='lat' dir='ltr'><strong>sunt,</strong></span> <span class='ocrx_word' id='word_1_371' title='bbox 2997 1465 3100 1521; x_wconf 90' lang='lat' dir='ltr'><strong>sed</strong></span> <span class='ocrx_word' id='word_1_372' title='bbox 3131 1465 3310 1521; x_wconf 90' lang='lat' dir='ltr'><strong>etiam</strong></span> <span class='ocrx_word' id='word_1_373' title='bbox 3341 1480 3446 1537; x_wconf 90' lang='lat' dir='ltr'><strong>per</strong></span> <span class='ocrx_word' id='word_1_374' title='bbox 3477 1480 3625 1536; x_wconf 71' lang='lat' dir='ltr'><strong>prm-</strong></span> 
     </span>
    </p>
   </div>
   <div class='ocr_carea' id='block_1_52' title="bbox 1969 1553 3624 1626">
    <p class='ocr_par' dir='ltr' id='par_1_52' title="bbox 1969 1553 3624 1626">
     <span class='ocr_line' id='line_1_52' title="bbox 1969 1553 3624 1626; baseline -0.004 -12"><span class='ocrx_word' id='word_1_375' title='bbox 1969 1560 2177 1626; x_wconf 86' lang='lat' dir='ltr'><strong>sentia,</strong></span> <span class='ocrx_word' id='word_1_376' title='bbox 2205 1558 2354 1613; x_wconf 89' lang='lat' dir='ltr'><strong>sicut</strong></span> <span class='ocrx_word' id='word_1_377' title='bbox 2375 1559 2432 1612; x_wconf 91' lang='lat' dir='ltr'><strong>in</strong></span> <span class='ocrx_word' id='word_1_378' title='bbox 2458 1555 2925 1611; x_wconf 83' lang='lat' dir='ltr'><strong>Beatitudinibus</strong></span> <span class='ocrx_word' id='word_1_379' title='bbox 2946 1554 3209 1610; x_wconf 82' lang='lat' dir='ltr'><strong>diximus</strong></span> <span class='ocrx_word' id='word_1_380' title='bbox 3235 1571 3245 1608; x_wconf 93' lang='lat'>:</span> <span class='ocrx_word' id='word_1_381' title='bbox 3283 1553 3364 1610; x_wconf 89' lang='lat' dir='ltr'><strong>ita</strong></span> <span class='ocrx_word' id='word_1_382' title='bbox 3385 1568 3624 1609; x_wconf 85' lang='lat' dir='ltr'><strong>rursum</strong></span> 
     </span>
    </p>
   </div>
   <div class='ocr_carea' id='block_1_53' title="bbox 1970 1641 3625 1716">
    <p class='ocr_par' dir='ltr' id='par_1_53' title="bbox 1970 1641 3625 1716">
     <span class='ocr_line' id='line_1_53' title="bbox 1970 1641 3625 1716; baseline -0.002 -13"><span class='ocrx_word' id='word_1_383' title='bbox 1970 1662 2006 1703; x_wconf 87' lang='lat' dir='ltr'><strong>a</strong></span> <span class='ocrx_word' id='word_1_384' title='bbox 2035 1647 2196 1703; x_wconf 90' lang='lat' dir='ltr'><strong>malo</strong></span> <span class='ocrx_word' id='word_1_385' title='bbox 2237 1645 2383 1702; x_wconf 89' lang='lat' dir='ltr'><strong>solet</strong></span> <span class='ocrx_word' id='word_1_386' title='bbox 2422 1650 2703 1708; x_wconf 86' lang='lat' dir='ltr'><strong>avertere,</strong></span> <span class='ocrx_word' id='word_1_387' title='bbox 2740 1660 2859 1700; x_wconf 91' lang='lat' dir='ltr'><strong>non</strong></span> <span class='ocrx_word' id='word_1_388' title='bbox 2891 1659 2994 1716; x_wconf 91' lang='lat' dir='ltr'><strong>per</strong></span> <span class='ocrx_word' id='word_1_389' title='bbox 3026 1643 3224 1700; x_wconf 84' lang='lat' dir='ltr'><strong>futura</strong></span> <span class='ocrx_word' id='word_1_390' title='bbox 3254 1643 3473 1707; x_wconf 91' lang='lat' dir='ltr'><strong>solum,</strong></span> <span class='ocrx_word' id='word_1_391' title='bbox 3517 1641 3625 1699; x_wconf 85' lang='lat' dir='ltr'><strong>sed</strong></span> 
     </span>
    </p>
   </div>
   <div class='ocr_carea' id='block_1_54' title="bbox 1969 1731 3623 1808">
    <p class='ocr_par' dir='ltr' id='par_1_54' title="bbox 1969 1731 3623 1808">
     <span class='ocr_line' id='line_1_54' title="bbox 1969 1731 3623 1808; baseline -0.003 -16"><span class='ocrx_word' id='word_1_392' title='bbox 1969 1737 2149 1792; x_wconf 89' lang='lat' dir='ltr'><strong>etiam</strong></span> <span class='ocrx_word' id='word_1_393' title='bbox 2179 1751 2286 1808; x_wconf 92' lang='lat' dir='ltr'><strong>per</strong></span> <span class='ocrx_word' id='word_1_394' title='bbox 2314 1735 2649 1807; x_wconf 68' lang='lat' dir='ltr'><strong>praesentia.</strong></span> <span class='ocrx_word' id='word_1_395' title='bbox 2670 1735 2988 1806; x_wconf 88' lang='lat' dir='ltr'><strong>Postquam</strong></span> <span class='ocrx_word' id='word_1_396' title='bbox 3015 1732 3176 1787; x_wconf 89' lang='lat' dir='ltr'><strong>enim</strong></span> <span class='ocrx_word' id='word_1_397' title='bbox 3201 1731 3274 1787; x_wconf 91' lang='lat' dir='ltr'><strong>ab</strong></span> <span class='ocrx_word' id='word_1_398' title='bbox 3293 1731 3434 1788; x_wconf 93' lang='lat' dir='ltr'><strong>odio</strong></span> <span class='ocrx_word' id='word_1_399' title='bbox 3459 1746 3623 1787; x_wconf 88' lang='lat' dir='ltr'><strong>revo-</strong></span> 
     </span>
    </p>
   </div>
   <div class='ocr_carea' id='block_1_55' title="bbox 1970 1820 3625 1896">
    <p class='ocr_par' dir='ltr' id='par_1_55' title="bbox 1970 1820 3625 1896">
     <span class='ocr_line' id='line_1_55' title="bbox 1970 1820 3625 1896; baseline -0.004 -15"><span class='ocrx_word' id='word_1_400' title='bbox 1970 1825 2126 1881; x_wconf 90' lang='lat' dir='ltr'><strong>cavit</strong></span> <span class='ocrx_word' id='word_1_401' title='bbox 2152 1839 2258 1896; x_wconf 91' lang='lat' dir='ltr'><strong>per</strong></span> <span class='ocrx_word' id='word_1_402' title='bbox 2289 1824 2545 1878; x_wconf 82' lang='lat' dir='ltr'><strong>futuram</strong></span> <span class='ocrx_word' id='word_1_403' title='bbox 2562 1822 2939 1894; x_wconf 87' lang='lat' dir='ltr'><strong>gehennam:</strong></span> <span class='ocrx_word' id='word_1_404' title='bbox 2963 1836 3123 1877; x_wconf 90' lang='lat' dir='ltr'><strong>nunc</strong></span> <span class='ocrx_word' id='word_1_405' title='bbox 3147 1820 3303 1876; x_wconf 90' lang='lat' dir='ltr'><strong>idem</strong></span> <span class='ocrx_word' id='word_1_406' title='bbox 3319 1820 3625 1876; x_wconf 86' lang='lat' dir='ltr'><strong>dissuadet</strong></span> 
     </span>
    </p>
   </div>
   <div class='ocr_carea' id='block_1_56' title="bbox 1969 1911 3624 1984">
    <p class='ocr_par' dir='ltr' id='par_1_56' title="bbox 1969 1911 3624 1984">
     <span class='ocr_line' id='line_1_56' title="bbox 1969 1911 3624 1984; baseline -0.002 -14"><span class='ocrx_word' id='word_1_407' title='bbox 1969 1919 2025 1970; x_wconf 91' lang='lat' dir='ltr'><strong>et</strong></span> <span class='ocrx_word' id='word_1_408' title='bbox 2055 1915 2278 1970; x_wconf 89' lang='lat' dir='ltr'><strong>territat</strong></span> <span class='ocrx_word' id='word_1_409' title='bbox 2302 1929 2407 1984; x_wconf 88' lang='lat' dir='ltr'><strong>per</strong></span> <span class='ocrx_word' id='word_1_410' title='bbox 2427 1918 2780 1984; x_wconf 71' lang='lat' dir='ltr'><strong>prassentem</strong></span> <span class='ocrx_word' id='word_1_411' title='bbox 2805 1911 3093 1982; x_wconf 91' lang='lat' dir='ltr'><strong>judicem,</strong></span> <span class='ocrx_word' id='word_1_412' title='bbox 3117 1916 3173 1966; x_wconf 89' lang='lat' dir='ltr'><strong>et</strong></span> <span class='ocrx_word' id='word_1_413' title='bbox 3205 1926 3276 1966; x_wconf 92' lang='lat' dir='ltr'><strong>ea</strong></span> <span class='ocrx_word' id='word_1_414' title='bbox 3305 1925 3441 1982; x_wconf 68' lang='lat' dir='ltr'><strong>quas</strong></span> <span class='ocrx_word' id='word_1_415' title='bbox 3473 1925 3624 1982; x_wconf 89' lang='lat' dir='ltr'><strong>quo-</strong></span> 
     </span>
    </p>
   </div>
   <div class='ocr_carea' id='block_1_57' title="bbox 1969 1997 3627 2071">
    <p class='ocr_par' dir='ltr' id='par_1_57' title="bbox 1969 1997 3627 2071">
     <span class='ocr_line' id='line_1_57' title="bbox 1969 1997 3627 2071; baseline -0.002 -12"><span class='ocrx_word' id='word_1_416' title='bbox 1969 2003 2108 2059; x_wconf 92' lang='lat' dir='ltr'><strong>tidie</strong></span> <span class='ocrx_word' id='word_1_417' title='bbox 2131 2001 2428 2058; x_wconf 89' lang='lat' dir='ltr'><strong>accidunt.</strong></span> <span class='ocrx_word' id='word_1_418' title='bbox 2456 2000 2605 2056; x_wconf 89' lang='lat' dir='ltr'><strong>Dicit</strong></span> <span class='ocrx_word' id='word_1_419' title='bbox 2625 2016 2797 2071; x_wconf 85' lang='lat' dir='ltr'><strong>ergo:</strong></span> <span class='ocrx_word' id='word_1_420' title='bbox 2837 2000 2892 2056; x_wconf 92' lang='lat' dir='ltr'><strong>Si</strong></span> <span class='ocrx_word' id='word_1_421' title='bbox 2914 2000 3093 2056; x_wconf 88' lang='lat' dir='ltr'><strong>etiam</strong></span> <span class='ocrx_word' id='word_1_422' title='bbox 3117 1999 3194 2056; x_wconf 90' lang='lat' dir='ltr'><strong>ad</strong></span> <span class='ocrx_word' id='word_1_423' title='bbox 3224 1997 3483 2055; x_wconf 86' lang='lat' dir='ltr'><strong>tribunal</strong></span> <span class='ocrx_word' id='word_1_424' title='bbox 3510 2005 3627 2056; x_wconf 84' lang='lat' dir='ltr'><strong>tra-</strong></span> 
     </span>
    </p>
   </div>
   <div class='ocr_carea' id='block_1_58' title="bbox 1966 2087 3624 2159">
    <p class='ocr_par' dir='ltr' id='par_1_58' title="bbox 1966 2087 3624 2159">
     <span class='ocr_line' id='line_1_58' title="bbox 1966 2087 3624 2159; baseline -0.002 -11"><span class='ocrx_word' id='word_1_425' title='bbox 1966 2091 2148 2159; x_wconf 88' lang='lat' dir='ltr'><strong>haris,</strong></span> <span class='ocrx_word' id='word_1_426' title='bbox 2179 2097 2304 2147; x_wconf 88' lang='lat' dir='ltr'><strong>esto</strong></span> <span class='ocrx_word' id='word_1_427' title='bbox 2333 2089 2646 2146; x_wconf 88' lang='lat' dir='ltr'><strong>benevolus</strong></span> <span class='ocrx_word' id='word_1_428' title='bbox 2675 2105 2817 2158; x_wconf 88' lang='lat' dir='ltr'><strong>erga</strong></span> <span class='ocrx_word' id='word_1_429' title='bbox 2843 2088 3246 2144; x_wconf 85' lang='lat' dir='ltr'><strong>adversarium</strong></span> <span class='ocrx_word' id='word_1_430' title='bbox 3288 2094 3477 2153; x_wconf 90' lang='lat' dir='ltr'><strong>tuum,</strong></span> <span class='ocrx_word' id='word_1_431' title='bbox 3510 2087 3624 2145; x_wconf 82' lang='lat' dir='ltr'><strong>hoc</strong></span> 
     </span>
    </p>
   </div>
   <div class='ocr_carea' id='block_1_59' title="bbox 1967 2176 3623 2252">
    <p class='ocr_par' dir='ltr' id='par_1_59' title="bbox 1967 2176 3623 2252">
     <span class='ocr_line' id='line_1_59' title="bbox 1967 2176 3623 2252; baseline -0.004 -14"><span class='ocrx_word' id='word_1_432' title='bbox 1967 2180 2319 2252; x_wconf 83' lang='lat' dir='ltr'><strong>est,fiasipsi</strong></span> <span class='ocrx_word' id='word_1_433' title='bbox 2342 2179 2594 2245; x_wconf 90' lang='lat' dir='ltr'><strong>amicus,</strong></span> <span class='ocrx_word' id='word_1_434' title='bbox 2620 2179 3098 2250; x_wconf 90' lang='lat' dir='ltr'><strong>quandocunque</strong></span> <span class='ocrx_word' id='word_1_435' title='bbox 3121 2193 3253 2233; x_wconf 92' lang='lat' dir='ltr'><strong>cum</strong></span> <span class='ocrx_word' id='word_1_436' title='bbox 3285 2177 3416 2249; x_wconf 88' lang='lat' dir='ltr'><strong>ipso</strong></span> <span class='ocrx_word' id='word_1_437' title='bbox 3443 2176 3623 2233; x_wconf 79' lang='lat' dir='ltr'><strong>fueris</strong></span> 
     </span>
    </p>
   </div>
   <div class='ocr_carea' id='block_1_60' title="bbox 1967 2267 3626 2341">
    <p class='ocr_par' dir='ltr' id='par_1_60' title="bbox 1967 2267 3626 2341">
     <span class='ocr_line' id='line_1_60' title="bbox 1967 2267 3626 2341; baseline -0.003 -16"><span class='ocrx_word' id='word_1_438' title='bbox 1967 2271 2028 2326; x_wconf 92' lang='lat' dir='ltr'><strong>in</strong></span> <span class='ocrx_word' id='word_1_439' title='bbox 2059 2269 2175 2335; x_wconf 88' lang='lat' dir='ltr'><strong>via,</strong></span> <span class='ocrx_word' id='word_1_440' title='bbox 2207 2285 2342 2341; x_wconf 67' lang='lat' dir='ltr'><strong>qua:</strong></span> <span class='ocrx_word' id='word_1_441' title='bbox 2372 2274 2424 2324; x_wconf 88' lang='lat' dir='ltr'><strong>te</strong></span> <span class='ocrx_word' id='word_1_442' title='bbox 2453 2268 2613 2324; x_wconf 90' lang='lat' dir='ltr'><strong>ducit</strong></span> <span class='ocrx_word' id='word_1_443' title='bbox 2636 2267 2708 2322; x_wconf 88' lang='lat' dir='ltr'><strong>ad</strong></span> <span class='ocrx_word' id='word_1_444' title='bbox 2729 2267 2995 2338; x_wconf 89' lang='lat' dir='ltr'><strong>judicem</strong></span> <span class='ocrx_word' id='word_1_445' title='bbox 3029 2290 3040 2322; x_wconf 89' lang='lat'>:</span> <span class='ocrx_word' id='word_1_446' title='bbox 3077 2268 3431 2338; x_wconf 85' lang='lat' dir='ltr'><strong>priusquam</strong></span> <span class='ocrx_word' id='word_1_447' title='bbox 3464 2267 3626 2321; x_wconf 86' lang='lat' dir='ltr'><strong>vide-</strong></span> 
     </span>
    </p>
   </div>
   <div class='ocr_carea' id='block_1_61' title="bbox 1966 2354 3622 2428">
    <p class='ocr_par' dir='ltr' id='par_1_61' title="bbox 1966 2354 3622 2428">
     <span class='ocr_line' id='line_1_61' title="bbox 1966 2354 3622 2428; baseline -0.002 -15"><span class='ocrx_word' id='word_1_448' title='bbox 1966 2358 2105 2414; x_wconf 90' lang='lat' dir='ltr'><strong>licet</strong></span> <span class='ocrx_word' id='word_1_449' title='bbox 2143 2358 2216 2413; x_wconf 91' lang='lat' dir='ltr'><strong>ad</strong></span> <span class='ocrx_word' id='word_1_450' title='bbox 2253 2357 2518 2428; x_wconf 89' lang='lat' dir='ltr'><strong>judicem</strong></span> <span class='ocrx_word' id='word_1_451' title='bbox 2569 2357 2796 2420; x_wconf 86' lang='lat' dir='ltr'><strong>venias,</strong></span> <span class='ocrx_word' id='word_1_452' title='bbox 2831 2361 2970 2412; x_wconf 89' lang='lat' dir='ltr'><strong>tunc</strong></span> <span class='ocrx_word' id='word_1_453' title='bbox 3019 2355 3178 2411; x_wconf 90' lang='lat' dir='ltr'><strong>enim</strong></span> <span class='ocrx_word' id='word_1_454' title='bbox 3211 2355 3316 2410; x_wconf 92' lang='lat' dir='ltr'><strong>tibi</strong></span> <span class='ocrx_word' id='word_1_455' title='bbox 3356 2354 3491 2410; x_wconf 90' lang='lat' dir='ltr'><strong>licet</strong></span> <span class='ocrx_word' id='word_1_456' title='bbox 3536 2369 3622 2410; x_wconf 86' lang='lat' dir='ltr'><strong>re-</strong></span> 
     </span>
    </p>
   </div>
   <div class='ocr_carea' id='block_1_62' title="bbox 1967 2442 3625 2517">
    <p class='ocr_par' dir='ltr' id='par_1_62' title="bbox 1967 2442 3625 2517">
     <span class='ocr_line' id='line_1_62' title="bbox 1967 2442 3625 2517; baseline -0.004 -15"><span class='ocrx_word' id='word_1_457' title='bbox 1967 2446 2264 2502; x_wconf 90' lang='lat' dir='ltr'><strong>conciliari</strong></span> <span class='ocrx_word' id='word_1_458' title='bbox 2297 2445 2662 2500; x_wconf 85' lang='lat' dir='ltr'><strong>exsolvendo</strong></span> <span class='ocrx_word' id='word_1_459' title='bbox 2699 2446 3003 2517; x_wconf 88' lang='lat' dir='ltr'><strong>pecunias,</strong></span> <span class='ocrx_word' id='word_1_460' title='bbox 3045 2459 3199 2516; x_wconf 88' lang='lat' dir='ltr'><strong>quas</strong></span> <span class='ocrx_word' id='word_1_461' title='bbox 3249 2445 3437 2500; x_wconf 84' lang='lat' dir='ltr'><strong>Lucas</strong></span> <span class='ocrx_word' id='word_1_462' title='bbox 3476 2442 3625 2517; x_wconf 72' lang='grc' dir='ltr'><strong><em>ἔργα·</em></strong></span> 
     </span>
    </p>
   </div>
   <div class='ocr_carea' id='block_1_63' title="bbox 1969 2533 3623 2605">
    <p class='ocr_par' dir='ltr' id='par_1_63' title="bbox 1969 2533 3623 2605">
     <span class='ocr_line' id='line_1_63' title="bbox 1969 2533 3623 2605; baseline -0.001 -17"><span class='ocrx_word' id='word_1_463' title='bbox 1969 2540 2108 2598; x_wconf 83' lang='grc' dir='ltr'><strong><em>σίαν,</em></strong></span> <span class='ocrx_word' id='word_1_464' title='bbox 2139 2534 2200 2590; x_wconf 91' lang='lat' dir='ltr'><strong>id</strong></span> <span class='ocrx_word' id='word_1_465' title='bbox 2231 2540 2337 2600; x_wconf 88' lang='lat' dir='ltr'><strong>est,</strong></span> <span class='ocrx_word' id='word_1_466' title='bbox 2379 2549 2622 2605; x_wconf 82' lang='lat' dir='ltr'><strong>cperam</strong></span> <span class='ocrx_word' id='word_1_467' title='bbox 2673 2533 2818 2589; x_wconf 88' lang='lat' dir='ltr'><strong>dixit</strong></span> <span class='ocrx_word' id='word_1_468' title='bbox 2844 2535 2912 2596; x_wconf 73' lang='lat'><strong>9&#39;,</strong></span> <span class='ocrx_word' id='word_1_469' title='bbox 2942 2533 3084 2605; x_wconf 91' lang='lat' dir='ltr'><strong>quia</strong></span> <span class='ocrx_word' id='word_1_470' title='bbox 3115 2539 3438 2603; x_wconf 88' lang='lat' dir='ltr'><strong>operantur</strong></span> <span class='ocrx_word' id='word_1_471' title='bbox 3485 2547 3623 2604; x_wconf 75' lang='lat' dir='ltr'><strong>qum</strong></span> 
     </span>
    </p>
   </div>
   <div class='ocr_carea' id='block_1_64' title="bbox 1965 2619 3626 2693">
    <p class='ocr_par' dir='ltr' id='par_1_64' title="bbox 1965 2619 3626 2693">
     <span class='ocr_line' id='line_1_64' title="bbox 1965 2619 3626 2693; baseline -0.001 -15"><span class='ocrx_word' id='word_1_472' title='bbox 1965 2621 2263 2686; x_wconf 89' lang='lat' dir='ltr'><strong>volumus,</strong></span> <span class='ocrx_word' id='word_1_473' title='bbox 2317 2637 2384 2676; x_wconf 89' lang='lat' dir='ltr'><strong>ac</strong></span> <span class='ocrx_word' id='word_1_474' title='bbox 2423 2620 2733 2693; x_wconf 79' lang='lat' dir='ltr'><strong>perficiunt</strong></span> <span class='ocrx_word' id='word_1_475' title='bbox 2788 2619 2954 2692; x_wconf 91' lang='lat' dir='ltr'><strong>quod</strong></span> <span class='ocrx_word' id='word_1_476' title='bbox 2993 2624 3297 2692; x_wconf 87' lang='lat' dir='ltr'><strong>optamus.</strong></span> <span class='ocrx_word' id='word_1_477' title='bbox 3340 2621 3518 2690; x_wconf 85' lang='lat' dir='ltr'><strong>(Nam</strong></span> <span class='ocrx_word' id='word_1_478' title='bbox 3568 2622 3626 2676; x_wconf 85' lang='lat' dir='ltr'><strong>et</strong></span> 
     </span>
    </p>
   </div>
   <div class='ocr_carea' id='block_1_65' title="bbox 1964 2707 3626 2787">
    <p class='ocr_par' dir='ltr' id='par_1_65' title="bbox 1964 2707 3626 2787">
     <span class='ocr_line' id='line_1_65' title="bbox 1964 2707 3626 2787; baseline -0.001 -23"><span class='ocrx_word' id='word_1_479' title='bbox 1964 2711 2191 2787; x_wconf 71' lang='grc' dir='ltr'><strong><em>ἐργασία</em></strong></span> <span class='ocrx_word' id='word_1_480' title='bbox 2217 2710 2294 2766; x_wconf 89' lang='lat' dir='ltr'><strong>ab</strong></span> <span class='ocrx_word' id='word_1_481' title='bbox 2324 2709 2615 2785; x_wconf 72' lang='grc' dir='ltr'><strong><em>ἐργάζομαι</em></strong></span> <span class='ocrx_word' id='word_1_482' title='bbox 2667 2709 2900 2775; x_wconf 87' lang='lat' dir='ltr'><strong>dicitur,</strong></span> <span class='ocrx_word' id='word_1_483' title='bbox 2945 2708 3098 2764; x_wconf 89' lang='lat' dir='ltr'><strong>sicut</strong></span> <span class='ocrx_word' id='word_1_484' title='bbox 3144 2724 3328 2780; x_wconf 90' lang='lat' dir='ltr'><strong>opera</strong></span> <span class='ocrx_word' id='word_1_485' title='bbox 3368 2707 3446 2764; x_wconf 91' lang='lat' dir='ltr'><strong>ab</strong></span> <span class='ocrx_word' id='word_1_486' title='bbox 3487 2722 3626 2779; x_wconf 86' lang='lat' dir='ltr'><strong>ope-</strong></span> 
     </span>
    </p>
   </div>
   <div class='ocr_carea' id='block_1_66' title="bbox 1963 2795 3624 2871">
    <p class='ocr_par' dir='ltr' id='par_1_66' title="bbox 1963 2795 3624 2871">
     <span class='ocr_line' id='line_1_66' title="bbox 1963 2795 3624 2871; baseline -0.001 -15"><span class='ocrx_word' id='word_1_487' title='bbox 1963 2800 2204 2871; x_wconf 87' lang='lat' dir='ltr'><strong>rando.)</strong></span> <span class='ocrx_word' id='word_1_488' title='bbox 2261 2799 2460 2855; x_wconf 89' lang='lat' dir='ltr'><strong>Melius</strong></span> <span class='ocrx_word' id='word_1_489' title='bbox 2515 2803 2603 2854; x_wconf 92' lang='lat' dir='ltr'><strong>est</strong></span> <span class='ocrx_word' id='word_1_490' title='bbox 2647 2798 2807 2856; x_wconf 90' lang='lat' dir='ltr'><strong>enim</strong></span> <span class='ocrx_word' id='word_1_491' title='bbox 2875 2797 3143 2853; x_wconf 90' lang='lat' dir='ltr'><strong>debitum</strong></span> <span class='ocrx_word' id='word_1_492' title='bbox 3191 2797 3314 2853; x_wconf 92' lang='lat' dir='ltr'><strong>sive</strong></span> <span class='ocrx_word' id='word_1_493' title='bbox 3367 2795 3624 2854; x_wconf 88' lang='lat' dir='ltr'><strong>multam</strong></span> 
     </span>
    </p>
   </div>
   <div class='ocr_carea' id='block_1_67' title="bbox 1964 2885 3624 2961">
    <p class='ocr_par' dir='ltr' id='par_1_67' title="bbox 1964 2885 3624 2961">
     <span class='ocr_line' id='line_1_67' title="bbox 1964 2885 3624 2961; baseline -0.003 -14"><span class='ocrx_word' id='word_1_494' title='bbox 1964 2889 2486 2961; x_wconf 85' lang='lat' dir='ltr'><strong>exsolvere,quam</strong></span> <span class='ocrx_word' id='word_1_495' title='bbox 2495 2887 2725 2958; x_wconf 90' lang='lat' dir='ltr'><strong>judicio</strong></span> <span class='ocrx_word' id='word_1_496' title='bbox 2737 2885 3095 2942; x_wconf 89' lang='lat' dir='ltr'><strong>contendere</strong></span> <span class='ocrx_word' id='word_1_497' title='bbox 3117 2903 3130 2951; x_wconf 88' lang='lat'>;</span> <span class='ocrx_word' id='word_1_498' title='bbox 3153 2885 3436 2941; x_wconf 88' lang='lat' dir='ltr'><strong>multatus</strong></span> <span class='ocrx_word' id='word_1_499' title='bbox 3463 2886 3624 2942; x_wconf 89' lang='lat' dir='ltr'><strong>enim</strong></span> 
     </span>
    </p>
   </div>
   <div class='ocr_carea' id='block_1_68' title="bbox 1964 2974 3620 3047">
    <p class='ocr_par' dir='ltr' id='par_1_68' title="bbox 1964 2974 3620 3047">
     <span class='ocr_line' id='line_1_68' title="bbox 1964 2974 3620 3047; baseline -0.003 -12"><span class='ocrx_word' id='word_1_500' title='bbox 1964 2977 2077 3036; x_wconf 89' lang='lat' dir='ltr'><strong>tria</strong></span> <span class='ocrx_word' id='word_1_501' title='bbox 2100 2978 2365 3034; x_wconf 89' lang='lat' dir='ltr'><strong>maxima</strong></span> <span class='ocrx_word' id='word_1_502' title='bbox 2399 2976 2615 3032; x_wconf 85' lang='lat' dir='ltr'><strong>referes</strong></span> <span class='ocrx_word' id='word_1_503' title='bbox 2641 2975 2964 3032; x_wconf 89' lang='lat' dir='ltr'><strong>commoda</strong></span> <span class='ocrx_word' id='word_1_504' title='bbox 2993 2991 3004 3030; x_wconf 91' lang='lat'><strong>:</strong></span> <span class='ocrx_word' id='word_1_505' title='bbox 3036 2980 3198 3047; x_wconf 88' lang='lat' dir='ltr'><strong>puta,</strong></span> <span class='ocrx_word' id='word_1_506' title='bbox 3235 2974 3295 3030; x_wconf 92' lang='lat' dir='ltr'><strong>in</strong></span> <span class='ocrx_word' id='word_1_507' title='bbox 3327 2990 3620 3030; x_wconf 87' lang='lat' dir='ltr'><strong>carcerem</strong></span> 
     </span>
    </p>
   </div>
   <div class='ocr_carea' id='block_1_69' title="bbox 1963 3062 3625 3139">
    <p class='ocr_par' dir='ltr' id='par_1_69' title="bbox 1963 3062 3625 3139">
     <span class='ocr_line' id='line_1_69' title="bbox 1963 3062 3625 3139; baseline -0.002 -17"><span class='ocrx_word' id='word_1_508' title='bbox 1963 3082 2087 3123; x_wconf 92' lang='lat' dir='ltr'><strong>non</strong></span> <span class='ocrx_word' id='word_1_509' title='bbox 2115 3066 2464 3139; x_wconf 88' lang='lat' dir='ltr'><strong>projicieris,</strong></span> <span class='ocrx_word' id='word_1_510' title='bbox 2505 3080 2612 3120; x_wconf 86' lang='lat' dir='ltr'><strong>nec</strong></span> <span class='ocrx_word' id='word_1_511' title='bbox 2637 3064 2715 3120; x_wconf 92' lang='lat' dir='ltr'><strong>ad</strong></span> <span class='ocrx_word' id='word_1_512' title='bbox 2743 3064 3020 3120; x_wconf 88' lang='lat' dir='ltr'><strong>ultimum</strong></span> <span class='ocrx_word' id='word_1_513' title='bbox 3064 3079 3252 3136; x_wconf 68' lang='lat' dir='ltr'><strong>pomis</strong></span> <span class='ocrx_word' id='word_1_514' title='bbox 3298 3068 3397 3120; x_wconf 90' lang='lat' dir='ltr'><strong>aut</strong></span> <span class='ocrx_word' id='word_1_515' title='bbox 3429 3062 3625 3119; x_wconf 72' lang='lat' dir='ltr'><strong>multm</strong></span> 
     </span>
    </p>
   </div>
   <div class='ocr_carea' id='block_1_70' title="bbox 1963 3151 3624 3220">
    <p class='ocr_par' dir='ltr' id='par_1_70' title="bbox 1963 3151 3624 3220">
     <span class='ocr_line' id='line_1_70' title="bbox 1963 3151 3624 3220; baseline -0.002 -8"><span class='ocrx_word' id='word_1_516' title='bbox 1963 3155 2190 3212; x_wconf 86' lang='lat' dir='ltr'><strong>exactio</strong></span> <span class='ocrx_word' id='word_1_517' title='bbox 2217 3171 2252 3211; x_wconf 92' lang='lat' dir='ltr'><strong>a</strong></span> <span class='ocrx_word' id='word_1_518' title='bbox 2285 3161 2336 3211; x_wconf 93' lang='lat' dir='ltr'><strong>te</strong></span> <span class='ocrx_word' id='word_1_519' title='bbox 2368 3155 2485 3220; x_wconf 84' lang='lat' dir='ltr'><strong>ﬁet,</strong></span> <span class='ocrx_word' id='word_1_520' title='bbox 2520 3160 2574 3210; x_wconf 90' lang='lat' dir='ltr'><strong>et</strong></span> <span class='ocrx_word' id='word_1_521' title='bbox 2591 3154 2832 3210; x_wconf 90' lang='lat' dir='ltr'><strong>inimico</strong></span> <span class='ocrx_word' id='word_1_522' title='bbox 2858 3152 3355 3209; x_wconf 89' lang='lat' dir='ltr'><strong>reconciliaberis.</strong></span> <span class='ocrx_word' id='word_1_523' title='bbox 3386 3151 3624 3209; x_wconf 85' lang='lat' dir='ltr'><strong>Judicio</strong></span> 
     </span>
    </p>
   </div>
   <div class='ocr_carea' id='block_1_71' title="bbox 1965 3241 3625 3314">
    <p class='ocr_par' dir='ltr' id='par_1_71' title="bbox 1965 3241 3625 3314">
     <span class='ocr_line' id='line_1_71' title="bbox 1965 3241 3625 3314; baseline -0.004 -12"><span class='ocrx_word' id='word_1_524' title='bbox 1965 3249 2166 3302; x_wconf 89' lang='lat' dir='ltr'><strong>autem</strong></span> <span class='ocrx_word' id='word_1_525' title='bbox 2193 3243 2578 3311; x_wconf 89' lang='lat' dir='ltr'><strong>contendens,</strong></span> <span class='ocrx_word' id='word_1_526' title='bbox 2598 3243 2750 3299; x_wconf 88' lang='lat' dir='ltr'><strong>triae</strong></span> <span class='ocrx_word' id='word_1_527' title='bbox 2782 3242 3009 3298; x_wconf 89' lang='lat' dir='ltr'><strong>diverso</strong></span> <span class='ocrx_word' id='word_1_528' title='bbox 3024 3242 3286 3314; x_wconf 84' lang='lat' dir='ltr'><strong>pessima</strong></span> <span class='ocrx_word' id='word_1_529' title='bbox 3300 3241 3625 3298; x_wconf 87' lang='lat' dir='ltr'><strong>sustinebis</strong></span> 
     </span>
    </p>
   </div>
   <div class='ocr_carea' id='block_1_72' title="bbox 1969 3330 3625 3403">
    <p class='ocr_par' dir='ltr' id='par_1_72' title="bbox 1969 3330 3625 3403">
     <span class='ocr_line' id='line_1_72' title="bbox 1969 3330 3625 3403; baseline -0.001 -15"><span class='ocrx_word' id='word_1_530' title='bbox 1969 3331 2385 3388; x_wconf 90' lang='lat' dir='ltr'><strong>incommoda:</strong></span> <span class='ocrx_word' id='word_1_531' title='bbox 2417 3331 2703 3398; x_wconf 88' lang='lat' dir='ltr'><strong>videlicet,</strong></span> <span class='ocrx_word' id='word_1_532' title='bbox 2738 3332 2797 3387; x_wconf 89' lang='lat' dir='ltr'><strong>in</strong></span> <span class='ocrx_word' id='word_1_533' title='bbox 2829 3346 3129 3388; x_wconf 90' lang='lat' dir='ltr'><strong>carcerem</strong></span> <span class='ocrx_word' id='word_1_534' title='bbox 3172 3330 3528 3403; x_wconf 89' lang='lat' dir='ltr'><strong>projicieris,</strong></span> <span class='ocrx_word' id='word_1_535' title='bbox 3553 3345 3625 3386; x_wconf 89' lang='lat' dir='ltr'><strong>ac</strong></span> 
     </span>
    </p>
   </div>
   <div class='ocr_carea' id='block_1_73' title="bbox 1966 3418 3626 3492">
    <p class='ocr_par' dir='ltr' id='par_1_73' title="bbox 1966 3418 3626 3492">
     <span class='ocr_line' id='line_1_73' title="bbox 1966 3418 3626 3492; baseline -0.001 -16"><span class='ocrx_word' id='word_1_536' title='bbox 1966 3419 2360 3476; x_wconf 88' lang='lat' dir='ltr'><strong>novissimum</strong></span> <span class='ocrx_word' id='word_1_537' title='bbox 2430 3419 2643 3491; x_wconf 89' lang='lat' dir='ltr'><strong>perdes</strong></span> <span class='ocrx_word' id='word_1_538' title='bbox 2704 3419 3124 3492; x_wconf 90' lang='lat' dir='ltr'><strong>quadrantem,</strong></span> <span class='ocrx_word' id='word_1_539' title='bbox 3191 3434 3373 3491; x_wconf 92' lang='lat' dir='ltr'><strong>quem</strong></span> <span class='ocrx_word' id='word_1_540' title='bbox 3433 3418 3626 3474; x_wconf 86' lang='lat' dir='ltr'><strong>Lucas</strong></span> 
     </span>
    </p>
   </div>
   <div class='ocr_carea' id='block_1_74' title="bbox 1967 3507 3625 3580">
    <p class='ocr_par' dir='ltr' id='par_1_74' title="bbox 1967 3507 3625 3580">
     <span class='ocr_line' id='line_1_74' title="bbox 1967 3507 3625 3580; baseline 0 -17"><span class='ocrx_word' id='word_1_541' title='bbox 1967 3510 2340 3580; x_wconf 89' lang='lat' dir='ltr'><strong>postremum</strong></span> <span class='ocrx_word' id='word_1_542' title='bbox 2407 3509 2704 3564; x_wconf 89' lang='lat' dir='ltr'><strong>minutum</strong></span> <span class='ocrx_word' id='word_1_543' title='bbox 2767 3509 2916 3565; x_wconf 88' lang='lat' dir='ltr'><strong>dixit</strong></span> <span class='ocrx_word' id='word_1_544' title='bbox 2974 3510 3044 3574; x_wconf 70' lang='lat'><strong>97,</strong></span> <span class='ocrx_word' id='word_1_545' title='bbox 3104 3507 3218 3563; x_wconf 90' lang='lat' dir='ltr'><strong>hoc</strong></span> <span class='ocrx_word' id='word_1_546' title='bbox 3254 3513 3363 3572; x_wconf 89' lang='lat' dir='ltr'><strong>est,</strong></span> <span class='ocrx_word' id='word_1_547' title='bbox 3423 3507 3625 3563; x_wconf 85' lang='lat' dir='ltr'><strong>minu-</strong></span> 
     </span>
    </p>
   </div>
   <div class='ocr_carea' id='block_1_75' title="bbox 1967 3595 3623 3670">
    <p class='ocr_par' dir='ltr' id='par_1_75' title="bbox 1967 3595 3623 3670">
     <span class='ocr_line' id='line_1_75' title="bbox 1967 3595 3623 3670; baseline -0.001 -17"><span class='ocrx_word' id='word_1_548' title='bbox 1967 3596 2266 3653; x_wconf 88' lang='lat' dir='ltr'><strong>tissimum</strong></span> <span class='ocrx_word' id='word_1_549' title='bbox 2295 3612 2484 3666; x_wconf 89' lang='lat' dir='ltr'><strong>genus</strong></span> <span class='ocrx_word' id='word_1_550' title='bbox 2525 3613 2732 3654; x_wconf 90' lang='lat' dir='ltr'><strong>eorum</strong></span> <span class='ocrx_word' id='word_1_551' title='bbox 2792 3598 2870 3654; x_wconf 90' lang='lat' dir='ltr'><strong>ad</strong></span> <span class='ocrx_word' id='word_1_552' title='bbox 2918 3613 3054 3670; x_wconf 65' lang='lat' dir='ltr'><strong>quae</strong></span> <span class='ocrx_word' id='word_1_553' title='bbox 3108 3595 3397 3652; x_wconf 88' lang='lat' dir='ltr'><strong>solvenda</strong></span> <span class='ocrx_word' id='word_1_554' title='bbox 3442 3595 3623 3652; x_wconf 85' lang='lat' dir='ltr'><strong>fueris</strong></span> 
     </span>
    </p>
   </div>
   <div class='ocr_carea' id='block_1_76' title="bbox 1967 3684 3626 3758">
    <p class='ocr_par' dir='ltr' id='par_1_76' title="bbox 1967 3684 3626 3758">
     <span class='ocr_line' id='line_1_76' title="bbox 1967 3684 3626 3758; baseline 0.001 -17"><span class='ocrx_word' id='word_1_555' title='bbox 1967 3685 2402 3742; x_wconf 88' lang='lat' dir='ltr'><strong>condemnatus</strong></span> <span class='ocrx_word' id='word_1_556' title='bbox 2430 3703 2443 3742; x_wconf 91' lang='lat'>:</span> <span class='ocrx_word' id='word_1_557' title='bbox 2473 3692 2529 3742; x_wconf 92' lang='lat' dir='ltr'><strong>et</strong></span> <span class='ocrx_word' id='word_1_558' title='bbox 2559 3687 2815 3750; x_wconf 90' lang='lat' dir='ltr'><strong>tertium,</strong></span> <span class='ocrx_word' id='word_1_559' title='bbox 2851 3686 3015 3758; x_wconf 90' lang='lat' dir='ltr'><strong>quod</strong></span> <span class='ocrx_word' id='word_1_560' title='bbox 3045 3701 3156 3742; x_wconf 92' lang='lat' dir='ltr'><strong>nec</strong></span> <span class='ocrx_word' id='word_1_561' title='bbox 3185 3686 3263 3742; x_wconf 89' lang='lat' dir='ltr'><strong>ita</strong></span> <span class='ocrx_word' id='word_1_562' title='bbox 3284 3684 3626 3742; x_wconf 89' lang='lat' dir='ltr'><strong>reconcilia-</strong></span> 
     </span>
    </p>
   </div>
   <div class='ocr_carea' id='block_1_77' title="bbox 1961 3773 3620 3848">
    <p class='ocr_par' dir='ltr' id='par_1_77' title="bbox 1961 3773 3620 3848">
     <span class='ocr_line' id='line_1_77' title="bbox 1961 3773 3620 3848; baseline 0.001 -17"><span class='ocrx_word' id='word_1_563' title='bbox 1961 3773 2140 3831; x_wconf 87' lang='lat' dir='ltr'><strong>beris.</strong></span> <span class='ocrx_word' id='word_1_564' title='bbox 2162 3775 2486 3832; x_wconf 89' lang='lat' dir='ltr'><strong>Verisimile</strong></span> <span class='ocrx_word' id='word_1_565' title='bbox 2508 3781 2595 3831; x_wconf 89' lang='lat' dir='ltr'><strong>est</strong></span> <span class='ocrx_word' id='word_1_566' title='bbox 2611 3776 2771 3832; x_wconf 88' lang='lat' dir='ltr'><strong>enim</strong></span> <span class='ocrx_word' id='word_1_567' title='bbox 2796 3775 3211 3832; x_wconf 90' lang='lat' dir='ltr'><strong>adversarium</strong></span> <span class='ocrx_word' id='word_1_568' title='bbox 3245 3790 3620 3848; x_wconf 90' lang='lat' dir='ltr'><strong>permanere,</strong></span> 
     </span>
    </p>
   </div>
   <div class='ocr_carea' id='block_1_78' title="bbox 251 3858 3620 3943">
    <p class='ocr_par' dir='ltr' id='par_1_78' title="bbox 251 3858 3620 3943">
     <span class='ocr_line' id='line_1_78' title="bbox 251 3858 3620 3943; baseline 0.001 -26"><span class='ocrx_word' id='word_1_569' title='bbox 251 3865 789 3934; x_wconf 87' lang='lat' dir='ltr'><strong>quantumcunque</strong></span> <span class='ocrx_word' id='word_1_570' title='bbox 826 3863 877 3914; x_wconf 86' lang='lat' dir='ltr'><strong>te</strong></span> <span class='ocrx_word' id='word_1_571' title='bbox 900 3858 1104 3915; x_wconf 89' lang='lat' dir='ltr'><strong>vicerit</strong></span> <span class='ocrx_word' id='word_1_572' title='bbox 1133 3859 1242 3928; x_wconf 93' lang='lat' dir='ltr'><strong>(a).</strong></span> <span class='ocrx_word' id='word_1_573' title='bbox 1277 3860 1424 3915; x_wconf 90' lang='lat' dir='ltr'><strong>Sunt</strong></span> <span class='ocrx_word' id='word_1_574' title='bbox 1451 3863 1651 3942; x_wconf 84' lang='lat' dir='ltr'><strong>autem</strong></span> <span class='ocrx_word' id='word_1_575' title='bbox 1677 3859 1950 3932; x_wconf 87' lang='lat' dir='ltr'><strong>quidam,</strong></span> <span class='ocrx_word' id='word_1_576' title='bbox 1972 3863 2076 3937; x_wconf 91' lang='lat' dir='ltr'><strong>qui</strong></span> <span class='ocrx_word' id='word_1_577' title='bbox 2111 3879 2182 3920; x_wconf 89' lang='lat' dir='ltr'><strong>ea</strong></span> <span class='ocrx_word' id='word_1_578' title='bbox 2206 3880 2342 3936; x_wconf 74' lang='lat' dir='ltr'><strong>qum</strong></span> <span class='ocrx_word' id='word_1_579' title='bbox 2382 3865 2540 3922; x_wconf 86' lang='lat' dir='ltr'><strong>dicta</strong></span> <span class='ocrx_word' id='word_1_580' title='bbox 2567 3870 2726 3930; x_wconf 91' lang='lat' dir='ltr'><strong>sunt,</strong></span> <span class='ocrx_word' id='word_1_581' title='bbox 2764 3863 3094 3936; x_wconf 86' lang='lat' dir='ltr'><strong>anagogice</strong></span> <span class='ocrx_word' id='word_1_582' title='bbox 3134 3865 3620 3943; x_wconf 62' lang='lat' dir='ltr'><strong>interpretantur,</strong></span> 
     </span>
    </p>
   </div>
   <div class='ocr_carea' id='block_1_79' title="bbox 253 3939 1719 4020">
    <p class='ocr_par' dir='ltr' id='par_1_79' title="bbox 253 3939 1719 4020">
     <span class='ocr_line' id='line_1_79' title="bbox 253 3939 1719 4020; baseline -0.003 -16"><span class='ocrx_word' id='word_1_583' title='bbox 253 3949 415 4020; x_wconf 90' lang='lat' dir='ltr'><strong>quod</strong></span> <span class='ocrx_word' id='word_1_584' title='bbox 446 3949 908 4020; x_wconf 90' lang='lat' dir='ltr'><strong>Chrysostomus</strong></span> <span class='ocrx_word' id='word_1_585' title='bbox 941 3948 1020 4003; x_wconf 91' lang='lat' dir='ltr'><strong>ad</strong></span> <span class='ocrx_word' id='word_1_586' title='bbox 1051 3962 1318 4019; x_wconf 74' lang='lat' dir='ltr'><strong>praesens</strong></span> <span class='ocrx_word' id='word_1_587' title='bbox 1351 3939 1470 4003; x_wconf 88' lang='lat' dir='ltr'><strong>non</strong></span> <span class='ocrx_word' id='word_1_588' title='bbox 1493 3948 1719 4020; x_wconf 85' lang='lat' dir='ltr'><strong>recipit.</strong></span> 
     </span>
    </p>
   </div>
   <div class='ocr_carea' id='block_1_80' title="bbox 324 4033 1849 4111">
    <p class='ocr_par' dir='ltr' id='par_1_80' title="bbox 324 4033 1849 4111">
     <span class='ocr_line' id='line_1_80' title="bbox 324 4033 1849 4111; baseline 0 -21"><span class='ocrx_word' id='word_1_589' title='bbox 324 4037 612 4090; x_wconf 81' lang='grc' dir='ltr'><strong><em>Ἠκούσατε</em></strong></span> <span class='ocrx_word' id='word_1_590' title='bbox 663 4067 732 4076; x_wconf 91' lang='grc'><strong><em>-</em></strong></span> <span class='ocrx_word' id='word_1_591' title='bbox 780 4035 829 4087; x_wconf 75' lang='grc' dir='ltr'><strong><em>ἕν</em></strong></span> <span class='ocrx_word' id='word_1_592' title='bbox 882 4044 943 4108; x_wconf 66' lang='grc' dir='ltr'><strong>τῇ</strong></span> <span class='ocrx_word' id='word_1_593' title='bbox 1015 4033 1215 4111; x_wconf 80' lang='grc' dir='ltr'><strong><em>καρδίᾳ</em></strong></span> <span class='ocrx_word' id='word_1_594' title='bbox 1286 4036 1468 4094; x_wconf 73' lang='grc' dir='ltr'><strong><em>αὐτοῦ.</em></strong></span> <span class='ocrx_word' id='word_1_595' title='bbox 1526 4041 1625 4090; x_wconf 82' lang='grc' dir='ltr'><strong>Καὶ</strong></span> <span class='ocrx_word' id='word_1_596' title='bbox 1673 4036 1722 4090; x_wconf 76' lang='grc' dir='ltr'><strong>ἐν</strong></span> <span class='ocrx_word' id='word_1_597' title='bbox 1776 4046 1849 4109; x_wconf 86' lang='grc' dir='ltr'><strong>τῷ</strong></span> 
     </span>
    </p>
   </div>
   <div class='ocr_carea' id='block_1_81' title="bbox 253 4124 1848 4200">
    <p class='ocr_par' dir='ltr' id='par_1_81' title="bbox 253 4124 1848 4200">
     <span class='ocr_line' id='line_1_81' title="bbox 253 4124 1848 4200; baseline 0 -22"><span class='ocrx_word' id='word_1_598' title='bbox 253 4131 389 4200; x_wconf 84' lang='grc' dir='ltr'><strong><em>νόμῳ</em></strong></span> <span class='ocrx_word' id='word_1_599' title='bbox 440 4128 572 4198; x_wconf 81' lang='grc' dir='ltr'><strong><em>μετὰ</em></strong></span> <span class='ocrx_word' id='word_1_600' title='bbox 626 4127 704 4192; x_wconf 88' lang='grc' dir='ltr'><strong>τὸ,</strong></span> <span class='ocrx_word' id='word_1_601' title='bbox 773 4124 848 4177; x_wconf 83' lang='grc' dir='ltr'><strong><em>Ού</em></strong></span> <span class='ocrx_word' id='word_1_602' title='bbox 911 4128 1190 4197; x_wconf 77' lang='grc' dir='ltr'><strong><em>φονεύσεις,</em></strong></span> <span class='ocrx_word' id='word_1_603' title='bbox 1264 4128 1320 4177; x_wconf 88' lang='grc' dir='ltr'><strong>τὸ</strong></span> <span class='ocrx_word' id='word_1_604' title='bbox 1388 4125 1464 4177; x_wconf 86' lang='grc' dir='ltr'><strong><em>Ού</em></strong></span> <span class='ocrx_word' id='word_1_605' title='bbox 1543 4128 1848 4198; x_wconf 84' lang='grc' dir='ltr'><strong><em>μοιχεύσεις</em></strong></span> 
     </span>
    </p>
   </div>
   <div class='ocr_carea' id='block_1_82' title="bbox 254 4212 1845 4287">
    <p class='ocr_par' dir='ltr' id='par_1_82' title="bbox 254 4212 1845 4287">
     <span class='ocr_line' id='line_1_82' title="bbox 254 4212 1845 4287; baseline -0.001 -19"><span class='ocrx_word' id='word_1_606' title='bbox 254 4223 439 4268; x_wconf 84' lang='grc' dir='ltr'><strong><em>κεῖται.</em></strong></span> <span class='ocrx_word' id='word_1_607' title='bbox 471 4217 671 4267; x_wconf 81' lang='grc' dir='ltr'><strong><em>Λοιπὸν</em></strong></span> <span class='ocrx_word' id='word_1_608' title='bbox 701 4213 790 4266; x_wconf 79' lang='grc' dir='ltr'><strong>οὖν</strong></span> <span class='ocrx_word' id='word_1_609' title='bbox 837 4212 1131 4286; x_wconf 80' lang='grc' dir='ltr'><strong><em>ἁπαρτίσας</em></strong></span> <span class='ocrx_word' id='word_1_610' title='bbox 1175 4218 1270 4272; x_wconf 76' lang='grc' dir='ltr'><strong><em>τὴν</em></strong></span> <span class='ocrx_word' id='word_1_611' title='bbox 1318 4217 1572 4287; x_wconf 73' lang='grc' dir='ltr'><strong><em>προτέραν</em></strong></span> <span class='ocrx_word' id='word_1_612' title='bbox 1620 4213 1845 4286; x_wconf 73' lang='grc' dir='ltr'><strong>ἐντολὴν,</strong></span> 
     </span>
    </p>
   </div>
   <div class='ocr_carea' id='block_1_83' title="bbox 255 4301 1848 4377">
    <p class='ocr_par' dir='ltr' id='par_1_83' title="bbox 255 4301 1848 4377">
     <span class='ocr_line' id='line_1_83' title="bbox 255 4301 1848 4377; baseline 0 -21"><span class='ocrx_word' id='word_1_613' title='bbox 255 4309 341 4356; x_wconf 85' lang='grc' dir='ltr'><strong><em>καὶ</em></strong></span> <span class='ocrx_word' id='word_1_614' title='bbox 392 4302 476 4356; x_wconf 75' lang='grc' dir='ltr'><strong>ἐπὶ</strong></span> <span class='ocrx_word' id='word_1_615' title='bbox 530 4307 625 4361; x_wconf 82' lang='grc' dir='ltr'><strong>τὴν</strong></span> <span class='ocrx_word' id='word_1_616' title='bbox 681 4302 791 4373; x_wconf 87' lang='grc' dir='ltr'><strong><em>μετ’</em></strong></span> <span class='ocrx_word' id='word_1_617' title='bbox 856 4301 1050 4360; x_wconf 83' lang='grc' dir='ltr'><strong><em>ἐκείνην</em></strong></span> <span class='ocrx_word' id='word_1_618' title='bbox 1107 4306 1336 4376; x_wconf 88' lang='grc' dir='ltr'><strong><em>πρόεισι,</em></strong></span> <span class='ocrx_word' id='word_1_619' title='bbox 1387 4308 1477 4355; x_wconf 80' lang='grc' dir='ltr'><strong><em>καὶ</em></strong></span> <span class='ocrx_word' id='word_1_620' title='bbox 1541 4305 1629 4356; x_wconf 88' lang='grc' dir='ltr'><strong>τὸν</strong></span> <span class='ocrx_word' id='word_1_621' title='bbox 1687 4306 1848 4377; x_wconf 88' lang='grc' dir='ltr'><strong><em>θυμὸν</em></strong></span> 
     </span>
    </p>
   </div>
   <div class='ocr_carea' id='block_1_84' title="bbox 255 4380 1925 4467">
    <p class='ocr_par' dir='ltr' id='par_1_84' title="bbox 255 4380 1925 4467">
     <span class='ocr_line' id='line_1_84' title="bbox 255 4380 1925 4467; baseline 0.002 -25"><span class='ocrx_word' id='word_1_622' title='bbox 255 4392 535 4466; x_wconf 78' lang='grc' dir='ltr'><strong><em>ῥυθμίσας,</em></strong></span> <span class='ocrx_word' id='word_1_623' title='bbox 579 4387 911 4462; x_wconf 75' lang='grc' dir='ltr'><strong><em>παιδαγωγεῖ</em></strong></span> <span class='ocrx_word' id='word_1_624' title='bbox 946 4395 1035 4443; x_wconf 83' lang='grc' dir='ltr'><strong><em>καὶ</em></strong></span> <span class='ocrx_word' id='word_1_625' title='bbox 1072 4395 1166 4449; x_wconf 81' lang='grc' dir='ltr'><strong>τὴν</strong></span> <span class='ocrx_word' id='word_1_626' title='bbox 1189 4382 1502 4463; x_wconf 71' lang='grc' dir='ltr'><strong><em>ίπιθυμίαν.</em></strong></span> <span class='ocrx_word' id='word_1_627' title='bbox 1537 4389 1735 4467; x_wconf 78' lang='grc' dir='ltr'><strong><em>Ὠσπερ</em></strong></span> <span class='ocrx_word' id='word_1_628' title='bbox 1789 4389 1848 4446; x_wconf 66' lang='grc' dir='ltr'><strong>δι</strong></span> <span class='ocrx_word' id='word_1_629' title='bbox 1879 4380 1925 4434; x_wconf 82' lang='lat' dir='ltr'><strong>D</strong></span> 
     </span>
    </p>
   </div>
   <div class='ocr_carea' id='block_1_85' title="bbox 259 4475 1848 4554">
    <p class='ocr_par' dir='ltr' id='par_1_85' title="bbox 259 4475 1848 4554">
     <span class='ocr_line' id='line_1_85' title="bbox 259 4475 1848 4554; baseline 0.003 -23"><span class='ocrx_word' id='word_1_630' title='bbox 259 4477 340 4532; x_wconf 77' lang='grc' dir='ltr'><strong>ἐπὶ</strong></span> <span class='ocrx_word' id='word_1_631' title='bbox 374 4488 467 4540; x_wconf 80' lang='grc' dir='ltr'><strong><em>τῆς</em></strong></span> <span class='ocrx_word' id='word_1_632' title='bbox 494 4484 748 4554; x_wconf 84' lang='grc' dir='ltr'><strong><em>προτέρας</em></strong></span> <span class='ocrx_word' id='word_1_633' title='bbox 789 4477 1014 4546; x_wconf 71' lang='grc' dir='ltr'><strong><em>ἐντολῆς,</em></strong></span> <span class='ocrx_word' id='word_1_634' title='bbox 1059 4481 1308 4552; x_wconf 86' lang='grc' dir='ltr'><strong><em>προσθεὶς</em></strong></span> <span class='ocrx_word' id='word_1_635' title='bbox 1338 4483 1397 4532; x_wconf 88' lang='grc' dir='ltr'><strong><em>τὸ</em></strong></span> <span class='ocrx_word' id='word_1_636' title='bbox 1429 4479 1562 4548; x_wconf 85' lang='grc' dir='ltr'><strong><em>εἰκῆ,</em></strong></span> <span class='ocrx_word' id='word_1_637' title='bbox 1597 4475 1848 4536; x_wconf 83' lang='grc' dir='ltr'><strong><em>διέστειλε</em></strong></span> 
     </span>
    </p>
   </div>
   <div class='ocr_carea' id='block_1_86' title="bbox 333 4654 1231 4725">
    <p class='ocr_par' dir='ltr' id='par_1_86' title="bbox 333 4654 1231 4725">
     <span class='ocr_line' id='line_1_86' title="bbox 333 4654 1231 4725; baseline 0.008 -16"><span class='ocrx_word' id='word_1_638' title='bbox 333 4655 380 4690; x_wconf 78' lang='grc'><strong>⁸⁸</strong></span> <span class='ocrx_word' id='word_1_639' title='bbox 404 4654 542 4714; x_wconf 86' lang='lat' dir='ltr'><strong>Luc.</strong></span> <span class='ocrx_word' id='word_1_640' title='bbox 582 4672 677 4725; x_wconf 84' lang='lat' dir='ltr'><strong>xu,</strong></span> <span class='ocrx_word' id='word_1_641' title='bbox 718 4661 811 4718; x_wconf 84' lang='lat'><strong>58.</strong></span> <span class='ocrx_word' id='word_1_642' title='bbox 897 4658 944 4694; x_wconf 78' lang='grc'><strong>⁸⁷</strong></span> <span class='ocrx_word' id='word_1_643' title='bbox 965 4655 1105 4716; x_wconf 87' lang='lat' dir='ltr'><strong>ibid.</strong></span> <span class='ocrx_word' id='word_1_644' title='bbox 1143 4656 1231 4716; x_wconf 83' lang='lat'><strong>59.</strong></span> 
     </span>
    </p>
   </div>
   <div class='ocr_carea' id='block_1_87' title="bbox 2031 4042 3618 4113">
    <p class='ocr_par' dir='ltr' id='par_1_87' title="bbox 2031 4042 3618 4113">
     <span class='ocr_line' id='line_1_87' title="bbox 2031 4042 3618 4113; baseline 0.002 -17"><span class='ocrx_word' id='word_1_645' title='bbox 2031 4043 2192 4101; x_wconf 84' lang='lat' dir='ltr'><strong>Vers.</strong></span> <span class='ocrx_word' id='word_1_646' title='bbox 2222 4045 2317 4099; x_wconf 83' lang='grc'><strong>27.</strong></span> <span class='ocrx_word' id='word_1_647' title='bbox 2358 4043 2638 4099; x_wconf 77' lang='lat' dir='ltr'><strong>Audistis.</strong></span> <span class='ocrx_word' id='word_1_648' title='bbox 2675 4073 2742 4084; x_wconf 96' lang='lat'>—</span> <span class='ocrx_word' id='word_1_649' title='bbox 2767 4042 2837 4099; x_wconf 92' lang='lat' dir='ltr'><strong>V.</strong></span> <span class='ocrx_word' id='word_1_650' title='bbox 2855 4045 2944 4099; x_wconf 90' lang='lat'><strong>28.</strong></span> <span class='ocrx_word' id='word_1_651' title='bbox 2975 4045 3033 4100; x_wconf 77' lang='lat' dir='ltr'><strong>in</strong></span> <span class='ocrx_word' id='word_1_652' title='bbox 3062 4043 3226 4100; x_wconf 86' lang='lat' dir='ltr'><strong>corde</strong></span> <span class='ocrx_word' id='word_1_653' title='bbox 3253 4058 3368 4099; x_wconf 81' lang='lat' dir='ltr'><strong>suo.</strong></span> <span class='ocrx_word' id='word_1_654' title='bbox 3393 4046 3454 4098; x_wconf 84' lang='lat' dir='ltr'><strong>In</strong></span> <span class='ocrx_word' id='word_1_655' title='bbox 3485 4042 3618 4113; x_wconf 89' lang='lat' dir='ltr'><strong>lege</strong></span> 
     </span>
    </p>
   </div>
   <div class='ocr_carea' id='block_1_88' title="bbox 1956 4131 3624 4203">
    <p class='ocr_par' dir='ltr' id='par_1_88' title="bbox 1956 4131 3624 4203">
     <span class='ocr_line' id='line_1_88' title="bbox 1956 4131 3624 4203; baseline 0.001 -18"><span class='ocrx_word' id='word_1_656' title='bbox 1956 4135 2530 4203; x_wconf 88' lang='lat' dir='ltr'><strong>quoquepostquam</strong></span> <span class='ocrx_word' id='word_1_657' title='bbox 2559 4131 2786 4187; x_wconf 84' lang='lat' dir='ltr'><strong>dictum</strong></span> <span class='ocrx_word' id='word_1_658' title='bbox 2813 4136 2904 4186; x_wconf 91' lang='lat' dir='ltr'><strong>est</strong></span> <span class='ocrx_word' id='word_1_659' title='bbox 2928 4148 2940 4186; x_wconf 90' lang='lat'><strong>:</strong></span> <span class='ocrx_word' id='word_1_660' title='bbox 2973 4131 3104 4187; x_wconf 83' lang='lat' dir='ltr'><strong>Non</strong></span> <span class='ocrx_word' id='word_1_661' title='bbox 3121 4131 3357 4196; x_wconf 76' lang='lat' dir='ltr'><strong>occides,</strong></span> <span class='ocrx_word' id='word_1_662' title='bbox 3378 4132 3624 4202; x_wconf 85' lang='lat' dir='ltr'><strong>ponitur</strong></span> 
     </span>
    </p>
   </div>
   <div class='ocr_carea' id='block_1_89' title="bbox 1957 4219 3614 4289">
    <p class='ocr_par' dir='ltr' id='par_1_89' title="bbox 1957 4219 3614 4289">
     <span class='ocr_line' id='line_1_89' title="bbox 1957 4219 3614 4289; baseline 0 -15"><span class='ocrx_word' id='word_1_663' title='bbox 1957 4219 2137 4274; x_wconf 90' lang='lat' dir='ltr'><strong>etiam</strong></span> <span class='ocrx_word' id='word_1_664' title='bbox 2173 4235 2184 4272; x_wconf 90' lang='lat'>:</span> <span class='ocrx_word' id='word_1_665' title='bbox 2226 4220 2357 4275; x_wconf 87' lang='lat' dir='ltr'><strong>Non</strong></span> <span class='ocrx_word' id='word_1_666' title='bbox 2413 4220 2727 4275; x_wconf 73' lang='lat' dir='ltr'><strong>committas</strong></span> <span class='ocrx_word' id='word_1_667' title='bbox 2767 4219 3143 4275; x_wconf 78' lang='lat' dir='ltr'><strong>adulterium.</strong></span> <span class='ocrx_word' id='word_1_668' title='bbox 3198 4222 3396 4275; x_wconf 84' lang='lat' dir='ltr'><strong>Restat</strong></span> <span class='ocrx_word' id='word_1_669' title='bbox 3433 4220 3614 4289; x_wconf 89' lang='lat' dir='ltr'><strong>igitur</strong></span> 
     </span>
    </p>
   </div>
   <div class='ocr_carea' id='block_1_90' title="bbox 1957 4305 3621 4379">
    <p class='ocr_par' dir='ltr' id='par_1_90' title="bbox 1957 4305 3621 4379">
     <span class='ocr_line' id='line_1_90' title="bbox 1957 4305 3621 4379; baseline 0 -18"><span class='ocrx_word' id='word_1_670' title='bbox 1957 4311 2022 4362; x_wconf 89' lang='lat' dir='ltr'><strong>ut</strong></span> <span class='ocrx_word' id='word_1_671' title='bbox 2049 4312 2349 4378; x_wconf 89' lang='lat' dir='ltr'><strong>postquan</strong></span> <span class='ocrx_word' id='word_1_672' title='bbox 2369 4308 2532 4379; x_wconf 89' lang='lat' dir='ltr'><strong>prius</strong></span> <span class='ocrx_word' id='word_1_673' title='bbox 2552 4306 2807 4378; x_wconf 84' lang='lat' dir='ltr'><strong>explevit</strong></span> <span class='ocrx_word' id='word_1_674' title='bbox 2837 4312 3224 4378; x_wconf 64' lang='lat' dir='ltr'><strong>praeceptum,</strong></span> <span class='ocrx_word' id='word_1_675' title='bbox 3254 4311 3524 4362; x_wconf 87' lang='lat' dir='ltr'><strong>transeat</strong></span> <span class='ocrx_word' id='word_1_676' title='bbox 3541 4305 3621 4361; x_wconf 87' lang='lat' dir='ltr'><strong>ad</strong></span> 
     </span>
    </p>
   </div>
   <div class='ocr_carea' id='block_1_91' title="bbox 1959 4394 3615 4467">
    <p class='ocr_par' dir='ltr' id='par_1_91' title="bbox 1959 4394 3615 4467">
     <span class='ocr_line' id='line_1_91' title="bbox 1959 4394 3615 4467; baseline 0.001 -18"><span class='ocrx_word' id='word_1_677' title='bbox 1959 4409 2250 4467; x_wconf 88' lang='lat' dir='ltr'><strong>sequens;</strong></span> <span class='ocrx_word' id='word_1_678' title='bbox 2276 4400 2332 4449; x_wconf 86' lang='lat' dir='ltr'><strong>et</strong></span> <span class='ocrx_word' id='word_1_679' title='bbox 2372 4401 2692 4466; x_wconf 90' lang='lat' dir='ltr'><strong>postquam</strong></span> <span class='ocrx_word' id='word_1_680' title='bbox 2754 4395 2902 4451; x_wconf 90' lang='lat' dir='ltr'><strong>iram</strong></span> <span class='ocrx_word' id='word_1_681' title='bbox 2936 4395 3208 4458; x_wconf 86' lang='lat' dir='ltr'><strong>correxit,</strong></span> <span class='ocrx_word' id='word_1_682' title='bbox 3249 4394 3429 4450; x_wconf 90' lang='lat' dir='ltr'><strong>etiam</strong></span> <span class='ocrx_word' id='word_1_683' title='bbox 3473 4408 3615 4450; x_wconf 85' lang='lat' dir='ltr'><strong>con-</strong></span> 
     </span>
    </p>
   </div>
   <div class='ocr_carea' id='block_1_92' title="bbox 1957 4478 3622 4557">
    <p class='ocr_par' dir='ltr' id='par_1_92' title="bbox 1957 4478 3622 4557">
     <span class='ocr_line' id='line_1_92' title="bbox 1957 4478 3622 4557; baseline -0.003 -17"><span class='ocrx_word' id='word_1_684' title='bbox 1957 4481 2388 4557; x_wconf 87' lang='lat' dir='ltr'><strong>cupiscentiam</strong></span> <span class='ocrx_word' id='word_1_685' title='bbox 2433 4483 2796 4540; x_wconf 87' lang='lat' dir='ltr'><strong>moderetur.</strong></span> <span class='ocrx_word' id='word_1_686' title='bbox 2858 4481 3020 4538; x_wconf 90' lang='lat' dir='ltr'><strong>Sicut</strong></span> <span class='ocrx_word' id='word_1_687' title='bbox 3075 4487 3277 4540; x_wconf 90' lang='lat' dir='ltr'><strong>autem</strong></span> <span class='ocrx_word' id='word_1_688' title='bbox 3321 4482 3382 4539; x_wconf 93' lang='lat' dir='ltr'><strong>in</strong></span> <span class='ocrx_word' id='word_1_689' title='bbox 3433 4478 3622 4555; x_wconf 91' lang='lat' dir='ltr'><strong>priori</strong></span> 
     </span>
    </p>
   </div>
   <div class='ocr_carea' id='block_1_93' title="bbox 1471 4837 2374 4911">
    <p class='ocr_par' dir='ltr' id='par_1_93' title="bbox 1471 4837 2374 4911">
     <span class='ocr_line' id='line_1_93' title="bbox 1471 4837 2374 4911; baseline 0.003 -3"><span class='ocrx_word' id='word_1_690' title='bbox 1471 4837 1695 4908; x_wconf 74' lang='lat' dir='ltr'><strong>Varias</strong></span> <span class='ocrx_word' id='word_1_691' title='bbox 1719 4838 2046 4910; x_wconf 88' lang='lat' dir='ltr'><strong>lectiones</strong></span> <span class='ocrx_word' id='word_1_692' title='bbox 2073 4847 2138 4911; x_wconf 90' lang='lat' dir='ltr'><strong>et</strong></span> <span class='ocrx_word' id='word_1_693' title='bbox 2173 4853 2374 4911; x_wconf 64' lang='lat' dir='ltr'><strong>notae.</strong></span> 
     </span>
    </p>
   </div>
   <div class='ocr_carea' id='block_1_94' title="bbox 325 5035 1845 5164">
    <p class='ocr_par' dir='ltr' id='par_1_94' title="bbox 325 5035 1845 5164">
     <span class='ocr_line' id='line_1_94' title="bbox 325 5035 1845 5110; baseline 0.001 -19"><span class='ocrx_word' id='word_1_694' title='bbox 325 5037 432 5108; x_wconf 84' lang='lat'><strong>(65)</strong></span> <span class='ocrx_word' id='word_1_695' title='bbox 471 5037 726 5107; x_wconf 88' lang='lat' dir='ltr'><strong>Inclusa,</strong></span> <span class='ocrx_word' id='word_1_696' title='bbox 757 5036 818 5093; x_wconf 91' lang='lat' dir='ltr'><strong>in</strong></span> <span class='ocrx_word' id='word_1_697' title='bbox 850 5035 1123 5108; x_wconf 86' lang='lat' dir='ltr'><strong>margine</strong></span> <span class='ocrx_word' id='word_1_698' title='bbox 1151 5035 1327 5094; x_wconf 85' lang='lat' dir='ltr'><strong>habet</strong></span> <span class='ocrx_word' id='word_1_699' title='bbox 1356 5035 1551 5093; x_wconf 83' lang='lat' dir='ltr'><strong>Codex</strong></span> <span class='ocrx_word' id='word_1_700' title='bbox 1580 5039 1845 5110; x_wconf 89' lang='lat' dir='ltr'><strong>uterque.</strong></span> 
     </span>
     <span class='ocr_line' id='line_1_95' title="bbox 325 5107 792 5164; baseline -0.004 0"><span class='ocrx_word' id='word_1_701' title='bbox 325 5107 438 5164; x_wconf 77' lang='lat'><strong>(66)</strong></span> <span class='ocrx_word' id='word_1_702' title='bbox 477 5108 704 5164; x_wconf 76' lang='grc' dir='ltr'><strong><em>εύνοιιείν</em></strong></span> <span class='ocrx_word' id='word_1_703' title='bbox 735 5114 792 5162; x_wconf 89' lang='grc' dir='ltr'><strong>Β.</strong></span> 
     </span>
    </p>
   </div>
   <div class='ocr_carea' id='block_1_95' title="bbox 325 5107 1852 5259">
    <p class='ocr_par' dir='ltr' id='par_1_95' title="bbox 325 5107 1852 5259">
     <span class='ocr_line' id='line_1_96' title="bbox 350 5107 1747 5182; baseline 0 -20"><span class='ocrx_word' id='word_1_704' title='bbox 350 5107 418 5164; x_wconf 83' lang='grc'><strong>66</strong></span> <span class='ocrx_word' id='word_1_705' title='bbox 477 5108 704 5182; x_wconf 80' lang='grc' dir='ltr'><strong><em>εύνομείν</em></strong></span> <span class='ocrx_word' id='word_1_706' title='bbox 735 5114 792 5162; x_wconf 89' lang='grc' dir='ltr'><strong>Β.</strong></span> <span class='ocrx_word' id='word_1_707' title='bbox 998 5107 1009 5108; x_wconf 26' lang='grc' dir='ltr'><strong>ί</strong></span> <span class='ocrx_word' id='word_1_708' title='bbox 1728 5107 1747 5110; x_wconf 50' lang='grc'>⁷</span> 
     </span>
     <span class='ocr_line' id='line_1_97' title="bbox 325 5107 1852 5259; baseline 0.001 -25"><span class='ocrx_word' id='word_1_709' title='bbox 325 5107 438 5259; x_wconf 48' lang='lat'><strong>$67)</strong></span> <span class='ocrx_word' id='word_1_710' title='bbox 475 5184 562 5252; x_wconf 77' lang='lat' dir='ltr'><strong>ita</strong></span> <span class='ocrx_word' id='word_1_711' title='bbox 603 5193 843 5259; x_wconf 81' lang='lat' dir='ltr'><strong>quoque</strong></span> <span class='ocrx_word' id='word_1_712' title='bbox 864 5177 1224 5259; x_wconf 76' lang='lat' dir='ltr'><strong>__Hentenius</strong></span> <span class='ocrx_word' id='word_1_713' title='bbox 1288 5177 1524 5259; x_wconf 81' lang='lat' dir='ltr'><strong>reperit.</strong></span> <span class='ocrx_word' id='word_1_714' title='bbox 1576 5177 1852 5259; x_wconf 79' lang='lat' dir='ltr'><strong>Reddidit</strong></span> 
     </span>
    </p>
   </div>
   <div class='ocr_carea' id='block_1_96' title="bbox 262 5248 1849 5338">
    <p class='ocr_par' dir='ltr' id='par_1_96' title="bbox 262 5248 1849 5338">
     <span class='ocr_line' id='line_1_98' title="bbox 262 5248 1849 5338; baseline -0.001 -33"><span class='ocrx_word' id='word_1_715' title='bbox 262 5248 423 5337; x_wconf 77' lang='lat' dir='ltr'><strong>enim</strong></span> <span class='ocrx_word' id='word_1_716' title='bbox 443 5248 804 5338; x_wconf 49' lang='lat' dir='ltr'><strong>concedenti.</strong></span> <span class='ocrx_word' id='word_1_717' title='bbox 864 5251 984 5332; x_wconf 79' lang='lat' dir='ltr'><strong>Hoc</strong></span> <span class='ocrx_word' id='word_1_718' title='bbox 1023 5248 1417 5338; x_wconf 47' lang='lat' dir='ltr'><strong>ideogonui,</strong></span> <span class='ocrx_word' id='word_1_719' title='bbox 1447 5264 1522 5305; x_wconf 93' lang='lat' dir='ltr'><strong>ne</strong></span> <span class='ocrx_word' id='word_1_720' title='bbox 1547 5250 1682 5338; x_wconf 67' lang='lat' dir='ltr'><strong>quis</strong></span> <span class='ocrx_word' id='word_1_721' title='bbox 1707 5269 1849 5338; x_wconf 44' lang='lat'><strong>.1190-</strong></span> 
     </span>
    </p>
   </div>
   <div class='ocr_carea' id='block_1_97' title="bbox 261 5321 1850 5467">
    <p class='ocr_par' dir='ltr' id='par_1_97' title="bbox 261 5321 1850 5467">
     <span class='ocr_line' id='line_1_99' title="bbox 261 5321 1850 5397; baseline 0.003 -23"><span class='ocrx_word' id='word_1_722' title='bbox 261 5325 452 5396; x_wconf 74' lang='grc' dir='ltr'><strong><em>τρέπειν</em></strong></span> <span class='ocrx_word' id='word_1_723' title='bbox 469 5324 552 5375; x_wconf 74' lang='grc' dir='ltr'><strong>ἰπὶ</strong></span> <span class='ocrx_word' id='word_1_724' title='bbox 576 5324 642 5374; x_wconf 82' lang='grc' dir='ltr'>τὰ</span> <span class='ocrx_word' id='word_1_725' title='bbox 661 5321 794 5374; x_wconf 86' lang='grc' dir='ltr'><strong><em>καλά</em></strong></span> <span class='ocrx_word' id='word_1_726' title='bbox 811 5321 1142 5392; x_wconf 89' lang='lat' dir='ltr'><strong>conjiceret.</strong></span> <span class='ocrx_word' id='word_1_727' title='bbox 1166 5321 1488 5397; x_wconf 74' lang='grc' dir='ltr'><strong><em>Ἐπιτρέπειν</em></strong></span> <span class='ocrx_word' id='word_1_728' title='bbox 1509 5321 1652 5378; x_wconf 89' lang='lat' dir='ltr'><strong>alibi</strong></span> <span class='ocrx_word' id='word_1_729' title='bbox 1673 5321 1850 5379; x_wconf 84' lang='lat' dir='ltr'><strong>etiam</strong></span> 
     </span>
     <span class='ocr_line' id='line_1_100' title="bbox 261 5391 1102 5467; baseline -0.002 -18"><span class='ocrx_word' id='word_1_730' title='bbox 261 5392 433 5450; x_wconf 86' lang='lat' dir='ltr'><strong>habet</strong></span> <span class='ocrx_word' id='word_1_731' title='bbox 454 5409 558 5467; x_wconf 91' lang='lat' dir='ltr'><strong>pro</strong></span> <span class='ocrx_word' id='word_1_732' title='bbox 583 5393 847 5458; x_wconf 85' lang='lat' dir='ltr'><strong>suadere,</strong></span> <span class='ocrx_word' id='word_1_733' title='bbox 870 5391 1102 5462; x_wconf 84' lang='lat' dir='ltr'><strong>jubere.</strong></span> 
     </span>
    </p>
   </div>
   <div class='ocr_carea' id='block_1_98' title="bbox 327 5551 1846 5627">
    <p class='ocr_par' dir='ltr' id='par_1_98' title="bbox 327 5551 1846 5627">
     <span class='ocr_line' id='line_1_101' title="bbox 327 5551 1846 5627; baseline -0.003 -17"><span class='ocrx_word' id='word_1_734' title='bbox 327 5553 408 5627; x_wconf 91' lang='lat' dir='ltr'><strong>(a)</strong></span> <span class='ocrx_word' id='word_1_735' title='bbox 436 5551 1066 5627; x_wconf 57' lang='lat' dir='ltr'><strong>Verisimile—uicerit.</strong></span> <span class='ocrx_word' id='word_1_736' title='bbox 1101 5552 1424 5627; x_wconf 68' lang='lat' dir='ltr'><strong>Hentenius</strong></span> <span class='ocrx_word' id='word_1_737' title='bbox 1454 5553 1534 5627; x_wconf 79' lang='lat' dir='ltr'><strong>ita</strong></span> <span class='ocrx_word' id='word_1_738' title='bbox 1568 5551 1846 5618; x_wconf 91' lang='lat' dir='ltr'><strong>reddidit,</strong></span> 
     </span>
    </p>
   </div>
   <div class='ocr_carea' id='block_1_99' title="bbox 265 5621 1849 5697">
    <p class='ocr_par' dir='ltr' id='par_1_99' title="bbox 265 5621 1849 5697">
     <span class='ocr_line' id='line_1_102' title="bbox 265 5621 1849 5697; baseline -0.005 -15"><span class='ocrx_word' id='word_1_739' title='bbox 265 5621 756 5697; x_wconf 30' lang='lat' dir='ltr'><strong>ac&#39;siArepererit,</strong></span> <span class='ocrx_word' id='word_1_740' title='bbox 812 5624 942 5683; x_wconf 85' lang='grc' dir='ltr'><strong><em>εἰκός</em></strong></span> <span class='ocrx_word' id='word_1_741' title='bbox 988 5626 1088 5697; x_wconf 80' lang='grc' dir='ltr'><strong><em>γὰρ</em></strong></span> <span class='ocrx_word' id='word_1_742' title='bbox 1145 5621 1410 5676; x_wconf 76' lang='grc' dir='ltr'><strong><em>ἀντίδικον</em></strong></span> <span class='ocrx_word' id='word_1_743' title='bbox 1465 5622 1724 5697; x_wconf 81' lang='grc' dir='ltr'><strong><em>διαμένειν</em></strong></span> <span class='ocrx_word' id='word_1_744' title='bbox 1758 5627 1849 5675; x_wconf 82' lang='grc' dir='ltr'><strong><em>καὶ</em></strong></span> 
     </span>
    </p>
   </div>
   <div class='ocr_carea' id='block_1_100' title="bbox 266 5693 1848 5771">
    <p class='ocr_par' dir='ltr' id='par_1_100' title="bbox 266 5693 1848 5771">
     <span class='ocr_line' id='line_1_103' title="bbox 266 5693 1848 5771; baseline -0.003 -20"><span class='ocrx_word' id='word_1_745' title='bbox 266 5693 606 5755; x_wconf 82' lang='grc' dir='ltr'><strong><em>ὁπωσδήποτε</em></strong></span> <span class='ocrx_word' id='word_1_746' title='bbox 669 5693 1068 5771; x_wconf 81' lang='grc' dir='ltr'><strong><em>περιγενόμενόν’</em></strong></span> <span class='ocrx_word' id='word_1_747' title='bbox 1115 5713 1235 5752; x_wconf 91' lang='grc' dir='ltr'><strong><em>σου,</em></strong></span> <span class='ocrx_word' id='word_1_748' title='bbox 1311 5696 1484 5761; x_wconf 86' lang='lat' dir='ltr'><strong>Quod</strong></span> <span class='ocrx_word' id='word_1_749' title='bbox 1548 5693 1655 5751; x_wconf 81' lang='lat' dir='ltr'><strong>etsi</strong></span> <span class='ocrx_word' id='word_1_750' title='bbox 1722 5708 1848 5752; x_wconf 87' lang='lat' dir='ltr'><strong>non</strong></span> 
     </span>
    </p>
   </div>
   <div class='ocr_carea' id='block_1_101' title="bbox 2055 5037 2592 5096">
    <p class='ocr_par' dir='ltr' id='par_1_101' title="bbox 2055 5037 2592 5096">
     <span class='ocr_line' id='line_1_104' title="bbox 2055 5037 2592 5096; baseline 0 0"><span class='ocrx_word' id='word_1_751' title='bbox 2055 5040 2147 5096; x_wconf 80' lang='grc'><strong>68)</strong></span> <span class='ocrx_word' id='word_1_752' title='bbox 2178 5040 2258 5092; x_wconf 90' lang='grc' dir='ltr'><strong>ὅτι</strong></span> <span class='ocrx_word' id='word_1_753' title='bbox 2283 5037 2367 5092; x_wconf 75' lang='grc' dir='ltr'><strong>ἐὰν</strong></span> <span class='ocrx_word' id='word_1_754' title='bbox 2409 5044 2499 5093; x_wconf 85' lang='grc' dir='ltr'><strong>καί</strong></span> <span class='ocrx_word' id='word_1_755' title='bbox 2527 5043 2592 5096; x_wconf 83' lang='grc' dir='ltr'><strong>Α.</strong></span> 
     </span>
    </p>
   </div>
   <div class='ocr_carea' id='block_1_102' title="bbox 2053 5040 2789 5255">
    <p class='ocr_par' dir='ltr' id='par_1_102' title="bbox 2053 5040 2789 5255">
     <span class='ocr_line' id='line_1_105' title="bbox 2055 5040 2592 5096; baseline 0.006 -3"><span class='ocrx_word' id='word_1_756' title='bbox 2055 5042 2120 5096; x_wconf 86' lang='grc'>68</span> <span class='ocrx_word' id='word_1_757' title='bbox 2178 5040 2258 5092; x_wconf 89' lang='grc' dir='ltr'><strong>ὅτι</strong></span> <span class='ocrx_word' id='word_1_758' title='bbox 2283 5040 2367 5092; x_wconf 76' lang='grc' dir='ltr'><strong>ἐὰν</strong></span> <span class='ocrx_word' id='word_1_759' title='bbox 2409 5044 2499 5093; x_wconf 86' lang='grc' dir='ltr'><strong>καί</strong></span> <span class='ocrx_word' id='word_1_760' title='bbox 2527 5043 2592 5096; x_wconf 82' lang='grc' dir='ltr'><strong>Α.</strong></span> 
     </span>
     <span class='ocr_line' id='line_1_106' title="bbox 2053 5110 2789 5178; baseline 0.003 -12"><span class='ocrx_word' id='word_1_761' title='bbox 2053 5113 2118 5166; x_wconf 88' lang='grc'>69</span> <span class='ocrx_word' id='word_1_762' title='bbox 2174 5111 2200 5162; x_wconf 86' lang='grc' dir='ltr'><strong><em>ὁ</em></strong></span> <span class='ocrx_word' id='word_1_763' title='bbox 2231 5115 2460 5178; x_wconf 86' lang='grc' dir='ltr'><strong><em>Λουκᾶς,</em></strong></span> <span class='ocrx_word' id='word_1_764' title='bbox 2489 5110 2697 5168; x_wconf 87' lang='lat' dir='ltr'><strong>omittit</strong></span> <span class='ocrx_word' id='word_1_765' title='bbox 2724 5112 2789 5168; x_wconf 82' lang='grc' dir='ltr'><strong>Α.</strong></span> 
     </span>
     <span class='ocr_line' id='line_1_107' title="bbox 2053 5040 2789 5255; baseline -0.005 -19"><span class='ocrx_word' id='word_1_766' title='bbox 2053 5040 2238 5255; x_wconf 72' lang='grc' dir='ltr'><strong>’7οξ111</strong></span> <span class='ocrx_word' id='word_1_767' title='bbox 2268 5187 2431 5238; x_wconf 87' lang='lat' dir='ltr'><strong>textu</strong></span> <span class='ocrx_word' id='word_1_768' title='bbox 2455 5181 2716 5255; x_wconf 83' lang='grc' dir='ltr'><strong><em>βληθῆναι</em></strong></span> <span class='ocrx_word' id='word_1_769' title='bbox 2738 5183 2789 5236; x_wconf 65' lang='grc' dir='ltr'><strong>εἰη</strong></span> 
     </span>
    </p>
   </div>
   <div class='ocr_carea' id='block_1_103' title="bbox 2053 5180 3610 5257">
    <p class='ocr_par' dir='ltr' id='par_1_103' title="bbox 2053 5180 3610 5257">
     <span class='ocr_line' id='line_1_108' title="bbox 2053 5180 3610 5257; baseline -0.001 -21"><span class='ocrx_word' id='word_1_770' title='bbox 2053 5180 2238 5257; x_wconf 86' lang='lat' dir='ltr'><strong>70)_In</strong></span> <span class='ocrx_word' id='word_1_771' title='bbox 2268 5187 2431 5238; x_wconf 87' lang='lat' dir='ltr'><strong>textu</strong></span> <span class='ocrx_word' id='word_1_772' title='bbox 2455 5181 2716 5257; x_wconf 83' lang='grc' dir='ltr'><strong><em>βληθῆναι</em></strong></span> <span class='ocrx_word' id='word_1_773' title='bbox 2738 5183 2806 5248; x_wconf 83' lang='grc' dir='ltr'><strong><em>εἰς</em></strong></span> <span class='ocrx_word' id='word_1_774' title='bbox 2826 5182 3076 5257; x_wconf 75' lang='grc' dir='ltr'><strong><em>φυλακήν.</em></strong></span> <span class='ocrx_word' id='word_1_775' title='bbox 3102 5180 3267 5240; x_wconf 89' lang='lat' dir='ltr'><strong>Certe</strong></span> <span class='ocrx_word' id='word_1_776' title='bbox 3290 5180 3610 5255; x_wconf 74' lang='grc' dir='ltr'><strong><em>ἒμϐληθῆναι</em></strong></span> 
     </span>
    </p>
   </div>
   <div class='ocr_carea' id='block_1_104' title="bbox 1955 5253 2708 5467">
    <p class='ocr_par' dir='ltr' id='par_1_104' title="bbox 1955 5253 2708 5467">
     <span class='ocr_line' id='line_1_109' title="bbox 1955 5253 2602 5323; baseline 0 -14"><span class='ocrx_word' id='word_1_777' title='bbox 1955 5253 2303 5323; x_wconf 81' lang='lat' dir='ltr'><strong>legendum,</strong></span> <span class='ocrx_word' id='word_1_778' title='bbox 2341 5260 2405 5310; x_wconf 93' lang='lat' dir='ltr'><strong>ut</strong></span> <span class='ocrx_word' id='word_1_779' title='bbox 2443 5253 2602 5310; x_wconf 75' lang='lat' dir='ltr'><strong>mox.</strong></span> 
     </span>
     <span class='ocr_line' id='line_1_110' title="bbox 2052 5327 2708 5384; baseline 0.006 -7"><span class='ocrx_word' id='word_1_780' title='bbox 2052 5329 2110 5380; x_wconf 81' lang='grc' dir='ltr'>Ἠ</span> <span class='ocrx_word' id='word_1_781' title='bbox 2169 5327 2445 5384; x_wconf 82' lang='grc' dir='ltr'><strong><em>ύποστὴση</em></strong></span> <span class='ocrx_word' id='word_1_782' title='bbox 2477 5327 2614 5379; x_wconf 88' lang='grc' dir='ltr'><strong><em>κακά</em></strong></span> <span class='ocrx_word' id='word_1_783' title='bbox 2642 5327 2708 5381; x_wconf 83' lang='grc' dir='ltr'><strong>Α.</strong></span> 
     </span>
     <span class='ocr_line' id='line_1_111' title="bbox 2030 5324 2708 5467; baseline 0.009 -19"><span class='ocrx_word' id='word_1_784' title='bbox 2030 5324 2144 5467; x_wconf 48' lang='grc' dir='ltr'><strong>ἓ72ζ</strong></span> <span class='ocrx_word' id='word_1_785' title='bbox 2171 5399 2340 5454; x_wconf 86' lang='lat' dir='ltr'><strong>Tom.</strong></span> <span class='ocrx_word' id='word_1_786' title='bbox 2378 5384 2492 5460; x_wconf 80' lang='lat' dir='ltr'><strong>Vll,</strong></span> <span class='ocrx_word' id='word_1_787' title='bbox 2521 5412 2580 5467; x_wconf 92' lang='lat' dir='ltr'><strong>p.</strong></span> <span class='ocrx_word' id='word_1_788' title='bbox 2610 5397 2708 5454; x_wconf 82' lang='lat' dir='ltr'><strong>2l9</strong></span> 
     </span>
    </p>
   </div>
   <div class='ocr_carea' id='block_1_105' title="bbox 2053 5384 2809 5470">
    <p class='ocr_par' dir='ltr' id='par_1_105' title="bbox 2053 5384 2809 5470">
     <span class='ocr_line' id='line_1_112' title="bbox 2053 5384 2809 5470; baseline 0.008 -21"><span class='ocrx_word' id='word_1_789' title='bbox 2053 5384 2141 5467; x_wconf 70' lang='lat'><strong>72)</strong></span> <span class='ocrx_word' id='word_1_790' title='bbox 2171 5399 2340 5454; x_wconf 86' lang='lat' dir='ltr'><strong>Tom.</strong></span> <span class='ocrx_word' id='word_1_791' title='bbox 2378 5384 2492 5460; x_wconf 80' lang='lat' dir='ltr'><strong>Vll,</strong></span> <span class='ocrx_word' id='word_1_792' title='bbox 2521 5412 2580 5470; x_wconf 92' lang='lat' dir='ltr'><strong>p.</strong></span> <span class='ocrx_word' id='word_1_793' title='bbox 2610 5397 2714 5454; x_wconf 82' lang='lat' dir='ltr'><strong>2l9</strong></span> <span class='ocrx_word' id='word_1_794' title='bbox 2742 5396 2809 5455; x_wconf 92' lang='lat' dir='ltr'><strong>C.</strong></span> 
     </span>
    </p>
   </div>
   <div class='ocr_carea' id='block_1_106' title="bbox 2029 5039 2049 5254">
    <p class='ocr_par' dir='ltr' id='par_1_106' title="bbox 2029 5039 2049 5254">
     <span class='ocr_line' id='line_1_113' title="bbox 2029 5039 2049 5254; baseline 0 0"><span class='ocrx_word' id='word_1_795' title='bbox 2029 5039 2049 5254; x_wconf 65' lang='grc' dir='ltr'>ἒ</span> 
     </span>
    </p>
   </div>
   <div class='ocr_carea' id='block_1_107' title="bbox 1956 5553 3607 5623">
    <p class='ocr_par' dir='ltr' id='par_1_107' title="bbox 1956 5553 3607 5623">
     <span class='ocr_line' id='line_1_114' title="bbox 1956 5553 3607 5623; baseline 0.002 -15"><span class='ocrx_word' id='word_1_796' title='bbox 1956 5553 2224 5623; x_wconf 88' lang='lat' dir='ltr'><strong>ineptum</strong></span> <span class='ocrx_word' id='word_1_797' title='bbox 2269 5561 2375 5620; x_wconf 85' lang='lat' dir='ltr'><strong>est,</strong></span> <span class='ocrx_word' id='word_1_798' title='bbox 2410 5561 2610 5611; x_wconf 86' lang='lat' dir='ltr'><strong>tamen</strong></span> <span class='ocrx_word' id='word_1_799' title='bbox 2636 5555 2801 5613; x_wconf 88' lang='lat' dir='ltr'><strong>nulla</strong></span> <span class='ocrx_word' id='word_1_800' title='bbox 2829 5555 2998 5614; x_wconf 87' lang='lat' dir='ltr'><strong>adest</strong></span> <span class='ocrx_word' id='word_1_801' title='bbox 3026 5571 3209 5614; x_wconf 88' lang='lat' dir='ltr'><strong>causa</strong></span> <span class='ocrx_word' id='word_1_802' title='bbox 3251 5554 3470 5613; x_wconf 89' lang='lat' dir='ltr'><strong>idonea</strong></span> <span class='ocrx_word' id='word_1_803' title='bbox 3497 5567 3607 5612; x_wconf 89' lang='lat' dir='ltr'><strong>cur</strong></span> 
     </span>
    </p>
   </div>
   <div class='ocr_carea' id='block_1_108' title="bbox 1958 5624 3125 5686">
    <p class='ocr_par' dir='ltr' id='par_1_108' title="bbox 1958 5624 3125 5686">
     <span class='ocr_line' id='line_1_115' title="bbox 1958 5624 3125 5686; baseline 0.005 -8"><span class='ocrx_word' id='word_1_804' title='bbox 1958 5624 2128 5679; x_wconf 83' lang='lat' dir='ltr'><strong>lectio</strong></span> <span class='ocrx_word' id='word_1_805' title='bbox 2153 5641 2421 5682; x_wconf 80' lang='lat' dir='ltr'><strong>meorum</strong></span> <span class='ocrx_word' id='word_1_806' title='bbox 2453 5627 2728 5684; x_wconf 90' lang='lat' dir='ltr'><strong>codicum</strong></span> <span class='ocrx_word' id='word_1_807' title='bbox 2762 5627 3125 5686; x_wconf 78' lang='lat' dir='ltr'><strong>sollicitatur.</strong></span> 
     </span>
    </p>
   </div>
  </div>
