4170 6454
623 364 723 428 2H

697 499 858 554 Vers.
888 493 976 553 22.
1007 493 1348 566 Quicunque
1367 492 1720 551 —comilio.
1745 492 2022 565 Superius
2035 491 2281 563 quidem
2316 490 2361 543 Α

627 603 786 654 eum,
810 586 913 658 qui
934 589 1166 642 tantum
1190 584 1555 639 irascebatur
1572 582 1993 638 condemnavit
2019 597 2030 634 :
2057 580 2154 635 hic
2181 595 2283 634 au-

624 682 743 732 tem
781 691 940 739 eum,
966 673 1070 747 qui
1114 673 1192 729 ad
1233 672 1414 728 verba
1450 687 1637 743 usque
1673 671 1957 742 procedit.
2004 671 2152 725 Raca
2183 683 2286 723 au-

623 769 743 822 tem
769 779 886 820 vox
928 768 1020 818 est
1050 761 1357 821 Hebraica.
1405 761 1562 816 idem
1606 758 1951 829 signiﬁcans
1999 756 2159 830 quod
2199 765 2282 811 tu.

625 856 775 911 Cum
827 852 988 908 enim
1043 850 1316 905 irascitur
1365 849 1668 920 quispiam
1733 848 1791 903 iu
1863 847 2131 910 alterum,
2215 861 2284 900 ex

623 941 867 996 nomine
889 940 1089 1010 ipsum
1112 937 1321 992 nolens
1338 936 1660 1008 appellare,
1681 937 1848 1008 quasi
1876 936 2118 991 nomine
2135 932 2286 988 iudi-

631 1043 844 1101 guum,
901 1026 1032 1082 loco
1092 1025 1354 1081 nominis
1404 1025 1594 1096 ponit,
1642 1031 1724 1090 tu,
1772 1025 1834 1079 in
1887 1023 2126 1094 signum
2186 1023 2288 1077 ira

629 1122 688 1173 et
711 1113 1192 1172 abominationis.
1229 1113 1396 1168 Hunc
1427 1117 1624 1169 autem
1652 1111 2098 1176 condemnavit,
2133 1108 2290 1164 velut

631 1218 1017 1261 communem
1085 1207 1363 1259 naturam
1436 1201 1935 1257 abominantem:
1984 1205 2041 1255 et
2099 1199 2291 1255 senio-

629 1309 765 1350 rum
794 1291 996 1365 populi
1026 1291 1292 1355 cousilio,
1326 1307 1494 1346 reum
1527 1290 1725 1364 ipsum
1756 1289 2079 1351 constituit,
2111 1293 2175 1344 ut
2217 1290 2290 1345 ab

633 1383 720 1439 eis
747 1381 1117 1453 objurgetur.

705 1470 867 1526 Vers.
908 1471 996 1526 22.
1039 1471 1383 1540 Quicunque
1413 1498 1477 1510 —
1505 1470 1680 1538 ignis.
1719 1468 1886 1522 Hunc
1919 1467 2110 1536 magis
2155 1481 2295 1522 cou-

635 1559 960 1624 demuavit,
988 1562 1189 1631 utpote
1219 1558 1580 1614 auferentem
1613 1557 1842 1612 afratre
1867 1560 2148 1619 mentem,
2174 1571 2296 1627 qua

637 1648 714 1704 ab
734 1647 1178 1704 irrationalibus
1200 1646 1524 1702 distamus:
1548 1645 1641 1701 vel
1674 1645 1867 1716 potius
1902 1649 2191 1715 tauquam
2214 1644 2293 1697 in-

628 1736 924 1808 juriosum
955 1740 1164 1792 contra
1192 1736 1393 1791 ﬁdem.
1414 1734 1477 1790 Si
1503 1734 1662 1790 enim
1686 1733 1877 1788 ﬁdelis
1897 1732 2072 1788 frater
2097 1732 2296 1788 fatuus

634 1829 741 1896 est,
774 1831 836 1882 ut
852 1825 950 1882 ille
975 1825 1135 1889 dicit,
1169 1825 1333 1880 fatua
1371 1829 1459 1879 est
1480 1823 1628 1878 ﬁdes
1655 1822 1805 1894 ejus.

710 1914 811 1968 Hic
827 1918 1020 1969 autem
1033 1912 1296 1984 primum
1324 1911 1736 1968 manifestatur
1762 1925 1975 1966 nomen
2005 1909 2296 1978 geheuuaa

639 2001 818 2072 ignis.
844 2003 1005 2056 Hauc
1041 2015 1184 2056 vero
1216 2000 1555 2070 gehennam
1576 2000 1771 2056 vocari
1799 1999 1999 2054 dicunt
2024 1999 2294 2071 quidam,

638 2089 818 2162 quasi
839 2104 1070 2161 semper
1096 2097 1370 2159 γεννῶσαν,
1397 2089 1453 2144 id
1485 2094 1592 2154 est,
1647 2092 2031 2157 generautem
2073 2088 2294 2156 ignem.

641 2178 751 2234 Alii
773 2193 910 2234 vero
933 2177 1277 2234 Hebraicum
1299 2191 1518 2233 nomen
1542 2177 1761 2246 dicunt,
1791 2176 2138 2246 hujusmodi
2160 2191 2299 2246 sup-

640 2267 886 2340 plicium
908 2267 1275 2336 signiﬁcans.
1304 2266 1362 2320 Si
1387 2265 1567 2336 igitur
1587 2265 1698 2321 has
1725 2281 1861 2337 quae
1894 2280 1929 2320 a
1953 2264 2299 2319 uobisleves

635 2356 999 2428 judicautur,
1026 2356 1275 2427 injurias
1297 2354 1374 2411 ita
1398 2354 1648 2426 punivit,
1672 2370 1792 2425 qua
1808 2352 2301 2408 condemnatioue

626 2444 809 2514 ‘digui
830 2460 1061 2510 sumus,
1092 2443 1197 2516 qui
1224 2458 1436 2511 graves
1464 2446 1667 2498 contra
1696 2441 1905 2497 fratres
1938 2441 2304 2496 incessanter

625 2531 1056 2590 effundimus?
1070 2534 1177 2586 Eas
1190 2531 1390 2602 itaque
1402 2546 1538 2602 quae
1555 2530 1715 2585 leves
1741 2530 2035 2594 videntur,
2063 2535 2306 2602 propter

619 2637 860 2691 graves
888 2620 1140 2692 punivit,
1177 2624 1238 2673 ut
1263 2619 1392 2674 illas
1418 2618 2092 2688 timendasjudicantes,
2125 2618 2306 2675 duca-

653 2724 791 2764 mus
821 2709 932 2765 has
975 2706 1512 2774 formidabiliores;
1547 2709 1674 2762 tum
1720 2707 1897 2762 etiam
1949 2707 2093 2779 quia
2127 2708 2305 2763 iratos

622 2811 770 2853 -non
797 2811 1036 2866 magum
1053 2795 1247 2851 solum
1268 2795 1522 2867 injuriae,
1553 2795 1656 2851 sed
1685 2800 1742 2851 et
1760 2811 1952 2867 parvas
1971 2796 2306 2868 frequenter

654 2886 734 2943 ad
779 2885 974 2942 caedes
1013 2889 1360 2958 provocant,
1404 2885 1557 2941 iram
1587 2883 1665 2941 ad
1721 2885 1992 2943 scintillae
2055 2886 2306 2942 modum

655 2974 1070 3032 accendentes.

726 3066 888 3120 Vers.
917 3067 1004 3120 23.
1032 3063 1098 3120 Si
1134 3094 1202 3104 —
1233 3063 1299 3118 V.
1331 3067 1419 3120 24.
1451 3063 1669 3120 Munus
1701 3071 1888 3120 tuum.
1923 3064 2133 3121 Omnia
2173 3081 2308 3136 quas

627 3154 931 3226 superius
968 3154 1131 3220 dixit,
1174 3157 1229 3210 et
1263 3169 1394 3226 quea
1427 3169 1588 3210 nunc
1616 3154 1772 3218 dicit,
1805 3170 2061 3226 quaeque
2101 3159 2310 3226 postea

653 3242 919 3299 dicturus
941 3246 1046 3310 est,
1075 3242 1150 3300 de
1187 3242 1502 3299 dilectione
1549 3247 1707 3307 sunt,
1739 3259 1925 3315 quam
1983 3243 2312 3316 frequenter

654 3333 840 3406 ponit,
873 3348 944 3389 ac
982 3331 1382 3389 diversimode
1425 3331 1655 3396 laudat,
1709 3333 1857 3388 sicut
1887 3332 1946 3388 iu
1992 3348 2310 3404 progressu

651 3423 867 3496 saepius
910 3423 1299 3479 inveniemus.
1348 3422 1498 3478 Cum
1537 3422 1698 3478 enim
1727 3426 1885 3477 esset
1912 3425 2082 3487 Deus,
2129 3423 2311 3478 nostri

651 3527 858 3571 amore
881 3512 1064 3568 homo
1087 3512 1280 3567 factus
1311 3515 1415 3578 est,
1438 3511 1758 3582 omniaque
1786 3525 2023 3582 passus,
2059 3515 2310 3567 utetnos

653 3603 868 3666 Deum,
898 3617 964 3655 ac
987 3616 1097 3655 nos
1140 3600 1400 3655 invicem
1441 3613 1808 3664 amaremus,
1838 3603 1895 3654 et
1927 3614 2032 3670 per
2053 3598 2313 3655 dilectio-

653 3705 795 3746 nem
821 3688 994 3744 uobis
1017 3692 1228 3743 mutuo
1261 3686 1704 3756 colligaremur,
1757 3702 2067 3758 unumque
2103 3703 2314 3760 corpus

654 3777 1050 3841 efﬁceremur,
1104 3781 1285 3847 caput
1344 3774 1635 3830 habentes
1686 3775 2002 3831 Christum.
2071 3775 2313 3849 Ideoque

653 3881 872 3939 pugnae
887 3879 1102 3920 nervos
1117 3863 1462 3935 prmeideus,
1483 3879 1618 3936 quas
1649 3863 2020 3920 dilectionem
2046 3881 2316 3922 corrum-

656 3958 826 4026 punt,
854 3951 1067 4008 aufert.
1096 3951 1418 4008 Considera
1442 3967 1585 4022 ergo
1617 3952 1842 4009 amoris
1867 3968 2009 4022 erga
2037 3953 2313 4009 homines

656 4039 1154 4114 magnitudinem.
1189 4041 1765 4113 Despicithouorem,
1792 4041 1895 4114 qui
1930 4042 2042 4097 sibi
2075 4043 2312 4099 exhibe-

656 4134 750 4186 tur
786 4145 908 4204 prae
938 4144 1144 4186 amore
1165 4143 1304 4199 erga
1336 4129 1594 4196 fratrem,
1625 4135 1858 4185 tantum
1896 4146 2015 4186 non
2067 4130 2305 4186 dicens:

653 4219 968 4277 Auferatur
1006 4218 1255 4276 servitus
1292 4234 1446 4285 mea,
1479 4223 1540 4275 ut
1580 4225 1641 4275 tu
1679 4219 1840 4275 fratri
1874 4219 2310 4286 reconcilieris;

653 4325 796 4367 nam
847 4308 1207 4365 sacriﬁcium
1258 4309 1434 4365 etiam
1477 4312 1567 4363 est
1617 4324 1760 4378 erga
1809 4307 2050 4364 fratrem
2105 4325 2314 4365 recou-

651 4399 893 4465 ciliatio,
934 4414 1125 4470 neque
1153 4397 1315 4453 illam
1350 4397 1580 4469 absque
1607 4396 1722 4453 hac
1764 4398 2022 4470 suscipit.

723 4490 920 4543 Restat
948 4487 1146 4556 igitur,
1169 4493 1233 4541 ut
1257 4487 1381 4541 sive
1411 4485 1618 4541 laudes
1639 4486 1758 4540 Deo
1785 4486 2014 4552 reddas,
2053 4487 2172 4543 sive
2194 4503 2310 4542 ora-

653 4575 874 4630 tionem
904 4573 1225 4645 (siquidem
1273 4574 1454 4630 etiam
1484 4573 1612 4628 haec
1659 4573 1938 4630 sacriﬁcia
1967 4578 2140 4645 sunt),
2190 4577 2312 4632 sive

653 4661 819 4719 aliud
849 4662 1277 4733 quodcunque,
1308 4677 1375 4715 ne
1405 4661 1676 4733 proferas
1706 4661 1824 4726 illa,
1853 4662 2020 4720 fratri
2057 4670 2156 4721 tuo
2179 4665 2310 4721 irre-

655 4749 1024 4815 conciliatus,
1059 4750 1254 4805 sciens
1280 4750 1443 4822 quod
1474 4748 1620 4805 nihil
1649 4749 1864 4806 horum
1901 4754 1970 4807 sit
2005 4759 2312 4826 susceptu-

651 4854 776 4906 rus,
807 4838 923 4894 nisi
959 4839 1122 4909 prius
1152 4836 1566 4893 reconcilieris.
1598 4840 1796 4895 Fertur
1848 4847 2048 4898 autem
2083 4842 2310 4898 indiffe-

651 4933 849 4984 renter
870 4931 1158 4990 sermo,et
1178 4925 1256 4982 ad
1278 4941 1416 4981 eum
1431 4925 1532 4998 qui
1549 4925 1790 4984 affectus
1807 4935 1889 4985 est
1917 4931 1970 4984 in
1993 4931 2231 5001 injuria,
2256 4935 2313 4986 et

654 5016 734 5072 ad
764 5031 904 5072 eum
934 5015 1037 5087 qui
1078 5013 1360 5086 injuriam
1385 5015 1687 5086 irrogavit.
1720 5021 1782 5073 Et
1806 5019 1852 5073 si
1878 5020 2121 5091 quidem
2157 5020 2308 5074 male

653 5121 866 5176 passus
905 5119 989 5169 es,
1018 5104 1298 5175 injuriam
1329 5103 1411 5160 illi
1462 5105 1717 5176 remitte,
1768 5112 1825 5162 et
1857 5108 2091 5179 patiens
2141 5113 2304 5173 esto;

652 5193 820 5268 quod
832 5193 880 5249 si
901 5193 1184 5267 injuriam
1198 5193 1493 5268 irrogasti,
1515 5196 1753 5253 medere
1766 5196 1849 5267 iuj
1862 5197 2020 5263 urite,
2041 5196 2308 5270 nihilque

1942 362 2290 423 EUTHYMU
2329 357 2659 419 ZIGABENI

3988 367 4090 420 21?

2462 486 2552 548 ὀς
2597 518 2666 528 -
2706 482 2985 560 συνεδρίῳ.
3035 483 3306 558 Ἀνωτίρω
3355 486 3444 559 μεν
3472 487 3560 538 τὸν
3628 485 3870 558 ψιλῶς
3943 488 4088 564 ὄργ-

2394 578 2605 648 ζόμενον
2661 578 2955 650 κατέκρινεν
3001 595 3015 608 ·
3072 573 3294 627 ἕνταῦθα
3359 571 3438 645 δι,
3519 578 3602 627 τὸν
3696 582 3824 628 καὶ
3915 583 4086 651 μέχρι

2391 667 2548 737 λόγου
2602 669 2872 739 προίὸντα.
2926 662 2998 718 Τὸ
3044 664 3182 738 ῥακά
3238 660 3316 732 δέ,
3375 662 3617 722 Ἐϐραῑκὴ
3691 665 3849 719 ἐστι
3914 689 4081 740 pars,

2396 751 2635 813 δηλοῦσα
2667 757 2748 818 τὸ,
2783 753 2870 808 σύ.
2907 753 3048 807 Ἐπεὶ
3087 755 3189 826 γὰρ
3236 753 3570 828 ὀργιζόμενός
3612 773 3724 817 τις
3784 761 3964 809 νεοττοί
4013 778 4084 809 τι.

2394 863 2475 905 νος
2507 841 2602 895 οὐκ
2641 841 2780 904 ἀξιοί
2808 841 3026 894 καλίσαι
3067 849 3249 894 τοῦτον
3287 841 3341 906 ἐξ
3369 841 3641 914 ὀνόματος,
3713 847 3811 907 ὡς
3855 844 4080 909 ἀνάξιον

2395 932 2643 1003 ὀνόματος
2686 949 2699 961 ·
2756 929 2866 983 ἀντὶ
2937 929 3189 1002 ὀνόματος
3259 928 3319 984 δι
3373 935 3432 983 τὸ
3495 936 3558 984 σὺ
3623 935 3936 1001 τίθησιν,
4019 941 4079 994 εἰς

2397 1017 2646 1093 ἰνδειγμα
2691 1027 2783 1080 τῆς
2841 1020 2998 1092 ὀργῆς
3050 1025 3142 1072 καὶ
3196 1017 3487 1093 βδελύξεως
3528 1039 3540 1051 ·
3588 1027 3933 1096 κατέκρινε
3998 1031 4074 1077 καὶ

2398 1116 2599 1176 τοῦτον,
2668 1111 2735 1169 ὡς
2784 1113 2878 1167 τὴν
2945 1112 3122 1168 κοινὴν
3190 1111 3345 1181 φύσιν
3403 1106 3918 1183 βδελυσσόμενον,
3995 1121 4075 1164 καὶ

2399 1201 2578 1270 ἔνοχον
2649 1197 2806 1250 αὐτὸν
2861 1205 2932 1269 τῷ
2997 1193 3255 1271 συνεδρίῳ
3321 1207 3420 1251 τῶν
3475 1199 3904 1275 πρεσϐῦτ’ήοων
3990 1211 4073 1255 τοῦ

2399 1288 2525 1340 λαοῦ
2549 1291 2892 1357 κατίστησεν,
2913 1287 2987 1350 εἰς
3015 1289 3075 1340 τὸ
3104 1287 3228 1361 παρ’
3253 1287 3424 1341 αὐτῶν
3450 1287 3917 1361 ἕπιτιμηθῆνειι.

2472 1465 2567 1527 .ος
2621 1496 2688 1505 _
2741 1469 2930 1538 πυρός,
3012 1472 3203 1520 Τοῦτον
3275 1466 3509 1539 μεγάλως
3570 1472 3949 1544 κατέκρινεν,
4006 1476 4063 1530 ὡς

2404 1553 2776 1628 ἀφαιρούμενον
2828 1553 2932 1608 ἀπό
2993 1561 3088 1608 τοῦ
3137 1551 3363 1627 ἀδελφοῦ
3416 1559 3511 1613 τὴν
3559 1559 3880 1629 φρόνησιν,
3944 1560 4058 1610 καθ’

2407 1643 2468 1700 ἣν
2525 1651 2622 1695 τῶν
2670 1641 2869 1715 ἀλόγων
2922 1640 3254 1717 διαφίρομεν,
3309 1645 3339 1703 ἣ
3395 1643 3608 1716 μᾶλλον,
3655 1647 3736 1708 ὡς
3813 1649 3906 1710 εἰς
3965 1655 4052 1706 τὴν

2404 1736 2584 1785 πίστιν
2636 1731 2940 1807 ὑϐρίζοντα.
2986 1732 3046 1787 Εἰ
3096 1735 3199 1808 γὰρ
3247 1735 3276 1784 ὀ
3322 1736 3510 1795 πιστὸς
3562 1731 3812 1806 ἀδελφὸς
3869 1743 4052 1811 μωρὸς

2332 1842 2375 1897 Β
2406 1819 2568 1887 ἔστιν,
2599 1824 2670 1881 ὡς
2700 1821 2850 1882 οὗτός
2890 1840 3040 1893 φησι,
3069 1824 3222 1896 μωρά
3250 1828 3339 1873 καὶ
3369 1824 3398 1880 ἠ
3428 1827 3605 1884 πίστις
3631 1823 3841 1885 αὑτοῦ,

2481 1910 2728 1963 Ἐνταῦθα
2775 1906 2836 1963 δε
2878 1919 3082 1985 πρῶτον
3131 1909 3334 1984 ἐξέφηνε
3371 1915 3428 1963 τὸ
3478 1916 3640 1985 ὄνομα
3677 1922 3777 1975 τῆς
3822 1921 4045 1987 γεέννης

2405 2006 2496 2051 τοῦ
2570 2004 2754 2072 πυρός.
2829 2003 3034 2052 Γίενναν
3095 1996 3156 2053 δι
3221 1999 3492 2053 καλεῖσθαι
3565 2005 3767 2060 ταύτην
3848 2011 4036 2077 φασὶν,

2406 2089 2455 2138 οὶ
2506 2090 2617 2159 μὲν,
2670 2091 2734 2148 ὡς
2787 2087 2866 2141 ἀεὶ
2911 2097 3171 2160 γεννῶσαν
3227 2092 3287 2142 τὸ
3338 2098 3442 2165 πῦρ
3478 2107 3490 2119 ³
3541 2094 3589 2143 οἱ
3634 2088 3694 2144 δι
3745 2091 4034 2166 Ἐϐραὶκὸν

2408 2180 2568 2248 ὄνομα
2618 2183 2771 2230 τοῦτο
2808 2176 3042 2249 λέγουσι,
3099 2175 3292 2236 δηλοῦν
3339 2183 3434 2237 τὴν
3485 2183 3730 2238 τοιαύτην
3772 2183 4026 2237 κόλασιν.

2409 2265 2468 2317 Εἰ
2523 2269 2694 2317 τοίνυν
2741 2268 2836 2328 τὰς
2887 2262 3149 2328 δοκούσας
3198 2267 3322 2340 παρ’
3392 2269 3516 2340 ἡμῖν
3566 2268 3779 2343 ἐλαφρὰς
3836 2269 4028 2341 ὕϐρεις

2410 2353 2569 2414 οὕτως
2607 2352 2842 2424 ἐκόλασε,
2884 2360 3040 2416 ποίας
3087 2354 3238 2428 ίσμεν
3283 2355 3422 2419 ἄξιοι
3471 2355 3762 2425 καταδίκης,
3801 2359 3862 2407 οἱ
3906 2361 4009 2417 τὰς

2413 2439 2629 2514 βαρείας
2699 2445 2835 2495 κατά
2900 2451 3001 2495 τῶν
3086 2439 3320 2515 ἀδελφῶν
3398 2443 3613 2516 ἀφειδῶς
3684 2444 4009 2515 ίκχίοντεςς

2413 2529 2684 2584 Ἐκόλασεν
2737 2527 2825 2584 οὖν
2877 2533 2967 2593 τὰς
3021 2528 3284 2594 δοκούσας
3336 2531 3571 2606 ἐλαφρὰς,
3631 2530 3663 2586 δ
3672 2537 3720 2585 ια
3766 2535 3862 2595 τὰς
3918 2532 4021 2606 βα-

2413 2624 2574 2693 ρείας,
2634 2621 2716 2672 ἵνα
2762 2623 2958 2683 ταύτας
3014 2620 3233 2694 φοϐερὰς
3286 2627 3570 2688 κρίνοντες,
3624 2621 3810 2684 ἐκείνας
3861 2622 4019 2694 φοϐε-

2412 2711 2636 2782 ρωτίρας
2686 2712 2995 2782 νομίζωμεν.
3039 2708 3233 2770 ’Ἄλλως
3281 2729 3336 2763 τε
3373 2716 3482 2781 καὶ,
3540 2709 3682 2764 διότι
3718 2719 3820 2772 τοίς
3869 2711 4020 2784 ὀργι-

2419 2800 2650 2870 ζομένοις
2688 2798 2748 2850 οὐ
2779 2804 2933 2870 μόνον
2972 2801 3028 2851 αἱ
3060 2799 3282 2870 μεγάλαι
3309 2798 3503 2872 ὕϐρεις,
3537 2799 3668 2852 ἀλλά
3710 2806 3798 2852 καὶ
3828 2803 3885 2852 αἱ
3924 2820 4018 2872 με·

2414 2892 2560 2959 ρικαὶ
2613 2887 2730 2959 (63)
2773 2891 2957 2959 φόνους
2994 2886 3304 2960 ἐξαρτύουσι
3341 2888 3606 2955 πολλάκις,
3670 2886 3826 2946 δίκην
3871 2909 4021 2944 σπιν-

2420 2975 2576 3047 θῆρος
2607 2974 2927 3037 ἐξάπτουσαι
2961 2981 3054 3035 τὴν
3087 2977 3271 3052 ὀργήν.

2491 3062 2627 3116 Ἐὰν
2664 3095 2733 3104 -
2769 3061 2939 3139 δῶρόν
2981 3084 3095 3120 σου.
3140 3069 3337 3136 Πάντα,
3383 3068 3484 3120 ὅσα
3519 3086 3574 3120 τε
3614 3067 3852 3144 ἀνωτέρω
3893 3067 4017 3133 εἶπε,

2347 3196 2388 3253 C
2418 3157 2508 3205 καὶ
2552 3154 2654 3205 ὃσα
2699 3160 2788 3205 νῦν
2833 3153 2987 3227 λέγει,
3037 3160 3127 3208 καὶ
3178 3157 3278 3210 ὅσα
3329 3159 3461 3228 μετὰ
3507 3164 3660 3209 τοῦτο
3715 3156 3839 3230 ipsi,
3899 3161 4016 3231 ὑπὲρ

2421 3240 2624 3314 ἀγάπης
2673 3242 2826 3311 εἰσιν,
2880 3242 2943 3302 ἣν
2990 3244 3221 3316 μάλιστα
3264 3249 3384 3318 περὶ
3422 3244 3614 3298 πολλοῦ
3655 3248 3882 3316 τίθεται,
3936 3251 4014 3299 καὶ

2423 3327 2768 3405 διαφερόντως
2845 3331 3058 3398 ἄπαινεί,
3131 3337 3196 3394 ὡς
3274 3333 3322 3385 ἕν
3403 3335 3609 3397 πολλοῖς
3664 3334 4017 3409 προϐαίνοντες

2423 3421 2726 3492 εὑρήσομεν.
2788 3426 2919 3483 Θεὸς
2969 3426 3072 3495 γὰρ
3123 3422 3213 3489 ὧν,
3286 3423 3501 3494 ἀγαπῶν
3560 3426 3718 3497 ἡμᾶς,
3773 3427 4013 3497 inrepsi-

2421 3528 2576 3579 πησε,
2633 3514 2721 3562 καὶ
2750 3511 2920 3562 πάντα
2947 3513 3213 3580 πέπονθεν,
3264 3513 3347 3564 ἵνα
3376 3517 3466 3566 καὶ
3495 3514 3640 3584 ἡμεῖς
3691 3516 3780 3565 τὸν
3813 3519 3934 3567 Θεὸν
3968 3531 4013 3564 τε

2421 3604 2510 3650 καὶ
2559 3597 2769 3659 ἑαυτοὺς
2811 3597 3113 3673 ἀγαπῶμεν,
3160 3606 3250 3653 καὶ
3285 3598 3380 3654 διὰ
3431 3610 3521 3662 τῆς
3565 3604 3778 3674 ἁγὰπης
3833 3599 4013 3656 συνδε-

2425 3689 2587 3759 θῶμεν
2661 3685 2919 3754 ἀλλήλοις,
2970 3693 3060 3742 καὶ
3135 3692 3401 3764 γενώμεθα
3455 3690 3508 3743 ιν
3565 3700 3738 3764 σῶμα,
3801 3692 4008 3764 κεφαλὴν

2422 3777 2632 3847 ἕχοντες
2661 3779 2815 3829 αὐτὸν
2862 3781 2948 3830 τὸν
2980 3782 3230 3853 Χριστόν.
3263 3781 3352 3833 Διὸ
3389 3783 3480 3832 καὶ
3517 3787 3721 3854 πρῶτον
3771 3784 3843 3834 τὰ
3867 3786 4008 3852 νεῦρα

2423 3873 2513 3925 τῆς
2569 3865 2750 3937 μάχης
2821 3867 3140 3939 ὑποτίμνων,
3197 3868 3265 3920 τὰ
3317 3868 3608 3942 λυμαντικά
3662 3876 3758 3930 τῆς
3816 3869 4013 3941 ἀγάπης

2422 3952 2687 4008 ἀπέλαυνε.
2752 3958 2854 4008 Καὶ
2898 3956 2996 4028 ὅρα
3043 3957 3426 4029 φιλανθρωπίας
3477 3956 3785 4031 ὑπερϐολήν.
3850 3966 4017 4012 Κατα-

2423 4049 2596 4115 φρονιῖ
2639 4050 2735 4106 τῆς
2796 4045 2866 4105 εἰς
2922 4045 3078 4097 αὐτὸν
3125 4053 3302 4118 τιμῆς,
3356 4047 3482 4120 ὑπερ
3537 4055 3631 4108 τῆς
3687 4047 3760 4109 εἰς
3808 4045 4018 4120 ἀδελφὸν

2423 4130 2652 4202 ἀγάπης,
2724 4139 3009 4205 μονονουχὶ
3090 4133 3249 4206 λέγων
3293 4152 3306 4165 ο
3374 4135 3742 4207 Ἐγκοπτίσθω
3813 4139 3848 4194 ἡ
3929 4138 4018 4209 ἐμή

2422 4219 2654 4295 λατρεία,
2691 4220 2775 4273 ἵνα
2812 4225 2870 4274 οὺ
2904 4218 3188 4296 διαλλαγῇς
3226 4227 3355 4296 πρὸς
3385 4226 3470 4276 τὸν
3507 4221 3724 4296 ἀδελφόν
3765 4243 3884 4281 σου.
3931 4231 4022 4280 Καὶ

2421 4311 2523 4382 γὰρ
2557 4310 2718 4362 θυσίά
2747 4309 2860 4362 ίστὶ
2899 4316 2987 4364 καὶ
3019 4313 3050 4370 ἡ
3098 4314 3230 4385 πρὸς
3285 4316 3372 4364 τὸν
3427 4310 3645 4386 ἀδελφὸν
3697 4314 4021 4387 καταλλαγὴ,

2422 4404 2512 4450 καὶ
2543 4403 2709 4473 χωρὶς
2739 4398 2930 4460 ταύτης
2958 4396 3082 4453 οὐδε
3113 4399 3307 4459 ὶκείνην
3336 4399 3716 4476 προσδέχεται.

2348 4530 2392 4585 D
2496 4491 2691 4540 Λοιπὸν
2727 4483 2834 4552 οὖν,
2867 4487 2961 4539 κᾶν
2998 4489 3154 4561 ὕμνον
3202 4492 3480 4564 προσάγῃς
3507 4496 3639 4562 Θεῷ,
3689 4490 3784 4543 κᾶν
3838 4493 4022 4564 εὐχήν,

2421 4581 2510 4628 καὶ
2565 4583 2730 4629 ταῦτα
2778 4578 2880 4650 γὰρ
2931 4579 3091 4630 θυσία
3143 4577 3255 4630 ἔστι
3287 4597 3301 4612 ο
3335 4576 3429 4631 κᾶν
3483 4581 3654 4632 ὁτιοῦν
3707 4581 3896 4655 ἕτερον,
3949 4587 4020 4652 μὴ

2421 4663 2807 4726 ἀκατάλλακτος
2857 4672 3024 4718 ταῦτα
3091 4669 3453 4742 προσαγάγῃς,
3506 4666 3679 4738 εἰδὼς,
3739 4671 3817 4722 ὃτι
3872 4665 4022 4723 οὐδὲν

2420 4749 2767 4826 προσδέξεται
2795 4757 3009 4815 τούτων,
3046 4755 3189 4828 εἰμὴ
3241 4765 3443 4829 πρῶτον
3494 4754 3800 4830 διαλλαγῇς.
3852 4755 4024 4811 Ἀδιο-

2420 4847 2610 4912 ρίστως
2668 4839 2728 4894 δι
2785 4847 2871 4894 καὶ
2926 4847 3052 4917 πρὸς
3105 4847 3190 4896 τὸν
3241 4843 3575 4904 ἀδικήσαντα
3637 4848 3661 4899 ὁ
3715 4846 3886 4919 λόγος,
3935 4853 4025 4900 καὶ

2419 4934 2548 5002 πρὸς
2600 4934 2686 4983 τὸν
2734 4940 2909 4992 κακῶς
2953 4935 3262 4986 πεπονθότα.
3329 4939 3428 4987 Καὶ
3487 4935 3530 4987 εἰ
3585 4940 3672 4990 μεν
3721 4944 3894 4998 κακῶς
3932 4943 4016 4989 πέ-

2374 5079 2380 5086 .
2419 5021 2638 5088 nowﬁa;,_
2664 5021 2786 5092 ἄφες
2817 5020 2956 5092 αὐτῷ
2993 5026 3084 5080 τὴν
3117 5019 3348 5085 ἀδικίαν,
3398 5028 3486 5076 καὶ
3539 5030 3977 5096 συγγνωμόνησον
4009 5043 4019 5054 ’

2374 5109 2461 5160 τεί
2516 5106 2574 5161 δε
2631 5107 2921 5177 ἠδίκησας,
2977 5112 3291 5184 θεράπευσον
3336 5117 3428 5170 τὴν
3477 5109 3711 5176 ἀδικίαν,
3768 5118 3858 5165 καὶ

2417 5195 2581 5270 μηδὲν
2662 5197 2921 5270 ἐλλείψῃς,
2997 5201 3099 5254 ὅσα
3177 5205 3305 5277 πρὸς
3379 5201 3703 5276 καταλλαγὴν
3763 5206 4017 5276 φίρουσιν.

1946 5401 2170 5472 Varias
2207 5403 2538 5473 lectiones
2595 5412 2662 5472 et
2702 5413 2907 5474 uotae.

717 5623 829 5708 (δᾳ)
873 5629 1087 5708 pipiant
1149 5642 1292 5708 uou_
1324 5628 1481 5708 recte
1541 5625 1865 5708 opponitur
1918 5638 1994 5708 re
2064 5633 2306 5702 μεγάλαι.

645 5695 960 5753 Hentenius
986 5713 1216 5768 parvae.
1250 5697 1422 5754 Forte
1456 5695 1602 5768 ergo
1628 5695 1782 5768 legit
1810 5706 1995 5775 μικραί

2492 5629 3027 5708 (gnglegligentius
3059 5630 3186 5686 haec
3227 5631 3444 5708 scripta
3473 5638 3631 5701 sunt,
3686 5635 4018 5708 θεράπευσον-

2419 5698 2585 5772 μηδὲν
2613 5698 2815 5774 ἐλλείψῃ
2827 5723 2870 5772 ς,
2902 5703 3024 5757 ὅσα.
