4170 6514
179 387 326 445 213

1335 385 1698 445 COMMENT.
1739 387 1812 443 IN
1851 387 2279 446 ΜΑΤΤΗᾹΞΠΜ.
2316 417 2384 428 -
2415 386 2568 444 CAP.
2608 385 2682 444 V.

3554 379 3658 438 2H

189 511 539 581 Ἐδίδαξε
577 520 769 585 τοίνυν,
801 517 881 568 ὅτι
909 514 968 567 οὖ
997 516 1027 573 ἠ
1081 515 1242 566 θυσία
1292 509 1363 566 δι’
1393 515 1590 587 ἔχθραν
1629 511 1886 587 ἀπρόσδε-

1997 513 2292 589 relinquas
2320 528 2530 570 eorum
2559 528 2696 585 qua;
2726 511 2802 568 ad
2823 508 3374 567 reconciliationem
3398 505 3650 565 faciunt.

202 623 399 669 κτος,
441 610 652 660 τούτου
686 609 772 658 καὶ
798 607 824 658 6
855 602 971 678 βίος
999 603 1137 666 ἅπας
1168 598 1458 676 βδελυκτός
1487 602 1601 656 έστι
1635 611 1708 675 τῷ
1751 611 1883 675 Θεῷ.

312 859 498 910 Ἵσθι
529 887 598 898 --
625 851 939 929 κοδράντην.
972 849 1290 927 [Ἀντίδικόν
1322 852 1438 924 (65)
1487 871 1614 912 τινες
1658 855 1716 905 1'6
1773 873 1891 906 συν-

218 941 406 1008 ειδὸς
465 945 707 1017 λέγουσι,
749 947 819 1006 ὡς
867 942 1207 1015 ἀντικείμενον
1249 940 1326 994 ἀεὶ
1372 949 1446 1012 τῷ
1485 950 1693 1013 πονηρῷ
1748 942 1888 1001 θελή-

215 1053 416 1107 ματι,
461 1039 562 1087 καὶ
608 1040 937 1106 κατηγοροῦν
966 1040 1058 1084 τοῦ
1109 1037 1382 1092 πὸιοῦντος
1423 1033 1482 1082 1'6
1525 1034 1683 1083 κακόν
1713 1049 1725 1063 '
1766 1028 1888 1084 ὁδόν

219 1119 324 1194 δὲ,
396 1127 509 1176 τὸν
562 1127 798 1198 παρόντα
858 1120 998 1195 βίον,
1157 1124 1266 1194 χρὴ
1318 1118 1503 1172 εύνοεῖν
1559 1119 1674 1190 (66)
1728 1123 1888 1192 ἤγουν

216 1213 581 1283 πείθεσθαι,
643 1215 711 1264 τὰ
774 1213 863 1284 μὲν
922 1209 1055 1263 καλὰ
1110 1207 1452 1282 έπιτρέποντι,
1513 1206 1625 1279 (67)
1681 1217 1780 1260 τῶν
1829 1205 1890 1262 δε

225 1309 458 1353 κακῶν
488 1299 880 1374 ἀποτρέποντι.]

323 1388 562 1465 Ὠσπερ
626 1391 769 1442 εἴωθε
840 1392 1144 1464 προτρέπειν
1211 1387 1284 1449 είς
1350 1385 1556 1459 ἀρετὴν,
1615 1386 1674 1438 ού
1735 1389 1887 1459 μόνον

243 1475 378 1531 ὄιπὸ
445 1487 546 1531 τῶν
602 1478 903 1552 μελλόντων,
953 1475 1083 1528 ἀλλὰ
1137 1481 1227 1529 καὶ
1294 1473 1397 1528 ἀπὸ
1449 1482 1549 1526 τῶν
1599 1478 1886 1548 παρόντων,

242 1569 462 1628 καθὼς
505 1566 554 1619 έν
605 1574 714 1628 τοῖς
761 1569 1126 1640 Μακαρισμοίς
1183 1565 1458 1638 εἰρήκαμεν
1491 1580 1504 1594 ⁸
1543 1563 1678 1616 οὕτω
1734 1563 1887 1616 πάλιν

245 1657 463 1708 εἴωθε-ν
517 1655 823 1731 ἀποτρέπειν
880 1662 971 1714 τῆς
1038 1657 1246 1722 κακίας,
1309 1651 1368 1706 ού
1423 1655 1574 1724 μόνον
1633 1650 1734 1704 ἀπὸ
1787 1658 1886 1704 τῶν

243 1743 590 1817 μελλόντων,
637 1742 765 1796 ἀλλὰ
814 1748 904 1796 καὶ
952 1741 1052 1795 ἀπὸ
1098 1750 1199 1794 τῶν
1240 1745 1527 1816 παρόντων.
1563 1739 1888 1815 ’ἀποτρέψας

243 1835 377 1906 γὰρ
442 1841 538 1894 τῆς
589 1835 807 1908 ἔχθρας,
858 1828 953 1884 διὰ
1007 1840 1102 1893 τῆς
1167 1829 1454 1903 μελλούσης
1516 1833 1743 1902 γεέννης,
1797 1836 1964 1925 νῦνΒ

251 1920 565 1996 ἀποτρέπει
612 1924 808 1983 ταύτης
854 1925 945 1973 καὶ
1002 1918 1163 1992 φοϐεῖ,
1213 1923 1304 1972 καὶ
1357 1917 1452 1971 διά
1495 1925 1588 1972 τοῦ
1637 1922 1886 1992 παρόντος

253 2019 486 2086 κριτοῦ,
529 2015 620 2066 καὶ
673 2018 771 2064 τῶν
822 2011 1147 2066 καθεκάστην
1202 2011 1501 2082 γινομένων.
1557 2011 1722 2065 Φησὶν
1774 2003 1882 2071 οὖν,

258 2101 359 2153 ὅτι
399 2104 500 2153 Καὶ
533 2099 618 2152 ἐὰν
651 2099 758 2171 (68)
805 2098 876 2161 εἰς
923 2094 1268 2173 δικαστήριον
1317 2096 1593 2168 έλκυσθῇς,
1642 2095 1754 2147 ἴσθι
1797 2094 1884 2147 εύ-

259 2196 415 2240 νοῶν
443 2196 516 2258 τῷ
572 2184 830 2258 ἀκτιδίκῳ
880 2205 994 2257 σου,
1027 2189 1283 2252 τουτέστι,
1341 2188 1487 2257 γένου
1538 2187 1707 2244 εὔνους
1744 2183 1885 2255 αύτῷ

269 2282 381 2329 καὶ
413 2275 570 2347 φίλος,
604 2275 652 2328 ἓν
682 2277 788 2348 ὅσῳ
834 2276 1111 2347 τυγχάνεις
1139 2273 1186 2326 έν
1216 2282 1278 2348 τῇ
1313 2269 1420 2345 όδῷ
1450 2271 1560 2347 μετ’
1603 2271 1785 2337 αύτοῦ,
1818 2279 1880 2344 τῇ

269 2369 419 2442 πρὸς
456 2369 542 2417 τόν
587 2361 848 2422 δικαστὴν
891 2366 1137 2438 φερούσῃ,
1192 2364 1218 2416 ὅ
1263 2361 1395 2429 ἔστι,
1449 2364 1549 2438 πρό
1595 2369 1686 2414 τοῦ
1726 2359 1883 2414 έλθεῖν

268 2454 352 2516 εἰς
386 2458 474 2507 τὸν
529 2449 802 2512 δικαστήν.
834 2452 1040 2515 Ἐξεστι
1086 2453 1187 2526 γάρ
1234 2471 1320 2505 σοι
1358 2458 1646 2509 τηνικαῦτα
1691 2449 1882 2502 καταλ-

264 2543 528 2616 λαγῆναι,
588 2547 846 2616 χρήματα
904 2539 1352 2615 καταϐαλλομένῳ,
1406 2540 1535 2614 ἅπερ
1591 2541 1617 2590 ό
1677 2544 1882 2601 Λουκᾶς

267 2633 336 2704 (6
350 2633 406 2706 9)
447 2632 699 2708 ἐργασίαν
730 2630 988 2700 ἐκάλεσεν,
1033 2632 1102 2692 ὡς
1127 2629 1467 2702 έργαζόμενα,
1501 2629 1527 2680 ὃ
1564 2625 1880 2701 βουλόμεθα,

271 2727 377 2774 καὶ
417 2719 638 2774 ἀνύοντα
665 2724 722 2773 τὸ
766 2716 1212 2791 σπουδαζόμενον.
1257 2725 1511 2793 Κρείσσον
1539 2719 1640 2792 γὰρ
1675 2717 1882 2790 ζημιω-

279 2813 462 2880 θῆναι,
520 2811 549 2870 ἦ
603 2806 947 2867 δικασθῆναι.
997 2809 1289 2881 Ζημιωθεὶς
1341 2811 1433 2880 μὲν
1483 2808 1583 2879 γὰρ
1643 2802 1738 2859 διὰ
1787 2809 1881 2865 τὴν

279 2897 518 2972 ἀγάπην,
561 2903 681 2974 τρία
716 2895 981 2971 κερδανεῖς
1027 2896 1298 2968 κάλλιστα,
1347 2899 1405 2948 τό
1450 2899 1522 2968 μὴ
1573 2894 1883 2953 έκϐληθῆναι

281 2996 352 3059 τῇ
394 2987 590 3060 φυλακῇ
641 2987 755 3059 (70)
789 3027 804 3055 ,
856 2989 914 3039 τὸ
957 2989 1028 3058 μὴ
1064 2986 1396 3058 ζημιωθῆναι
1443 2987 1505 3038 τὰ
1536 2986 1760 3057 ἔσχατα,
1793 2988 1883 3037 καὶ

288 3079 351 3128 τό
381 3075 766 3148 καταλλαγῆναι
794 3083 866 3146 τῷ
897 3073 1074 3150 ἐχθρῷ
1109 3113 1122 3125 .
1172 3071 1440 3134 δικασθεὶς
1471 3069 1552 3138 δε,
1597 3077 1722 3147 τρία
1767 3072 1881 3126 τού-

282 3170 484 3218 ναντίον
531 3166 808 3236 ὑποστήσῃ
859 3166 926 3216 τά
976 3165 1206 3215 κάκιστα
1261 3163 1395 3234 (71),
1453 3165 1510 3214 τό
1565 3160 1883 3234 ἐμϐληθῆναι

282 3263 348 3327 τῇ
403 3254 626 3327 φυλακῇ,
678 3256 738 3305 τό
790 3248 1079 3305 ἀποδοῦναι
1118 3255 1204 3303 τὸν
1255 3253 1478 3322 ἔσχατον
1530 3247 1824 3323 κοδράντην
1864 3270 1876 3284 ·

285 3345 460 3395 ὅντινα
488 3346 716 3413 ἔσχατον
769 3340 953 3392 λεπτόν
1007 3341 1140 3393 εἶπεν
1199 3341 1225 3390 ό
1273 3345 1498 3404 Λουκᾶς,
1528 3342 1766 3390 τουτέστι
1795 3342 1884 3391 καὶ

288 3435 345 3484 τό
389 3431 696 3483 λεπτότατον
751 3424 910 3491 εἶδος,
961 3428 1027 3478 ὧν
1086 3423 1270 3479 δοῦναι
1323 3424 1715 3488 κατεδικάσθης
1746 3441 1765 3458 θ
1795 3430 1885 3479 καὶ

292 3522 484 3592 τρίτον,
517 3521 575 3569 τό
629 3513 768 3589 μηδὲ
821 3516 956 3568 οὕτω
1012 3514 1416 3587 καταλλαγῆναι,
1451 3514 1602 3576 Εἰκὸς
1645 3517 1767 3587 γὰρ,
1798 3518 1884 3566 τὸν

289 3603 554 3660 ἀντίδικον
601 3601 952 3663 ὁπωσδήποτε
998 3606 1358 3680 περιγενέσθαι
1404 3624 1520 3659 σου.
1559 3603 1676 3656 Εἰσὶ
1709 3599 1769 3658 δέ
1804 3622 1884 3656 τι·

287 3715 362 3756 νες
418 3693 751 3766 ἀναγωγικῶς
809 3693 1172 3766 ἑρμηνεύοντες
1224 3695 1288 3746 τὰ
1353 3694 1596 3768 ῥηθέντα,
1679 3694 1798 3766 ὅπερ
1857 3692 1884 3745 ό

283 3787 656 3860 Χρυσόστομος
697 3782 818 3852 (72)
861 3785 944 3835 ἐπὶ
991 3789 1082 3834 τοῦ
1136 3786 1388 3856 παρόντος
1435 3781 1530 3834 ούκ
1572 3777 1878 3844 ἀπεδέξατο·

1995 603 2203 660 Docuit
2241 603 2435 676 igitur,
2477 601 2637 673 quod
2667 601 2836 672 cujus
2873 599 3233 656 sacriﬁcium
3271 601 3510 669 propter
3548 595 3656 653 ini-

1996 692 2285 749 micitiam
2311 707 2430 747 non
2463 690 2803 762 suscipitur,
2828 689 3004 762 hujus
3034 702 3278 762 quoque
3307 687 3425 743 vita
3457 686 3654 743 omnis

1995 773 2115 828 Deo
2141 777 2229 828 est
2259 770 2706 828 abominabilis.

2070 863 2228 918 Vers.
2259 861 2346 916 25.
2383 860 2522 915 Esto
2555 890 2620 899 —
2650 859 2723 915 V.
2771 859 2858 912 26.
2906 857 3315 929 quadrantem.
3357 857 3400 926 -ι-
3439 854 3653 911 Adver-

1996 950 2215 1006 sarium
2247 949 2498 1021 quidam
2536 947 2964 1003 conscientiam
3003 945 3226 1009 dicunt,
3256 944 3434 1016 quasi
3476 943 3651 999 malas

1997 1037 2284 1096 voluntati
2322 1052 2555 1109 semper
2588 1034 2928 1107 oppositam
2973 1038 3030 1090 et
3073 1036 3446 1089 accusantem
3489 1047 3651 1097 eum,

1996 1126 2098 1198 qui
2128 1125 2282 1182 male
2311 1129 2625 1197 operatur;
2650 1122 2800 1178 viam
2823 1128 3043 1189 autem,
3072 1124 3425 1194 praesentem
3455 1119 3638 1175 vitam

1996 1216 2053 1271 in
2093 1231 2216 1288 qua
2243 1212 2606 1270 benevolum
2654 1227 2786 1267 esse
2825 1215 3053 1282 oportet
3082 1210 3206 1264 sive
3252 1207 3650 1275 obedientem,

1996 1303 2249 1360 honesta
2277 1301 2644 1366 concedenti,
2673 1305 2731 1356 et
2760 1315 2796 1356 a
2829 1299 3001 1354 malis
3025 1298 3362 1354 deterrenti.

2071 1391 2581 1458 Quemadmodum
2612 1389 2688 1444 ad
2720 1389 2996 1445 virtutem
3014 1386 3312 1443 exhortari
3337 1385 3506 1449 solet,
3534 1401 3650 1442 non

1997 1481 2195 1537 solum
2225 1496 2328 1552 per
2356 1496 2426 1534 ea
2453 1496 2583 1549 qua:
2610 1477 2803 1534 futura
2836 1481 2990 1540 sunt,
3023 1476 3126 1531 sed
3157 1476 3336 1532 etiam
3367 1491 3472 1548 per
3503 1490 3651 1546 pras-

1995 1572 2203 1638 sentia,
2231 1569 2380 1624 sicut
2400 1570 2458 1623 in
2484 1566 2952 1622 Beatitudinibus
2972 1565 3235 1621 diximus
3261 1582 3271 1618 :
3309 1564 3390 1620 ita
3411 1579 3650 1620 rursum

1996 1673 2032 1714 a
2061 1658 2222 1715 malo
2263 1657 2409 1714 solet
2448 1662 2728 1719 avertere,
2765 1671 2885 1711 non
2917 1670 3020 1726 per
3052 1653 3250 1710 futura
3280 1653 3500 1718 solum,
3543 1652 3651 1709 sed

1995 1748 2174 1804 etiam
2205 1763 2311 1820 per
2340 1746 2675 1818 praesentia.
2696 1746 3014 1816 Postquam
3042 1743 3202 1798 enim
3227 1742 3300 1798 ab
3319 1741 3460 1798 odio
3485 1757 3650 1798 revo-

1995 1837 2151 1893 cavit
2177 1850 2284 1907 per
2315 1835 2572 1890 futuram
2587 1833 2929 1905 gehennam
2949 1849 2965 1886 :
2990 1847 3149 1887 nunc
3172 1830 3330 1886 idem
3345 1830 3652 1886 dissuadet

1995 1931 2050 1982 et
2080 1926 2303 1981 territat
2327 1939 2432 1996 per
2453 1929 2806 1995 praesentem
2831 1922 3120 1993 judicem,
3143 1926 3199 1976 et
3231 1936 3303 1976 ea
3331 1935 3467 1992 quas
3499 1935 3650 1992 quo-

1994 2014 2133 2070 tidie
2157 2013 2453 2070 accidunt.
2483 2012 2631 2067 Dicit
2651 2026 2823 2082 ergo:
2863 2011 2918 2067 Si
2940 2011 3120 2067 etiam
3143 2009 3220 2066 ad
3250 2007 3510 2066 tribunal
3536 2016 3653 2066 tra-

1991 2103 2174 2171 haris,
2205 2109 2330 2159 esto
2359 2101 2671 2158 benevolus
2700 2115 2843 2169 erga
2869 2099 3272 2156 adversarium
3314 2105 3503 2163 tuum,
3536 2098 3650 2154 hoc

1993 2192 2344 2264 est,ﬁasipsi
2367 2191 2620 2256 amicus,
2646 2189 3124 2262 quandocunque
3148 2204 3279 2244 cum
3311 2187 3442 2259 ipso
3469 2186 3650 2244 fueris

1992 2282 2053 2338 in
2084 2280 2200 2347 via,
2231 2297 2367 2353 quas
2398 2285 2449 2335 te
2478 2280 2639 2336 ducit
2661 2278 2734 2334 ad
2755 2278 3021 2350 judicem
3055 2301 3066 2332 :
3104 2279 3457 2349 priusquam
3489 2277 3653 2332 vide-

1991 2369 2130 2425 licet
2167 2369 2241 2426 ad
2278 2369 2544 2440 judicem
2595 2369 2822 2431 venias,
2857 2371 2996 2424 tunc
3045 2365 3204 2422 enim
3237 2365 3342 2421 tibi
3382 2364 3518 2421 licet
3562 2379 3650 2420 re-

1992 2458 2290 2514 conciliari
2323 2456 2687 2513 exsolvendo
2724 2457 3029 2529 pecunias,
3071 2470 3226 2527 quas
3275 2455 3463 2510 Lucas
3502 2452 3652 2528 ἔργα-

1995 2552 2133 2611 σίαν,
2165 2546 2225 2602 id
2257 2552 2362 2613 est,
2404 2561 2648 2617 operam
2699 2543 2843 2600 dixit
2870 2546 2938 2607 9',
2968 2543 3110 2616 quia
3141 2549 3464 2613 operantur
3511 2557 3650 2614 quas

1992 2633 2289 2698 volumus,
2342 2649 2410 2688 ac
2449 2631 2760 2704 perﬁciunt
2813 2631 2980 2704 quod
3019 2635 3323 2702 optamus.
3367 2631 3544 2700 (Nam
3595 2633 3652 2686 et

1991 2723 2217 2798 έργασία
2242 2722 2319 2778 ab
2350 2722 2641 2797 ἐργάζομαι
2693 2720 2926 2786 dicitur,
2971 2720 3125 2775 sicut
3171 2735 3355 2791 opera
3394 2718 3472 2775 ab
3513 2733 3652 2790 ope-

1990 2812 2231 2883 rando.)
2287 2811 2486 2867 Melius
2541 2815 2629 2866 est
2673 2809 2833 2867 enim
2901 2808 3169 2864 debitum
3218 2808 3340 2864 sive
3393 2806 3651 2864 multam

1991 2900 2314 2969 exsolvere,
2329 2915 2512 2973 quam
2521 2898 2751 2970 judicio
2763 2897 3121 2953 contendere
3143 2914 3156 2962 ;
3179 2896 3463 2952 multatus
3489 2897 3651 2953 enim

1991 2989 2104 3048 tria
2127 2990 2392 3045 maxima
2425 2988 2642 3044 referes
2667 2986 2990 3043 commoda
3019 3003 3030 3040 :
3062 2990 3224 3058 puta,
3262 2985 3322 3041 in
3353 3001 3647 3041 carcerem

1991 3094 2114 3134 non
2143 3077 2491 3150 projicieris,
2532 3091 2638 3131 nec
2663 3075 2741 3132 ad
2769 3075 3046 3131 ultimum
3091 3090 3279 3147 puum
3325 3078 3424 3131 aut
3456 3073 3652 3130 multa:

1991 3167 2217 3223 exactio
2244 3183 2279 3222 a
2311 3172 2363 3222 te
2395 3166 2512 3231 ﬁet,
2547 3171 2601 3221 et
2618 3165 2859 3221 inimico
2884 3163 3382 3221 reconciliaberis.
3413 3162 3652 3220 Judicio

1993 3260 2193 3313 autem
2220 3254 2605 3322 contendens,
2625 3254 2776 3310 triae
2809 3253 3035 3309 diverso
3050 3253 3312 3325 pessima
3327 3251 3652 3309 sustinebis

1996 3343 2412 3399 incommoda:
2443 3343 2730 3409 videlicet,
2765 3343 2824 3398 in
2857 3357 3155 3398 carcerem
3199 3342 3556 3414 projicieris,
3579 3356 3652 3397 ac

1993 3430 2387 3488 novissimum
2457 3430 2670 3502 perdes
2731 3430 3150 3504 quadrantem,
3218 3445 3400 3502 quem
3460 3429 3653 3485 Lucas

1995 3522 2368 3592 postremum
2435 3520 2732 3575 minutum
2795 3519 2944 3576 dixit
3001 3521 3071 3585 ’7,
3131 3518 3245 3574 hoc
3281 3525 3390 3584 est,
3450 3518 3652 3574 minu-

1994 3607 2293 3664 tissimum
2323 3623 2511 3677 genus
2552 3625 2760 3665 eorum
2819 3609 2896 3665 ad
2945 3624 3081 3681 quas
3135 3606 3424 3663 solvenda
3469 3606 3650 3662 fueris

1994 3696 2429 3753 condemnatus
2458 3715 2471 3754 :
2500 3703 2556 3753 et
2587 3698 2842 3761 tertium,
2878 3697 3042 3770 quod
3073 3712 3183 3752 nec
3212 3697 3290 3753 ita
3312 3695 3653 3753 reconcilia-

1989 3785 2168 3843 beris.
2191 3786 2513 3843 Verisimile
2536 3791 2622 3842 est
2639 3787 2798 3842 enim
2823 3786 3238 3843 adversarium
3272 3800 3647 3858 permanere,

279 3877 818 3946 quantumcunque
854 3876 906 3926 te
929 3871 1132 3927 vicerit
1161 3871 1269 3940 (a).
1305 3872 1452 3927 Sunt
1479 3875 1678 3954 autem
1705 3870 1977 3943 quidam,
1999 3875 2104 3948 qui
2138 3890 2210 3932 ea
2233 3891 2369 3948 quas
2409 3877 2567 3932 dicta
2594 3881 2754 3942 sunt,
2791 3875 3121 3947 anagogice
3161 3875 3648 3954 interpretantur,

281 3961 443 4034 quod
475 3961 936 4032 Chrysostomus
970 3959 1049 4015 ad
1079 3974 1346 4031 praesens
1378 3951 1497 4015 non
1521 3960 1746 4032 recipit.

352 4049 641 4102 Ἠκούσατε
691 4079 761 4088 -
809 4047 858 4100 έν
911 4056 971 4121 τῇ
1044 4045 1242 4123 καρδίᾳ
1314 4048 1496 4105 αὐτοῦ.
1554 4053 1653 4102 Καὶ
1701 4048 1750 4102 έν
1804 4057 1877 4120 τῷ

279 4143 418 4212 νόμῳ
469 4140 600 4210 μετὰ
655 4139 732 4204 τό,
801 4137 877 4189 Ού
939 4139 1218 4209 φονεύσεις,
1291 4140 1348 4189 τό
1416 4136 1492 4189 Ού
1570 4139 1876 4209 μοιχεύσεις

280 4236 468 4280 κεῖται.
500 4229 700 4280 Λοιπὸν
731 4225 818 4278 οὖν
865 4225 1160 4298 ἀπαρτίσας
1203 4230 1298 4284 τὴν
1346 4229 1600 4299 προτέραν
1648 4224 1873 4297 έντολὴν,

280 4321 370 4368 καὶ
421 4315 505 4368 ἐπὶ
559 4320 654 4373 τὴν
709 4314 820 4385 μετ’
885 4313 1078 4372 ἐκείνην
1135 4317 1364 4388 πρόεισι,
1415 4320 1505 4367 καί
1569 4317 1656 4367 τόν
1715 4317 1876 4388 θυμόν

281 4405 564 4478 ῥυθμίσας,
608 4399 940 4475 παιδαγωγεί
975 4407 1064 4454 καὶ
1101 4407 1194 4460 τὴν
1230 4401 1530 4475 ἐπιθυμίαν.
1565 4401 1763 4478 Ὠσπερ
1817 4400 1876 4458 δί
1907 4391 1952 4446 D

285 4489 368 4544 έπὶ
403 4500 496 4552 τῆς
524 4496 776 4566 προτέρας
818 4490 1043 4558 ἐντολῆς,
1087 4492 1336 4564 προσθεὶς
1366 4494 1425 4544 τό
1457 4490 1590 4560 εἰκῆ,
1626 4487 1876 4548 διέστειλε

361 4667 408 4702 ⁸⁸
433 4666 570 4726 Luc.
611 4685 706 4738 xu,
747 4673 840 4730 58.
926 4670 973 4707 ⁸⁷
994 4667 1134 4728 ibid.
1172 4668 1260 4728 59.

2059 4054 2219 4112 Vers.
2249 4056 2345 4110 27.
2386 4054 2666 4110 Audistis.
2702 4085 2770 4096 —
2794 4054 2864 4111 V.
2883 4057 2972 4110 28.
3003 4055 3060 4110 in
3089 4054 3254 4111 corde
3281 4069 3395 4110 suo.
3420 4056 3482 4109 In
3513 4053 3646 4123 lege

1983 4146 2558 4214 quoquepostquam
2587 4143 2813 4199 dictum
2841 4147 2967 4198 est:
3001 4142 3131 4199 Non
3148 4141 3385 4206 occides,
3405 4142 3652 4213 ponitur

1984 4231 2164 4286 etiam
2201 4247 2212 4284 :
2254 4232 2384 4286 Non
2441 4232 2755 4286 committas
2795 4230 3170 4286 adulterium.
3226 4233 3424 4286 Restat
3461 4230 3642 4299 igitur

1985 4323 2050 4373 ut
2077 4323 2376 4390 postquan
2397 4320 2559 4390 prius
2580 4317 2835 4390 explevit
2864 4323 3252 4389 praeceptum,
3282 4321 3552 4372 transeat
3570 4314 3649 4371 ad

1987 4421 2278 4478 sequens;
2304 4412 2360 4461 et
2399 4413 2720 4478 postquam
2782 4407 2930 4462 iram
2964 4406 3236 4468 correxit,
3277 4405 3457 4460 etiam
3501 4418 3643 4459 con-

1985 4493 2416 4570 cupiscentiam
2461 4495 2824 4552 moderetur.
2886 4492 3048 4549 Sicut
3103 4497 3304 4550 autem
3349 4493 3410 4549 in
3461 4488 3650 4565 priori

1500 4850 1724 4920 Variae
1747 4850 2074 4922 lectiones
2101 4859 2166 4922 et
2201 4864 2402 4923 notae.

501 5048 847 5138 Inclusauin
879 5047 1152 5121 margine
1180 5047 1356 5106 habet
1384 5047 1579 5106 Codex
1609 5051 1874 5121 uterque.

351 5119 468 5265 $66;
507 5120 733 5195 εύνομείν
765 5127 820 5174 Β.
1024 5119 1040 5121 v
1757 5119 1775 5121 _

361 5194 440 5271 .67
505 5196 591 5264 ita
632 5206 872 5272 quoque
893 5190 1252 5272 “Hentenius
1317 5189 1553 5272 reperit.
1605 5189 1880 5272 Reddidit

284 5261 834 5344 enim‘ccuceden‘t'z}
892 5264 1012 5344 Hoc
1052 5261 1445 5344 ideo_monui,
1475 5276 1550 5317 ne
1575 5262 1711 5344 quis
1737 5281 1878 5344 ,προ-

285 5337 482 5409 τρέπειν
498 5337 582 5387 ἑπὶ
605 5337 672 5386 τὰ
691 5333 823 5409 καλά
840 5334 1171 5409 conjiceret.
1195 5333 1516 5409 Ἐπιτρέπειν
1538 5333 1680 5390 alibi
1701 5333 1878 5391 etiam

282 5404 463 5462 habet
484 5421 587 5479 pro
613 5406 876 5470 suadere,
899 5404 1132 5475 jubere.

353 5566 438 5640 (a)
466 5563 1096 5640 Verisimile—uicerit.
1131 5564 1452 5640 lientenius
1482 5565 1562 5640 ita
1597 5563 1875 5640 reddidit,

287 5633 786 5709 adsirepererit,
842 5636 972 5695 εἰκός
1018 5639 1117 5709 γὰρ
1174 5633 1439 5688 ἀντίδικον
1494 5633 1753 5709 διαμένειν
1787 5639 1878 5687 καὶ

288 5706 635 5768 ὁπωσδήποτε
698 5706 1097 5784 περιγενόμενον
1145 5725 1265 5764 σου.
1340 5708 1513 5773 Quod
1577 5706 1685 5763 étsi
1751 5719 1877 5764 non

2083 5051 2175 5107 68)
2206 5052 2286 5103 ὅτι
2312 5049 2395 5103 έάν
2437 5056 2527 5104 καί
2555 5054 2621 5107 Α.

2083 5051 2175 5267 ϐὃξ
2206 5052 2286 5103 ὅτι
2312 5051 2395 5103 έάν
2437 5056 2527 5104 καί
2555 5054 2621 5107 Α.

2082 5125 2147 5178 69
2203 5123 2228 5174 ὁ
2259 5127 2488 5190 Λουκᾶς,
2518 5121 2725 5179 omittit
2751 5123 2818 5178 Α.

2082 5197 2150 5249 70
2183 5195 2267 5267 _In
2297 5198 2460 5250 textu
2483 5193 2744 5267 βληθῆναι
2766 5194 2818 5246 εἰι

2081 5191 2267 5268 70)_In
2297 5198 2460 5250 textu
2483 5193 2744 5268 βληθῆναι
2766 5194 2835 5258 εἰς
2854 5193 3104 5268 φυλακήν.
3130 5191 3295 5251 Certe
3318 5191 3639 5266 ἕμϐληθῆναι

1983 5264 2331 5334 legendum,
2371 5272 2434 5322 ut
2471 5264 2631 5322 inox.

2059 5335 2172 5395 (7H
2197 5339 2473 5395 ὑποστηση
2506 5338 2643 5390 κακά
2671 5338 2717 5391 Α

2081 5341 2138 5392 71
2197 5339 2473 5396 ὑποστηση
2506 5338 2643 5390 κακά
2671 5338 2737 5392 Α.

2081 5335 2172 5479 ’ῖὲζ
2201 5411 2369 5465 Tom.
2406 5395 2520 5471 VII,
2549 5407 2742 5481 Ρ.219
2771 5406 2838 5466 C.

2058 5050 2078 5266 ἒ

1985 5565 2253 5635 ineptum
2298 5571 2404 5631 est,
2439 5571 2639 5622 tamen
2664 5565 2830 5623 nulla
2858 5566 3026 5624 adest
3055 5581 3238 5624 causa
3280 5564 3500 5623 idonea
3527 5578 3636 5623 cur

1987 5636 2156 5690 lectio
2181 5652 2450 5693 meorum
2481 5638 2757 5695 codicum
2791 5637 3154 5696 sollicitatur.
