4170 6500
606 335 713 425 se
1966 361 2311 422 summa
2344 359 2676 418 ZIGABENI
3937 357 4032 414 ιιι

607 493 912 567 praecepto
967 487 1215 557 addens,
1267 495 1499 556 temere,
1546 490 1811 548 distinxit
1844 492 1997 549 iram
2046 506 2254 564 Oppor-

2380 493 2470 548 τὴν
2520 489 2756 562 εὔκαιρον
2810 485 2969 559 ὀργὴν
3019 485 3120 539 ἀπὸ
3171 493 3267 547 τῆς
3319 483 3536 556 ἀκαίρου
3570 500 3582 514 ·
3617 482 3797 535 οὕτω
3837 479 3917 540 δὴ
3951 489 4027 535 καὶ

611 585 817 640 tunam
839 581 908 638 ab
929 581 1378 654 intempestiva;
1404 583 1486 638 ita
1514 586 1571 637 et
1600 583 1658 638 in
1691 583 1963 655 praesenti
2021 581 2258 647 addens,

2378 579 2461 631 έπὶ
2494 586 2581 638 τῆς
2612 578 2898 652 παρούσης,
2943 579 3003 628 τὸ
3051 578 3182 648 πρὸς
3227 579 3284 626 τὸ
3342 573 3681 645 ἐπιθυμῆσαι
3735 576 4023 646 προσθεὶς,

607 673 690 730 ad
699 671 1253 741 concupiscendum,
1269 671 1540 728 distinxit
1555 677 1865 744 aspectum
1885 672 2009 726 sine
2032 670 2254 725 atfectu

2379 665 2628 721 διέστειλε
2674 672 2769 725 τὴν
2833 665 3006 724 ἅπαθῆ
3069 664 3187 734 ὄψιν
3234 663 3333 715 ἀπὸ
3387 672 3479 724 τῆς
3532 661 3869 733 ἐμπαθοῦς.
3927 661 4023 711 O-Jz

607 758 686 814 ab
715 773 787 813 eo
815 757 915 828 qui
937 757 1076 812 vitio
1099 757 1375 812 afﬁcitur.
1412 761 1609 829 Neque
1632 757 1790 812 enim
1815 755 2160 828 simpliciter
2185 755 2245 810 di

2381 754 2486 809 εἶπε
2547 759 2672 830 γὰρ,
2737 758 2816 807 ὅτι
2882 757 2908 806 ὁ
2968 753 3169 825 βλέπων
3244 752 3431 817 ἁπλῶς,
3492 750 3601 802 ἀλλ’
3685 752 3720 802 ὁ
3817 748 4017 822 βλέπων

605 847 710 909 xit,
743 847 844 918 qui
873 846 1027 901 videt
1066 863 1078 899 :
1115 845 1240 910 sed,
1283 847 1382 915 qui
1416 846 1567 900 videt
1609 846 1689 901 ad
1730 846 2243 915 concupiscendum

2378 850 2504 920 πρὸς
2557 850 2615 898 τό
2686 844 3030 917 ἐπιθυμῆσαι,
3079 846 3362 912 τουτέστιν,
3423 843 3447 893 ὁ
3516 839 3745 913 βλέπων
3817 845 4015 914 περιέρ-

605 934 721 991 hoc
749 934 957 1006 estqui
986 933 1223 989 curiose
1249 934 1428 1000 videt,
1457 939 1509 989 et
1534 951 1669 990 cum
1702 933 2245 1003 animimgritudine

2376 953 2501 1004 γως,
2545 936 2569 985 ὁ
2616 933 2818 1006 βλέπων
2845 933 3106 1005 ἐμπαθῶς,
3137 935 3271 985 ὥστε
3315 932 3640 1001 ἐπιθυμῆσαι
3680 936 4011 989 συνουσίας.

606 1025 782 1099 quasi
832 1023 1054 1078 coitum
1099 1022 1609 1094 concupiscendo:
1645 1023 1781 1079 talis
1813 1023 1974 1078 enim
2011 1024 2137 1093 jam
2169 1037 2253 1077 eo:

2374 1020 2433 1073 Ὀ
2465 1030 2698 1084 τοιοῦτος
2748 1025 2848 1096 γὰρ
2886 1020 2992 1081 ἤδη
3040 1029 3131 1074 τοῦ
3175 1024 3371 1080 πάθους
3419 1019 3672 1078 ἐνέπλησε
3723 1026 3840 1078 τὴν
3901 1039 4012 1091 καρ-

611 1128 793 1169 suum
822 1110 1005 1168 animi
1037 1109 1346 1168 aﬂ’ectione
1379 1111 1663 1184 implevit,
1684 1111 1938 1184 ideoque
1971 1110 2258 1168 voluntate

2380 1107 2500 1164 δίαν
2559 1113 2765 1174 ἑαυτοῦ,
2812 1117 2901 1164 καὶ
2947 1112 3125 1165 λοιπὸν
3185 1120 3246 1183 τῇ
3303 1113 3602 1184 προαιρέσει
3645 1108 4005 1181 ἐμοίχευσεν.

609 1200 969 1259 adulterium
1001 1200 1319 1256 commisit.
1347 1201 1473 1268 Vel,
1497 1201 1602 1273 qui
1632 1202 1706 1256 ad
1727 1201 1841 1257 hoc
1862 1201 2018 1257 videt
2046 1205 2108 1256 ut
2137 1216 2256 1256 con-

2377 1199 2467 1266 Ἦ,
2502 1202 2528 1253 ὀ
2561 1197 2655 1252 διὰ
2683 1208 2836 1253 τοῦτο
2877 1200 3100 1273 βλέπων,
3152 1202 3235 1253 ἵνα
3282 1199 3599 1271 ἕπιθυμήση.
3645 1197 3718 1249 Ὀ
3771 1205 4007 1256 τοιοῦτος

611 1290 898 1364 cupiscat.
953 1292 1060 1345 lste
1093 1305 1311 1361 nempe
1342 1288 1718 1346 aﬁ'ectionum
1761 1290 2258 1362 perturbationem

2429 1292 2478 1362 ἰιρ
2534 1290 2752 1351 ἐζήτησε
2805 1295 2862 1342 τό
2913 1293 3101 1354 πάθος,
3157 1294 3245 1341 καὶ
3309 1287 3637 1360 ηὐτομόλησε
3707 1290 3862 1360 πρὸς
3923 1291 4004 1342 τὴν
4075 1347 4076 1370 γ

609 1378 907 1452 quaesivit,
934 1382 988 1435 et
1012 1377 1091 1434 ad
1118 1378 1659 1450 concupiscentiam
1689 1379 2027 1448 transfugit,
2057 1396 2123 1434 ac
2152 1380 2256 1433 sei-

2378 1377 2676 1451 ὶπιθυμίαν,
2737 1385 2827 1431 καὶ
2875 1375 3206 1453 προδέδωκεν
3240 1378 3418 1431 ἑαυτὸν
3457 1385 3528 1446 τῷ
3577 1377 3777 1443 πάθει,
3836 1381 3928 1427 καὶ
3971 1375 4002 1425 εἱ

608 1484 791 1542 psum
827 1467 1010 1525 animi
1045 1467 1476 1540 perturbationi
1499 1468 1757 1524 tradidit.
1780 1469 1994 1534 Quodsi
2021 1483 2255 1540 corpore

2377 1472 2465 1520 καὶ
2495 1473 2566 1541 μὴ
2628 1476 2700 1539 τῷ
2758 1474 2963 1540 σώματι
2994 1467 3165 1538 ἥψατο
3208 1475 3305 1528 τῆς
3345 1469 3608 1538 γυναικὸς,
3641 1464 3798 1517 ἀλλὰ
3842 1485 3905 1536 γε
3945 1472 3993 1534 τῇ

611 1556 854 1615 alterius
903 1571 1148 1613 uxorem
1183 1571 1304 1612 non
1354 1556 1561 1626 tetigit,
1593 1562 1652 1613 at
1693 1557 1902 1613 saltem
1940 1557 2258 1613 voluntate.

2376 1561 2696 1632 προαιρέσει.
2729 1558 2786 1610 Ὀ
2827 1555 2885 1610 δὲ
2913 1560 3047 1609 κατὰ
3089 1554 3319 1632 πάροδον
3347 1557 3569 1629 βλέπων,
3604 1556 3632 1613 ἣ
3692 1558 3849 1607 κατά
3895 1574 3992 1605 τινε

614 1645 724 1712 Qui
764 1648 963 1701 autem
995 1645 1054 1700 in
1085 1643 1335 1700 transitu
1367 1645 1545 1711 videt,
1580 1650 1682 1702 aut
1715 1645 1830 1701 alia
1860 1646 2138 1718 quapiam
2170 1661 2261 1701 ne-

2376 1652 2561 1719 χρείαν
2592 1647 2770 1713 ἄλλην,
2828 1646 3153 1718 ἀνέγκλητος.
3191 1652 3416 1698 Γυναῖκα
3461 1642 3520 1697 δε
3564 1651 3655 1696 νῦν
3711 1645 3879 1715 λέγει,
3914 1649 3985 1694 ui

611 1734 906 1798 cessitate,
939 1733 1187 1789 crimine
1213 1736 1401 1790 vacat.
1437 1733 1725 1789 Mulierem
1770 1750 1911 1791 vero
1949 1734 2113 1801 dixit,
2148 1735 2258 1790 sive

2375 1741 2470 1794 τὴν
2506 1735 2814 1809 έζευγμένην
2847 1731 3020 1809 ἀνδρὶ,
3050 1740 3138 1789 καὶ
3163 1740 3257 1794 τὴν
3308 1733 3715 1805 απολελυμένην,
3753 1739 3849 1787 καὶ
3907 1738 3981 1789 τὴν

608 1826 735 1880 viro
788 1823 1196 1894 conjunctam,
1249 1821 1375 1878 sive
1418 1820 1496 1878 ab
1545 1837 1614 1879 eo
1647 1822 1924 1890 solutam,
1982 1823 2104 1878 sive
2152 1824 2255 1878 vir-

1004 1827 1196 1887 Lctam,
1249 1821 1375 1878 sive
1418 1820 1496 1878 ab
1545 1837 1614 1879 eo
1647 1822 1924 1890 solutam,
1982 1823 2104 1878 sive
2152 1824 2270 1878 vir-
2300 1845 2348 1902 Β
2377 1827 2651 1900 παρθένον.

610 1928 830 1986 ginem.

686 2002 844 2060 Scire
871 2004 1071 2057 autem
1098 2003 1331 2073 oportet
1351 2000 1696 2072 hujusmodi
1720 2009 2033 2074 prmeepta,
2061 2003 2164 2057 etsi
2191 2001 2268 2058 ad

2449 2024 2563 2095 Χρὴ
2617 2017 2676 2073 δε
2723 2025 3014 2094 γινώσκειν,
3047 2022 3127 2073 ὅτι
3174 2022 3240 2073 τὰ
3287 2025 3505 2072 τοιαῦτα
3550 2019 3965 2094 παραγγέλματα,

611 2093 777 2150 viros
809 2091 984 2160 dirigi
1014 2090 1308 2155 videntur,
1343 2090 1620 2146 mulieres
1666 2108 1908 2164 quoque
1957 2093 2258 2163 respicere.

2380 2110 2423 2164 εἰ
2475 2090 2564 2162 καὶ
2615 2090 2747 2182 πρὸς
2785 2105 2983 2182 ἄνδρας
3024 2107 3381 2162 ἁποτείνεσθαι
3434 2090 3712 2176 δοκοῦσιν,
3739 2090 3883 2158 γάλλά
3915 2125 3966 2176 γε

614 2180 924 2255 Siquidem
956 2181 1044 2236 vir
1068 2185 1247 2253 caput
1294 2184 1387 2235 est
1427 2179 1693 2235 mulieris
1724 2181 1789 2246 ⁸⁸,
1846 2187 2025 2252 caput
2069 2187 2261 2237 autem

2377 2203 2625 2272 καὶπρὸς
2653 2207 2901 2270 γυναῖκας
2947 2202 3154 2273 ὁρῶσιν.
3204 2200 3262 2252 Ὀ
3307 2201 3407 2272 γὰρ
3459 2198 3587 2270 ἀνὴρ
3640 2198 3823 2270 κεφαλή
3877 2202 3964 2254 τῆς

615 2277 672 2329 et
722 2269 995 2326 membra
1051 2271 1217 2326 unita
1281 2275 1436 2324 sunt.
1495 2269 1791 2326 Probibuit
1853 2286 1991 2340 ergo
2066 2284 2262 2341 aspec-

2377 2294 2621 2360 γυναικός
2666 2288 2778 2340 ἐστι
2806 2304 2819 2318 ’
2855 2296 2914 2361 τῇ
2951 2285 3008 2340 δὶ
3059 2287 3247 2360 κεφαλῇ
3308 2292 3396 2339 καὶ
3435 2289 3498 2338 τὰ
3552 2287 3670 2359 μέλη
3725 2291 3945 2346 inurat.

613 2368 740 2416 tum
779 2360 1113 2423 curiosum;
1149 2374 1186 2416 a
1226 2358 1326 2414 tali
1379 2358 1540 2414 enim
1599 2359 1832 2415 affectio
1890 2360 1968 2416 ad
2007 2376 2110 2415 cor
2167 2359 2260 2414 de-

2379 2377 2624 2430 Ἐκόλασε
2652 2382 2822 2429 τοίνυν
2868 2381 2960 2435 την
2991 2382 3258 2451 περίεργον
3306 2377 3442 2441 Θέαν,
3503 2373 3632 2428 διότι
3679 2380 3723 2426 ἐκ
3759 2374 3934 2425 ταύτεί

612 2449 778 2506 ﬂuit:
825 2448 991 2521 quod
1041 2447 1139 2503 ubi
1198 2451 1462 2542 aegrotat,
1509 2447 1768 2504 incendit
1829 2452 1885 2504 et
1935 2464 2148 2520 corpus
2195 2448 2259 2504 ad

2380 2466 2625 2542 καταρρεῖ
2651 2469 2811 2527 πάθος
2842 2465 2925 2518 ἐπὶ
2973 2471 3067 2524 τὴν
3117 2461 3342 2538 καρδίαν
3376 2482 3389 2494 ·
3423 2465 3554 2522 αὕτη
3597 2461 3645 2515 a’i
3683 2461 3925 2524 παθοῦσα,

614 2537 858 2593 coitum.
893 2536 1097 2608 Itaque
1114 2533 1373 2591 radicem
1397 2535 1667 2601 abscidit,
1691 2552 1766 2592 ne
1793 2537 2086 2609 producto
2104 2552 2261 2593 ramc

2295 2555 2298 2558 ’
2380 2556 2656 2630 παροξύνει
2699 2558 2757 2607 τό
2804 2564 2957 2627 σῶμα
3003 2557 3129 2629 πρός
3182 2559 3486 2611 συνουσίαν,
3536 2548 3802 2627 Προανεῐλεν
3854 2543 3938 2596 οὖν

613 2625 875 2682 fructum
905 2640 1143 2697 quoque
1174 2624 1452 2696 proferat.

2218 2715 2233 2725 _
2382 2624 2475 2703 την
2503 2645 2676 2719 ῥίζαν,
2720 2644 2801 2695 ἶνα
2825 2624 2896 2716 μη
2927 2624 3117 2706 κλάδος
3146 2649 3289 2716 qui;
3316 2642 3491 2717 ένέγκη
3521 2624 3714 2717 καρπὸν.

686 2715 855 2770 Vers.
910 2716 998 2768 29.
1044 2713 1109 2770 Si
1145 2744 1214 2755 —
1254 2715 1342 2770 30.
1395 2714 1557 2770 Vers.
1618 2716 1961 2785 gehennam,
2023 2719 2147 2772 Non
2199 2715 2274 2770 de

2453 2733 2513 2786 Εἰ
2567 2730 2624 2785 δι
2678 2763 2746 2773 -
2801 2736 3024 2804 γέενναν.
3082 2732 3159 2789 Οὐ
3220 2737 3338 2806 περὶ
3396 2733 3557 2805 μελῶν
3606 2732 3825 2802 σώματος
3869 2744 3955 2798 φη·

619 2802 888 2877 corporis
918 2803 1202 2860 membris
1223 2803 1518 2876 loquitur;
1548 2803 1648 2861 illa
1673 2807 1830 2860 enim
1845 2806 2020 2878 culpa
2040 2811 2266 2860 vacant.

2387 2841 2468 2874 σιν
2495 2839 2507 2852 ·
2543 2820 2830 2893 ἀνέγκλητα
2875 2824 2975 2896 γὰρ
3027 2824 3093 2874 τὰ
3121 2821 3246 2894 μέλη
3279 2829 3370 2874 τοῦ
3427 2828 3700 2893 σώματος’
3729 2820 3824 2870 ὑπὸ
3863 2816 3951 2886 γὰρ

619 2895 763 2950 Nam
794 2892 1059 2964 corporis
1088 2891 1361 2948 membra
1378 2892 1456 2947 ab
1483 2892 1685 2948 anima
1703 2895 2020 2960 ducuntur,
2054 2899 2109 2950 et
2130 2908 2266 2965 quo-

2383 2919 2474 2971 τῆς
2503 2891 2688 2982 ψυχης
2718 2891 2956 2981 ἄγονται,
2986 2915 3074 2962 καὶ
3116 2891 3241 2984 πρὸς
3289 2910 3316 2962 ὂ
3364 2909 3423 2961 ἃν
3467 2891 3598 2968 αῧτη
3644 2909 3848 2977 κελεύσῃ
3893 2923 3957 2954 κι-

619 2979 965 3054 cunqueilla
981 2980 1223 3052 jusserit
1241 2983 1570 3034 moventur.
1599 2980 1709 3036 Sed
1741 2981 2014 3036 dextrum
2030 2981 2266 3053 quidem

2385 3008 2591 3052 νοῡνται
2625 3016 2638 3028 ·
2682 2998 2787 3050 ἀλλ’
2820 2998 3080 3072 ὀφθαλμόν
3131 3002 3220 3071 μὶν
3275 2996 3444 3062 δεξιόν
3494 2999 3640 3051 καλεῖ
3685 3002 3770 3051 τόν
3824 2990 3954 3048 δίκην

618 3070 862 3128 oculum
905 3073 1083 3125 vocat
1112 3067 1398 3124 idoneum
1432 3068 1713 3135 amicum,
1761 3070 1863 3142 qui
1909 3071 2092 3125 instar
2120 3069 2265 3125 oculi

2388 3088 2653 3161 ὀφθαλμοῦ
2692 3067 3027 3161 στεργόμενον
3069 3067 3238 3151 δεξιόν
3269 3089 3414 3161 φίλον
3442 3105 3454 3118 ⁸
3480 3096 3640 3160 χεῖρα
3682 3085 3741 3140 δί
3786 3083 3957 3146 δεξιὰν,

574 3181 580 3186 ί
620 3164 892 3218 amatur:
919 3174 1170 3215 manum
1203 3162 1403 3214 autem
1425 3159 1716 3227 dextram,
1752 3160 2086 3216 ministrum
2117 3175 2221 3214 con

621 3267 672 3269 ___
695 3266 713 3269 _
737 3250 865 3269 βα..-
933 3248 1027 3269 ___:
1054 3247 1106 3269 Ξ..
1145 3245 1388 3269 ...ΑΔημ
1428 3263 1641 3269 ___---
1672 3248 1823 3269 __n:|:_
1881 3253 1959 3269 --Α
2015 3249 2124 3269 ,2..-
2169 3249 2220 3269 --ξ

2310 3216 2351 3269 C
2387 3159 2473 3228 τόν
2507 3159 2662 3235 δίκην
2692 3159 2890 3252 χειρὸς
2917 3159 3311 3252 χρησιμεύοντα
3360 3159 3527 3239 δεξιόν
3573 3159 3861 3251 Ῠᾶπηρέτην,
3889 3174 3957 3222 καί

619 3250 894 3315 modum,
927 3248 1029 3321 qui
1054 3247 1112 3303 in
1143 3245 1391 3302 modum
1427 3263 1644 3303 manus
1672 3248 1826 3304 utilis
1871 3253 1976 3314 est,
2009 3249 2131 3304 sive
2169 3249 2266 3304 viri

2310 3245 2351 3269 υ
2389 3269 2487 3318 εἴτε
2543 3263 2729 3338 ἄνδρες
2801 3263 2917 3329 εἶεν,
2977 3270 3076 3319 εἴτε
3137 3274 3391 3338 γυναῖκες.
3444 3271 3596 3337 Λέγει
3664 3271 3855 3327 τοίνυν,
3901 3262 3957 3311 ὅτι

621 3339 757 3403 sint,
813 3337 931 3393 sive
985 3335 1284 3392 mulieres.
1349 3336 1496 3393 Dicit
1553 3337 1772 3409 igitur:
1817 3339 1872 3393 Si
1905 3338 1963 3392 hi
2012 3337 2116 3393 tibi
2161 3338 2268 3394 fue-

2391 3354 2505 3407 Ἐὰν
2553 3356 2600 3406 οἱ
2643 3361 2869 3406 τοιοῦτοι
2930 3351 3324 3415 σκανδαλίζωσί
3378 3374 3435 3408 σε
3483 3358 3611 3429 πρὸς
3663 3354 3956 3428 ἓμπάθειαν,

596 3428 739 3515 “rint
767 3425 1144 3492 oll'endiculo,
1179 3425 1440 3499 aliquam
1471 3426 1783 3483 afferentes
1812 3429 2022 3482 mentis
2054 3433 2243 3499 pertui

2387 3440 2526 3514 μηδὶ
2553 3446 2744 3495 τούτων
2776 3448 2926 3517 φείσῃ
2964 3461 2976 3473 ·
3025 3441 3130 3495 ἀλλ’
3163 3444 3380 3516 ἔκκοψον
3411 3444 3598 3506 αὐτοὺς
3640 3453 3737 3507 τῆς
3769 3444 3885 3516 πρὸς
3922 3441 3959 3488 σε

619 3517 948 3583 bationem,
984 3532 1092 3572 nec
1119 3516 1202 3572 eis
1229 3532 1458 3588 parcas,
1491 3516 1596 3572 sed
1626 3522 1875 3587 amputa
1905 3517 2069 3588 ipsos
2101 3517 2266 3573 omni-

2393 3535 2646 3603 σχέσεως,
2677 3537 2765 3584 καὶ
2809 3532 2966 3606 ῥίψον
3006 3532 3180 3608 πόρρω
3213 3553 3327 3586 σου.
3377 3540 3476 3586 Καὶ
3506 3533 3598 3585 οὐκ
3631 3535 3767 3600 εἶπε,
3799 3528 3957 3598 lie-#7.

621 3623 754 3679 quae
792 3605 1076 3661 adversus
1108 3610 1162 3660 te
1198 3608 1286 3660 est
1314 3604 1648 3672 affectione,
1690 3611 1747 3660 et
1790 3606 2007 3676 projice
2056 3606 2166 3660 abs
2199 3612 2268 3661 te.

2389 3620 2520 3687 ἀλλ’,
2588 3604 2867 3692 Ἐκκοψον,
2925 3626 3018 3680 τὴν
3075 3604 3305 3680 παντελῆ
3380 3619 3645 3685 διάζευξιν
3730 3624 3954 3695 ἐμφήνας-

622 3698 824 3766 Neque
837 3692 2076 3762 dixit,Percute,sedAmputa,manifestans
2091 3695 2269 3750 omni-

2392 3714 2492 3762 Καὶ
2549 3709 2722 3779 εἰπὼν,
2773 3709 3050 3783 Ἕκκοψον,
3102 3711 3195 3763 οὐκ
3242 3714 3361 3768 ἔστη
3423 3716 3585 3784 μέχρι
3636 3716 3845 3776 τούτου,

623 3782 872 3839 modam
889 3779 1339 3851 separationem.
1359 3779 1566 3834 Dicens
1578 3796 1818 3854 quoque
1839 3784 2144 3852 :Amputa,
2160 3799 2270 3839 non

2390 3797 2608 3851 ἐπέτεινε
2637 3802 2722 3851 τόν
2752 3798 2916 3870 λόγον,
2969 3801 3213 3873 προσθεὶς
3262 3804 3340 3864 τὸ,
3402 3806 3502 3853 Καὶ
3537 3799 3666 3872 βάλε
3721 3801 3822 3852 ἀπὸ
3873 3800 3961 3852 σοῦ,

624 3871 709 3928 ibi
735 3867 1091 3942 permansit;
1116 3869 1218 3923 sed
1243 3867 1482 3923 ulterius
1505 3884 1841 3926 sermonem
1870 3872 2148 3942 extendit,
2180 3873 2271 3929 ad-

2393 3888 2474 3939 ἱνα
2516 3892 2586 3959 μὴ
2631 3887 2853 3945 πλησίον
2890 3891 3167 3960 τυγχάνων
3216 3889 3365 3952 αὖθις
3424 3890 3693 3962 οἰκειωθῇ.
3750 3891 3883 3942 Ἐπεὶ
3924 3878 3963 3932 δε

626 3961 778 4017 dens
802 3975 814 4014 :
835 3958 914 4013 Et
933 3957 1163 4028 profice
1186 3957 1290 4013 abs
1321 3963 1391 4022 te,
1420 3973 1496 4014 ne
1549 3958 1608 4014 in
1640 3960 1912 4032 proximo
1969 3977 2273 4018 remanens

2391 3974 2659 4048 ἀποτόμως
2689 3975 2967 4042 ἐκέλευσεν,
3007 3973 3170 4041 ἔδειξε
3207 3977 3383 4032 λοιπὸν
3413 3981 3471 4031 τὸ
3515 3980 3746 4032 ἐντεῦθεν
3787 3969 3959 4051 κέρδος,

625 4049 733 4106 ﬁat
760 4061 971 4103 rursus
996 4044 1321 4104 familiaris.
1354 4045 1499 4114 Quia
1525 4052 1724 4104 autem
1747 4065 1872 4106 rem
1903 4051 2117 4107 duram
2134 4068 2272 4124 pra:-

1370 4045 1499 4114 Quia
1525 4052 1724 4140 autem
1747 4065 1872 4106 rem
1903 4051 2117 4107 duram
2134 4068 2281 4124 praa-
2390 4062 2491 4116 ἀπὸ
2522 4044 2613 4118 τοῦ
2648 4069 3017 4140 συμφέροντος.

628 4140 886 4210 ceperat,
926 4134 1160 4192 lucrum
1188 4135 1248 4192 in
1285 4140 1594 4208 posterum
1637 4137 2065 4197 demonstravit
2089 4140 2167 4197 ab
2210 4157 2280 4198 eo

627 4225 795 4301 quod
824 4225 962 4282 utile
992 4230 1096 4282 est.

695 4317 861 4374 Vers.
901 4317 989 4372 31.
1022 4316 1251 4374 Dictum
1269 4319 1351 4374 est
1392 4323 1587 4374 autem
1617 4349 1687 4360 —
1717 4319 1777 4374 V.
1811 4320 1897 4374 32.
1929 4319 2281 4378 adulterium

2462 4322 2672 4399 Ἐρρέθη
2728 4319 2788 4376 δε
2843 4354 2910 4364 —-
2961 4329 3246 4396 μοιχᾶται.
3296 4320 3440 4378 Ἰδοὺ
3489 4329 3578 4378 καὶ
3635 4326 3808 4402 ἕτερον
3858 4315 3969 4375 εἶδος

626 4405 944 4465 committit.
960 4409 1104 4462 Ecce
1134 4409 1190 4462 et
1217 4405 1383 4462 aliud
1398 4404 1668 4462 adulterii
1684 4423 1872 4479 genus
1887 4408 2273 4466 demonstrat.

2391 4417 2637 4486 μοιχείας
2691 4409 2946 4470 δείκνυσι.
3000 4418 3173 4485 Νόμος
3223 4416 3324 4488 γὰρ
3383 4414 3445 4473 ἦν
3497 4415 3723 4478 παλαιὸς
3785 4411 3969 4466 κελεύων

621 4495 876 4552 Jubebat
893 4493 1052 4550 enim
1077 4493 1169 4549 lex
1195 4498 1389 4560 vetus,
1411 4499 1470 4550 ut
1492 4496 2036 4569 quomodocunque
2053 4499 2268 4554 odisset

2318 4506 2478 4602 Drév
2535 4497 2882 4558 ὁπωσδήποτε
2923 4510 3182 4574 μισοῦντα
3244 4507 3338 4561 τὴν
3407 4499 3546 4556 ἰδίαν
3612 4511 3857 4575 γυναῖκα,
3913 4496 3965 4567 μὴ

623 4584 920 4656 quispiam
951 4597 1201 4638 uxorem
1229 4583 1557 4655 propriam,
1591 4599 1665 4640 ne
1695 4601 1828 4643 eam
1859 4588 2150 4654 retineret,
2179 4589 2270 4644 sed

2323 4583 2359 4602 υ
2392 4594 2654 4662 κατέχειν,
2689 4589 2793 4642 ἀλλ’
2823 4589 3079 4644 ἐκϐάλλειν
3126 4591 3310 4662 αὐτὴν,
3363 4589 3523 4646 δόντα
3576 4592 3708 4665 αὐτῇ
3773 4583 3970 4644 ἀποστά-

624 4671 764 4728 dato
782 4669 899 4744 ipsi
929 4669 1124 4724 libello
1154 4670 1410 4742 repudii,
1443 4671 1778 4730 dimitteret.
1805 4675 2057 4731 iubebat
2081 4683 2271 4732 autem

2396 4700 2528 4743 σιον,
2585 4682 2612 4732 ὅ
2668 4682 2804 4732 ἑστιν
2857 4681 3112 4754 ἔγγραφον
3176 4680 3469 4742 ἀπολύσεως
3516 4723 3530 4749 ,
3590 4684 3678 4733 καὶ
3743 4675 3969 4736 ἐκϐάλλειν

625 4760 879 4830 abjicere
910 4757 1034 4814 sive
1063 4758 1398 4829 repudiare,
1440 4777 1515 4818 ne
1540 4763 1878 4820 occiderent
1916 4780 2048 4820 eam
2081 4784 2095 4838 ;
2130 4783 2272 4838 aegre

2342 4823 2348 4828 ,
2392 4774 2480 4843 μὲν
2542 4769 2724 4836 αὐτὴν,
2781 4769 2862 4820 ἵνα
2927 4773 2998 4841 μὴ
3055 4773 3198 4842 φόνος
3256 4775 3486 4842 γένηται.
3538 4769 3970 4823 Δυσκατάλλακτοι

624 4849 786 4905 enim
816 4846 1355 4905 reconciliabantur
1373 4849 1582 4916 Judaei,
1607 4868 1728 4907 non
1767 4854 1948 4908 modo
1977 4869 2119 4925 erga
2141 4871 2271 4911 uxo-

2390 4862 2491 4930 γὰρ
2554 4860 2688 4916 ἦσαν
2739 4855 3012 4923 Ἰουδαῖοι,
3070 4859 3128 4910 οὐ
3196 4863 3320 4933 πρὸς
3377 4862 3468 4922 τὰς
3519 4863 3751 4932 γαμετὰς
3823 4860 3969 4930 μόνονρ

622 4953 739 5002 res,
759 4935 867 4992 sed
896 4937 1076 4993 etiam
1100 4951 1242 5008 erga
1269 4938 1444 4996 ﬁlios.
1473 4940 1637 4996 Unde
1664 4946 1719 4996 et
1743 4941 2006 4998 Christus
2028 4945 2269 5016 quadra-

2394 4947 2520 4998 ἀλλὰ
2566 4952 2654 4999 καὶ
2702 4950 2830 5020 πρός
2876 4951 2940 4999 τὰ
2985 4952 3156 5003 τέκνα.
3212 4951 3297 5000 Διό
3333 4954 3421 5002 καὶ
3467 4950 3493 5000 ὁ
3541 4952 3769 5022 Χριστὸς
3824 4949 3969 5017 εἴρηκε

622 5026 852 5097 gesimo
904 5023 1096 5097 capite
1169 5025 1318 5083 dixit
1372 5043 1477 5084 eos
1513 5045 1524 5084 :
1558 5029 1778 5100 Moyses
1821 5038 2065 5100 propter
2115 5033 2269 5088 duri-

2392 5038 2516 5108 πρὸς
2572 5035 2761 5098 αὐτοὺς
2813 5035 2861 5087 έν
2931 5043 3004 5107 τῷ
3076 5045 3486 5110 τεσσαρακοστῷ
3562 5037 3842 5110 κεφαλαίῳ,
3913 5031 3972 5080 ὅτι

597 5117 768 5194 _tiam
797 5113 978 5172 cordis
1037 5115 1211 5172 vestri
1233 5118 1504 5186 permisit
1567 5117 1719 5175 vobis
1775 5121 2090 5188 repudi-tre
2145 5137 2244 5180 Im

2393 5133 2619 5187 Μωυσῆς
2689 5128 2817 5201 πρὸς
2886 5129 2979 5183 τὴν
3049 5123 3471 5202 σκληροκαρδίαν
3553 5127 3694 5201 ὑμῶν
3786 5124 3968 5191 ἐπέτρε-

621 5219 712 5260 res
767 5208 988 5261 vestras
1037 5206 1104 5260 θ’.
1153 5205 1339 5262 Jussit
1400 5209 1600 5262 autem
1655 5208 1799 5264 dare
1855 5207 2118 5266 libellum
2194 5226 2268 5268 re-

2361 5215 2483 5285 ,ψεν
2542 5216 2661 5288 ὑμῖν
2725 5197 2986 5268 ἆπολύσαι
3041 5218 3133 5278 τὰς
3184 5197 3458 5288 ..γυναῖκας
3529 5197 3670 5289 ὑμῶν
3715 5233 3728 5246 ·
3780 5206 3966 5267 διδόναι

619 5292 811 5366 pudii,
839 5308 916 5351 ne
941 5298 1153 5366 postea
1181 5293 1347 5351 alteri
1389 5295 1521 5367 jam
1571 5300 1821 5368 nuptam
1870 5297 2020 5363 viro,
2081 5305 2266 5371 posset

2392 5299 2451 5356 δι
2509 5302 2854 5373 ἀποστάσιον,
2915 5305 2999 5359 ἱνα
3057 5305 3176 5377 (73)
3231 5309 3362 5380 μετὰ
3434 5313 3607 5374 τοῦτο,
3665 5303 3969 5381 γαμηθείσης

693 5419 740 5456 ⁸⁸
770 5418 983 5493 Ephes.
1026 5437 1080 5491 v,
1115 5422 1204 5476 23.
1283 5419 1331 5456 θ’
1362 5419 1562 5477 Matth.
1589 5437 1707 5486 xxx,
1741 5426 1794 5478 8.

1865 5550 2082 5619 Varias
2121 5551 2450 5621 lectiones
2485 5560 2550 5622 et
2592 5565 2793 5624 notae.

687 5689 798 5762 (73)
827 5691 899 5762 μὴ
934 5686 1121 5760 addit,
1161 5691 1218 5750 et
1239 5702 1402 5760 mox,
1425 5691 1562 5764 post
1588 5687 1764 5767 ἀνδρί.
1797 5693 2014 5753 omittit
2041 5699 2108 5752 Α.
