4170 6478
199 394 303 452 217
1221 389 1587 446 COMMENT.
1628 387 1708 445 IN
1741 387 2184 446 MATTILEUM.
2226 419 2296 432 --
2333 387 2492 447 CAP.
2540 386 2607 445 V.
3475 388 3584 446 218

207 519 370 584 αὐτῆς
399 521 560 594 ἑτέρῳ
593 517 770 594 ἀνδρὶ,
807 522 877 591 μή
937 513 1142 590 δυνήθῇ
1195 517 1334 588 (74),
1367 522 1432 578 ὡς
1489 515 1683 577 οἰκείας
1733 535 1854 588 γυοη

1933 531 2138 572 rursus
2165 515 2635 588 apprehendere,
2663 515 2839 588 quasi
2869 515 3186 589 propriam,
3211 519 3267 573 et
3297 513 3435 571 hinc
3465 513 3579 571 ori-

211 612 410 682 ναικός,
460 609 624 664 πάλιν
676 607 1136 680 ἐπιλαμϐάνεσθαι,
1187 611 1274 659 καὶ
1327 610 1574 678 γίνωνται
1623 608 1826 677 συγχύ-

1341 610 1574 678 γίνωνται
1623 608 1826 677 συγχύ-
1931 609 2138 662 rentur
2160 605 2519 661 turbationes
2552 620 2620 661 ac
2644 605 2988 663 seditiones.

215 719 326 760 σεις
347 718 436 752 και
463 703 687 759 στάσεις
712 697 956 753 ἐντεῦθεν.

284 788 344 841 Ὀ
394 785 456 841 δὲ
502 790 738 864 Χριστὸς
790 794 903 852 νῦν,
934 788 1294 859 ἡμερωτέρους
1337 784 1528 846 αύτούς
1577 781 1672 838 διὰ
1723 791 1823 837 τῶν

2005 781 2270 838 Christus
2321 797 2458 837 vero
2500 782 2790 853 praedictis
2840 782 3036 839 verbis
3075 783 3454 840 mansuetius
3488 798 3589 839 eos

207 877 578 951 προλαϐόντων
631 878 795 948 λόγων
866 880 1232 941 καταστήσας,
1291 876 1500 940 κελεύει,
1557 878 1626 945 μή
1693 873 1822 925 ἀπο-

1943 870 2272 936 instituens,
2298 870 2465 942 jubet
2494 886 2566 926 ne
2599 887 2845 927 uxorem
2895 871 3230 942 repudient,
3263 873 3370 927 nisi
3403 872 3590 943 stupri

204 966 345 1020 λύειν
398 972 497 1024 τήν
547 973 792 1038 γυναῖκα,
843 967 1100 1038 παρεκτὸς
1153 964 1307 1036 λόγου
1369 967 1630 1035 πορνείας,
1674 981 1822 1015 τουτ-

1944 975 2134 1015 causa.
2169 962 2454 1028 Stuprum
2495 965 2694 1015 autem
2727 965 2899 1016 vocat
2929 959 3024 1015 hic
3057 959 3449 1028 adulterium;
3487 959 3591 1015 sed

205 1056 344 1124 ἐστι,
421 1052 571 1127 δίχα
650 1058 815 1116 αἰτίας
885 1059 1118 1127 πορνείας
1173 1070 1186 1084 ο
1261 1057 1500 1126 πορνείαν
1580 1052 1820 1116 ἐνταῦθα,

1941 1063 2128 1121 neque
2157 1049 2473 1104 dimissam
2509 1049 2795 1120 permittit
2831 1049 3000 1105 alteri
3033 1050 3159 1105 viro
3197 1048 3444 1104 nubere.
3479 1049 3588 1114 Qui

200 1149 299 1204 τὴν
374 1148 634 1217 μοιχείαν
702 1142 961 1215 ὀνομάσας
1017 1159 1028 1172 ·
1089 1141 1216 1194 ἀλλὰ
1268 1137 1398 1214 μηδ’
1450 1140 1824 1212 ἀπολελυμένην

1941 1138 2111 1203 enim,
2136 1143 2302 1193 extra
2341 1137 2524 1209 stupri
2572 1153 2840 1202 causam,
2898 1154 3068 1193 suam
3127 1137 3423 1209 repudiat,
3455 1137 3588 1193 facit

200 1234 292 1306 ὑφ’
325 1233 509 1307 ἐτέρου
559 1228 748 1302 ἀνδρὸς
799 1238 1002 1304 γαμεῖν.
1043 1235 1184 1303 Δίχα
1227 1233 1328 1304 γὰρ
1381 1229 1539 1302 λόγου
1590 1233 1824 1303 πορνείας

1934 1241 2067 1284 eam
2093 1226 2426 1282 adulteram
2452 1242 2758 1292 esse,cum
2785 1227 2949 1282 alteri
2964 1227 3581 1283 virocommisceatur.

206 1323 237 1376 6
287 1325 381 1394 μὲν
429 1320 705 1383 ἀπολύσας
751 1325 843 1378 τήν
894 1319 1101 1388 ἐαυτοῦ,
1143 1327 1280 1372 ποιεῖ
1327 1319 1488 1378 αὐτήν
1533 1322 1822 1391 μοιχεύειν,

1945 1317 2044 1382 Qui
2075 1332 2214 1372 vero
2244 1316 2323 1371 sic
2353 1317 2430 1372 ab
2461 1316 2643 1373 altero
2673 1316 3045 1387 repudiatam
3076 1316 3334 1380 duxerit,
3367 1315 3592 1371 adulte-

211 1410 653 1483 συμπλεκομενην
714 1409 863 1483 ἑτέρῳ
920 1409 1075 1484 ἀνδρί
1119 1429 1132 1441 ο
1167 1411 1193 1461 6
1241 1405 1299 1461 δι
1346 1414 1600 1480 γαμήσας
1645 1407 1824 1462 ἀπολε-

1947 1405 2088 1461 rium
2113 1421 2250 1461 cum
2283 1405 2476 1460 aliena
2514 1405 2848 1460 committit.
2887 1404 2984 1459 His
3014 1409 3212 1460 autem
3258 1403 3412 1458 datis
3445 1418 3594 1474 pl‘tB-

212 1499 444 1572 λυμένην
493 1500 580 1572 ὑφ’
633 1499 824 1572 ἑτέρου,
878 1501 1116 1571 μοιχεύει
1165 1503 1258 1556 τήν
1310 1497 1599 1572 ἀλλοτρίαν.
1646 1504 1826 1550 Ταῦτα

1945 1495 2135 1566 3eptis,
2170 1510 2415 1550 uxorem
2442 1494 2622 1550 etiam
2653 1493 3048 1550 cordatiorem
3076 1509 3146 1548 ac
3182 1491 3592 1548 modestiorem

214 1585 276 1643 δε
305 1591 691 1662 νομοθετήσας,
725 1594 963 1662 σώφρονα
989 1593 1080 1640 καὶ
1125 1593 1219 1646 τήν
1261 1595 1486 1659 γυναῖκα
1524 1592 1820 1644 πεποίηκεν.

1937 1581 2200 1639 reddidit.
2222 1583 2431 1638 Audito
2459 1597 2716 1653 namque
2727 1580 2892 1654 quod
2909 1597 2971 1636 se
2985 1580 3360 1652 repudiatam
3382 1579 3584 1636 nullus

211 1680 534 1733 Ἀκούσασα
577 1681 699 1752 γὰρ,
749 1679 830 1730 ὅτι
899 1677 1244 1730 ἀπολυθεῖσαν
1292 1677 1454 1735 αύτήν
1511 1673 1681 1738 οὐδεὶς
1730 1695 1820 1748 γα-

1941 1671 1991 1726 in
2020 1687 2264 1728 uxorem
2299 1671 2585 1727 ducturus
2617 1675 2721 1734 est,
2755 1669 3068 1742 proprium
3106 1670 3329 1726 amabit
3370 1669 3588 1733 virum.

208 1771 397 1838 μήσει,
457 1767 662 1841 στέρξει
717 1769 806 1818 τὸν
867 1766 1051 1819 οἰκεῖον
1103 1763 1294 1840 ἄνδρα,
1343 1771 1434 1820 καὶ
1483 1766 1810 1840 θεραπεύσει.

1948 1760 2433 1832 :iqueinserviet:
2465 1766 2520 1816 et
2541 1760 2620 1816 ita
2642 1760 2908 1815 criminis
2935 1758 3214 1815 adulterii
3246 1759 3595 1820 admonens,

210 1855 368 1908 Οὕτω
399 1861 654 1929 μοιχείας
702 1854 972 1908 ὑποϐαλὼν
1013 1853 1302 1926 ἐγκλήματι
1351 1859 1441 1907 καὶ
1489 1857 1575 1907 τὸν
1625 1853 1857 1926 ἀλόγως]

1940 1857 2055 1909 tam
2070 1865 2207 1904 eum
2233 1851 2474 1921 quisine
2500 1849 3005 1920 causapropriam
3028 1847 3300 1917 repudiat
3315 1862 3587 1916 uxorem,

207 1942 535 1997 ἐκϐάλλοντα
583 1949 670 2002 τήν
721 1943 906 1996 ἑαυτοῦ
966 1950 1212 2015 γυναῖκα,
1273 1948 1362 1995 καὶ
1412 1946 1499 1995 τὸν
1554 1951 1824 2014 γαμοῦντα

1945 1955 2114 2010 ιιιιιω
2145 1955 2306 2006 eum,
2359 1939 2462 2010 qui
2516 1938 2594 1994 ab
2648 1937 2764 1993 alio
2820 1937 3194 2010 repudiatam
3251 1936 3433 2002 ducit,
3492 1951 3592 2007 pa-

206 2037 302 2092 τήν
379 2033 766 2105 ἀπολελυμένην
848 2032 1022 2106 ἑτέρῳ,
1102 2030 1376 2104 ἐπέσφιγξε
1444 2036 1539 2090 τήν
1616 2031 1822 2104 εἰρήνην

1950 2043 2060 2084 :em
2087 2028 2536 2098 coniunctorum
2563 2027 2935 2093 constrinxit,
2965 2026 3279 2098 magisque
3331 2040 3406 2082 ne
3429 2040 3597 2083 com-

208 2128 312 2172 τῶν
363 2122 638 2192 συζύγων,
678 2125 768 2173 καὶ
823 2124 882 2172 τὸ
941 2125 1014 2192 μή
1073 2122 1340 2192 μοιχεύειν
1393 2119 1581 2192 μᾶλλον
1629 2119 1822 2173 ἐπέτει-

1942 2115 2257 2172 mitteretur
2280 2115 2641 2172 adulterium
2664 2115 2911 2171 curavit.
2947 2116 3050 2182 Qui
3090 2115 3249 2171 enim
3274 2130 3444 2170 suam
3468 2129 3589 2170 non

211 2227 314 2263 νεν.
346 2209 408 2261 '0
453 2212 555 2284 γὰρ
605 2213 675 2281 μή
722 2207 997 2275 ἐκϐαλλων,
1031 2207 1158 2262 ἀλλά
1204 2213 1431 2280 στέργων
1478 2213 1571 2267 τήν
1619 2207 1822 2274 ἐαυτοῦ,

1950 2205 2148 2275 ibjicit,
2183 2205 2291 2261 sed
2322 2210 2478 2261 amat
2503 2205 2725 2276 potius,
2769 2204 3028 2260 alienam
3050 2219 3426 2276 nequaquam
3458 2217 3597 2259 con-

209 2296 313 2348 οὐκ
357 2297 421 2349 ἂν
473 2297 768 2370 ἐπιθυμήσῃ
817 2302 908 2360 τής
950 2297 1218 2371 ἀλλοτρίας
1251 2313 1264 2327 ο
1303 2301 1392 2349 καὶ.
1437 2299 1464 2349 6
1514 2297 1826 2370 κωλυόμενος

1951 2295 2194 2366 :upiscet
2223 2316 2233 2348 :
2268 2293 2539 2350 similiter
2569 2294 2737 2365 etqui
2751 2293 2830 2349 ab
2859 2292 2975 2349 alio
3005 2293 3382 2364 repudiatam
3400 2292 3598 2365 prohi-

213 2393 414 2458 γαμεῖν
454 2391 551 2446 τήν
581 2386 957 2459 ἀπολελυμένην
987 2386 1159 2461 ἑτέρῳ,
1192 2386 1288 2439 ούκ
1334 2385 1394 2438 ἂν
1445 2386 1685 2459 ἀπολύσῃ
1732 2391 1827 2446 τήν

1660 2406 1685 2459 ῃ
1732 2391 1827 2446 τήν
1922 2383 2105 2441 betur
2132 2383 2371 2448 ducere,
2404 2399 2567 2440 suam
2601 2398 2724 2440 non
2749 2382 2921 2440 facile
2948 2382 3307 2454 repudiabit.

211 2493 430 2530 εαυτου.

285 2564 457 2616 Πάλιν
501 2594 572 2608 -
620 2563 768 2627 ὅλως.
817 2563 911 2638 [Τὸ
965 2568 1088 2637 μήν,
1139 2563 1254 2636 (75)
1308 2562 1418 2616 Ούκ
1475 2562 1825 2640 ἐπιορκήσεις,

2005 2564 2170 2618 Vers.
2221 2565 2308 2619 33.
2341 2563 2597 2618 Rursum
2627 2591 2695 2602 -
2729 2561 2888 2617 Vere.
2922 2562 2994 2618 34
3047 2560 3298 2617 omnino.
3349 2561 3383 2626 τ
3437 2558 3588 2616 illud

213 2657 517 2726 γέγραπται
591 2651 640 2706 ἐν
717 2661 780 2727 τῇ
869 2652 1033 2726 βίϐλῳ
1098 2661 1188 2713 τῆς
1262 2649 1476 2716 Ἐξόδου
1534 2669 1549 2685 ο
1615 2656 1673 2705 τό
1744 2649 1824 2720 δι,

1944 2651 2198 2724 quidem,
2229 2652 2368 2707 Non
2396 2651 2683 2722 pejerabis
2716 2652 2757 2715 ι,
2788 2651 2847 2707 in
2877 2650 3032 2708 libro
3063 2649 3248 2708 Exodi
3275 2649 3552 2708 scribitur
3579 2666 3591 2704 :

211 2737 550 2803 Ἀποδώσεις
616 2749 692 2812 τῷ
760 2746 937 2816 Κυρίῳ
1015 2743 1136 2803 τοὺς
1207 2743 1393 2816 ὅρκους
1453 2760 1569 2803 σου,
1637 2741 1688 2793 ἕν
1757 2749 1820 2814 τῇ

1948 2740 2519 2803 iocantem,Reddes
2532 2741 2774 2796 Domino
2776 2742 3143 2810 juramenta
3173 2746 3272 2796 tua
3303 2743 3347 2807 ³,
3366 2741 3424 2794 in
3442 2739 3595 2796 libro

217 2826 394 2903 βίϐλῳ
443 2837 535 2883 τοῦ
593 2835 1013 2906 Δευτερονομίου,
1062 2830 1195 2889 πλὴν
1249 2826 1323 2884 δι’
1373 2830 1551 2904 ἐτέρων
1596 2829 1774 2894 λέξεων
1807 2853 1820 2865 ο

1946 2829 2398 2894 Deuteronomii,
2429 2829 2537 2885 sed
2571 2844 2674 2900 per
2698 2829 2816 2885 alia
2839 2828 3045 2886 verba.
3073 2828 3364 2900 Praecepit
3390 2832 3593 2886 autem

220 2921 325 2969 Καὶ
356 2919 470 2990 (76)
516 2927 588 2990 τῷ
633 2919 844 2992 ὀνόματι
903 2923 1097 2994 Κυρίου
1151 2919 1274 2992 ὁμῇ.
1305 2917 1475 2972 Τοῦτο
1530 2917 1590 2973 δι
1634 2924 1820 2993 προσέ-

1634 2924 1820 2993 προσέ·
1931 2919 2067 2983 hoc,
2101 2934 2175 2975 ne
2217 2934 2322 2990 per
2351 2918 2484 2975 falsi
2509 2918 2778 2976 nominis
2808 2918 2953 2976 deos
2976 2918 3265 2990 jurarent.

219 3004 398 3075 ταξεν,
435 3008 516 3060 ίνα
557 3012 628 3080 μή
677 3011 813 3061 κατὰ
857 3017 958 3060 τῶν
1003 3005 1359 3081 ψευδωνύμων
1399 3011 1522 3061 θεῶν
1568 3008 1820 3080 ὀμνύωσι.

292 3097 366 3146 Τὸ
397 3100 469 3168 μή
515 3095 728 3170 ὀμόσαι,
774 3102 863 3150 καὶ
910 3099 971 3148 τό
1002 3102 1071 3169 μή
1112 3096 1405 3155 ἀπαιτῆσαι
1433 3099 1583 3171 ὁρκον
1613 3115 1823 3150 συνεισ-

2003 3099 2045 3167 -ι-
2075 3100 2200 3153 Non
2239 3097 2462 3167 jurare,
2518 3101 2574 3153 et
2619 3097 3030 3168 juramentum
3077 3111 3201 3153 non
3245 3099 3468 3168 petere,
3517 3095 3597 3154 ad

213 3180 353 3252 ἄγει.
408 3184 472 3237 ’0
523 3187 623 3260 γὰρ
681 3189 745 3238 σὺ
798 3187 1019 3258 φεύγεις,
1069 3193 1179 3247 πῶς
1235 3184 1439 3248 imiEuc
1494 3193 1569 3256 τῷ
1621 3182 1860 3265 ἀδελφῷ,

1943 3185 2092 3241 idem
2107 3185 2416 3242 inducunt.
2443 3185 2756 3252 Quomodo
2785 3186 2945 3242 enim
2968 3185 3044 3241 ad
3070 3186 3128 3242 id
3150 3186 3390 3258 quodtu
3410 3184 3590 3256 fugis,

217 3288 338 3338 σου,
375 3276 516 3345 εἴπερ
549 3270 852 3345 φιλάδελφος
884 3269 949 3341 εἷ,
976 3278 1068 3326 καὶ
1099 3273 1158 3326 ού
1193 3273 1588 3347 φίλοχρήματος
1616 3273 1678 3346 ;]
1861 3269 1864 3274 ν

1945 3275 2176 3331 fratrem
2209 3279 2373 3331 tuum
2404 3275 2675 3341 induces,
2709 3276 2755 3329 si
2789 3281 2989 3332 tamen
3023 3275 3212 3332 fratris
3240 3280 3472 3332 amator
3505 3289 3592 3340 es,

1935 3369 1992 3418 et
2020 3378 2142 3418 non
2176 3364 2371 3431 magis
2402 3364 2670 3434 pecunias
2701 3361 2727 3416 7

294 3445 359 3497 Ὀ
385 3450 472 3519 μὶν
500 3448 717 3509 παλαιὸς
753 3454 906 3521 νόμος
955 3454 1132 3520 φησὶν,
1181 3451 1262 3502 ὅτι
1311 3449 1422 3501 Ούκ
1478 3449 1827 3524 ἐπιορκήσεις,

2007 3451 2186 3506 Vetus
2199 3453 2441 3523 quidem
2464 3451 2552 3509 lex
2564 3452 2706 3509 dicit
2732 3452 3190 3523 :Nonpejerabis
3221 3453 3455 3522 ;o/]'eres
3479 3468 3593 3510 au-

225 3541 581 3609 προσενέγκῃς
609 3538 724 3608 (77)
757 3534 816 3590 δὲ
847 3546 919 3608 τῷ
963 3545 1077 3608 Θεῷ
1119 3541 1242 3600 τοὺς
1290 3540 1477 3610 ὅρκους
1518 3557 1634 3590 σου.
1665 3545 1827 3592 Τοῦτο

1946 3544 2050 3595 tem
2074 3539 2664 3611 Dominojuramenta
2682 3549 2800 3599 tua.
2818 3541 2990 3607 Quod
3015 3541 3181 3599 addit
3204 3549 3264 3597 ut
3283 3542 3507 3612 juranti
3526 3541 3593 3598 ti-

227 3619 290 3676 δε
336 3621 462 3692 εἶπε,
507 3624 662 3698 φόϐον
709 3635 798 3679 τοῦ
849 3632 922 3700 μή
978 3626 1291 3701 ἐπιορκῆσαι
1335 3627 1704 3702 ἐπικρεμαννύς
1755 3636 1828 3700 τῷ

1946 3644 2163 3685 morem
2180 3628 2482 3696 incuteret,
2515 3646 2590 3686 ne
2618 3632 2927 3702 pejeraret,
2954 3631 3152 3688 sciens
3169 3631 3593 3703 Deumipsum,

221 3711 484 3786 ὀμνύοντι,
510 3720 842 3786 γινώσκοντι,
895 3718 974 3768 ὅτι
1027 3718 1052 3769 6
1084 3721 1214 3778 Θεὸς
1263 3716 1420 3780 αὐτὸς
1473 3714 1690 3790 δέχεται
1737 3722 1826 3771 τόν

1949 3718 2036 3791 qui
2074 3719 2277 3775 omnia
2301 3721 2482 3786 novit,
2512 3720 2927 3790 juramentum
2960 3721 3286 3793 suscipere.
3322 3721 3446 3792 Ego
3491 3736 3596 3777 au-

219 3804 394 3874 ὃρκον,
449 3805 476 3856 6
523 3805 694 3856 πάντα
738 3811 1026 3876 γινώσκων.
1073 3805 1202 3877 Ἐγὼ
1260 3803 1320 3859 δὲ
1371 3805 1500 3878 λέγω
1558 3807 1698 3878 ύμῖν,
1747 3813 1819 3870 μὴ

1948 3814 2045 3864 ’em
2071 3809 2202 3864 dico
2234 3810 2392 3865 vobis
2423 3827 2439 3864 :
2466 3810 2558 3866 Ne
2574 3809 2786 3879 juretis
2815 3810 3069 3866 omnino.
3103 3810 3211 3878 Qui
3233 3811 3390 3867 enim
3424 3810 3595 3866 facile

219 3891 417 3964 ὀμόσαι
460 3892 607 3954 ὅλως.
648 3893 704 3945 Ὀ
894 3897 996 3968 γὰρ
1051 3895 1298 3968 εύορκῶν,
1351 3899 1476 3957 ἴσως
1521 3895 1823 3969 ἐπιορκήσει

1959 3904 2106 3962 urat,
2136 3897 2468 3970 aliquando
2486 3899 2740 3954 fortasse
2764 3900 3054 3970 pejerabit
3078 3902 3158 3956 ob
3180 3900 3424 3971 jurandi
3452 3914 3595 3955 con-

218 3986 344 4035 ποτὲ
373 3981 461 4055 [τῇ
511 3983 625 4053 (78)
675 3984 926 4056 συνηθείᾳ
956 3991 1044 4036 τοῦ
1094 3983 1298 4057 ὀμνύειν
1331 4001 1343 4014 ⁶
1391 3987 1416 4036 ό
1460 3981 1519 4038 δι
1557 3982 1823 4058 μηδέποτε

1948 3987 2334 4043 iuetudinem:
2367 3988 2466 4060 qui
2498 3994 2697 4044 autem
2725 3987 2890 4045 nullo
2915 3988 3096 4046 modo
3129 3990 3308 4059 jurat,
3343 4003 3465 4044 non
3493 4004 3595 4060 pe-

217 4070 440 4144 ὀμνύων,
503 4071 597 4124 ούκ
659 4072 961 4146 ἐπιορκήσει
1011 4072 1177 4147 ﬁeri].
1238 4072 1437 4136 ’Δλλως
1488 4093 1544 4128 τε
1599 4073 1680 4143 δε,
1731 4081 1822 4130 καὶ

1944 4075 2146 4141 ierabit
2169 4091 2436 4148 unquam
2453 4120 2466 4133 .
2499 4076 2790 4133 Praeterea
2813 4093 3044 4148 quoque
3061 4077 3275 4148 jurans
3291 4078 3376 4133 ita
3396 4092 3470 4133 ne
3493 4093 3591 4148 pe-

218 4163 279 4213 τὸ
336 4164 426 4234 μεν
475 4159 727 4233 ὀμνύοντα
782 4165 853 4233 μή
909 4161 1187 4234 ἐπιορκεῖν,
1248 4161 1507 4216 εὐσέϐειαν
1564 4163 1634 4226 εἰς
1692 4167 1821 4218 Θεὸν

1943 4168 2102 4231 ieres,
2134 4164 2361 4220 cultum
2387 4163 2661 4219 divinum
2683 4167 2997 4235 observas;
3026 4171 3085 4221 at
3104 4165 3269 4220 nullo
3299 4166 3483 4221 modo
3499 4166 3590 4234 ju-

219 4247 462 4304 ἐπαίδευε
492 4266 505 4282 ⁸
537 4253 594 4302 τὸ
652 4245 712 4303 δε
749 4254 818 4321 μή
859 4249 1063 4323 ὀμνύειν
1109 4252 1260 4321 ὅλως,
1314 4251 1551 4306 ἐπιτείνει
1591 4253 1822 4325 μάλιστα

1942 4268 2088 4322 rans,
2114 4253 2312 4323 ipsum
2339 4253 2597 4308 maxime
2627 4253 2924 4323 provehis,
2950 4258 3007 4308 et
3027 4252 3178 4310 illud
3205 4253 3589 4309 mediocriset

218 4343 314 4398 τήν
369 4336 648 4394 εὐσέϐειαν.
705 4337 922 4392 Κάκεῖνο
977 4342 1069 4412 μὲν
1119 4348 1214 4404 τῆς
1265 4345 1426 4414 μίσής
1473 4345 1561 4394 καὶ
1616 4339 1823 4403 ἀτελοῦς

1955 4340 2282 4412 inperfectas
2313 4340 2704 4413 philosophia
2724 4345 2830 4406 est,
2862 4341 2976 4397 hoc
3001 4346 3202 4397 autem
3233 4355 3485 4406 summa:
3511 4357 3593 4398 ac

223 4423 283 4485 ἧν
338 4427 642 4502 φιλοσοφίας
701 4443 716 4460 ⁸
771 4435 926 4481 τοῦτο
981 4424 1043 4480 δε
1097 4437 1189 4489 τῆς
1260 4431 1424 4502 ἄκρας
1480 4435 1570 4483 καὶ
1634 4430 1823 4491 τελείας

587 4447 642 4490 ας
701 4443 716 4460 ⁸
771 4435 926 4481 τοῦτο
981 4424 1043 4480 δε
1097 4437 1189 4489 τῆς
1260 4431 1424 4502 ἄκρας
1480 4435 1570 4483 καὶ
1634 4430 1823 4491 τελείας
1906 4429 2234 4502 perfecta.

225 4513 358 4568 ἐστί.

297 4609 443 4662 Μήτε
482 4634 552 4644 -
590 4603 866 4677 βασιλέως.
900 4605 1012 4659 Ἰνα
1074 4611 1146 4679 μή
1194 4609 1502 4679 νομίσωσιν,
1545 4609 1626 4662 ὅτι
1673 4613 1824 4680 μόνον
1856 4578 1900 4632 D

2004 4607 2165 4662 Vers.
2207 4610 2295 4664 3t.
2335 4608 2539 4679 Neque
2583 4638 2648 4650 -
2693 4610 2754 4663 V.
2801 4608 2890 4664 35.
2949 4607 3097 4678 regis
3142 4614 3242 4666 est.
3299 4611 3379 4666 Ne
3419 4614 3591 4682 puta-

223 4695 281 4746 τὸ
313 4694 448 4745 κατὰ
496 4701 627 4746 Θεοῦ
679 4693 882 4766 ὀμνύειν
932 4693 1179 4763 ίκώλυσε,
1225 4695 1358 4767 λέγω
1399 4693 1467 4754 δή
1515 4700 1595 4765 τὸ,
1627 4699 1702 4769 μὰ
1740 4701 1824 4750 τὸν

1941 4701 2062 4753 rent
2086 4697 2251 4770 quod
2283 4697 2567 4757 adversus
2582 4698 2771 4754 Deum
2791 4697 2985 4754 solum
3005 4698 3208 4770 jurare
3238 4699 3588 4772 prohiberet,

221 4785 375 4852 Θεὸν,
405 4784 729 4856 προστίθησι
772 4783 951 4836 λοιπὸν
995 4787 1084 4837 καὶ
1133 4783 1295 4837 τᾶλλα
1337 4781 1454 4844 εἱδη
1491 4794 1600 4854 ,τῶν
1638 4788 1822 4861 ὅρκων,

1944 4785 2210 4854 dicendo,
2268 4789 2342 4859 μὰ
2384 4789 2470 4839 τὸν
2523 4790 2674 4850 Θεὸν,
2713 4786 2777 4842 id
2824 4792 2910 4844 est
2961 4804 3062 4858 per
3080 4789 3286 4854 Deum,
3334 4789 3498 4846 addit
3535 4795 3591 4847 et

219 4871 268 4924 ἐν
321 4872 398 4934 οἷς
456 4868 710 4925 Ἰουδαῖοι
781 4879 1072 4930 τηνικαῦτα
1131 4876 1348 4945 ὤμνυον.
1407 4873 1466 4925 Ὀ
1524 4876 1625 4949 γὰρ
1691 4876 1828 4928 κατά

1944 4873 2084 4931 alias
2108 4875 2591 4946 juramentorum
2622 4876 2870 4946 species,
2897 4876 3116 4949 quibus
3142 4879 3482 4935 tuncJudaai
3501 4880 3591 4951 ju-

216 4962 414 5016 τούτων
465 4960 686 5034 ὀμνύων,
745 4960 922 5033 ὀμνύει
973 4960 1126 5014 πάλιν
1177 4964 1312 5017 κατὰ
1371 4969 1488 5018 τοῦ.
1523 4969 1678 5029 Θεοῦ,
1717 4971 1835 5022 ετοῦ.

1940 4963 2151 5022 rabant
2185 4965 2321 5038 :qui
2349 4964 2510 5024 enim
2547 4979 2654 5038 per
2682 4965 2809 5027 haec
2825 4967 3001 5038 jurat,
3030 4979 3237 5028 rursus
3263 4983 3370 5040 per
3399 4971 3587 5027 Deum

295 5142 308 5176 ¹
344 5139 535 5198 Exod.
592 5155 685 5205 xx,
714 5140 769 5195 7.
846 5142 868 5176 ³
899 5142 1060 5196 Deut.
1087 5154 1248 5208 χχιιι,
1275 5139 1366 5209 21,
1394 5142 1486 5200 23.

1438 5317 1664 5388 Variae
1695 5319 2022 5390 lectiones
2061 5329 2127 5391 et
2158 5331 2358 5390 notae.

172 5583 180 5589 .
291 5512 406 5593 (Et)
448 5510 787 5593 ξυνεθείηρβο
1033 5584 1049 5593 -
1116 5584 1130 5593 .
1197 5587 1207 5593 .
1260 5589 1268 5593 .
1315 5541 1320 5546 ·

1999 5516 2816 5593 (77)goristusconjunctivi
2871 5535 2980 5593 pro
3035 5519 3231 5593 futuro
3250 5520 3579 5593 προσοίσεις·

314 5515 383 5569 74
448 5512 696 5572 δυνηθείη
733 5520 787 5569 Β.
1315 5541 1320 5546 ·

289 5512 409 5729 ἕης)
449 5583 686 5674 Inclusa
713 5581 784 5671 'iq
813 5599 1006 5667 marg.
1033 5584 1214 5667 liabet
1241 5589 1307 5642 Α.
1340 5657 1352 5668 θ

316 5660 385 5712 '76
446 5675 536 5729 και
565 5677 638 5728 τῳ
659 5687 730 5698 -
756 5664 855 5729 ομῇ
885 5662 1085 5729 omisit
1108 5659 1448 5729 Hentemus.
1473 5660 1690 5715 Notum
1717 5674 1818 5716 au-
1925 5657 1936 5715 l

1997 5516 2404 5717 §77éAoristus
2423 5589 2434 5600 .
2453 5519 2816 5590 conjunctivi
2871 5535 2980 5593 pro
3035 5519 3231 5576 futuro
3250 5520 3580 5593 προσοίσεις-

2021 5591 2092 5642 78
2133 5589 2274 5655 Quae
2304 5589 2399 5646 hic
2419 5590 2792 5657 inclusimus,
2825 5607 2897 5649 ea
2918 5607 2990 5648 ex
3014 5591 3148 5650 cod.
3170 5593 3238 5660 A,
3268 5589 3434 5646 haud
3463 5591 3581 5646 du-

1934 5657 2022 5717 bie
2046 5674 2084 5716 o
2156 5659 2376 5729 duplex
2403 5665 2545 5729 ποτε,
2580 5663 2939 5721 exciderant.

316 5657 407 5729 '76)
446 5661 536 5738 καὶ
565 5665 638 5728 τῷ
659 5687 730 5698 -
756 5657 855 5730 ape
885 5657 1085 5737 omisit
1108 5657 1690 5738 lientenius._lfio_tum
1717 5674 1818 5716 au-
1925 5657 2022 5717 bie
2046 5657 2126 5717 ob
2156 5659 2376 5738 duplex
2403 5665 2545 5730 ποτε,
2580 5663 2939 5721 exciderant.

220 5731 340 5786 tem
371 5727 482 5797 est,
506 5727 635 5786 haec
656 5727 1041 5802 non—reperiri
1080 5727 1334 5795 αὐτολεξεί
1359 5728 1422 5785 in
1451 5731 1512 5784 ν.
1542 5731 1602 5786 Τ.
