  <div class='ocr_page' id='page_1' title='image "/cluster/home/n/w/nwhite01/storage/ocr_20150623/129/hvd.32044019208511/121.png"; bbox 0 0 4170 6448; ppageno 0'>
   <div class='ocr_carea' id='block_1_1' title="bbox 620 350 725 408">
    <p class='ocr_par' dir='ltr' id='par_1_1' title="bbox 620 350 725 408">
     <span class='ocr_line' id='line_1_1' title="bbox 620 350 725 408; baseline 0.019 -2"><span class='ocrx_word' id='word_1_1' title='bbox 620 350 725 408; x_wconf 83' lang='grc'><strong>219</strong></span> 
     </span>
    </p>
   </div>
   <div class='ocr_carea' id='block_1_2' title="bbox 1931 351 2654 413">
    <p class='ocr_par' dir='ltr' id='par_1_2' title="bbox 1931 351 2654 413">
     <span class='ocr_line' id='line_1_2' title="bbox 1931 351 2654 413; baseline 0.006 -5"><span class='ocrx_word' id='word_1_2' title='bbox 1931 351 2286 409; x_wconf 83' lang='lat' dir='ltr'><strong>EUTHYMII</strong></span> <span class='ocrx_word' id='word_1_3' title='bbox 2318 353 2654 413; x_wconf 84' lang='lat' dir='ltr'><strong>ZIGABENI</strong></span> 
     </span>
    </p>
   </div>
   <div class='ocr_carea' id='block_1_3' title="bbox 3931 359 4042 416">
    <p class='ocr_par' dir='ltr' id='par_1_3' title="bbox 3931 359 4042 416">
     <span class='ocr_line' id='line_1_3' title="bbox 3931 359 4042 416; baseline 0 0"><span class='ocrx_word' id='word_1_4' title='bbox 3931 359 4042 416; x_wconf 62' lang='grc' dir='ltr'><strong>ξω</strong></span> 
     </span>
    </p>
   </div>
   <div class='ocr_carea' id='block_1_4' title="bbox 613 476 2274 560">
    <p class='ocr_par' dir='ltr' id='par_1_4' title="bbox 613 476 2271 550">
     <span class='ocr_line' id='line_1_4' title="bbox 613 476 2271 550; baseline 0.002 -17"><span class='ocrx_word' id='word_1_5' title='bbox 613 477 796 549; x_wconf 90' lang='lat' dir='ltr'><strong>jurat,</strong></span> <span class='ocrx_word' id='word_1_6' title='bbox 853 476 956 549; x_wconf 89' lang='lat' dir='ltr'><strong>qui</strong></span> <span class='ocrx_word' id='word_1_7' title='bbox 985 476 1109 533; x_wconf 85' lang='lat' dir='ltr'><strong>haec</strong></span> <span class='ocrx_word' id='word_1_8' title='bbox 1159 476 1384 550; x_wconf 85' lang='lat' dir='ltr'><strong>implet,</strong></span> <span class='ocrx_word' id='word_1_9' title='bbox 1449 477 1655 550; x_wconf 79' lang='lat' dir='ltr'><strong>eisque</strong></span> <span class='ocrx_word' id='word_1_10' title='bbox 1707 477 2074 535; x_wconf 88' lang='lat' dir='ltr'><strong>dominatur.</strong></span> <span class='ocrx_word' id='word_1_11' title='bbox 2125 482 2271 536; x_wconf 84' lang='lat' dir='ltr'><strong>Nam</strong></span> 
     </span>
    </p>
   </div>
   <div class='ocr_carea' id='block_1_5' title="bbox 2385 476 4035 560">
    <p class='ocr_par' dir='ltr' id='par_1_5' title="bbox 2385 480 4035 560">
     <span class='ocr_line' id='line_1_5' title="bbox 2385 480 4035 560; baseline 0.004 -28"><span class='ocrx_word' id='word_1_12' title='bbox 2385 480 2699 556; x_wconf 82' lang='grc' dir='ltr'>πληροῦντος</span> <span class='ocrx_word' id='word_1_13' title='bbox 2723 480 2878 546; x_wconf 83' lang='grc' dir='ltr'>αύτὰ,</span> <span class='ocrx_word' id='word_1_14' title='bbox 2904 488 2994 535; x_wconf 76' lang='grc' dir='ltr'>καὶ</span> <span class='ocrx_word' id='word_1_15' title='bbox 3048 480 3391 548; x_wconf 69' lang='grc' dir='ltr'><strong>δεσπόζοντος</strong></span> <span class='ocrx_word' id='word_1_16' title='bbox 3419 484 3615 542; x_wconf 78' lang='grc' dir='ltr'>αὐτῶν.</span> <span class='ocrx_word' id='word_1_17' title='bbox 3669 489 3876 559; x_wconf 78' lang='grc' dir='ltr'>Τίμιοι</span> <span class='ocrx_word' id='word_1_18' title='bbox 3925 487 4035 560; x_wconf 75' lang='grc' dir='ltr'><strong>γὰρ</strong></span> 
     </span>
    </p>
   </div>
   <div class='ocr_carea' id='block_1_6' title="bbox 617 566 2273 638">
    <p class='ocr_par' dir='ltr' id='par_1_6' title="bbox 617 566 2273 638">
     <span class='ocr_line' id='line_1_6' title="bbox 617 566 2273 638; baseline 0.002 -16"><span class='ocrx_word' id='word_1_19' title='bbox 617 566 747 622; x_wconf 60' lang='lat' dir='ltr'><strong>haec</strong></span> <span class='ocrx_word' id='word_1_20' title='bbox 798 571 1039 638; x_wconf 81' lang='lat' dir='ltr'><strong>propter</strong></span> <span class='ocrx_word' id='word_1_21' title='bbox 1092 581 1226 622; x_wconf 91' lang='lat' dir='ltr'><strong>eum</strong></span> <span class='ocrx_word' id='word_1_22' title='bbox 1276 567 1336 622; x_wconf 90' lang='lat' dir='ltr'><strong>in</strong></span> <span class='ocrx_word' id='word_1_23' title='bbox 1389 566 1618 624; x_wconf 83' lang='lat' dir='ltr'><strong>honore</strong></span> <span class='ocrx_word' id='word_1_24' title='bbox 1689 567 2002 631; x_wconf 83' lang='lat' dir='ltr'><strong>habentur,</strong></span> <span class='ocrx_word' id='word_1_25' title='bbox 2045 573 2102 624; x_wconf 91' lang='lat' dir='ltr'><strong>et</strong></span> <span class='ocrx_word' id='word_1_26' title='bbox 2157 584 2273 625; x_wconf 83' lang='lat' dir='ltr'><strong>non</strong></span> 
     </span>
    </p>
   </div>
   <div class='ocr_carea' id='block_1_7' title="bbox 615 655 2275 730">
    <p class='ocr_par' dir='ltr' id='par_1_7' title="bbox 615 655 2275 730">
     <span class='ocr_line' id='line_1_7' title="bbox 615 655 2275 730; baseline 0.002 -19"><span class='ocrx_word' id='word_1_27' title='bbox 615 672 722 730; x_wconf 90' lang='lat' dir='ltr'><strong>per</strong></span> <span class='ocrx_word' id='word_1_28' title='bbox 777 655 985 726; x_wconf 89' lang='lat' dir='ltr'><strong>seipsa.</strong></span> <span class='ocrx_word' id='word_1_29' title='bbox 1039 656 1185 712; x_wconf 89' lang='lat' dir='ltr'><strong>Dicit</strong></span> <span class='ocrx_word' id='word_1_30' title='bbox 1233 660 1434 712; x_wconf 84' lang='lat' dir='ltr'><strong>autem</strong></span> <span class='ocrx_word' id='word_1_31' title='bbox 1491 672 1598 726; x_wconf 89' lang='lat' dir='ltr'><strong>per</strong></span> <span class='ocrx_word' id='word_1_32' title='bbox 1631 658 2020 730; x_wconf 80' lang='lat' dir='ltr'><strong>prophetam:</strong></span> <span class='ocrx_word' id='word_1_33' title='bbox 2056 658 2275 715; x_wconf 71' lang='lat' dir='ltr'><strong>Caium</strong></span> 
     </span>
    </p>
   </div>
   <div class='ocr_carea' id='block_1_8' title="bbox 615 744 2277 816">
    <p class='ocr_par' dir='ltr' id='par_1_8' title="bbox 615 744 2277 816">
     <span class='ocr_line' id='line_1_8' title="bbox 615 744 2277 816; baseline 0.002 -16"><span class='ocrx_word' id='word_1_34' title='bbox 615 744 758 800; x_wconf 84' lang='lat' dir='ltr'><strong>mihi</strong></span> <span class='ocrx_word' id='word_1_35' title='bbox 783 744 933 800; x_wconf 86' lang='lat' dir='ltr'><strong>sedes</strong></span> <span class='ocrx_word' id='word_1_36' title='bbox 963 751 1070 811; x_wconf 85' lang='lat' dir='ltr'><strong>est,</strong></span> <span class='ocrx_word' id='word_1_37' title='bbox 1105 751 1261 802; x_wconf 84' lang='lat' dir='ltr'><strong>terra</strong></span> <span class='ocrx_word' id='word_1_38' title='bbox 1291 751 1489 801; x_wconf 80' lang='lat' dir='ltr'><strong>autem</strong></span> <span class='ocrx_word' id='word_1_39' title='bbox 1532 746 1847 802; x_wconf 81' lang='lat' dir='ltr'><strong>scabellum</strong></span> <span class='ocrx_word' id='word_1_40' title='bbox 1874 747 2088 816; x_wconf 82' lang='lat' dir='ltr'><strong>pedum</strong></span> <span class='ocrx_word' id='word_1_41' title='bbox 2118 763 2277 804; x_wconf 88' lang='lat' dir='ltr'><strong>meo-</strong></span> 
     </span>
    </p>
   </div>
   <div class='ocr_carea' id='block_1_9' title="bbox 614 833 2276 907">
    <p class='ocr_par' dir='ltr' id='par_1_9' title="bbox 614 833 2276 907">
     <span class='ocr_line' id='line_1_9' title="bbox 614 833 2276 907; baseline 0.002 -19"><span class='ocrx_word' id='word_1_42' title='bbox 614 849 746 888; x_wconf 82' lang='lat' dir='ltr'><strong>rum</strong></span> <span class='ocrx_word' id='word_1_43' title='bbox 779 837 820 897; x_wconf 84' lang='grc'>³,</span> <span class='ocrx_word' id='word_1_44' title='bbox 853 833 1248 889; x_wconf 75' lang='lat' dir='ltr'><strong>manifestans</strong></span> <span class='ocrx_word' id='word_1_45' title='bbox 1300 848 1406 905; x_wconf 90' lang='lat' dir='ltr'><strong>per</strong></span> <span class='ocrx_word' id='word_1_46' title='bbox 1451 833 1566 889; x_wconf 92' lang='lat' dir='ltr'><strong>hoc</strong></span> <span class='ocrx_word' id='word_1_47' title='bbox 1597 835 1906 906; x_wconf 76' lang='lat' dir='ltr'><strong>propheta,</strong></span> <span class='ocrx_word' id='word_1_48' title='bbox 1949 836 2112 907; x_wconf 90' lang='lat' dir='ltr'><strong>quod</strong></span> <span class='ocrx_word' id='word_1_49' title='bbox 2149 851 2276 892; x_wconf 85' lang='lat' dir='ltr'><strong>om-</strong></span> 
     </span>
    </p>
   </div>
   <div class='ocr_carea' id='block_1_10' title="bbox 614 921 2276 994">
    <p class='ocr_par' dir='ltr' id='par_1_10' title="bbox 614 921 2276 994">
     <span class='ocr_line' id='line_1_10' title="bbox 614 921 2276 994; baseline 0.001 -16"><span class='ocrx_word' id='word_1_50' title='bbox 614 923 720 978; x_wconf 91' lang='lat' dir='ltr'><strong>nia</strong></span> <span class='ocrx_word' id='word_1_51' title='bbox 768 924 926 978; x_wconf 90' lang='lat' dir='ltr'><strong>Deus</strong></span> <span class='ocrx_word' id='word_1_52' title='bbox 976 922 1235 994; x_wconf 83' lang='lat' dir='ltr'><strong>impleat.</strong></span> <span class='ocrx_word' id='word_1_53' title='bbox 1300 922 1394 977; x_wconf 80' lang='lat' dir='ltr'><strong>Ait</strong></span> <span class='ocrx_word' id='word_1_54' title='bbox 1444 921 1606 978; x_wconf 89' lang='lat' dir='ltr'><strong>enim</strong></span> <span class='ocrx_word' id='word_1_55' title='bbox 1637 925 1886 980; x_wconf 84' lang='lat' dir='ltr'><strong>:Nonne</strong></span> <span class='ocrx_word' id='word_1_56' title='bbox 1963 926 2166 981; x_wconf 67' lang='lat' dir='ltr'><strong>caelum</strong></span> <span class='ocrx_word' id='word_1_57' title='bbox 2223 932 2276 982; x_wconf 89' lang='lat' dir='ltr'><strong>et</strong></span> 
     </span>
    </p>
   </div>
   <div class='ocr_carea' id='block_1_11' title="bbox 615 1011 2276 1084">
    <p class='ocr_par' dir='ltr' id='par_1_11' title="bbox 615 1011 2276 1084">
     <span class='ocr_line' id='line_1_11' title="bbox 615 1011 2276 1084; baseline 0.001 -16"><span class='ocrx_word' id='word_1_58' title='bbox 615 1017 840 1069; x_wconf 82' lang='lat' dir='ltr'><strong>terram</strong></span> <span class='ocrx_word' id='word_1_59' title='bbox 866 1027 972 1082; x_wconf 89' lang='lat' dir='ltr'><strong>ego</strong></span> <span class='ocrx_word' id='word_1_60' title='bbox 1000 1012 1251 1081; x_wconf 78' lang='lat' dir='ltr'><strong>impleo‘</strong></span> <span class='ocrx_word' id='word_1_61' title='bbox 1281 1011 1308 1066; x_wconf 91' lang='lat'><strong>?</strong></span> <span class='ocrx_word' id='word_1_62' title='bbox 1353 1011 1539 1067; x_wconf 88' lang='lat' dir='ltr'><strong>David</strong></span> <span class='ocrx_word' id='word_1_63' title='bbox 1570 1027 1816 1084; x_wconf 90' lang='lat' dir='ltr'><strong>quoque</strong></span> <span class='ocrx_word' id='word_1_64' title='bbox 1853 1012 1995 1068; x_wconf 89' lang='lat' dir='ltr'><strong>dicit</strong></span> <span class='ocrx_word' id='word_1_65' title='bbox 2023 1029 2037 1068; x_wconf 89' lang='lat'><strong>:</strong></span> <span class='ocrx_word' id='word_1_66' title='bbox 2067 1015 2276 1070; x_wconf 83' lang='lat' dir='ltr'><strong>Civitas</strong></span> 
     </span>
    </p>
   </div>
   <div class='ocr_carea' id='block_1_12' title="bbox 615 1101 1060 1172">
    <p class='ocr_par' dir='ltr' id='par_1_12' title="bbox 615 1101 1060 1172">
     <span class='ocr_line' id='line_1_12' title="bbox 615 1101 1060 1172; baseline 0.004 -16"><span class='ocrx_word' id='word_1_67' title='bbox 615 1102 765 1172; x_wconf 82' lang='lat' dir='ltr'><strong>regis</strong></span> <span class='ocrx_word' id='word_1_68' title='bbox 790 1101 988 1171; x_wconf 84' lang='lat' dir='ltr'><strong>magni</strong></span> <span class='ocrx_word' id='word_1_69' title='bbox 1013 1103 1060 1158; x_wconf 82' lang='grc'><strong>⁵.</strong></span> 
     </span>
    </p>
   </div>
   <div class='ocr_carea' id='block_1_13' title="bbox 687 1189 2274 1262">
    <p class='ocr_par' dir='ltr' id='par_1_13' title="bbox 687 1189 2274 1262">
     <span class='ocr_line' id='line_1_13' title="bbox 687 1189 2274 1262; baseline 0.002 -17"><span class='ocrx_word' id='word_1_70' title='bbox 687 1190 848 1245; x_wconf 90' lang='lat' dir='ltr'><strong>Vers.</strong></span> <span class='ocrx_word' id='word_1_71' title='bbox 895 1189 988 1246; x_wconf 88' lang='lat'><strong>37.</strong></span> <span class='ocrx_word' id='word_1_72' title='bbox 1039 1189 1241 1261; x_wconf 81' lang='lat' dir='ltr'><strong>Neque</strong></span> <span class='ocrx_word' id='word_1_73' title='bbox 1285 1220 1352 1230; x_wconf 95' lang='lat'>—</span> <span class='ocrx_word' id='word_1_74' title='bbox 1395 1191 1608 1258; x_wconf 80' lang='lat' dir='ltr'><strong>facere.</strong></span> <span class='ocrx_word' id='word_1_75' title='bbox 1667 1193 1869 1262; x_wconf 83' lang='lat' dir='ltr'><strong>Neque</strong></span> <span class='ocrx_word' id='word_1_76' title='bbox 1922 1191 2274 1248; x_wconf 82' lang='lat' dir='ltr'><strong>vilissimum</strong></span> 
     </span>
    </p>
   </div>
   <div class='ocr_carea' id='block_1_14' title="bbox 615 1277 2274 1351">
    <p class='ocr_par' dir='ltr' id='par_1_14' title="bbox 615 1277 2274 1351">
     <span class='ocr_line' id='line_1_14' title="bbox 615 1277 2274 1351; baseline 0 -15"><span class='ocrx_word' id='word_1_77' title='bbox 615 1277 873 1351; x_wconf 86' lang='lat' dir='ltr'><strong>ideoque</strong></span> <span class='ocrx_word' id='word_1_78' title='bbox 892 1279 1337 1350; x_wconf 88' lang='lat' dir='ltr'><strong>paratissimum</strong></span> <span class='ocrx_word' id='word_1_79' title='bbox 1361 1280 1773 1351; x_wconf 87' lang='lat' dir='ltr'><strong>juramentum</strong></span> <span class='ocrx_word' id='word_1_80' title='bbox 1796 1280 2111 1351; x_wconf 87' lang='lat' dir='ltr'><strong>juraveris,</strong></span> <span class='ocrx_word' id='word_1_81' title='bbox 2139 1281 2274 1336; x_wconf 92' lang='lat' dir='ltr'><strong>dico</strong></span> 
     </span>
    </p>
   </div>
   <div class='ocr_carea' id='block_1_15' title="bbox 618 1368 2274 1442">
    <p class='ocr_par' dir='ltr' id='par_1_15' title="bbox 618 1368 2274 1442">
     <span class='ocr_line' id='line_1_15' title="bbox 618 1368 2274 1442; baseline 0.001 -19"><span class='ocrx_word' id='word_1_82' title='bbox 618 1384 766 1424; x_wconf 89' lang='lat' dir='ltr'><strong>sane</strong></span> <span class='ocrx_word' id='word_1_83' title='bbox 783 1383 880 1440; x_wconf 89' lang='lat' dir='ltr'><strong>per</strong></span> <span class='ocrx_word' id='word_1_84' title='bbox 905 1368 1209 1440; x_wconf 88' lang='lat' dir='ltr'><strong>proprium</strong></span> <span class='ocrx_word' id='word_1_85' title='bbox 1240 1376 1441 1440; x_wconf 87' lang='lat' dir='ltr'><strong>caput,</strong></span> <span class='ocrx_word' id='word_1_86' title='bbox 1471 1384 1545 1424; x_wconf 91' lang='lat' dir='ltr'><strong>ne</strong></span> <span class='ocrx_word' id='word_1_87' title='bbox 1570 1369 1748 1424; x_wconf 89' lang='lat' dir='ltr'><strong>etiam</strong></span> <span class='ocrx_word' id='word_1_88' title='bbox 1783 1368 1860 1424; x_wconf 89' lang='lat' dir='ltr'><strong>ad</strong></span> <span class='ocrx_word' id='word_1_89' title='bbox 1884 1370 2116 1442; x_wconf 87' lang='lat' dir='ltr'><strong>majora</strong></span> <span class='ocrx_word' id='word_1_90' title='bbox 2143 1385 2274 1441; x_wconf 89' lang='lat' dir='ltr'><strong>pro-</strong></span> 
     </span>
    </p>
   </div>
   <div class='ocr_carea' id='block_1_16' title="bbox 617 1457 2274 1531">
    <p class='ocr_par' dir='ltr' id='par_1_16' title="bbox 617 1457 2274 1531">
     <span class='ocr_line' id='line_1_16' title="bbox 617 1457 2274 1531; baseline 0.001 -17"><span class='ocrx_word' id='word_1_91' title='bbox 617 1457 817 1514; x_wconf 87' lang='lat' dir='ltr'><strong>cedas.</strong></span> <span class='ocrx_word' id='word_1_92' title='bbox 851 1457 977 1514; x_wconf 79' lang='lat' dir='ltr'><strong>Alio</strong></span> <span class='ocrx_word' id='word_1_93' title='bbox 1008 1458 1451 1530; x_wconf 90' lang='lat' dir='ltr'><strong>quoquemode.</strong></span> <span class='ocrx_word' id='word_1_94' title='bbox 1495 1461 1774 1514; x_wconf 89' lang='lat' dir='ltr'><strong>Creatura</strong></span> <span class='ocrx_word' id='word_1_95' title='bbox 1798 1473 2062 1531; x_wconf 86' lang='lat' dir='ltr'><strong>namque</strong></span> <span class='ocrx_word' id='word_1_96' title='bbox 2093 1459 2274 1515; x_wconf 87' lang='lat' dir='ltr'><strong>etiam</strong></span> 
     </span>
    </p>
   </div>
   <div class='ocr_carea' id='block_1_17' title="bbox 619 1547 2275 1619">
    <p class='ocr_par' dir='ltr' id='par_1_17' title="bbox 619 1547 2275 1619">
     <span class='ocr_line' id='line_1_17' title="bbox 619 1547 2275 1619; baseline 0.001 -19"><span class='ocrx_word' id='word_1_97' title='bbox 619 1547 721 1603; x_wconf 87' lang='lat' dir='ltr'><strong>Dei</strong></span> <span class='ocrx_word' id='word_1_98' title='bbox 737 1547 1042 1619; x_wconf 89' lang='lat' dir='ltr'><strong>possessio</strong></span> <span class='ocrx_word' id='word_1_99' title='bbox 1058 1551 1147 1602; x_wconf 91' lang='lat' dir='ltr'><strong>est</strong></span> <span class='ocrx_word' id='word_1_100' title='bbox 1174 1553 1513 1603; x_wconf 89' lang='lat' dir='ltr'><strong>:etrursum</strong></span> <span class='ocrx_word' id='word_1_101' title='bbox 1540 1563 1646 1619; x_wconf 90' lang='lat' dir='ltr'><strong>per</strong></span> <span class='ocrx_word' id='word_1_102' title='bbox 1673 1550 1857 1603; x_wconf 91' lang='lat' dir='ltr'><strong>Deum</strong></span> <span class='ocrx_word' id='word_1_103' title='bbox 1884 1548 1946 1603; x_wconf 84' lang='lat' dir='ltr'><strong>ﬁt</strong></span> <span class='ocrx_word' id='word_1_104' title='bbox 1970 1549 2275 1618; x_wconf 89' lang='lat' dir='ltr'><strong>juramen-</strong></span> 
     </span>
    </p>
   </div>
   <div class='ocr_carea' id='block_1_18' title="bbox 619 1635 2274 1708">
    <p class='ocr_par' dir='ltr' id='par_1_18' title="bbox 619 1635 2274 1708">
     <span class='ocr_line' id='line_1_18' title="bbox 619 1635 2274 1708; baseline 0 -16"><span class='ocrx_word' id='word_1_105' title='bbox 619 1639 767 1704; x_wconf 89' lang='lat' dir='ltr'><strong>tum,</strong></span> <span class='ocrx_word' id='word_1_106' title='bbox 793 1635 895 1708; x_wconf 92' lang='lat' dir='ltr'><strong>qui</strong></span> <span class='ocrx_word' id='word_1_107' title='bbox 924 1636 1124 1708; x_wconf 89' lang='lat' dir='ltr'><strong>ipsum</strong></span> <span class='ocrx_word' id='word_1_108' title='bbox 1153 1637 1209 1692; x_wconf 91' lang='lat' dir='ltr'><strong>in</strong></span> <span class='ocrx_word' id='word_1_109' title='bbox 1238 1652 1348 1692; x_wconf 90' lang='lat' dir='ltr'><strong>sua</strong></span> <span class='ocrx_word' id='word_1_110' title='bbox 1377 1636 1556 1693; x_wconf 89' lang='lat' dir='ltr'><strong>habet</strong></span> <span class='ocrx_word' id='word_1_111' title='bbox 1579 1640 1890 1708; x_wconf 83' lang='lat' dir='ltr'><strong>potestate.</strong></span> <span class='ocrx_word' id='word_1_112' title='bbox 1931 1638 2085 1692; x_wconf 86' lang='lat' dir='ltr'><strong>Licet</strong></span> <span class='ocrx_word' id='word_1_113' title='bbox 2113 1636 2274 1692; x_wconf 88' lang='lat' dir='ltr'><strong>enim</strong></span> 
     </span>
    </p>
   </div>
   <div class='ocr_carea' id='block_1_19' title="bbox 616 1725 2275 1798">
    <p class='ocr_par' dir='ltr' id='par_1_19' title="bbox 616 1725 2275 1798">
     <span class='ocr_line' id='line_1_19' title="bbox 616 1725 2275 1798; baseline -0.001 -17"><span class='ocrx_word' id='word_1_114' title='bbox 616 1735 784 1782; x_wconf 88' lang='lat' dir='ltr'><strong>tuum</strong></span> <span class='ocrx_word' id='word_1_115' title='bbox 798 1741 1040 1798; x_wconf 88' lang='lat' dir='ltr'><strong>quoque</strong></span> <span class='ocrx_word' id='word_1_116' title='bbox 1065 1726 1156 1792; x_wconf 88' lang='lat' dir='ltr'><strong>sit,</strong></span> <span class='ocrx_word' id='word_1_117' title='bbox 1183 1740 1303 1781; x_wconf 94' lang='lat' dir='ltr'><strong>non</strong></span> <span class='ocrx_word' id='word_1_118' title='bbox 1327 1731 1621 1781; x_wconf 84' lang='lat' dir='ltr'><strong>esttamen</strong></span> <span class='ocrx_word' id='word_1_119' title='bbox 1643 1730 1813 1780; x_wconf 87' lang='lat' dir='ltr'><strong>tuum</strong></span> <span class='ocrx_word' id='word_1_120' title='bbox 1836 1741 1985 1796; x_wconf 84' lang='lat' dir='ltr'><strong>Opus</strong></span> <span class='ocrx_word' id='word_1_121' title='bbox 2010 1725 2178 1798; x_wconf 91' lang='lat' dir='ltr'><strong>quod</strong></span> <span class='ocrx_word' id='word_1_122' title='bbox 2203 1741 2275 1781; x_wconf 91' lang='lat' dir='ltr'><strong>ex</strong></span> 
     </span>
    </p>
   </div>
   <div class='ocr_carea' id='block_1_20' title="bbox 2382 566 4032 650">
    <p class='ocr_par' dir='ltr' id='par_1_20' title="bbox 2382 566 4032 650">
     <span class='ocr_line' id='line_1_20' title="bbox 2382 566 4032 650; baseline 0.003 -29"><span class='ocrx_word' id='word_1_123' title='bbox 2382 578 2550 622; x_wconf 90' lang='grc' dir='ltr'>ταῦτα</span> <span class='ocrx_word' id='word_1_124' title='bbox 2582 569 2642 622; x_wconf 89' lang='grc' dir='ltr'><strong>ού</strong></span> <span class='ocrx_word' id='word_1_125' title='bbox 2683 566 2758 623; x_wconf 82' lang='grc' dir='ltr'>δι’</span> <span class='ocrx_word' id='word_1_126' title='bbox 2795 570 2975 634; x_wconf 73' lang='grc' dir='ltr'>ἑαυτὰ,</span> <span class='ocrx_word' id='word_1_127' title='bbox 3020 570 3147 625; x_wconf 87' lang='grc' dir='ltr'><strong>ἀλλά</strong></span> <span class='ocrx_word' id='word_1_128' title='bbox 3197 570 3272 626; x_wconf 86' lang='grc' dir='ltr'>δι’</span> <span class='ocrx_word' id='word_1_129' title='bbox 3315 574 3489 626; x_wconf 77' lang='grc' dir='ltr'>αὐτόν.</span> <span class='ocrx_word' id='word_1_130' title='bbox 3539 579 3910 650; x_wconf 66' lang='grc' dir='ltr'>Προγητικόν</span> <span class='ocrx_word' id='word_1_131' title='bbox 3948 570 4032 640; x_wconf 67' lang='grc' dir='ltr'>δί,</span> 
     </span>
    </p>
   </div>
   <div class='ocr_carea' id='block_1_21' title="bbox 2381 659 4035 735">
    <p class='ocr_par' dir='ltr' id='par_1_21' title="bbox 2381 659 4035 735">
     <span class='ocr_line' id='line_1_21' title="bbox 2381 659 4035 735; baseline 0.001 -23"><span class='ocrx_word' id='word_1_132' title='bbox 2381 659 2440 712; x_wconf 83' lang='grc' dir='ltr'><strong>Ὀ</strong></span> <span class='ocrx_word' id='word_1_133' title='bbox 2492 660 2702 734; x_wconf 78' lang='grc' dir='ltr'>οὐρανός</span> <span class='ocrx_word' id='word_1_134' title='bbox 2764 679 2855 729; x_wconf 86' lang='grc' dir='ltr'><strong>μοι</strong></span> <span class='ocrx_word' id='word_1_135' title='bbox 2914 662 3109 735; x_wconf 81' lang='grc' dir='ltr'><strong>θρόνος,</strong></span> <span class='ocrx_word' id='word_1_136' title='bbox 3165 664 3196 720; x_wconf 73' lang='grc' dir='ltr'><strong>ἦ</strong></span> <span class='ocrx_word' id='word_1_137' title='bbox 3257 659 3317 716; x_wconf 70' lang='grc' dir='ltr'><strong>δε</strong></span> <span class='ocrx_word' id='word_1_138' title='bbox 3384 672 3452 734; x_wconf 72' lang='grc' dir='ltr'><strong>γῆ</strong></span> <span class='ocrx_word' id='word_1_139' title='bbox 3525 661 3837 717; x_wconf 70' lang='grc' dir='ltr'>ὑποπόδιον</span> <span class='ocrx_word' id='word_1_140' title='bbox 3925 671 4035 715; x_wconf 78' lang='grc' dir='ltr'>τῶν</span> 
     </span>
    </p>
   </div>
   <div class='ocr_carea' id='block_1_22' title="bbox 2383 745 4031 825">
    <p class='ocr_par' dir='ltr' id='par_1_22' title="bbox 2383 745 4031 825">
     <span class='ocr_line' id='line_1_22' title="bbox 2383 745 4031 825; baseline 0.004 -25"><span class='ocrx_word' id='word_1_141' title='bbox 2383 745 2560 802; x_wconf 81' lang='grc' dir='ltr'><strong>ποδῶν</strong></span> <span class='ocrx_word' id='word_1_142' title='bbox 2588 768 2690 821; x_wconf 89' lang='grc' dir='ltr'><strong>μου</strong></span> <span class='ocrx_word' id='word_1_143' title='bbox 2725 767 2737 778; x_wconf 88' lang='grc'><strong>·</strong></span> <span class='ocrx_word' id='word_1_144' title='bbox 2787 745 3000 812; x_wconf 91' lang='grc' dir='ltr'>δηλοῦν,</span> <span class='ocrx_word' id='word_1_145' title='bbox 3033 752 3111 802; x_wconf 86' lang='grc' dir='ltr'><strong>ότι</strong></span> <span class='ocrx_word' id='word_1_146' title='bbox 3168 753 3195 803; x_wconf 99' lang='lat'><strong>6</strong></span> <span class='ocrx_word' id='word_1_147' title='bbox 3251 755 3381 813; x_wconf 89' lang='grc' dir='ltr'>Θεός</span> <span class='ocrx_word' id='word_1_148' title='bbox 3435 754 3502 804; x_wconf 88' lang='grc' dir='ltr'><strong>τά</strong></span> <span class='ocrx_word' id='word_1_149' title='bbox 3551 754 3719 804; x_wconf 88' lang='grc' dir='ltr'>πάντα</span> <span class='ocrx_word' id='word_1_150' title='bbox 3778 751 4031 825; x_wconf 77' lang='grc' dir='ltr'>πληροῖ.</span> 
     </span>
    </p>
   </div>
   <div class='ocr_carea' id='block_1_23' title="bbox 2385 839 4031 914">
    <p class='ocr_par' dir='ltr' id='par_1_23' title="bbox 2385 839 4031 914">
     <span class='ocr_line' id='line_1_23' title="bbox 2385 839 4031 914; baseline 0.001 -23"><span class='ocrx_word' id='word_1_151' title='bbox 2385 842 2521 896; x_wconf 61' lang='grc' dir='ltr'>Φησὶ</span> <span class='ocrx_word' id='word_1_152' title='bbox 2585 841 2684 913; x_wconf 77' lang='grc' dir='ltr'><strong>γὰρ</strong></span> <span class='ocrx_word' id='word_1_153' title='bbox 2741 858 2754 871; x_wconf 80' lang='grc' dir='ltr'><strong>ο</strong></span> <span class='ocrx_word' id='word_1_154' title='bbox 2808 839 2952 910; x_wconf 82' lang='grc' dir='ltr'><strong>Ούχὶ</strong></span> <span class='ocrx_word' id='word_1_155' title='bbox 3021 843 3107 892; x_wconf 87' lang='grc' dir='ltr'><strong>τόν</strong></span> <span class='ocrx_word' id='word_1_156' title='bbox 3178 840 3393 913; x_wconf 87' lang='grc' dir='ltr'>ούρανόν</span> <span class='ocrx_word' id='word_1_157' title='bbox 3444 845 3534 893; x_wconf 77' lang='grc' dir='ltr'>καὶ</span> <span class='ocrx_word' id='word_1_158' title='bbox 3589 847 3676 898; x_wconf 75' lang='grc' dir='ltr'><strong>τόν</strong></span> <span class='ocrx_word' id='word_1_159' title='bbox 3733 849 3864 912; x_wconf 78' lang='grc' dir='ltr'><strong>γῆν</strong></span> 
     </span>
    </p>
   </div>
   <div class='ocr_carea' id='block_1_24' title="bbox 2382 923 4025 1002">
    <p class='ocr_par' dir='ltr' id='par_1_24' title="bbox 2382 923 4025 1002">
     <span class='ocr_line' id='line_1_24' title="bbox 2382 923 4025 1002; baseline 0.003 -25"><span class='ocrx_word' id='word_1_160' title='bbox 2382 924 2563 1000; x_wconf 84' lang='grc' dir='ltr'>πληρῶ</span> <span class='ocrx_word' id='word_1_161' title='bbox 2595 947 2610 994; x_wconf 74' lang='grc' dir='ltr'><strong>ς</strong></span> <span class='ocrx_word' id='word_1_162' title='bbox 2645 931 2917 980; x_wconf 81' lang='grc' dir='ltr'>Δαυῑτικὸν</span> <span class='ocrx_word' id='word_1_163' title='bbox 2967 923 3026 980; x_wconf 69' lang='grc' dir='ltr'>δι</span> <span class='ocrx_word' id='word_1_164' title='bbox 3063 945 3075 958; x_wconf 91' lang='grc'><strong>·</strong></span> <span class='ocrx_word' id='word_1_165' title='bbox 3133 928 3192 982; x_wconf 76' lang='grc' dir='ltr'><strong>Ἠ</strong></span> <span class='ocrx_word' id='word_1_166' title='bbox 3240 929 3387 992; x_wconf 84' lang='grc' dir='ltr'>πόλις</span> <span class='ocrx_word' id='word_1_167' title='bbox 3433 937 3526 983; x_wconf 90' lang='grc' dir='ltr'><strong>τοῦ</strong></span> <span class='ocrx_word' id='word_1_168' title='bbox 3577 927 3872 1002; x_wconf 68' lang='grc' dir='ltr'>βασιλέως</span> <span class='ocrx_word' id='word_1_169' title='bbox 3929 939 4025 984; x_wconf 88' lang='grc' dir='ltr'><strong>τοῦ</strong></span> 
     </span>
    </p>
   </div>
   <div class='ocr_carea' id='block_1_25' title="bbox 2383 1014 2628 1087">
    <p class='ocr_par' dir='ltr' id='par_1_25' title="bbox 2383 1014 2628 1087">
     <span class='ocr_line' id='line_1_25' title="bbox 2383 1014 2628 1087; baseline 0.012 -21"><span class='ocrx_word' id='word_1_170' title='bbox 2383 1014 2628 1087; x_wconf 74' lang='grc' dir='ltr'>μεγάλου.</span> 
     </span>
    </p>
   </div>
   <div class='ocr_carea' id='block_1_26' title="bbox 2453 1191 4028 1261">
    <p class='ocr_par' dir='ltr' id='par_1_26' title="bbox 2453 1191 4028 1261">
     <span class='ocr_line' id='line_1_26' title="bbox 2453 1191 4028 1261; baseline 0.003 -16"><span class='ocrx_word' id='word_1_171' title='bbox 2453 1197 2598 1251; x_wconf 77' lang='grc' dir='ltr'>Μήτι</span> <span class='ocrx_word' id='word_1_172' title='bbox 2625 1221 2690 1234; x_wconf 92' lang='grc'><strong><em>-</em></strong></span> <span class='ocrx_word' id='word_1_173' title='bbox 2734 1200 2977 1252; x_wconf 81' lang='grc' dir='ltr'>ποιῆσαι.</span> <span class='ocrx_word' id='word_1_174' title='bbox 3016 1191 3169 1253; x_wconf 74' lang='grc' dir='ltr'><strong>Μηδᾶ</strong></span> <span class='ocrx_word' id='word_1_175' title='bbox 3217 1197 3304 1247; x_wconf 87' lang='grc' dir='ltr'><strong>τόν</strong></span> <span class='ocrx_word' id='word_1_176' title='bbox 3358 1193 3738 1261; x_wconf 70' lang='grc' dir='ltr'><strong>εὐτελέστατον,</strong></span> <span class='ocrx_word' id='word_1_177' title='bbox 3776 1201 3890 1250; x_wconf 72' lang='grc' dir='ltr'>καὶ</span> <span class='ocrx_word' id='word_1_178' title='bbox 3927 1193 3968 1250; x_wconf 90' lang='grc' dir='ltr'><strong>δ</strong></span> <span class='ocrx_word' id='word_1_179' title='bbox 3975 1199 4028 1250; x_wconf 76' lang='lat' dir='ltr'><strong>ui:</strong></span> 
     </span>
    </p>
   </div>
   <div class='ocr_carea' id='block_1_27' title="bbox 2382 1282 4026 1356">
    <p class='ocr_par' dir='ltr' id='par_1_27' title="bbox 2382 1282 4026 1356">
     <span class='ocr_line' id='line_1_27' title="bbox 2382 1282 4026 1356; baseline 0.003 -23"><span class='ocrx_word' id='word_1_180' title='bbox 2382 1288 2534 1334; x_wconf 84' lang='grc' dir='ltr'>τοῦτο</span> <span class='ocrx_word' id='word_1_181' title='bbox 2595 1287 3003 1355; x_wconf 83' lang='grc' dir='ltr'>προχειρότατον</span> <span class='ocrx_word' id='word_1_182' title='bbox 3056 1285 3208 1356; x_wconf 86' lang='grc' dir='ltr'>ὅρκον</span> <span class='ocrx_word' id='word_1_183' title='bbox 3266 1283 3484 1356; x_wconf 74' lang='grc' dir='ltr'>ὀμόσῃς,</span> <span class='ocrx_word' id='word_1_184' title='bbox 3549 1288 3683 1356; x_wconf 73' lang='grc' dir='ltr'>φημὶ</span> <span class='ocrx_word' id='word_1_185' title='bbox 3745 1282 3863 1353; x_wconf 72' lang='grc' dir='ltr'>δὴ,</span> <span class='ocrx_word' id='word_1_186' title='bbox 3931 1290 4026 1340; x_wconf 88' lang='grc' dir='ltr'><strong>τόν</strong></span> 
     </span>
    </p>
   </div>
   <div class='ocr_carea' id='block_1_28' title="bbox 2381 1367 4022 1445">
    <p class='ocr_par' dir='ltr' id='par_1_28' title="bbox 2381 1367 4022 1445">
     <span class='ocr_line' id='line_1_28' title="bbox 2381 1367 4022 1445; baseline 0.003 -24"><span class='ocrx_word' id='word_1_187' title='bbox 2381 1372 2518 1422; x_wconf 84' lang='grc' dir='ltr'><strong>κατά</strong></span> <span class='ocrx_word' id='word_1_188' title='bbox 2575 1377 2665 1430; x_wconf 74' lang='grc' dir='ltr'>τῆς</span> <span class='ocrx_word' id='word_1_189' title='bbox 2723 1367 2864 1431; x_wconf 82' lang='grc' dir='ltr'>ἰδίας</span> <span class='ocrx_word' id='word_1_190' title='bbox 2915 1371 3160 1443; x_wconf 73' lang='grc' dir='ltr'>κεφαλῆς,</span> <span class='ocrx_word' id='word_1_191' title='bbox 3217 1373 3300 1423; x_wconf 79' lang='grc' dir='ltr'>ἵνα</span> <span class='ocrx_word' id='word_1_192' title='bbox 3362 1375 3434 1444; x_wconf 66' lang='grc' dir='ltr'>μὴ</span> <span class='ocrx_word' id='word_1_193' title='bbox 3492 1375 3583 1424; x_wconf 77' lang='grc' dir='ltr'>καὶ</span> <span class='ocrx_word' id='word_1_194' title='bbox 3639 1371 3713 1434; x_wconf 83' lang='grc' dir='ltr'><strong>εἰς</strong></span> <span class='ocrx_word' id='word_1_195' title='bbox 3770 1373 4022 1445; x_wconf 77' lang='grc' dir='ltr'>μείζονα</span> 
     </span>
    </p>
   </div>
   <div class='ocr_carea' id='block_1_29' title="bbox 2381 1456 4020 1535">
    <p class='ocr_par' dir='ltr' id='par_1_29' title="bbox 2381 1456 4020 1535">
     <span class='ocr_line' id='line_1_29' title="bbox 2381 1456 4020 1535; baseline 0.003 -25"><span class='ocrx_word' id='word_1_196' title='bbox 2381 1457 2601 1533; x_wconf 71' lang='grc' dir='ltr'>προϐῇς.</span> <span class='ocrx_word' id='word_1_197' title='bbox 2636 1458 2833 1520; x_wconf 81' lang='grc' dir='ltr'>Ἀλλως</span> <span class='ocrx_word' id='word_1_198' title='bbox 2877 1479 2930 1512; x_wconf 88' lang='grc' dir='ltr'><strong>τε</strong></span> <span class='ocrx_word' id='word_1_199' title='bbox 2978 1456 3055 1530; x_wconf 67' lang='grc' dir='ltr'>δι,</span> <span class='ocrx_word' id='word_1_200' title='bbox 3093 1465 3182 1512; x_wconf 73' lang='grc' dir='ltr'><strong>καί</strong></span> <span class='ocrx_word' id='word_1_201' title='bbox 3233 1461 3362 1517; x_wconf 77' lang='grc' dir='ltr'>αὕτη</span> <span class='ocrx_word' id='word_1_202' title='bbox 3414 1465 3634 1532; x_wconf 90' lang='grc' dir='ltr'>κτίσμα,</span> <span class='ocrx_word' id='word_1_203' title='bbox 3668 1466 3766 1513; x_wconf 81' lang='grc' dir='ltr'>καὶ</span> <span class='ocrx_word' id='word_1_204' title='bbox 3822 1472 4020 1535; x_wconf 71' lang='grc' dir='ltr'>κτὶμα</span> 
     </span>
    </p>
   </div>
   <div class='ocr_carea' id='block_1_30' title="bbox 2385 1547 4016 1618">
    <p class='ocr_par' dir='ltr' id='par_1_30' title="bbox 2385 1547 4016 1618">
     <span class='ocr_line' id='line_1_30' title="bbox 2385 1547 4016 1618; baseline 0.001 -18"><span class='ocrx_word' id='word_1_205' title='bbox 2385 1555 2518 1600; x_wconf 93' lang='grc' dir='ltr'>Θεοῦ</span> <span class='ocrx_word' id='word_1_206' title='bbox 2547 1547 2682 1618; x_wconf 73' lang='grc' dir='ltr'>ἐστι,</span> <span class='ocrx_word' id='word_1_207' title='bbox 2713 1554 2802 1601; x_wconf 77' lang='grc' dir='ltr'>καὶ</span> <span class='ocrx_word' id='word_1_208' title='bbox 2834 1548 2989 1601; x_wconf 86' lang='grc' dir='ltr'>πάλιν</span> <span class='ocrx_word' id='word_1_209' title='bbox 3031 1552 3167 1601; x_wconf 85' lang='grc' dir='ltr'><strong>κατά</strong></span> <span class='ocrx_word' id='word_1_210' title='bbox 3197 1557 3289 1601; x_wconf 89' lang='grc' dir='ltr'><strong>τοῦ</strong></span> <span class='ocrx_word' id='word_1_211' title='bbox 3328 1556 3482 1613; x_wconf 85' lang='grc' dir='ltr'>θεοῦ,</span> <span class='ocrx_word' id='word_1_212' title='bbox 3524 1556 3617 1601; x_wconf 89' lang='grc' dir='ltr'><strong>τοῦ</strong></span> <span class='ocrx_word' id='word_1_213' title='bbox 3655 1547 4016 1614; x_wconf 72' lang='grc' dir='ltr'>ἐξουσιάζον-</span> 
     </span>
    </p>
   </div>
   <div class='ocr_carea' id='block_1_31' title="bbox 2383 1636 4012 1712">
    <p class='ocr_par' dir='ltr' id='par_1_31' title="bbox 2383 1636 4012 1712">
     <span class='ocr_line' id='line_1_31' title="bbox 2383 1636 4012 1712; baseline 0.002 -24"><span class='ocrx_word' id='word_1_214' title='bbox 2383 1656 2466 1697; x_wconf 90' lang='grc' dir='ltr'><strong>τος</strong></span> <span class='ocrx_word' id='word_1_215' title='bbox 2509 1637 2692 1703; x_wconf 76' lang='grc' dir='ltr'>αὐτῆς,</span> <span class='ocrx_word' id='word_1_216' title='bbox 2736 1642 2934 1709; x_wconf 73' lang='grc' dir='ltr'>γίνεται</span> <span class='ocrx_word' id='word_1_217' title='bbox 2978 1639 3005 1690; x_wconf 92' lang='lat'><strong>6</strong></span> <span class='ocrx_word' id='word_1_218' title='bbox 3053 1640 3224 1710; x_wconf 86' lang='grc' dir='ltr'>όρκος.</span> <span class='ocrx_word' id='word_1_219' title='bbox 3257 1637 3317 1691; x_wconf 84' lang='grc' dir='ltr'><strong>Εἰ</strong></span> <span class='ocrx_word' id='word_1_220' title='bbox 3348 1640 3446 1712; x_wconf 69' lang='grc' dir='ltr'><strong>γὰρ</strong></span> <span class='ocrx_word' id='word_1_221' title='bbox 3477 1641 3568 1690; x_wconf 80' lang='grc' dir='ltr'>καὶ</span> <span class='ocrx_word' id='word_1_222' title='bbox 3598 1643 3664 1696; x_wconf 73' lang='grc' dir='ltr'>σή</span> <span class='ocrx_word' id='word_1_223' title='bbox 3706 1636 3861 1706; x_wconf 70' lang='grc' dir='ltr'>ἔστι,</span> <span class='ocrx_word' id='word_1_224' title='bbox 3899 1638 4012 1691; x_wconf 78' lang='grc' dir='ltr'>ἀλλ’</span> 
     </span>
    </p>
   </div>
   <div class='ocr_carea' id='block_1_32' title="bbox 2383 1723 4009 1798">
    <p class='ocr_par' dir='ltr' id='par_1_32' title="bbox 2383 1723 4009 1798">
     <span class='ocr_line' id='line_1_32' title="bbox 2383 1723 4009 1798; baseline 0.002 -21"><span class='ocrx_word' id='word_1_225' title='bbox 2383 1726 2442 1777; x_wconf 80' lang='grc' dir='ltr'><strong>ού</strong></span> <span class='ocrx_word' id='word_1_226' title='bbox 2475 1730 2565 1778; x_wconf 87' lang='grc' dir='ltr'>σὸν</span> <span class='ocrx_word' id='word_1_227' title='bbox 2594 1727 2707 1798; x_wconf 85' lang='grc'><strong>(79)</strong></span> <span class='ocrx_word' id='word_1_228' title='bbox 2738 1731 2962 1798; x_wconf 89' lang='grc' dir='ltr'>ποίημα.</span> <span class='ocrx_word' id='word_1_229' title='bbox 2997 1732 3098 1780; x_wconf 73' lang='grc' dir='ltr'><strong>Καὶ</strong></span> <span class='ocrx_word' id='word_1_230' title='bbox 3145 1723 3326 1794; x_wconf 74' lang='grc' dir='ltr'>δῆλον,</span> <span class='ocrx_word' id='word_1_231' title='bbox 3365 1724 3466 1778; x_wconf 87' lang='grc' dir='ltr'>ἀπὸ</span> <span class='ocrx_word' id='word_1_232' title='bbox 3495 1734 3588 1778; x_wconf 90' lang='grc' dir='ltr'><strong>τοῦ</strong></span> <span class='ocrx_word' id='word_1_233' title='bbox 3614 1731 3687 1798; x_wconf 70' lang='grc' dir='ltr'><strong>μη</strong></span> <span class='ocrx_word' id='word_1_234' title='bbox 3723 1723 4009 1782; x_wconf 76' lang='grc' dir='ltr'>δύνασθαί</span> 
     </span>
    </p>
   </div>
   <div class='ocr_carea' id='block_1_33' title="bbox 614 1813 2274 1889">
    <p class='ocr_par' dir='ltr' id='par_1_33' title="bbox 614 1813 2273 1887">
     <span class='ocr_line' id='line_1_33' title="bbox 614 1813 2273 1887; baseline 0 -17"><span class='ocrx_word' id='word_1_235' title='bbox 614 1829 684 1871; x_wconf 90' lang='lat' dir='ltr'><strong>eo</strong></span> <span class='ocrx_word' id='word_1_236' title='bbox 713 1813 1106 1870; x_wconf 83' lang='lat' dir='ltr'><strong>manifestum</strong></span> <span class='ocrx_word' id='word_1_237' title='bbox 1131 1821 1238 1878; x_wconf 87' lang='lat' dir='ltr'><strong>est,</strong></span> <span class='ocrx_word' id='word_1_238' title='bbox 1265 1815 1407 1886; x_wconf 88' lang='lat' dir='ltr'><strong>quia</strong></span> <span class='ocrx_word' id='word_1_239' title='bbox 1428 1830 1547 1871; x_wconf 94' lang='lat' dir='ltr'><strong>non</strong></span> <span class='ocrx_word' id='word_1_240' title='bbox 1575 1820 1745 1887; x_wconf 90' lang='lat' dir='ltr'><strong>potes</strong></span> <span class='ocrx_word' id='word_1_241' title='bbox 1775 1830 1964 1870; x_wconf 89' lang='lat' dir='ltr'><strong>unum</strong></span> <span class='ocrx_word' id='word_1_242' title='bbox 1991 1814 2273 1887; x_wconf 87' lang='lat' dir='ltr'><strong>capillum</strong></span> 
     </span>
    </p>
   </div>
   <div class='ocr_carea' id='block_1_34' title="bbox 2385 1813 3589 1889">
    <p class='ocr_par' dir='ltr' id='par_1_34' title="bbox 2387 1813 3589 1889">
     <span class='ocr_line' id='line_1_34' title="bbox 2387 1813 3589 1889; baseline 0.002 -22"><span class='ocrx_word' id='word_1_243' title='bbox 2387 1833 2444 1867; x_wconf 92' lang='grc' dir='ltr'><strong>σε</strong></span> <span class='ocrx_word' id='word_1_244' title='bbox 2467 1819 2591 1888; x_wconf 89' lang='grc' dir='ltr'>μίαν</span> <span class='ocrx_word' id='word_1_245' title='bbox 2619 1818 2784 1889; x_wconf 81' lang='grc' dir='ltr'>τρίχα</span> <span class='ocrx_word' id='word_1_246' title='bbox 2811 1823 3034 1875; x_wconf 76' lang='grc' dir='ltr'>ποιῆσαι</span> <span class='ocrx_word' id='word_1_247' title='bbox 3057 1814 3244 1873; x_wconf 77' lang='grc' dir='ltr'>λευκὴν</span> <span class='ocrx_word' id='word_1_248' title='bbox 3271 1815 3301 1873; x_wconf 76' lang='grc' dir='ltr'><strong>ἣ</strong></span> <span class='ocrx_word' id='word_1_249' title='bbox 3328 1813 3589 1887; x_wconf 73' lang='grc' dir='ltr'>μέλαιναν.</span> 
     </span>
    </p>
   </div>
   <div class='ocr_carea' id='block_1_35' title="bbox 613 1902 1422 1974">
    <p class='ocr_par' dir='ltr' id='par_1_35' title="bbox 613 1902 1422 1974">
     <span class='ocr_line' id='line_1_35' title="bbox 613 1902 1422 1974; baseline -0.001 -14"><span class='ocrx_word' id='word_1_250' title='bbox 613 1903 810 1960; x_wconf 86' lang='lat' dir='ltr'><strong>album</strong></span> <span class='ocrx_word' id='word_1_251' title='bbox 830 1902 1020 1959; x_wconf 82' lang='lat' dir='ltr'><strong>facere</strong></span> <span class='ocrx_word' id='word_1_252' title='bbox 1049 1903 1139 1959; x_wconf 85' lang='lat' dir='ltr'><strong>vel</strong></span> <span class='ocrx_word' id='word_1_253' title='bbox 1163 1903 1422 1974; x_wconf 91' lang='lat' dir='ltr'><strong>nigrum.</strong></span> 
     </span>
    </p>
   </div>
   <div class='ocr_carea' id='block_1_36' title="bbox 688 1992 2277 2066">
    <p class='ocr_par' dir='ltr' id='par_1_36' title="bbox 688 1992 2277 2066">
     <span class='ocr_line' id='line_1_36' title="bbox 688 1992 2277 2066; baseline 0.002 -20"><span class='ocrx_word' id='word_1_254' title='bbox 688 1992 852 2048; x_wconf 87' lang='lat' dir='ltr'><strong>Vers.</strong></span> <span class='ocrx_word' id='word_1_255' title='bbox 895 1993 988 2048; x_wconf 85' lang='lat'><strong>3.6</strong></span> <span class='ocrx_word' id='word_1_256' title='bbox 1045 1995 1129 2048; x_wconf 95' lang='lat' dir='ltr'><strong>Sit</strong></span> <span class='ocrx_word' id='word_1_257' title='bbox 1160 1998 1352 2050; x_wconf 86' lang='lat' dir='ltr'><strong>—est.</strong></span> <span class='ocrx_word' id='word_1_258' title='bbox 1416 1993 1520 2060; x_wconf 92' lang='lat' dir='ltr'><strong>Sit,</strong></span> <span class='ocrx_word' id='word_1_259' title='bbox 1579 1993 1788 2066; x_wconf 91' lang='lat' dir='ltr'><strong>inquit,</strong></span> <span class='ocrx_word' id='word_1_260' title='bbox 1833 2009 2030 2050; x_wconf 83' lang='lat' dir='ltr'><strong>sermo</strong></span> <span class='ocrx_word' id='word_1_261' title='bbox 2087 1998 2277 2049; x_wconf 84' lang='lat' dir='ltr'><strong>vester</strong></span> 
     </span>
    </p>
   </div>
   <div class='ocr_carea' id='block_1_37' title="bbox 617 2080 2272 2156">
    <p class='ocr_par' dir='ltr' id='par_1_37' title="bbox 617 2080 2272 2156">
     <span class='ocr_line' id='line_1_37' title="bbox 617 2080 2272 2156; baseline 0 -20"><span class='ocrx_word' id='word_1_262' title='bbox 617 2082 867 2154; x_wconf 91' lang='lat' dir='ltr'><strong>quando</strong></span> <span class='ocrx_word' id='word_1_263' title='bbox 937 2080 1250 2138; x_wconf 83' lang='lat' dir='ltr'><strong>afﬁrmatis</strong></span> <span class='ocrx_word' id='word_1_264' title='bbox 1291 2083 1741 2156; x_wconf 86' lang='lat' dir='ltr'><strong>:Est;quando</strong></span> <span class='ocrx_word' id='word_1_265' title='bbox 1813 2098 1956 2138; x_wconf 91' lang='lat' dir='ltr'><strong>vero</strong></span> <span class='ocrx_word' id='word_1_266' title='bbox 2027 2083 2272 2152; x_wconf 79' lang='lat' dir='ltr'><strong>negatis,</strong></span> 
     </span>
    </p>
   </div>
   <div class='ocr_carea' id='block_1_38' title="bbox 613 2169 2275 2243">
    <p class='ocr_par' dir='ltr' id='par_1_38' title="bbox 613 2169 2275 2243">
     <span class='ocr_line' id='line_1_38' title="bbox 613 2169 2275 2243; baseline 0.001 -16"><span class='ocrx_word' id='word_1_267' title='bbox 613 2170 748 2227; x_wconf 82' lang='lat' dir='ltr'><strong>Non</strong></span> <span class='ocrx_word' id='word_1_268' title='bbox 783 2169 1040 2243; x_wconf 88' lang='lat' dir='ltr'><strong>:hisque</strong></span> <span class='ocrx_word' id='word_1_269' title='bbox 1099 2171 1239 2227; x_wconf 88' lang='lat' dir='ltr'><strong>solis</strong></span> <span class='ocrx_word' id='word_1_270' title='bbox 1291 2188 1393 2243; x_wconf 90' lang='lat' dir='ltr'><strong>pro</strong></span> <span class='ocrx_word' id='word_1_271' title='bbox 1422 2171 1779 2242; x_wconf 86' lang='lat' dir='ltr'><strong>juramentis</strong></span> <span class='ocrx_word' id='word_1_272' title='bbox 1832 2171 1908 2228; x_wconf 88' lang='lat' dir='ltr'><strong>ad</strong></span> <span class='ocrx_word' id='word_1_273' title='bbox 1959 2171 2275 2228; x_wconf 80' lang='lat' dir='ltr'><strong>conﬁrma-</strong></span> 
     </span>
    </p>
   </div>
   <div class='ocr_carea' id='block_1_39' title="bbox 615 2258 2271 2332">
    <p class='ocr_par' dir='ltr' id='par_1_39' title="bbox 615 2258 2271 2332">
     <span class='ocr_line' id='line_1_39' title="bbox 615 2258 2271 2332; baseline 0 -18"><span class='ocrx_word' id='word_1_274' title='bbox 615 2259 837 2315; x_wconf 90' lang='lat' dir='ltr'><strong>tionem</strong></span> <span class='ocrx_word' id='word_1_275' title='bbox 879 2258 1149 2326; x_wconf 88' lang='lat' dir='ltr'><strong>utamini,</strong></span> <span class='ocrx_word' id='word_1_276' title='bbox 1195 2264 1252 2315; x_wconf 90' lang='lat' dir='ltr'><strong>et</strong></span> <span class='ocrx_word' id='word_1_277' title='bbox 1281 2259 1446 2315; x_wconf 87' lang='lat' dir='ltr'><strong>nullo</strong></span> <span class='ocrx_word' id='word_1_278' title='bbox 1475 2260 1593 2316; x_wconf 92' lang='lat' dir='ltr'><strong>alio</strong></span> <span class='ocrx_word' id='word_1_279' title='bbox 1622 2276 1807 2332; x_wconf 85' lang='lat' dir='ltr'><strong>quam</strong></span> <span class='ocrx_word' id='word_1_280' title='bbox 1861 2260 1961 2315; x_wconf 84' lang='lat' dir='ltr'><strong>Est</strong></span> <span class='ocrx_word' id='word_1_281' title='bbox 2014 2265 2072 2314; x_wconf 91' lang='lat' dir='ltr'><strong>et</strong></span> <span class='ocrx_word' id='word_1_282' title='bbox 2111 2261 2271 2316; x_wconf 85' lang='lat' dir='ltr'><strong>Non.</strong></span> 
     </span>
    </p>
   </div>
   <div class='ocr_carea' id='block_1_40' title="bbox 615 2348 2270 2420">
    <p class='ocr_par' dir='ltr' id='par_1_40' title="bbox 615 2348 2270 2420">
     <span class='ocr_line' id='line_1_40' title="bbox 615 2348 2270 2420; baseline 0 -16"><span class='ocrx_word' id='word_1_283' title='bbox 615 2348 788 2415; x_wconf 85' lang='lat' dir='ltr'><strong>Quod</strong></span> <span class='ocrx_word' id='word_1_284' title='bbox 833 2351 1041 2419; x_wconf 69' lang='lat' dir='ltr'><strong>praeter</strong></span> <span class='ocrx_word' id='word_1_285' title='bbox 1083 2349 1213 2404; x_wconf 71' lang='lat' dir='ltr'><strong>haec</strong></span> <span class='ocrx_word' id='word_1_286' title='bbox 1256 2348 1622 2418; x_wconf 88' lang='lat' dir='ltr'><strong>adjungitur,</strong></span> <span class='ocrx_word' id='word_1_287' title='bbox 1663 2349 1803 2404; x_wconf 92' lang='lat' dir='ltr'><strong>dicit</strong></span> <span class='ocrx_word' id='word_1_288' title='bbox 1839 2349 2270 2420; x_wconf 88' lang='lat' dir='ltr'><strong>juramentum.</strong></span> 
     </span>
    </p>
   </div>
   <div class='ocr_carea' id='block_1_41' title="bbox 615 2437 2274 2509">
    <p class='ocr_par' dir='ltr' id='par_1_41' title="bbox 615 2437 2274 2509">
     <span class='ocr_line' id='line_1_41' title="bbox 615 2437 2274 2509; baseline -0.001 -15"><span class='ocrx_word' id='word_1_289' title='bbox 615 2438 675 2494; x_wconf 89' lang='lat' dir='ltr'><strong>Si</strong></span> <span class='ocrx_word' id='word_1_290' title='bbox 735 2442 932 2493; x_wconf 88' lang='lat' dir='ltr'><strong>autem</strong></span> <span class='ocrx_word' id='word_1_291' title='bbox 982 2437 1392 2507; x_wconf 87' lang='lat' dir='ltr'><strong>juramentum</strong></span> <span class='ocrx_word' id='word_1_292' title='bbox 1434 2454 1467 2492; x_wconf 89' lang='lat' dir='ltr'><strong>a</strong></span> <span class='ocrx_word' id='word_1_293' title='bbox 1509 2437 1756 2494; x_wconf 90' lang='lat' dir='ltr'><strong>diabolo</strong></span> <span class='ocrx_word' id='word_1_294' title='bbox 1808 2444 1913 2504; x_wconf 88' lang='lat' dir='ltr'><strong>est,</strong></span> <span class='ocrx_word' id='word_1_295' title='bbox 1963 2437 2274 2509; x_wconf 90' lang='lat' dir='ltr'><strong>quomodo</strong></span> 
     </span>
    </p>
   </div>
   <div class='ocr_carea' id='block_1_42' title="bbox 614 2525 2273 2599">
    <p class='ocr_par' dir='ltr' id='par_1_42' title="bbox 614 2525 2273 2599">
     <span class='ocr_line' id='line_1_42' title="bbox 614 2525 2273 2599; baseline -0.001 -17"><span class='ocrx_word' id='word_1_296' title='bbox 614 2526 812 2599; x_wconf 88' lang='lat' dir='ltr'><strong>ipsum</strong></span> <span class='ocrx_word' id='word_1_297' title='bbox 840 2525 934 2582; x_wconf 95' lang='lat' dir='ltr'><strong>lex</strong></span> <span class='ocrx_word' id='word_1_298' title='bbox 973 2530 1142 2582; x_wconf 90' lang='lat' dir='ltr'><strong>vetus</strong></span> <span class='ocrx_word' id='word_1_299' title='bbox 1177 2527 1550 2598; x_wconf 87' lang='lat' dir='ltr'><strong>permittebat</strong></span> <span class='ocrx_word' id='word_1_300' title='bbox 1579 2526 1607 2581; x_wconf 77' lang='lat' dir='ltr'><strong>‘l</strong></span> <span class='ocrx_word' id='word_1_301' title='bbox 1630 2527 1780 2594; x_wconf 84' lang='lat' dir='ltr'><strong>Quia</strong></span> <span class='ocrx_word' id='word_1_302' title='bbox 1827 2532 1884 2582; x_wconf 91' lang='lat' dir='ltr'><strong>et</strong></span> <span class='ocrx_word' id='word_1_303' title='bbox 1917 2526 2273 2582; x_wconf 90' lang='lat' dir='ltr'><strong>animalium</strong></span> 
     </span>
    </p>
   </div>
   <div class='ocr_carea' id='block_1_43' title="bbox 616 2614 2274 2688">
    <p class='ocr_par' dir='ltr' id='par_1_43' title="bbox 616 2614 2274 2688">
     <span class='ocr_line' id='line_1_43' title="bbox 616 2614 2274 2688; baseline -0.001 -17"><span class='ocrx_word' id='word_1_304' title='bbox 616 2614 909 2671; x_wconf 80' lang='lat' dir='ltr'><strong>sacriﬁcia</strong></span> <span class='ocrx_word' id='word_1_305' title='bbox 939 2631 974 2670; x_wconf 88' lang='lat' dir='ltr'><strong>a</strong></span> <span class='ocrx_word' id='word_1_306' title='bbox 1002 2615 1163 2670; x_wconf 86' lang='lat' dir='ltr'><strong>malo</strong></span> <span class='ocrx_word' id='word_1_307' title='bbox 1187 2615 1433 2688; x_wconf 89' lang='lat' dir='ltr'><strong>quidem</strong></span> <span class='ocrx_word' id='word_1_308' title='bbox 1454 2621 1624 2672; x_wconf 86' lang='lat' dir='ltr'><strong>erant</strong></span> <span class='ocrx_word' id='word_1_309' title='bbox 1652 2620 1708 2672; x_wconf 90' lang='lat' dir='ltr'><strong>et</strong></span> <span class='ocrx_word' id='word_1_310' title='bbox 1746 2615 2098 2687; x_wconf 88' lang='lat' dir='ltr'><strong>deceptione</strong></span> <span class='ocrx_word' id='word_1_311' title='bbox 2138 2614 2274 2670; x_wconf 91' lang='lat' dir='ltr'><strong>ido-</strong></span> 
     </span>
    </p>
   </div>
   <div class='ocr_carea' id='block_1_44' title="bbox 615 2702 2274 2777">
    <p class='ocr_par' dir='ltr' id='par_1_44' title="bbox 615 2702 2274 2777">
     <span class='ocr_line' id='line_1_44' title="bbox 615 2702 2274 2777; baseline 0 -17"><span class='ocrx_word' id='word_1_312' title='bbox 615 2703 833 2770; x_wconf 89' lang='lat' dir='ltr'><strong>lorum,</strong></span> <span class='ocrx_word' id='word_1_313' title='bbox 876 2719 947 2759; x_wconf 89' lang='lat' dir='ltr'><strong>ea</strong></span> <span class='ocrx_word' id='word_1_314' title='bbox 1001 2709 1197 2760; x_wconf 87' lang='lat' dir='ltr'><strong>tamen</strong></span> <span class='ocrx_word' id='word_1_315' title='bbox 1255 2705 1524 2776; x_wconf 87' lang='lat' dir='ltr'><strong>permisit</strong></span> <span class='ocrx_word' id='word_1_316' title='bbox 1570 2705 1663 2761; x_wconf 86' lang='lat' dir='ltr'><strong>lex</strong></span> <span class='ocrx_word' id='word_1_317' title='bbox 1708 2710 1956 2777; x_wconf 81' lang='lat' dir='ltr'><strong>propter</strong></span> <span class='ocrx_word' id='word_1_318' title='bbox 2009 2702 2274 2760; x_wconf 66' lang='lat' dir='ltr'><strong>Hebraeo-</strong></span> 
     </span>
    </p>
   </div>
   <div class='ocr_carea' id='block_1_45' title="bbox 616 2791 2273 2863">
    <p class='ocr_par' dir='ltr' id='par_1_45' title="bbox 616 2791 2273 2863">
     <span class='ocr_line' id='line_1_45' title="bbox 616 2791 2273 2863; baseline 0 -15"><span class='ocrx_word' id='word_1_319' title='bbox 616 2808 752 2848; x_wconf 90' lang='lat' dir='ltr'><strong>rum</strong></span> <span class='ocrx_word' id='word_1_320' title='bbox 775 2791 1194 2848; x_wconf 84' lang='lat' dir='ltr'><strong>inﬁrmitatem.</strong></span> <span class='ocrx_word' id='word_1_321' title='bbox 1240 2794 1386 2849; x_wconf 91' lang='lat' dir='ltr'><strong>Cum</strong></span> <span class='ocrx_word' id='word_1_322' title='bbox 1413 2795 1572 2850; x_wconf 89' lang='lat' dir='ltr'><strong>enim</strong></span> <span class='ocrx_word' id='word_1_323' title='bbox 1631 2794 1908 2863; x_wconf 88' lang='lat' dir='ltr'><strong>glutones</strong></span> <span class='ocrx_word' id='word_1_324' title='bbox 1957 2799 2158 2848; x_wconf 85' lang='lat' dir='ltr'><strong>essent</strong></span> <span class='ocrx_word' id='word_1_325' title='bbox 2202 2806 2273 2848; x_wconf 83' lang='lat' dir='ltr'><strong>ac</strong></span> 
     </span>
    </p>
   </div>
   <div class='ocr_carea' id='block_1_46' title="bbox 615 2880 2272 2954">
    <p class='ocr_par' dir='ltr' id='par_1_46' title="bbox 615 2880 2272 2954">
     <span class='ocr_line' id='line_1_46' title="bbox 615 2880 2272 2954; baseline -0.001 -16"><span class='ocrx_word' id='word_1_326' title='bbox 615 2881 894 2938; x_wconf 90' lang='lat' dir='ltr'><strong>lurcones</strong></span> <span class='ocrx_word' id='word_1_327' title='bbox 941 2880 1044 2953; x_wconf 77' lang='grc' dir='ltr'><strong>(ὁ),</strong></span> <span class='ocrx_word' id='word_1_328' title='bbox 1095 2882 1419 2954; x_wconf 87' lang='lat' dir='ltr'><strong>idolothyta</strong></span> <span class='ocrx_word' id='word_1_329' title='bbox 1467 2882 1758 2939; x_wconf 85' lang='lat' dir='ltr'><strong>amabant.</strong></span> <span class='ocrx_word' id='word_1_330' title='bbox 1821 2884 1884 2937; x_wconf 87' lang='lat' dir='ltr'><strong>Et</strong></span> <span class='ocrx_word' id='word_1_331' title='bbox 1949 2881 2087 2937; x_wconf 87' lang='lat' dir='ltr'><strong>item</strong></span> <span class='ocrx_word' id='word_1_332' title='bbox 2132 2897 2272 2937; x_wconf 90' lang='lat' dir='ltr'><strong>cum</strong></span> 
     </span>
    </p>
   </div>
   <div class='ocr_carea' id='block_1_47' title="bbox 615 2969 2267 3042">
    <p class='ocr_par' dir='ltr' id='par_1_47' title="bbox 615 2969 2267 3042">
     <span class='ocr_line' id='line_1_47' title="bbox 615 2969 2267 3042; baseline -0.001 -16"><span class='ocrx_word' id='word_1_333' title='bbox 615 2974 814 3026; x_wconf 89' lang='lat' dir='ltr'><strong>essent</strong></span> <span class='ocrx_word' id='word_1_334' title='bbox 841 2969 1145 3039; x_wconf 86' lang='lat' dir='ltr'><strong>increduli,</strong></span> <span class='ocrx_word' id='word_1_335' title='bbox 1189 2972 1601 3042; x_wconf 87' lang='lat' dir='ltr'><strong>juramentum</strong></span> <span class='ocrx_word' id='word_1_336' title='bbox 1640 2985 1879 3042; x_wconf 91' lang='lat' dir='ltr'><strong>quoque</strong></span> <span class='ocrx_word' id='word_1_337' title='bbox 1919 2969 2267 3038; x_wconf 78' lang='lat' dir='ltr'><strong>diligebant.</strong></span> 
     </span>
    </p>
   </div>
   <div class='ocr_carea' id='block_1_48' title="bbox 620 3058 2267 3132">
    <p class='ocr_par' dir='ltr' id='par_1_48' title="bbox 620 3058 2267 3132">
     <span class='ocr_line' id='line_1_48' title="bbox 620 3058 2267 3132; baseline -0.001 -17"><span class='ocrx_word' id='word_1_338' title='bbox 620 3061 691 3116; x_wconf 92' lang='lat' dir='ltr'><strong>Ut</strong></span> <span class='ocrx_word' id='word_1_339' title='bbox 753 3066 950 3115; x_wconf 90' lang='lat' dir='ltr'><strong>autem</strong></span> <span class='ocrx_word' id='word_1_340' title='bbox 1020 3060 1302 3132; x_wconf 87' lang='lat' dir='ltr'><strong>deinceps</strong></span> <span class='ocrx_word' id='word_1_341' title='bbox 1365 3075 1561 3131; x_wconf 90' lang='lat' dir='ltr'><strong>neque</strong></span> <span class='ocrx_word' id='word_1_342' title='bbox 1619 3059 1789 3114; x_wconf 90' lang='lat' dir='ltr'><strong>idolis</strong></span> <span class='ocrx_word' id='word_1_343' title='bbox 1846 3058 2267 3129; x_wconf 85' lang='lat' dir='ltr'><strong>sacriﬁcarent,</strong></span> 
     </span>
    </p>
   </div>
   <div class='ocr_carea' id='block_1_49' title="bbox 2453 1990 4003 2066">
    <p class='ocr_par' dir='ltr' id='par_1_49' title="bbox 2453 1990 4003 2066">
     <span class='ocr_line' id='line_1_49' title="bbox 2453 1990 4003 2066; baseline 0 -20"><span class='ocrx_word' id='word_1_344' title='bbox 2453 1991 2628 2046; x_wconf 75' lang='grc' dir='ltr'>Ἔστω</span> <span class='ocrx_word' id='word_1_345' title='bbox 2664 2022 2733 2033; x_wconf 93' lang='lat'><strong>—</strong></span> <span class='ocrx_word' id='word_1_346' title='bbox 2776 1990 2938 2047; x_wconf 70' lang='grc' dir='ltr'>ἔστιν.</span> <span class='ocrx_word' id='word_1_347' title='bbox 2988 1991 3183 2059; x_wconf 78' lang='grc' dir='ltr'>Ἔστω,</span> <span class='ocrx_word' id='word_1_348' title='bbox 3235 1996 3416 2064; x_wconf 69' lang='grc' dir='ltr'>φησὶν,</span> <span class='ocrx_word' id='word_1_349' title='bbox 3460 1992 3488 2044; x_wconf 83' lang='grc' dir='ltr'><strong><em>ὁ</em></strong></span> <span class='ocrx_word' id='word_1_350' title='bbox 3541 1991 3694 2064; x_wconf 69' lang='grc' dir='ltr'>λόγος</span> <span class='ocrx_word' id='word_1_351' title='bbox 3747 1995 3922 2066; x_wconf 76' lang='grc' dir='ltr'>ὑμῶν,</span> <span class='ocrx_word' id='word_1_352' title='bbox 3974 1998 4003 2045; x_wconf 83' lang='grc' dir='ltr'><strong>ὀ</strong></span> 
     </span>
    </p>
   </div>
   <div class='ocr_carea' id='block_1_50' title="bbox 2385 2079 3993 2156">
    <p class='ocr_par' dir='ltr' id='par_1_50' title="bbox 2385 2079 3993 2156">
     <span class='ocr_line' id='line_1_50' title="bbox 2385 2079 3993 2156; baseline 0.001 -22"><span class='ocrx_word' id='word_1_353' title='bbox 2385 2080 2743 2154; x_wconf 76' lang='grc' dir='ltr'>βεϐαιωτικὸς,</span> <span class='ocrx_word' id='word_1_354' title='bbox 2787 2082 2870 2133; x_wconf 86' lang='grc' dir='ltr'><strong>ότε</strong></span> <span class='ocrx_word' id='word_1_355' title='bbox 2915 2083 3007 2153; x_wconf 70' lang='grc' dir='ltr'><strong>μεν</strong></span> <span class='ocrx_word' id='word_1_356' title='bbox 3055 2082 3420 2146; x_wconf 70' lang='grc' dir='ltr'>κατατίθεσθι,</span> <span class='ocrx_word' id='word_1_357' title='bbox 3465 2085 3550 2132; x_wconf 86' lang='grc' dir='ltr'><strong>ναί</strong></span> <span class='ocrx_word' id='word_1_358' title='bbox 3585 2097 3597 2111; x_wconf 72' lang='grc' dir='ltr'><strong>ο</strong></span> <span class='ocrx_word' id='word_1_359' title='bbox 3645 2083 3728 2135; x_wconf 83' lang='grc' dir='ltr'>ὅτε</span> <span class='ocrx_word' id='word_1_360' title='bbox 3782 2079 3844 2135; x_wconf 78' lang='grc' dir='ltr'><strong>δε</strong></span> <span class='ocrx_word' id='word_1_361' title='bbox 3897 2081 3993 2156; x_wconf 79' lang='grc' dir='ltr'><strong>ἀρο</strong></span> 
     </span>
    </p>
   </div>
   <div class='ocr_carea' id='block_1_51' title="bbox 2382 2167 3991 2242">
    <p class='ocr_par' dir='ltr' id='par_1_51' title="bbox 2382 2167 3991 2242">
     <span class='ocr_line' id='line_1_51' title="bbox 2382 2167 3991 2242; baseline 0.001 -20"><span class='ocrx_word' id='word_1_362' title='bbox 2382 2173 2571 2236; x_wconf 87' lang='grc' dir='ltr'>νεῖσθε,</span> <span class='ocrx_word' id='word_1_363' title='bbox 2626 2173 2706 2224; x_wconf 83' lang='grc' dir='ltr'>οῦ.</span> <span class='ocrx_word' id='word_1_364' title='bbox 2765 2174 2866 2222; x_wconf 73' lang='grc' dir='ltr'><strong>Καὶ</strong></span> <span class='ocrx_word' id='word_1_365' title='bbox 2922 2172 3126 2230; x_wconf 87' lang='grc' dir='ltr'>τούτοις</span> <span class='ocrx_word' id='word_1_366' title='bbox 3176 2174 3351 2241; x_wconf 90' lang='grc' dir='ltr'>μόνοις</span> <span class='ocrx_word' id='word_1_367' title='bbox 3423 2169 3494 2230; x_wconf 85' lang='grc' dir='ltr'>εἰς</span> <span class='ocrx_word' id='word_1_368' title='bbox 3531 2167 3816 2242; x_wconf 76' lang='grc' dir='ltr'>βεϐαίωσιν</span> <span class='ocrx_word' id='word_1_369' title='bbox 3871 2173 3991 2224; x_wconf 79' lang='grc' dir='ltr'>ἀντί</span> 
     </span>
    </p>
   </div>
   <div class='ocr_carea' id='block_1_52' title="bbox 2382 2255 3973 2334">
    <p class='ocr_par' dir='ltr' id='par_1_52' title="bbox 2382 2255 3973 2334">
     <span class='ocr_line' id='line_1_52' title="bbox 2382 2255 3973 2334; baseline -0.001 -22"><span class='ocrx_word' id='word_1_370' title='bbox 2382 2262 2546 2334; x_wconf 83' lang='grc' dir='ltr'>ὅρκων</span> <span class='ocrx_word' id='word_1_371' title='bbox 2576 2259 2873 2333; x_wconf 74' lang='grc' dir='ltr'>χρήσασθε,</span> <span class='ocrx_word' id='word_1_372' title='bbox 2921 2263 3007 2310; x_wconf 71' lang='grc' dir='ltr'>καὶ</span> <span class='ocrx_word' id='word_1_373' title='bbox 3061 2255 3228 2330; x_wconf 75' lang='grc' dir='ltr'>μηδεν</span> <span class='ocrx_word' id='word_1_374' title='bbox 3270 2257 3419 2311; x_wconf 69' lang='grc' dir='ltr'>πλέον</span> <span class='ocrx_word' id='word_1_375' title='bbox 3471 2265 3566 2311; x_wconf 86' lang='grc' dir='ltr'><strong>τοῦ</strong></span> <span class='ocrx_word' id='word_1_376' title='bbox 3611 2264 3696 2312; x_wconf 79' lang='grc' dir='ltr'>ναὶ</span> <span class='ocrx_word' id='word_1_377' title='bbox 3743 2264 3826 2311; x_wconf 77' lang='grc' dir='ltr'>καὶ</span> <span class='ocrx_word' id='word_1_378' title='bbox 3885 2263 3973 2315; x_wconf 82' lang='grc' dir='ltr'>οὗ,</span> 
     </span>
    </p>
   </div>
   <div class='ocr_carea' id='block_1_53' title="bbox 2385 2345 3969 2421">
    <p class='ocr_par' dir='ltr' id='par_1_53' title="bbox 2385 2345 3969 2421">
     <span class='ocr_line' id='line_1_53' title="bbox 2385 2345 3969 2421; baseline -0.004 -20"><span class='ocrx_word' id='word_1_379' title='bbox 2385 2350 2641 2421; x_wconf 86' lang='grc' dir='ltr'>Περισσὸν</span> <span class='ocrx_word' id='word_1_380' title='bbox 2685 2346 2744 2399; x_wconf 83' lang='lat' dir='ltr'><strong>6‘s</strong></span> <span class='ocrx_word' id='word_1_381' title='bbox 2792 2349 2986 2399; x_wconf 89' lang='grc' dir='ltr'>τούτων</span> <span class='ocrx_word' id='word_1_382' title='bbox 3043 2345 3178 2418; x_wconf 69' lang='grc' dir='ltr'>λέγει</span> <span class='ocrx_word' id='word_1_383' title='bbox 3214 2349 3299 2398; x_wconf 91' lang='grc' dir='ltr'><strong>τόν</strong></span> <span class='ocrx_word' id='word_1_384' title='bbox 3347 2347 3520 2419; x_wconf 88' lang='grc' dir='ltr'>όρκον.</span> <span class='ocrx_word' id='word_1_385' title='bbox 3573 2352 3673 2400; x_wconf 72' lang='grc' dir='ltr'><strong>Καὶ</strong></span> <span class='ocrx_word' id='word_1_386' title='bbox 3707 2348 3747 2401; x_wconf 80' lang='lat' dir='ltr'><strong>si</strong></span> <span class='ocrx_word' id='word_1_387' title='bbox 3791 2347 3840 2396; x_wconf 73' lang='grc' dir='ltr'>ἐκ</span> <span class='ocrx_word' id='word_1_388' title='bbox 3871 2353 3969 2396; x_wconf 78' lang='grc' dir='ltr'><strong>τοῦ</strong></span> 
     </span>
    </p>
   </div>
   <div class='ocr_carea' id='block_1_54' title="bbox 2385 2431 3961 2510">
    <p class='ocr_par' dir='ltr' id='par_1_54' title="bbox 2385 2431 3961 2510">
     <span class='ocr_line' id='line_1_54' title="bbox 2385 2431 3961 2510; baseline -0.004 -21"><span class='ocrx_word' id='word_1_389' title='bbox 2385 2434 2634 2490; x_wconf 76' lang='grc' dir='ltr'>διαϐόλου</span> <span class='ocrx_word' id='word_1_390' title='bbox 2667 2438 2808 2489; x_wconf 73' lang='grc' dir='ltr'>ἑστιν</span> <span class='ocrx_word' id='word_1_391' title='bbox 2852 2437 2878 2487; x_wconf 93' lang='lat'><strong>6</strong></span> <span class='ocrx_word' id='word_1_392' title='bbox 2927 2437 3101 2510; x_wconf 84' lang='grc' dir='ltr'>ὅρκος,</span> <span class='ocrx_word' id='word_1_393' title='bbox 3131 2445 3237 2495; x_wconf 86' lang='grc' dir='ltr'>πῶς</span> <span class='ocrx_word' id='word_1_394' title='bbox 3266 2436 3292 2487; x_wconf 90' lang='lat'><strong>6</strong></span> <span class='ocrx_word' id='word_1_395' title='bbox 3348 2434 3569 2496; x_wconf 88' lang='grc' dir='ltr'>παλαιός</span> <span class='ocrx_word' id='word_1_396' title='bbox 3619 2441 3758 2506; x_wconf 86' lang='grc' dir='ltr'>νόμος</span> <span class='ocrx_word' id='word_1_397' title='bbox 3804 2431 3961 2483; x_wconf 71' lang='grc' dir='ltr'>αὐτόν</span> 
     </span>
    </p>
   </div>
   <div class='ocr_carea' id='block_1_55' title="bbox 2382 2524 3973 2600">
    <p class='ocr_par' dir='ltr' id='par_1_55' title="bbox 2382 2524 3973 2600">
     <span class='ocr_line' id='line_1_55' title="bbox 2382 2524 3973 2600; baseline -0.004 -21"><span class='ocrx_word' id='word_1_398' title='bbox 2382 2525 2672 2600; x_wconf 68' lang='grc' dir='ltr'>ἐπίτρεψε;</span> <span class='ocrx_word' id='word_1_399' title='bbox 2723 2529 2865 2578; x_wconf 85' lang='grc' dir='ltr'>Διότι</span> <span class='ocrx_word' id='word_1_400' title='bbox 2913 2529 3003 2577; x_wconf 82' lang='grc' dir='ltr'>καὶ</span> <span class='ocrx_word' id='word_1_401' title='bbox 3060 2526 3116 2578; x_wconf 85' lang='grc' dir='ltr'><strong>άί</strong></span> <span class='ocrx_word' id='word_1_402' title='bbox 3169 2525 3460 2586; x_wconf 75' lang='grc' dir='ltr'>ζωοθυσίαι</span> <span class='ocrx_word' id='word_1_403' title='bbox 3513 2524 3567 2577; x_wconf 72' lang='grc' dir='ltr'>ἐκ</span> <span class='ocrx_word' id='word_1_404' title='bbox 3606 2531 3690 2576; x_wconf 88' lang='grc' dir='ltr'><strong>τοῦ</strong></span> <span class='ocrx_word' id='word_1_405' title='bbox 3743 2528 3973 2596; x_wconf 78' lang='grc' dir='ltr'>πονηροῦ</span> 
     </span>
    </p>
   </div>
   <div class='ocr_carea' id='block_1_56' title="bbox 2381 2610 3972 2688">
    <p class='ocr_par' dir='ltr' id='par_1_56' title="bbox 2381 2610 3972 2688">
     <span class='ocr_line' id='line_1_56' title="bbox 2381 2610 3972 2688; baseline -0.001 -22"><span class='ocrx_word' id='word_1_406' title='bbox 2381 2617 2472 2688; x_wconf 74' lang='grc' dir='ltr'>μὶν</span> <span class='ocrx_word' id='word_1_407' title='bbox 2527 2611 2683 2681; x_wconf 77' lang='grc' dir='ltr'>ἦσαν,</span> <span class='ocrx_word' id='word_1_408' title='bbox 2742 2619 2832 2666; x_wconf 79' lang='grc' dir='ltr'>καὶ</span> <span class='ocrx_word' id='word_1_409' title='bbox 2897 2622 2992 2677; x_wconf 82' lang='grc' dir='ltr'>τῆς</span> <span class='ocrx_word' id='word_1_410' title='bbox 3061 2610 3333 2675; x_wconf 73' lang='grc' dir='ltr'>ιίδωλικῆς</span> <span class='ocrx_word' id='word_1_411' title='bbox 3408 2612 3604 2676; x_wconf 87' lang='grc' dir='ltr'>πλάνης</span> <span class='ocrx_word' id='word_1_412' title='bbox 3669 2612 3972 2684; x_wconf 67' lang='grc' dir='ltr'>ίτύγχανον,</span> 
     </span>
    </p>
   </div>
   <div class='ocr_carea' id='block_1_57' title="bbox 2383 2699 3977 2776">
    <p class='ocr_par' dir='ltr' id='par_1_57' title="bbox 2383 2699 3977 2776">
     <span class='ocr_line' id='line_1_57' title="bbox 2383 2699 3977 2776; baseline -0.002 -20"><span class='ocrx_word' id='word_1_413' title='bbox 2383 2702 2625 2776; x_wconf 70' lang='grc' dir='ltr'>ἐπέτρεψε</span> <span class='ocrx_word' id='word_1_414' title='bbox 2651 2699 2711 2756; x_wconf 80' lang='grc' dir='ltr'><strong>δε</strong></span> <span class='ocrx_word' id='word_1_415' title='bbox 2752 2705 2891 2776; x_wconf 85' lang='grc' dir='ltr'>ὅμως</span> <span class='ocrx_word' id='word_1_416' title='bbox 2926 2702 3088 2764; x_wconf 83' lang='grc' dir='ltr'>αύτάς</span> <span class='ocrx_word' id='word_1_417' title='bbox 3128 2705 3153 2754; x_wconf 89' lang='grc' dir='ltr'><strong>ό</strong></span> <span class='ocrx_word' id='word_1_418' title='bbox 3203 2707 3357 2776; x_wconf 81' lang='grc' dir='ltr'>νόμός</span> <span class='ocrx_word' id='word_1_419' title='bbox 3389 2712 3698 2770; x_wconf 79' lang='grc' dir='ltr'>τηνικαῦτα,</span> <span class='ocrx_word' id='word_1_420' title='bbox 3749 2699 3840 2756; x_wconf 74' lang='grc' dir='ltr'>διὰ</span> <span class='ocrx_word' id='word_1_421' title='bbox 3883 2705 3977 2760; x_wconf 75' lang='grc' dir='ltr'>τήν</span> 
     </span>
    </p>
   </div>
   <div class='ocr_carea' id='block_1_58' title="bbox 2381 2791 3979 2868">
    <p class='ocr_par' dir='ltr' id='par_1_58' title="bbox 2381 2791 3979 2868">
     <span class='ocr_line' id='line_1_58' title="bbox 2381 2791 3979 2868; baseline -0.001 -23"><span class='ocrx_word' id='word_1_422' title='bbox 2381 2800 2480 2845; x_wconf 86' lang='grc' dir='ltr'>τῶν</span> <span class='ocrx_word' id='word_1_423' title='bbox 2517 2792 2766 2868; x_wconf 77' lang='grc' dir='ltr'>Ἐϐραίων</span> <span class='ocrx_word' id='word_1_424' title='bbox 2821 2792 3106 2858; x_wconf 76' lang='grc' dir='ltr'>ἀσθένειαν,</span> <span class='ocrx_word' id='word_1_425' title='bbox 3165 2797 3435 2864; x_wconf 74' lang='grc' dir='ltr'>οἰκονομίᾳ</span> <span class='ocrx_word' id='word_1_426' title='bbox 3488 2799 3646 2863; x_wconf 68' lang='grc' dir='ltr'>σοφῇ.</span> <span class='ocrx_word' id='word_1_427' title='bbox 3702 2791 3836 2845; x_wconf 76' lang='grc' dir='ltr'>ἐπεὶ</span> <span class='ocrx_word' id='word_1_428' title='bbox 3880 2793 3979 2864; x_wconf 72' lang='grc' dir='ltr'><strong>γὰρ</strong></span> 
     </span>
    </p>
   </div>
   <div class='ocr_carea' id='block_1_59' title="bbox 2380 2879 3979 2954">
    <p class='ocr_par' dir='ltr' id='par_1_59' title="bbox 2380 2879 3979 2954">
     <span class='ocr_line' id='line_1_59' title="bbox 2380 2879 3979 2954; baseline -0.002 -20"><span class='ocrx_word' id='word_1_429' title='bbox 2380 2881 2662 2954; x_wconf 76' lang='grc' dir='ltr'>λαίμαργοι</span> <span class='ocrx_word' id='word_1_430' title='bbox 2708 2885 2800 2953; x_wconf 72' lang='grc' dir='ltr'><strong>μεν</strong></span> <span class='ocrx_word' id='word_1_431' title='bbox 2847 2885 3008 2949; x_wconf 79' lang='grc' dir='ltr'>ὄντες,</span> <span class='ocrx_word' id='word_1_432' title='bbox 3041 2882 3258 2953; x_wconf 71' lang='grc' dir='ltr'>ἠγάπων</span> <span class='ocrx_word' id='word_1_433' title='bbox 3288 2885 3347 2934; x_wconf 90' lang='grc' dir='ltr'>τὸ</span> <span class='ocrx_word' id='word_1_434' title='bbox 3381 2881 3659 2942; x_wconf 78' lang='grc' dir='ltr'>ζωοθυτεῖν</span> <span class='ocrx_word' id='word_1_435' title='bbox 3695 2897 3710 2910; x_wconf 77' lang='grc'><em>”</em></span> <span class='ocrx_word' id='word_1_436' title='bbox 3759 2879 3979 2942; x_wconf 77' lang='grc' dir='ltr'>ἀπειθεῖς</span> 
     </span>
    </p>
   </div>
   <div class='ocr_carea' id='block_1_60' title="bbox 2382 2967 3981 3042">
    <p class='ocr_par' dir='ltr' id='par_1_60' title="bbox 2382 2967 3981 3042">
     <span class='ocr_line' id='line_1_60' title="bbox 2382 2967 3981 3042; baseline -0.002 -19"><span class='ocrx_word' id='word_1_437' title='bbox 2382 2967 2441 3023; x_wconf 70' lang='grc' dir='ltr'><strong>δε</strong></span> <span class='ocrx_word' id='word_1_438' title='bbox 2494 2972 2855 3042; x_wconf 73' lang='grc' dir='ltr'>τυγχάνοντες,</span> <span class='ocrx_word' id='word_1_439' title='bbox 2888 2969 3092 3042; x_wconf 71' lang='grc' dir='ltr'>ίφίλουν</span> <span class='ocrx_word' id='word_1_440' title='bbox 3136 2974 3226 3022; x_wconf 88' lang='grc' dir='ltr'>τὸν</span> <span class='ocrx_word' id='word_1_441' title='bbox 3274 2972 3446 3042; x_wconf 80' lang='grc' dir='ltr'>ὅρκον,</span> <span class='ocrx_word' id='word_1_442' title='bbox 3495 2972 3578 3021; x_wconf 80' lang='grc' dir='ltr'>ἳνα</span> <span class='ocrx_word' id='word_1_443' title='bbox 3629 2968 3808 3021; x_wconf 87' lang='grc' dir='ltr'>λοιπόν</span> <span class='ocrx_word' id='word_1_444' title='bbox 3855 2973 3981 3040; x_wconf 79' lang='grc' dir='ltr'>μήτε</span> 
     </span>
    </p>
   </div>
   <div class='ocr_carea' id='block_1_61' title="bbox 2377 3054 3978 3131">
    <p class='ocr_par' dir='ltr' id='par_1_61' title="bbox 2377 3054 3978 3131">
     <span class='ocr_line' id='line_1_61' title="bbox 2377 3054 3978 3131; baseline -0.002 -19"><span class='ocrx_word' id='word_1_445' title='bbox 2377 3067 2484 3120; x_wconf 88' lang='grc' dir='ltr'>τοῖς</span> <span class='ocrx_word' id='word_1_446' title='bbox 2536 3056 2772 3119; x_wconf 81' lang='grc' dir='ltr'>εἰδώλοις</span> <span class='ocrx_word' id='word_1_447' title='bbox 2830 3060 3018 3126; x_wconf 91' lang='grc' dir='ltr'>θύωσι,</span> <span class='ocrx_word' id='word_1_448' title='bbox 3075 3065 3208 3131; x_wconf 78' lang='grc' dir='ltr'>μήτε</span> <span class='ocrx_word' id='word_1_449' title='bbox 3258 3061 3396 3111; x_wconf 87' lang='grc' dir='ltr'><strong>κατά</strong></span> <span class='ocrx_word' id='word_1_450' title='bbox 3445 3054 3670 3114; x_wconf 77' lang='grc' dir='ltr'>εἰδώλων</span> <span class='ocrx_word' id='word_1_451' title='bbox 3728 3057 3978 3129; x_wconf 78' lang='grc' dir='ltr'>ὀμνύωσι,</span> 
     </span>
    </p>
   </div>
   <div class='ocr_carea' id='block_1_62' title="bbox 615 3145 2274 3234">
    <p class='ocr_par' dir='ltr' id='par_1_62' title="bbox 615 3147 2272 3221">
     <span class='ocr_line' id='line_1_62' title="bbox 615 3147 2272 3221; baseline -0.002 -16"><span class='ocrx_word' id='word_1_452' title='bbox 615 3163 810 3221; x_wconf 88' lang='lat' dir='ltr'><strong>neque</strong></span> <span class='ocrx_word' id='word_1_453' title='bbox 866 3164 972 3221; x_wconf 90' lang='lat' dir='ltr'><strong>per</strong></span> <span class='ocrx_word' id='word_1_454' title='bbox 1017 3148 1178 3205; x_wconf 92' lang='lat' dir='ltr'><strong>idola</strong></span> <span class='ocrx_word' id='word_1_455' title='bbox 1234 3150 1524 3220; x_wconf 85' lang='lat' dir='ltr'><strong>jurarent,</strong></span> <span class='ocrx_word' id='word_1_456' title='bbox 1577 3147 1847 3216; x_wconf 88' lang='lat' dir='ltr'><strong>permisit</strong></span> <span class='ocrx_word' id='word_1_457' title='bbox 1889 3147 2134 3220; x_wconf 89' lang='lat' dir='ltr'><strong>quidem</strong></span> <span class='ocrx_word' id='word_1_458' title='bbox 2184 3147 2272 3202; x_wconf 80' lang='lat' dir='ltr'><strong>lex</strong></span> 
     </span>
    </p>
   </div>
   <div class='ocr_carea' id='block_1_63' title="bbox 2385 3145 3979 3234">
    <p class='ocr_par' dir='ltr' id='par_1_63' title="bbox 2385 3145 3979 3221">
     <span class='ocr_line' id='line_1_63' title="bbox 2385 3145 3979 3221; baseline -0.003 -20"><span class='ocrx_word' id='word_1_459' title='bbox 2385 3153 2724 3221; x_wconf 78' lang='grc' dir='ltr'>συνεχώρησε</span> <span class='ocrx_word' id='word_1_460' title='bbox 2772 3150 2863 3220; x_wconf 68' lang='grc' dir='ltr'><strong>μεν</strong></span> <span class='ocrx_word' id='word_1_461' title='bbox 2910 3151 3000 3200; x_wconf 77' lang='grc' dir='ltr'>καὶ</span> <span class='ocrx_word' id='word_1_462' title='bbox 3050 3150 3110 3200; x_wconf 87' lang='grc' dir='ltr'><strong>τό</strong></span> <span class='ocrx_word' id='word_1_463' title='bbox 3165 3149 3323 3214; x_wconf 85' lang='grc' dir='ltr'>θύειν,</span> <span class='ocrx_word' id='word_1_464' title='bbox 3376 3152 3466 3200; x_wconf 77' lang='grc' dir='ltr'>καὶ</span> <span class='ocrx_word' id='word_1_465' title='bbox 3525 3150 3584 3199; x_wconf 82' lang='grc' dir='ltr'><strong>τό</strong></span> <span class='ocrx_word' id='word_1_466' title='bbox 3613 3145 3838 3219; x_wconf 81' lang='grc' dir='ltr'>ὀμνύειν,</span> <span class='ocrx_word' id='word_1_467' title='bbox 3895 3148 3979 3197; x_wconf 86' lang='grc' dir='ltr'>καὶ</span> 
     </span>
    </p>
   </div>
   <div class='ocr_carea' id='block_1_64' title="bbox 615 3236 2266 3310">
    <p class='ocr_par' dir='ltr' id='par_1_64' title="bbox 615 3236 2266 3310">
     <span class='ocr_line' id='line_1_64' title="bbox 615 3236 2266 3310; baseline 0.001 -15"><span class='ocrx_word' id='word_1_468' title='bbox 615 3238 947 3295; x_wconf 86' lang='lat' dir='ltr'><strong>sacriﬁcare</strong></span> <span class='ocrx_word' id='word_1_469' title='bbox 977 3253 1048 3295; x_wconf 90' lang='lat' dir='ltr'><strong>ac</strong></span> <span class='ocrx_word' id='word_1_470' title='bbox 1091 3239 1312 3310; x_wconf 84' lang='lat' dir='ltr'><strong>jurare,</strong></span> <span class='ocrx_word' id='word_1_471' title='bbox 1347 3240 1403 3292; x_wconf 90' lang='lat' dir='ltr'><strong>et</strong></span> <span class='ocrx_word' id='word_1_472' title='bbox 1431 3237 1478 3291; x_wconf 90' lang='lat' dir='ltr'><strong>si</strong></span> <span class='ocrx_word' id='word_1_473' title='bbox 1525 3237 1670 3310; x_wconf 89' lang='lat' dir='ltr'><strong>quid</strong></span> <span class='ocrx_word' id='word_1_474' title='bbox 1702 3236 1868 3292; x_wconf 88' lang='lat' dir='ltr'><strong>aliud</strong></span> <span class='ocrx_word' id='word_1_475' title='bbox 1926 3242 2012 3293; x_wconf 90' lang='lat' dir='ltr'><strong>est</strong></span> <span class='ocrx_word' id='word_1_476' title='bbox 2041 3236 2225 3292; x_wconf 88' lang='lat' dir='ltr'><strong>simile</strong></span> <span class='ocrx_word' id='word_1_477' title='bbox 2254 3255 2266 3296; x_wconf 93' lang='lat'>:</span> 
     </span>
    </p>
   </div>
   <div class='ocr_carea' id='block_1_65' title="bbox 615 3325 2273 3384">
    <p class='ocr_par' dir='ltr' id='par_1_65' title="bbox 615 3325 2273 3384">
     <span class='ocr_line' id='line_1_65' title="bbox 615 3325 2273 3384; baseline -0.001 0"><span class='ocrx_word' id='word_1_478' title='bbox 615 3327 820 3384; x_wconf 90' lang='lat' dir='ltr'><strong>omnia</strong></span> <span class='ocrx_word' id='word_1_479' title='bbox 849 3343 988 3384; x_wconf 88' lang='lat' dir='ltr'><strong>vero</strong></span> <span class='ocrx_word' id='word_1_480' title='bbox 1041 3327 1118 3383; x_wconf 90' lang='lat' dir='ltr'><strong>ad</strong></span> <span class='ocrx_word' id='word_1_481' title='bbox 1166 3326 1348 3382; x_wconf 89' lang='lat' dir='ltr'><strong>Deum</strong></span> <span class='ocrx_word' id='word_1_482' title='bbox 1385 3325 1694 3382; x_wconf 89' lang='lat' dir='ltr'><strong>transtulit.</strong></span> <span class='ocrx_word' id='word_1_483' title='bbox 1741 3327 2029 3382; x_wconf 84' lang='lat' dir='ltr'><strong>Futurum</strong></span> <span class='ocrx_word' id='word_1_484' title='bbox 2073 3331 2273 3382; x_wconf 86' lang='lat' dir='ltr'><strong>autem</strong></span> 
     </span>
    </p>
   </div>
   <div class='ocr_carea' id='block_1_66' title="bbox 615 3415 2275 3486">
    <p class='ocr_par' dir='ltr' id='par_1_66' title="bbox 615 3415 2275 3486">
     <span class='ocr_line' id='line_1_66' title="bbox 615 3415 2275 3486; baseline -0.001 -13"><span class='ocrx_word' id='word_1_485' title='bbox 615 3422 742 3473; x_wconf 90' lang='lat' dir='ltr'><strong>erat</strong></span> <span class='ocrx_word' id='word_1_486' title='bbox 780 3421 844 3472; x_wconf 89' lang='lat' dir='ltr'><strong>ut</strong></span> <span class='ocrx_word' id='word_1_487' title='bbox 881 3432 1162 3472; x_wconf 88' lang='lat' dir='ltr'><strong>successu</strong></span> <span class='ocrx_word' id='word_1_488' title='bbox 1216 3415 1502 3486; x_wconf 87' lang='lat' dir='ltr'><strong>temporis</strong></span> <span class='ocrx_word' id='word_1_489' title='bbox 1549 3415 1725 3472; x_wconf 88' lang='lat' dir='ltr'><strong>etiam</strong></span> <span class='ocrx_word' id='word_1_490' title='bbox 1761 3415 1886 3472; x_wconf 69' lang='lat' dir='ltr'><strong>hzec</strong></span> <span class='ocrx_word' id='word_1_491' title='bbox 1937 3415 2275 3472; x_wconf 87' lang='lat' dir='ltr'><strong>sublimiori</strong></span> 
     </span>
    </p>
   </div>
   <div class='ocr_carea' id='block_1_67' title="bbox 613 3503 2275 3577">
    <p class='ocr_par' dir='ltr' id='par_1_67' title="bbox 613 3503 2275 3577">
     <span class='ocr_line' id='line_1_67' title="bbox 613 3503 2275 3577; baseline -0.002 -15"><span class='ocrx_word' id='word_1_492' title='bbox 613 3505 982 3577; x_wconf 87' lang='lat' dir='ltr'><strong>legislatione</strong></span> <span class='ocrx_word' id='word_1_493' title='bbox 1014 3508 1371 3576; x_wconf 88' lang='lat' dir='ltr'><strong>amputaret.</strong></span> <span class='ocrx_word' id='word_1_494' title='bbox 1416 3506 1562 3570; x_wconf 87' lang='lat' dir='ltr'><strong>Quia</strong></span> <span class='ocrx_word' id='word_1_495' title='bbox 1598 3509 1654 3560; x_wconf 91' lang='lat' dir='ltr'><strong>et</strong></span> <span class='ocrx_word' id='word_1_496' title='bbox 1684 3504 1896 3561; x_wconf 88' lang='lat' dir='ltr'><strong>lactere</strong></span> <span class='ocrx_word' id='word_1_497' title='bbox 1943 3503 2275 3559; x_wconf 82' lang='lat' dir='ltr'><strong>infantibus</strong></span> 
     </span>
    </p>
   </div>
   <div class='ocr_carea' id='block_1_68' title="bbox 615 3591 2278 3667">
    <p class='ocr_par' dir='ltr' id='par_1_68' title="bbox 615 3591 2278 3667">
     <span class='ocr_line' id='line_1_68' title="bbox 615 3591 2278 3667; baseline -0.003 -16"><span class='ocrx_word' id='word_1_498' title='bbox 615 3593 860 3667; x_wconf 89' lang='lat' dir='ltr'><strong>quidem</strong></span> <span class='ocrx_word' id='word_1_499' title='bbox 877 3593 1012 3649; x_wconf 88' lang='lat' dir='ltr'><strong>utile</strong></span> <span class='ocrx_word' id='word_1_500' title='bbox 1026 3597 1132 3658; x_wconf 89' lang='lat' dir='ltr'><strong>est,</strong></span> <span class='ocrx_word' id='word_1_501' title='bbox 1148 3591 1284 3646; x_wconf 86' lang='lat' dir='ltr'><strong>viris</strong></span> <span class='ocrx_word' id='word_1_502' title='bbox 1297 3596 1497 3648; x_wconf 90' lang='lat' dir='ltr'><strong>autem</strong></span> <span class='ocrx_word' id='word_1_503' title='bbox 1513 3592 1845 3648; x_wconf 90' lang='lat' dir='ltr'><strong>admodum</strong></span> <span class='ocrx_word' id='word_1_504' title='bbox 1879 3594 2173 3664; x_wconf 87' lang='lat' dir='ltr'><strong>ineptum:</strong></span> <span class='ocrx_word' id='word_1_505' title='bbox 2193 3591 2278 3647; x_wconf 87' lang='lat' dir='ltr'><strong>id-</strong></span> 
     </span>
    </p>
   </div>
   <div class='ocr_carea' id='block_1_69' title="bbox 616 3682 2275 3758">
    <p class='ocr_par' dir='ltr' id='par_1_69' title="bbox 616 3682 2275 3758">
     <span class='ocr_line' id='line_1_69' title="bbox 616 3682 2275 3758; baseline -0.002 -18"><span class='ocrx_word' id='word_1_506' title='bbox 616 3700 806 3758; x_wconf 90' lang='lat' dir='ltr'><strong>eoque</strong></span> <span class='ocrx_word' id='word_1_507' title='bbox 819 3683 1129 3740; x_wconf 82' lang='lat' dir='ltr'><strong>infantium</strong></span> <span class='ocrx_word' id='word_1_508' title='bbox 1144 3698 1300 3738; x_wconf 89' lang='lat' dir='ltr'><strong>more</strong></span> <span class='ocrx_word' id='word_1_509' title='bbox 1315 3683 1647 3739; x_wconf 88' lang='lat' dir='ltr'><strong>viventibus</strong></span> <span class='ocrx_word' id='word_1_510' title='bbox 1663 3684 1739 3754; x_wconf 87' lang='lat' dir='ltr'><strong>(c)</strong></span> <span class='ocrx_word' id='word_1_511' title='bbox 1753 3683 1865 3739; x_wconf 90' lang='lat' dir='ltr'><strong>hoc</strong></span> <span class='ocrx_word' id='word_1_512' title='bbox 1878 3682 2275 3749; x_wconf 87' lang='lat' dir='ltr'><strong>concedimus;</strong></span> 
     </span>
    </p>
   </div>
   <div class='ocr_carea' id='block_1_70' title="bbox 618 3771 2275 3844">
    <p class='ocr_par' dir='ltr' id='par_1_70' title="bbox 618 3771 2275 3844">
     <span class='ocr_line' id='line_1_70' title="bbox 618 3771 2275 3844; baseline 0 -15"><span class='ocrx_word' id='word_1_513' title='bbox 618 3774 814 3830; x_wconf 90' lang='lat' dir='ltr'><strong>viriles</strong></span> <span class='ocrx_word' id='word_1_514' title='bbox 868 3787 1008 3828; x_wconf 91' lang='lat' dir='ltr'><strong>vero</strong></span> <span class='ocrx_word' id='word_1_515' title='bbox 1051 3771 1130 3826; x_wconf 90' lang='lat' dir='ltr'><strong>ab</strong></span> <span class='ocrx_word' id='word_1_516' title='bbox 1191 3787 1262 3827; x_wconf 93' lang='lat' dir='ltr'><strong>eo</strong></span> <span class='ocrx_word' id='word_1_517' title='bbox 1331 3771 1692 3828; x_wconf 90' lang='lat' dir='ltr'><strong>abducimus</strong></span> <span class='ocrx_word' id='word_1_518' title='bbox 1747 3788 1816 3828; x_wconf 90' lang='lat' dir='ltr'><strong>ac</strong></span> <span class='ocrx_word' id='word_1_519' title='bbox 1864 3771 2275 3844; x_wconf 78' lang='lat' dir='ltr'><strong>prohibemus.</strong></span> 
     </span>
    </p>
   </div>
   <div class='ocr_carea' id='block_1_71' title="bbox 618 3859 2274 3935">
    <p class='ocr_par' dir='ltr' id='par_1_71' title="bbox 618 3859 2274 3935">
     <span class='ocr_line' id='line_1_71' title="bbox 618 3859 2274 3935; baseline -0.001 -15"><span class='ocrx_word' id='word_1_520' title='bbox 618 3864 764 3930; x_wconf 89' lang='lat' dir='ltr'><strong>Quid</strong></span> <span class='ocrx_word' id='word_1_521' title='bbox 785 3861 966 3933; x_wconf 78' lang='lat' dir='ltr'><strong>igitur</strong></span> <span class='ocrx_word' id='word_1_522' title='bbox 991 3859 1312 3930; x_wconf 89' lang='lat' dir='ltr'><strong>agendum,</strong></span> <span class='ocrx_word' id='word_1_523' title='bbox 1339 3861 1387 3916; x_wconf 92' lang='lat' dir='ltr'><strong>si</strong></span> <span class='ocrx_word' id='word_1_524' title='bbox 1427 3861 1555 3932; x_wconf 88' lang='lat' dir='ltr'><strong>quis</strong></span> <span class='ocrx_word' id='word_1_525' title='bbox 1575 3861 1984 3932; x_wconf 87' lang='lat' dir='ltr'><strong>juramentum</strong></span> <span class='ocrx_word' id='word_1_526' title='bbox 2017 3867 2274 3935; x_wconf 82' lang='lat' dir='ltr'><strong>expetat,</strong></span> 
     </span>
    </p>
   </div>
   <div class='ocr_carea' id='block_1_72' title="bbox 617 3948 2273 4022">
    <p class='ocr_par' dir='ltr' id='par_1_72' title="bbox 617 3948 2273 4022">
     <span class='ocr_line' id='line_1_72' title="bbox 617 3948 2273 4022; baseline -0.002 -11"><span class='ocrx_word' id='word_1_527' title='bbox 617 3955 742 4011; x_wconf 92' lang='lat' dir='ltr'><strong>imo</strong></span> <span class='ocrx_word' id='word_1_528' title='bbox 766 3952 969 4022; x_wconf 87' lang='lat' dir='ltr'><strong>jurare</strong></span> <span class='ocrx_word' id='word_1_529' title='bbox 1015 3953 1192 4018; x_wconf 81' lang='lat' dir='ltr'><strong>cogat</strong></span> <span class='ocrx_word' id='word_1_530' title='bbox 1230 3950 1259 4005; x_wconf 85' lang='lat'><strong>?</strong></span> <span class='ocrx_word' id='word_1_531' title='bbox 1290 3948 1371 4006; x_wconf 91' lang='lat' dir='ltr'><strong>Sit</strong></span> <span class='ocrx_word' id='word_1_532' title='bbox 1399 3949 1502 4005; x_wconf 90' lang='lat' dir='ltr'><strong>tibi</strong></span> <span class='ocrx_word' id='word_1_533' title='bbox 1561 3951 1661 4006; x_wconf 91' lang='lat' dir='ltr'><strong>Dei</strong></span> <span class='ocrx_word' id='word_1_534' title='bbox 1727 3951 1905 4007; x_wconf 92' lang='lat' dir='ltr'><strong>timor</strong></span> <span class='ocrx_word' id='word_1_535' title='bbox 1941 3951 2273 4018; x_wconf 88' lang='lat' dir='ltr'><strong>violentior,</strong></span> 
     </span>
    </p>
   </div>
   <div class='ocr_carea' id='block_1_73' title="bbox 617 4038 2274 4114">
    <p class='ocr_par' dir='ltr' id='par_1_73' title="bbox 617 4038 2274 4114">
     <span class='ocr_line' id='line_1_73' title="bbox 617 4038 2274 4114; baseline 0 -18"><span class='ocrx_word' id='word_1_536' title='bbox 617 4055 806 4114; x_wconf 87' lang='lat' dir='ltr'><strong>quam</strong></span> <span class='ocrx_word' id='word_1_537' title='bbox 824 4038 952 4093; x_wconf 58' lang='lat' dir='ltr'><strong>haec</strong></span> <span class='ocrx_word' id='word_1_538' title='bbox 981 4038 1338 4105; x_wconf 88' lang='lat' dir='ltr'><strong>necessitas;</strong></span> <span class='ocrx_word' id='word_1_539' title='bbox 1367 4038 1686 4112; x_wconf 88' lang='lat' dir='ltr'><strong>omniaque</strong></span> <span class='ocrx_word' id='word_1_540' title='bbox 1714 4041 1834 4112; x_wconf 88' lang='lat' dir='ltr'><strong>pati</strong></span> <span class='ocrx_word' id='word_1_541' title='bbox 1859 4039 2274 4112; x_wconf 88' lang='lat' dir='ltr'><strong>eligaspotius,</strong></span> 
     </span>
    </p>
   </div>
   <div class='ocr_carea' id='block_1_74' title="bbox 618 4127 2276 4202">
    <p class='ocr_par' dir='ltr' id='par_1_74' title="bbox 618 4127 2276 4202">
     <span class='ocr_line' id='line_1_74' title="bbox 618 4127 2276 4202; baseline 0.001 -18"><span class='ocrx_word' id='word_1_542' title='bbox 618 4143 807 4202; x_wconf 90' lang='lat' dir='ltr'><strong>quam</strong></span> <span class='ocrx_word' id='word_1_543' title='bbox 851 4130 1216 4197; x_wconf 65' lang='lat' dir='ltr'><strong>praeceptum</strong></span> <span class='ocrx_word' id='word_1_544' title='bbox 1270 4127 1628 4198; x_wconf 88' lang='lat' dir='ltr'><strong>transgredi.</strong></span> <span class='ocrx_word' id='word_1_545' title='bbox 1687 4131 1745 4184; x_wconf 88' lang='lat' dir='ltr'><strong>In</strong></span> <span class='ocrx_word' id='word_1_546' title='bbox 1778 4129 1943 4186; x_wconf 88' lang='lat' dir='ltr'><strong>omni</strong></span> <span class='ocrx_word' id='word_1_547' title='bbox 1977 4129 2276 4202; x_wconf 87' lang='lat' dir='ltr'><strong>siquidem</strong></span> 
     </span>
    </p>
   </div>
   <div class='ocr_carea' id='block_1_75' title="bbox 619 4213 2278 4291">
    <p class='ocr_par' dir='ltr' id='par_1_75' title="bbox 619 4213 2278 4291">
     <span class='ocr_line' id='line_1_75' title="bbox 619 4213 2278 4291; baseline 0 -19"><span class='ocrx_word' id='word_1_548' title='bbox 619 4219 922 4291; x_wconf 61' lang='lat' dir='ltr'><strong>praecepto</strong></span> <span class='ocrx_word' id='word_1_549' title='bbox 950 4213 1041 4270; x_wconf 89' lang='lat' dir='ltr'><strong>vis</strong></span> <span class='ocrx_word' id='word_1_550' title='bbox 1067 4230 1135 4272; x_wconf 89' lang='lat' dir='ltr'><strong>ac</strong></span> <span class='ocrx_word' id='word_1_551' title='bbox 1176 4215 1502 4274; x_wconf 91' lang='lat' dir='ltr'><strong>violentum</strong></span> <span class='ocrx_word' id='word_1_552' title='bbox 1545 4217 1876 4288; x_wconf 90' lang='lat' dir='ltr'><strong>periculum</strong></span> <span class='ocrx_word' id='word_1_553' title='bbox 1917 4217 2024 4274; x_wconf 92' lang='lat' dir='ltr'><strong>tibi</strong></span> <span class='ocrx_word' id='word_1_554' title='bbox 2056 4217 2278 4289; x_wconf 65' lang='lat' dir='ltr'><strong>sapius</strong></span> 
     </span>
    </p>
   </div>
   <div class='ocr_carea' id='block_1_76' title="bbox 621 4304 2278 4378">
    <p class='ocr_par' dir='ltr' id='par_1_76' title="bbox 621 4304 2278 4378">
     <span class='ocr_line' id='line_1_76' title="bbox 621 4304 2278 4378; baseline -0.001 -18"><span class='ocrx_word' id='word_1_555' title='bbox 621 4313 890 4366; x_wconf 88' lang='lat' dir='ltr'><strong>occurret</strong></span> <span class='ocrx_word' id='word_1_556' title='bbox 920 4321 936 4365; x_wconf 92' lang='lat'><strong>:</strong></span> <span class='ocrx_word' id='word_1_557' title='bbox 968 4308 1025 4359; x_wconf 87' lang='lat' dir='ltr'><strong>et</strong></span> <span class='ocrx_word' id='word_1_558' title='bbox 1049 4304 1162 4359; x_wconf 87' lang='lat' dir='ltr'><strong>nisi</strong></span> <span class='ocrx_word' id='word_1_559' title='bbox 1197 4305 1417 4378; x_wconf 89' lang='lat' dir='ltr'><strong>ubique</strong></span> <span class='ocrx_word' id='word_1_560' title='bbox 1445 4305 1757 4362; x_wconf 89' lang='lat' dir='ltr'><strong>violentius</strong></span> <span class='ocrx_word' id='word_1_561' title='bbox 1801 4307 1983 4362; x_wconf 91' lang='lat' dir='ltr'><strong>ducat</strong></span> <span class='ocrx_word' id='word_1_562' title='bbox 2010 4305 2278 4362; x_wconf 91' lang='lat' dir='ltr'><strong>divinum</strong></span> 
     </span>
    </p>
   </div>
   <div class='ocr_carea' id='block_1_77' title="bbox 623 4395 2274 4470">
    <p class='ocr_par' dir='ltr' id='par_1_77' title="bbox 623 4395 2274 4470">
     <span class='ocr_line' id='line_1_77' title="bbox 623 4395 2274 4470; baseline -0.002 -17"><span class='ocrx_word' id='word_1_563' title='bbox 623 4403 1003 4470; x_wconf 70' lang='lat' dir='ltr'><strong>praeceptum,</strong></span> <span class='ocrx_word' id='word_1_564' title='bbox 1037 4397 1242 4454; x_wconf 91' lang='lat' dir='ltr'><strong>omnia</strong></span> <span class='ocrx_word' id='word_1_565' title='bbox 1270 4411 1306 4452; x_wconf 90' lang='lat' dir='ltr'><strong>a</strong></span> <span class='ocrx_word' id='word_1_566' title='bbox 1332 4399 1385 4450; x_wconf 92' lang='lat' dir='ltr'><strong>te</strong></span> <span class='ocrx_word' id='word_1_567' title='bbox 1409 4410 1600 4452; x_wconf 90' lang='lat' dir='ltr'><strong>vacua</strong></span> <span class='ocrx_word' id='word_1_568' title='bbox 1615 4399 1670 4452; x_wconf 89' lang='lat' dir='ltr'><strong>et</strong></span> <span class='ocrx_word' id='word_1_569' title='bbox 1698 4395 1914 4451; x_wconf 82' lang='lat' dir='ltr'><strong>infecta</strong></span> <span class='ocrx_word' id='word_1_570' title='bbox 1944 4395 2274 4451; x_wconf 90' lang='lat' dir='ltr'><strong>discedent.</strong></span> 
     </span>
    </p>
   </div>
   <div class='ocr_carea' id='block_1_78' title="bbox 2383 3232 3975 3308">
    <p class='ocr_par' dir='ltr' id='par_1_78' title="bbox 2383 3232 3975 3308">
     <span class='ocr_line' id='line_1_78' title="bbox 2383 3232 3975 3308; baseline -0.001 -18"><span class='ocrx_word' id='word_1_571' title='bbox 2383 3241 2427 3291; x_wconf 88' lang='grc' dir='ltr'>εἶ</span> <span class='ocrx_word' id='word_1_572' title='bbox 2460 3257 2512 3290; x_wconf 89' lang='grc' dir='ltr'><strong>τι</strong></span> <span class='ocrx_word' id='word_1_573' title='bbox 2559 3243 2794 3290; x_wconf 90' lang='grc' dir='ltr'>τοιοῦτον</span> <span class='ocrx_word' id='word_1_574' title='bbox 2832 3254 2843 3266; x_wconf 71' lang='grc'><strong><em>⁸</em></strong></span> <span class='ocrx_word' id='word_1_575' title='bbox 2887 3235 2974 3289; x_wconf 72' lang='lat' dir='ltr'><strong>issi</strong></span> <span class='ocrx_word' id='word_1_576' title='bbox 3019 3239 3106 3288; x_wconf 87' lang='grc' dir='ltr'><strong>τόν</strong></span> <span class='ocrx_word' id='word_1_577' title='bbox 3155 3239 3284 3290; x_wconf 83' lang='grc' dir='ltr'>Θεὸν</span> <span class='ocrx_word' id='word_1_578' title='bbox 3334 3232 3394 3289; x_wconf 72' lang='grc' dir='ltr'><strong>δε</strong></span> <span class='ocrx_word' id='word_1_579' title='bbox 3439 3236 3612 3289; x_wconf 85' lang='grc' dir='ltr'>πάντα</span> <span class='ocrx_word' id='word_1_580' title='bbox 3648 3239 3975 3308; x_wconf 74' lang='grc' dir='ltr'>μετέστησεν.</span> 
     </span>
    </p>
   </div>
   <div class='ocr_carea' id='block_1_79' title="bbox 2383 3324 3976 3400">
    <p class='ocr_par' dir='ltr' id='par_1_79' title="bbox 2383 3324 3976 3400">
     <span class='ocr_line' id='line_1_79' title="bbox 2383 3324 3976 3400; baseline -0.004 -18"><span class='ocrx_word' id='word_1_581' title='bbox 2383 3326 2596 3400; x_wconf 78' lang='grc' dir='ltr'>Ἔμελλε</span> <span class='ocrx_word' id='word_1_582' title='bbox 2638 3328 2762 3400; x_wconf 74' lang='grc' dir='ltr'>γὰρ,</span> <span class='ocrx_word' id='word_1_583' title='bbox 2811 3333 2996 3400; x_wconf 82' lang='grc' dir='ltr'>καιροᾶ</span> <span class='ocrx_word' id='word_1_584' title='bbox 3044 3325 3337 3392; x_wconf 75' lang='grc' dir='ltr'>καλοῦντος,</span> <span class='ocrx_word' id='word_1_585' title='bbox 3395 3324 3615 3396; x_wconf 69' lang='grc' dir='ltr'>ἐκκόψαι</span> <span class='ocrx_word' id='word_1_586' title='bbox 3662 3329 3752 3377; x_wconf 71' lang='grc' dir='ltr'>καὶ</span> <span class='ocrx_word' id='word_1_587' title='bbox 3796 3332 3976 3392; x_wconf 84' lang='grc' dir='ltr'>ταῦτα,</span> 
     </span>
    </p>
   </div>
   <div class='ocr_carea' id='block_1_80' title="bbox 2385 3413 3975 3489">
    <p class='ocr_par' dir='ltr' id='par_1_80' title="bbox 2385 3413 3975 3489">
     <span class='ocr_line' id='line_1_80' title="bbox 2385 3413 3975 3489; baseline -0.004 -19"><span class='ocrx_word' id='word_1_588' title='bbox 2385 3413 2460 3470; x_wconf 78' lang='grc' dir='ltr'>δι’</span> <span class='ocrx_word' id='word_1_589' title='bbox 2515 3415 2841 3489; x_wconf 68' lang='grc' dir='ltr'>ὑψηλοτέρας</span> <span class='ocrx_word' id='word_1_590' title='bbox 2900 3415 3227 3487; x_wconf 83' lang='grc' dir='ltr'>νομοθεσίας.</span> <span class='ocrx_word' id='word_1_591' title='bbox 3283 3415 3424 3468; x_wconf 77' lang='grc' dir='ltr'>Ἐπεὶ</span> <span class='ocrx_word' id='word_1_592' title='bbox 3485 3419 3576 3466; x_wconf 74' lang='grc' dir='ltr'><strong>καί</strong></span> <span class='ocrx_word' id='word_1_593' title='bbox 3634 3416 3692 3466; x_wconf 89' lang='grc' dir='ltr'><strong>τό</strong></span> <span class='ocrx_word' id='word_1_594' title='bbox 3744 3413 3975 3475; x_wconf 74' lang='grc' dir='ltr'>θηλάζειν</span> 
     </span>
    </p>
   </div>
   <div class='ocr_carea' id='block_1_81' title="bbox 2384 3499 3975 3577">
    <p class='ocr_par' dir='ltr' id='par_1_81' title="bbox 2384 3499 3975 3577">
     <span class='ocr_line' id='line_1_81' title="bbox 2384 3499 3975 3577; baseline -0.001 -21"><span class='ocrx_word' id='word_1_595' title='bbox 2384 3510 2591 3566; x_wconf 88' lang='grc' dir='ltr'>νηπίοις</span> <span class='ocrx_word' id='word_1_596' title='bbox 2775 3503 3057 3568; x_wconf 77' lang='grc' dir='ltr'>λυσιτελες,</span> <span class='ocrx_word' id='word_1_597' title='bbox 3110 3500 3338 3577; x_wconf 87' lang='grc' dir='ltr'>ἀνδράσι</span> <span class='ocrx_word' id='word_1_598' title='bbox 3388 3499 3448 3556; x_wconf 74' lang='grc' dir='ltr'><strong>δε</strong></span> <span class='ocrx_word' id='word_1_599' title='bbox 3493 3508 3583 3556; x_wconf 81' lang='grc' dir='ltr'>καὶ</span> <span class='ocrx_word' id='word_1_600' title='bbox 3635 3502 3749 3556; x_wconf 86' lang='grc' dir='ltr'>λίαν</span> <span class='ocrx_word' id='word_1_601' title='bbox 3805 3501 3975 3556; x_wconf 83' lang='grc' dir='ltr'>ἀνεπι-</span> 
     </span>
    </p>
   </div>
   <div class='ocr_carea' id='block_1_82' title="bbox 2384 3589 3972 3663">
    <p class='ocr_par' dir='ltr' id='par_1_82' title="bbox 2384 3589 3972 3663">
     <span class='ocr_line' id='line_1_82' title="bbox 2384 3589 3972 3663; baseline -0.003 -16"><span class='ocrx_word' id='word_1_602' title='bbox 2384 3591 2616 3661; x_wconf 82' lang='grc' dir='ltr'>τήδειον,</span> <span class='ocrx_word' id='word_1_603' title='bbox 2655 3597 2745 3645; x_wconf 79' lang='grc' dir='ltr'>καὶ</span> <span class='ocrx_word' id='word_1_604' title='bbox 2791 3589 2886 3644; x_wconf 83' lang='grc' dir='ltr'>διὰ</span> <span class='ocrx_word' id='word_1_605' title='bbox 2934 3601 3088 3646; x_wconf 88' lang='grc' dir='ltr'>τοῦτο</span> <span class='ocrx_word' id='word_1_606' title='bbox 3141 3595 3461 3656; x_wconf 82' lang='grc' dir='ltr'>νηπιάζουσι</span> <span class='ocrx_word' id='word_1_607' title='bbox 3509 3595 3599 3663; x_wconf 71' lang='grc' dir='ltr'><strong>μεν</strong></span> <span class='ocrx_word' id='word_1_608' title='bbox 3634 3594 3826 3644; x_wconf 85' lang='grc' dir='ltr'>τούτου</span> <span class='ocrx_word' id='word_1_609' title='bbox 3880 3610 3972 3644; x_wconf 82' lang='grc' dir='ltr'>πα-</span> 
     </span>
    </p>
   </div>
   <div class='ocr_carea' id='block_1_83' title="bbox 2385 3678 3972 3759">
    <p class='ocr_par' dir='ltr' id='par_1_83' title="bbox 2385 3678 3972 3759">
     <span class='ocr_line' id='line_1_83' title="bbox 2385 3678 3972 3759; baseline -0.003 -24"><span class='ocrx_word' id='word_1_610' title='bbox 2385 3691 2749 3759; x_wconf 83' lang='grc' dir='ltr'>ραχωρούμεν,</span> <span class='ocrx_word' id='word_1_611' title='bbox 2784 3678 3159 3755; x_wconf 80' lang='grc' dir='ltr'>ἀνδρουμένους</span> <span class='ocrx_word' id='word_1_612' title='bbox 3203 3678 3263 3735; x_wconf 68' lang='grc' dir='ltr'><strong>δε</strong></span> <span class='ocrx_word' id='word_1_613' title='bbox 3300 3681 3476 3734; x_wconf 85' lang='grc' dir='ltr'>λοιπὸν</span> <span class='ocrx_word' id='word_1_614' title='bbox 3517 3679 3783 3753; x_wconf 71' lang='grc' dir='ltr'>ἀπάγομεν</span> <span class='ocrx_word' id='word_1_615' title='bbox 3827 3680 3972 3734; x_wconf 71' lang='grc' dir='ltr'>αὑτοῦ</span> 
     </span>
    </p>
   </div>
   <div class='ocr_carea' id='block_1_84' title="bbox 2385 3766 3968 3844">
    <p class='ocr_par' dir='ltr' id='par_1_84' title="bbox 2385 3766 3968 3844">
     <span class='ocr_line' id='line_1_84' title="bbox 2385 3766 3968 3844; baseline -0.003 -20"><span class='ocrx_word' id='word_1_616' title='bbox 2385 3776 2475 3824; x_wconf 82' lang='grc' dir='ltr'>καὶ</span> <span class='ocrx_word' id='word_1_617' title='bbox 2531 3770 2810 3844; x_wconf 87' lang='grc' dir='ltr'>κωλύομεν.</span> <span class='ocrx_word' id='word_1_618' title='bbox 2869 3774 2932 3824; x_wconf 80' lang='grc' dir='ltr'>Τί</span> <span class='ocrx_word' id='word_1_619' title='bbox 2997 3766 3106 3839; x_wconf 83' lang='grc' dir='ltr'>οὖν,</span> <span class='ocrx_word' id='word_1_620' title='bbox 3172 3769 3257 3822; x_wconf 79' lang='grc' dir='ltr'><strong>ίάν</strong></span> <span class='ocrx_word' id='word_1_621' title='bbox 3308 3789 3386 3832; x_wconf 88' lang='grc' dir='ltr'><strong>τις</strong></span> <span class='ocrx_word' id='word_1_622' title='bbox 3429 3772 3580 3842; x_wconf 83' lang='grc' dir='ltr'>ὅρκον</span> <span class='ocrx_word' id='word_1_623' title='bbox 3634 3767 3835 3842; x_wconf 71' lang='grc' dir='ltr'>ἀπαιτῇ</span> <span class='ocrx_word' id='word_1_624' title='bbox 3891 3769 3968 3820; x_wconf 76' lang='grc' dir='ltr'>καὶ</span> 
     </span>
    </p>
   </div>
   <div class='ocr_carea' id='block_1_85' title="bbox 2386 3857 3977 3932">
    <p class='ocr_par' dir='ltr' id='par_1_85' title="bbox 2386 3857 3977 3932">
     <span class='ocr_line' id='line_1_85' title="bbox 2386 3857 3977 3932; baseline -0.002 -20"><span class='ocrx_word' id='word_1_625' title='bbox 2386 3860 2760 3932; x_wconf 71' lang='grc' dir='ltr'>καταναγκάζη</span> <span class='ocrx_word' id='word_1_626' title='bbox 2796 3877 2810 3926; x_wconf 86' lang='grc'><strong>;</strong></span> <span class='ocrx_word' id='word_1_627' title='bbox 2845 3858 3020 3914; x_wconf 83' lang='grc' dir='ltr'>Ἔστω</span> <span class='ocrx_word' id='word_1_628' title='bbox 3065 3878 3146 3912; x_wconf 80' lang='grc' dir='ltr'><strong>σοι</strong></span> <span class='ocrx_word' id='word_1_629' title='bbox 3193 3867 3288 3919; x_wconf 77' lang='grc' dir='ltr'>τῆς</span> <span class='ocrx_word' id='word_1_630' title='bbox 3336 3857 3568 3930; x_wconf 72' lang='grc' dir='ltr'>ἀνάγκης</span> <span class='ocrx_word' id='word_1_631' title='bbox 3597 3862 3789 3920; x_wconf 88' lang='grc' dir='ltr'>ταύτης</span> <span class='ocrx_word' id='word_1_632' title='bbox 3828 3860 3856 3911; x_wconf 92' lang='grc' dir='ltr'><strong>ό</strong></span> <span class='ocrx_word' id='word_1_633' title='bbox 3895 3862 3977 3910; x_wconf 77' lang='grc' dir='ltr'><strong>τοῦ</strong></span> 
     </span>
    </p>
   </div>
   <div class='ocr_carea' id='block_1_86' title="bbox 2387 3945 3981 4021">
    <p class='ocr_par' dir='ltr' id='par_1_86' title="bbox 2387 3945 3981 4021">
     <span class='ocr_line' id='line_1_86' title="bbox 2387 3945 3981 4021; baseline -0.004 -17"><span class='ocrx_word' id='word_1_634' title='bbox 2387 3956 2522 4004; x_wconf 86' lang='grc' dir='ltr'>Θεοῦ</span> <span class='ocrx_word' id='word_1_635' title='bbox 2574 3947 2731 4021; x_wconf 71' lang='grc' dir='ltr'>φόϐος</span> <span class='ocrx_word' id='word_1_636' title='bbox 2797 3946 3217 4020; x_wconf 75' lang='grc' dir='ltr'>ἀναγκαιότερος,</span> <span class='ocrx_word' id='word_1_637' title='bbox 3272 3953 3360 4000; x_wconf 75' lang='grc' dir='ltr'>καὶ</span> <span class='ocrx_word' id='word_1_638' title='bbox 3427 3949 3595 4000; x_wconf 87' lang='grc' dir='ltr'>πάντα</span> <span class='ocrx_word' id='word_1_639' title='bbox 3643 3949 3827 4000; x_wconf 85' lang='grc' dir='ltr'>παθεῖν</span> <span class='ocrx_word' id='word_1_640' title='bbox 3875 3945 3981 3998; x_wconf 75' lang='grc' dir='ltr'>ἑλοῦ</span> 
     </span>
    </p>
   </div>
   <div class='ocr_carea' id='block_1_87' title="bbox 2385 4033 3984 4111">
    <p class='ocr_par' dir='ltr' id='par_1_87' title="bbox 2385 4033 3984 4111">
     <span class='ocr_line' id='line_1_87' title="bbox 2385 4033 3984 4111; baseline -0.002 -21"><span class='ocrx_word' id='word_1_641' title='bbox 2385 4037 2596 4111; x_wconf 84' lang='grc' dir='ltr'>μᾶλλον,</span> <span class='ocrx_word' id='word_1_642' title='bbox 2662 4037 2691 4096; x_wconf 69' lang='grc' dir='ltr'>ἦ</span> <span class='ocrx_word' id='word_1_643' title='bbox 2752 4035 3054 4110; x_wconf 74' lang='grc' dir='ltr'>παραϐῆναι</span> <span class='ocrx_word' id='word_1_644' title='bbox 3108 4041 3204 4095; x_wconf 70' lang='grc' dir='ltr'>τὴν</span> <span class='ocrx_word' id='word_1_645' title='bbox 3269 4035 3494 4094; x_wconf 75' lang='grc' dir='ltr'>ἕντολήν.</span> <span class='ocrx_word' id='word_1_646' title='bbox 3559 4041 3658 4090; x_wconf 72' lang='grc' dir='ltr'><strong>Καὶ</strong></span> <span class='ocrx_word' id='word_1_647' title='bbox 3730 4037 3835 4109; x_wconf 71' lang='grc' dir='ltr'><strong>γὰρ</strong></span> <span class='ocrx_word' id='word_1_648' title='bbox 3911 4033 3984 4088; x_wconf 72' lang='grc' dir='ltr'><strong>ἰπὶ</strong></span> 
     </span>
    </p>
   </div>
   <div class='ocr_carea' id='block_1_88' title="bbox 2384 4121 3987 4196">
    <p class='ocr_par' dir='ltr' id='par_1_88' title="bbox 2384 4121 3987 4196">
     <span class='ocr_line' id='line_1_88' title="bbox 2384 4121 3987 4196; baseline -0.002 -17"><span class='ocrx_word' id='word_1_649' title='bbox 2384 4129 2559 4188; x_wconf 85' lang='grc' dir='ltr'>πάσης</span> <span class='ocrx_word' id='word_1_650' title='bbox 2615 4125 2821 4188; x_wconf 74' lang='grc' dir='ltr'>ἐντολῆς</span> <span class='ocrx_word' id='word_1_651' title='bbox 2885 4124 3128 4186; x_wconf 84' lang='grc' dir='ltr'>πολλάκις</span> <span class='ocrx_word' id='word_1_652' title='bbox 3185 4124 3541 4183; x_wconf 79' lang='grc' dir='ltr'>ἀπαντήσεταί</span> <span class='ocrx_word' id='word_1_653' title='bbox 3593 4143 3679 4176; x_wconf 91' lang='grc' dir='ltr'><strong>σοι</strong></span> <span class='ocrx_word' id='word_1_654' title='bbox 3737 4121 3854 4196; x_wconf 84' lang='grc' dir='ltr'>βία,</span> <span class='ocrx_word' id='word_1_655' title='bbox 3901 4127 3987 4176; x_wconf 81' lang='grc' dir='ltr'>καὶ</span> 
     </span>
    </p>
   </div>
   <div class='ocr_carea' id='block_1_89' title="bbox 2388 4210 3986 4288">
    <p class='ocr_par' dir='ltr' id='par_1_89' title="bbox 2388 4210 3986 4288">
     <span class='ocr_line' id='line_1_89' title="bbox 2388 4210 3986 4288; baseline -0.001 -21"><span class='ocrx_word' id='word_1_656' title='bbox 2388 4215 2639 4288; x_wconf 84' lang='grc' dir='ltr'>βιωτικός</span> <span class='ocrx_word' id='word_1_657' title='bbox 2704 4210 2962 4278; x_wconf 83' lang='grc' dir='ltr'>κίνδυνος,</span> <span class='ocrx_word' id='word_1_658' title='bbox 3022 4218 3111 4266; x_wconf 84' lang='grc' dir='ltr'>καὶ</span> <span class='ocrx_word' id='word_1_659' title='bbox 3179 4214 3221 4266; x_wconf 83' lang='lat' dir='ltr'><strong>si</strong></span> <span class='ocrx_word' id='word_1_660' title='bbox 3279 4219 3351 4286; x_wconf 80' lang='grc' dir='ltr'>μή</span> <span class='ocrx_word' id='word_1_661' title='bbox 3409 4220 3686 4284; x_wconf 78' lang='grc' dir='ltr'>πανταχοῦ</span> <span class='ocrx_word' id='word_1_662' title='bbox 3758 4210 3986 4284; x_wconf 74' lang='grc' dir='ltr'>βιαιοτέ-</span> 
     </span>
    </p>
   </div>
   <div class='ocr_carea' id='block_1_90' title="bbox 2385 4301 3989 4379">
    <p class='ocr_par' dir='ltr' id='par_1_90' title="bbox 2385 4301 3989 4379">
     <span class='ocr_line' id='line_1_90' title="bbox 2385 4301 3989 4379; baseline -0.002 -23"><span class='ocrx_word' id='word_1_663' title='bbox 2385 4324 2480 4379; x_wconf 90' lang='grc' dir='ltr'><strong>ραν</strong></span> <span class='ocrx_word' id='word_1_664' title='bbox 2508 4308 2727 4377; x_wconf 77' lang='grc' dir='ltr'>νομίσης</span> <span class='ocrx_word' id='word_1_665' title='bbox 2765 4307 2860 4361; x_wconf 76' lang='grc' dir='ltr'><strong>την</strong></span> <span class='ocrx_word' id='word_1_666' title='bbox 2891 4304 3030 4356; x_wconf 89' lang='grc' dir='ltr'>θείαν</span> <span class='ocrx_word' id='word_1_667' title='bbox 3075 4301 3303 4370; x_wconf 68' lang='grc' dir='ltr'>ἐντολὴν,</span> <span class='ocrx_word' id='word_1_668' title='bbox 3340 4302 3656 4374; x_wconf 76' lang='grc' dir='ltr'>οἰχήσονταί</span> <span class='ocrx_word' id='word_1_669' title='bbox 3686 4319 3772 4354; x_wconf 89' lang='grc' dir='ltr'><strong>σοι</strong></span> <span class='ocrx_word' id='word_1_670' title='bbox 3819 4306 3989 4354; x_wconf 81' lang='grc' dir='ltr'>πᾶσαι</span> 
     </span>
    </p>
   </div>
   <div class='ocr_carea' id='block_1_91' title="bbox 2385 4387 3988 4467">
    <p class='ocr_par' dir='ltr' id='par_1_91' title="bbox 2385 4387 3988 4467">
     <span class='ocr_line' id='line_1_91' title="bbox 2385 4387 3988 4467; baseline -0.002 -22"><span class='ocrx_word' id='word_1_671' title='bbox 2385 4398 2528 4446; x_wconf 83' lang='grc' dir='ltr'>κεναὶ</span> <span class='ocrx_word' id='word_1_672' title='bbox 2574 4397 2665 4446; x_wconf 87' lang='grc' dir='ltr'>καὶ</span> <span class='ocrx_word' id='word_1_673' title='bbox 2709 4394 2990 4465; x_wconf 79' lang='grc' dir='ltr'>ἄπρακτοι.</span> <span class='ocrx_word' id='word_1_674' title='bbox 3039 4396 3242 4466; x_wconf 84' lang='grc' dir='ltr'>Προιὼν</span> <span class='ocrx_word' id='word_1_675' title='bbox 3288 4394 3390 4467; x_wconf 74' lang='grc' dir='ltr'><strong>γὰρ</strong></span> <span class='ocrx_word' id='word_1_676' title='bbox 3448 4387 3586 4444; x_wconf 74' lang='grc' dir='ltr'>εἶπεν</span> <span class='ocrx_word' id='word_1_677' title='bbox 3613 4391 3641 4443; x_wconf 90' lang='grc' dir='ltr'><strong>ό</strong></span> <span class='ocrx_word' id='word_1_678' title='bbox 3673 4394 3877 4464; x_wconf 75' lang='grc' dir='ltr'>Κύριος,</span> <span class='ocrx_word' id='word_1_679' title='bbox 3910 4393 3988 4443; x_wconf 79' lang='grc' dir='ltr'>ὅτι</span> 
     </span>
    </p>
   </div>
   <div class='ocr_carea' id='block_1_92' title="bbox 624 4476 2274 4583">
    <p class='ocr_par' dir='ltr' id='par_1_92' title="bbox 624 4482 2274 4560">
     <span class='ocr_line' id='line_1_92' title="bbox 624 4482 2274 4560; baseline -0.004 -16"><span class='ocrx_word' id='word_1_680' title='bbox 624 4490 688 4544; x_wconf 92' lang='lat' dir='ltr'><strong>ln</strong></span> <span class='ocrx_word' id='word_1_681' title='bbox 753 4486 1138 4560; x_wconf 86' lang='lat' dir='ltr'><strong>sequentibus</strong></span> <span class='ocrx_word' id='word_1_682' title='bbox 1215 4482 1365 4540; x_wconf 91' lang='lat' dir='ltr'><strong>enim</strong></span> <span class='ocrx_word' id='word_1_683' title='bbox 1431 4484 1565 4540; x_wconf 90' lang='lat' dir='ltr'><strong>dicit</strong></span> <span class='ocrx_word' id='word_1_684' title='bbox 1640 4485 2274 4553; x_wconf 72' lang='lat' dir='ltr'><strong>Dominuszﬂegnum</strong></span> 
     </span>
    </p>
   </div>
   <div class='ocr_carea' id='block_1_93' title="bbox 2385 4476 3986 4583">
    <p class='ocr_par' dir='ltr' id='par_1_93' title="bbox 2388 4476 3986 4553">
     <span class='ocr_line' id='line_1_93' title="bbox 2388 4476 3986 4553; baseline -0.002 -20"><span class='ocrx_word' id='word_1_685' title='bbox 2388 4486 2579 4540; x_wconf 81' lang='grc' dir='ltr'>Βιαστή</span> <span class='ocrx_word' id='word_1_686' title='bbox 2635 4480 2776 4534; x_wconf 68' lang='grc' dir='ltr'>ἐστιν</span> <span class='ocrx_word' id='word_1_687' title='bbox 2834 4483 2863 4539; x_wconf 81' lang='grc' dir='ltr'>ἡ</span> <span class='ocrx_word' id='word_1_688' title='bbox 2927 4479 3175 4553; x_wconf 78' lang='grc' dir='ltr'>βασιλιία</span> <span class='ocrx_word' id='word_1_689' title='bbox 3229 4487 3321 4533; x_wconf 87' lang='grc' dir='ltr'><strong>τοῦ</strong></span> <span class='ocrx_word' id='word_1_690' title='bbox 3393 4486 3548 4545; x_wconf 86' lang='grc' dir='ltr'>Θεοῦ,</span> <span class='ocrx_word' id='word_1_691' title='bbox 3613 4483 3703 4532; x_wconf 81' lang='grc' dir='ltr'>καὶ</span> <span class='ocrx_word' id='word_1_692' title='bbox 3759 4476 3986 4551; x_wconf 79' lang='grc' dir='ltr'>βιασταὶ</span> 
     </span>
    </p>
   </div>
   <div class='ocr_carea' id='block_1_94' title="bbox 624 4571 2275 4644">
    <p class='ocr_par' dir='ltr' id='par_1_94' title="bbox 624 4571 2275 4644">
     <span class='ocr_line' id='line_1_94' title="bbox 624 4571 2275 4644; baseline -0.002 -12"><span class='ocrx_word' id='word_1_693' title='bbox 624 4576 904 4633; x_wconf 69' lang='lat' dir='ltr'><strong>calorum</strong></span> <span class='ocrx_word' id='word_1_694' title='bbox 951 4575 1059 4630; x_wconf 77' lang='lat' dir='ltr'><strong>vim</strong></span> <span class='ocrx_word' id='word_1_695' title='bbox 1095 4573 1347 4644; x_wconf 83' lang='lat' dir='ltr'><strong>patitur,</strong></span> <span class='ocrx_word' id='word_1_696' title='bbox 1400 4581 1451 4630; x_wconf 90' lang='lat' dir='ltr'><strong>et</strong></span> <span class='ocrx_word' id='word_1_697' title='bbox 1501 4573 1743 4630; x_wconf 78' lang='lat' dir='ltr'><strong>violenti</strong></span> <span class='ocrx_word' id='word_1_698' title='bbox 1771 4573 2020 4642; x_wconf 81' lang='lat' dir='ltr'><strong>rapiunt</strong></span> <span class='ocrx_word' id='word_1_699' title='bbox 2055 4571 2206 4627; x_wconf 75' lang='lat' dir='ltr'><strong>illud</strong></span> <span class='ocrx_word' id='word_1_700' title='bbox 2233 4573 2275 4628; x_wconf 80' lang='grc'><strong>⁸.</strong></span> 
     </span>
    </p>
   </div>
   <div class='ocr_carea' id='block_1_95' title="bbox 695 4659 2277 4728">
    <p class='ocr_par' dir='ltr' id='par_1_95' title="bbox 695 4659 2277 4728">
     <span class='ocr_line' id='line_1_95' title="bbox 695 4659 2277 4728; baseline -0.003 -7"><span class='ocrx_word' id='word_1_701' title='bbox 695 4664 858 4720; x_wconf 88' lang='lat' dir='ltr'><strong>Vers.</strong></span> <span class='ocrx_word' id='word_1_702' title='bbox 921 4665 1008 4721; x_wconf 87' lang='lat'><strong>38.</strong></span> <span class='ocrx_word' id='word_1_703' title='bbox 1060 4663 1324 4720; x_wconf 80' lang='lat' dir='ltr'><strong>Audistis</strong></span> <span class='ocrx_word' id='word_1_704' title='bbox 1352 4693 1420 4703; x_wconf 94' lang='lat'><strong>—</strong></span> <span class='ocrx_word' id='word_1_705' title='bbox 1461 4663 1530 4718; x_wconf 90' lang='lat' dir='ltr'><strong>V.</strong></span> <span class='ocrx_word' id='word_1_706' title='bbox 1562 4663 1650 4728; x_wconf 90' lang='lat'><strong>39,</strong></span> <span class='ocrx_word' id='word_1_707' title='bbox 1704 4662 1872 4720; x_wconf 89' lang='lat' dir='ltr'><strong>malo.</strong></span> <span class='ocrx_word' id='word_1_708' title='bbox 1898 4659 2155 4726; x_wconf 90' lang='lat' dir='ltr'><strong>Quidam</strong></span> <span class='ocrx_word' id='word_1_709' title='bbox 2185 4675 2277 4716; x_wconf 89' lang='lat' dir='ltr'><strong>ve-</strong></span> 
     </span>
    </p>
   </div>
   <div class='ocr_carea' id='block_1_96' title="bbox 625 4748 2276 4824">
    <p class='ocr_par' dir='ltr' id='par_1_96' title="bbox 625 4748 2276 4824">
     <span class='ocr_line' id='line_1_96' title="bbox 625 4748 2276 4824; baseline -0.002 -14"><span class='ocrx_word' id='word_1_710' title='bbox 625 4752 735 4810; x_wconf 91' lang='lat' dir='ltr'><strong>teri</strong></span> <span class='ocrx_word' id='word_1_711' title='bbox 753 4753 869 4824; x_wconf 87' lang='lat' dir='ltr'><strong>legi</strong></span> <span class='ocrx_word' id='word_1_712' title='bbox 908 4753 1301 4823; x_wconf 88' lang='lat' dir='ltr'><strong>indignantur,</strong></span> <span class='ocrx_word' id='word_1_713' title='bbox 1357 4751 1587 4823; x_wconf 87' lang='lat' dir='ltr'><strong>jubenti</strong></span> <span class='ocrx_word' id='word_1_714' title='bbox 1630 4748 1873 4806; x_wconf 87' lang='lat' dir='ltr'><strong>oculum</strong></span> <span class='ocrx_word' id='word_1_715' title='bbox 1932 4763 2042 4821; x_wconf 91' lang='lat' dir='ltr'><strong>pro</strong></span> <span class='ocrx_word' id='word_1_716' title='bbox 2085 4748 2276 4821; x_wconf 88' lang='lat' dir='ltr'><strong>oculo,</strong></span> 
     </span>
    </p>
   </div>
   <div class='ocr_carea' id='block_1_97' title="bbox 2388 4569 2930 4644">
    <p class='ocr_par' dir='ltr' id='par_1_97' title="bbox 2388 4569 2930 4644">
     <span class='ocr_line' id='line_1_97' title="bbox 2388 4569 2930 4644; baseline 0.006 -21"><span class='ocrx_word' id='word_1_717' title='bbox 2388 4569 2720 4644; x_wconf 75' lang='grc' dir='ltr'>ἁρπάζουσιν</span> <span class='ocrx_word' id='word_1_718' title='bbox 2749 4569 2930 4627; x_wconf 68' lang='grc' dir='ltr'>αὐτόν.</span> 
     </span>
    </p>
   </div>
   <div class='ocr_carea' id='block_1_98' title="bbox 2457 4661 3985 4735">
    <p class='ocr_par' dir='ltr' id='par_1_98' title="bbox 2457 4661 3985 4735">
     <span class='ocr_line' id='line_1_98' title="bbox 2457 4661 3985 4735; baseline -0.002 -22"><span class='ocrx_word' id='word_1_719' title='bbox 2457 4661 2749 4714; x_wconf 77' lang='grc' dir='ltr'>Ἠκούσατε</span> <span class='ocrx_word' id='word_1_720' title='bbox 2802 4689 2872 4702; x_wconf 88' lang='grc'><strong><em>-</em></strong></span> <span class='ocrx_word' id='word_1_721' title='bbox 2919 4667 3147 4735; x_wconf 83' lang='grc' dir='ltr'>πονηρῷ.</span> <span class='ocrx_word' id='word_1_722' title='bbox 3209 4661 3349 4720; x_wconf 66' lang='grc' dir='ltr'>Τινὶς</span> <span class='ocrx_word' id='word_1_723' title='bbox 3402 4662 3692 4732; x_wconf 66' lang='grc' dir='ltr'>μέμφονται</span> <span class='ocrx_word' id='word_1_724' title='bbox 3744 4665 3816 4727; x_wconf 77' lang='grc' dir='ltr'>τῷ</span> <span class='ocrx_word' id='word_1_725' title='bbox 3889 4676 3985 4710; x_wconf 65' lang='grc' dir='ltr'><strong>παν</strong></span> 
     </span>
    </p>
   </div>
   <div class='ocr_carea' id='block_1_99' title="bbox 2389 4745 3986 4823">
    <p class='ocr_par' dir='ltr' id='par_1_99' title="bbox 2389 4745 3986 4823">
     <span class='ocr_line' id='line_1_99' title="bbox 2389 4745 3986 4823; baseline -0.003 -21"><span class='ocrx_word' id='word_1_726' title='bbox 2389 4749 2518 4821; x_wconf 81' lang='grc' dir='ltr'>λαιῷ</span> <span class='ocrx_word' id='word_1_727' title='bbox 2564 4753 2726 4823; x_wconf 75' lang='grc' dir='ltr'>νόμῳ,</span> <span class='ocrx_word' id='word_1_728' title='bbox 2784 4749 3038 4803; x_wconf 88' lang='grc' dir='ltr'>κελεύοντι</span> <span class='ocrx_word' id='word_1_729' title='bbox 3088 4747 3349 4822; x_wconf 66' lang='grc' dir='ltr'>ὀφθαλμόν</span> <span class='ocrx_word' id='word_1_730' title='bbox 3403 4746 3518 4801; x_wconf 77' lang='grc' dir='ltr'>ἀντὶ</span> <span class='ocrx_word' id='word_1_731' title='bbox 3561 4745 3828 4819; x_wconf 73' lang='grc' dir='ltr'>ὀφθαλμοῦ</span> <span class='ocrx_word' id='word_1_732' title='bbox 3896 4751 3986 4801; x_wconf 80' lang='grc' dir='ltr'>καὶ</span> 
     </span>
    </p>
   </div>
   <div class='ocr_carea' id='block_1_100' title="bbox 697 4926 2274 5001">
    <p class='ocr_par' dir='ltr' id='par_1_100' title="bbox 697 4927 2263 5001">
     <span class='ocr_line' id='line_1_100' title="bbox 697 4927 2263 5001; baseline -0.002 -14"><span class='ocrx_word' id='word_1_733' title='bbox 697 4930 848 4988; x_wconf 76' lang='lat' dir='ltr'><strong>&#39;Isa.</strong></span> <span class='ocrx_word' id='word_1_734' title='bbox 880 4946 1029 5001; x_wconf 77' lang='lat' dir='ltr'><strong>un,</strong></span> <span class='ocrx_word' id='word_1_735' title='bbox 1062 4931 1114 4987; x_wconf 81' lang='grc'><strong>1.</strong></span> <span class='ocrx_word' id='word_1_736' title='bbox 1193 4931 1454 4988; x_wconf 70' lang='lat' dir='ltr'><strong>‘Jerem.</strong></span> <span class='ocrx_word' id='word_1_737' title='bbox 1493 4941 1651 4994; x_wconf 68' lang='grc' dir='ltr'>χχιιι,</span> <span class='ocrx_word' id='word_1_738' title='bbox 1685 4928 1779 4985; x_wconf 74' lang='grc'><strong>24.</strong></span> <span class='ocrx_word' id='word_1_739' title='bbox 1863 4927 1886 4962; x_wconf 82' lang='grc'>⁸</span> <span class='ocrx_word' id='word_1_740' title='bbox 1913 4927 2062 4985; x_wconf 86' lang='lat' dir='ltr'><strong>Psal.</strong></span> <span class='ocrx_word' id='word_1_741' title='bbox 2089 4942 2263 4996; x_wconf 69' lang='lat' dir='ltr'><strong>xsvu,</strong></span> 
     </span>
    </p>
   </div>
   <div class='ocr_carea' id='block_1_101' title="bbox 2385 4926 2925 5001">
    <p class='ocr_par' dir='ltr' id='par_1_101' title="bbox 2436 4926 2925 4994">
     <span class='ocr_line' id='line_1_101' title="bbox 2436 4926 2925 4994; baseline 0.002 -10"><span class='ocrx_word' id='word_1_742' title='bbox 2436 4929 2458 4964; x_wconf 80' lang='grc'><strong><em>⁸</em></strong></span> <span class='ocrx_word' id='word_1_743' title='bbox 2487 4926 2694 4986; x_wconf 77' lang='lat' dir='ltr'><strong>Matth.</strong></span> <span class='ocrx_word' id='word_1_744' title='bbox 2723 4942 2804 4994; x_wconf 79' lang='lat' dir='ltr'><strong>xi,</strong></span> <span class='ocrx_word' id='word_1_745' title='bbox 2838 4928 2925 4985; x_wconf 80' lang='grc'><strong>12.</strong></span> 
     </span>
    </p>
   </div>
   <div class='ocr_carea' id='block_1_102' title="bbox 1822 5104 2782 5178">
    <p class='ocr_par' dir='ltr' id='par_1_102' title="bbox 1822 5104 2782 5178">
     <span class='ocr_line' id='line_1_102' title="bbox 1822 5104 2782 5178; baseline -0.001 -3"><span class='ocrx_word' id='word_1_746' title='bbox 1822 5105 2049 5175; x_wconf 77' lang='lat' dir='ltr'><strong>Variae</strong></span> <span class='ocrx_word' id='word_1_747' title='bbox 2108 5104 2440 5175; x_wconf 88' lang='lat' dir='ltr'><strong>lectiones</strong></span> <span class='ocrx_word' id='word_1_748' title='bbox 2471 5115 2542 5178; x_wconf 89' lang='lat' dir='ltr'><strong>et</strong></span> <span class='ocrx_word' id='word_1_749' title='bbox 2581 5116 2782 5176; x_wconf 62' lang='lat' dir='ltr'><strong>nota.</strong></span> 
     </span>
    </p>
   </div>
   <div class='ocr_carea' id='block_1_103' title="bbox 695 5303 1276 5382">
    <p class='ocr_par' dir='ltr' id='par_1_103' title="bbox 695 5303 1276 5382">
     <span class='ocr_line' id='line_1_103' title="bbox 695 5303 1276 5382; baseline -0.015 -17"><span class='ocrx_word' id='word_1_750' title='bbox 695 5309 813 5382; x_wconf 76' lang='grc' dir='ltr'>(το)</span> <span class='ocrx_word' id='word_1_751' title='bbox 845 5307 983 5379; x_wconf 75' lang='grc' dir='ltr'>εστι,</span> <span class='ocrx_word' id='word_1_752' title='bbox 1011 5305 1178 5364; x_wconf 89' lang='lat' dir='ltr'><strong>addit</strong></span> <span class='ocrx_word' id='word_1_753' title='bbox 1208 5303 1276 5357; x_wconf 85' lang='lat' dir='ltr'><strong>A.</strong></span> 
     </span>
    </p>
   </div>
   <div class='ocr_carea' id='block_1_104' title="bbox 694 5453 2279 5533">
    <p class='ocr_par' dir='ltr' id='par_1_104' title="bbox 694 5453 2279 5533">
     <span class='ocr_line' id='line_1_104' title="bbox 694 5453 2279 5533; baseline -0.001 -23"><span class='ocrx_word' id='word_1_754' title='bbox 694 5461 780 5533; x_wconf 88' lang='lat' dir='ltr'><strong>(b)</strong></span> <span class='ocrx_word' id='word_1_755' title='bbox 811 5456 1060 5533; x_wconf 71' lang='lat' dir='ltr'><strong>Duobus</strong></span> <span class='ocrx_word' id='word_1_756' title='bbox 1098 5453 1411 5533; x_wconf 69' lang='lat' dir='ltr'><strong>vocabulis</strong></span> <span class='ocrx_word' id='word_1_757' title='bbox 1477 5453 1779 5533; x_wconf 70' lang='lat' dir='ltr'><strong>expressit</strong></span> <span class='ocrx_word' id='word_1_758' title='bbox 1811 5454 2116 5533; x_wconf 64' lang='grc' dir='ltr'>λαίμαργοι.</span> <span class='ocrx_word' id='word_1_759' title='bbox 2163 5459 2279 5514; x_wconf 85' lang='lat' dir='ltr'><strong>Nec</strong></span> 
     </span>
    </p>
   </div>
   <div class='ocr_carea' id='block_1_105' title="bbox 622 5524 2270 5598">
    <p class='ocr_par' dir='ltr' id='par_1_105' title="bbox 622 5524 2270 5598">
     <span class='ocr_line' id='line_1_105' title="bbox 622 5524 2270 5598; baseline -0.004 -9"><span class='ocrx_word' id='word_1_760' title='bbox 622 5524 830 5590; x_wconf 77' lang='lat' dir='ltr'><strong>tamen</strong></span> <span class='ocrx_word' id='word_1_761' title='bbox 855 5527 1000 5583; x_wconf 86' lang='lat' dir='ltr'><strong>mihi</strong></span> <span class='ocrx_word' id='word_1_762' title='bbox 1052 5524 1359 5598; x_wconf 84' lang='lat' dir='ltr'><strong>probabile</strong></span> <span class='ocrx_word' id='word_1_763' title='bbox 1411 5531 1513 5590; x_wconf 86' lang='lat' dir='ltr'><strong>est,</strong></span> <span class='ocrx_word' id='word_1_764' title='bbox 1555 5524 1677 5598; x_wconf 78' lang='lat' dir='ltr'><strong>duo</strong></span> <span class='ocrx_word' id='word_1_765' title='bbox 1700 5524 1985 5583; x_wconf 55' lang='lat' dir='ltr'><strong>fuisse&#39;in&#39;</strong></span> <span class='ocrx_word' id='word_1_766' title='bbox 2014 5524 2270 5585; x_wconf 36' lang='lat' dir='ltr'><strong>’Grmco.</strong></span> 
     </span>
    </p>
   </div>
   <div class='ocr_carea' id='block_1_106' title="bbox 622 5595 2284 5671">
    <p class='ocr_par' dir='ltr' id='par_1_106' title="bbox 622 5595 2284 5671">
     <span class='ocr_line' id='line_1_106' title="bbox 622 5595 2284 5671; baseline 0.002 -21"><span class='ocrx_word' id='word_1_767' title='bbox 622 5607 739 5660; x_wconf 74' lang='lat' dir='ltr'><strong>Nec</strong></span> <span class='ocrx_word' id='word_1_768' title='bbox 807 5595 1144 5671; x_wconf 56' lang='lat' dir='ltr'><strong>proximum</strong></span> <span class='ocrx_word' id='word_1_769' title='bbox 1199 5595 1442 5671; x_wconf 43' lang='lat' dir='ltr'><strong>aemili;</strong></span> <span class='ocrx_word' id='word_1_770' title='bbox 1494 5596 1765 5671; x_wconf 91' lang='lat' dir='ltr'><strong>sollicito.</strong></span> <span class='ocrx_word' id='word_1_771' title='bbox 1843 5599 2109 5665; x_wconf 80' lang='grc' dir='ltr'>Ἀπειθὴς,</span> <span class='ocrx_word' id='word_1_772' title='bbox 2181 5599 2284 5671; x_wconf 80' lang='lat' dir='ltr'><strong>qui</strong></span> 
     </span>
    </p>
   </div>
   <div class='ocr_carea' id='block_1_107' title="bbox 630 5664 2292 5742">
    <p class='ocr_par' dir='ltr' id='par_1_107' title="bbox 630 5664 2292 5742">
     <span class='ocr_line' id='line_1_107' title="bbox 630 5664 2292 5742; baseline -0.002 -12"><span class='ocrx_word' id='word_1_773' title='bbox 630 5664 844 5742; x_wconf 71' lang='lat' dir='ltr'><strong>cii/ﬁcu</strong></span> <span class='ocrx_word' id='word_1_774' title='bbox 852 5670 961 5728; x_wconf 86' lang='lat' dir='ltr'><strong>lter</strong></span> <span class='ocrx_word' id='word_1_775' title='bbox 971 5670 1083 5726; x_wconf 84' lang='lat' dir='ltr'><strong>sibi</strong></span> <span class='ocrx_word' id='word_1_776' title='bbox 1098 5664 1444 5740; x_wconf 77' lang='lat' dir='ltr'><strong>persuaderi</strong></span> <span class='ocrx_word' id='word_1_777' title='bbox 1451 5670 1706 5740; x_wconf 84' lang='lat' dir='ltr'><strong>patitur.</strong></span> <span class='ocrx_word' id='word_1_778' title='bbox 1732 5671 1860 5728; x_wconf 87' lang='lat' dir='ltr'><strong>Non</strong></span> <span class='ocrx_word' id='word_1_779' title='bbox 1871 5685 2015 5741; x_wconf 89' lang='lat' dir='ltr'><strong>ergo</strong></span> <span class='ocrx_word' id='word_1_780' title='bbox 2027 5664 2292 5742; x_wconf 68' lang='lat' dir='ltr'><strong>opus&#39;est</strong></span> 
     </span>
    </p>
   </div>
   <div class='ocr_carea' id='block_1_108' title="bbox 2393 5455 2856 5514">
    <p class='ocr_par' dir='ltr' id='par_1_108' title="bbox 2393 5455 2856 5514">
     <span class='ocr_line' id='line_1_108' title="bbox 2393 5455 2856 5514; baseline -0.017 0"><span class='ocrx_word' id='word_1_781' title='bbox 2393 5455 2581 5514; x_wconf 81' lang='lat' dir='ltr'><strong>altero</strong></span> <span class='ocrx_word' id='word_1_782' title='bbox 2611 5456 2856 5514; x_wconf 81' lang='grc' dir='ltr'>ἄπιστοι.</span> 
     </span>
    </p>
   </div>
   <div class='ocr_carea' id='block_1_109' title="bbox 2460 5524 3994 5598">
    <p class='ocr_par' dir='ltr' id='par_1_109' title="bbox 2460 5524 3994 5598">
     <span class='ocr_line' id='line_1_109' title="bbox 2460 5524 3994 5598; baseline 0.001 -16"><span class='ocrx_word' id='word_1_783' title='bbox 2460 5526 2536 5598; x_wconf 87' lang='lat' dir='ltr'><strong>(c)</strong></span> <span class='ocrx_word' id='word_1_784' title='bbox 2572 5526 3090 5598; x_wconf 14' lang='lat' dir='ltr'><strong>lnfantiumﬂmore</strong></span> <span class='ocrx_word' id='word_1_785' title='bbox 3131 5527 3458 5585; x_wconf 82' lang='lat' dir='ltr'><strong>viventibus</strong></span> <span class='ocrx_word' id='word_1_786' title='bbox 3505 5524 3618 5584; x_wconf 89' lang='lat' dir='ltr'><strong>Sed</strong></span> <span class='ocrx_word' id='word_1_787' title='bbox 3653 5529 3994 5594; x_wconf 74' lang='grc' dir='ltr'>νηπιάξοντις</span> 
     </span>
    </p>
   </div>
   <div class='ocr_carea' id='block_1_110' title="bbox 2389 5597 3137 5658">
    <p class='ocr_par' dir='ltr' id='par_1_110' title="bbox 2389 5597 3137 5658">
     <span class='ocr_line' id='line_1_110' title="bbox 2389 5597 3137 5658; baseline 0 -4"><span class='ocrx_word' id='word_1_788' title='bbox 2389 5603 2446 5656; x_wconf 90' lang='lat' dir='ltr'><strong>et</strong></span> <span class='ocrx_word' id='word_1_789' title='bbox 2475 5597 2652 5658; x_wconf 76' lang='grc' dir='ltr'>νήπιοι</span> <span class='ocrx_word' id='word_1_790' title='bbox 2681 5613 2804 5655; x_wconf 91' lang='lat' dir='ltr'><strong>non</strong></span> <span class='ocrx_word' id='word_1_791' title='bbox 2831 5597 3137 5656; x_wconf 69' lang='lat' dir='ltr'><strong>differunt.</strong></span> 
     </span>
    </p>
   </div>
  </div>
