4170 6456
237 402 367 460 221

1273 407 1642 465 COMMENT.
1693 407 1764 463 IN
1796 406 2246 468 MATTHAEUM.
2285 445 2354 455 —
2392 413 2552 473 CAP.
2601 413 2676 474 V.

3526 411 3631 469 222

252 525 475 581 ὀδόντα
520 531 635 582 άντὶ
692 526 902 594 ὀδόντος
953 530 1231 600 ὶκϐἀλλειν,
1263 538 1354 585 καὶ
1403 532 1688 607 ἁσυμαθᾶς
1739 537 1876 587 κατὰ

2005 551 2056 592 ιο
2085 537 2325 594 dentem
2353 555 2462 612 pro
2497 540 2666 597 dente
2699 557 2922 608 eruere,
2957 547 3014 600 et
3052 544 3177 600 sine
3218 541 3638 614 compassione

259 625 369 670 τοῦ
423 618 721 680 ἓκϐαλόντος
767 621 1029 694 ὀφθαλμὸν
1068 624 1098 680 ἦ
1131 618 1325 675 ὀδόντα
1360 626 1500 684 τινὸς
1544 628 1637 681 τὴν
1691 642 1874 676 ταυτοο

260 709 502 760 πάθειαν
565 707 935 782 ἀποφηναμίνῳ
965 729 978 742 ·
1009 714 1123 763 ἔστι
1172 709 1232 764 δι
1299 711 1532 784 μάλιστα
1583 711 1875 786 φιλάνθρω-

263 815 381 856 πος
430 796 578 858 οὗτος
611 799 638 848 ό
678 803 856 860 νόμος.
909 807 1072 852 Τοῦτο
1117 803 1216 873 γὰρ
1273 800 1550 869 ἐκέλευσεν,
1609 801 1690 853 ἵνα
1739 802 1876 874 φόϐῳ

263 894 373 946 τῆς
445 888 828 950 ταυτοπαθείας
900 893 971 960 μὴ
1051 893 1171 950 τοὺς
1249 889 1478 948 ἀλλήλων
1558 889 1878 942 ἕκκόπτωσιν

262 974 574 1048 ὀφθαλμοὺς
638 980 728 1028 καὶ
782 973 1000 1038 ὀδόντας
1058 979 1107 1030 οί
1157 981 1274 1031 τότε
1329 979 1613 1052 ἅνθρωποι,
1672 975 1881 1054 σφόδρα

261 1064 558 1125 λυττῶντες
601 1064 670 1125 εἰς
717 1067 811 1126 τὰς
862 1065 974 1118 κατ’
1019 1065 1247 1126 ἀλληλὼν
1298 1067 1518 1139 πληγάς.
1557 1067 1616 1120 Ὀ
1652 1065 1710 1120 δὲ
1749 1075 1876 1141 Χρι-

265 1155 409 1215 στὸς
475 1153 951 1228 φιλανθρωπότερον
998 1158 1300 1228 νομοθετῶν,
1361 1156 1455 1208 οὐκ
1506 1156 1560 1208 ἐκ
1612 1167 1706 1219 τῆς
1748 1176 1880 1209 ταυ-

263 1244 559 1303 τοπαθείας
608 1241 913 1314 ἀνεχαίτισε
965 1246 1029 1296 τὰ
1082 1253 1316 1310 τοιαῦτα,
1372 1245 1482 1297 ἀλλ’
1529 1245 1584 1297 ἔκ
1632 1253 1728 1306 τῆς
1763 1245 1877 1320 μελ-

271 1329 482 1391 λούσης
529 1331 805 1395 κολάσεως.
856 1333 1084 1408 Εἰρηκὼς
1119 1337 1220 1408 γὰρ
1255 1337 1304 1387 εν
1350 1342 1456 1396 τοίς
1506 1334 1877 1409 προλαϐοῦσιν,

281 1421 374 1472 ὅτι
411 1426 500 1481 Ὃς
539 1417 591 1473 δ’
637 1420 696 1472 ἆν
728 1424 842 1495 εἴπῃ
896 1430 966 1493 τῷ
1014 1419 1218 1495 ἀδελφῷ
1268 1423 1644 1498 αὐτοῦ,Μωρε,
1699 1427 1881 1496 ἓνοχος

284 1511 444 1561 ἔσται
501 1509 575 1571 εἰς
644 1514 736 1569 τήν
797 1516 998 1582 γέενναν
1059 1519 1151 1564 τοῦ
1215 1516 1398 1584 πυρὸς,
1461 1509 1661 1566 δέδωκε
1729 1520 1878 1581 νοεῖν,

284 1600 373 1651 ὅτι
403 1599 429 1650 ό
459 1598 657 1661 πλήξας
706 1603 881 1672 μεῖζον
935 1603 1382 1674 τιμωρηθήσεται,
1430 1603 1455 1654 ὁ
1501 1598 1560 1654 δε
1609 1607 1880 1676 πηρώσας,

282 1689 364 1740 ἔτι
391 1685 580 1742 πλεῖον.
610 1686 762 1742 Ὅθεν
815 1689 1045 1743 ἄκίλευσε
1074 1694 1147 1761 μὴ
1193 1690 1501 1749 ἀντιστῆναι
1547 1699 1620 1742 τῶ
1651 1700 1878 1765 πονηρῷ.

279 1779 520 1851 Πονηρόν
569 1774 629 1829 δε
654 1785 762 1843 νῦν,
808 1782 937 1840 τινες
985 1781 1074 1851 μὲν
1119 1782 1205 1830 τὸν
1238 1778 1503 1842 πλήξαντα
1537 1779 1676 1832 εἶπον
1713 1802 1724 1814 ο
1769 1782 1793 1832 ό
1825 1777 1885 1832 δι

1987 630 2193 682 contra
2236 643 2374 684 eum
2421 629 2523 701 qui
2564 629 2805 686 oculum
2860 637 2962 687 aut
3011 632 3249 688 dentem
3296 630 3641 702 quempiam

1986 715 2156 783 eruit,
2184 716 2460 804 ea'mdem
2484 717 2847 775 denuntianti
2868 720 3290 776 calamitatem.
3322 719 3417 774 Est
3439 722 3641 774 autem

1986 801 2113 858 hac
2146 801 2497 860 lex'homini
2531 807 2789 862 maxime
2821 809 3034 864 amica.
3069 809 3129 863 ld
3155 809 3312 864 enim
3341 807 3544 878 jussit,
3583 810 3646 861 ut

1989 891 2200 947 timore
2233 893 2442 948 similis
2492 894 2828 951 afﬂictionis
2863 902 3160 959 caverent,
3215 912 3289 951 ne
3323 895 3478 951 illius
3503 900 3649 950 tem-

1987 979 2149 1051 poris
2174 981 2446 1037 homines
2473 983 2575 1054 qui
2606 983 2683 1038 ad
2711 983 2918 1055 plagas
2942 992 3146 1040 mutuo
3169 984 3510 1040 inferendas
3537 998 3644 1039 an-

1986 1067 2270 1124 helabant
2303 1070 2505 1126 oculos
2534 1077 2636 1126 aut
2669 1072 2878 1128 dentes
2911 1074 3026 1129 sibi
3057 1073 3311 1129 invicem
3349 1075 3641 1128 eruerent.

1991 1157 2248 1214 Christus
2286 1164 2483 1216 autem
2514 1161 2741 1216 homini
2780 1161 3228 1218 benevolentior
3253 1177 3440 1234 quam
3473 1160 3647 1230 legis-

1989 1246 2160 1311 lator,
2179 1247 2528 1319 hujusmodi
2551 1250 2710 1306 mala
2735 1265 2853 1306 non
2877 1251 3090 1306 similis
3105 1257 3261 1306 metu
3277 1249 3616 1306 afﬂictionis
3633 1292 3646 1315 ,

1991 1335 2095 1391 sed
2118 1335 2322 1391 futurae
2338 1337 2737 1394 damnationis
2761 1338 2970 1395 timore
2991 1338 3292 1396 dissuasit.
3316 1340 3462 1393 Cum
3482 1336 3643 1393 enim

1993 1425 2052 1480 in
2079 1426 2548 1498 praecedentibus
2585 1427 2787 1483 dixerit
2817 1428 2980 1501 quod
3006 1428 3082 1499 (ιι)
3110 1428 3454 1501 quicunque
3486 1427 3649 1482 dixe-

1993 1514 2062 1570 rit
2090 1514 2250 1572 fratri
2279 1531 2408 1578 suo,
2429 1517 2625 1580 Fatue,
2643 1531 2779 1572 reus
2801 1517 3212 1589 eritgehennae
3234 1516 3390 1586 ignis
3414 1533 3425 1570 :
3458 1513 3650 1570 mani-

1993 1601 2134 1658 feste
2156 1604 2348 1660 innuit
2376 1620 2514 1660 eum
2540 1605 2643 1677 qui
2671 1606 3020 1670 verberaret,
3059 1606 3192 1677 plus
3213 1621 3251 1677 q
3271 1621 3408 1660 uam
3432 1604 3653 1676 desipe-

1992 1705 2054 1746 re
2077 1692 2171 1762 (e),
2199 1692 2300 1764 qui
2320 1697 2512 1748 autem
2536 1693 2805 1749 membro
2829 1693 3146 1760 mutilaret,
3167 1693 3368 1749 adhuc
3391 1692 3651 1764 amplius

1993 1780 2088 1850 (Γ).
2139 1781 2298 1836 Unde
2331 1781 2505 1849 jussit
2536 1796 2655 1836 non
2705 1781 2976 1837 resistere
3022 1781 3199 1837 malo.
3249 1781 3463 1837 Malum
3511 1796 3645 1837 vero

283 1869 670 1938 Χρυσόστομος
701 1866 816 1937 (80)
849 1871 936 1918 τόν
978 1863 1220 1920 διάϐολον
1250 1871 1440 1943 εἴρηκε.
1472 1876 1636 1922 Τοῦτο
1667 1866 1726 1921 δε
1753 1866 1884 1922 εἶπεν

2005 1869 2242 1941 quidam
2267 1868 2364 1924 hic
2391 1869 2555 1924 illum
2582 1869 2880 1935 dixerunt,
2910 1870 3014 1943 qui
3041 1870 3436 1925 verberasset.
3469 1868 3651 1942 Chry-

284 1956 316 2006 ὁ
373 1959 625 2027 Χριστὸς,
702 1951 997 2024 διδάσκων,
1076 1958 1156 2009 ὅτι
1220 1959 1414 2010 ἑκείνου
1487 1958 1884 2032 παροξύναντος,

285 2051 460 2097 ταῦτα
506 2042 785 2117 ἐτολμήθη,
835 2049 925 2097 καὶ
969 2044 1055 2098 ἰπὶ
1097 2053 1280 2098 τοῦτον
1330 2048 1578 2119 μεθιστὰς
1607 2050 1694 2098 τόν
1729 2048 1888 2118 θυμόν

289 2142 386 2187 τοῦ
435 2135 766 2202 πεπονθότος,
807 2134 1144 2206 ἀγριούμενον
1191 2137 1327 2186 κατά
1373 2143 1465 2187 τοῦ
1517 2135 1883 2208 τολμήσαντος.

293 2226 361 2274 Τί
391 2219 476 2274 οὖν
507 2240 522 2292 ;
553 2222 627 2274 Οὐ
670 2219 756 2274 δεῖ
795 2221 1101 2282 ἀντιστῆναι
1149 2231 1221 2293 τῷ
1272 2219 1500 2295 διαϐόλῳ
1542 2241 1555 2291 ;
1588 2230 1692 2277 Ναί
1720 2242 1732 2254 ⁸
1767 2224 1892 2277 ἀλλά

297 2315 372 2383 μὴ
419 2309 467 2362 ἓν
517 2318 588 2381 τῷ
629 2310 913 2383 ἀμύνεσθαι
970 2315 1056 2363 τόν
1115 2309 1336 2384 ἀδελφόν
1367 2327 1382 2344 ·
1416 2316 1610 2371 ταύτην
1653 2316 1750 2388 γὰρ
1798 2319 1892 2372 τὴν

298 2398 606 2452 ἀντίστασιν
676 2399 929 2453 ἐκώλυσεν
961 2419 973 2431 ·
1009 2400 1114 2453 ἀλλ’
1184 2400 1233 2453 ἄν
1290 2409 1364 2472 τῷ
1428 2404 1779 2477 μακροθυμεῖν
1839 2422 1893 2456 τε

293 2494 386 2542 καὶ
430 2491 716 2562 ὑπομένειν.
765 2490 841 2543 Οὐ
887 2493 989 2565 γὰρ
1046 2493 1192 2563 θυμῷ
1243 2489 1513 2544 σϐέννυται
1567 2493 1746 2564 θυμὸς,
1794 2491 1894 2544 ῶσ-

295 2599 390 2652 περ
439 2576 562 2632 ούδὲ
611 2585 760 2652 πυρὶ,
793 2587 897 2653 πῦρ
937 2597 948 2608 ·
992 2578 1120 2632 ἀλλά
1167 2583 1231 2632 τά
1278 2579 1481 2634 ἕναντία
1515 2585 1748 2653 γίνονται
1795 2589 1893 2633 τῶν

296 2668 535 2721 ἐναντίων
574 2667 790 2741 ἰάματα.

370 2845 502 2900 Ἀλλ’
542 2877 609 2887 -
660 2844 842 2906 ἀλλην,
912 2845 1133 2914 Κελεύει,
1211 2851 1283 2920 μὴ
1350 2851 1501 2921 μόνον
1564 2853 1636 2922 μὴ
1706 2849 1894 2922 ἀμύνε-

306 2937 450 3000 σθαι,
493 2934 619 2987 ἀλλά
666 2941 755 2988 καὶ
805 2934 994 3008 μᾶλλον
1049 2935 1361 3010 ἕμπαρέχειν
1419 2937 1598 2990 ἑαυτὸν
1650 2947 1721 3010 τῷ
1776 2941 1894 2990 παί-

306 3043 431 3090 οντι,
494 3027 582 3076 καὶ
639 3021 732 3077 διὰ
787 3033 881 3087 τῆς
954 3024 1281 3088 ἀνεξικακίας
1353 3031 1438 3078 καὶ
1499 3027 1898 3099 μεγαλοψυχίας

305 3112 624 3166 ἀναστέλλειν
682 3114 856 3168 αὐτόν.
928 3113 1130 3167 Βλέπων
1184 3117 1284 3186 γὰρ
1340 3123 1506 3168 ταῦτα
1566 3115 1776 3184 ίκεῖνος,
1840 3115 1899 3167 οὗ

1996 1963 2295 2013 sostomus
2327 1973 2464 2013 vero
2485 1958 2797 2014 diabolum
2825 1959 3110 2030 intelligit.
3145 1962 3260 2015 Hoc
3281 1963 3476 2015 autem
3502 1958 3650 2014 dixit

1998 2045 2280 2117 Christus,
2314 2046 2537 2102 docens
2566 2046 2731 2119 quod
2767 2063 2837 2103 eo
2867 2047 3184 2118 instigante
3213 2047 3335 2102 haec
3367 2050 3657 2103 attentata

2000 2139 2157 2202 sunt,
2191 2140 2244 2191 et
2275 2135 2332 2190 in
2375 2135 2536 2190 hunc
2578 2136 2900 2192 transmisit
2928 2138 3078 2192 iram
3113 2136 3265 2207 ejus,
3299 2135 3396 2208 qui
3437 2135 3657 2206 injuria

1999 2222 2246 2279 aﬁ‘ectus
2277 2228 2384 2286 est,
2429 2229 2845 2294 exasperatam
2885 2223 3173 2279 adversus
3204 2239 3341 2279 eum
3371 2223 3475 2296 qui
3530 2223 3657 2278 hinc

2000 2328 2186 2368 ausus
2228 2311 2434 2367 fuerat.
2477 2311 2621 2377 Quid
2665 2327 2807 2382 ergo
2835 2313 2863 2367 τ
2895 2328 3084 2384 neque
3123 2311 3358 2367 diabolo
3388 2312 3655 2367 resistere

1998 2401 2194 2457 licebit
2231 2401 2260 2456 ‘l
2293 2401 2524 2473 Utique,
2572 2399 2679 2455 sed
2711 2416 2830 2456 non
2861 2400 3203 2456 ulciscendo
3236 2400 3411 2456 fratre
3447 2417 3460 2465 ;
3499 2399 3658 2456 hanc

2001 2491 2158 2547 enim
2196 2489 2590 2545 resistentiam
2632 2489 2953 2562 prohibuit,
2995 2489 3101 2544 sed
3145 2490 3205 2546 in
3258 2489 3541 2562 patiendo
3590 2504 3658 2544 ac

2000 2578 2589 2651 sustinendo.Neque
2621 2578 2781 2634 enim
2813 2594 2918 2650 per
2947 2578 3097 2634 iram
3126 2579 3490 2648 extinguitur
3518 2577 3608 2635 ira
3644 2594 3656 2633 :

2004 2668 2158 2723 sicut
2187 2683 2294 2722 nec
2326 2668 2482 2737 ignis
2512 2666 2662 2737 igni,
2695 2667 2801 2722 sed
2827 2667 3125 2724 contraria
3147 2667 3296 2723 ﬁunt
3325 2667 3636 2724 contrariis

2004 2755 2466 2813 medicamenta.

2074 2847 2230 2901 Vers.
2271 2846 2360 2900 39.
2405 2844 2514 2901 Sed
2541 2875 2610 2886 —
2667 2846 2934 2902 alteram.
2979 2845 3154 2902 Iubet
3195 2853 3256 2901 ut
3298 2860 3422 2902 non
3466 2843 3661 2900 solum

2004 2950 2125 2992 non
2158 2934 2549 2991 vindicamus.
2598 2935 2701 2990 sed
2732 2935 2960 3007 potius,
2995 2940 3056 2991 ut
3087 2951 3196 2991 nos
3228 2935 3388 3007 ipsos
3416 2933 3664 2990 cmdenti

2003 3025 2397 3098 praebeamus,
2431 3030 2487 3081 et
2516 3041 2615 3097 per
2645 3024 2966 3096 patientem
2997 3041 3067 3081 ac
3098 3024 3664 3096 magnanimitatem

2007 3115 2205 3187 ipsum
2235 3114 2621 3170 refrenemus.
2661 3113 2792 3169 Haec
2821 3113 2980 3169 enim
3013 3112 3106 3170 ille
3141 3113 3371 3178 videns,
3406 3127 3529 3170 non
3564 3128 3665 3169 so-

299 3207 453 3276 μόνον
500 3203 594 3256 οὐκ
624 3201 797 3266 ἐπάξει
838 3203 1046 3274 πληγὴν
1095 3199 1358 3276 δευτέραν,
1416 3201 1542 3255 ἀλλά
1582 3209 1671 3256 καὶ
1724 3203 1806 3256 ἐπὶ
1836 3211 1892 3276 τῇ

2005 3202 2133 3258 lum
2186 3217 2306 3258 non
2354 3201 2580 3272 inﬂiget
2621 3202 2856 3274 plagam
2897 3201 3165 3266 alteram,
3201 3201 3308 3257 sed
3351 3201 3425 3257 de
3468 3200 3665 3272 prima

301 3298 484 3367 πρώτῃ
553 3291 986 3364 μεταμελήσεται,
1064 3296 1154 3343 καὶ
1205 3291 1658 3362 καταλλαγήσεται
1700 3313 1712 3326 ·
1757 3291 1902 3345 ἀντι-

309 3377 543 3452 δρῶντος
596 3375 655 3431 δέ
705 3397 822 3447 σου,
868 3378 1058 3450 μᾶλλον
1107 3377 1452 3450 ίξαφθήσεται
1496 3384 1587 3431 καὶ
1639 3378 1904 3452 ἀγριωθή-

311 3486 478 3522 σεται.

385 3559 486 3608 Καὶ
541 3551 705 3626 διατί,
782 3553 976 3607 πολλῶν
1038 3558 1192 3606 ὄντων
1267 3555 1429 3628 μελῶν
1482 3563 1574 3609 τοῦ
1643 3561 1903 3629 σώματος,

306 3649 426 3718 περὶ
472 3647 631 3716 μόνον
685 3651 775 3696 τοῦ
835 3643 1100 3716 ὀφθαλμοῦ
1155 3649 1240 3697 καὶ
1284 3652 1374 3698 τοῦ
1423 3640 1636 3708 ὀδόντος
1675 3643 1906 3700 διέλαϐεν

304 3736 330 3786 ὁ
386 3737 582 3806 νόμος;
625 3737 763 3786 Διότι
816 3735 952 3786 κατὰ
1013 3736 1205 3786 τούτων
1269 3734 1501 3806 μάλιστα
1573 3744 1673 3788 τῶν
1738 3744 1905 3812 μερῶν

304 3824 548 3876 εἰώθασιν
596 3825 803 3895 ἐπάγειν
846 3826 941 3884 τάς
978 3823 1184 3894 πληγὰς
1227 3826 1274 3876 οἱ
1311 3829 1628 3898 μαχόμενοι,
1673 3828 1742 3888 ὡς
1771 3824 1900 3897 ἀφυ-

302 3912 506 3965 λάκτων
555 3917 644 3964 καὶ
690 3917 986 3987 προχείρων
1060 3915 1148 3964 καὶ
1215 3909 1410 3988 ῥᾳδίως
1485 3914 1904 3990 τραυμάτιζομέ-

304 4021 420 4057 νων.
474 3999 533 4053 c0
587 3997 637 4053 δ’
695 4000 776 4054 ίπὶ
849 4003 1051 4062 τούτοις
1107 4005 1263 4074 νόμος
1333 4007 1422 4054 καὶ
1480 4001 1563 4054 ἐπὶ
1612 4004 1783 4055 πάντα
1836 4005 1903 4056 τά

301 4090 461 4142 λοιπά
488 4088 765 4142 ἐκτείνεται
813 4089 961 4162 μέλη.
1005 4093 1106 4142 Καὶ
1137 4091 1168 4148 ἠ
1206 4086 1354 4152 δεξιὰ
1407 4087 1466 4144 δι
1521 4097 1718 4162 σιαγὼν
1771 4097 1902 4165 πρό-

303 4198 486 4252 χειρος
545 4178 616 4239 εἰς
699 4176 869 4252 ὕϐριν,
953 4175 1365 4253 ἐπιτηδειότερον
1442 4179 1773 4252 ἐμπίπτουσα
1836 4188 1898 4253 τῇ

306 4266 455 4339 δεξιᾷ
483 4273 630 4342 χειρὶ
676 4276 767 4320 τοῦ
815 4266 1143 4342 ὑϐρίζοντος.
1187 4272 1286 4321 Καὶ
1335 4270 1364 4327 ἡ
1400 4267 1482 4322 ίπὶ
1529 4272 1690 4342 ταύτῃ
1723 4269 1899 4328 ἐντολὴ

305 4362 398 4410 καὶ
436 4356 520 4409 ἐπὶ
550 4359 614 4409 τά
639 4355 797 4410 λοιπά
827 4359 1012 4429 ὁμοίως
1042 4353 1236 4415 διήκει.

2009 3307 2251 3364 quoque
2282 3293 2586 3364 resipiscet
2607 3309 2676 3348 ac
2707 3291 3184 3349 reconciliabitur
3213 3308 3223 3347 :
3253 3291 3419 3364 quod
3450 3293 3497 3347 si
3550 3306 3667 3346 res-

2011 3381 2216 3447 titeris,
2244 3382 2594 3438 accendetur
2618 3382 2814 3454 magis
2842 3385 2898 3438 et
2927 3380 3398 3453 exasperabitur.

2085 3557 2276 3624 Quare
2305 3560 2519 3623 autem,
2555 3572 2692 3614 cum
2728 3554 2912 3614 multa
2946 3557 3061 3613 sint
3085 3557 3349 3630 corporis
3374 3556 3668 3625 membra,

2011 3647 2081 3704 de
2112 3647 2239 3704 solo
2269 3647 2444 3704 oculo
2474 3663 2544 3703 ac
2589 3647 2765 3703 dente
2811 3647 3083 3703 distinxit
3112 3647 3186 3719 (g)
3216 3647 3309 3703 lex
3341 3649 3369 3704 7
3400 3647 3550 3713 Quia
3579 3647 3672 3703 his

2010 3736 2308 3810 praecipue
2330 3736 2601 3808 partibus
2630 3735 2820 3791 selent
2841 3743 3176 3808 pugnantes
3201 3737 3411 3808 plagas
3433 3736 3668 3803 inferre,

2011 3831 2210 3899 utpote
2243 3826 2438 3882 minus
2471 3827 2738 3889 servatis,
2783 3841 3040 3898 quaeque
3073 3826 3264 3896 magis
3295 3826 3354 3882 in
3387 3830 3671 3898 promptu

2008 3922 2166 3983 sunt,
2198 3931 2268 3971 ao
2297 3915 2526 3970 facilius
2576 3914 2982 3970 vulnerantur.
3026 3914 3130 3970 Per
3175 3914 3302 3971 hac
3345 3920 3546 3971 autem
3593 3913 3672 3970 ad

2007 4010 2220 4060 caetera
2243 4020 2479 4076 quoque
2500 4003 2772 4059 membra
2796 4002 2890 4059 lex
2911 4003 3266 4059 extenditur.
3291 4005 3504 4060 Dextra
3527 4019 3673 4075 quo-

2006 4109 2123 4166 que
2154 4092 2394 4149 maxilla
2437 4092 2700 4148 maxime
2739 4091 2958 4148 idonea
3005 4097 3094 4148 est
3132 4093 3210 4148 ad
3256 4092 3672 4149 sustinendam

2007 4183 2291 4254 injuriam
2329 4197 2466 4254 quas
2511 4186 2567 4237 et
2597 4181 2974 4236 commodius
3015 4180 3292 4252 pulsatur
3323 4197 3501 4238 manu
3533 4181 3673 4236 dex-

2009 4278 2100 4327 tra
2134 4270 2415 4341 injuriam
2458 4269 2778 4339 irrogantis
2829 4285 2841 4323 :
2893 4274 2946 4324 et
2995 4269 3069 4324 de
3118 4269 3231 4325 hac
3278 4274 3363 4324 est
3411 4284 3670 4340 praecep-

2009 4366 2137 4416 tum
2163 4358 2326 4431 quod
2355 4358 2535 4414 etiam
2571 4357 2650 4413 ad
2677 4356 2905 4429 reliqua
2937 4356 3209 4412 membra
3240 4355 3506 4411 similiter
3543 4372 3670 4428 per-

2014 4447 2212 4518 tingit.

384 4538 484 4587 Καὶ
531 4542 602 4605 τῷ
630 4564 698 4576 -
740 4535 963 4606 ἱμάτιον.
1026 4533 1266 4588 Βούλεταί
1324 4554 1381 4588 σε
1430 4539 1526 4594 τὴν
1578 4533 1892 4598 ἀνεξικακίαι

2083 4536 2246 4592 Vers.
2296 4535 2386 4592 40.
2427 4535 2504 4592 Et
2529 4567 2595 4576 —
2625 4535 2894 4606 pallium.
2932 4533 3068 4590 Vult
3097 4538 3160 4590 ut
3184 4533 3553 4591 tolerantiam
3597 4550 3666 4592 ac

312 4627 401 4674 καὶ
430 4622 828 4695 μεγαλοψυχίαν
881 4625 1096 4694 ταύτην,
1149 4628 1219 4695 μὴ
1272 4628 1424 4696 μόνον
1465 4626 1549 4676 ἐπὶ
1578 4624 1789 4697 πληγῶν
1813 4630 1904 4678 κα)⁸

312 4710 524 4786 ὕϐρεων,
589 4711 718 4764 άλλά
794 4717 884 4764 καὶ
943 4711 1026 4764 ἐπὶ
1105 4714 1380 4785 κτημάτων
1448 4717 1539 4765 καὶ
1615 4715 1904 4788 χρημάτων

309 4803 654 4874 παρέχεσθαι.
696 4801 754 4853 '0
781 4804 882 4875 γὰρ
925 4805 1041 4876 περὶ
1073 4809 1164 4854 τοῦ
1194 4810 1421 4873 χιτῶνος
1456 4801 1627 4873 λόγος,
1679 4805 1743 4862 ὡς
1771 4821 1904 4875 προ-

305 4895 492 4964 χείρου
519 4891 591 4953 εἰς
619 4893 678 4942 τό
709 4889 1066 4965 ἀφαιρεῖσθαι,
1100 4895 1190 4943 καὶ
1219 4889 1302 4943 ίπὶ
1331 4898 1500 4943 ταῦτα
1531 4886 1566 4942 δ
1571 4896 1729 4950 ιήκει.
1769 4895 1907 4951 Φησὶ

305 4983 424 5051 γὰρ,
477 4982 700 5052 ὅτι-Τῷ.
736 4979 934 5044 Orioni.
997 4997 1080 5032 σοι
1133 4976 1463 5045 δικάσασθαι
1514 4985 1603 5036 καὶ
1664 4983 1752 5032 τὸν
1811 5001 1908 5053 χι-

304 5071 442 5121 τῶνά
498 5088 593 5121 σου
659 5067 852 5134 λαϐεῖν,
913 5069 1036 5141 ἄφες
1094 5068 1234 5140 αὐτῷ
1291 5075 1382 5122 καὶ
1437 5071 1494 5121 τὸ
1543 5071 1766 5141 ἱμάτιον,
1819 5074 1907 5122 καὶ

304 5163 520 5216 νίκησον
554 5163 642 5217 τὴν
697 5158 858 5210 αὐτοῦ
916 5157 1224 5226 πλεονεξίαν,
1276 5162 1346 5231 μὴ
1403 5162 1556 5230 μόνον
1594 5165 1656 5229 τῇ
1687 5158 1908 5231 ἑκουσίῳ

2014 4625 2571 4698 magnanimitatem
2620 4625 2778 4680 hanc
2819 4638 2940 4680 non
2984 4623 3063 4680 ad
3109 4623 3320 4696 plagas
3366 4624 3561 4680 solum
3618 4627 3677 4680 et

2014 4715 2284 4787 injurias,
2337 4715 2442 4771 sed
2481 4714 2561 4771 ad
2608 4713 3023 4786 possessiones
3078 4729 3314 4786 quoque
3355 4714 3663 4786 praebeas:

2015 4805 2094 4861 ad
2128 4803 2247 4860 ista
2289 4818 2507 4874 nempe
2548 4801 2830 4876 pertingit
2873 4801 3052 4858 etiam
3092 4819 3310 4866 sermo,
3351 4802 3455 4874 qui
3500 4802 3564 4858 ﬁt
3597 4803 3672 4858 de

2018 4893 2232 4958 tunica,
2251 4895 2454 4964 utpote
2479 4889 3292 4948 commodioriutauferatur:
3314 4890 3456 4948 dicit
3479 4891 3638 4947 enim
3661 4905 3673 4944 :

2028 4981 2256 5038 Valenti
2301 4987 2352 5036 te
2399 4980 2463 5036 in
2499 4981 2606 5052 jus
2634 4981 2884 5047 trahere,
2927 4988 3194 5053 tuamque
3231 4979 3470 5049 auferre
3527 4977 3680 5035 tuni-

2016 5085 2163 5138 cam,
2178 5069 2481 5143 relinquas
2497 5069 2666 5127 etiam
2680 5075 2734 5126 et
2751 5069 3024 5140 pallium,
3045 5085 3114 5126 ac
3125 5070 3330 5126 vincas
3355 5067 3511 5123 illius
3536 5082 3676 5124 ava-

2019 5160 2068 5216 ri
2083 5160 2246 5226 tiam,
2271 5174 2390 5216 non
2409 5162 2642 5216 tantum
2655 5158 3002 5216 substantiae
3023 5174 3210 5231 quam
3226 5155 3677 5231 petitcessione,

1525 5319 1748 5406 Variae
1777 5335 2103 5408 lectiones
2141 5345 2208 5406 et
2247 5346 2448 5406 notas.

378 5453 496 5527 (se)
529 5455 568 5511 t.
605 5452 726 5521 vn,
751 5466 812 5526 p.
847 5452 970 5509 234.

379 5608 460 5683 (εἰ)
477 5608 678 5683 Miror,
709 5607 1088 5683 interpretem
1114 5609 1194 5683 {in
1218 5610 1576 5682 expressisse
1604 5625 1711 5683 per
1724 5611 1902 5683 quod,

306 5678 448 5738 cum
472 5679 532 5735 id
564 5679 622 5735 in
656 5678 880 5735 talibus
903 5678 1215 5736 redundet.

378 5754 452 5824 (θ)
499 5751 637 5808 Plus
660 5765 839 5825 quam
861 5750 1140 5820 desipere.
1162 5751 1455 5822 Severius,
1479 5752 1718 5822 gravius
1733 5753 1905 5826 puni-

2014 5617 2400 5756 ωῶιὲδὴυο
2438 5678 2713 5756 amplius.
2733 5678 2939 5756 titiam
2964 5675 3242 5756 gravius.
3268 5745 3278 5756 .

2085 5748 2170 5826 (θ’)
2199 5749 2477 5808 Βίεείπωίε
2499 5749 2832 5822 Separatim
2859 5749 3006 5805 dixit
3034 5748 3326 5820 praecepit.
