  <div class='ocr_page' id='page_1' title='image "/cluster/home/n/w/nwhite01/storage/ocr_20150623/129/hvd.32044019208511/123.png"; bbox 0 0 4170 6440; ppageno 0'>
   <div class='ocr_carea' id='block_1_1' title="bbox 621 348 726 405">
    <p class='ocr_par' dir='ltr' id='par_1_1' title="bbox 621 348 726 405">
     <span class='ocr_line' id='line_1_1' title="bbox 621 348 726 405; baseline 0.019 -2"><span class='ocrx_word' id='word_1_1' title='bbox 621 348 726 405; x_wconf 78' lang='grc'><strong>219</strong></span> 
     </span>
    </p>
   </div>
   <div class='ocr_carea' id='block_1_2' title="bbox 1931 349 2655 412">
    <p class='ocr_par' dir='ltr' id='par_1_2' title="bbox 1931 349 2655 412">
     <span class='ocr_line' id='line_1_2' title="bbox 1931 349 2655 412; baseline 0.007 -6"><span class='ocrx_word' id='word_1_2' title='bbox 1931 349 2228 408; x_wconf 84' lang='lat' dir='ltr'><strong>EUTHYM</strong></span> <span class='ocrx_word' id='word_1_3' title='bbox 2236 351 2286 408; x_wconf 86' lang='grc' dir='ltr'>ΙΙ</span> <span class='ocrx_word' id='word_1_4' title='bbox 2318 351 2655 412; x_wconf 79' lang='lat' dir='ltr'><strong>ZIGABENI</strong></span> 
     </span>
    </p>
   </div>
   <div class='ocr_carea' id='block_1_3' title="bbox 3929 357 4037 414">
    <p class='ocr_par' dir='ltr' id='par_1_3' title="bbox 3929 357 4037 414">
     <span class='ocr_line' id='line_1_3' title="bbox 3929 357 4037 414; baseline 0 0"><span class='ocrx_word' id='word_1_5' title='bbox 3929 357 4037 414; x_wconf 72' lang='lat'><strong>220</strong></span> 
     </span>
    </p>
   </div>
   <div class='ocr_carea' id='block_1_4' title="bbox 615 473 2275 558">
    <p class='ocr_par' dir='ltr' id='par_1_4' title="bbox 615 473 2271 549">
     <span class='ocr_line' id='line_1_4' title="bbox 615 473 2271 549; baseline 0.003 -19"><span class='ocrx_word' id='word_1_6' title='bbox 615 475 798 547; x_wconf 87' lang='lat' dir='ltr'><strong>jurat,</strong></span> <span class='ocrx_word' id='word_1_7' title='bbox 855 473 958 547; x_wconf 87' lang='lat' dir='ltr'><strong>qui</strong></span> <span class='ocrx_word' id='word_1_8' title='bbox 987 475 1110 531; x_wconf 72' lang='lat' dir='ltr'><strong>haec</strong></span> <span class='ocrx_word' id='word_1_9' title='bbox 1159 474 1385 548; x_wconf 82' lang='lat' dir='ltr'><strong>implet,</strong></span> <span class='ocrx_word' id='word_1_10' title='bbox 1450 475 1656 549; x_wconf 78' lang='lat' dir='ltr'><strong>eisque</strong></span> <span class='ocrx_word' id='word_1_11' title='bbox 1707 477 2074 533; x_wconf 79' lang='lat' dir='ltr'><strong>dominatur.</strong></span> <span class='ocrx_word' id='word_1_12' title='bbox 2125 481 2271 535; x_wconf 80' lang='lat' dir='ltr'><strong>Nam</strong></span> 
     </span>
    </p>
   </div>
   <div class='ocr_carea' id='block_1_5' title="bbox 2386 473 4030 558">
    <p class='ocr_par' dir='ltr' id='par_1_5' title="bbox 2386 477 4030 558">
     <span class='ocr_line' id='line_1_5' title="bbox 2386 477 4030 558; baseline 0.003 -27"><span class='ocrx_word' id='word_1_13' title='bbox 2386 478 2699 554; x_wconf 78' lang='grc' dir='ltr'>πληροῦντος</span> <span class='ocrx_word' id='word_1_14' title='bbox 2723 479 2878 545; x_wconf 72' lang='grc' dir='ltr'>αὐτὰ,</span> <span class='ocrx_word' id='word_1_15' title='bbox 2904 485 2994 533; x_wconf 73' lang='grc' dir='ltr'><strong>καί</strong></span> <span class='ocrx_word' id='word_1_16' title='bbox 3049 477 3391 546; x_wconf 73' lang='grc' dir='ltr'><strong>δεσπόζοντος</strong></span> <span class='ocrx_word' id='word_1_17' title='bbox 3420 482 3614 540; x_wconf 77' lang='grc' dir='ltr'>αὐτῶν.</span> <span class='ocrx_word' id='word_1_18' title='bbox 3669 487 3876 556; x_wconf 78' lang='grc' dir='ltr'>Τίμιοε</span> <span class='ocrx_word' id='word_1_19' title='bbox 3922 485 4030 558; x_wconf 72' lang='grc' dir='ltr'><strong>γὰρ</strong></span> 
     </span>
    </p>
   </div>
   <div class='ocr_carea' id='block_1_6' title="bbox 619 563 2273 636">
    <p class='ocr_par' dir='ltr' id='par_1_6' title="bbox 619 563 2273 636">
     <span class='ocr_line' id='line_1_6' title="bbox 619 563 2273 636; baseline 0.001 -16"><span class='ocrx_word' id='word_1_20' title='bbox 619 563 748 620; x_wconf 57' lang='lat' dir='ltr'><strong>haec</strong></span> <span class='ocrx_word' id='word_1_21' title='bbox 801 569 1041 636; x_wconf 82' lang='lat' dir='ltr'><strong>propter</strong></span> <span class='ocrx_word' id='word_1_22' title='bbox 1093 579 1227 620; x_wconf 89' lang='lat' dir='ltr'><strong>eum</strong></span> <span class='ocrx_word' id='word_1_23' title='bbox 1277 565 1337 620; x_wconf 92' lang='lat' dir='ltr'><strong>in</strong></span> <span class='ocrx_word' id='word_1_24' title='bbox 1390 565 1619 622; x_wconf 89' lang='lat' dir='ltr'><strong>honore</strong></span> <span class='ocrx_word' id='word_1_25' title='bbox 1689 565 2002 630; x_wconf 90' lang='lat' dir='ltr'><strong>habentur,</strong></span> <span class='ocrx_word' id='word_1_26' title='bbox 2045 571 2102 622; x_wconf 91' lang='lat' dir='ltr'><strong>et</strong></span> <span class='ocrx_word' id='word_1_27' title='bbox 2157 582 2273 623; x_wconf 86' lang='lat' dir='ltr'><strong>non</strong></span> 
     </span>
    </p>
   </div>
   <div class='ocr_carea' id='block_1_7' title="bbox 617 654 2275 728">
    <p class='ocr_par' dir='ltr' id='par_1_7' title="bbox 617 654 2275 728">
     <span class='ocr_line' id='line_1_7' title="bbox 617 654 2275 728; baseline 0.002 -20"><span class='ocrx_word' id='word_1_28' title='bbox 617 670 724 728; x_wconf 90' lang='lat' dir='ltr'><strong>per</strong></span> <span class='ocrx_word' id='word_1_29' title='bbox 778 654 987 725; x_wconf 82' lang='lat' dir='ltr'><strong>seipse.</strong></span> <span class='ocrx_word' id='word_1_30' title='bbox 1041 654 1186 710; x_wconf 82' lang='lat' dir='ltr'><strong>Dicit</strong></span> <span class='ocrx_word' id='word_1_31' title='bbox 1234 659 1435 710; x_wconf 88' lang='lat' dir='ltr'><strong>autem</strong></span> <span class='ocrx_word' id='word_1_32' title='bbox 1491 670 1598 724; x_wconf 90' lang='lat' dir='ltr'><strong>per</strong></span> <span class='ocrx_word' id='word_1_33' title='bbox 1631 656 2020 728; x_wconf 82' lang='lat' dir='ltr'><strong>prophetam:</strong></span> <span class='ocrx_word' id='word_1_34' title='bbox 2056 656 2275 714; x_wconf 75' lang='lat' dir='ltr'><strong>Catum</strong></span> 
     </span>
    </p>
   </div>
   <div class='ocr_carea' id='block_1_8' title="bbox 617 742 2277 814">
    <p class='ocr_par' dir='ltr' id='par_1_8' title="bbox 617 742 2277 814">
     <span class='ocr_line' id='line_1_8' title="bbox 617 742 2277 814; baseline 0.002 -16"><span class='ocrx_word' id='word_1_35' title='bbox 617 742 760 798; x_wconf 83' lang='lat' dir='ltr'><strong>mihi</strong></span> <span class='ocrx_word' id='word_1_36' title='bbox 784 743 934 798; x_wconf 81' lang='lat' dir='ltr'><strong>sedes</strong></span> <span class='ocrx_word' id='word_1_37' title='bbox 964 750 1071 809; x_wconf 80' lang='lat' dir='ltr'><strong>est,</strong></span> <span class='ocrx_word' id='word_1_38' title='bbox 1106 750 1262 800; x_wconf 81' lang='lat' dir='ltr'><strong>terra</strong></span> <span class='ocrx_word' id='word_1_39' title='bbox 1292 749 1490 800; x_wconf 83' lang='lat' dir='ltr'><strong>autem</strong></span> <span class='ocrx_word' id='word_1_40' title='bbox 1533 744 1848 800; x_wconf 79' lang='lat' dir='ltr'><strong>scabellum</strong></span> <span class='ocrx_word' id='word_1_41' title='bbox 1874 745 2089 814; x_wconf 83' lang='lat' dir='ltr'><strong>pedum</strong></span> <span class='ocrx_word' id='word_1_42' title='bbox 2119 761 2277 802; x_wconf 90' lang='lat' dir='ltr'><strong>meo-</strong></span> 
     </span>
    </p>
   </div>
   <div class='ocr_carea' id='block_1_9' title="bbox 616 831 2277 905">
    <p class='ocr_par' dir='ltr' id='par_1_9' title="bbox 616 831 2277 905">
     <span class='ocr_line' id='line_1_9' title="bbox 616 831 2277 905; baseline 0.002 -19"><span class='ocrx_word' id='word_1_43' title='bbox 616 847 747 887; x_wconf 82' lang='lat' dir='ltr'><strong>rum</strong></span> <span class='ocrx_word' id='word_1_44' title='bbox 779 835 822 896; x_wconf 86' lang='grc'><strong>³,</strong></span> <span class='ocrx_word' id='word_1_45' title='bbox 854 831 1250 887; x_wconf 80' lang='lat' dir='ltr'><strong>manifestans</strong></span> <span class='ocrx_word' id='word_1_46' title='bbox 1301 846 1407 904; x_wconf 88' lang='lat' dir='ltr'><strong>per</strong></span> <span class='ocrx_word' id='word_1_47' title='bbox 1452 831 1567 887; x_wconf 93' lang='lat' dir='ltr'><strong>hoc</strong></span> <span class='ocrx_word' id='word_1_48' title='bbox 1597 833 1907 904; x_wconf 90' lang='lat' dir='ltr'><strong>propheta,</strong></span> <span class='ocrx_word' id='word_1_49' title='bbox 1949 834 2112 905; x_wconf 88' lang='lat' dir='ltr'><strong>quod</strong></span> <span class='ocrx_word' id='word_1_50' title='bbox 2150 850 2277 890; x_wconf 80' lang='lat' dir='ltr'><strong>om-</strong></span> 
     </span>
    </p>
   </div>
   <div class='ocr_carea' id='block_1_10' title="bbox 615 921 2276 992">
    <p class='ocr_par' dir='ltr' id='par_1_10' title="bbox 615 921 2276 992">
     <span class='ocr_line' id='line_1_10' title="bbox 615 921 2276 992; baseline 0.001 -15"><span class='ocrx_word' id='word_1_51' title='bbox 615 921 721 977; x_wconf 89' lang='lat' dir='ltr'><strong>nia</strong></span> <span class='ocrx_word' id='word_1_52' title='bbox 769 923 927 976; x_wconf 88' lang='lat' dir='ltr'><strong>Deus</strong></span> <span class='ocrx_word' id='word_1_53' title='bbox 978 921 1236 992; x_wconf 87' lang='lat' dir='ltr'><strong>impleat.</strong></span> <span class='ocrx_word' id='word_1_54' title='bbox 1301 921 1394 976; x_wconf 83' lang='lat' dir='ltr'><strong>Ait</strong></span> <span class='ocrx_word' id='word_1_55' title='bbox 1445 921 1606 976; x_wconf 92' lang='lat' dir='ltr'><strong>enim</strong></span> <span class='ocrx_word' id='word_1_56' title='bbox 1637 923 1886 978; x_wconf 83' lang='lat' dir='ltr'><strong>:Nonne</strong></span> <span class='ocrx_word' id='word_1_57' title='bbox 1964 924 2167 979; x_wconf 71' lang='lat' dir='ltr'><strong>calum</strong></span> <span class='ocrx_word' id='word_1_58' title='bbox 2224 930 2276 980; x_wconf 88' lang='lat' dir='ltr'><strong>et</strong></span> 
     </span>
    </p>
   </div>
   <div class='ocr_carea' id='block_1_11' title="bbox 617 1009 2276 1083">
    <p class='ocr_par' dir='ltr' id='par_1_11' title="bbox 617 1009 2276 1083">
     <span class='ocr_line' id='line_1_11' title="bbox 617 1009 2276 1083; baseline 0.001 -17"><span class='ocrx_word' id='word_1_59' title='bbox 617 1015 841 1067; x_wconf 81' lang='lat' dir='ltr'><strong>terram</strong></span> <span class='ocrx_word' id='word_1_60' title='bbox 867 1025 973 1080; x_wconf 86' lang='lat' dir='ltr'><strong>ego</strong></span> <span class='ocrx_word' id='word_1_61' title='bbox 1003 1010 1252 1079; x_wconf 79' lang='lat' dir='ltr'><strong>impleo‘</strong></span> <span class='ocrx_word' id='word_1_62' title='bbox 1282 1010 1310 1065; x_wconf 88' lang='lat'><strong>?</strong></span> <span class='ocrx_word' id='word_1_63' title='bbox 1354 1009 1540 1066; x_wconf 80' lang='lat' dir='ltr'><strong>David</strong></span> <span class='ocrx_word' id='word_1_64' title='bbox 1571 1025 1816 1083; x_wconf 91' lang='lat' dir='ltr'><strong>quoque</strong></span> <span class='ocrx_word' id='word_1_65' title='bbox 1853 1011 1996 1066; x_wconf 88' lang='lat' dir='ltr'><strong>dicit</strong></span> <span class='ocrx_word' id='word_1_66' title='bbox 2024 1028 2037 1066; x_wconf 93' lang='lat'>:</span> <span class='ocrx_word' id='word_1_67' title='bbox 2067 1013 2276 1069; x_wconf 83' lang='lat' dir='ltr'><strong>Civitas</strong></span> 
     </span>
    </p>
   </div>
   <div class='ocr_carea' id='block_1_12' title="bbox 616 1099 1062 1170">
    <p class='ocr_par' dir='ltr' id='par_1_12' title="bbox 616 1099 1062 1170">
     <span class='ocr_line' id='line_1_12' title="bbox 616 1099 1062 1170; baseline 0.007 -17"><span class='ocrx_word' id='word_1_68' title='bbox 616 1101 767 1170; x_wconf 79' lang='lat' dir='ltr'><strong>regis</strong></span> <span class='ocrx_word' id='word_1_69' title='bbox 791 1099 990 1169; x_wconf 80' lang='lat' dir='ltr'><strong>magni</strong></span> <span class='ocrx_word' id='word_1_70' title='bbox 1013 1101 1062 1156; x_wconf 84' lang='grc'><strong>⁵.</strong></span> 
     </span>
    </p>
   </div>
   <div class='ocr_carea' id='block_1_13' title="bbox 689 1187 2275 1260">
    <p class='ocr_par' dir='ltr' id='par_1_13' title="bbox 689 1187 2275 1260">
     <span class='ocr_line' id='line_1_13' title="bbox 689 1187 2275 1260; baseline 0.001 -16"><span class='ocrx_word' id='word_1_71' title='bbox 689 1187 849 1244; x_wconf 91' lang='lat' dir='ltr'><strong>Vers.</strong></span> <span class='ocrx_word' id='word_1_72' title='bbox 896 1188 990 1244; x_wconf 87' lang='lat'><strong>37.</strong></span> <span class='ocrx_word' id='word_1_73' title='bbox 1041 1187 1242 1260; x_wconf 82' lang='lat' dir='ltr'><strong>Neque</strong></span> <span class='ocrx_word' id='word_1_74' title='bbox 1286 1219 1353 1228; x_wconf 97' lang='lat'><strong>—</strong></span> <span class='ocrx_word' id='word_1_75' title='bbox 1397 1189 1609 1256; x_wconf 81' lang='lat' dir='ltr'><strong>facere.</strong></span> <span class='ocrx_word' id='word_1_76' title='bbox 1669 1191 1870 1260; x_wconf 86' lang='lat' dir='ltr'><strong>Neque</strong></span> <span class='ocrx_word' id='word_1_77' title='bbox 1923 1189 2275 1246; x_wconf 83' lang='lat' dir='ltr'><strong>vilissimum</strong></span> 
     </span>
    </p>
   </div>
   <div class='ocr_carea' id='block_1_14' title="bbox 617 1275 2275 1349">
    <p class='ocr_par' dir='ltr' id='par_1_14' title="bbox 617 1275 2275 1349">
     <span class='ocr_line' id='line_1_14' title="bbox 617 1275 2275 1349; baseline 0.001 -16"><span class='ocrx_word' id='word_1_78' title='bbox 617 1275 875 1349; x_wconf 87' lang='lat' dir='ltr'><strong>ideoque</strong></span> <span class='ocrx_word' id='word_1_79' title='bbox 892 1277 1338 1348; x_wconf 88' lang='lat' dir='ltr'><strong>paratissimum</strong></span> <span class='ocrx_word' id='word_1_80' title='bbox 1363 1278 1774 1349; x_wconf 90' lang='lat' dir='ltr'><strong>juramentum</strong></span> <span class='ocrx_word' id='word_1_81' title='bbox 1797 1279 2112 1349; x_wconf 89' lang='lat' dir='ltr'><strong>juraveris,</strong></span> <span class='ocrx_word' id='word_1_82' title='bbox 2140 1279 2275 1335; x_wconf 90' lang='lat' dir='ltr'><strong>dico</strong></span> 
     </span>
    </p>
   </div>
   <div class='ocr_carea' id='block_1_15' title="bbox 619 1366 2274 1440">
    <p class='ocr_par' dir='ltr' id='par_1_15' title="bbox 619 1366 2274 1440">
     <span class='ocr_line' id='line_1_15' title="bbox 619 1366 2274 1440; baseline 0.001 -18"><span class='ocrx_word' id='word_1_83' title='bbox 619 1382 768 1423; x_wconf 91' lang='lat' dir='ltr'><strong>sane</strong></span> <span class='ocrx_word' id='word_1_84' title='bbox 785 1381 881 1438; x_wconf 86' lang='lat' dir='ltr'><strong>per</strong></span> <span class='ocrx_word' id='word_1_85' title='bbox 905 1367 1210 1438; x_wconf 91' lang='lat' dir='ltr'><strong>proprium</strong></span> <span class='ocrx_word' id='word_1_86' title='bbox 1241 1374 1442 1438; x_wconf 90' lang='lat' dir='ltr'><strong>caput,</strong></span> <span class='ocrx_word' id='word_1_87' title='bbox 1473 1382 1547 1422; x_wconf 91' lang='lat' dir='ltr'><strong>ne</strong></span> <span class='ocrx_word' id='word_1_88' title='bbox 1571 1367 1749 1423; x_wconf 89' lang='lat' dir='ltr'><strong>etiam</strong></span> <span class='ocrx_word' id='word_1_89' title='bbox 1783 1366 1861 1423; x_wconf 93' lang='lat' dir='ltr'><strong>ad</strong></span> <span class='ocrx_word' id='word_1_90' title='bbox 1884 1369 2117 1440; x_wconf 84' lang='lat' dir='ltr'><strong>majora</strong></span> <span class='ocrx_word' id='word_1_91' title='bbox 2145 1383 2274 1440; x_wconf 86' lang='lat' dir='ltr'><strong>pro-</strong></span> 
     </span>
    </p>
   </div>
   <div class='ocr_carea' id='block_1_16' title="bbox 617 1455 2274 1529">
    <p class='ocr_par' dir='ltr' id='par_1_16' title="bbox 617 1455 2274 1529">
     <span class='ocr_line' id='line_1_16' title="bbox 617 1455 2274 1529; baseline 0 -17"><span class='ocrx_word' id='word_1_92' title='bbox 617 1455 818 1512; x_wconf 86' lang='lat' dir='ltr'><strong>cedas.</strong></span> <span class='ocrx_word' id='word_1_93' title='bbox 852 1455 978 1511; x_wconf 79' lang='lat' dir='ltr'><strong>Alio</strong></span> <span class='ocrx_word' id='word_1_94' title='bbox 1009 1456 1452 1528; x_wconf 87' lang='lat' dir='ltr'><strong>quoquemode.</strong></span> <span class='ocrx_word' id='word_1_95' title='bbox 1496 1459 1775 1512; x_wconf 87' lang='lat' dir='ltr'><strong>Creatura</strong></span> <span class='ocrx_word' id='word_1_96' title='bbox 1798 1471 2062 1529; x_wconf 89' lang='lat' dir='ltr'><strong>namque</strong></span> <span class='ocrx_word' id='word_1_97' title='bbox 2093 1458 2274 1513; x_wconf 88' lang='lat' dir='ltr'><strong>etiam</strong></span> 
     </span>
    </p>
   </div>
   <div class='ocr_carea' id='block_1_17' title="bbox 620 1545 2276 1618">
    <p class='ocr_par' dir='ltr' id='par_1_17' title="bbox 620 1545 2276 1618">
     <span class='ocr_line' id='line_1_17' title="bbox 620 1545 2276 1618; baseline 0.002 -20"><span class='ocrx_word' id='word_1_98' title='bbox 620 1545 722 1602; x_wconf 90' lang='lat' dir='ltr'><strong>Dei</strong></span> <span class='ocrx_word' id='word_1_99' title='bbox 739 1545 1043 1618; x_wconf 90' lang='lat' dir='ltr'><strong>possessio</strong></span> <span class='ocrx_word' id='word_1_100' title='bbox 1059 1549 1148 1600; x_wconf 90' lang='lat' dir='ltr'><strong>est</strong></span> <span class='ocrx_word' id='word_1_101' title='bbox 1175 1563 1186 1600; x_wconf 89' lang='lat'>:</span> <span class='ocrx_word' id='word_1_102' title='bbox 1209 1551 1514 1601; x_wconf 90' lang='lat' dir='ltr'><strong>etrursum</strong></span> <span class='ocrx_word' id='word_1_103' title='bbox 1541 1560 1646 1617; x_wconf 88' lang='lat' dir='ltr'><strong>per</strong></span> <span class='ocrx_word' id='word_1_104' title='bbox 1673 1549 1857 1601; x_wconf 89' lang='lat' dir='ltr'><strong>Deum</strong></span> <span class='ocrx_word' id='word_1_105' title='bbox 1885 1547 1947 1601; x_wconf 87' lang='lat' dir='ltr'><strong>ﬁt</strong></span> <span class='ocrx_word' id='word_1_106' title='bbox 1970 1547 2276 1616; x_wconf 88' lang='lat' dir='ltr'><strong>juramen-</strong></span> 
     </span>
    </p>
   </div>
   <div class='ocr_carea' id='block_1_18' title="bbox 620 1634 2275 1707">
    <p class='ocr_par' dir='ltr' id='par_1_18' title="bbox 620 1634 2275 1707">
     <span class='ocr_line' id='line_1_18' title="bbox 620 1634 2275 1707; baseline -0.001 -16"><span class='ocrx_word' id='word_1_107' title='bbox 620 1637 768 1702; x_wconf 84' lang='lat' dir='ltr'><strong>tum,</strong></span> <span class='ocrx_word' id='word_1_108' title='bbox 794 1634 897 1707; x_wconf 90' lang='lat' dir='ltr'><strong>qui</strong></span> <span class='ocrx_word' id='word_1_109' title='bbox 925 1634 1125 1706; x_wconf 87' lang='lat' dir='ltr'><strong>ipsum</strong></span> <span class='ocrx_word' id='word_1_110' title='bbox 1153 1635 1209 1690; x_wconf 90' lang='lat' dir='ltr'><strong>in</strong></span> <span class='ocrx_word' id='word_1_111' title='bbox 1239 1650 1350 1690; x_wconf 90' lang='lat' dir='ltr'><strong>sua</strong></span> <span class='ocrx_word' id='word_1_112' title='bbox 1378 1634 1557 1690; x_wconf 83' lang='lat' dir='ltr'><strong>habet</strong></span> <span class='ocrx_word' id='word_1_113' title='bbox 1580 1638 1891 1706; x_wconf 87' lang='lat' dir='ltr'><strong>potestate.</strong></span> <span class='ocrx_word' id='word_1_114' title='bbox 1932 1636 2086 1690; x_wconf 86' lang='lat' dir='ltr'><strong>Licet</strong></span> <span class='ocrx_word' id='word_1_115' title='bbox 2114 1635 2275 1690; x_wconf 92' lang='lat' dir='ltr'><strong>enim</strong></span> 
     </span>
    </p>
   </div>
   <div class='ocr_carea' id='block_1_19' title="bbox 617 1723 2275 1796">
    <p class='ocr_par' dir='ltr' id='par_1_19' title="bbox 617 1723 2275 1796">
     <span class='ocr_line' id='line_1_19' title="bbox 617 1723 2275 1796; baseline 0 -17"><span class='ocrx_word' id='word_1_116' title='bbox 617 1734 785 1780; x_wconf 87' lang='lat' dir='ltr'><strong>tuum</strong></span> <span class='ocrx_word' id='word_1_117' title='bbox 799 1739 1041 1796; x_wconf 90' lang='lat' dir='ltr'><strong>quoque</strong></span> <span class='ocrx_word' id='word_1_118' title='bbox 1065 1725 1157 1790; x_wconf 88' lang='lat' dir='ltr'><strong>sit,</strong></span> <span class='ocrx_word' id='word_1_119' title='bbox 1183 1738 1304 1779; x_wconf 92' lang='lat' dir='ltr'><strong>non</strong></span> <span class='ocrx_word' id='word_1_120' title='bbox 1327 1729 1622 1780; x_wconf 88' lang='lat' dir='ltr'><strong>esttamen</strong></span> <span class='ocrx_word' id='word_1_121' title='bbox 1645 1728 1813 1778; x_wconf 89' lang='lat' dir='ltr'><strong>tuum</strong></span> <span class='ocrx_word' id='word_1_122' title='bbox 1837 1739 1986 1794; x_wconf 87' lang='lat' dir='ltr'><strong>opus</strong></span> <span class='ocrx_word' id='word_1_123' title='bbox 2011 1723 2179 1795; x_wconf 91' lang='lat' dir='ltr'><strong>quod</strong></span> <span class='ocrx_word' id='word_1_124' title='bbox 2203 1739 2275 1779; x_wconf 90' lang='lat' dir='ltr'><strong>ex</strong></span> 
     </span>
    </p>
   </div>
   <div class='ocr_carea' id='block_1_20' title="bbox 2382 565 4029 647">
    <p class='ocr_par' dir='ltr' id='par_1_20' title="bbox 2382 565 4029 647">
     <span class='ocr_line' id='line_1_20' title="bbox 2382 565 4029 647; baseline 0.002 -27"><span class='ocrx_word' id='word_1_125' title='bbox 2382 576 2550 620; x_wconf 88' lang='grc' dir='ltr'>ταῦτα</span> <span class='ocrx_word' id='word_1_126' title='bbox 2582 568 2643 620; x_wconf 79' lang='grc' dir='ltr'>οὐ</span> <span class='ocrx_word' id='word_1_127' title='bbox 2683 565 2758 622; x_wconf 86' lang='grc' dir='ltr'><strong>δι’</strong></span> <span class='ocrx_word' id='word_1_128' title='bbox 2796 569 2976 632; x_wconf 80' lang='grc' dir='ltr'>ίαυτὰ,</span> <span class='ocrx_word' id='word_1_129' title='bbox 3020 568 3147 622; x_wconf 78' lang='grc' dir='ltr'><strong>ἀλλὰ</strong></span> <span class='ocrx_word' id='word_1_130' title='bbox 3197 568 3272 624; x_wconf 84' lang='grc' dir='ltr'>δι’</span> <span class='ocrx_word' id='word_1_131' title='bbox 3316 572 3489 625; x_wconf 78' lang='grc' dir='ltr'>αὑτὸν.</span> <span class='ocrx_word' id='word_1_132' title='bbox 3540 577 3908 647; x_wconf 62' lang='grc' dir='ltr'>Προφητικὸν</span> <span class='ocrx_word' id='word_1_133' title='bbox 3946 568 4029 637; x_wconf 78' lang='grc' dir='ltr'>δε,</span> 
     </span>
    </p>
   </div>
   <div class='ocr_carea' id='block_1_21' title="bbox 2381 657 4031 734">
    <p class='ocr_par' dir='ltr' id='par_1_21' title="bbox 2381 657 4031 734">
     <span class='ocr_line' id='line_1_21' title="bbox 2381 657 4031 734; baseline 0.001 -24"><span class='ocrx_word' id='word_1_134' title='bbox 2381 657 2440 710; x_wconf 84' lang='grc' dir='ltr'><strong>Ὀ</strong></span> <span class='ocrx_word' id='word_1_135' title='bbox 2492 658 2703 732; x_wconf 79' lang='grc' dir='ltr'>οὐρανός</span> <span class='ocrx_word' id='word_1_136' title='bbox 2765 677 2855 728; x_wconf 87' lang='grc' dir='ltr'><strong>μοι</strong></span> <span class='ocrx_word' id='word_1_137' title='bbox 2915 660 3110 734; x_wconf 83' lang='grc' dir='ltr'>Θρόνος,</span> <span class='ocrx_word' id='word_1_138' title='bbox 3165 662 3196 719; x_wconf 72' lang='grc' dir='ltr'>ἡ</span> <span class='ocrx_word' id='word_1_139' title='bbox 3258 657 3318 714; x_wconf 72' lang='grc' dir='ltr'><strong>δε</strong></span> <span class='ocrx_word' id='word_1_140' title='bbox 3384 670 3452 732; x_wconf 72' lang='grc' dir='ltr'><strong>γῆ</strong></span> <span class='ocrx_word' id='word_1_141' title='bbox 3526 659 3837 715; x_wconf 77' lang='grc' dir='ltr'>ὑποπόδιον</span> <span class='ocrx_word' id='word_1_142' title='bbox 3923 669 4031 713; x_wconf 79' lang='grc' dir='ltr'>τῶν</span> 
     </span>
    </p>
   </div>
   <div class='ocr_carea' id='block_1_22' title="bbox 2383 743 4029 823">
    <p class='ocr_par' dir='ltr' id='par_1_22' title="bbox 2383 743 4029 823">
     <span class='ocr_line' id='line_1_22' title="bbox 2383 743 4029 823; baseline 0.004 -25"><span class='ocrx_word' id='word_1_143' title='bbox 2383 743 2560 800; x_wconf 80' lang='grc' dir='ltr'><strong>ποδῶν</strong></span> <span class='ocrx_word' id='word_1_144' title='bbox 2589 767 2690 819; x_wconf 87' lang='grc' dir='ltr'><strong>μου</strong></span> <span class='ocrx_word' id='word_1_145' title='bbox 2725 765 2737 776; x_wconf 83' lang='grc'><strong>’</strong></span> <span class='ocrx_word' id='word_1_146' title='bbox 2788 744 3000 811; x_wconf 79' lang='grc' dir='ltr'><strong>δηλοῦν,</strong></span> <span class='ocrx_word' id='word_1_147' title='bbox 3034 750 3112 800; x_wconf 84' lang='grc' dir='ltr'>ὅτι</span> <span class='ocrx_word' id='word_1_148' title='bbox 3168 751 3195 801; x_wconf 91' lang='lat'><strong>6</strong></span> <span class='ocrx_word' id='word_1_149' title='bbox 3251 753 3381 811; x_wconf 85' lang='grc' dir='ltr'>Θεὸς</span> <span class='ocrx_word' id='word_1_150' title='bbox 3435 752 3503 802; x_wconf 79' lang='grc' dir='ltr'>τὰ</span> <span class='ocrx_word' id='word_1_151' title='bbox 3551 752 3720 802; x_wconf 86' lang='grc' dir='ltr'>πάντα</span> <span class='ocrx_word' id='word_1_152' title='bbox 3780 749 4029 823; x_wconf 78' lang='grc' dir='ltr'>πληροῖ.</span> 
     </span>
    </p>
   </div>
   <div class='ocr_carea' id='block_1_23' title="bbox 2385 837 4028 911">
    <p class='ocr_par' dir='ltr' id='par_1_23' title="bbox 2385 837 4028 911">
     <span class='ocr_line' id='line_1_23' title="bbox 2385 837 4028 911; baseline 0.001 -22"><span class='ocrx_word' id='word_1_153' title='bbox 2385 840 2521 894; x_wconf 63' lang='lat' dir='ltr'><strong>hic!</strong></span> <span class='ocrx_word' id='word_1_154' title='bbox 2586 838 2685 911; x_wconf 73' lang='grc' dir='ltr'><strong>γὰρ</strong></span> <span class='ocrx_word' id='word_1_155' title='bbox 2742 857 2755 869; x_wconf 89' lang='grc'><strong>·</strong></span> <span class='ocrx_word' id='word_1_156' title='bbox 2808 837 2952 908; x_wconf 78' lang='grc' dir='ltr'>Οὐχὶ</span> <span class='ocrx_word' id='word_1_157' title='bbox 3022 841 3108 890; x_wconf 87' lang='grc' dir='ltr'>τόν</span> <span class='ocrx_word' id='word_1_158' title='bbox 3179 838 3394 911; x_wconf 76' lang='grc' dir='ltr'>οὐρανὸν</span> <span class='ocrx_word' id='word_1_159' title='bbox 3444 843 3535 891; x_wconf 80' lang='grc' dir='ltr'>καὶ</span> <span class='ocrx_word' id='word_1_160' title='bbox 3590 845 3677 896; x_wconf 81' lang='grc' dir='ltr'><strong>την</strong></span> <span class='ocrx_word' id='word_1_161' title='bbox 3735 846 3864 910; x_wconf 71' lang='grc' dir='ltr'><strong>γῆν</strong></span> 
     </span>
    </p>
   </div>
   <div class='ocr_carea' id='block_1_24' title="bbox 2382 921 3076 998">
    <p class='ocr_par' dir='ltr' id='par_1_24' title="bbox 2382 921 3076 998">
     <span class='ocr_line' id='line_1_24' title="bbox 2382 921 3076 998; baseline 0.004 -23"><span class='ocrx_word' id='word_1_162' title='bbox 2382 923 2564 998; x_wconf 89' lang='grc' dir='ltr'>πληρῶ</span> <span class='ocrx_word' id='word_1_163' title='bbox 2596 945 2610 992; x_wconf 87' lang='lat'><strong>;</strong></span> <span class='ocrx_word' id='word_1_164' title='bbox 2645 929 2917 978; x_wconf 81' lang='grc' dir='ltr'>Δαυῐτικόν</span> <span class='ocrx_word' id='word_1_165' title='bbox 2967 921 3027 978; x_wconf 74' lang='grc' dir='ltr'><strong>δε</strong></span> <span class='ocrx_word' id='word_1_166' title='bbox 3063 943 3076 956; x_wconf 87' lang='grc'><em>’</em></span> 
     </span>
    </p>
   </div>
   <div class='ocr_carea' id='block_1_25' title="bbox 2384 1013 2628 1085">
    <p class='ocr_par' dir='ltr' id='par_1_25' title="bbox 2384 1013 2628 1085">
     <span class='ocr_line' id='line_1_25' title="bbox 2384 1013 2628 1085; baseline 0.02 -21"><span class='ocrx_word' id='word_1_167' title='bbox 2384 1013 2607 1085; x_wconf 72' lang='grc' dir='ltr'>μεγάλου</span> <span class='ocrx_word' id='word_1_168' title='bbox 2616 1056 2628 1069; x_wconf 95' lang='grc'><strong>.</strong></span> 
     </span>
    </p>
   </div>
   <div class='ocr_carea' id='block_1_26' title="bbox 3134 925 4023 1000">
    <p class='ocr_par' dir='ltr' id='par_1_26' title="bbox 3134 925 4023 1000">
     <span class='ocr_line' id='line_1_26' title="bbox 3134 925 4023 1000; baseline 0 -20"><span class='ocrx_word' id='word_1_169' title='bbox 3134 927 3192 980; x_wconf 80' lang='grc' dir='ltr'>Ἡ</span> <span class='ocrx_word' id='word_1_170' title='bbox 3240 927 3388 990; x_wconf 79' lang='grc' dir='ltr'>πόλις</span> <span class='ocrx_word' id='word_1_171' title='bbox 3434 935 3526 980; x_wconf 89' lang='grc' dir='ltr'><strong>τοῦ</strong></span> <span class='ocrx_word' id='word_1_172' title='bbox 3577 925 3872 1000; x_wconf 68' lang='grc' dir='ltr'>βασιλέως</span> <span class='ocrx_word' id='word_1_173' title='bbox 3929 936 4023 982; x_wconf 86' lang='grc' dir='ltr'><strong>τοῦ</strong></span> 
     </span>
    </p>
   </div>
   <div class='ocr_carea' id='block_1_27' title="bbox 2453 1189 4028 1259">
    <p class='ocr_par' dir='ltr' id='par_1_27' title="bbox 2453 1189 4028 1259">
     <span class='ocr_line' id='line_1_27' title="bbox 2453 1189 4028 1259; baseline 0.004 -16"><span class='ocrx_word' id='word_1_174' title='bbox 2453 1196 2599 1249; x_wconf 76' lang='grc' dir='ltr'>Μήτι</span> <span class='ocrx_word' id='word_1_175' title='bbox 2626 1219 2692 1232; x_wconf 85' lang='lat'><strong>—-</strong></span> <span class='ocrx_word' id='word_1_176' title='bbox 2735 1198 2978 1250; x_wconf 80' lang='grc' dir='ltr'>ποιῆσαι.</span> <span class='ocrx_word' id='word_1_177' title='bbox 3016 1189 3169 1251; x_wconf 60' lang='grc' dir='ltr'>Μηδὲ</span> <span class='ocrx_word' id='word_1_178' title='bbox 3217 1195 3305 1245; x_wconf 87' lang='grc' dir='ltr'>τὸν</span> <span class='ocrx_word' id='word_1_179' title='bbox 3358 1192 3739 1259; x_wconf 69' lang='grc' dir='ltr'>εὐτελέστατον,</span> <span class='ocrx_word' id='word_1_180' title='bbox 3777 1200 3890 1248; x_wconf 75' lang='grc' dir='ltr'>καὶ</span> <span class='ocrx_word' id='word_1_181' title='bbox 3927 1191 3968 1248; x_wconf 90' lang='grc' dir='ltr'><strong>δ</strong></span> <span class='ocrx_word' id='word_1_182' title='bbox 3975 1198 4028 1248; x_wconf 76' lang='grc' dir='ltr'>ιὰ</span> 
     </span>
    </p>
   </div>
   <div class='ocr_carea' id='block_1_28' title="bbox 2382 1280 4024 1355">
    <p class='ocr_par' dir='ltr' id='par_1_28' title="bbox 2382 1280 4024 1355">
     <span class='ocr_line' id='line_1_28' title="bbox 2382 1280 4024 1355; baseline 0.003 -24"><span class='ocrx_word' id='word_1_183' title='bbox 2382 1286 2535 1332; x_wconf 82' lang='grc' dir='ltr'>τοῦτο</span> <span class='ocrx_word' id='word_1_184' title='bbox 2595 1285 3004 1354; x_wconf 74' lang='grc' dir='ltr'><strong>προχειρότατον</strong></span> <span class='ocrx_word' id='word_1_185' title='bbox 3056 1284 3208 1355; x_wconf 87' lang='grc' dir='ltr'>ὅρκον</span> <span class='ocrx_word' id='word_1_186' title='bbox 3267 1281 3485 1354; x_wconf 74' lang='grc' dir='ltr'>ὀμόσῃς,</span> <span class='ocrx_word' id='word_1_187' title='bbox 3549 1287 3683 1355; x_wconf 68' lang='grc' dir='ltr'>φημὶ</span> <span class='ocrx_word' id='word_1_188' title='bbox 3746 1280 3790 1335; x_wconf 84' lang='grc' dir='ltr'><strong>δ</strong></span> <span class='ocrx_word' id='word_1_189' title='bbox 3795 1289 3864 1351; x_wconf 73' lang='grc' dir='ltr'><strong>ἡ,</strong></span> <span class='ocrx_word' id='word_1_190' title='bbox 3930 1288 4024 1338; x_wconf 86' lang='grc' dir='ltr'>τὸν</span> 
     </span>
    </p>
   </div>
   <div class='ocr_carea' id='block_1_29' title="bbox 2382 1365 4021 1444">
    <p class='ocr_par' dir='ltr' id='par_1_29' title="bbox 2382 1365 4021 1444">
     <span class='ocr_line' id='line_1_29' title="bbox 2382 1365 4021 1444; baseline 0.003 -25"><span class='ocrx_word' id='word_1_191' title='bbox 2382 1371 2518 1420; x_wconf 82' lang='grc' dir='ltr'>κατὰ</span> <span class='ocrx_word' id='word_1_192' title='bbox 2576 1376 2666 1429; x_wconf 78' lang='grc' dir='ltr'>τῆς</span> <span class='ocrx_word' id='word_1_193' title='bbox 2723 1365 2865 1430; x_wconf 89' lang='grc' dir='ltr'>ίδίας</span> <span class='ocrx_word' id='word_1_194' title='bbox 2915 1369 3161 1442; x_wconf 74' lang='grc' dir='ltr'>κεφαλῆς,</span> <span class='ocrx_word' id='word_1_195' title='bbox 3218 1371 3301 1422; x_wconf 82' lang='grc' dir='ltr'>ἶνα</span> <span class='ocrx_word' id='word_1_196' title='bbox 3363 1373 3436 1442; x_wconf 76' lang='grc' dir='ltr'>μὴ</span> <span class='ocrx_word' id='word_1_197' title='bbox 3493 1374 3583 1422; x_wconf 80' lang='grc' dir='ltr'>καὶ</span> <span class='ocrx_word' id='word_1_198' title='bbox 3639 1369 3714 1432; x_wconf 89' lang='grc' dir='ltr'><strong>είς</strong></span> <span class='ocrx_word' id='word_1_199' title='bbox 3771 1372 4021 1444; x_wconf 77' lang='grc' dir='ltr'>μείζονα</span> 
     </span>
    </p>
   </div>
   <div class='ocr_carea' id='block_1_30' title="bbox 2383 1455 4018 1533">
    <p class='ocr_par' dir='ltr' id='par_1_30' title="bbox 2383 1455 4018 1533">
     <span class='ocr_line' id='line_1_30' title="bbox 2383 1455 4018 1533; baseline 0.002 -24"><span class='ocrx_word' id='word_1_200' title='bbox 2383 1456 2602 1531; x_wconf 74' lang='grc' dir='ltr'>προϐῇς.</span> <span class='ocrx_word' id='word_1_201' title='bbox 2637 1457 2834 1519; x_wconf 80' lang='grc' dir='ltr'>Ἀλλως</span> <span class='ocrx_word' id='word_1_202' title='bbox 2878 1477 2931 1510; x_wconf 90' lang='grc' dir='ltr'><strong>τε</strong></span> <span class='ocrx_word' id='word_1_203' title='bbox 2979 1455 3056 1528; x_wconf 71' lang='grc' dir='ltr'>δε,</span> <span class='ocrx_word' id='word_1_204' title='bbox 3093 1463 3183 1511; x_wconf 75' lang='grc' dir='ltr'>καὶ</span> <span class='ocrx_word' id='word_1_205' title='bbox 3233 1459 3363 1515; x_wconf 80' lang='grc' dir='ltr'>αῦτη</span> <span class='ocrx_word' id='word_1_206' title='bbox 3415 1463 3634 1530; x_wconf 86' lang='grc' dir='ltr'>κτίσμα,</span> <span class='ocrx_word' id='word_1_207' title='bbox 3669 1464 3766 1512; x_wconf 82' lang='grc' dir='ltr'>καὶ</span> <span class='ocrx_word' id='word_1_208' title='bbox 3824 1470 4018 1533; x_wconf 73' lang='grc' dir='ltr'>κτῆμα</span> 
     </span>
    </p>
   </div>
   <div class='ocr_carea' id='block_1_31' title="bbox 2385 1545 4015 1616">
    <p class='ocr_par' dir='ltr' id='par_1_31' title="bbox 2385 1545 4015 1616">
     <span class='ocr_line' id='line_1_31' title="bbox 2385 1545 4015 1616; baseline 0 -17"><span class='ocrx_word' id='word_1_209' title='bbox 2385 1553 2518 1599; x_wconf 84' lang='grc' dir='ltr'>Θεοῦ</span> <span class='ocrx_word' id='word_1_210' title='bbox 2548 1545 2682 1616; x_wconf 85' lang='grc' dir='ltr'>ίστι,</span> <span class='ocrx_word' id='word_1_211' title='bbox 2714 1552 2803 1599; x_wconf 80' lang='grc' dir='ltr'>καὶ</span> <span class='ocrx_word' id='word_1_212' title='bbox 2835 1546 2990 1599; x_wconf 87' lang='grc' dir='ltr'>πάλιν</span> <span class='ocrx_word' id='word_1_213' title='bbox 3033 1550 3168 1600; x_wconf 82' lang='grc' dir='ltr'>κατὰ</span> <span class='ocrx_word' id='word_1_214' title='bbox 3197 1555 3290 1600; x_wconf 88' lang='grc' dir='ltr'><strong>τοῦ</strong></span> <span class='ocrx_word' id='word_1_215' title='bbox 3329 1554 3482 1612; x_wconf 85' lang='grc' dir='ltr'>Θεοῦ,</span> <span class='ocrx_word' id='word_1_216' title='bbox 3525 1554 3617 1599; x_wconf 88' lang='grc' dir='ltr'><strong>τοῦ</strong></span> <span class='ocrx_word' id='word_1_217' title='bbox 3655 1545 4015 1612; x_wconf 77' lang='grc' dir='ltr'>ἕξουσιάζονο</span> 
     </span>
    </p>
   </div>
   <div class='ocr_carea' id='block_1_32' title="bbox 2383 1635 4011 1710">
    <p class='ocr_par' dir='ltr' id='par_1_32' title="bbox 2383 1635 4011 1710">
     <span class='ocr_line' id='line_1_32' title="bbox 2383 1635 4011 1710; baseline 0.001 -23"><span class='ocrx_word' id='word_1_218' title='bbox 2383 1654 2466 1696; x_wconf 88' lang='grc' dir='ltr'><strong>τος</strong></span> <span class='ocrx_word' id='word_1_219' title='bbox 2509 1635 2692 1701; x_wconf 74' lang='grc' dir='ltr'>αὐτῆς,</span> <span class='ocrx_word' id='word_1_220' title='bbox 2736 1640 2936 1707; x_wconf 74' lang='grc' dir='ltr'>γίνεται</span> <span class='ocrx_word' id='word_1_221' title='bbox 2979 1638 3006 1688; x_wconf 99' lang='lat'><strong>6</strong></span> <span class='ocrx_word' id='word_1_222' title='bbox 3055 1639 3225 1708; x_wconf 82' lang='grc' dir='ltr'>ὅρκος.</span> <span class='ocrx_word' id='word_1_223' title='bbox 3257 1636 3318 1690; x_wconf 83' lang='grc' dir='ltr'><strong>Εἰ</strong></span> <span class='ocrx_word' id='word_1_224' title='bbox 3348 1639 3446 1710; x_wconf 77' lang='grc' dir='ltr'><strong>γὰρ</strong></span> <span class='ocrx_word' id='word_1_225' title='bbox 3477 1639 3568 1688; x_wconf 78' lang='grc' dir='ltr'>καὶ</span> <span class='ocrx_word' id='word_1_226' title='bbox 3599 1641 3665 1694; x_wconf 78' lang='grc' dir='ltr'><strong>ση</strong></span> <span class='ocrx_word' id='word_1_227' title='bbox 3707 1635 3862 1706; x_wconf 70' lang='grc' dir='ltr'>ἔστι,</span> <span class='ocrx_word' id='word_1_228' title='bbox 3901 1636 4011 1689; x_wconf 75' lang='grc' dir='ltr'>ἀλλ’</span> 
     </span>
    </p>
   </div>
   <div class='ocr_carea' id='block_1_33' title="bbox 2384 1721 4008 1797">
    <p class='ocr_par' dir='ltr' id='par_1_33' title="bbox 2384 1721 4008 1797">
     <span class='ocr_line' id='line_1_33' title="bbox 2384 1721 4008 1797; baseline 0.003 -22"><span class='ocrx_word' id='word_1_229' title='bbox 2384 1724 2442 1775; x_wconf 76' lang='grc' dir='ltr'>οὐ</span> <span class='ocrx_word' id='word_1_230' title='bbox 2476 1728 2566 1776; x_wconf 91' lang='grc' dir='ltr'>σὸν</span> <span class='ocrx_word' id='word_1_231' title='bbox 2595 1724 2707 1796; x_wconf 85' lang='lat'><strong>(‘79)</strong></span> <span class='ocrx_word' id='word_1_232' title='bbox 2739 1730 2962 1796; x_wconf 85' lang='grc' dir='ltr'>ποίημα.</span> <span class='ocrx_word' id='word_1_233' title='bbox 2998 1730 3098 1778; x_wconf 73' lang='grc' dir='ltr'><strong>Καὶ</strong></span> <span class='ocrx_word' id='word_1_234' title='bbox 3146 1721 3327 1793; x_wconf 75' lang='grc' dir='ltr'>δῆλον,</span> <span class='ocrx_word' id='word_1_235' title='bbox 3365 1723 3466 1776; x_wconf 77' lang='grc' dir='ltr'><strong>ἀπὸ</strong></span> <span class='ocrx_word' id='word_1_236' title='bbox 3496 1731 3589 1776; x_wconf 86' lang='grc' dir='ltr'><strong>τοῦ</strong></span> <span class='ocrx_word' id='word_1_237' title='bbox 3615 1729 3688 1797; x_wconf 74' lang='grc' dir='ltr'><strong>μη</strong></span> <span class='ocrx_word' id='word_1_238' title='bbox 3724 1721 4008 1780; x_wconf 75' lang='grc' dir='ltr'>δύνασθαί</span> 
     </span>
    </p>
   </div>
   <div class='ocr_carea' id='block_1_34' title="bbox 615 1811 2275 1887">
    <p class='ocr_par' dir='ltr' id='par_1_34' title="bbox 615 1811 2275 1885">
     <span class='ocr_line' id='line_1_34' title="bbox 615 1811 2275 1885; baseline -0.001 -16"><span class='ocrx_word' id='word_1_239' title='bbox 615 1827 685 1869; x_wconf 87' lang='lat' dir='ltr'><strong>eo</strong></span> <span class='ocrx_word' id='word_1_240' title='bbox 715 1811 1106 1868; x_wconf 78' lang='lat' dir='ltr'><strong>manifestum</strong></span> <span class='ocrx_word' id='word_1_241' title='bbox 1132 1819 1239 1876; x_wconf 91' lang='lat' dir='ltr'><strong>est,</strong></span> <span class='ocrx_word' id='word_1_242' title='bbox 1266 1813 1408 1884; x_wconf 89' lang='lat' dir='ltr'><strong>quia</strong></span> <span class='ocrx_word' id='word_1_243' title='bbox 1429 1828 1548 1869; x_wconf 92' lang='lat' dir='ltr'><strong>non</strong></span> <span class='ocrx_word' id='word_1_244' title='bbox 1577 1818 1746 1885; x_wconf 88' lang='lat' dir='ltr'><strong>potes</strong></span> <span class='ocrx_word' id='word_1_245' title='bbox 1777 1828 1965 1868; x_wconf 91' lang='lat' dir='ltr'><strong>unum</strong></span> <span class='ocrx_word' id='word_1_246' title='bbox 1992 1811 2275 1885; x_wconf 90' lang='lat' dir='ltr'><strong>capillum</strong></span> 
     </span>
    </p>
   </div>
   <div class='ocr_carea' id='block_1_35' title="bbox 2386 1811 3590 1887">
    <p class='ocr_par' dir='ltr' id='par_1_35' title="bbox 2387 1812 3590 1887">
     <span class='ocr_line' id='line_1_35' title="bbox 2387 1812 3590 1887; baseline 0.002 -22"><span class='ocrx_word' id='word_1_247' title='bbox 2387 1831 2445 1865; x_wconf 90' lang='grc' dir='ltr'><strong>σε</strong></span> <span class='ocrx_word' id='word_1_248' title='bbox 2467 1818 2592 1885; x_wconf 88' lang='grc' dir='ltr'>μίαν</span> <span class='ocrx_word' id='word_1_249' title='bbox 2620 1817 2785 1887; x_wconf 97' lang='grc' dir='ltr'>τρίχα</span> <span class='ocrx_word' id='word_1_250' title='bbox 2812 1821 3035 1872; x_wconf 74' lang='grc' dir='ltr'>ποιῆσαι</span> <span class='ocrx_word' id='word_1_251' title='bbox 3058 1813 3245 1871; x_wconf 74' lang='grc' dir='ltr'>λευκὴν</span> <span class='ocrx_word' id='word_1_252' title='bbox 3272 1814 3302 1872; x_wconf 77' lang='grc' dir='ltr'><strong>ἣ</strong></span> <span class='ocrx_word' id='word_1_253' title='bbox 3329 1812 3590 1885; x_wconf 82' lang='grc' dir='ltr'>μίλαιναν.</span> 
     </span>
    </p>
   </div>
   <div class='ocr_carea' id='block_1_36' title="bbox 614 1900 1422 1972">
    <p class='ocr_par' dir='ltr' id='par_1_36' title="bbox 614 1900 1422 1972">
     <span class='ocr_line' id='line_1_36' title="bbox 614 1900 1422 1972; baseline -0.004 -13"><span class='ocrx_word' id='word_1_254' title='bbox 614 1901 811 1959; x_wconf 77' lang='lat' dir='ltr'><strong>album</strong></span> <span class='ocrx_word' id='word_1_255' title='bbox 831 1900 1022 1957; x_wconf 78' lang='lat' dir='ltr'><strong>facere</strong></span> <span class='ocrx_word' id='word_1_256' title='bbox 1051 1901 1138 1957; x_wconf 86' lang='lat' dir='ltr'><strong>vel</strong></span> <span class='ocrx_word' id='word_1_257' title='bbox 1163 1902 1422 1972; x_wconf 88' lang='lat' dir='ltr'><strong>nigrum.</strong></span> 
     </span>
    </p>
   </div>
   <div class='ocr_carea' id='block_1_37' title="bbox 691 1990 2278 2064">
    <p class='ocr_par' dir='ltr' id='par_1_37' title="bbox 691 1990 2278 2064">
     <span class='ocr_line' id='line_1_37' title="bbox 691 1990 2278 2064; baseline 0.001 -20"><span class='ocrx_word' id='word_1_258' title='bbox 691 1990 853 2046; x_wconf 87' lang='lat' dir='ltr'><strong>Vers.</strong></span> <span class='ocrx_word' id='word_1_259' title='bbox 896 1990 989 2046; x_wconf 86' lang='lat'><strong>3.6</strong></span> <span class='ocrx_word' id='word_1_260' title='bbox 1047 1993 1130 2046; x_wconf 86' lang='lat' dir='ltr'><strong>Sit</strong></span> <span class='ocrx_word' id='word_1_261' title='bbox 1160 2023 1229 2031; x_wconf 95' lang='lat'><strong>—</strong></span> <span class='ocrx_word' id='word_1_262' title='bbox 1258 1996 1354 2048; x_wconf 81' lang='lat' dir='ltr'><strong>est.</strong></span> <span class='ocrx_word' id='word_1_263' title='bbox 1417 1991 1520 2057; x_wconf 90' lang='lat' dir='ltr'><strong>Sit,</strong></span> <span class='ocrx_word' id='word_1_264' title='bbox 1580 1991 1789 2064; x_wconf 89' lang='lat' dir='ltr'><strong>inquit,</strong></span> <span class='ocrx_word' id='word_1_265' title='bbox 1833 2007 2031 2047; x_wconf 91' lang='lat' dir='ltr'><strong>sermo</strong></span> <span class='ocrx_word' id='word_1_266' title='bbox 2087 1996 2278 2048; x_wconf 85' lang='lat' dir='ltr'><strong>vester</strong></span> 
     </span>
    </p>
   </div>
   <div class='ocr_carea' id='block_1_38' title="bbox 619 2079 2272 2154">
    <p class='ocr_par' dir='ltr' id='par_1_38' title="bbox 619 2079 2272 2154">
     <span class='ocr_line' id='line_1_38' title="bbox 619 2079 2272 2154; baseline 0 -19"><span class='ocrx_word' id='word_1_267' title='bbox 619 2080 868 2152; x_wconf 88' lang='lat' dir='ltr'><strong>quando</strong></span> <span class='ocrx_word' id='word_1_268' title='bbox 938 2079 1250 2137; x_wconf 79' lang='lat' dir='ltr'><strong>afﬁrmatis</strong></span> <span class='ocrx_word' id='word_1_269' title='bbox 1291 2097 1302 2134; x_wconf 91' lang='lat'>:</span> <span class='ocrx_word' id='word_1_270' title='bbox 1338 2081 1742 2154; x_wconf 87' lang='lat' dir='ltr'><strong>Est;quando</strong></span> <span class='ocrx_word' id='word_1_271' title='bbox 1814 2097 1957 2137; x_wconf 90' lang='lat' dir='ltr'><strong>vero</strong></span> <span class='ocrx_word' id='word_1_272' title='bbox 2028 2081 2272 2150; x_wconf 79' lang='lat' dir='ltr'><strong>negatis,</strong></span> 
     </span>
    </p>
   </div>
   <div class='ocr_carea' id='block_1_39' title="bbox 615 2167 2276 2241">
    <p class='ocr_par' dir='ltr' id='par_1_39' title="bbox 615 2167 2276 2241">
     <span class='ocr_line' id='line_1_39' title="bbox 615 2167 2276 2241; baseline 0.001 -16"><span class='ocrx_word' id='word_1_273' title='bbox 615 2168 750 2225; x_wconf 86' lang='lat' dir='ltr'><strong>Non</strong></span> <span class='ocrx_word' id='word_1_274' title='bbox 784 2167 1040 2240; x_wconf 87' lang='lat' dir='ltr'><strong>:hisque</strong></span> <span class='ocrx_word' id='word_1_275' title='bbox 1100 2169 1240 2225; x_wconf 91' lang='lat' dir='ltr'><strong>solis</strong></span> <span class='ocrx_word' id='word_1_276' title='bbox 1291 2186 1394 2241; x_wconf 90' lang='lat' dir='ltr'><strong>pro</strong></span> <span class='ocrx_word' id='word_1_277' title='bbox 1423 2169 1780 2240; x_wconf 88' lang='lat' dir='ltr'><strong>juramentis</strong></span> <span class='ocrx_word' id='word_1_278' title='bbox 1833 2169 1909 2226; x_wconf 91' lang='lat' dir='ltr'><strong>ad</strong></span> <span class='ocrx_word' id='word_1_279' title='bbox 1960 2169 2276 2226; x_wconf 87' lang='lat' dir='ltr'><strong>conﬁrma-</strong></span> 
     </span>
    </p>
   </div>
   <div class='ocr_carea' id='block_1_40' title="bbox 617 2257 2272 2330">
    <p class='ocr_par' dir='ltr' id='par_1_40' title="bbox 617 2257 2272 2330">
     <span class='ocr_line' id='line_1_40' title="bbox 617 2257 2272 2330; baseline -0.001 -17"><span class='ocrx_word' id='word_1_280' title='bbox 617 2257 838 2313; x_wconf 90' lang='lat' dir='ltr'><strong>tionem</strong></span> <span class='ocrx_word' id='word_1_281' title='bbox 880 2257 1150 2324; x_wconf 88' lang='lat' dir='ltr'><strong>utamini,</strong></span> <span class='ocrx_word' id='word_1_282' title='bbox 1196 2262 1254 2313; x_wconf 90' lang='lat' dir='ltr'><strong>et</strong></span> <span class='ocrx_word' id='word_1_283' title='bbox 1282 2257 1447 2313; x_wconf 93' lang='lat' dir='ltr'><strong>nullo</strong></span> <span class='ocrx_word' id='word_1_284' title='bbox 1476 2258 1594 2313; x_wconf 89' lang='lat' dir='ltr'><strong>alio</strong></span> <span class='ocrx_word' id='word_1_285' title='bbox 1623 2274 1808 2330; x_wconf 88' lang='lat' dir='ltr'><strong>quam</strong></span> <span class='ocrx_word' id='word_1_286' title='bbox 1862 2259 1962 2314; x_wconf 77' lang='lat' dir='ltr'><strong>Est</strong></span> <span class='ocrx_word' id='word_1_287' title='bbox 2015 2263 2073 2312; x_wconf 92' lang='lat' dir='ltr'><strong>et</strong></span> <span class='ocrx_word' id='word_1_288' title='bbox 2111 2259 2272 2314; x_wconf 81' lang='lat' dir='ltr'><strong>Non.</strong></span> 
     </span>
    </p>
   </div>
   <div class='ocr_carea' id='block_1_41' title="bbox 617 2345 2271 2419">
    <p class='ocr_par' dir='ltr' id='par_1_41' title="bbox 617 2345 2271 2419">
     <span class='ocr_line' id='line_1_41' title="bbox 617 2345 2271 2419; baseline 0 -17"><span class='ocrx_word' id='word_1_289' title='bbox 617 2345 789 2412; x_wconf 87' lang='lat' dir='ltr'><strong>Quod</strong></span> <span class='ocrx_word' id='word_1_290' title='bbox 834 2350 1042 2417; x_wconf 63' lang='lat' dir='ltr'><strong>preter</strong></span> <span class='ocrx_word' id='word_1_291' title='bbox 1084 2347 1214 2402; x_wconf 66' lang='lat' dir='ltr'><strong>haec</strong></span> <span class='ocrx_word' id='word_1_292' title='bbox 1257 2347 1623 2416; x_wconf 87' lang='lat' dir='ltr'><strong>adjungitur,</strong></span> <span class='ocrx_word' id='word_1_293' title='bbox 1664 2347 1804 2403; x_wconf 90' lang='lat' dir='ltr'><strong>dicit</strong></span> <span class='ocrx_word' id='word_1_294' title='bbox 1839 2348 2271 2419; x_wconf 87' lang='lat' dir='ltr'><strong>juramentum.</strong></span> 
     </span>
    </p>
   </div>
   <div class='ocr_carea' id='block_1_42' title="bbox 616 2435 2274 2508">
    <p class='ocr_par' dir='ltr' id='par_1_42' title="bbox 616 2435 2274 2508">
     <span class='ocr_line' id='line_1_42' title="bbox 616 2435 2274 2508; baseline 0.001 -17"><span class='ocrx_word' id='word_1_295' title='bbox 616 2436 676 2491; x_wconf 90' lang='lat' dir='ltr'><strong>Si</strong></span> <span class='ocrx_word' id='word_1_296' title='bbox 736 2440 933 2491; x_wconf 90' lang='lat' dir='ltr'><strong>autem</strong></span> <span class='ocrx_word' id='word_1_297' title='bbox 983 2435 1393 2506; x_wconf 88' lang='lat' dir='ltr'><strong>juramentum</strong></span> <span class='ocrx_word' id='word_1_298' title='bbox 1435 2451 1468 2490; x_wconf 91' lang='lat' dir='ltr'><strong>a</strong></span> <span class='ocrx_word' id='word_1_299' title='bbox 1511 2435 1756 2492; x_wconf 88' lang='lat' dir='ltr'><strong>diabolo</strong></span> <span class='ocrx_word' id='word_1_300' title='bbox 1809 2442 1914 2502; x_wconf 89' lang='lat' dir='ltr'><strong>est,</strong></span> <span class='ocrx_word' id='word_1_301' title='bbox 1964 2435 2274 2508; x_wconf 88' lang='lat' dir='ltr'><strong>quomodo</strong></span> 
     </span>
    </p>
   </div>
   <div class='ocr_carea' id='block_1_43' title="bbox 615 2523 2274 2597">
    <p class='ocr_par' dir='ltr' id='par_1_43' title="bbox 615 2523 2274 2597">
     <span class='ocr_line' id='line_1_43' title="bbox 615 2523 2274 2597; baseline -0.001 -17"><span class='ocrx_word' id='word_1_302' title='bbox 615 2524 814 2597; x_wconf 89' lang='lat' dir='ltr'><strong>ipsum</strong></span> <span class='ocrx_word' id='word_1_303' title='bbox 841 2523 936 2580; x_wconf 88' lang='lat' dir='ltr'><strong>lex</strong></span> <span class='ocrx_word' id='word_1_304' title='bbox 976 2527 1144 2579; x_wconf 85' lang='lat' dir='ltr'><strong>vetus</strong></span> <span class='ocrx_word' id='word_1_305' title='bbox 1178 2524 1608 2596; x_wconf 82' lang='lat' dir='ltr'><strong>permittebat?</strong></span> <span class='ocrx_word' id='word_1_306' title='bbox 1631 2525 1781 2592; x_wconf 88' lang='lat' dir='ltr'><strong>Quia</strong></span> <span class='ocrx_word' id='word_1_307' title='bbox 1829 2530 1885 2580; x_wconf 93' lang='lat' dir='ltr'><strong>et</strong></span> <span class='ocrx_word' id='word_1_308' title='bbox 1917 2524 2274 2580; x_wconf 90' lang='lat' dir='ltr'><strong>animalium</strong></span> 
     </span>
    </p>
   </div>
   <div class='ocr_carea' id='block_1_44' title="bbox 617 2611 2276 2685">
    <p class='ocr_par' dir='ltr' id='par_1_44' title="bbox 617 2611 2276 2685">
     <span class='ocr_line' id='line_1_44' title="bbox 617 2611 2276 2685; baseline -0.001 -16"><span class='ocrx_word' id='word_1_309' title='bbox 617 2611 910 2669; x_wconf 80' lang='lat' dir='ltr'><strong>sacriﬁcia</strong></span> <span class='ocrx_word' id='word_1_310' title='bbox 940 2629 975 2667; x_wconf 89' lang='lat' dir='ltr'><strong>a</strong></span> <span class='ocrx_word' id='word_1_311' title='bbox 1003 2613 1164 2668; x_wconf 87' lang='lat' dir='ltr'><strong>malo</strong></span> <span class='ocrx_word' id='word_1_312' title='bbox 1188 2613 1434 2685; x_wconf 86' lang='lat' dir='ltr'><strong>quidem</strong></span> <span class='ocrx_word' id='word_1_313' title='bbox 1456 2618 1625 2670; x_wconf 85' lang='lat' dir='ltr'><strong>erant</strong></span> <span class='ocrx_word' id='word_1_314' title='bbox 1653 2619 1710 2670; x_wconf 90' lang='lat' dir='ltr'><strong>et</strong></span> <span class='ocrx_word' id='word_1_315' title='bbox 1747 2613 2099 2685; x_wconf 88' lang='lat' dir='ltr'><strong>deceptione</strong></span> <span class='ocrx_word' id='word_1_316' title='bbox 2139 2612 2276 2668; x_wconf 90' lang='lat' dir='ltr'><strong>ido-</strong></span> 
     </span>
    </p>
   </div>
   <div class='ocr_carea' id='block_1_45' title="bbox 615 2701 2275 2775">
    <p class='ocr_par' dir='ltr' id='par_1_45' title="bbox 615 2701 2275 2775">
     <span class='ocr_line' id='line_1_45' title="bbox 615 2701 2275 2775; baseline 0 -17"><span class='ocrx_word' id='word_1_317' title='bbox 615 2701 834 2767; x_wconf 91' lang='lat' dir='ltr'><strong>lorum,</strong></span> <span class='ocrx_word' id='word_1_318' title='bbox 877 2717 948 2757; x_wconf 90' lang='lat' dir='ltr'><strong>ea</strong></span> <span class='ocrx_word' id='word_1_319' title='bbox 1002 2707 1199 2758; x_wconf 90' lang='lat' dir='ltr'><strong>tamen</strong></span> <span class='ocrx_word' id='word_1_320' title='bbox 1257 2703 1525 2774; x_wconf 88' lang='lat' dir='ltr'><strong>permisit</strong></span> <span class='ocrx_word' id='word_1_321' title='bbox 1572 2703 1663 2758; x_wconf 85' lang='lat' dir='ltr'><strong>lex</strong></span> <span class='ocrx_word' id='word_1_322' title='bbox 1710 2707 1957 2775; x_wconf 82' lang='lat' dir='ltr'><strong>propter</strong></span> <span class='ocrx_word' id='word_1_323' title='bbox 2011 2701 2275 2758; x_wconf 67' lang='lat' dir='ltr'><strong>Hebraeo-</strong></span> 
     </span>
    </p>
   </div>
   <div class='ocr_carea' id='block_1_46' title="bbox 617 2789 2274 2862">
    <p class='ocr_par' dir='ltr' id='par_1_46' title="bbox 617 2789 2274 2862">
     <span class='ocr_line' id='line_1_46' title="bbox 617 2789 2274 2862; baseline 0.001 -16"><span class='ocrx_word' id='word_1_324' title='bbox 617 2805 754 2846; x_wconf 92' lang='lat' dir='ltr'><strong>rum</strong></span> <span class='ocrx_word' id='word_1_325' title='bbox 776 2789 1196 2846; x_wconf 87' lang='lat' dir='ltr'><strong>inﬁrmitatem.</strong></span> <span class='ocrx_word' id='word_1_326' title='bbox 1242 2791 1387 2847; x_wconf 93' lang='lat' dir='ltr'><strong>Cum</strong></span> <span class='ocrx_word' id='word_1_327' title='bbox 1414 2793 1573 2848; x_wconf 89' lang='lat' dir='ltr'><strong>enim</strong></span> <span class='ocrx_word' id='word_1_328' title='bbox 1633 2792 1908 2862; x_wconf 89' lang='lat' dir='ltr'><strong>glutones</strong></span> <span class='ocrx_word' id='word_1_329' title='bbox 1958 2797 2159 2846; x_wconf 89' lang='lat' dir='ltr'><strong>essent</strong></span> <span class='ocrx_word' id='word_1_330' title='bbox 2203 2805 2274 2847; x_wconf 88' lang='lat' dir='ltr'><strong>ac</strong></span> 
     </span>
    </p>
   </div>
   <div class='ocr_carea' id='block_1_47' title="bbox 615 2878 2273 2952">
    <p class='ocr_par' dir='ltr' id='par_1_47' title="bbox 615 2878 2273 2952">
     <span class='ocr_line' id='line_1_47' title="bbox 615 2878 2273 2952; baseline -0.001 -16"><span class='ocrx_word' id='word_1_331' title='bbox 615 2878 895 2936; x_wconf 88' lang='lat' dir='ltr'><strong>lurcones</strong></span> <span class='ocrx_word' id='word_1_332' title='bbox 943 2879 1046 2950; x_wconf 81' lang='grc' dir='ltr'><strong>(ὁ),</strong></span> <span class='ocrx_word' id='word_1_333' title='bbox 1096 2879 1420 2952; x_wconf 86' lang='lat' dir='ltr'><strong>idolothyta</strong></span> <span class='ocrx_word' id='word_1_334' title='bbox 1468 2880 1760 2936; x_wconf 89' lang='lat' dir='ltr'><strong>amabant.</strong></span> <span class='ocrx_word' id='word_1_335' title='bbox 1822 2882 1885 2936; x_wconf 85' lang='lat' dir='ltr'><strong>Et</strong></span> <span class='ocrx_word' id='word_1_336' title='bbox 1950 2879 2089 2935; x_wconf 85' lang='lat' dir='ltr'><strong>item</strong></span> <span class='ocrx_word' id='word_1_337' title='bbox 2134 2895 2273 2935; x_wconf 92' lang='lat' dir='ltr'><strong>cum</strong></span> 
     </span>
    </p>
   </div>
   <div class='ocr_carea' id='block_1_48' title="bbox 617 2967 2269 3040">
    <p class='ocr_par' dir='ltr' id='par_1_48' title="bbox 617 2967 2269 3040">
     <span class='ocr_line' id='line_1_48' title="bbox 617 2967 2269 3040; baseline -0.001 -17"><span class='ocrx_word' id='word_1_338' title='bbox 617 2971 816 3024; x_wconf 86' lang='lat' dir='ltr'><strong>essent</strong></span> <span class='ocrx_word' id='word_1_339' title='bbox 842 2967 1147 3037; x_wconf 83' lang='lat' dir='ltr'><strong>increduli,</strong></span> <span class='ocrx_word' id='word_1_340' title='bbox 1191 2970 1602 3040; x_wconf 88' lang='lat' dir='ltr'><strong>juramentum</strong></span> <span class='ocrx_word' id='word_1_341' title='bbox 1641 2983 1881 3040; x_wconf 88' lang='lat' dir='ltr'><strong>quoque</strong></span> <span class='ocrx_word' id='word_1_342' title='bbox 1920 2967 2269 3037; x_wconf 79' lang='lat' dir='ltr'><strong>diligebant.</strong></span> 
     </span>
    </p>
   </div>
   <div class='ocr_carea' id='block_1_49' title="bbox 621 3056 2269 3130">
    <p class='ocr_par' dir='ltr' id='par_1_49' title="bbox 621 3056 2269 3130">
     <span class='ocr_line' id='line_1_49' title="bbox 621 3056 2269 3130; baseline -0.001 -16"><span class='ocrx_word' id='word_1_343' title='bbox 621 3059 692 3114; x_wconf 89' lang='lat' dir='ltr'><strong>Ut</strong></span> <span class='ocrx_word' id='word_1_344' title='bbox 755 3064 952 3113; x_wconf 88' lang='lat' dir='ltr'><strong>autem</strong></span> <span class='ocrx_word' id='word_1_345' title='bbox 1022 3057 1304 3130; x_wconf 75' lang='lat' dir='ltr'><strong>deinceps</strong></span> <span class='ocrx_word' id='word_1_346' title='bbox 1367 3073 1562 3129; x_wconf 89' lang='lat' dir='ltr'><strong>neque</strong></span> <span class='ocrx_word' id='word_1_347' title='bbox 1621 3057 1790 3112; x_wconf 88' lang='lat' dir='ltr'><strong>idolis</strong></span> <span class='ocrx_word' id='word_1_348' title='bbox 1848 3056 2269 3127; x_wconf 86' lang='lat' dir='ltr'><strong>sacriﬁcarent,</strong></span> 
     </span>
    </p>
   </div>
   <div class='ocr_carea' id='block_1_50' title="bbox 2455 1989 4002 2064">
    <p class='ocr_par' dir='ltr' id='par_1_50' title="bbox 2455 1989 4002 2064">
     <span class='ocr_line' id='line_1_50' title="bbox 2455 1989 4002 2064; baseline -0.001 -20"><span class='ocrx_word' id='word_1_349' title='bbox 2455 1989 2630 2044; x_wconf 78' lang='grc' dir='ltr'><strong>Ἔστω</strong></span> <span class='ocrx_word' id='word_1_350' title='bbox 2665 2021 2734 2031; x_wconf 94' lang='lat'><strong>—</strong></span> <span class='ocrx_word' id='word_1_351' title='bbox 2777 1989 2939 2046; x_wconf 70' lang='grc' dir='ltr'>ἔστιν.</span> <span class='ocrx_word' id='word_1_352' title='bbox 2989 1989 3184 2057; x_wconf 77' lang='grc' dir='ltr'><strong>Ἔστω,</strong></span> <span class='ocrx_word' id='word_1_353' title='bbox 3236 1994 3417 2062; x_wconf 67' lang='grc' dir='ltr'>φησὶν,</span> <span class='ocrx_word' id='word_1_354' title='bbox 3461 1990 3489 2042; x_wconf 80' lang='grc' dir='ltr'><strong>ὁ</strong></span> <span class='ocrx_word' id='word_1_355' title='bbox 3541 1989 3695 2062; x_wconf 76' lang='grc' dir='ltr'>λόγος</span> <span class='ocrx_word' id='word_1_356' title='bbox 3748 1993 3923 2064; x_wconf 82' lang='grc' dir='ltr'><strong>ὑμῶν,</strong></span> <span class='ocrx_word' id='word_1_357' title='bbox 3974 1996 4002 2043; x_wconf 81' lang='lat'><strong>6</strong></span> 
     </span>
    </p>
   </div>
   <div class='ocr_carea' id='block_1_51' title="bbox 2386 2077 3993 2154">
    <p class='ocr_par' dir='ltr' id='par_1_51' title="bbox 2386 2077 3993 2154">
     <span class='ocr_line' id='line_1_51' title="bbox 2386 2077 3993 2154; baseline 0.001 -21"><span class='ocrx_word' id='word_1_358' title='bbox 2386 2079 2744 2152; x_wconf 65' lang='lat' dir='ltr'><strong>ﬂsﬁamrixéc,</strong></span> <span class='ocrx_word' id='word_1_359' title='bbox 2787 2080 2871 2132; x_wconf 83' lang='grc' dir='ltr'>ὅτε</span> <span class='ocrx_word' id='word_1_360' title='bbox 2916 2082 3008 2152; x_wconf 74' lang='grc' dir='ltr'><strong>μεν</strong></span> <span class='ocrx_word' id='word_1_361' title='bbox 3055 2081 3421 2144; x_wconf 76' lang='grc' dir='ltr'>κατατίθεσθε,</span> <span class='ocrx_word' id='word_1_362' title='bbox 3466 2084 3550 2131; x_wconf 94' lang='grc' dir='ltr'><strong>ναί</strong></span> <span class='ocrx_word' id='word_1_363' title='bbox 3585 2095 3598 2109; x_wconf 84' lang='lat'><strong><em>°</em></strong></span> <span class='ocrx_word' id='word_1_364' title='bbox 3645 2081 3730 2133; x_wconf 83' lang='grc' dir='ltr'>ὅτε</span> <span class='ocrx_word' id='word_1_365' title='bbox 3783 2077 3845 2134; x_wconf 73' lang='grc' dir='ltr'><strong>δε</strong></span> <span class='ocrx_word' id='word_1_366' title='bbox 3897 2079 3993 2154; x_wconf 73' lang='grc' dir='ltr'><strong>ἀρ·</strong></span> 
     </span>
    </p>
   </div>
   <div class='ocr_carea' id='block_1_52' title="bbox 2383 2165 3990 2240">
    <p class='ocr_par' dir='ltr' id='par_1_52' title="bbox 2383 2165 3990 2240">
     <span class='ocr_line' id='line_1_52' title="bbox 2383 2165 3990 2240; baseline 0.001 -20"><span class='ocrx_word' id='word_1_367' title='bbox 2383 2171 2572 2235; x_wconf 80' lang='grc' dir='ltr'>νεῖσθε,</span> <span class='ocrx_word' id='word_1_368' title='bbox 2627 2171 2708 2223; x_wconf 79' lang='grc' dir='ltr'><strong>οὔ.</strong></span> <span class='ocrx_word' id='word_1_369' title='bbox 2767 2172 2867 2221; x_wconf 74' lang='grc' dir='ltr'><strong>Καὶ</strong></span> <span class='ocrx_word' id='word_1_370' title='bbox 2923 2170 3126 2229; x_wconf 77' lang='grc' dir='ltr'><strong>τούτοις</strong></span> <span class='ocrx_word' id='word_1_371' title='bbox 3177 2173 3351 2240; x_wconf 89' lang='grc' dir='ltr'>μόνοις</span> <span class='ocrx_word' id='word_1_372' title='bbox 3424 2168 3494 2229; x_wconf 91' lang='grc' dir='ltr'><strong>είς</strong></span> <span class='ocrx_word' id='word_1_373' title='bbox 3531 2165 3817 2240; x_wconf 80' lang='grc' dir='ltr'>βεϐαίωσιν</span> <span class='ocrx_word' id='word_1_374' title='bbox 3871 2172 3990 2221; x_wconf 75' lang='grc' dir='ltr'>ἀντί</span> 
     </span>
    </p>
   </div>
   <div class='ocr_carea' id='block_1_53' title="bbox 2383 2254 3972 2332">
    <p class='ocr_par' dir='ltr' id='par_1_53' title="bbox 2383 2254 3972 2332">
     <span class='ocr_line' id='line_1_53' title="bbox 2383 2254 3972 2332; baseline 0.001 -22"><span class='ocrx_word' id='word_1_375' title='bbox 2383 2261 2548 2332; x_wconf 83' lang='grc' dir='ltr'>ὅρκων</span> <span class='ocrx_word' id='word_1_376' title='bbox 2578 2258 2874 2332; x_wconf 73' lang='grc' dir='ltr'>χρήσασθε,</span> <span class='ocrx_word' id='word_1_377' title='bbox 2922 2261 3008 2309; x_wconf 76' lang='grc' dir='ltr'><strong>καί</strong></span> <span class='ocrx_word' id='word_1_378' title='bbox 3061 2254 3229 2328; x_wconf 77' lang='grc' dir='ltr'>μηδεν</span> <span class='ocrx_word' id='word_1_379' title='bbox 3271 2256 3420 2310; x_wconf 79' lang='grc' dir='ltr'>πλίον</span> <span class='ocrx_word' id='word_1_380' title='bbox 3472 2264 3567 2310; x_wconf 89' lang='grc' dir='ltr'><strong>τοῦ</strong></span> <span class='ocrx_word' id='word_1_381' title='bbox 3612 2263 3697 2310; x_wconf 77' lang='grc' dir='ltr'>ναὶ</span> <span class='ocrx_word' id='word_1_382' title='bbox 3743 2262 3827 2309; x_wconf 79' lang='grc' dir='ltr'><strong>καί</strong></span> <span class='ocrx_word' id='word_1_383' title='bbox 3885 2261 3972 2313; x_wconf 79' lang='grc' dir='ltr'><strong>οὗ.</strong></span> 
     </span>
    </p>
   </div>
   <div class='ocr_carea' id='block_1_54' title="bbox 2386 2343 3968 2420">
    <p class='ocr_par' dir='ltr' id='par_1_54' title="bbox 2386 2343 3968 2420">
     <span class='ocr_line' id='line_1_54' title="bbox 2386 2343 3968 2420; baseline -0.004 -21"><span class='ocrx_word' id='word_1_384' title='bbox 2386 2349 2642 2420; x_wconf 86' lang='grc' dir='ltr'>Περισσὸν</span> <span class='ocrx_word' id='word_1_385' title='bbox 2686 2344 2745 2398; x_wconf 76' lang='grc' dir='ltr'>ὀε</span> <span class='ocrx_word' id='word_1_386' title='bbox 2792 2348 2987 2397; x_wconf 84' lang='grc' dir='ltr'>τούτων</span> <span class='ocrx_word' id='word_1_387' title='bbox 3043 2343 3178 2416; x_wconf 71' lang='grc' dir='ltr'>λέγει</span> <span class='ocrx_word' id='word_1_388' title='bbox 3215 2347 3300 2397; x_wconf 86' lang='grc' dir='ltr'>τὸν</span> <span class='ocrx_word' id='word_1_389' title='bbox 3348 2346 3522 2417; x_wconf 84' lang='grc' dir='ltr'>ὅρκον.</span> <span class='ocrx_word' id='word_1_390' title='bbox 3573 2350 3674 2399; x_wconf 71' lang='grc' dir='ltr'><strong>Καὶ</strong></span> <span class='ocrx_word' id='word_1_391' title='bbox 3708 2346 3748 2399; x_wconf 86' lang='grc' dir='ltr'><strong>εί</strong></span> <span class='ocrx_word' id='word_1_392' title='bbox 3791 2345 3841 2395; x_wconf 76' lang='grc' dir='ltr'>ἐκ</span> <span class='ocrx_word' id='word_1_393' title='bbox 3873 2351 3968 2394; x_wconf 76' lang='grc' dir='ltr'><strong>τοῦ</strong></span> 
     </span>
    </p>
   </div>
   <div class='ocr_carea' id='block_1_55' title="bbox 2387 2429 3961 2509">
    <p class='ocr_par' dir='ltr' id='par_1_55' title="bbox 2387 2429 3961 2509">
     <span class='ocr_line' id='line_1_55' title="bbox 2387 2429 3961 2509; baseline -0.004 -22"><span class='ocrx_word' id='word_1_394' title='bbox 2387 2432 2635 2488; x_wconf 80' lang='grc' dir='ltr'>διαϐόλου</span> <span class='ocrx_word' id='word_1_395' title='bbox 2668 2437 2809 2488; x_wconf 77' lang='grc' dir='ltr'>ίστὶν</span> <span class='ocrx_word' id='word_1_396' title='bbox 2853 2435 2879 2486; x_wconf 92' lang='lat'><strong>6</strong></span> <span class='ocrx_word' id='word_1_397' title='bbox 2928 2435 3102 2509; x_wconf 82' lang='grc' dir='ltr'>ὅρκος,</span> <span class='ocrx_word' id='word_1_398' title='bbox 3132 2442 3237 2494; x_wconf 84' lang='grc' dir='ltr'>πῶς</span> <span class='ocrx_word' id='word_1_399' title='bbox 3267 2435 3293 2486; x_wconf 96' lang='lat'><strong>6</strong></span> <span class='ocrx_word' id='word_1_400' title='bbox 3348 2433 3570 2494; x_wconf 87' lang='grc' dir='ltr'>παλαιὸς</span> <span class='ocrx_word' id='word_1_401' title='bbox 3620 2439 3758 2505; x_wconf 78' lang='grc' dir='ltr'>νόμος</span> <span class='ocrx_word' id='word_1_402' title='bbox 3805 2429 3961 2482; x_wconf 76' lang='grc' dir='ltr'>αὐτόν</span> 
     </span>
    </p>
   </div>
   <div class='ocr_carea' id='block_1_56' title="bbox 2384 2522 3973 2598">
    <p class='ocr_par' dir='ltr' id='par_1_56' title="bbox 2384 2522 3973 2598">
     <span class='ocr_line' id='line_1_56' title="bbox 2384 2522 3973 2598; baseline -0.004 -20"><span class='ocrx_word' id='word_1_403' title='bbox 2384 2524 2674 2598; x_wconf 73' lang='grc' dir='ltr'>ίπίτρεψε;</span> <span class='ocrx_word' id='word_1_404' title='bbox 2724 2528 2866 2576; x_wconf 84' lang='grc' dir='ltr'>Διότι</span> <span class='ocrx_word' id='word_1_405' title='bbox 2913 2528 3003 2576; x_wconf 79' lang='grc' dir='ltr'>καὶ</span> <span class='ocrx_word' id='word_1_406' title='bbox 3061 2525 3117 2576; x_wconf 84' lang='grc' dir='ltr'><strong>άί</strong></span> <span class='ocrx_word' id='word_1_407' title='bbox 3170 2523 3461 2584; x_wconf 77' lang='grc' dir='ltr'>ζωοθυσίαι</span> <span class='ocrx_word' id='word_1_408' title='bbox 3513 2522 3568 2576; x_wconf 82' lang='grc' dir='ltr'><strong>ίκ</strong></span> <span class='ocrx_word' id='word_1_409' title='bbox 3607 2529 3690 2575; x_wconf 85' lang='grc' dir='ltr'><strong>τοῦ</strong></span> <span class='ocrx_word' id='word_1_410' title='bbox 3743 2527 3973 2594; x_wconf 78' lang='grc' dir='ltr'>πονηροῦ</span> 
     </span>
    </p>
   </div>
   <div class='ocr_carea' id='block_1_57' title="bbox 2383 2609 3972 2686">
    <p class='ocr_par' dir='ltr' id='par_1_57' title="bbox 2383 2609 3972 2686">
     <span class='ocr_line' id='line_1_57' title="bbox 2383 2609 3972 2686; baseline -0.003 -21"><span class='ocrx_word' id='word_1_411' title='bbox 2383 2615 2473 2686; x_wconf 68' lang='grc' dir='ltr'><strong>μεν</strong></span> <span class='ocrx_word' id='word_1_412' title='bbox 2528 2609 2684 2679; x_wconf 77' lang='grc' dir='ltr'>ἦσαν,</span> <span class='ocrx_word' id='word_1_413' title='bbox 2743 2617 2834 2665; x_wconf 77' lang='grc' dir='ltr'>καὶ</span> <span class='ocrx_word' id='word_1_414' title='bbox 2897 2620 2992 2675; x_wconf 79' lang='grc' dir='ltr'>τῆς</span> <span class='ocrx_word' id='word_1_415' title='bbox 3062 2609 3334 2673; x_wconf 78' lang='grc' dir='ltr'>είδωλικῆς</span> <span class='ocrx_word' id='word_1_416' title='bbox 3409 2611 3605 2674; x_wconf 77' lang='grc' dir='ltr'><strong>πλάνης</strong></span> <span class='ocrx_word' id='word_1_417' title='bbox 3669 2610 3972 2683; x_wconf 69' lang='grc' dir='ltr'>ἐτύγχανον,</span> 
     </span>
    </p>
   </div>
   <div class='ocr_carea' id='block_1_58' title="bbox 2384 2697 3976 2775">
    <p class='ocr_par' dir='ltr' id='par_1_58' title="bbox 2384 2697 3976 2775">
     <span class='ocr_line' id='line_1_58' title="bbox 2384 2697 3976 2775; baseline -0.002 -21"><span class='ocrx_word' id='word_1_418' title='bbox 2384 2700 2626 2775; x_wconf 68' lang='grc' dir='ltr'>ἐπέτρεψε</span> <span class='ocrx_word' id='word_1_419' title='bbox 2652 2698 2712 2755; x_wconf 72' lang='grc' dir='ltr'><strong>δε</strong></span> <span class='ocrx_word' id='word_1_420' title='bbox 2753 2703 2892 2774; x_wconf 85' lang='grc' dir='ltr'>ὅμως</span> <span class='ocrx_word' id='word_1_421' title='bbox 2927 2701 3089 2762; x_wconf 72' lang='grc' dir='ltr'>αὐτας</span> <span class='ocrx_word' id='word_1_422' title='bbox 3129 2704 3154 2753; x_wconf 93' lang='lat'><strong>6</strong></span> <span class='ocrx_word' id='word_1_423' title='bbox 3203 2705 3358 2774; x_wconf 74' lang='grc' dir='ltr'>νόμός</span> <span class='ocrx_word' id='word_1_424' title='bbox 3390 2710 3700 2768; x_wconf 85' lang='grc' dir='ltr'>τηνικαῦτα,</span> <span class='ocrx_word' id='word_1_425' title='bbox 3749 2697 3841 2754; x_wconf 84' lang='grc' dir='ltr'>διίι</span> <span class='ocrx_word' id='word_1_426' title='bbox 3883 2703 3976 2758; x_wconf 70' lang='grc' dir='ltr'>τὴν</span> 
     </span>
    </p>
   </div>
   <div class='ocr_carea' id='block_1_59' title="bbox 2383 2790 3978 2866">
    <p class='ocr_par' dir='ltr' id='par_1_59' title="bbox 2383 2790 3978 2866">
     <span class='ocr_line' id='line_1_59' title="bbox 2383 2790 3978 2866; baseline -0.001 -23"><span class='ocrx_word' id='word_1_427' title='bbox 2383 2799 2482 2843; x_wconf 80' lang='grc' dir='ltr'>τῶν</span> <span class='ocrx_word' id='word_1_428' title='bbox 2519 2790 2766 2866; x_wconf 81' lang='grc' dir='ltr'>Ἐϐραίων</span> <span class='ocrx_word' id='word_1_429' title='bbox 2821 2790 3107 2856; x_wconf 77' lang='grc' dir='ltr'>ἀσθένειαν,</span> <span class='ocrx_word' id='word_1_430' title='bbox 3166 2795 3436 2863; x_wconf 78' lang='grc' dir='ltr'>οίκονομίᾳ</span> <span class='ocrx_word' id='word_1_431' title='bbox 3489 2797 3647 2861; x_wconf 65' lang='grc' dir='ltr'>σοφῇ.</span> <span class='ocrx_word' id='word_1_432' title='bbox 3703 2790 3837 2843; x_wconf 80' lang='grc' dir='ltr'>Ἐπεὶ</span> <span class='ocrx_word' id='word_1_433' title='bbox 3880 2791 3978 2862; x_wconf 70' lang='grc' dir='ltr'><strong>γὰρ</strong></span> 
     </span>
    </p>
   </div>
   <div class='ocr_carea' id='block_1_60' title="bbox 2382 2878 3979 2952">
    <p class='ocr_par' dir='ltr' id='par_1_60' title="bbox 2382 2878 3979 2952">
     <span class='ocr_line' id='line_1_60' title="bbox 2382 2878 3979 2952; baseline -0.001 -20"><span class='ocrx_word' id='word_1_434' title='bbox 2382 2879 2663 2952; x_wconf 79' lang='grc' dir='ltr'>λαίμαργοι</span> <span class='ocrx_word' id='word_1_435' title='bbox 2710 2883 2801 2951; x_wconf 76' lang='grc' dir='ltr'><strong>μεν</strong></span> <span class='ocrx_word' id='word_1_436' title='bbox 2849 2884 3008 2947; x_wconf 82' lang='grc' dir='ltr'>ὄντες,</span> <span class='ocrx_word' id='word_1_437' title='bbox 3042 2881 3259 2951; x_wconf 73' lang='grc' dir='ltr'>ἠγάπων</span> <span class='ocrx_word' id='word_1_438' title='bbox 3289 2883 3348 2932; x_wconf 87' lang='grc' dir='ltr'>τὸ</span> <span class='ocrx_word' id='word_1_439' title='bbox 3382 2880 3660 2940; x_wconf 75' lang='grc' dir='ltr'>ζωοθυτείν</span> <span class='ocrx_word' id='word_1_440' title='bbox 3696 2895 3710 2909; x_wconf 84' lang='lat'><strong><em>°</em></strong></span> <span class='ocrx_word' id='word_1_441' title='bbox 3759 2878 3979 2940; x_wconf 74' lang='grc' dir='ltr'>ἀπειθεῖς</span> 
     </span>
    </p>
   </div>
   <div class='ocr_carea' id='block_1_61' title="bbox 2384 2965 3981 3041">
    <p class='ocr_par' dir='ltr' id='par_1_61' title="bbox 2384 2965 3981 3041">
     <span class='ocr_line' id='line_1_61' title="bbox 2384 2965 3981 3041; baseline -0.003 -19"><span class='ocrx_word' id='word_1_442' title='bbox 2384 2965 2443 3022; x_wconf 68' lang='grc' dir='ltr'><strong>δι</strong></span> <span class='ocrx_word' id='word_1_443' title='bbox 2495 2970 2856 3040; x_wconf 76' lang='grc' dir='ltr'>τυγχάνοντες,</span> <span class='ocrx_word' id='word_1_444' title='bbox 2889 2967 3093 3040; x_wconf 66' lang='grc' dir='ltr'>ίνίλουν</span> <span class='ocrx_word' id='word_1_445' title='bbox 3138 2973 3227 3020; x_wconf 89' lang='grc' dir='ltr'>τὸν</span> <span class='ocrx_word' id='word_1_446' title='bbox 3275 2970 3446 3041; x_wconf 79' lang='grc' dir='ltr'>ὅρκον,</span> <span class='ocrx_word' id='word_1_447' title='bbox 3497 2970 3579 3020; x_wconf 89' lang='grc' dir='ltr'><strong>ίνα</strong></span> <span class='ocrx_word' id='word_1_448' title='bbox 3629 2966 3808 3020; x_wconf 69' lang='grc' dir='ltr'>λοιππόν</span> <span class='ocrx_word' id='word_1_449' title='bbox 3855 2972 3981 3038; x_wconf 71' lang='grc' dir='ltr'>μήτε</span> 
     </span>
    </p>
   </div>
   <div class='ocr_carea' id='block_1_62' title="bbox 2379 3053 3978 3129">
    <p class='ocr_par' dir='ltr' id='par_1_62' title="bbox 2379 3053 3978 3129">
     <span class='ocr_line' id='line_1_62' title="bbox 2379 3053 3978 3129; baseline -0.003 -19"><span class='ocrx_word' id='word_1_450' title='bbox 2379 3064 2486 3118; x_wconf 88' lang='grc' dir='ltr'>τοῖς</span> <span class='ocrx_word' id='word_1_451' title='bbox 2538 3053 2774 3117; x_wconf 77' lang='grc' dir='ltr'><strong>εἰδώλοις</strong></span> <span class='ocrx_word' id='word_1_452' title='bbox 2831 3059 3018 3125; x_wconf 80' lang='grc' dir='ltr'><strong>θύωσι,</strong></span> <span class='ocrx_word' id='word_1_453' title='bbox 3075 3063 3209 3129; x_wconf 74' lang='grc' dir='ltr'>μήτε</span> <span class='ocrx_word' id='word_1_454' title='bbox 3259 3059 3396 3110; x_wconf 84' lang='grc' dir='ltr'>κατὰ</span> <span class='ocrx_word' id='word_1_455' title='bbox 3446 3053 3671 3112; x_wconf 77' lang='grc' dir='ltr'>εἰδώλων</span> <span class='ocrx_word' id='word_1_456' title='bbox 3729 3056 3978 3127; x_wconf 70' lang='grc' dir='ltr'>ὀμνύωσι,</span> 
     </span>
    </p>
   </div>
   <div class='ocr_carea' id='block_1_63' title="bbox 617 3144 2275 3232">
    <p class='ocr_par' dir='ltr' id='par_1_63' title="bbox 617 3145 2273 3220">
     <span class='ocr_line' id='line_1_63' title="bbox 617 3145 2273 3220; baseline -0.002 -17"><span class='ocrx_word' id='word_1_457' title='bbox 617 3161 812 3220; x_wconf 87' lang='lat' dir='ltr'><strong>neque</strong></span> <span class='ocrx_word' id='word_1_458' title='bbox 868 3163 973 3219; x_wconf 91' lang='lat' dir='ltr'><strong>per</strong></span> <span class='ocrx_word' id='word_1_459' title='bbox 1019 3146 1180 3203; x_wconf 87' lang='lat' dir='ltr'><strong>idola</strong></span> <span class='ocrx_word' id='word_1_460' title='bbox 1236 3147 1525 3217; x_wconf 86' lang='lat' dir='ltr'><strong>jurarent,</strong></span> <span class='ocrx_word' id='word_1_461' title='bbox 1580 3145 1848 3215; x_wconf 90' lang='lat' dir='ltr'><strong>permisit</strong></span> <span class='ocrx_word' id='word_1_462' title='bbox 1890 3145 2136 3218; x_wconf 89' lang='lat' dir='ltr'><strong>quidem</strong></span> <span class='ocrx_word' id='word_1_463' title='bbox 2186 3145 2273 3200; x_wconf 80' lang='lat' dir='ltr'><strong>lex</strong></span> 
     </span>
    </p>
   </div>
   <div class='ocr_carea' id='block_1_64' title="bbox 2386 3144 3980 3232">
    <p class='ocr_par' dir='ltr' id='par_1_64' title="bbox 2386 3144 3980 3220">
     <span class='ocr_line' id='line_1_64' title="bbox 2386 3144 3980 3220; baseline -0.003 -21"><span class='ocrx_word' id='word_1_464' title='bbox 2386 3152 2726 3220; x_wconf 79' lang='grc' dir='ltr'><strong>συνεχώρησε</strong></span> <span class='ocrx_word' id='word_1_465' title='bbox 2773 3148 2864 3218; x_wconf 69' lang='grc' dir='ltr'><strong>μεν</strong></span> <span class='ocrx_word' id='word_1_466' title='bbox 2911 3149 3001 3198; x_wconf 76' lang='grc' dir='ltr'>καὶ</span> <span class='ocrx_word' id='word_1_467' title='bbox 3051 3149 3111 3198; x_wconf 83' lang='grc' dir='ltr'>τὸ</span> <span class='ocrx_word' id='word_1_468' title='bbox 3166 3147 3324 3213; x_wconf 80' lang='grc' dir='ltr'>θύειν,</span> <span class='ocrx_word' id='word_1_469' title='bbox 3377 3151 3467 3198; x_wconf 75' lang='grc' dir='ltr'>καὶ</span> <span class='ocrx_word' id='word_1_470' title='bbox 3526 3148 3585 3198; x_wconf 81' lang='grc' dir='ltr'>τὸ</span> <span class='ocrx_word' id='word_1_471' title='bbox 3613 3144 3839 3217; x_wconf 78' lang='grc' dir='ltr'>ὀμνύειν,</span> <span class='ocrx_word' id='word_1_472' title='bbox 3896 3147 3980 3195; x_wconf 84' lang='grc' dir='ltr'>καὶ</span> 
     </span>
    </p>
   </div>
   <div class='ocr_carea' id='block_1_65' title="bbox 617 3234 2268 3307">
    <p class='ocr_par' dir='ltr' id='par_1_65' title="bbox 617 3234 2268 3307">
     <span class='ocr_line' id='line_1_65' title="bbox 617 3234 2268 3307; baseline 0.001 -15"><span class='ocrx_word' id='word_1_473' title='bbox 617 3235 949 3293; x_wconf 88' lang='lat' dir='ltr'><strong>sacriﬁcare</strong></span> <span class='ocrx_word' id='word_1_474' title='bbox 979 3252 1050 3293; x_wconf 91' lang='lat' dir='ltr'><strong>ac</strong></span> <span class='ocrx_word' id='word_1_475' title='bbox 1093 3237 1314 3307; x_wconf 84' lang='lat' dir='ltr'><strong>jurare,</strong></span> <span class='ocrx_word' id='word_1_476' title='bbox 1349 3238 1404 3290; x_wconf 92' lang='lat' dir='ltr'><strong>et</strong></span> <span class='ocrx_word' id='word_1_477' title='bbox 1433 3235 1480 3289; x_wconf 89' lang='lat' dir='ltr'><strong>si</strong></span> <span class='ocrx_word' id='word_1_478' title='bbox 1527 3235 1672 3307; x_wconf 92' lang='lat' dir='ltr'><strong>quid</strong></span> <span class='ocrx_word' id='word_1_479' title='bbox 1704 3234 1870 3290; x_wconf 88' lang='lat' dir='ltr'><strong>aliud</strong></span> <span class='ocrx_word' id='word_1_480' title='bbox 1927 3239 2014 3291; x_wconf 89' lang='lat' dir='ltr'><strong>est</strong></span> <span class='ocrx_word' id='word_1_481' title='bbox 2043 3234 2226 3290; x_wconf 89' lang='lat' dir='ltr'><strong>simile</strong></span> <span class='ocrx_word' id='word_1_482' title='bbox 2255 3253 2268 3293; x_wconf 90' lang='lat'>:</span> 
     </span>
    </p>
   </div>
   <div class='ocr_carea' id='block_1_66' title="bbox 617 3323 2275 3382">
    <p class='ocr_par' dir='ltr' id='par_1_66' title="bbox 617 3323 2275 3382">
     <span class='ocr_line' id='line_1_66' title="bbox 617 3323 2275 3382; baseline -0.001 0"><span class='ocrx_word' id='word_1_483' title='bbox 617 3326 822 3382; x_wconf 88' lang='lat' dir='ltr'><strong>omnia</strong></span> <span class='ocrx_word' id='word_1_484' title='bbox 851 3341 990 3382; x_wconf 91' lang='lat' dir='ltr'><strong>vero</strong></span> <span class='ocrx_word' id='word_1_485' title='bbox 1042 3325 1120 3380; x_wconf 90' lang='lat' dir='ltr'><strong>ad</strong></span> <span class='ocrx_word' id='word_1_486' title='bbox 1169 3323 1350 3380; x_wconf 90' lang='lat' dir='ltr'><strong>Deum</strong></span> <span class='ocrx_word' id='word_1_487' title='bbox 1387 3323 1695 3380; x_wconf 87' lang='lat' dir='ltr'><strong>transtulit.</strong></span> <span class='ocrx_word' id='word_1_488' title='bbox 1743 3325 2031 3380; x_wconf 84' lang='lat' dir='ltr'><strong>Futurum</strong></span> <span class='ocrx_word' id='word_1_489' title='bbox 2074 3329 2275 3380; x_wconf 87' lang='lat' dir='ltr'><strong>autem</strong></span> 
     </span>
    </p>
   </div>
   <div class='ocr_carea' id='block_1_67' title="bbox 617 3412 2278 3484">
    <p class='ocr_par' dir='ltr' id='par_1_67' title="bbox 617 3412 2278 3484">
     <span class='ocr_line' id='line_1_67' title="bbox 617 3412 2278 3484; baseline -0.002 -13"><span class='ocrx_word' id='word_1_490' title='bbox 617 3420 743 3472; x_wconf 90' lang='lat' dir='ltr'><strong>erat</strong></span> <span class='ocrx_word' id='word_1_491' title='bbox 782 3419 846 3471; x_wconf 89' lang='lat' dir='ltr'><strong>ut</strong></span> <span class='ocrx_word' id='word_1_492' title='bbox 881 3430 1164 3470; x_wconf 88' lang='lat' dir='ltr'><strong>successu</strong></span> <span class='ocrx_word' id='word_1_493' title='bbox 1218 3412 1504 3484; x_wconf 89' lang='lat' dir='ltr'><strong>temporis</strong></span> <span class='ocrx_word' id='word_1_494' title='bbox 1551 3413 1727 3469; x_wconf 88' lang='lat' dir='ltr'><strong>etiam</strong></span> <span class='ocrx_word' id='word_1_495' title='bbox 1763 3413 1888 3470; x_wconf 80' lang='lat' dir='ltr'><strong>haec</strong></span> <span class='ocrx_word' id='word_1_496' title='bbox 1939 3413 2278 3470; x_wconf 88' lang='lat' dir='ltr'><strong>sublimiori</strong></span> 
     </span>
    </p>
   </div>
   <div class='ocr_carea' id='block_1_68' title="bbox 614 3501 2276 3575">
    <p class='ocr_par' dir='ltr' id='par_1_68' title="bbox 614 3501 2276 3575">
     <span class='ocr_line' id='line_1_68' title="bbox 614 3501 2276 3575; baseline -0.002 -15"><span class='ocrx_word' id='word_1_497' title='bbox 614 3503 984 3575; x_wconf 87' lang='lat' dir='ltr'><strong>legislatione</strong></span> <span class='ocrx_word' id='word_1_498' title='bbox 1016 3505 1373 3574; x_wconf 86' lang='lat' dir='ltr'><strong>amputaret.</strong></span> <span class='ocrx_word' id='word_1_499' title='bbox 1417 3503 1564 3568; x_wconf 84' lang='lat' dir='ltr'><strong>Quia</strong></span> <span class='ocrx_word' id='word_1_500' title='bbox 1601 3508 1656 3558; x_wconf 92' lang='lat' dir='ltr'><strong>et</strong></span> <span class='ocrx_word' id='word_1_501' title='bbox 1685 3502 1898 3559; x_wconf 88' lang='lat' dir='ltr'><strong>lactere</strong></span> <span class='ocrx_word' id='word_1_502' title='bbox 1945 3501 2276 3557; x_wconf 84' lang='lat' dir='ltr'><strong>infantibus</strong></span> 
     </span>
    </p>
   </div>
   <div class='ocr_carea' id='block_1_69' title="bbox 617 3589 2280 3665">
    <p class='ocr_par' dir='ltr' id='par_1_69' title="bbox 617 3589 2280 3665">
     <span class='ocr_line' id='line_1_69' title="bbox 617 3589 2280 3665; baseline -0.002 -17"><span class='ocrx_word' id='word_1_503' title='bbox 617 3591 862 3665; x_wconf 90' lang='lat' dir='ltr'><strong>quidem</strong></span> <span class='ocrx_word' id='word_1_504' title='bbox 878 3591 1014 3647; x_wconf 90' lang='lat' dir='ltr'><strong>utile</strong></span> <span class='ocrx_word' id='word_1_505' title='bbox 1028 3594 1134 3655; x_wconf 88' lang='lat' dir='ltr'><strong>est,</strong></span> <span class='ocrx_word' id='word_1_506' title='bbox 1150 3589 1286 3644; x_wconf 89' lang='lat' dir='ltr'><strong>viris</strong></span> <span class='ocrx_word' id='word_1_507' title='bbox 1299 3594 1499 3645; x_wconf 89' lang='lat' dir='ltr'><strong>autem</strong></span> <span class='ocrx_word' id='word_1_508' title='bbox 1515 3591 1590 3645; x_wconf 90' lang='lat' dir='ltr'><strong>ad</strong></span> <span class='ocrx_word' id='word_1_509' title='bbox 1600 3590 1847 3646; x_wconf 91' lang='lat' dir='ltr'><strong>modum</strong></span> <span class='ocrx_word' id='word_1_510' title='bbox 1880 3591 2174 3661; x_wconf 86' lang='lat' dir='ltr'><strong>ineptum:</strong></span> <span class='ocrx_word' id='word_1_511' title='bbox 2195 3589 2280 3645; x_wconf 90' lang='lat' dir='ltr'><strong>id-</strong></span> 
     </span>
    </p>
   </div>
   <div class='ocr_carea' id='block_1_70' title="bbox 617 3679 2276 3756">
    <p class='ocr_par' dir='ltr' id='par_1_70' title="bbox 617 3679 2276 3756">
     <span class='ocr_line' id='line_1_70' title="bbox 617 3679 2276 3756; baseline -0.001 -18"><span class='ocrx_word' id='word_1_512' title='bbox 617 3698 807 3756; x_wconf 90' lang='lat' dir='ltr'><strong>eoque</strong></span> <span class='ocrx_word' id='word_1_513' title='bbox 821 3681 1132 3738; x_wconf 89' lang='lat' dir='ltr'><strong>inl&#39;antium</strong></span> <span class='ocrx_word' id='word_1_514' title='bbox 1146 3695 1302 3736; x_wconf 87' lang='lat' dir='ltr'><strong>more</strong></span> <span class='ocrx_word' id='word_1_515' title='bbox 1317 3681 1649 3736; x_wconf 89' lang='lat' dir='ltr'><strong>viventibus</strong></span> <span class='ocrx_word' id='word_1_516' title='bbox 1665 3682 1742 3751; x_wconf 80' lang='grc' dir='ltr'><strong>(ε)</strong></span> <span class='ocrx_word' id='word_1_517' title='bbox 1756 3681 1867 3737; x_wconf 90' lang='lat' dir='ltr'><strong>hoc</strong></span> <span class='ocrx_word' id='word_1_518' title='bbox 1879 3679 2276 3747; x_wconf 88' lang='lat' dir='ltr'><strong>concedimus;</strong></span> 
     </span>
    </p>
   </div>
   <div class='ocr_carea' id='block_1_71' title="bbox 619 3768 2276 3842">
    <p class='ocr_par' dir='ltr' id='par_1_71' title="bbox 619 3768 2276 3842">
     <span class='ocr_line' id='line_1_71' title="bbox 619 3768 2276 3842; baseline -0.004 -15"><span class='ocrx_word' id='word_1_519' title='bbox 619 3772 815 3828; x_wconf 88' lang='lat' dir='ltr'><strong>viriles</strong></span> <span class='ocrx_word' id='word_1_520' title='bbox 868 3784 1010 3826; x_wconf 90' lang='lat' dir='ltr'><strong>vero</strong></span> <span class='ocrx_word' id='word_1_521' title='bbox 1053 3768 1132 3824; x_wconf 90' lang='lat' dir='ltr'><strong>ab</strong></span> <span class='ocrx_word' id='word_1_522' title='bbox 1193 3785 1264 3824; x_wconf 91' lang='lat' dir='ltr'><strong>eo</strong></span> <span class='ocrx_word' id='word_1_523' title='bbox 1333 3768 1694 3825; x_wconf 88' lang='lat' dir='ltr'><strong>abducimus</strong></span> <span class='ocrx_word' id='word_1_524' title='bbox 1749 3785 1818 3826; x_wconf 92' lang='lat' dir='ltr'><strong>ac</strong></span> <span class='ocrx_word' id='word_1_525' title='bbox 1866 3769 2276 3842; x_wconf 87' lang='lat' dir='ltr'><strong>prohibemus.</strong></span> 
     </span>
    </p>
   </div>
   <div class='ocr_carea' id='block_1_72' title="bbox 620 3857 2276 3932">
    <p class='ocr_par' dir='ltr' id='par_1_72' title="bbox 620 3857 2276 3932">
     <span class='ocr_line' id='line_1_72' title="bbox 620 3857 2276 3932; baseline 0 -16"><span class='ocrx_word' id='word_1_526' title='bbox 620 3861 765 3928; x_wconf 91' lang='lat' dir='ltr'><strong>Quid</strong></span> <span class='ocrx_word' id='word_1_527' title='bbox 786 3859 968 3930; x_wconf 78' lang='lat' dir='ltr'><strong>igitur</strong></span> <span class='ocrx_word' id='word_1_528' title='bbox 992 3857 1314 3927; x_wconf 86' lang='lat' dir='ltr'><strong>agendum,</strong></span> <span class='ocrx_word' id='word_1_529' title='bbox 1341 3859 1389 3913; x_wconf 92' lang='lat' dir='ltr'><strong>si</strong></span> <span class='ocrx_word' id='word_1_530' title='bbox 1429 3859 1557 3929; x_wconf 91' lang='lat' dir='ltr'><strong>quis</strong></span> <span class='ocrx_word' id='word_1_531' title='bbox 1577 3859 1986 3930; x_wconf 87' lang='lat' dir='ltr'><strong>juramentum</strong></span> <span class='ocrx_word' id='word_1_532' title='bbox 2019 3864 2276 3932; x_wconf 85' lang='lat' dir='ltr'><strong>expetat,</strong></span> 
     </span>
    </p>
   </div>
   <div class='ocr_carea' id='block_1_73' title="bbox 619 3946 2274 4019">
    <p class='ocr_par' dir='ltr' id='par_1_73' title="bbox 619 3946 2274 4019">
     <span class='ocr_line' id='line_1_73' title="bbox 619 3946 2274 4019; baseline -0.001 -11"><span class='ocrx_word' id='word_1_533' title='bbox 619 3953 743 4008; x_wconf 91' lang='lat' dir='ltr'><strong>imo</strong></span> <span class='ocrx_word' id='word_1_534' title='bbox 768 3949 970 4019; x_wconf 88' lang='lat' dir='ltr'><strong>jurare</strong></span> <span class='ocrx_word' id='word_1_535' title='bbox 1017 3951 1193 4016; x_wconf 82' lang='lat' dir='ltr'><strong>cogat</strong></span> <span class='ocrx_word' id='word_1_536' title='bbox 1231 3947 1261 4003; x_wconf 83' lang='lat'><strong>?</strong></span> <span class='ocrx_word' id='word_1_537' title='bbox 1292 3946 1373 4004; x_wconf 89' lang='lat' dir='ltr'><strong>Sit</strong></span> <span class='ocrx_word' id='word_1_538' title='bbox 1401 3947 1503 4002; x_wconf 89' lang='lat' dir='ltr'><strong>tibi</strong></span> <span class='ocrx_word' id='word_1_539' title='bbox 1563 3948 1662 4003; x_wconf 92' lang='lat' dir='ltr'><strong>Dei</strong></span> <span class='ocrx_word' id='word_1_540' title='bbox 1728 3949 1907 4005; x_wconf 91' lang='lat' dir='ltr'><strong>timor</strong></span> <span class='ocrx_word' id='word_1_541' title='bbox 1943 3949 2274 4017; x_wconf 91' lang='lat' dir='ltr'><strong>violentior,</strong></span> 
     </span>
    </p>
   </div>
   <div class='ocr_carea' id='block_1_74' title="bbox 619 4035 2276 4111">
    <p class='ocr_par' dir='ltr' id='par_1_74' title="bbox 619 4035 2276 4111">
     <span class='ocr_line' id='line_1_74' title="bbox 619 4035 2276 4111; baseline 0 -17"><span class='ocrx_word' id='word_1_542' title='bbox 619 4052 808 4111; x_wconf 89' lang='lat' dir='ltr'><strong>quam</strong></span> <span class='ocrx_word' id='word_1_543' title='bbox 825 4035 953 4090; x_wconf 59' lang='lat' dir='ltr'><strong>haec</strong></span> <span class='ocrx_word' id='word_1_544' title='bbox 983 4036 1340 4102; x_wconf 87' lang='lat' dir='ltr'><strong>necessitas;</strong></span> <span class='ocrx_word' id='word_1_545' title='bbox 1369 4035 1688 4108; x_wconf 89' lang='lat' dir='ltr'><strong>omniaque</strong></span> <span class='ocrx_word' id='word_1_546' title='bbox 1716 4037 1837 4108; x_wconf 88' lang='lat' dir='ltr'><strong>pati</strong></span> <span class='ocrx_word' id='word_1_547' title='bbox 1861 4037 2276 4110; x_wconf 89' lang='lat' dir='ltr'><strong>eligaspotius,</strong></span> 
     </span>
    </p>
   </div>
   <div class='ocr_carea' id='block_1_75' title="bbox 620 4124 2277 4200">
    <p class='ocr_par' dir='ltr' id='par_1_75' title="bbox 620 4124 2277 4200">
     <span class='ocr_line' id='line_1_75' title="bbox 620 4124 2277 4200; baseline 0.002 -19"><span class='ocrx_word' id='word_1_548' title='bbox 620 4140 810 4199; x_wconf 89' lang='lat' dir='ltr'><strong>quam</strong></span> <span class='ocrx_word' id='word_1_549' title='bbox 853 4128 1218 4194; x_wconf 70' lang='lat' dir='ltr'><strong>praeceptum</strong></span> <span class='ocrx_word' id='word_1_550' title='bbox 1272 4124 1630 4195; x_wconf 89' lang='lat' dir='ltr'><strong>transgredi.</strong></span> <span class='ocrx_word' id='word_1_551' title='bbox 1689 4129 1747 4181; x_wconf 92' lang='lat' dir='ltr'><strong>ln</strong></span> <span class='ocrx_word' id='word_1_552' title='bbox 1780 4126 1945 4183; x_wconf 92' lang='lat' dir='ltr'><strong>omni</strong></span> <span class='ocrx_word' id='word_1_553' title='bbox 1979 4126 2277 4200; x_wconf 86' lang='lat' dir='ltr'><strong>siquidem</strong></span> 
     </span>
    </p>
   </div>
   <div class='ocr_carea' id='block_1_76' title="bbox 621 4211 2279 4288">
    <p class='ocr_par' dir='ltr' id='par_1_76' title="bbox 621 4211 2279 4288">
     <span class='ocr_line' id='line_1_76' title="bbox 621 4211 2279 4288; baseline 0.001 -19"><span class='ocrx_word' id='word_1_554' title='bbox 621 4217 923 4288; x_wconf 66' lang='lat' dir='ltr'><strong>praecepto</strong></span> <span class='ocrx_word' id='word_1_555' title='bbox 951 4211 1042 4268; x_wconf 91' lang='lat' dir='ltr'><strong>vis</strong></span> <span class='ocrx_word' id='word_1_556' title='bbox 1069 4227 1136 4269; x_wconf 88' lang='lat' dir='ltr'><strong>ac</strong></span> <span class='ocrx_word' id='word_1_557' title='bbox 1177 4213 1504 4270; x_wconf 90' lang='lat' dir='ltr'><strong>violentum</strong></span> <span class='ocrx_word' id='word_1_558' title='bbox 1546 4214 1878 4286; x_wconf 92' lang='lat' dir='ltr'><strong>periculum</strong></span> <span class='ocrx_word' id='word_1_559' title='bbox 1920 4215 2027 4272; x_wconf 91' lang='lat' dir='ltr'><strong>tibi</strong></span> <span class='ocrx_word' id='word_1_560' title='bbox 2059 4215 2279 4288; x_wconf 64' lang='lat' dir='ltr'><strong>sapius</strong></span> 
     </span>
    </p>
   </div>
   <div class='ocr_carea' id='block_1_77' title="bbox 622 4301 2279 4375">
    <p class='ocr_par' dir='ltr' id='par_1_77' title="bbox 622 4301 2279 4375">
     <span class='ocr_line' id='line_1_77' title="bbox 622 4301 2279 4375; baseline -0.001 -15"><span class='ocrx_word' id='word_1_561' title='bbox 622 4311 891 4364; x_wconf 85' lang='lat' dir='ltr'><strong>occurret</strong></span> <span class='ocrx_word' id='word_1_562' title='bbox 922 4319 937 4363; x_wconf 89' lang='lat'><strong>:</strong></span> <span class='ocrx_word' id='word_1_563' title='bbox 969 4305 1026 4356; x_wconf 84' lang='lat' dir='ltr'><strong>et</strong></span> <span class='ocrx_word' id='word_1_564' title='bbox 1050 4301 1164 4357; x_wconf 89' lang='lat' dir='ltr'><strong>nisi</strong></span> <span class='ocrx_word' id='word_1_565' title='bbox 1197 4302 1419 4375; x_wconf 90' lang='lat' dir='ltr'><strong>ubique</strong></span> <span class='ocrx_word' id='word_1_566' title='bbox 1445 4303 1759 4359; x_wconf 87' lang='lat' dir='ltr'><strong>violentius</strong></span> <span class='ocrx_word' id='word_1_567' title='bbox 1803 4304 1985 4360; x_wconf 92' lang='lat' dir='ltr'><strong>ducat</strong></span> <span class='ocrx_word' id='word_1_568' title='bbox 2012 4303 2279 4359; x_wconf 88' lang='lat' dir='ltr'><strong>divinum</strong></span> 
     </span>
    </p>
   </div>
   <div class='ocr_carea' id='block_1_78' title="bbox 625 4392 2275 4468">
    <p class='ocr_par' dir='ltr' id='par_1_78' title="bbox 625 4392 2275 4468">
     <span class='ocr_line' id='line_1_78' title="bbox 625 4392 2275 4468; baseline -0.001 -18"><span class='ocrx_word' id='word_1_569' title='bbox 625 4401 1004 4468; x_wconf 65' lang='lat' dir='ltr'><strong>praeceptum,</strong></span> <span class='ocrx_word' id='word_1_570' title='bbox 1039 4394 1243 4451; x_wconf 87' lang='lat' dir='ltr'><strong>omnia</strong></span> <span class='ocrx_word' id='word_1_571' title='bbox 1272 4408 1308 4449; x_wconf 91' lang='lat' dir='ltr'><strong>a</strong></span> <span class='ocrx_word' id='word_1_572' title='bbox 1334 4396 1386 4448; x_wconf 89' lang='lat' dir='ltr'><strong>te</strong></span> <span class='ocrx_word' id='word_1_573' title='bbox 1409 4408 1602 4449; x_wconf 90' lang='lat' dir='ltr'><strong>vacua</strong></span> <span class='ocrx_word' id='word_1_574' title='bbox 1616 4397 1671 4449; x_wconf 90' lang='lat' dir='ltr'><strong>et</strong></span> <span class='ocrx_word' id='word_1_575' title='bbox 1701 4392 1916 4449; x_wconf 85' lang='lat' dir='ltr'><strong>infecta</strong></span> <span class='ocrx_word' id='word_1_576' title='bbox 1946 4393 2275 4448; x_wconf 87' lang='lat' dir='ltr'><strong>discedent.</strong></span> 
     </span>
    </p>
   </div>
   <div class='ocr_carea' id='block_1_79' title="bbox 2385 3231 3976 3307">
    <p class='ocr_par' dir='ltr' id='par_1_79' title="bbox 2385 3231 3976 3307">
     <span class='ocr_line' id='line_1_79' title="bbox 2385 3231 3976 3307; baseline 0 -19"><span class='ocrx_word' id='word_1_577' title='bbox 2385 3239 2428 3288; x_wconf 81' lang='grc' dir='ltr'><strong>εἰ</strong></span> <span class='ocrx_word' id='word_1_578' title='bbox 2461 3255 2513 3288; x_wconf 89' lang='grc' dir='ltr'><strong>τι</strong></span> <span class='ocrx_word' id='word_1_579' title='bbox 2560 3241 2795 3288; x_wconf 90' lang='grc' dir='ltr'>τοιοῦτον</span> <span class='ocrx_word' id='word_1_580' title='bbox 2833 3252 2845 3263; x_wconf 74' lang='grc'><strong>⁸</strong></span> <span class='ocrx_word' id='word_1_581' title='bbox 2889 3233 2976 3287; x_wconf 81' lang='grc' dir='ltr'><strong>ίπὶ</strong></span> <span class='ocrx_word' id='word_1_582' title='bbox 3021 3237 3108 3287; x_wconf 81' lang='grc' dir='ltr'>τὸν</span> <span class='ocrx_word' id='word_1_583' title='bbox 3156 3238 3285 3288; x_wconf 82' lang='grc' dir='ltr'>θεὸν</span> <span class='ocrx_word' id='word_1_584' title='bbox 3335 3231 3394 3288; x_wconf 67' lang='grc' dir='ltr'><strong>δι</strong></span> <span class='ocrx_word' id='word_1_585' title='bbox 3440 3234 3612 3288; x_wconf 84' lang='grc' dir='ltr'>πάντα</span> <span class='ocrx_word' id='word_1_586' title='bbox 3648 3237 3976 3307; x_wconf 72' lang='grc' dir='ltr'>μετέστησεν.</span> 
     </span>
    </p>
   </div>
   <div class='ocr_carea' id='block_1_80' title="bbox 2384 3322 3976 3398">
    <p class='ocr_par' dir='ltr' id='par_1_80' title="bbox 2384 3322 3976 3398">
     <span class='ocr_line' id='line_1_80' title="bbox 2384 3322 3976 3398; baseline -0.004 -18"><span class='ocrx_word' id='word_1_587' title='bbox 2384 3324 2598 3398; x_wconf 78' lang='grc' dir='ltr'>Ἔμελλε</span> <span class='ocrx_word' id='word_1_588' title='bbox 2639 3326 2764 3398; x_wconf 74' lang='grc' dir='ltr'><strong>γὰρ,</strong></span> <span class='ocrx_word' id='word_1_589' title='bbox 2812 3331 2998 3398; x_wconf 84' lang='grc' dir='ltr'>καιροᾶ</span> <span class='ocrx_word' id='word_1_590' title='bbox 3045 3323 3338 3390; x_wconf 78' lang='grc' dir='ltr'>καλοῦντος,</span> <span class='ocrx_word' id='word_1_591' title='bbox 3396 3322 3616 3394; x_wconf 69' lang='grc' dir='ltr'>ἐκκόψαι</span> <span class='ocrx_word' id='word_1_592' title='bbox 3662 3328 3752 3375; x_wconf 77' lang='grc' dir='ltr'>καὶ</span> <span class='ocrx_word' id='word_1_593' title='bbox 3796 3330 3976 3389; x_wconf 85' lang='grc' dir='ltr'>ταῦτα,</span> 
     </span>
    </p>
   </div>
   <div class='ocr_carea' id='block_1_81' title="bbox 2387 3411 3976 3488">
    <p class='ocr_par' dir='ltr' id='par_1_81' title="bbox 2387 3411 3976 3488">
     <span class='ocr_line' id='line_1_81' title="bbox 2387 3411 3976 3488; baseline -0.003 -21"><span class='ocrx_word' id='word_1_594' title='bbox 2387 3411 2461 3468; x_wconf 81' lang='grc' dir='ltr'>δι’</span> <span class='ocrx_word' id='word_1_595' title='bbox 2517 3413 2843 3488; x_wconf 71' lang='grc' dir='ltr'>ὑψηλοτέρας</span> <span class='ocrx_word' id='word_1_596' title='bbox 2901 3413 3228 3486; x_wconf 80' lang='grc' dir='ltr'>νομοθεσίας.</span> <span class='ocrx_word' id='word_1_597' title='bbox 3283 3413 3425 3466; x_wconf 74' lang='grc' dir='ltr'>Ἐπεὶ</span> <span class='ocrx_word' id='word_1_598' title='bbox 3485 3418 3577 3465; x_wconf 81' lang='grc' dir='ltr'>καὶ</span> <span class='ocrx_word' id='word_1_599' title='bbox 3634 3415 3693 3464; x_wconf 87' lang='grc' dir='ltr'>τὸ</span> <span class='ocrx_word' id='word_1_600' title='bbox 3744 3411 3976 3473; x_wconf 76' lang='grc' dir='ltr'>θηλάζειν</span> 
     </span>
    </p>
   </div>
   <div class='ocr_carea' id='block_1_82' title="bbox 2385 3498 3976 3575">
    <p class='ocr_par' dir='ltr' id='par_1_82' title="bbox 2385 3498 3976 3575">
     <span class='ocr_line' id='line_1_82' title="bbox 2385 3498 3976 3575; baseline -0.001 -20"><span class='ocrx_word' id='word_1_601' title='bbox 2385 3508 2592 3564; x_wconf 78' lang='grc' dir='ltr'>νηπίοις</span> <span class='ocrx_word' id='word_1_602' title='bbox 2776 3501 3058 3567; x_wconf 62' lang='grc' dir='ltr'>λυσιτελὲς,</span> <span class='ocrx_word' id='word_1_603' title='bbox 3111 3498 3339 3575; x_wconf 75' lang='grc' dir='ltr'>ἀνδράσι</span> <span class='ocrx_word' id='word_1_604' title='bbox 3389 3498 3449 3554; x_wconf 73' lang='grc' dir='ltr'><strong>δε</strong></span> <span class='ocrx_word' id='word_1_605' title='bbox 3495 3507 3585 3554; x_wconf 78' lang='grc' dir='ltr'>καὶ</span> <span class='ocrx_word' id='word_1_606' title='bbox 3636 3500 3750 3554; x_wconf 84' lang='grc' dir='ltr'>λίαν</span> <span class='ocrx_word' id='word_1_607' title='bbox 3805 3500 3976 3554; x_wconf 75' lang='grc' dir='ltr'>ἀνεπι-</span> 
     </span>
    </p>
   </div>
   <div class='ocr_carea' id='block_1_83' title="bbox 2387 3587 3973 3662">
    <p class='ocr_par' dir='ltr' id='par_1_83' title="bbox 2387 3587 3973 3662">
     <span class='ocr_line' id='line_1_83' title="bbox 2387 3587 3973 3662; baseline -0.002 -17"><span class='ocrx_word' id='word_1_608' title='bbox 2387 3589 2616 3659; x_wconf 81' lang='grc' dir='ltr'>τήδειον,</span> <span class='ocrx_word' id='word_1_609' title='bbox 2657 3595 2746 3644; x_wconf 80' lang='grc' dir='ltr'>καὶ</span> <span class='ocrx_word' id='word_1_610' title='bbox 2793 3587 2887 3642; x_wconf 80' lang='grc' dir='ltr'>διὰ</span> <span class='ocrx_word' id='word_1_611' title='bbox 2935 3599 3090 3644; x_wconf 90' lang='grc' dir='ltr'>τοῦτο</span> <span class='ocrx_word' id='word_1_612' title='bbox 3142 3594 3463 3654; x_wconf 81' lang='grc' dir='ltr'>νηπιάζουσι</span> <span class='ocrx_word' id='word_1_613' title='bbox 3511 3594 3600 3662; x_wconf 73' lang='grc' dir='ltr'><strong>μεν</strong></span> <span class='ocrx_word' id='word_1_614' title='bbox 3635 3592 3827 3643; x_wconf 80' lang='grc' dir='ltr'>τούτου</span> <span class='ocrx_word' id='word_1_615' title='bbox 3880 3608 3973 3642; x_wconf 83' lang='grc' dir='ltr'>πα·-</span> 
     </span>
    </p>
   </div>
   <div class='ocr_carea' id='block_1_84' title="bbox 2387 3676 3973 3756">
    <p class='ocr_par' dir='ltr' id='par_1_84' title="bbox 2387 3676 3973 3756">
     <span class='ocr_line' id='line_1_84' title="bbox 2387 3676 3973 3756; baseline -0.003 -24"><span class='ocrx_word' id='word_1_616' title='bbox 2387 3688 2750 3756; x_wconf 81' lang='grc' dir='ltr'>ραχωροῦμεν,</span> <span class='ocrx_word' id='word_1_617' title='bbox 2785 3676 3160 3753; x_wconf 78' lang='grc' dir='ltr'>ἁνδρουμίνους</span> <span class='ocrx_word' id='word_1_618' title='bbox 3205 3677 3264 3733; x_wconf 72' lang='grc' dir='ltr'><strong>δε</strong></span> <span class='ocrx_word' id='word_1_619' title='bbox 3300 3679 3477 3733; x_wconf 83' lang='grc' dir='ltr'>λοιπὸν</span> <span class='ocrx_word' id='word_1_620' title='bbox 3518 3678 3784 3752; x_wconf 75' lang='grc' dir='ltr'>ἀπάγομεν</span> <span class='ocrx_word' id='word_1_621' title='bbox 3827 3679 3973 3732; x_wconf 76' lang='grc' dir='ltr'>αὐτοῦ</span> 
     </span>
    </p>
   </div>
   <div class='ocr_carea' id='block_1_85' title="bbox 2387 3764 3970 3842">
    <p class='ocr_par' dir='ltr' id='par_1_85' title="bbox 2387 3764 3970 3842">
     <span class='ocr_line' id='line_1_85' title="bbox 2387 3764 3970 3842; baseline -0.003 -20"><span class='ocrx_word' id='word_1_622' title='bbox 2387 3774 2477 3822; x_wconf 78' lang='grc' dir='ltr'>καὶ</span> <span class='ocrx_word' id='word_1_623' title='bbox 2533 3768 2811 3842; x_wconf 82' lang='grc' dir='ltr'>κωλύομεν.</span> <span class='ocrx_word' id='word_1_624' title='bbox 2870 3772 2934 3822; x_wconf 82' lang='grc' dir='ltr'>Τί</span> <span class='ocrx_word' id='word_1_625' title='bbox 2998 3764 3108 3838; x_wconf 84' lang='grc' dir='ltr'>οὖν,</span> <span class='ocrx_word' id='word_1_626' title='bbox 3173 3767 3258 3821; x_wconf 83' lang='grc' dir='ltr'><strong>ίάν</strong></span> <span class='ocrx_word' id='word_1_627' title='bbox 3309 3788 3387 3830; x_wconf 90' lang='grc' dir='ltr'><strong>τις</strong></span> <span class='ocrx_word' id='word_1_628' title='bbox 3430 3770 3581 3841; x_wconf 83' lang='grc' dir='ltr'>ὅρκον</span> <span class='ocrx_word' id='word_1_629' title='bbox 3635 3765 3834 3840; x_wconf 71' lang='grc' dir='ltr'>ἀπαιτῇ</span> <span class='ocrx_word' id='word_1_630' title='bbox 3889 3768 3970 3818; x_wconf 77' lang='grc' dir='ltr'>καὶ</span> 
     </span>
    </p>
   </div>
   <div class='ocr_carea' id='block_1_86' title="bbox 2387 3855 3978 3930">
    <p class='ocr_par' dir='ltr' id='par_1_86' title="bbox 2387 3855 3978 3930">
     <span class='ocr_line' id='line_1_86' title="bbox 2387 3855 3978 3930; baseline -0.003 -20"><span class='ocrx_word' id='word_1_631' title='bbox 2387 3859 2762 3930; x_wconf 73' lang='grc' dir='ltr'>καταναγκάζη</span> <span class='ocrx_word' id='word_1_632' title='bbox 2797 3874 2811 3926; x_wconf 85' lang='grc'><strong>;</strong></span> <span class='ocrx_word' id='word_1_633' title='bbox 2846 3856 3022 3913; x_wconf 82' lang='grc' dir='ltr'>Ἔστω</span> <span class='ocrx_word' id='word_1_634' title='bbox 3067 3876 3148 3910; x_wconf 77' lang='grc' dir='ltr'><strong>σοι</strong></span> <span class='ocrx_word' id='word_1_635' title='bbox 3194 3865 3289 3918; x_wconf 76' lang='grc' dir='ltr'>τῆς</span> <span class='ocrx_word' id='word_1_636' title='bbox 3337 3855 3568 3930; x_wconf 71' lang='grc' dir='ltr'>ἀνάγκης</span> <span class='ocrx_word' id='word_1_637' title='bbox 3597 3860 3790 3918; x_wconf 87' lang='grc' dir='ltr'>ταύτης</span> <span class='ocrx_word' id='word_1_638' title='bbox 3828 3858 3855 3909; x_wconf 88' lang='grc' dir='ltr'><strong>ὀ</strong></span> <span class='ocrx_word' id='word_1_639' title='bbox 3896 3860 3978 3908; x_wconf 79' lang='grc' dir='ltr'><strong>τοῦ</strong></span> 
     </span>
    </p>
   </div>
   <div class='ocr_carea' id='block_1_87' title="bbox 2389 3943 3982 4019">
    <p class='ocr_par' dir='ltr' id='par_1_87' title="bbox 2389 3943 3982 4019">
     <span class='ocr_line' id='line_1_87' title="bbox 2389 3943 3982 4019; baseline -0.004 -17"><span class='ocrx_word' id='word_1_640' title='bbox 2389 3955 2523 4002; x_wconf 83' lang='grc' dir='ltr'>Θεοῦ</span> <span class='ocrx_word' id='word_1_641' title='bbox 2576 3945 2732 4019; x_wconf 77' lang='grc' dir='ltr'>φόϐος</span> <span class='ocrx_word' id='word_1_642' title='bbox 2798 3944 3219 4019; x_wconf 76' lang='grc' dir='ltr'>ἀναγκαιότερος,</span> <span class='ocrx_word' id='word_1_643' title='bbox 3273 3951 3362 3998; x_wconf 73' lang='grc' dir='ltr'>καὶ</span> <span class='ocrx_word' id='word_1_644' title='bbox 3429 3947 3596 4000; x_wconf 85' lang='grc' dir='ltr'>πάντα</span> <span class='ocrx_word' id='word_1_645' title='bbox 3644 3947 3828 3998; x_wconf 82' lang='grc' dir='ltr'>παθεῖν</span> <span class='ocrx_word' id='word_1_646' title='bbox 3876 3943 3982 3997; x_wconf 71' lang='grc' dir='ltr'>ἑλοῦ</span> 
     </span>
    </p>
   </div>
   <div class='ocr_carea' id='block_1_88' title="bbox 2387 4031 3986 4110">
    <p class='ocr_par' dir='ltr' id='par_1_88' title="bbox 2387 4031 3986 4110">
     <span class='ocr_line' id='line_1_88' title="bbox 2387 4031 3986 4110; baseline -0.003 -22"><span class='ocrx_word' id='word_1_647' title='bbox 2387 4036 2598 4110; x_wconf 80' lang='grc' dir='ltr'>μᾶλλον,</span> <span class='ocrx_word' id='word_1_648' title='bbox 2663 4036 2693 4094; x_wconf 71' lang='grc' dir='ltr'>ἦ</span> <span class='ocrx_word' id='word_1_649' title='bbox 2753 4033 3055 4108; x_wconf 76' lang='grc' dir='ltr'>παραϐῆναι</span> <span class='ocrx_word' id='word_1_650' title='bbox 3109 4039 3204 4094; x_wconf 76' lang='grc' dir='ltr'><strong>την</strong></span> <span class='ocrx_word' id='word_1_651' title='bbox 3270 4033 3495 4092; x_wconf 80' lang='grc' dir='ltr'>ίντολην.</span> <span class='ocrx_word' id='word_1_652' title='bbox 3559 4038 3659 4088; x_wconf 76' lang='grc' dir='ltr'><strong>Καὶ</strong></span> <span class='ocrx_word' id='word_1_653' title='bbox 3731 4036 3835 4108; x_wconf 75' lang='grc' dir='ltr'><strong>γὰρ</strong></span> <span class='ocrx_word' id='word_1_654' title='bbox 3912 4031 3986 4086; x_wconf 71' lang='grc' dir='ltr'><strong>ἐπὶ</strong></span> 
     </span>
    </p>
   </div>
   <div class='ocr_carea' id='block_1_89' title="bbox 2386 4120 3988 4194">
    <p class='ocr_par' dir='ltr' id='par_1_89' title="bbox 2386 4120 3988 4194">
     <span class='ocr_line' id='line_1_89' title="bbox 2386 4120 3988 4194; baseline -0.002 -17"><span class='ocrx_word' id='word_1_655' title='bbox 2386 4127 2560 4186; x_wconf 88' lang='grc' dir='ltr'>πάσης</span> <span class='ocrx_word' id='word_1_656' title='bbox 2617 4123 2822 4186; x_wconf 71' lang='grc' dir='ltr'>ἐντολῆς</span> <span class='ocrx_word' id='word_1_657' title='bbox 2886 4122 3129 4184; x_wconf 88' lang='grc' dir='ltr'>πολλάκις</span> <span class='ocrx_word' id='word_1_658' title='bbox 3186 4122 3542 4182; x_wconf 76' lang='grc' dir='ltr'>ἀπαντήσεταί</span> <span class='ocrx_word' id='word_1_659' title='bbox 3595 4141 3680 4175; x_wconf 89' lang='grc' dir='ltr'><strong>σοι</strong></span> <span class='ocrx_word' id='word_1_660' title='bbox 3738 4120 3854 4194; x_wconf 86' lang='grc' dir='ltr'>βία,</span> <span class='ocrx_word' id='word_1_661' title='bbox 3903 4125 3988 4174; x_wconf 81' lang='grc' dir='ltr'>καὶ</span> 
     </span>
    </p>
   </div>
   <div class='ocr_carea' id='block_1_90' title="bbox 2390 4208 3988 4286">
    <p class='ocr_par' dir='ltr' id='par_1_90' title="bbox 2390 4208 3988 4286">
     <span class='ocr_line' id='line_1_90' title="bbox 2390 4208 3988 4286; baseline -0.001 -20"><span class='ocrx_word' id='word_1_662' title='bbox 2390 4213 2641 4286; x_wconf 85' lang='grc' dir='ltr'>βιωτικός</span> <span class='ocrx_word' id='word_1_663' title='bbox 2706 4208 2964 4277; x_wconf 83' lang='grc' dir='ltr'>κίνδυνος,</span> <span class='ocrx_word' id='word_1_664' title='bbox 3023 4217 3112 4265; x_wconf 77' lang='grc' dir='ltr'>καὶ</span> <span class='ocrx_word' id='word_1_665' title='bbox 3179 4213 3223 4264; x_wconf 89' lang='grc' dir='ltr'><strong>εί</strong></span> <span class='ocrx_word' id='word_1_666' title='bbox 3280 4217 3352 4285; x_wconf 73' lang='grc' dir='ltr'>μὴ</span> <span class='ocrx_word' id='word_1_667' title='bbox 3411 4217 3686 4283; x_wconf 75' lang='grc' dir='ltr'>πανταχοῦ</span> <span class='ocrx_word' id='word_1_668' title='bbox 3758 4208 3988 4282; x_wconf 85' lang='grc' dir='ltr'>βιαιοτί·</span> 
     </span>
    </p>
   </div>
   <div class='ocr_carea' id='block_1_91' title="bbox 2387 4300 3991 4377">
    <p class='ocr_par' dir='ltr' id='par_1_91' title="bbox 2387 4300 3991 4377">
     <span class='ocr_line' id='line_1_91' title="bbox 2387 4300 3991 4377; baseline -0.002 -23"><span class='ocrx_word' id='word_1_669' title='bbox 2387 4322 2482 4377; x_wconf 92' lang='grc' dir='ltr'><strong>ραν</strong></span> <span class='ocrx_word' id='word_1_670' title='bbox 2510 4306 2730 4375; x_wconf 78' lang='grc' dir='ltr'>νομίσῃς</span> <span class='ocrx_word' id='word_1_671' title='bbox 2766 4305 2862 4359; x_wconf 75' lang='grc' dir='ltr'><strong>την</strong></span> <span class='ocrx_word' id='word_1_672' title='bbox 2893 4303 3032 4354; x_wconf 85' lang='grc' dir='ltr'>Θείαν</span> <span class='ocrx_word' id='word_1_673' title='bbox 3076 4300 3304 4368; x_wconf 73' lang='grc' dir='ltr'>ἐντολὴν,</span> <span class='ocrx_word' id='word_1_674' title='bbox 3342 4300 3658 4373; x_wconf 75' lang='grc' dir='ltr'>οίχησονταί</span> <span class='ocrx_word' id='word_1_675' title='bbox 3687 4317 3772 4352; x_wconf 92' lang='grc' dir='ltr'><strong>σοι</strong></span> <span class='ocrx_word' id='word_1_676' title='bbox 3820 4305 3991 4352; x_wconf 83' lang='grc' dir='ltr'>πᾶσαι</span> 
     </span>
    </p>
   </div>
   <div class='ocr_carea' id='block_1_92' title="bbox 2386 4385 3990 4465">
    <p class='ocr_par' dir='ltr' id='par_1_92' title="bbox 2386 4385 3990 4465">
     <span class='ocr_line' id='line_1_92' title="bbox 2386 4385 3990 4465; baseline -0.002 -22"><span class='ocrx_word' id='word_1_677' title='bbox 2386 4396 2530 4443; x_wconf 77' lang='grc' dir='ltr'>κεναὶ</span> <span class='ocrx_word' id='word_1_678' title='bbox 2575 4395 2667 4443; x_wconf 82' lang='grc' dir='ltr'>καὶ</span> <span class='ocrx_word' id='word_1_679' title='bbox 2710 4393 2991 4463; x_wconf 79' lang='grc' dir='ltr'>ἄπρακτοι.</span> <span class='ocrx_word' id='word_1_680' title='bbox 3040 4395 3242 4464; x_wconf 77' lang='grc' dir='ltr'>Προίὼν</span> <span class='ocrx_word' id='word_1_681' title='bbox 3289 4392 3391 4465; x_wconf 70' lang='grc' dir='ltr'><strong>γὰρ</strong></span> <span class='ocrx_word' id='word_1_682' title='bbox 3449 4385 3587 4442; x_wconf 86' lang='grc' dir='ltr'>εἶπεν</span> <span class='ocrx_word' id='word_1_683' title='bbox 3613 4390 3642 4441; x_wconf 92' lang='lat'><strong>6</strong></span> <span class='ocrx_word' id='word_1_684' title='bbox 3674 4392 3878 4462; x_wconf 77' lang='grc' dir='ltr'>Κύριος,</span> <span class='ocrx_word' id='word_1_685' title='bbox 3911 4391 3990 4441; x_wconf 80' lang='grc' dir='ltr'>ὅτι</span> 
     </span>
    </p>
   </div>
   <div class='ocr_carea' id='block_1_93' title="bbox 625 4474 2275 4580">
    <p class='ocr_par' dir='ltr' id='par_1_93' title="bbox 625 4480 2275 4558">
     <span class='ocr_line' id='line_1_93' title="bbox 625 4480 2275 4558; baseline -0.004 -16"><span class='ocrx_word' id='word_1_686' title='bbox 625 4488 689 4542; x_wconf 85' lang='lat' dir='ltr'><strong>In</strong></span> <span class='ocrx_word' id='word_1_687' title='bbox 755 4484 1140 4558; x_wconf 90' lang='lat' dir='ltr'><strong>sequentibus</strong></span> <span class='ocrx_word' id='word_1_688' title='bbox 1215 4480 1367 4537; x_wconf 87' lang='lat' dir='ltr'><strong>enim</strong></span> <span class='ocrx_word' id='word_1_689' title='bbox 1432 4482 1567 4538; x_wconf 91' lang='lat' dir='ltr'><strong>dicit</strong></span> <span class='ocrx_word' id='word_1_690' title='bbox 1642 4482 2275 4550; x_wconf 72' lang='lat' dir='ltr'><strong>Dominuszﬂegnum</strong></span> 
     </span>
    </p>
   </div>
   <div class='ocr_carea' id='block_1_94' title="bbox 2386 4474 3988 4580">
    <p class='ocr_par' dir='ltr' id='par_1_94' title="bbox 2389 4474 3988 4551">
     <span class='ocr_line' id='line_1_94' title="bbox 2389 4474 3988 4551; baseline -0.001 -20"><span class='ocrx_word' id='word_1_691' title='bbox 2389 4484 2581 4538; x_wconf 78' lang='grc' dir='ltr'>Βιαστή</span> <span class='ocrx_word' id='word_1_692' title='bbox 2637 4478 2778 4532; x_wconf 73' lang='grc' dir='ltr'>ἔστιν</span> <span class='ocrx_word' id='word_1_693' title='bbox 2836 4482 2864 4538; x_wconf 77' lang='grc' dir='ltr'>ἡ</span> <span class='ocrx_word' id='word_1_694' title='bbox 2929 4477 3176 4551; x_wconf 82' lang='grc' dir='ltr'>βασιλεία</span> <span class='ocrx_word' id='word_1_695' title='bbox 3230 4485 3322 4532; x_wconf 90' lang='grc' dir='ltr'><strong>τοῦ</strong></span> <span class='ocrx_word' id='word_1_696' title='bbox 3394 4484 3549 4543; x_wconf 82' lang='grc' dir='ltr'>Θεοῦ,</span> <span class='ocrx_word' id='word_1_697' title='bbox 3614 4481 3704 4530; x_wconf 74' lang='grc' dir='ltr'>καὶ</span> <span class='ocrx_word' id='word_1_698' title='bbox 3761 4474 3988 4548; x_wconf 79' lang='grc' dir='ltr'>βιασταὶ</span> 
     </span>
    </p>
   </div>
   <div class='ocr_carea' id='block_1_95' title="bbox 625 4569 2277 4642">
    <p class='ocr_par' dir='ltr' id='par_1_95' title="bbox 625 4569 2277 4642">
     <span class='ocr_line' id='line_1_95' title="bbox 625 4569 2277 4642; baseline -0.004 -12"><span class='ocrx_word' id='word_1_699' title='bbox 625 4573 906 4631; x_wconf 68' lang='lat' dir='ltr'><strong>calorum</strong></span> <span class='ocrx_word' id='word_1_700' title='bbox 953 4573 1061 4628; x_wconf 75' lang='lat' dir='ltr'><strong>vim</strong></span> <span class='ocrx_word' id='word_1_701' title='bbox 1097 4571 1349 4642; x_wconf 82' lang='lat' dir='ltr'><strong>patitur,</strong></span> <span class='ocrx_word' id='word_1_702' title='bbox 1401 4579 1453 4628; x_wconf 88' lang='lat' dir='ltr'><strong>et</strong></span> <span class='ocrx_word' id='word_1_703' title='bbox 1502 4570 1745 4628; x_wconf 81' lang='lat' dir='ltr'><strong>violenti</strong></span> <span class='ocrx_word' id='word_1_704' title='bbox 1773 4571 2022 4640; x_wconf 82' lang='lat' dir='ltr'><strong>rapiunt</strong></span> <span class='ocrx_word' id='word_1_705' title='bbox 2057 4569 2208 4625; x_wconf 80' lang='lat' dir='ltr'><strong>illud</strong></span> <span class='ocrx_word' id='word_1_706' title='bbox 2235 4571 2277 4624; x_wconf 80' lang='grc'><strong>⁸.</strong></span> 
     </span>
    </p>
   </div>
   <div class='ocr_carea' id='block_1_96' title="bbox 696 4657 2278 4726">
    <p class='ocr_par' dir='ltr' id='par_1_96' title="bbox 696 4657 2278 4726">
     <span class='ocr_line' id='line_1_96' title="bbox 696 4657 2278 4726; baseline -0.003 -7"><span class='ocrx_word' id='word_1_707' title='bbox 696 4661 860 4718; x_wconf 83' lang='lat' dir='ltr'><strong>Vere.</strong></span> <span class='ocrx_word' id='word_1_708' title='bbox 923 4662 1010 4718; x_wconf 87' lang='lat'><strong>38.</strong></span> <span class='ocrx_word' id='word_1_709' title='bbox 1061 4661 1325 4717; x_wconf 80' lang='lat' dir='ltr'><strong>Audistis</strong></span> <span class='ocrx_word' id='word_1_710' title='bbox 1353 4690 1422 4701; x_wconf 97' lang='lat'>—</span> <span class='ocrx_word' id='word_1_711' title='bbox 1462 4660 1531 4716; x_wconf 89' lang='lat' dir='ltr'><strong>V.</strong></span> <span class='ocrx_word' id='word_1_712' title='bbox 1563 4661 1651 4726; x_wconf 89' lang='lat'><strong>39,</strong></span> <span class='ocrx_word' id='word_1_713' title='bbox 1705 4660 1874 4718; x_wconf 85' lang='lat' dir='ltr'><strong>malo.</strong></span> <span class='ocrx_word' id='word_1_714' title='bbox 1900 4657 2157 4724; x_wconf 87' lang='lat' dir='ltr'><strong>Quidam</strong></span> <span class='ocrx_word' id='word_1_715' title='bbox 2187 4673 2278 4714; x_wconf 88' lang='lat' dir='ltr'><strong>ve-</strong></span> 
     </span>
    </p>
   </div>
   <div class='ocr_carea' id='block_1_97' title="bbox 627 4746 2277 4822">
    <p class='ocr_par' dir='ltr' id='par_1_97' title="bbox 627 4746 2277 4822">
     <span class='ocr_line' id='line_1_97' title="bbox 627 4746 2277 4822; baseline -0.002 -14"><span class='ocrx_word' id='word_1_716' title='bbox 627 4749 736 4808; x_wconf 89' lang='lat' dir='ltr'><strong>teri</strong></span> <span class='ocrx_word' id='word_1_717' title='bbox 755 4751 871 4822; x_wconf 89' lang='lat' dir='ltr'><strong>legi</strong></span> <span class='ocrx_word' id='word_1_718' title='bbox 909 4751 1303 4821; x_wconf 88' lang='lat' dir='ltr'><strong>indignantur,</strong></span> <span class='ocrx_word' id='word_1_719' title='bbox 1358 4749 1589 4820; x_wconf 90' lang='lat' dir='ltr'><strong>jubenti</strong></span> <span class='ocrx_word' id='word_1_720' title='bbox 1631 4746 1874 4805; x_wconf 88' lang='lat' dir='ltr'><strong>oculum</strong></span> <span class='ocrx_word' id='word_1_721' title='bbox 1933 4761 2044 4819; x_wconf 89' lang='lat' dir='ltr'><strong>pro</strong></span> <span class='ocrx_word' id='word_1_722' title='bbox 2087 4746 2277 4819; x_wconf 88' lang='lat' dir='ltr'><strong>oculo,</strong></span> 
     </span>
    </p>
   </div>
   <div class='ocr_carea' id='block_1_98' title="bbox 2390 4567 2932 4642">
    <p class='ocr_par' dir='ltr' id='par_1_98' title="bbox 2390 4567 2932 4642">
     <span class='ocr_line' id='line_1_98' title="bbox 2390 4567 2932 4642; baseline -0.004 -21"><span class='ocrx_word' id='word_1_723' title='bbox 2390 4568 2722 4642; x_wconf 72' lang='grc' dir='ltr'>ίιρπάζουσιν</span> <span class='ocrx_word' id='word_1_724' title='bbox 2750 4567 2932 4626; x_wconf 75' lang='grc' dir='ltr'>αὑτήν.</span> 
     </span>
    </p>
   </div>
   <div class='ocr_carea' id='block_1_99' title="bbox 2459 4658 3987 4733">
    <p class='ocr_par' dir='ltr' id='par_1_99' title="bbox 2459 4658 3987 4733">
     <span class='ocr_line' id='line_1_99' title="bbox 2459 4658 3987 4733; baseline -0.003 -22"><span class='ocrx_word' id='word_1_725' title='bbox 2459 4658 2751 4712; x_wconf 77' lang='grc' dir='ltr'>’Βκούσατε</span> <span class='ocrx_word' id='word_1_726' title='bbox 2803 4687 2874 4699; x_wconf 94' lang='lat'><strong>-</strong></span> <span class='ocrx_word' id='word_1_727' title='bbox 2920 4665 3148 4733; x_wconf 84' lang='grc' dir='ltr'>πονηρῷ.</span> <span class='ocrx_word' id='word_1_728' title='bbox 3209 4660 3351 4719; x_wconf 73' lang='grc' dir='ltr'>Τινες</span> <span class='ocrx_word' id='word_1_729' title='bbox 3403 4661 3693 4730; x_wconf 66' lang='grc' dir='ltr'>μέμφονται</span> <span class='ocrx_word' id='word_1_730' title='bbox 3744 4663 3817 4725; x_wconf 79' lang='grc' dir='ltr'>τῷ</span> <span class='ocrx_word' id='word_1_731' title='bbox 3890 4674 3987 4708; x_wconf 65' lang='grc' dir='ltr'>παρ</span> 
     </span>
    </p>
   </div>
   <div class='ocr_carea' id='block_1_100' title="bbox 2390 4743 3989 4821">
    <p class='ocr_par' dir='ltr' id='par_1_100' title="bbox 2390 4743 3989 4821">
     <span class='ocr_line' id='line_1_100' title="bbox 2390 4743 3989 4821; baseline 0 -22"><span class='ocrx_word' id='word_1_732' title='bbox 2390 4747 2519 4818; x_wconf 85' lang='grc' dir='ltr'>λαιῷ</span> <span class='ocrx_word' id='word_1_733' title='bbox 2566 4751 2727 4821; x_wconf 79' lang='grc' dir='ltr'>νόμῳ,</span> <span class='ocrx_word' id='word_1_734' title='bbox 2786 4746 3039 4801; x_wconf 88' lang='grc' dir='ltr'>κελεύοντι</span> <span class='ocrx_word' id='word_1_735' title='bbox 3089 4746 3350 4820; x_wconf 61' lang='grc' dir='ltr'>ὀφθαλμόν</span> <span class='ocrx_word' id='word_1_736' title='bbox 3404 4745 3519 4800; x_wconf 79' lang='grc' dir='ltr'>ἀντὶ</span> <span class='ocrx_word' id='word_1_737' title='bbox 3562 4743 3829 4817; x_wconf 70' lang='grc' dir='ltr'>ὀφθαλμοῦ</span> <span class='ocrx_word' id='word_1_738' title='bbox 3897 4750 3989 4799; x_wconf 74' lang='grc' dir='ltr'>καὶ</span> 
     </span>
    </p>
   </div>
   <div class='ocr_carea' id='block_1_101' title="bbox 698 4923 2275 4998">
    <p class='ocr_par' dir='ltr' id='par_1_101' title="bbox 698 4925 2264 4998">
     <span class='ocr_line' id='line_1_101' title="bbox 698 4925 2264 4998; baseline -0.001 -14"><span class='ocrx_word' id='word_1_739' title='bbox 698 4927 850 4986; x_wconf 73' lang='grc' dir='ltr'>Ἰεα.</span> <span class='ocrx_word' id='word_1_740' title='bbox 882 4944 1031 4998; x_wconf 78' lang='lat' dir='ltr'><strong>un,</strong></span> <span class='ocrx_word' id='word_1_741' title='bbox 1063 4930 1116 4985; x_wconf 77' lang='grc'><strong>1.</strong></span> <span class='ocrx_word' id='word_1_742' title='bbox 1195 4929 1456 4986; x_wconf 68' lang='grc' dir='ltr'><strong>διθωω.</strong></span> <span class='ocrx_word' id='word_1_743' title='bbox 1494 4939 1652 4992; x_wconf 80' lang='lat' dir='ltr'><strong>xxui,</strong></span> <span class='ocrx_word' id='word_1_744' title='bbox 1686 4926 1780 4983; x_wconf 64' lang='lat'><strong>24.</strong></span> <span class='ocrx_word' id='word_1_745' title='bbox 1865 4925 1888 4960; x_wconf 79' lang='grc'>³</span> <span class='ocrx_word' id='word_1_746' title='bbox 1915 4925 2064 4984; x_wconf 85' lang='lat' dir='ltr'><strong>Psal.</strong></span> <span class='ocrx_word' id='word_1_747' title='bbox 2091 4940 2264 4993; x_wconf 71' lang='lat' dir='ltr'><strong>xnvn,</strong></span> 
     </span>
    </p>
   </div>
   <div class='ocr_carea' id='block_1_102' title="bbox 2386 4923 2927 4998">
    <p class='ocr_par' dir='ltr' id='par_1_102' title="bbox 2437 4923 2927 4992">
     <span class='ocr_line' id='line_1_102' title="bbox 2437 4923 2927 4992; baseline 0.002 -10"><span class='ocrx_word' id='word_1_748' title='bbox 2437 4927 2460 4962; x_wconf 80' lang='grc'><strong><em>⁸</em></strong></span> <span class='ocrx_word' id='word_1_749' title='bbox 2489 4923 2696 4984; x_wconf 79' lang='lat' dir='ltr'><strong>Matth.</strong></span> <span class='ocrx_word' id='word_1_750' title='bbox 2726 4939 2807 4992; x_wconf 78' lang='lat' dir='ltr'><strong>xi,</strong></span> <span class='ocrx_word' id='word_1_751' title='bbox 2840 4925 2927 4983; x_wconf 76' lang='lat'><strong>12.</strong></span> 
     </span>
    </p>
   </div>
   <div class='ocr_carea' id='block_1_103' title="bbox 1823 5102 2784 5176">
    <p class='ocr_par' dir='ltr' id='par_1_103' title="bbox 1823 5102 2784 5176">
     <span class='ocr_line' id='line_1_103' title="bbox 1823 5102 2784 5176; baseline 0 -4"><span class='ocrx_word' id='word_1_752' title='bbox 1823 5102 2051 5172; x_wconf 64' lang='lat' dir='ltr'><strong>Variae</strong></span> <span class='ocrx_word' id='word_1_753' title='bbox 2110 5103 2441 5174; x_wconf 85' lang='lat' dir='ltr'><strong>lectiones</strong></span> <span class='ocrx_word' id='word_1_754' title='bbox 2473 5113 2544 5176; x_wconf 88' lang='lat' dir='ltr'><strong>et</strong></span> <span class='ocrx_word' id='word_1_755' title='bbox 2582 5113 2784 5174; x_wconf 62' lang='lat' dir='ltr'><strong>notae.</strong></span> 
     </span>
    </p>
   </div>
   <div class='ocr_carea' id='block_1_104' title="bbox 698 5302 1277 5380">
    <p class='ocr_par' dir='ltr' id='par_1_104' title="bbox 698 5302 1277 5380">
     <span class='ocr_line' id='line_1_104' title="bbox 698 5302 1277 5380; baseline -0.014 -18"><span class='ocrx_word' id='word_1_756' title='bbox 698 5306 816 5380; x_wconf 76' lang='grc' dir='ltr'>(το)</span> <span class='ocrx_word' id='word_1_757' title='bbox 847 5304 985 5376; x_wconf 84' lang='grc' dir='ltr'>ίστί,</span> <span class='ocrx_word' id='word_1_758' title='bbox 1013 5303 1180 5362; x_wconf 91' lang='lat' dir='ltr'><strong>addit</strong></span> <span class='ocrx_word' id='word_1_759' title='bbox 1210 5302 1277 5355; x_wconf 87' lang='lat' dir='ltr'><strong>A.</strong></span> 
     </span>
    </p>
   </div>
   <div class='ocr_carea' id='block_1_105' title="bbox 697 5451 2281 5530">
    <p class='ocr_par' dir='ltr' id='par_1_105' title="bbox 697 5451 2281 5530">
     <span class='ocr_line' id='line_1_105' title="bbox 697 5451 2281 5530; baseline 0.001 -23"><span class='ocrx_word' id='word_1_760' title='bbox 697 5458 782 5530; x_wconf 84' lang='lat' dir='ltr'><strong>(b)</strong></span> <span class='ocrx_word' id='word_1_761' title='bbox 814 5455 1062 5530; x_wconf 77' lang='lat' dir='ltr'><strong>Duobus</strong></span> <span class='ocrx_word' id='word_1_762' title='bbox 1099 5451 1412 5530; x_wconf 72' lang='lat' dir='ltr'><strong>vocabulis</strong></span> <span class='ocrx_word' id='word_1_763' title='bbox 1479 5452 1780 5530; x_wconf 76' lang='lat' dir='ltr'><strong>expressit</strong></span> <span class='ocrx_word' id='word_1_764' title='bbox 1812 5453 2118 5530; x_wconf 65' lang='grc' dir='ltr'>λαίμαργοι.</span> <span class='ocrx_word' id='word_1_765' title='bbox 2165 5457 2281 5513; x_wconf 84' lang='lat' dir='ltr'><strong>Nec</strong></span> 
     </span>
    </p>
   </div>
   <div class='ocr_carea' id='block_1_106' title="bbox 625 5522 2272 5596">
    <p class='ocr_par' dir='ltr' id='par_1_106' title="bbox 625 5522 2272 5596">
     <span class='ocr_line' id='line_1_106' title="bbox 625 5522 2272 5596; baseline -0.003 -9"><span class='ocrx_word' id='word_1_766' title='bbox 625 5522 833 5587; x_wconf 83' lang='lat' dir='ltr'><strong>tamen</strong></span> <span class='ocrx_word' id='word_1_767' title='bbox 857 5525 1001 5581; x_wconf 91' lang='lat' dir='ltr'><strong>mihi</strong></span> <span class='ocrx_word' id='word_1_768' title='bbox 1054 5522 1360 5596; x_wconf 80' lang='lat' dir='ltr'><strong>probabile</strong></span> <span class='ocrx_word' id='word_1_769' title='bbox 1413 5530 1514 5588; x_wconf 88' lang='lat' dir='ltr'><strong>est,</strong></span> <span class='ocrx_word' id='word_1_770' title='bbox 1557 5522 1678 5596; x_wconf 75' lang='lat' dir='ltr'><strong>duo</strong></span> <span class='ocrx_word' id='word_1_771' title='bbox 1701 5522 1986 5582; x_wconf 59' lang='lat' dir='ltr'><strong>fuisse&#39;in&#39;</strong></span> <span class='ocrx_word' id='word_1_772' title='bbox 2016 5522 2272 5584; x_wconf 58' lang='lat' dir='ltr'><strong>&#39;Grmco.</strong></span> 
     </span>
    </p>
   </div>
   <div class='ocr_carea' id='block_1_107' title="bbox 625 5593 1766 5668">
    <p class='ocr_par' dir='ltr' id='par_1_107' title="bbox 625 5593 1766 5668">
     <span class='ocr_line' id='line_1_107' title="bbox 625 5593 1766 5668; baseline -0.001 -15"><span class='ocrx_word' id='word_1_773' title='bbox 625 5603 741 5657; x_wconf 82' lang='lat' dir='ltr'><strong>Nec</strong></span> <span class='ocrx_word' id='word_1_774' title='bbox 809 5593 1146 5668; x_wconf 77' lang='lat' dir='ltr'><strong>proximum</strong></span> <span class='ocrx_word' id='word_1_775' title='bbox 1201 5593 1416 5665; x_wconf 79' lang='grc' dir='ltr'>ἀπειθὴς</span> <span class='ocrx_word' id='word_1_776' title='bbox 1496 5594 1766 5652; x_wconf 89' lang='lat' dir='ltr'><strong>sollicito.</strong></span> 
     </span>
    </p>
   </div>
   <div class='ocr_carea' id='block_1_108' title="bbox 633 5599 2293 5740">
    <p class='ocr_par' dir='ltr' id='par_1_108' title="bbox 633 5599 2293 5740">
     <span class='ocr_line' id='line_1_108' title="bbox 633 5599 2286 5670; baseline -0.001 -17"><span class='ocrx_word' id='word_1_777' title='bbox 633 5603 741 5657; x_wconf 81' lang='lat' dir='ltr'><strong>Nec</strong></span> <span class='ocrx_word' id='word_1_778' title='bbox 809 5599 1146 5668; x_wconf 88' lang='lat' dir='ltr'><strong>proximum</strong></span> <span class='ocrx_word' id='word_1_779' title='bbox 1201 5599 1416 5665; x_wconf 79' lang='grc' dir='ltr'>ἀπειθὴς</span> <span class='ocrx_word' id='word_1_780' title='bbox 1496 5599 1766 5652; x_wconf 89' lang='lat' dir='ltr'><strong>sollicito.</strong></span> <span class='ocrx_word' id='word_1_781' title='bbox 1845 5599 2111 5664; x_wconf 69' lang='lat' dir='ltr'><strong>’Amierlc,</strong></span> <span class='ocrx_word' id='word_1_782' title='bbox 2183 5599 2286 5670; x_wconf 84' lang='lat' dir='ltr'><strong>qui</strong></span> 
     </span>
     <span class='ocr_line' id='line_1_109' title="bbox 633 5667 2293 5740; baseline -0.002 -13"><span class='ocrx_word' id='word_1_783' title='bbox 633 5671 846 5740; x_wconf 80' lang='lat' dir='ltr'><strong>difﬁcu</strong></span> <span class='ocrx_word' id='word_1_784' title='bbox 854 5668 963 5725; x_wconf 83' lang='lat' dir='ltr'><strong>lter</strong></span> <span class='ocrx_word' id='word_1_785' title='bbox 973 5667 1085 5724; x_wconf 83' lang='lat' dir='ltr'><strong>sibi</strong></span> <span class='ocrx_word' id='word_1_786' title='bbox 1100 5667 1446 5738; x_wconf 83' lang='lat' dir='ltr'><strong>persuaderi</strong></span> <span class='ocrx_word' id='word_1_787' title='bbox 1453 5668 1708 5738; x_wconf 79' lang='lat' dir='ltr'><strong>patitur.</strong></span> <span class='ocrx_word' id='word_1_788' title='bbox 1733 5670 1861 5725; x_wconf 87' lang='lat' dir='ltr'><strong>Non</strong></span> <span class='ocrx_word' id='word_1_789' title='bbox 1873 5684 2016 5739; x_wconf 88' lang='lat' dir='ltr'><strong>ergo</strong></span> <span class='ocrx_word' id='word_1_790' title='bbox 2029 5684 2184 5740; x_wconf 87' lang='lat' dir='ltr'><strong>opus</strong></span> <span class='ocrx_word' id='word_1_791' title='bbox 2205 5673 2293 5726; x_wconf 90' lang='lat' dir='ltr'><strong>est</strong></span> 
     </span>
    </p>
   </div>
   <div class='ocr_carea' id='block_1_109' title="bbox 2395 5453 2857 5512">
    <p class='ocr_par' dir='ltr' id='par_1_109' title="bbox 2395 5453 2857 5512">
     <span class='ocr_line' id='line_1_110' title="bbox 2395 5453 2857 5512; baseline -0.015 0"><span class='ocrx_word' id='word_1_792' title='bbox 2395 5453 2583 5512; x_wconf 86' lang='lat' dir='ltr'><strong>altero</strong></span> <span class='ocrx_word' id='word_1_793' title='bbox 2613 5455 2857 5512; x_wconf 81' lang='grc' dir='ltr'>ἄπιστοι,</span> 
     </span>
    </p>
   </div>
   <div class='ocr_carea' id='block_1_110' title="bbox 2461 5524 3997 5597">
    <p class='ocr_par' dir='ltr' id='par_1_110' title="bbox 2461 5524 3997 5597">
     <span class='ocr_line' id='line_1_111' title="bbox 2461 5524 3997 5597; baseline 0.001 -16"><span class='ocrx_word' id='word_1_794' title='bbox 2461 5525 2536 5597; x_wconf 86' lang='lat' dir='ltr'><strong>(c)</strong></span> <span class='ocrx_word' id='word_1_795' title='bbox 2575 5525 3091 5597; x_wconf 81' lang='lat' dir='ltr'><strong>Infantiummore</strong></span> <span class='ocrx_word' id='word_1_796' title='bbox 3132 5525 3459 5583; x_wconf 78' lang='lat' dir='ltr'><strong>viventibus</strong></span> <span class='ocrx_word' id='word_1_797' title='bbox 3507 5524 3619 5584; x_wconf 91' lang='lat' dir='ltr'><strong>Sed</strong></span> <span class='ocrx_word' id='word_1_798' title='bbox 3654 5527 3997 5593; x_wconf 76' lang='grc' dir='ltr'>νηπιάζοντες</span> 
     </span>
    </p>
   </div>
   <div class='ocr_carea' id='block_1_111' title="bbox 2390 5595 3138 5657">
    <p class='ocr_par' dir='ltr' id='par_1_111' title="bbox 2390 5595 3138 5657">
     <span class='ocr_line' id='line_1_112' title="bbox 2390 5595 3138 5657; baseline 0 -5"><span class='ocrx_word' id='word_1_799' title='bbox 2390 5602 2448 5654; x_wconf 92' lang='lat' dir='ltr'><strong>et</strong></span> <span class='ocrx_word' id='word_1_800' title='bbox 2474 5595 2654 5657; x_wconf 72' lang='grc' dir='ltr'>νήπιοι</span> <span class='ocrx_word' id='word_1_801' title='bbox 2683 5611 2806 5654; x_wconf 92' lang='lat' dir='ltr'><strong>non</strong></span> <span class='ocrx_word' id='word_1_802' title='bbox 2833 5595 3138 5655; x_wconf 74' lang='lat' dir='ltr'><strong>differunt.</strong></span> 
     </span>
    </p>
   </div>
  </div>
