4170 6462
231 401 357 458 221

1271 407 1640 465 COMMENT.
1691 407 1760 463 IN
1795 406 2244 468 MATTHEUM.
2282 445 2351 455 —
2389 413 2549 474 CAP.
2599 414 2674 475 V.

3523 412 3628 469 222

244 524 473 581 ὀδόντα
518 531 633 582 άντὶ
689 526 899 594 ὀδόντος
951 531 1229 600 manu»,
1261 538 1351 586 καὶ
1401 533 1685 607 ἀσυμαθᾶς
1736 537 1873 588 κατὰ

2000 551 2054 592 ιο
2083 537 2323 595 dentem
2350 555 2460 612 pro
2494 540 2664 598 dente
2697 557 2919 607 eruere,
2954 547 3012 600 et
3049 544 3175 599 sine
3216 540 3636 614 compassione

252 625 359 669 τοῦ
417 618 719 681 ἐκϐαλόντος
765 621 1027 694 ὀφθαλμόν
1066 624 1096 681 ἡ
1129 619 1322 676 ὀδόντα
1357 626 1497 685 τινὸς
1542 628 1635 682 τήν
1688 643 1872 676 ταυτο-

253 698 498 760 πὰθειαν
562 707 933 783 ἀποφηναμίνῳ
963 730 976 743 ·
1007 714 1120 764 ἔστι
1169 710 1230 764 6‘s
1297 712 1530 786 μάλιστα
1580 711 1872 786 φιλάνθρω-

255 815 370 856 πος
428 797 576 859 οὗτος
609 799 636 848 ό
675 803 853 861 νόμος.
907 807 1068 853 Τοῦτο
1115 803 1214 874 γὰρ
1270 801 1548 869 ἐκίλευσεν,
1607 803 1688 853 ἵνα
1737 802 1874 874 φόϐῳ

255 893 362 946 τῆς
443 889 826 950 ταυτοπαθείας
898 894 969 960 μὴ
1049 894 1169 951 τοὺς
1246 889 1475 948 ἀλλήλων

254 974 572 1048 ὀφθαλμοὺς
636 981 726 1028 καὶ
779 973 997 1039 ὀδόντας
1055 980 1104 1030 el
1155 981 1272 1031 τότε
1326 980 1610 1052 ἅνθρωποι,
1670 975 1878 1054 σφόδρα

252 1063 557 1125 λυττῶντες
599 1065 669 1126 εἰς
715 1068 809 1127 τὰς
861 1066 972 1118 κατ’
1017 1065 1245 1126 ἀλλήλων
1296 1067 1515 1140 πληγάς.
1555 1067 1614 1120 Ὀ
1649 1065 1707 1121 δε
1746 1076 1874 1141 Χρι-

257 1155 408 1215 στὸς
473 1153 949 1228 φιλανθρωπότερον
995 1159 1298 1229 νομοθετῶν,
1358 1157 1452 1209 οὐκ
1503 1156 1558 1209 ἐκ
1609 1167 1703 1220 τῆς
1745 1177 1877 1209 ταυ-

254 1244 558 1304 τοπαθείας
606 1241 911 1315 ἀνεχαίτισε
961 1247 1027 1297 τὰ
1079 1253 1313 1311 τοιαῦτα,
1369 1245 1479 1298 ἀλλ’
1526 1245 1582 1298 ἐκ
1629 1254 1725 1307 τῆς
1761 1246 1875 1320 μελ-

263 1329 481 1392 λούσης
527 1331 803 1395 κολάσεως.
853 1334 1081 1408 Εἰρηκώς
1117 1337 1218 1408 γὰρ
1253 1337 1301 1387 ἐν
1347 1343 1453 1396 τοίς
1504 1335 1875 1410 προλαϐοῦσιν,

273 1421 370 1472 ὅτι
409 1426 498 1481 ⁴³ος
537 1417 589 1473 δ’
635 1421 694 1473 ἂν
726 1425 840 1496 εἴπῃ
893 1430 964 1494 τῷ
1011 1419 1215 1496 ἀδελφῷ
1265 1423 1641 1499 αὖτοῦ,Μωρὶι,
1697 1427 1879 1497 ἔνοχος

1555 889 1875 943 ἐκκόπτωσιν

275 1511 442 1561 ἔσται
500 1509 573 1571 εἰς
643 1515 734 1570 τὴν
795 1516 996 1583 γέενναν
1057 1520 1149 1564 τοῦ
1213 1517 1396 1585 πυρός,
1459 1511 1659 1566 δέδωκε
1727 1521 1876 1582 νοεῖν,

275 1600 371 1651 ὅτι
401 1599 426 1650 ό
458 1598 656 1661 πλήξας
705 1604 879 1672 μεῖζον
933 1603 1380 1674 τιμωρηθήσεται,
1428 1603 1453 1654 ό
1499 1599 1558 1655 6's
1608 1608 1878 1678 πηρώσας,

272 1689 361 1740 ἔτι
389 1686 578 1742 πλεῖον.
609 1687 761 1742 Ὅθεν
813 1689 1042 1743 ἐκέλευσε
1072 1695 1145 1762 μή
1191 1691 1499 1750 ἀντιστῆναι
1545 1699 1618 1743 τῶ
1649 1701 1876 1765 πονηρῷ.

269 1779 518 1852 Πονηρόν
568 1774 628 1829 6‘s
653 1785 760 1844 νῦν,
806 1782 935 1841 τινες
983 1781 1073 1852 μὲν
1117 1783 1203 1831 τὸν
1237 1779 1501 1842 πλήξαντα
1535 1779 1673 1832 εἶπον
1711 1802 1722 1814 ·
1766 1783 1791 1833 ό
1823 1777 1882 1833 6's

1983 630 2190 682 contra
2234 644 2372 684 eum
2419 630 2520 701 qui
2563 629 2804 686 oculum
2858 637 2959 687 aut
3009 632 3247 688 dentem
3294 629 3638 702 quempiam

1984 715 2154 783 eruit,
2182 717 2457 804 ea'mdem
2481 718 2845 775 denuntianti
2865 719 3287 777 calamitatem.
3319 719 3415 774 Est
3437 722 3638 773 autem

1983 801 2110 858 hac
2144 801 2495 860 lex'homini
2529 808 2788 863 maxime
2819 809 3032 864 amica.
3066 809 3126 863 Id
3153 809 3310 864 enim
3338 807 3541 878 jussit,
3581 810 3644 861 ut

1985 891 2197 948 timore
2230 893 2439 949 similis
2489 895 2826 951 aftlictionis
2861 902 3158 959 caverent,
3213 912 3286 951 ne
3321 895 3475 951 illius
3499 899 3646 950 tem-

1985 980 2146 1052 poris
2172 981 2443 1038 homines
2470 984 2573 1054 qui
2604 984 2681 1039 ad
2709 983 2916 1056 plagas
2941 991 3144 1040 mutuo
3166 984 3507 1040 inferendas
3533 998 3642 1039 an-

1984 1067 2268 1125 helabant
2299 1071 2503 1127 oculos
2531 1078 2632 1127 aut
2667 1073 2876 1128 dentes
2909 1074 3022 1129 sibi
3055 1073 3309 1129 invicem
3346 1075 3639 1128 eruerent.

1989 1157 2245 1214 Christus
2284 1165 2480 1216 autem
2512 1161 2738 1217 homini
2778 1162 3226 1218 benevolentior
3251 1178 3438 1234 quam
3470 1160 3645 1230 legis-

1987 1246 2157 1311 lator,
2177 1248 2525 1320 hujusmodi
2549 1251 2708 1306 mala
2732 1266 2851 1306 non
2875 1251 3087 1307 similis
3103 1258 3258 1306 metu
3274 1249 3613 1306 afﬂictionis
3630 1292 3644 1315 ,

1989 1335 2094 1392 sed
2116 1336 2320 1392 futuras
2335 1337 2735 1394 damnationis
2759 1338 2967 1396 timore
2988 1338 3290 1396 dissuasit.
3313 1340 3459 1393 Cum
3479 1336 3641 1394 enim

1990 1425 2050 1480 in
2077 1426 2546 1498 praecedentibus
2583 1428 2785 1484 dixerit
2815 1428 2977 1502 quod
3004 1428 3080 1500 (ά)
3108 1429 3452 1501 quicunque
3483 1427 3646 1482 dixe-

1990 1514 2061 1570 rit
2088 1514 2248 1572 fratri
2277 1531 2406 1579 suo,
2425 1518 2623 1580 Fatue,
2641 1532 2777 1572 reus
2799 1517 3209 1589 eritgehennte
3232 1516 3422 1586 ignis:
3455 1514 3647 1570 mani—

1991 1602 2132 1659 feste
2155 1604 2345 1660 innuit
2373 1619 2511 1660 eum
2539 1605 2640 1677 qui
2669 1607 3018 1669 verberaret,
3056 1606 3189 1677 plus
3211 1622 3248 1678 q
3268 1621 3406 1660 uam
3429 1604 3651 1677 desipe-

1989 1705 2052 1747 re
2075 1692 2169 1762 (e),
2197 1693 2298 1764 qui
2317 1698 2509 1748 autem
2534 1693 2803 1750 membro
2826 1693 3144 1760 mutilaret,
3165 1694 3366 1749 adhuc
3388 1692 3648 1765 amplius

1991 1780 2086 1851 (Ι).
2136 1781 2296 1836 Unde
2328 1781 2502 1850 jussit
2534 1796 2653 1836 non
2703 1781 2973 1837 resistere
3019 1781 3196 1838 malo.
3247 1782 3461 1837 Malum
3509 1796 3643 1837 vero

273 1870 669 1938 Χρυσόστομος
699 1867 814 1938 (80)
847 1871 934 1919 τὸν
976 1864 1219 1920 διάϐολον
1249 1872 1437 1943 εἴρηκε.
1469 1876 1633 1922 Τοῦτο
1665 1866 1724 1922 6's
1751 1866 1882 1922 εἶπεν

2000 1869 2239 1942 quidam
2265 1868 2362 1924 hic
2388 1869 2553 1924 illum
2579 1869 2878 1935 dixerunt,
2907 1870 3013 1943 qui
3040 1870 3433 1925 verberasset.
3467 1868 3648 1942 Chry-

275 1956 305 2006 ό
369 1959 624 2027 Χριστὸς,
701 1951 995 2025 διδάσκων,
1075 1958 1154 2009 ὅτι
1218 1959 1412 2010 ἐκείνου
1485 1958 1882 2032 παροξύναντος,

275 2051 458 2098 ταῦτα
504 2043 782 2117 ἐτολμήθη,
833 2050 923 2097 καὶ
967 2045 1053 2098 ἐπὶ
1096 2054 1278 2099 τοῦτον
1328 2049 1576 2119 μεθιστὰς
1605 2050 1692 2099 τὸν
1727 2049 1886 2119 θυμὸν

277 2142 382 2188 τοῦ
433 2135 763 2202 πεπονθότος,
805 2135 1142 2206 ἁγριούμενον
1189 2138 1326 2187 κατὰ
1370 2143 1463 2187 τοῦ
1516 2135 1881 2208 τολμήσαντος.

281 2227 358 2275 Τί
387 2219 472 2274 οὖν
502 2241 518 2293 ;
549 2222 625 2274 Οὐ
667 2219 753 2275 δεῖ
793 2221 1100 2282 ἀντιστῆναι
1147 2232 1220 2293 τῷ
1271 2220 1498 2296 διαϐόλῳ
1540 2241 1553 2291 ;
1585 2230 1729 2277 Ναί·
1765 2224 1890 2277 ἀλλὰ

287 2316 368 2384 μή
415 2310 462 2364 ἐν
513 2319 584 2382 τῷ
625 2311 912 2384 ἀμύνεσθαι
969 2316 1055 2364 τόν
1114 2309 1334 2384 ἀδελφόν
1365 2327 1381 2343 °
1414 2316 1608 2370 ταύτην
1650 2316 1748 2388 γὰρ
1796 2319 1890 2373 τήν

288 2399 602 2453 ἀντίστασιν
673 2400 928 2454 ἐκώλυσεν
959 2419 972 2430 ’
1007 2400 1113 2453 ἁλλ’
1183 2400 1232 2453 ἐν
1289 2410 1362 2472 τῷ
1426 2405 1777 2477 μακροθυμεῖν
1837 2423 1891 2456 τε

278 2495 383 2543 ,καὶ
427 2492 716 2563 ὑπομένειν.
764 2491 839 2543 Οὐ
885 2493 987 2565 γὰρ
1045 2492 1190 2563 θυμῷ
1241 2489 1512 2544 σϐέννυται
1564 2494 1743 2564 θυμὸς,
1792 2492 1892 2545 ὣσ-

290 2599 388 2653 περ
437 2577 561 2632 οὖδὲ
610 2585 759 2652 πυρὶ,
793 2587 895 2654 πῦρ
935 2597 946 2609 ’
991 2578 1118 2632 ἀλλὰ
1165 2583 1229 2632 τὰ
1277 2579 1480 2633 ἐναντία
1513 2585 1746 2653 γίνονται
1793 2589 1891 2634 τῶν

291 2669 534 2722 ἐναντίων
573 2667 789 2741 ἰάματα.

367 2845 501 2900 Ἀλλ’
540 2877 608 2888 —-
658 2845 840 2906 ἄλλην.
910 2845 1131 2915 Κελεύει,
1209 2852 1281 2921 μὴ
1348 2852 1499 2922 μόνον
1563 2853 1634 2922 μὴ
1704 2849 1893 2922 ἀμύνε-

304 2938 448 3000 σθαι,
491 2935 618 2988 ἀλλὰ
664 2941 753 2988 καὶ
803 2935 992 3008 μᾶλλον
1047 2935 1359 3010 ἐμπαρέχειν
1417 2937 1596 2990 ἑαυτὸν
1647 2947 1720 3010 τῷ
1774 2941 1892 2990 παί-

304 3043 428 3091 οντι,
492 3028 581 3077 ναὶ
637 3022 730 3078 διὰ
785 3034 879 3088 τῆς
951 3025 1279 3088 ἀνεξικακίας
1351 3031 1436 3078 καὶ
1498 3027 1896 3099 μεγαλοψυχίας

1993 1963 2293 2014 sostomus
2325 1974 2462 2014 vero
2482 1958 2794 2014 diabolum
2822 1960 3108 2029 intelligit.
3143 1963 3258 2015 Hoc
3280 1963 3473 2016 autem
3499 1958 3647 2014 dixit

1995 2046 2278 2117 Christus,
2312 2046 2535 2102 docens
2563 2046 2729 2119 quod
2765 2063 2835 2103 eo
2865 2047 3181 2118 instigante
3211 2047 3333 2103 haec
3366 2050 3654 2104 attentata

1998 2139 2156 2203 sunt,
2189 2140 2242 2191 et
2273 2136 2330 2190 in
2373 2135 2533 2191 hunc
2575 2135 2897 2191 transmisit
2925 2138 3075 2192 iram
3111 2136 3263 2207 ejus,
3297 2136 3393 2208 qui
3435 2135 3654 2206 injuria

1997 2223 2244 2280 affectus
2275 2228 2382 2286 est,
2427 2229 2843 2294 exasperatam
2884 2223 3171 2279 adversus
3201 2240 3339 2278 eum
3369 2223 3473 2295 qui
3527 2223 3655 2278 hinc

1998 2328 2184 2368 ausus
2226 2311 2432 2366 fuerat.
2475 2311 2618 2377 Quid
2663 2327 2805 2381 ergo
2833 2312 2861 2366 γ
2893 2328 3082 2384 neque
3121 2311 3356 2367 diabolo
3387 2311 3653 2367 resistere

1996 2401 2192 2457 licebit
2229 2401 2258 2456 ?
2291 2401 2522 2474 Utique,
2569 2399 2677 2456 sed
2708 2416 2828 2456 non
2858 2400 3201 2456 ulciscendo
3235 2400 3409 2456 fratre
3445 2416 3458 2465 ;
3497 2399 3656 2456 hanc

1999 2491 2156 2546 enim
2194 2490 2588 2545 resistentiam
2630 2489 2951 2562 prohibuit,
2993 2489 3100 2545 sed
3143 2490 3202 2546 in
3255 2489 3539 2562 patiendo
3588 2504 3656 2544 ac

1998 2579 2587 2651 sustinendo.Neque
2619 2579 2778 2635 enim
2810 2595 2916 2651 per
2945 2579 3095 2635 iram
3124 2579 3488 2648 extinguitur
3516 2577 3606 2634 ira
3642 2594 3655 2633 :

2002 2668 2156 2723 sicut
2185 2683 2292 2723 nec
2325 2668 2480 2737 ignis
2509 2667 2660 2737 igni,
2693 2667 2799 2723 sed
2825 2668 3122 2724 contraria
3145 2667 3294 2724 ﬁunt
3323 2666 3634 2725 contrariis

2002 2756 2464 2812 medicamenta.

2073 2847 2228 2901 Vers.
2270 2846 2359 2900 39.
2403 2845 2512 2902 Sed
2540 2876 2608 2886 —
2665 2846 2932 2902 alteram.
2977 2846 3152 2902 Iubet
3192 2853 3254 2901 ut
3295 2860 3419 2902 non
3463 2844 3659 2900 solum

2003 2951 2123 2992 non
2156 2935 2547 2991 vindicemus.
2596 2935 2698 2991 sed
2731 2935 2957 3007 potius,
2992 2941 3054 2992 ut
3085 2951 3194 2992 nos
3225 2935 3386 3007 ipsos
3414 2933 3662 2990 cmdenti

2002 3025 2396 3099 praebeamus,
2429 3030 2486 3082 et
2514 3041 2613 3098 per
2643 3025 2964 3096 patientam
2995 3041 3064 3082 ac
3096 3024 3662 3095 magnanimitatem

304 3112 623 3166 ἀναστέλλειν
680 3115 853 3168 αὐτόν.
927 3115 1128 3168 Βλέπων
1182 3117 1282 3186 γὰρ
1339 3123 1505 3167 ταῦτα
1565 3115 1774 3184 ἐκεῖνος,
1838 3115 1886 3167 οὗ

2005 3115 2203 3187 ipsum
2233 3114 2620 3171 refrenemus.
2659 3113 2789 3169 Haec
2818 3113 2978 3169 enim
3010 3113 3104 3170 ille
3139 3113 3369 3178 videns,
3404 3127 3527 3169 non
3562 3128 3663 3169 so-

299 3208 451 3276 μόνον
499 3203 592 3256 οὐκ
622 3202 794 3266 ἐπάξει
836 3203 1044 3275 πληγήν
1093 3199 1356 3276 δευτέραν,
1415 3202 1540 3256 ἀλλὰ
1579 3209 1670 3257 καὶ
1721 3204 1804 3257 ἐπὶ
1834 3212 1886 3276 τῇ

2003 3202 2131 3258 lum
2184 3217 2304 3258 non
2353 3201 2578 3272 inﬂiget
2619 3202 2854 3274 plagam
2895 3201 3163 3267 alteram,
3198 3201 3306 3258 sed
3349 3201 3422 3257 de
3465 3200 3663 3272 prima

299 3299 482 3367 πρώτῃ
551 3292 983 3364 μεταμελήσεται,
1062 3296 1151 3343 καὶ
1203 3291 1656 3363 καταλλαγήσεται
1698 3313 1711 3326 ο
1755 3291 1886 3345 ἀντι-

2007 3307 2249 3365 quoque
2280 3293 2585 3364 resipiscat
2606 3309 2674 3348 ac
2706 3291 3182 3348 reconciliahitur
3211 3309 3221 3347 :
3251 3291 3416 3364 quod
3448 3293 3495 3347 si
3548 3306 3665 3346 res-

307 3378 541 3453 δρῶντος
594 3376 653 3431 δέ
703 3398 821 3448 σου,
866 3378 1056 3450 μᾶλλον
1105 3377 1451 3450 ἐξαφθήσεται
1494 3385 1584 3432 καὶ
1637 3378 1886 3452 ἇιγριιιιθή⁴

2010 3381 2214 3447 titeris,
2242 3382 2592 3438 accendetur
2617 3382 2812 3453 magis
2840 3385 2896 3438 et
2925 3381 3395 3453 exasperabitur.

309 3487 476 3522 σεται.

383 3560 485 3609 Καὶ
539 3551 703 3626 διατί,
780 3555 974 3608 πολλῶν
1036 3559 1190 3607 ὄντων
1265 3556 1428 3629 μελῶν
1480 3563 1572 3610 τοῦ
1642 3562 1902 3629 σώματος,

304 3649 424 3719 περὶ
470 3648 630 3717 μόνου
683 3652 773 3696 τοῦ
833 3643 1099 3717 ὀφθαλμοῦ
1153 3651 1238 3698 καὶ
1282 3653 1372 3698 τοῦ
1421 3641 1634 3708 ὀδόντος
1673 3643 1904 3700 διέλαϐεν

302 3737 328 3786 ό
384 3738 581 3807 νόμος;
624 3738 761 3786 Διότι
813 3737 950 3786 κατὰ
1010 3737 1202 3786 τούτων
1267 3735 1500 3807 μάλιστα
1572 3744 1672 3788 τῶν
1736 3744 1904 3812 μερῶν

2083 3558 2274 3624 Quare
2304 3560 2518 3623 autem,
2553 3572 2691 3614 cum
2726 3554 2910 3614 multa
2944 3556 3059 3613 sint
3083 3557 3347 3630 corporis
3371 3556 3666 3625 membra,

2009 3647 2080 3704 de
2110 3647 2237 3704 solo
2267 3647 2442 3703 oculo
2473 3663 2542 3703 ac
2587 3647 2763 3703 dente
2809 3647 3081 3703 distinxit
3110 3647 3184 3719 (g)
3214 3647 3307 3702 lex
3338 3648 3367 3704 7
3398 3647 3549 3713 Quia
3577 3647 3670 3703 his

2008 3736 2306 3810 praecipue
2329 3736 2600 3808 partibus
2628 3735 2819 3791 selent
2839 3744 3174 3808 pugnantes
3199 3737 3409 3808 plagas
3431 3736 3666 3804 inferre,

2008 3831 2209 3900 utpote
2241 3826 2437 3882 minus
2470 3827 2736 3889 servatis,
2781 3841 3038 3899 quaeque
3070 3826 3262 3896 magis
3293 3826 3352 3882 in
3385 3830 3669 3899 promptu

2007 3922 2165 3983 sunt,
2197 3931 2267 3972 ac
2296 3915 2525 3970 facilius
2574 3915 2980 3970 vulnerantur.
3024 3914 3128 3970 Per
3173 3914 3300 3971 hate
3344 3920 3544 3971 autem
3591 3913 3670 3970 ad

2006 4011 2219 4060 caetera
2242 4020 2478 4076 quoque
2499 4003 2770 4059 membra
2795 4003 2888 4059 lex
2909 4003 3264 4059 extenditur.
3289 4005 3503 4060 Dextra
3525 4019 3671 4075 quo-

2005 4109 2122 4166 que
2152 4092 2393 4149 maxilla
2437 4093 2699 4148 maxime
2737 4092 2956 4148 idonea
3003 4097 3092 4148 est
3130 4093 3209 4148 ad
3255 4091 3670 4148 sustinendam

2006 4183 2290 4254 injuriam
2328 4197 2464 4254 quas
2509 4186 2566 4237 et
2595 4181 2973 4237 commodius
3013 4180 3291 4252 pulsatur
3322 4197 3499 4236 manu
3531 4181 3672 4236 dex-

2007 4278 2098 4328 tra
2133 4269 2414 4341 injuriam
2457 4269 2776 4339 irrogantis
2827 4285 2839 4323 :
2891 4275 2945 4325 et
2993 4269 3067 4324 de
3116 4269 3229 4325 hac
3276 4274 3361 4324 est
3410 4283 3668 4340 praecep-

2007 4365 2136 4416 tum
2161 4358 2325 4431 quod
2354 4357 2534 4414 etiam
2571 4357 2648 4413 ad
2675 4356 2903 4430 reliqua
2935 4356 3207 4412 membra
3238 4355 3505 4411 similiter
3540 4371 3668 4427 per-

2012 4447 2211 4504 tinnit.

381 4539 482 4588 Καὶ
528 4543 600 4605 τῷ
629 4565 696 4576 -
737 4535 962 4607 ἱμάτιον.
1025 4534 1265 4588 Βούλεταί
1322 4555 1380 4588 σε
1428 4539 1524 4594 τήν
1576 4535 1886 4599 ἂνεξικακίαι

2012 4463 2245 4592 magis.
2295 4535 2384 4592 40.
2426 4535 2502 4591 Et
2527 4567 2594 4575 —
2624 4535 2892 4605 pallium.
2930 4533 3066 4590 Vult
3095 4538 3158 4590 ut
3183 4533 3552 4590 tolerantiam
3596 4549 3664 4592 ac

310 4627 400 4675 καὶ
429 4623 826 4696 μεγαλοψυχίαν
878 4626 1094 4694 ταύτην,
1148 4628 1218 4695 μή
1270 4628 1422 4696 μόνον
1462 4626 1548 4676 ἐπὶ
1576 4624 1786 4697 πληγῶν
1812 4632 1886 4679 καὶ

2013 4625 2571 4698 magnanimitatem
2620 4625 2777 4680 hanc
2818 4638 2938 4680 non
2983 4623 3061 4680 ad
3107 4623 3318 4696 plagas
3365 4623 3560 4680 solum
3617 4627 3676 4680 et

310 4710 522 4786 ὕϐρεων,
587 4712 716 4765 ἀλλὰ
792 4718 882 4765 καὶ
941 4711 1025 4764 ἐπὶ
1103 4715 1378 4785 κτημάτων
1446 4718 1537 4765 καὶ
1613 4716 1886 4788 χρημάτωπ

2013 4715 2282 4787 injurias,
2336 4714 2441 4771 sed
2480 4713 2560 4770 ad
2607 4713 3021 4786 possessiones
3075 4729 3312 4786 quoque
3353 4713 3662 4785 praebeas:

308 4803 652 4875 παρέχεσθαι.
694 4801 750 4854 Ὁ
779 4804 880 4876 γὰρ
923 4805 1039 4876 περὶ
1071 4809 1162 4854 τοῦ
1193 4809 1420 4874 χιτῶνος
1455 4801 1626 4873 λόγος,
1677 4805 1740 4862 ὡς
1769 4822 1886 4876 προ-

2014 4804 2092 4861 ad
2127 4803 2246 4859 ista
2288 4817 2506 4874 nempe
2547 4800 2828 4875 pertingit
2872 4801 3050 4858 etiam
3090 4817 3309 4866 sermo,
3349 4802 3453 4873 qui
3498 4802 3562 4857 ﬁt
3595 4803 3670 4857 de

303 4895 490 4964 χείρου
517 4891 589 4954 εἰς
617 4894 675 4943 τό
707 4890 1064 4966 ἀφαιρεῖσθαι,
1098 4895 1188 4943 καὶ
1217 4890 1300 4943 ἐπὶ
1330 4898 1498 4943 ταῦτα
1529 4886 1727 4950 διήκει.
1768 4897 1883 4951 Φησ

2016 4893 2231 4957 tunica,
2250 4895 2454 4964 utpote
2478 4889 2874 4947 commodiori
2888 4896 2950 4946 ut
2964 4891 3291 4948 auferatur:
3312 4889 3454 4947 dicit
3477 4891 3636 4947 enim
3659 4905 3672 4943 :

303 4983 424 5052 γὰρ,
475 4982 698 5052 ὅτιΤῷ.
734 4980 926 5045 θέλοντί
995 4999 1078 5032 σοι
1132 4977 1462 5044 δικάσασθαι
1513 4985 1602 5036 καὶ
1663 4983 1750 5032 τόν
1809 5002 1886 5053 χι·

2026 4981 2255 5038 Valenti
2300 4986 2351 5036 te
2399 4979 2462 5036 in
2498 4981 2606 5052 jus
2633 4980 2883 5046 trahere,
2927 4987 3192 5052 tuamque
3229 4979 3468 5048 auferre
3526 4977 3678 5034 luni-

303 5071 440 5121 τῶνά
497 5089 591 5122 σου
657 5068 850 5135 λαϐεῖν,
911 5070 1034 5141 ἄφες
1093 5069 1232 5140 αὐτῷ
1290 5075 1380 5122 καὶ
1435 5071 1493 5122 τὸ
1541 5071 1764 5141 ἱμάτιον,
1817 5089 1882 5122 κα

2015 5085 2162 5138 eam,
2176 5069 2480 5143 relinquas
2497 5069 2666 5127 etiam
2679 5074 2734 5126 et
2750 5067 3023 5140 pallium,
3044 5084 3112 5126 ac
3123 5070 3328 5125 vincas
3354 5066 3510 5123 illius
3535 5081 3674 5124 ava-

303 5164 518 5217 νίκησον
552 5163 641 5217 τὴν
695 5159 855 5210 αὐτοῦ
913 5157 1222 5226 πλεονεξίαν,
1275 5162 1345 5232 μὴ
1402 5162 1554 5230 μόνον
1593 5165 1654 5229 τῇ
1685 5157 1886 5231 ἑκουσίᾳ

2018 5160 2066 5216 ri
2082 5160 2244 5225 tiam,
2269 5173 2389 5215 non
2408 5162 2641 5216 tantum
2653 5158 3000 5216 substantiae
3021 5173 3208 5230 quam
3224 5155 3675 5230 petitcessione,

302 3825 547 3877 εἰώθασιν
595 3826 801 3896 ἐπάγειν
845 3827 939 3885 τὰς
977 3823 1181 3896 πληγὰς
1225 3826 1272 3876 οἱ
1309 3829 1625 3898 μαχόμενοι,
1671 3828 1740 3888 ὡς
1769 3823 1898 3898 ἀφυ-

299 3913 504 3966 λάκτων
553 3918 642 3965 καὶ
688 3917 985 3987 προχείρων
1058 3917 1146 3964 καὶ
1212 3909 1408 3988 ῥᾳδίως
1483 3915 1902 3990 τραυματιζομέ-

301 4022 418 4058 νων.
472 4000 532 4054 Ὀ
586 3998 635 4054 δ’
693 4001 774 4054 ἐπὶ
847 4004 1049 4062 τούτοις
1105 4005 1260 4074 νόμος
1331 4007 1420 4054 καὶ
1477 4001 1561 4055 ἐπὶ
1611 4005 1781 4056 πάντα
1835 4005 1902 4056 τὰ

299 4091 459 4143 λοιπὰ
486 4089 763 4142 ἐκτείνεται
811 4090 958 4163 μέλη.
1004 4094 1104 4143 Kal
1135 4091 1166 4148 ἠ
1204 4087 1352 4153 δεξιὰ
1405 4087 1464 4144 δὲ
1519 4097 1715 4163 σιαγὼν
1769 4097 1900 4165 πρό-

301 4198 484 4253 χειρός
543 4179 614 4239 εἰς
697 4177 867 4252 ὕϐριν,
951 4175 1363 4253 ἐπιτήδειότερον
1440 4179 1771 4252 ἐμπίπτουσα
1834 4188 1896 4253 τῇ

305 4267 453 4340 δεξιᾷ
481 4273 628 4342 χειρὶ
674 4275 765 4320 τοῦ
813 4267 1140 4342 ὑϐρίζοντος.
1185 4273 1284 4321 Kal
1333 4271 1362 4328 ἡ
1398 4268 1480 4322 ἐπὶ
1527 4273 1689 4343 ταύτῃ
1722 4269 1897 4329 ἐντολή

304 4362 396 4410 καὶ
433 4357 518 4410 ἐπὶ
548 4359 612 4410 τὰ
637 4356 794 4410 λοιπὰ
825 4358 1010 4430 ὁμοίως
1041 4354 1234 4415 διήκει.

1523 5321 1747 5406 Variae
1776 5335 2102 5408 lectiones
2139 5344 2206 5406 et
2246 5345 2447 5406 notae.

376 5453 495 5528 (80)
527 5456 567 5512 t.
604 5453 725 5521 vn,
749 5466 811 5526 p.
845 5452 968 5509 234.

377 5608 676 5686 (d)_1t_tiror,
707 5607 1087 5686 interpretem
1113 5609 1193 5686 ότι
1217 5611 1574 5682 expressisse
1603 5625 1710 5684 per
1723 5611 1901 5684 quod,
2013 5617 2150 5686 tum
2173 5608 2306 5686 iri.__
2585 5679 2622 5686 __
2748 5677 2828 5686 _A_
3125 5675 3136 5686 _

304 5677 448 5738 cum
471 5680 530 5736 id
562 5679 620 5735 in
655 5677 880 5736 talibus
901 5677 1214 5735 redundet.
1295 5677 1314 5682 ’
1606 5677 1626 5684 “
1732 5677 1750 5684 ’
2083 5681 2160 5749 (f)
2182 5677 2399 5736 Adhuc
2436 5679 2712 5749 amplius.
2748 5677 2938 5749 Etiam
2967 5677 3240 5749 gravius.

385 5681 442 5738 ω
471 5681 530 5736 id
562 5681 620 5735 in
655 5681 874 5736 talibus
901 5681 1214 5735 redundet.
1297 5681 1311 5682 “
1607 5681 1626 5684 ⁷
1732 5681 1749 5684 ”
2182 5681 2399 5736 Adhuc
2436 5681 2712 5749 amplius.
2748 5681 2938 5734 Etiam
2970 5681 3240 5746 gravius.

376 5755 450 5824 (θ)
497 5752 636 5809 Plus
659 5765 838 5825 quam
859 5750 1139 5820 desipere.
1161 5750 1453 5822 Severius,
1477 5752 1716 5822 gravius
1733 5753 1904 5826 puni—
2083 5681 2169 5826 εὖ
2197 5749 2475 5808 Distiuan't
2497 5749 2830 5823 Separatim
2857 5748 3004 5804 dixit
3032 5745 3324 5819 praecepit.
