4170 6446
581 371 687 427 223
1894 371 2246 430 EUTHYMII
2286 375 2620 436 ZIGABENI

581 511 792 552 verum
829 495 1006 552 etiam
1036 495 1318 552 addendo
1349 497 1516 569 quod
1543 513 1666 554 non
1695 498 1854 571 petit.
1889 501 2036 556 Cum
2076 499 2234 556 enim

2346 507 2728 578 παραχωρήσει
2755 510 2848 556 τοῦ
2878 507 3281 576 απαιτουμένου,
3315 504 3443 558 ἀλλὰ
3474 509 3563 558 καὶ
3609 513 3670 577 τῇ
3711 507 3992 578 προσθή-

580 585 709 641 Ιλωο
750 584 976 648 feceris,
1026 583 1115 640 vel
1148 583 1442 658 relinquet
1485 586 1650 658 quod
1699 586 1960 658 petebat,
2008 592 2235 644 tantam

578 675 798 730 veritus
810 673 1204 729 Christianam
1218 679 1383 730 tuam
1402 675 1863 748 philosophiam,
1883 675 1976 731 vel
1987 692 2058 732 eo
2069 677 2233 748 quod

575 763 721 834 petit
762 762 984 826 ablato,
1023 778 1142 818 non
1171 763 1415 834 attinget
1452 763 1619 835 quod
1660 779 1781 819 non
1816 763 2098 835 petebat;
2126 763 2237 819 fre-

575 855 822 924 quenter
834 856 1036 907 autem
1060 851 1368 907 avaritiam
1394 867 1566 908 suam
1588 852 1924 923 redarguet.
1955 853 2012 909 Si
2035 861 2235 909 autem

575 956 715 996 cum
762 955 834 996 eo
878 940 955 996 ad
991 939 1289 1011 judicium
1329 940 1574 1012 quidem
1609 957 1727 997 non
1759 943 2100 1006 accesseris,
2143 957 2236 998 ve-

573 1044 711 1084 rum
761 1029 818 1084 id
875 1034 1108 1084 tantum
1162 1029 1323 1100 quod
1363 1031 1500 1100 petit
1551 1030 1792 1086 dederis
1847 1046 1858 1084 :
1917 1030 2085 1102 quod
2132 1029 2234 1086 tibi

574 1117 694 1190 ipsi
734 1117 934 1174 solum
981 1116 1114 1173 utile
1155 1124 1244 1172 est
1285 1119 1493 1174 fecisti.
1541 1119 1598 1174 Si
1649 1134 1790 1175 vero
1839 1119 2139 1175 addideris
2181 1124 2238 1174 et

577 1206 758 1272 aliud,
806 1207 1071 1262 animam
1112 1223 1351 1280 quoque
1383 1207 1538 1263 illius
1589 1207 1948 1273 lucrifecisti,
1990 1208 2237 1279 duplex-

577 1311 696 1369 que
746 1296 978 1352 bonum
1010 1295 1322 1367 perfecisti.
1373 1300 1523 1353 Nam
1571 1303 1628 1353 et
1658 1297 1915 1354 tribunal
1943 1297 2233 1364 devitasti,

578 1389 637 1442 et
665 1385 982 1442 avaritiam
1014 1385 1374 1442 convertisti.

649 1474 904 1530 Pallium
934 1473 1177 1546 quidem
1209 1480 1315 1543 est,
1348 1475 1515 1546 quod
1545 1491 1725 1548 super
1747 1476 1894 1532 alias
1916 1480 2110 1532 vestes
2134 1490 2237 1546 ge-

575 1568 831 1631 stamus,
864 1563 1064 1619 tunica
1093 1578 1236 1620 vero
1261 1579 1448 1636 quam
1480 1563 1745 1620 interius.
1782 1564 2009 1636 Saepius
2038 1568 2234 1619 autem

575 1655 604 1706 6
657 1658 825 1726 χιτὼν
881 1655 938 1705 τὸ
1006 1655 1207 1725 ἱμάτιον
1272 1653 1488 1708 dicitur
1541 1669 1580 1710 a
1638 1653 1956 1717 contrario,
2022 1653 2082 1709 id
2129 1661 2233 1718 est,

575 1743 777 1800 tunica
801 1741 1070 1814 pallium,
1106 1757 1175 1797 ac
1207 1741 1458 1814 pallium
1490 1742 1712 1799 tunica.
1750 1741 2055 1800 Interdum
2087 1759 2236 1814 quo-

2344 611 2409 663 κῃ
2442 599 2532 644 τοῦ
2579 597 2650 664 μὴ
2694 592 3093 666 ἀπαιτουμένου·
3139 601 3291 646 τοῦτο
3315 597 3417 668 γάρ
3462 613 3555 647 σου
3585 600 3924 656 ποιοῦντος,
3958 596 3987 652 ἦ

2343 680 2642 751 καταλείψει
2681 685 2739 734 τὸ
2797 681 3194 755 ἀπαιτούμενον,
3253 680 3521 744 αἰδεσθεὶς
3561 688 3656 741 τὴν
3695 682 3990 740 τηλικαύ-

2344 789 2437 829 την
2491 790 2585 823 σου
2644 770 2966 843 φιλοσοφίαν,
3015 773 3045 830 ἢ
3103 776 3162 824 τὸ
3209 770 3583 844 ἀπαιτούμενον
3641 777 3825 844 μόνον
3887 772 3986 825 λα-

2345 859 2467 923 ϐὼν,
2507 860 2612 930 οὐχ
2643 860 2832 930 ἅψεται
2989 868 3080 912 τοῦ
3128 866 3197 933 μὴ
3237 860 3638 933 ἀπαιτουμένου,
3669 867 3985 933 καταγνὼ-

2346 968 2490 1002 σεται
2521 945 2579 1002 δε
2626 948 2786 1001 πολλὰ
2833 958 2927 1010 τῆς
2985 949 3170 1002 ἐαυτοῦ
3225 950 3532 1013 πλεονεξίας.
3597 955 3698 1004 Καὶ
3755 951 3811 1003 εἰ

2344 1042 2415 1109 μὴ
2451 1034 2815 1110 συνδικασθῇς
2843 1039 3002 1108 αὐτῷ,
3047 1038 3172 1091 ἀλλὰ
3216 1036 3416 1111 δώσῃς,
3447 1044 3506 1091 τὸ
3549 1047 3791 1093 σεαυτοῦ
3834 1060 3984 1113 συμ-

2345 1131 2492 1198 φέρον
2549 1131 2702 1198 μόνον
2763 1126 3029 1187 ἐποίησας·
3089 1128 3134 1180 εἰ
3185 1124 3244 1180 δε
3300 1130 3629 1201 προσθήσῃς,
3702 1132 3983 1183 κάκείνου

2344 1219 2438 1273 τὴν
2482 1215 2662 1286 ψυχὴν
2711 1215 2998 1287 ὠφέλησας,
3040 1213 3379 1270 καὶδιπλοῦν
3434 1216 3628 1289 ἀγαθὸν
3659 1221 3981 1293 κατώρθω-

2340 1323 2459 1375 ρας,
2501 1305 2657 1366 αὐτὸς
2683 1324 2738 1358 τε
2769 1301 3128 1378 δικαστηρίων
3183 1304 3511 1378 ἀπαλλαγεὶς,
3561 1312 3653 1358 καὶ
3708 1312 3814 1360 τὸν
3847 1309 3976 1361 πλε-

2345 1398 2554 1452 ονέκτην
2586 1393 2851 1466 ἐντρέψας.

2414 1482 2637 1555 Ἰμάτιον
2702 1486 2792 1555 μεν
2849 1479 2936 1536 οὖν
2975 1481 3088 1536 ἐστι
3117 1486 3175 1536 τὸ
3220 1483 3341 1555 παρ’
3373 1485 3498 1555 ἡμῖν
3559 1483 3964 1557 ἐπανωφόριον⁶

2344 1577 2513 1644 χιτὼν
2563 1569 2642 1640 δε,
2692 1576 2750 1625 τὸ
2811 1569 2975 1625 ἔνδον.
3034 1569 3358 1646 Ἀδιαφορως
3402 1573 3517 1643 (81)
3572 1569 3631 1625 δε
3698 1573 3971 1636 πολλάκις

2343 1661 2548 1732 λέγεται
2597 1665 2686 1713 καὶ
2711 1662 2737 1713 ὁ
2767 1667 2933 1732 χιτὼν
2974 1664 3199 1734 ἱμάτιον,
3249 1665 3338 1713 καὶ
3382 1665 3440 1714 τὸ
3483 1664 3690 1731 ἱμάτιον
3746 1671 3958 1734 χιτών.

2346 1749 2505 1804 Ἔστι
2557 1746 2616 1802 δι
2645 1752 2726 1802 ὅτε
2761 1755 2852 1803 καὶ
2897 1753 3068 1803 πάντα
3112 1759 3348 1822 χιτῶνες,
3393 1755 3483 1803 καὶ
3522 1754 3694 1803 πάντα
3742 1754 3960 1825 ἱμάτια.

575 1847 688 1904 que
726 1831 923 1888 omnis
961 1831 1143 1887 vestis
1183 1846 1342 1886 nunc
1374 1833 1578 1904 ἱμάτιον
1619 1847 1781 1887 nunc
1820 1836 2010 1904 χιτὼν,
2052 1831 2236 1888 modo

2347 1840 2406 1894 Εἰ
2441 1836 2501 1892 δε
2544 1840 2570 1890 ὀ
2623 1845 2829 1901 Λουκᾶς
2883 1859 3060 1911 φησιν,
3110 1841 3189 1892 ὃτι
3237 1838 3362 1891 Ἀπὸ
3414 1845 3508 1892 τοῦ
3563 1844 3810 1911 αἴροντός
3863 1861 3958 1896 σου

570 1919 846 1993 pallium,
908 1919 1092 1976 modo
1141 1920 1343 1976 tunica
1388 1920 1740 1991 appellatur.
1788 1923 1852 1977 Et
1907 1920 2040 1977 licet
2078 1921 2237 1977 dicat

577 2011 766 2066 Lucas
818 2024 832 2064 :
873 2008 964 2063 Ab
1001 2024 1066 2065 eo
1106 2009 1208 2080 qui
1256 2010 1454 2077 aufert
1499 2027 1532 2065 a
1585 2017 1639 2068 te
1669 2009 1948 2080 pallium,
1981 2015 2036 2066 et
2088 2010 2240 2066 tuni-

575 2112 709 2155 cam
739 2113 814 2154 ne
837 2097 1146 2167 prohibeas
1185 2100 1228 2164 ⁷,
1257 2096 1420 2155 nulla
1450 2103 1648 2156 tamen
1680 2104 1769 2156 est
1825 2099 2234 2156 contradictio.

577 2191 712 2246 Haec
749 2188 909 2244 enim
955 2193 1206 2260 utraque
1258 2187 1403 2243 dixit
1450 2188 1712 2244 Christus
1768 2206 1782 2255 ;
1828 2189 1943 2245 hoc
1989 2189 2238 2261 quidem

575 2279 637 2334 in
688 2281 903 2345 monte,
952 2277 1114 2349 quod
1163 2291 1301 2332 vero
1351 2277 1513 2348 apud
1566 2279 1786 2334 Lucam
1845 2282 1953 2342 est,
2018 2278 2078 2333 in
2108 2277 2241 2334 loco

575 2365 916 2439 campestri.
951 2365 1104 2432 Quid
1143 2380 1285 2436 ergo
1315 2365 1344 2420 ?
1373 2366 1608 2423 nudum
1645 2371 1880 2438 oportet
1908 2366 2183 2422 incedere
2212 2366 2240 2422 τ

570 2461 661 2513 An
724 2455 832 2512 tibi
903 2469 1196 2523 magnum
1276 2454 1527 2519 videtur,
1605 2461 1669 2511 ut
1743 2457 1822 2511 ob
1865 2455 2064 2511 fratris
2123 2455 2239 2511 uti-

573 2546 800 2603 litatem
831 2543 1031 2600 nudus
1063 2543 1306 2601 incedas
1355 2546 1378 2601 2
1426 2547 1622 2616 Neque
1662 2549 1863 2601 tamen
1893 2544 1972 2601 ad
2012 2548 2238 2600 tantam

575 2634 844 2708 impellet
872 2633 1376 2690 inhumanitatem
1419 2656 1432 2688 :
1475 2638 1642 2694 tuam
1695 2633 1878 2698 enim,
1904 2637 1967 2689 ut
2013 2632 2240 2689 dictum

580 2727 689 2789 est,
737 2722 1038 2779 verebitur
1085 2722 1666 2794 magnanimitatem.

646 2814 814 2870 Vers.
867 2814 955 2868 41.
987 2813 1068 2868 Et
1111 2843 1181 2854 —
1227 2812 1358 2867 duo.
1401 2813 1576 2867 Vetus
1621 2810 1865 2883 quidem
1898 2813 2242 2868 Testamen-

573 2907 701 2961 tum
747 2903 919 2974 juxta
960 2901 1150 2958 solam
1193 2901 1539 2972 gravitatem
1590 2900 1714 2956 vitii
1761 2902 1991 2973 species
2033 2901 2240 2957 distin-

574 3007 783 3064 guens,
853 2991 1011 3048 levia
1064 2990 1430 3063 praeteribat.
1486 2989 1749 3046 Christus
1815 3006 1953 3047 vero
2014 2991 2089 3046 de
2145 2991 2240 3046 his

572 3097 818 3156 quoque
854 3081 1048 3152 legem
1090 3079 1238 3145 tulit,
1281 3079 1570 3150 incipiens
1610 3094 1755 3135 sane
1795 3095 1830 3135 a
1869 3079 2149 3151 graviori,
2184 3083 2240 3136 et

573 3171 855 3267 desinens
887 3173 946 3226 in
973 3169 1069 3267 'id,
1101 3168 1261 3267 quod
1301 3168 1628 3267 leviusest.
1667 3169 1910 3267 Gravius
1941 3167 2237 3267 siquidem
2271 3211 2312 3267 Ε

573 3266 662 3319 est
701 3260 855 3318 oculi
893 3265 994 3316 aut
1033 3257 1230 3315 dentis
1268 3257 1686 3314 excussionem
1720 3259 1860 3330 pati,
1907 3273 2096 3332 quam
2128 3257 2238 3314 vias

571 3349 789 3407 ducem
819 3366 882 3406 se
912 3348 1199 3422 prmbere,
1243 3352 1346 3404 aut
1402 3347 1605 3404 cibum
1646 3347 2099 3404 subministrare
2127 3347 2235 3419 (Ιι),

570 3439 782 3496 deinde
827 3439 888 3495 in
925 3438 1230 3495 maxillam
1263 3437 1504 3508 injuria,
1531 3453 1666 3510 quas
1702 3438 1962 3494 maximo
2001 3437 2239 3493 ducitur

571 3529 909 3600 opprobrio,
938 3533 1146 3600 postea
1176 3527 1356 3582 vestis
1387 3526 1611 3582 ablatio
1647 3542 1659 3580 :
1693 3525 1786 3582 his
1813 3530 2015 3582 autem
2045 3525 2236 3581 levius

571 3623 661 3676 est
678 3619 938 3674 violenta
961 3617 1202 3672 coactio.
1230 3614 1759 3680 Quemadmodum
1791 3620 1992 3670 autem
2019 3616 2080 3670 in
2109 3615 2240 3670 aliis

570 3705 903 3764 vexationis
929 3703 1236 3774 speciebus
1283 3719 1423 3759 cum
1451 3702 1865 3760 additamento
1896 3703 2094 3759 virtuti
2137 3718 2242 3759 va-

573 3809 710 3852 care
758 3793 929 3864 jussit
987 3808 1000 3845 :
1061 3793 1146 3848 ita
1202 3797 1260 3848 et
1314 3790 1374 3846 in
1432 3791 1742 3847 coactione
1796 3791 1961 3860 jubet
2006 3792 2242 3848 vincere

572 3882 940 3939 desiderium
966 3881 1116 3951 ejus,
1139 3881 1244 3953 qui
1266 3895 1450 3952 prave
1479 3879 1622 3935 facit
1659 3880 1965 3949 injuriam,
2005 3881 2243 3954 patique

571 3970 834 4043 amplius
883 3983 1071 4041 quam
1113 3969 1210 4025 ille
1257 3967 1451 4026 facere
1492 3967 1757 4025 volebat.
1808 3969 2126 4040 Agnovisti
2181 3969 2243 4025 in

575 4074 825 4131 corpore
843 4057 1071 4131 patibili
1094 4058 1380 4115 insertam
1405 4056 1481 4113 ad
1499 4057 1842 4113 affectiones
1862 4057 2245 4115 immobilita-

575 4151 695 4206 tem
724 4149 752 4205 ?
784 4146 1180 4204 Considerasti
1209 4145 1545 4218 angelicam
1574 4145 1634 4202 in
1675 4146 2025 4203 hominibus
2054 4146 2243 4203 disse-

571 4237 864 4296 minatam
892 4237 1159 4310 politiam
1191 4236 1218 4293 ?
1249 4239 1378 4293 Non
1409 4236 1834 4308 concupiscere
1879 4237 2039 4292 enim
2065 4237 2242 4308 juxta

571 4326 838 4394 affectus,
890 4343 1086 4400 neque
1143 4325 1478 4383 secundum
1533 4323 2010 4398 perturbationes
2040 4325 2237 4396 irasci,

571 4418 812 4474 caelestis
840 4422 979 4473 sunt
1001 4417 1242 4488 politiae,
1277 4416 1351 4472 de
1377 4415 1596 4488 quibus
1624 4431 1728 4487 per
1756 4414 1917 4470 dicta
1942 4420 2240 4486 praecepta

565 4507 836 4562 Christus
893 4506 1086 4575 legem
1143 4505 1316 4560 dedit.
1371 4504 1436 4560 In
1491 4519 1562 4560 eo
1625 4504 1790 4576 quod
1846 4503 2022 4573 jussit
2072 4503 2240 4562 fratri

2343 1932 2400 1982 τὸ
2475 1928 2697 2000 ἱμάτιον,
2782 1934 2871 1981 καὶ
2952 1932 3040 1981 τὸν
3106 1937 3311 2000 χιτῶνα
3379 1932 3451 2002 μὴ
3519 1929 3785 2003 κωλύσῃς,
3856 1931 3953 1983 οὐκ

2343 2021 2485 2071 ἔστιν
2529 2016 2904 2088 ἐναντιολοτία.
2972 2023 3070 2071 Καὶ
3103 2020 3257 2090 ἄμφω
3311 2021 3413 2092 γὰρ
3464 2020 3531 2071 τὰ
3565 2020 3707 2092 ῥητὰ
3736 2020 3879 2072 εἰπεν
3926 2020 3950 2071 ὁ

2344 2110 2595 2180 Χριστὸς,
2642 2106 2799 2159 ἐκεῖνο
2848 2109 2958 2179 μεν,
3018 2106 3102 2160 ἐπὶ
3140 2115 3232 2160 τοῦ
3271 2109 3444 2180 ὄρους,
3483 2110 3538 2160 τὸ
3581 2104 3661 2177 δε,
3694 2113 3839 2182 παρὰ
3873 2116 3945 2178 τῷ

2343 2203 2545 2266 Λουκᾶ,
2596 2195 2680 2249 ἐπὶ
2723 2200 2882 2248 τόπου
2933 2192 3172 2253 πεδινοῦ.
3202 2202 3266 2250 Τί
3303 2193 3391 2249 οὖν
3424 2202 3662 2269 ;γυμνόν
3721 2195 3801 2250 δεῖ
3857 2215 3942 2250 1n-

2344 2289 2528 2358 ριιέναι
2561 2302 2575 2352 ;
2607 2289 2744 2357 μέγα
2796 2289 2885 2354 μεν
2943 2281 3052 2351 οὖν,
3111 2289 3170 2337 τὸ
3238 2282 3313 2338 δι’
3370 2285 3610 2358 ὠφέλειαν
3649 2294 3739 2339 τοῦ
3787 2283 3933 2338 αδελο

2345 2382 2441 2447 φοῦ
2477 2379 2730 2450 περιιέναι
2752 2379 2946 2446 γυμνόν
2981 2392 2994 2441 ;
3025 2374 3120 2426 οῦκ
3158 2375 3219 2426 ἄν
3262 2371 3322 2428 δε
3348 2374 3415 2435 εἰς
3443 2378 3703 2432 τοσαύτην
3743 2373 3916 2430 ἐκεῖνος

2345 2465 2716 2538 απανθρωπέαν
2745 2462 2930 2536 ἐλάσῃ,
2965 2461 3318 2532 δυσωηθεὶς,
3375 2465 3445 2527 ὡς
3476 2467 3682 2539 εἴρηται,
3709 2465 3786 2520 τὴν
3817 2464 3916 2518 σὴν

2345 2552 2748 2625 μεγαλοψυχίαν
2760 2595 2775 2611 ,

2418 2817 2518 2868 Καὶ
2574 2813 2722 2872 ὅστις
2782 2842 2850 2853 —
2911 2809 3028 2867 δύο.
3092 2811 3150 2865 Ὀ
3201 2815 3292 2884 μεν
3342 2811 3561 2874 παλαιός
3612 2818 3767 2884 νόμος
3820 2815 3936 2885 περὶ

2345 2907 2503 2975 μόνου
2532 2902 2624 2953 τοῦ
2664 2900 2952 2976 βαρυτέρου
2988 2897 3159 2964 εἶδους
3218 2909 3313 2964 τῆς
3341 2908 3617 2963 κακώσεως
3662 2899 3935 2967 διαλαϐὼν,

2343 2994 2411 3045 τὰ
2461 2990 2654 3063 ἐλαφρὰ
2699 2987 3050 3064 παρέδραμεν·
3102 2993 3128 3043 ὁ
3174 2987 3233 3044 δε
3265 2996 3495 3064 Χριστὸς
3541 2995 3629 3044 καὶ
3677 2996 3796 3066 περὶ
3821 2994 3934 3044 του-

2344 3101 2444 3133 των
2470 3079 2854 3152 ἐνομοθέτησα,
2883 3079 3166 3153 ὰρξάμενος
3207 3084 3295 3152 μεν
3337 3079 3438 3134 ἀπὸ
3489 3089 3581 3134 τοῦ
3624 3079 3937 3156 βαρυτέρου,

2345 3169 2640 3232 καταλήξας
2698 3166 2758 3222 δι
2823 3168 2893 3231 εἰς
2959 3172 3017 3221 τὸ
3093 3167 3446 3243 ἐλαφροτερον.
3502 3171 3796 3245 Βαρύτερον

2345 3261 2447 3333 γὰρ
2501 3266 2600 3309 τῶν
2662 3257 2844 3323 ἱλλων,
2895 3259 2924 3316 ἠ
2981 3266 3073 3310 τοῦ
3127 3257 3392 3331 ὀφθαλμοῦ
3444 3265 3535 3312 καὶ
3586 3267 3678 3312 τοῦ
3729 3257 3938 3321 ὀδόντος

2348 3347 2537 3405 έκκοπή
2567 3368 2579 3381 ·
2607 3355 2699 3400 τοῦ
2939 3343 3280 3419 ὁδηγοῦντος,
3349 3355 3442 3400 τοῦ
3515 3345 3575 3401 δε
3645 3358 3709 3421 τῇ
3785 3357 3938 3422 τροφῇ

2349 3434 2714 3496 διακονοῦντος
2747 3455 2760 3468 ·
2792 3433 2902 3488 εἶτα
2949 3439 2978 3494 ἡ
3034 3440 3168 3489 κατὰ
3222 3445 3318 3497 τῆς
3373 3442 3614 3509 σιαγόνος
3666 3437 3838 3512 ὕϐρις,
3881 3442 3940 3499 ὣς

2348 3522 2826 3582 ἐπονειδιστοτάτη·
2909 3528 3088 3578 ἔπειτα
3129 3528 3158 3584 ἠ
3216 3534 3305 3578 τοῦ
3372 3535 3599 3598 χιτῶνος
3655 3525 3941 3602 ἀφαίρεσις·

2349 3614 2677 3689 ἐλαφρότερον
2727 3611 2786 3667 δε
2845 3617 3061 3682 τούτων,
3114 3617 3143 3671 ἡ
3202 3614 3478 3689 ἀγγαρεία.
3522 3615 3727 3692 Ὠσπερ
3779 3614 3841 3670 δε
3865 3617 3936 3670 ἐπὶ

2347 3713 2448 3756 τῶν
2501 3703 2662 3756 ἄλλων
2719 3700 2870 3757 εἰδῶν
2940 3712 3035 3766 τῆς
3107 3710 3384 3767 κακώσεως
3443 3709 3574 3777 μετὰ
3641 3709 3936 3778 προσθήκης

2351 3792 2638 3864 φιλοσοφεῖν
2695 3793 2968 3846 ἐκέλευσεν⁵
3034 3793 3168 3847 οὕτω
3224 3799 3313 3846 καὶ
3371 3793 3455 3846 ἐπὶ
3492 3803 3582 3854 τῆς
3637 3793 3930 3870 ἄγγαρεέας,

2351 3887 2442 3934 καὶ
2471 3881 2753 3954 ὑπερϐῆναι
2803 3892 2896 3941 τῆν
2953 3879 3140 3935 οἰδικον
3178 3891 3270 3936 τοῦ
3326 3891 3494 3944 κακῶς
3541 3892 3811 3946 ποιοῦντος
3843 3885 3943 3937 ἐπιο

2354 3973 2563 4044 θυμίαν,
2611 3977 2701 4024 καὶ
2741 3970 2892 4024 πλέον
2949 3973 3146 4036 παθεῖν,
3206 3973 3237 4030 ἦ
3281 3970 3463 4033 ἐκεῖνος
3509 3980 3734 4033 ποιῆσαι
3774 3972 3945 4045 βουλε·

2353 4079 2458 4114 ται.
2498 4056 2650 4122 Εἶδες
2702 4058 2750 4112 ἐν
2801 4065 3003 4132 σώματι
3031 4062 3250 4131 παθητῷ
3289 4066 3636 4134 φυτευομένην
3677 4061 3946 4116 ἀπάθειαν

2352 4152 2672 4209 κατενόησας
2762 4147 3040 4220 ἀγγελικὴν
3151 4149 3434 4215 πολιτείαν,
3525 4150 3575 4203 ἐν
3661 4149 3952 4223 ἀνθρώποις

2351 4242 2848 4310 κατασπειρομένην.
2917 4241 2987 4292 Τὸ
3048 4241 3150 4312 γὰρ
3217 4243 3285 4311 μὴ
3352 4238 3618 4312 ἐπιθυμεῖν
3678 4238 3947 4313 ἐμπαθῶς,

2350 4323 2490 4398 μηδέ
2532 4329 2826 4398 θυμοῦσθαι
2876 4327 2897 4398 f
2958 4330 3097 4380 κατὰ
3147 4328 3258 4399 (82)
3315 4330 3498 4396 πάθος,
3556 4336 3649 4390 τῆς
3710 4329 3953 4404 οὐρανίου

2350 4414 2610 4477 πολιτείας
2653 4415 2801 4480 εἰσιν,
2853 4415 2888 4467 ἃ
2945 4412 3039 4468 διὰ
3086 4425 3184 4468 τῶν
3240 4416 3516 4489 εἰρημένων
3583 4417 3800 4470 ἐντολῶν
3844 4417 3953 4472 ἐνο-

2349 4505 2632 4576 μοθέτησεν
2685 4507 2710 4556 ὁ
2765 4509 2990 4577 Χριστός
3143 4507 3224 4560 Ἐν
3282 4509 3372 4578 μεν
3423 4507 3524 4581 γὰρ
3579 4515 3652 4576 τῷ
3711 4505 3954 4561 κελεῦσαι

566 4597 787 4651 temere
814 4608 934 4648 non
957 4593 1154 4657 irasci,
1186 4607 1382 4664 neque
1411 4592 1526 4664 ipsi
1575 4591 1794 4656 dicere,
1831 4593 2014 4657 Raca,
2048 4607 2237 4664 neque

2348 4571 2419 4665 μὴ
2479 4571 2916 4667 ὀργίζεσθαι-τῷ
2973 4571 3179 4666 ἀδελφῷ
3239 4571 3371 4660 cliti,
3428 4571 3568 4667 μῆδε
3606 4571 3768 4667 λέγειν
3810 4595 3956 4669 αὐτῷ

574 4683 808 4740 fatuum
831 4682 996 4736 hunc
1019 4679 1339 4752 appellare,
1381 4696 1575 4753 neque
1618 4681 1738 4737 Deo
1777 4695 2002 4736 munus
2025 4678 2236 4737 oﬂ‘erre

573 4776 711 4828 ante
739 4769 1280 4826 reconciliationem
1297 4784 1440 4840 erga
1468 4769 1737 4835 fratrem,
1774 4785 1844 4827 ac
1872 4768 2234 4826 benevolum

576 4877 703 4918 esse
751 4859 1091 4918 adversario
1130 4877 1144 4926 ;
1183 4859 1421 4918 aﬂ‘ectui
1457 4860 1643 4917 animi
1689 4862 1976 4918 commoti
2019 4875 2233 4918 nervos

576 4949 923 5025 amputavit.
984 4951 1048 5008 In
1092 4965 1163 5009 eo
1214 4965 1318 5009 ver
1380 4950 1549 5023 quod
1598 4949 1883 5024 praecepit
1919 4949 2230 5008 mulierem

661 5130 682 5168 ⁷
712 5130 860 5188 Luc.
884 5130 965 5198 vi,
997 5133 1088 5188 29.

2345 4686 2519 4749 Ῥακὰ,
2561 4679 2699 4755 μηδὲ
2751 4683 3021 4756 ὀνομάζειν
3073 4691 3255 4737 τοῦτον
3305 4687 3494 4758 μωρὸν,
3556 4681 3695 4757 μηδὲ
3752 4689 3956 4760 προσά-

2343 4791 2450 4844 γειν
2488 4779 2603 4843 Θεῷ
2658 4775 2717 4825 τὸ
2777 4769 2944 4848 δῶρον
2987 4776 3088 4848 πρὸ
3142 4780 3234 4835 τῆς
3288 4772 3360 4834 εἰς
3415 4773 3526 4846 (83)
3582 4776 3667 4826 τὸν
3733 4770 3955 4846 αδελφόν

2346 4857 2656 4932 διαλλαγῆς,
2712 4866 2802 4915 καὶ
2861 4861 3047 4916 εὐνοεῖν
3093 4871 3166 4934 τῷ
3224 4857 3500 4936 ὰντιδῖκῳ,
3553 4864 3620 4915 τὰ
3668 4870 3826 4938 νεῦρα
3862 4871 3955 4917 τοῦ

2345 4948 2612 5024 ἐμπαθοῦς
2662 4949 2871 5024 ἐξέκοψε
2917 4952 3102 5025 θυμοῦ·
3165 4949 3216 5006 ἐν
3273 4947 3334 5006 δε
3379 4959 3454 5025 τῷ
3514 4951 3828 5029 προστάξαι,
3879 4959 3953 5028 μὴ

1923 5251 2153 5320 Variae
2182 5251 2510 5322 lectiones
2553 5260 2617 5322 et
2641 5260 2846 5324 notae.

795 5399 937 5476 Quae
975 5396 1258 5476 leguntur
1285 5395 1364 5476 ab
1396 5391 1802 5476 ἀδιαφόρωςβςί
1831 5396 2002 5449 πάντα
2033 5397 2237 5476 ἱμάτια,

581 5466 1005 5526 θειἨοιιιοηὶιιε
1045 5466 1105 5523 in
1153 5467 1425 5540 margine
1465 5466 1557 5522 sui
1594 5466 2148 5540 codicisrepere'rat
2171 5484 2243 5526 ac

573 5541 858 5612 rejecerat
886 5540 966 5597 ad
994 5539 1174 5596 finem
1204 5539 1409 5596 scholii
1441 5544 1574 5612 post
1610 5538 2030 5613 μηαλοψυχῖαν.

2423 5397 2535 5540 ἱϐἓ)
2575 5395 2812 5478 Inclusa
2841 5396 3059 5454 omittit
3095 5400 3166 5453 Α.

2444 5469 2536 5540 83)
2581 5468 2880 5534 Usitatlus,
2913 5472 3057 5540 πρὸς.

2581 5468 2880 5534 Usitatius,
2913 5472 3057 5544 πρὸς.

655 5720 742 5794 (Ιι)
775 5719 967 5790 Quam
989 5717 1097 5778 via!
1146 5747 1215 5761 -
1240 5717 1885 5778 subsmim'strare.Cum
1909 5717 2006 5776 ille
2032 5716 2289 5791 (oculus)
2318 5715 2453 5775 vitm
2482 5715 2608 5775 dux
2633 5715 2729 5786 sit,
2766 5715 2865 5775 hic
2892 5715 3090 5791 (Deus)
3120 5716 3542 5777 alimentorum
3565 5718 3846 5778 minister.

3880 379 3994 434 224

4113 470 4117 620 l
