4170 6468
256 377 379 437 225

1252 365 1629 432 COMMENT.
1674 371 1747 430 ΙΝ
1788 368 2240 432 ΜΑΤἹἫΕυΜ.
2279 402 2346 418 ·-
2389 374 2552 432 CAP.
2601 372 2676 436 V.

3529 377 3637 434 226

274 505 487 579 βλέπειν
527 502 834 564 ἀκολαστοις
881 499 1164 574 ὀφθαλμοῖς
1222 505 1464 571 γυναῖκα,
1512 504 1601 552 καὶ
1652 497 1874 575 ἀποῤῥί-

1995 499 2216 556 lascivns
2245 499 2433 557 oculis
2476 516 2593 556 non
2623 500 2936 573 respicere,
2968 504 3026 557 et
3055 500 3311 572 abjicere
3354 516 3456 559 eos
3511 519 3634 559 eas.

272 594 380 666 ψαι
411 597 498 647 τὸν
528 589 938 654 σκανδαλίζοντα
983 595 1074 642 καὶ
1127 593 1222 647 τὴν
1260 585 1739 655 σκανδαλιζουσαν,
1784 593 1874 641 καὶ

280 688 354 756 μὴ
389 682 624 736 ἀπολύειν
662 680 854 752 ἀλόγως
905 685 993 738 τὴν
1029 675 1170 731 ἰδίαν
1219 684 1462 750 γυναῖκα,
1517 674 1655 750 μηδί
1691 686 1874 750 γαμεῖν

282 771 655 844 ἀπολελυμένην
713 770 886 842 ἑτέρῳ,
945 776 1042 830 τῆς
1093 765 1359 840 ἰμπαθοῦς
1424 765 1704 839 ἐπιθυμίας
1767 766 1874 820 ἀνὲο

280 880 450 915 σπασε
476 863 571 921 τάς
613 860 783 934 ῥίζας.
821 862 922 911 Καὶ
971 856 1124 910 πάλιν
1157 854 1206 907 ἰν
1398 863 1469 926 τῷ
1508 854 1768 924 ἐπιτάξαι,
1800 860 1870 927 μὴ

1981 605 2099 661 que
2145 588 2246 661 qui
2293 593 2430 645 sunt
2477 588 2849 655 offendicula,
2895 605 3090 662 neque
3154 591 3452 662 propriam
3509 592 3636 648 sine

1981 694 2165 735 causa
2187 679 2494 752 repudiare
2525 695 2791 746 uxorem,
2813 695 3001 752 neque
3040 681 3112 736 ab
3150 680 3332 736 altero
3363 681 3638 753 repudia-

1982 771 2106 823 tam
2163 768 2412 824 ducere:
2464 770 2799 836 aegrotantis
2854 769 3342 841 concupiscentiae
3405 771 3638 828 radices

1982 856 2218 912 avulsit.
2291 859 2543 912 Rursum
2598 858 2658 912 in
2712 873 2781 913 eo
2808 857 2972 929 quod
3015 859 3196 928 jussit
3237 861 3484 915 omnino
3517 874 3639 916 non

276 949 479 1021 ὀμνύειν
533 948 684 1017 ὅλως,
741 951 838 1005 τὴν
890 949 1008 1020 περὶ
1061 947 1125 997 τά
1175 948 1434 1017 χρήματα
1487 948 1577 995 καὶ
1632 948 1876 1016 κινήματα

1995 947 2197 1008 iurare,
2250 945 2631 1016 cupiditatem
2661 945 2817 1000 circa
2864 945 3200 1002 affectiones
3243 963 3310 1001 ac
3355 950 3638 1020 pecunias

271 1037 554 1111 ἐπιθυμίαν
599 1036 865 1099 ἐξήλασεν·
914 1034 965 1087 ἰν
1003 1030 1061 1087 δι
1093 1041 1167 1104 τῷ
1215 1032 1560 1097 ἐντείλασθαι,
1605 1038 1676 1105 μὴ
1729 1032 1874 1085 ἀνθί-

273 1129 508 1181 στασθαι
531 1134 608 1197 τῷ
636 1132 867 1199 πονηρῷ,
909 1127 998 1176 καὶ
1042 1125 1274 1196 στρέφειν
1303 1125 1396 1174 καὶ
1437 1125 1532 1180 τὴν
1573 1121 1729 1180 ἄλλην
1762 1141 1874 1175 σια-

267 1220 420 1288 γόνα,
453 1219 545 1268 καὶ
587 1213 792 1285 ἀφιέναι
827 1217 917 1264 καὶ
965 1214 1023 1263 τὸ
1080 1212 1303 1283 ἱμάτιον,
1338 1214 1428 1262 καὶ
1485 1210 1698 1282 ὑπάγειν
1727 1211 1877 1282 μίλια

276 1302 404 1371 δύο,
433 1308 524 1357 τὸν
557 1303 624 1364 εἰς
645 1305 704 1355 τὸ
734 1301 1032 1374 ἀμύνασθαι
1058 1301 1218 1373 θυμόν
1243 1297 1554 1353 κατίστειλε.

349 1401 436 1464 Τῷ
475 1393 706 1446 αἰτοῦντι
750 1422 821 1432 -
858 1387 1036 1445 δίδου.
1086 1389 1209 1442 Ὀτε
1260 1386 1320 1442 δι
1363 1390 1544 1441 ἰοτατο
1581 1385 1665 1439 ἰπὶ
1714 1391 1873 1440 τόπου

283 1479 502 1536 πεδινοῦ
549 1479 844 1547 διδάσκων,
876 1484 1219 1554 φανερώτερον
1275 1474 1429 1546 εἶπεν,
1479 1479 1557 1530 ὃτι
1602 1481 1762 1528 Παντὶ
1801 1483 1874 1545 τῷ

281 1571 516 1624 αἰτοῦντί
563 1589 619 1623 σε
659 1566 837 1636 δίδου,
870 1572 934 1629 ὡς
974 1570 1000 1620 ό
1056 1573 1264 1628 Λουκᾶς
1314 1565 1529 1638 ἔγραψε.
1562 1565 1762 1618 Κελεύει
1793 1561 1872 1633 δι,

277 1664 352 1734 μὴ
387 1657 655 1734 διακρῖναι
680 1662 766 1711 τόν
795 1657 942 1720 ἄξιον
978 1655 1078 1709 ἀπὸ
1100 1664 1190 1709 τοῦ
1215 1654 1446 1718 ἀναξίου.

351 1749 434 1802 Ἐν
482 1749 588 1820 ὅσῳ
635 1750 737 1821 γὰρ
799 1746 950 1812 αἰτεῖ,
1011 1742 1246 1818 δεόμενός
1293 1743 1454 1814 ἔστιν,
1509 1743 1615 1803 οἷος
1670 1741 1730 1793 ἂν
1785 1747 1875 1796 καὶ

1981 1032 2218 1104 expulit.
2248 1032 2655 1104 Prmeipiendo
2687 1049 2826 1090 vero
2858 1049 2975 1089 non
3027 1034 3295 1090 resistere
3345 1036 3526 1104 malo,
3581 1042 3640 1092 et

1984 1121 2160 1177 aliam
2173 1136 2415 1193 quoque
2435 1120 2737 1178 maxillam
2756 1122 3084 1187 obvertere,
3100 1138 3170 1178 ac
3188 1122 3438 1194 pallium
3452 1126 3636 1182 etiam

1981 1210 2295 1280 dimittere,
2327 1210 2562 1281 duoque
2594 1210 2870 1268 milliaria
2912 1212 3109 1269 abire:
3151 1215 3420 1269 animum
3461 1214 3536 1269 ab
3557 1213 3638 1268 ul-

1983 1299 2266 1355 ciscendo
2306 1298 2621 1354 continuit.

2053 1389 2218 1444 Vers.
2247 1390 2336 1443 42.
2369 1388 2591 1444 Ρειεηιί
2621 1417 2687 1430 -
2716 1388 2878 1445 dato.
2914 1390 3167 1454 Quando
3211 1394 3362 1446 certe
3403 1391 3464 1446 in
3509 1390 3640 1449 loco

1981 1477 2295 1548 campestri
2333 1476 2554 1532 docens
2593 1477 2769 1541 stetit,
2829 1477 3197 1534 manifestius
3251 1479 3433 1534 dixit:
3470 1481 3641 1536 Omni

1982 1566 2078 1620 abs
2105 1571 2160 1622 te
2191 1568 2406 1636 petenti
2436 1565 2595 1630 dato,
2639 1566 2818 1621 veluti
2873 1567 3101 1638 scripsit
3161 1569 3344 1622 Lucas
3392 1571 3432 1622 '.
3466 1569 3641 1626 lubet

1982 1660 2183 1712 autem
2214 1669 2333 1710 non
2360 1653 2690 1724 dijudicare
2719 1656 2970 1724 dignum
3001 1655 3079 1710 ab
3119 1656 3377 1724 indigno.

2057 1745 2136 1799 Eo
2161 1743 2321 1798 enim
2368 1743 2532 1814 quod
2577 1742 2740 1815 petit,
2769 1743 3046 1813 indignus
3084 1749 3172 1799 est
3216 1744 3641 1816 qualiscunque

275 1841 380 1897 εἴη.
418 1839 554 1891 Ἐπιί
584 1841 673 1889 καὶ
712 1836 740 1887 ό
779 1838 911 1896 Θεὸς
968 1837 1141 1886 πάντα
1171 1835 1239 1886 τὰ
1452 1835 1578 1906 πρός
1617 1835 1874 1884 σύστασιν

1995 1831 2078 1887 sit.
2121 1834 2269 1888 Nam
2317 1835 2372 1886 et
2411 1832 2562 1886 Deus
2605 1832 2810 1887 omnia
2853 1832 2928 1886 ad
2977 1832 3112 1886 vitm
3157 1834 3642 1890 sustentationem

274 1933 373 1988 τῆς
429 1927 569 1988 ζωῆς
619 1930 784 1978 πᾶσιν
824 1923 1116 1998 ἀνθρώποις
1168 1924 1353 1995 ὁμοίως
1405 1920 1606 1987 ἀνῆκεν,
1665 1919 1876 1992 ἀγαθοῖς

1995 1919 2282 1992 nqualiter
2328 1920 2608 1975 omnibus
2655 1919 2903 1975 contulit
2953 1920 3306 1988 hominibus,
3371 1922 3538 1978 bonis
3588 1927 3645 1978 et

271 2034 333 2069 τε
368 2020 460 2068 καὶ
482 2019 750 2088 πονηροῖς,
773 2020 986 2074 πιστοῖς
1009 2031 1064 2065 τε
1090 2015 1178 2063 καὶ
1202 2009 1464 2072 ἀπίστοις.

355 2109 455 2159 Καὶ
499 2135 568 2149 -
615 2102 977 2177 ἀποστραφῇς.
1025 2108 1132 2155 Νῦν
1327 2096 1467 2171 δίχα
1504 2103 1656 2151 τόκου
1705 2094 1876 2151 δανεί-

281 2195 390 2256 ζειν
446 2192 722 2246 ἰνετείλατο
754 2207 770 2222 ⁶
811 2194 893 2245 ὅτι
949 2187 1032 2258 δι,
1083 2193 1151 2252 ὡς
1197 2193 1404 2262 ἔφαμεν,
1455 2185 1737 2241 ἐδίδασκεν
1795 2186 1877 2239 ἰπὶ

283 2287 446 2337 τόπου
509 2279 743 2348 πεδινοῦ,
817 2280 1123 2354 προσέταξε,
1177 2275 1317 2352 μηδὲ
1393 2281 1450 2330 τό
1521 2273 1878 2350 δανειζόμενον

283 2371 539 2425 ἀπαιτεῖν.
593 2371 711 2424 Ἐἀν
760 2373 862 2443 γὰρ
908 2366 1199 2435 δανείξητε,
1251 2372 1402 2441 φησι,
1452 2367 1576 2440 παρ’
1624 2367 1690 2418 ὧν
1743 2366 1878 2419 ἕλπί⁴

281 2462 400 2523 ζετε
451 2459 748 2527 ἀπολαϐεῖν,
814 2464 941 2512 ποία
987 2460 1106 2532 ὑμῖν
1154 2460 1315 2531 χάρις
1367 2456 1550 2524 ἰστίνς
1607 2456 1689 2518 Ὡς
1751 2453 1880 2510 ιίναι

277 2554 342 2604 τό
404 2553 495 2624 μὶν
568 2552 696 2625 πρὸς
759 2547 1138 2621 ἀτιλεστίρους,
1198 2551 1254 2601 τὸ
1323 2544 1384 2601 δι
1447 2550 1574 2621 πρός
1638 2546 1877 2600 τελειοτέ-

277 2659 374 2715 ρου
383 2659 425 2702 ς.

355 2818 644 2871 Ἠκούσατε
700 2847 770 2858 -
822 2816 976 2889 ὑμᾶς.
1055 2817 1455 2891 Καταμαράνας,
1514 2818 1583 2877 ὡς
1651 2817 1874 2887 εῖρηται,

280 2909 371 2958 τὸν
416 2907 576 2979 θυμὸν
627 2911 717 2960 καὶ
768 2911 863 2966 τήν
907 2905 1207 2979 ἐπιθυμίαν,
1259 2911 1350 2958 καὶ
1401 2908 1591 2965 παντὸς
1640 2907 1876 2958 τοιούτου

282 2996 486 3057 πάθους
540 2994 836 3059 ἀπαλλάξας
891 2998 979 3048 τὸν
1041 2996 1360 3067 πειθόμενον,
1416 2993 1591 3048 λοιπὸν
1648 2992 1878 3046 ἰκελευσι

281 3088 374 3136 καὶ
441 3084 740 3157 εὐεργετεῖν,
813 3083 862 3137 ἰν
922 3092 996 3155 τῷ
1055 3079 1268 3136 διδόναι
1335 3089 1445 3143 τοῖς
1509 3082 1736 3146 αἰτοῦσι,
1786 3087 1878 3135 καὶ

285 3169 541 3236 δανείζειν
595 3182 701 3237 τοῖς
765 3176 1088 3248 χρῄζουσιν·
1148 3168 1278 3239 εἶτα,
1343 3175 1555 3246 προῖὼν,
1621 3169 1878 3243 ἀνήγαγεν

281 3264 352 3324 εἰς
411 3268 508 3323 τὴν
563 3265 728 3336 ἄκραν
803 3261 1006 3336 ἀρετήν.
1078 3265 1306 3334 Κορωνὶς
1374 3263 1476 3332 γὰρ
1535 3263 1625 3311 καὶ
1678 3263 1875 3331 κορυφὴ

283 3355 466 3412 πάσης
493 3350 699 3425 ἀρετῆς,
730 3353 790 3401 τὸ
819 3348 1025 3421 ἀγαπᾷν
1048 3352 1164 3408 τούς
1196 3348 1442 3420 ἐχθροὺς,
1485 3352 1576 3399 καὶ
1625 3349 1692 3398 τὰ
1747 3346 1877 3408 ἑξῆς.

291 3440 534 3510 Ἀγαπᾷν
565 3436 624 3490 δι
654 3438 860 3507 αὐτοὺς,
911 3437 971 3490 ού
1015 3438 1146 3489 καθό
1177 3436 1306 3489 εἰσιν
1335 3435 1540 3511 ἐχθροὶ,
1585 3434 1713 3487 ἀλλά
1754 3437 1882 3488 καθό

292 3527 425 3580 εἰσιν
479 3528 760 3601 ἄνθρωποι.
821 3530 918 3580 Καὶ
989 3531 1060 3598 μὴ
1125 3531 1277 3598 μόνον
1333 3524 1561 3598 ἀγαπᾷν,
1615 3524 1742 3577 ἀλλά
1795 3529 1885 3576 καὶ

289 3618 698 3692 ύπερεύχεσθαι.
759 3623 843 3688 Τῷ
910 3612 970 3669 δὲ
1045 3615 1253 3688 ἀγαπᾷν
1320 3620 1436 3676 τοὺς
1493 3614 1714 3688 ἐχθρούς
1775 3614 1885 3667 ἕπεο

284 3725 370 3760 ται
398 3706 516 3780 (85)
554 3711 643 3759 καὶ
675 3705 854 3772 τᾶλλα,
897 3705 1027 3777 λέγω
1065 3702 1134 3763 δὴ
1163 3710 1221 3758 τό
1247 3705 1469 3773 εὐλογεῖν
1507 3708 1626 3766 τοὺς
1653 3723 1887 3780 καταρω-

282 3799 483 3868 μένους,
528 3800 618 3848 καὶ
656 3795 824 3858 καλῶς
851 3802 1016 3848 ποιεῖν
1054 3803 1161 3858 τοίς
1191 3803 1433 3868 μισοῦσι,
1481 3799 1570 3847 καὶ
1627 3794 1882 3866 εύχεσθαι

283 3886 409 3960 ὑπὲρ
453 3893 554 3937 τῶν
599 3884 1000 3959 ἐπηρεαζόντων.
1033 3891 1211 3937 Ταῦτα
1243 3886 1342 3958 γὰρ
1393 3886 1424 3942 ἡ
1471 3882 1638 3937 τιλιία

282 3977 470 4027 Σκόπει
499 3971 560 4028 δὲ
585 3979 675 4028 καὶ
714 3978 772 4027 τό
803 3974 1020 4027 ἔπαθλον
1053 3981 1149 4036 τῆς
1186 3973 1644 4046 τηλικαύτης
1670 3972 1824 4048 ἀρετῆ
1836 3994 1875 4039 ς,

283 4065 352 4126 ὡς
421 4067 692 4136 μέγιστον.
765 4063 905 4117 Ἐπεὶ
977 4065 1079 4138 γὰρ
1147 4066 1205 4116 τὸ
1268 4070 1499 4116 τοιοῦτον
1567 4064 1881 4137 κατόρθωμα

281 4153 460 4226 μεῖζον
490 4153 551 4212 ἦν
580 4155 794 4220 παντὸς,
838 4153 1050 4211 τίθησιν
1098 4151 1239 4223 αύτῷ
1285 4157 1376 4204 καὶ
1412 4154 1499 4204 τὸν
1528 4152 1646 4224 (87)
1689 4152 1880 4224 μισθόν

281 4243 497 4316 μείζονα
520 4246 732 4305 παντός.
757 4245 896 4297 Φπσὶ
915 4242 1038 4315 γάρ’

353 4418 530 4481 Ὀπως
601 4452 668 4461 -
725 4416 963 4482 ἀδίκους,
1023 4424 1203 4492 Πατὴρ
1269 4421 1358 4491 μὲν
1432 4426 1534 4470 τῶν
1603 4417 1880 4494 ἀνθρώπων

292 4511 430 4562 ιστὶν
460 4510 486 4561 ὁ
517 4512 665 4577 Θεὸς,
717 4511 788 4571 ὡς
839 4512 1066 4570 ποιητὴς
1116 4508 1285 4560 αὐτῶν
1318 4525 1329 4536 ·
1375 4511 1602 4582 πατέρας
1641 4511 1744 4580 γὰρ
1799 4506 1880 4559 λί-

293 4615 448 4670 γομεν
503 4603 592 4650 καὶ
642 4602 757 4660 τοὺς
807 4601 968 4675 ἔργων
1017 4605 1164 4650 τινῶν
1217 4598 1437 4657 ποιητάς
1468 4614 1480 4625 ·
1532 4598 1606 4650 ἔτι
1660 4593 1720 4649 di
1770 4600 1880 4662 καὶ,

295 4688 364 4748 ὡς
415 4682 654 4760 κηδεμὼν
700 4691 790 4740 καὶ
844 4691 1130 4761 προνοητὴς
1182 4685 1346 4738 αὐτῶν
1388 4703 1401 4717 ο
1439 4682 1577 4739 ἴδιον
1629 4687 1732 4758 γὰρ
1779 4705 1882 4738 πα-

290 4779 406 4851 τρὸς
451 4773 713 4835 κήδεσθαι
766 4781 856 4830 καὶ
910 4777 1246 4850 προνοεῖσθαι
1274 4781 1366 4828 τοῦ
1417 4775 1607 4828 οἰκείου
1655 4769 1873 4836 παιδός.

286 4867 397 4918 Υἱοί
447 4863 505 4919 δὲ
534 4874 628 4919 τοῦ
677 4874 810 4920 Θεοῦ
848 4871 1078 4938 γίνονται
1126 4867 1175 4918 οἰ
1231 4866 1561 4939 όμοιούμενοι
1619 4864 1760 4936 αύτῷ
1809 4859 1883 4916 δι’

284 4953 488 5030 ἀρετῆς,
517 4959 745 5010 καθόσον
790 4955 926 5010 ἐστὶν
967 4955 1220 5030 ἀνθρώπῳ
1269 4952 1510 5008 δυνατόν.
1570 4950 1732 5010 Ἰδιον
1779 4954 1881 5028 γὰρ

280 5047 400 5099 υἱοῦ
450 5047 766 5121 ὁμοιοῦσθαι
831 5054 902 5119 τῷ
979 5045 1150 5119 οἰκείῳ
1223 5049 1406 5119 πατρί.
1469 5050 1672 5116 Ὅπως,
1727 5046 1878 5116 φησι,

350 5225 374 5262 ⁸
400 5226 541 5284 Luc.
573 5241 650 5294 v1,
690 5227 779 5283 30.
854 5221 1042 5282 'Luc.
1076 5237 1154 5295 Vl,
1191 5222 1287 5282 84.

1908 3204 1950 3262 C

1985 2007 2182 2076 malis,
2209 2007 2487 2063 fidelibus
2526 2012 2581 2063 et
2610 2007 2966 2063 infidelibus.

2058 2097 2219 2153 Vers.
2247 2101 2335 2152 42.
2369 2097 2451 2152 Et
2489 2127 2557 2138 —
2585 2101 2888 2154 averseris.
2947 2100 3113 2154 Nunc
3142 2099 3384 2171 quidem
3419 2101 3643 2172 absque

1990 2186 2214 2242 fcenore
2243 2191 2508 2241 mutuare
2525 2187 2738 2256 jussit:
2781 2186 3027 2258 quando
3076 2193 3282 2253 autem,
3316 2188 3470 2244 sicut
3493 2189 3640 2244 dixi-

1986 2292 2143 2339 mus,
2176 2276 2237 2330 in
2277 2274 2406 2331 loco
2451 2276 2766 2346 campestri
2819 2275 3087 2343 docebat,
3133 2276 3315 2346 jussit
3367 2292 3558 2349 neque
3586 2278 3645 2333 id

1987 2363 2149 2438 quod
2207 2367 2546 2419 mutuatum
2595 2367 2682 2418 est
2725 2368 3007 2435 repetere.
3063 2365 3120 2421 Si
3172 2364 3352 2435 enim,
3431 2365 3643 2437 inquit,

1989 2457 2267 2509 mutuum
2329 2451 2606 2507 dederitis
2654 2451 2743 2506 his
2802 2466 2838 2508 a
2879 2451 3100 2524 quibus
3160 2468 3263 2508 vos
3306 2461 3646 2526 recepturos

1990 2541 2258 2615 speratis,
2291 2557 2428 2614 qua
2453 2541 2623 2598 vobis
2657 2548 2744 2597 est
2773 2542 2965 2611 gratia
2997 2545 3017 2577 ⁹
3049 2541 3077 2596 ‘I
3110 2542 3223 2597 Sed
3257 2541 3373 2598 hoc
3398 2543 3646 2616 quidem

1988 2631 2068 2688 ad
2124 2628 2593 2703 imperfectiores
2641 2630 2912 2701 dirigitur
2958 2630 3140 2696 ;illud
3171 2646 3310 2687 vero
3365 2635 3532 2688 Lucae
3574 2635 3647 2689 ad

1987 2719 2383 2792 perfectiores.

2059 2807 2222 2864 Vers.
2273 2809 2361 2863 43.
2393 2807 2680 2864 Audistis.
2722 2837 2793 2849 —
2821 2809 2977 2864 Vers.
3019 2808 3109 2864 44.
3151 2823 3268 2865 vos.
3302 2808 3647 2882 Postquam,

1987 2902 2053 2953 ut
2081 2897 2305 2953 dictum
2333 2902 2442 2962 est,
2476 2897 2626 2951 iram
2655 2910 2724 2953 ac
2763 2896 3306 2968 concupiscentiam
3367 2899 3650 2971 exstirpa-

1987 2985 2084 3052 vit,
2120 2986 2404 3057 omnique
2433 2983 2608 3040 simili
2631 2984 2841 3040 affectu
2873 2984 2986 3041 sibi
3038 2985 3380 3042 obedientes
3434 2987 3648 3045 libera-

1985 3073 2087 3137 vit,
2119 3074 2402 3146 deinceps
2431 3074 2610 3129 etiam
2656 3072 2997 3129 benefacere
3034 3074 3218 3145 jubet,
3251 3074 3454 3131 dando
3485 3077 3646 3133 video

1985 3162 2119 3220 licet
2138 3163 2496 3236 petentibus,
2515 3179 2586 3218 ac
2615 3163 2950 3219 mutuando
2975 3163 3390 3235 indigentibus.
3429 3165 3648 3222 Deinde

1986 3251 2383 3324 procedendo,
2411 3251 2490 3307 ad
2521 3257 2848 3308 extremam
2881 3252 3155 3324 perduxit
3185 3254 3480 3310 virtutem.
3515 3256 3651 3312 Om-

1987 3341 2079 3395 nis
2107 3340 2266 3395 enim
2324 3340 2552 3396 virtutis
2595 3341 2828 3396 coronis
2859 3356 2928 3395 ac
2969 3347 3167 3396 vertex
3221 3347 3326 3406 est,
3370 3342 3649 3400 inimicos

1991 3443 2214 3494 amare,
2242 3433 2296 3484 et
2322 3434 2528 3485 cetera
2556 3445 2690 3502 quae
2723 3436 3064 3502 sequuntur.
3098 3432 3334 3497 Amare,
3379 3432 3646 3504 inquam,

1992 3517 2302 3589 ipsos,non
2334 3523 2620 3590 quatenus
2654 3519 2869 3574 inimici
2903 3522 3064 3585 sunt,
3082 3520 3184 3574 sed
3213 3526 3511 3592 quatenus
3543 3522 3644 3578 lio-

1992 3607 2202 3664 mines.
2228 3610 2343 3664 Nec
2359 3608 2554 3664 solum
2567 3624 2787 3677 amare,
2802 3609 2906 3664 sed
2920 3613 3098 3681 etpro
3110 3610 3193 3664 eis
3209 3610 3543 3667 obsecrare.
3565 3613 3649 3667 Ad

1991 3713 2260 3754 amorem
2286 3703 2483 3754 autem
2517 3698 2896 3754 inimicorum
2926 3705 3374 3771 consequuntur
3407 3707 3463 3756 et
3491 3700 3609 3757 alia
3637 3718 3648 3755 :

1989 3787 2121 3844 dico
2146 3803 2309 3856 sane,
2349 3787 2502 3843 bene
2533 3787 2755 3859 precari
2794 3786 3240 3855 devoventibus,
3295 3806 3364 3845 ac
3414 3790 3653 3848 benefa-

1989 3892 2120 3933 cere
2174 3877 2266 3934 his
2313 3877 2416 3949 qui
2461 3877 2726 3942 oderunt,
2785 3881 2842 3932 et
2892 3892 3058 3934 orare
3113 3893 3223 3950 pro
3279 3878 3646 3936 laedentibus.

1989 3969 2140 4022 Nam
2191 3966 2318 4022 haec
2387 3965 2664 4038 perfecta
2725 3970 2856 4021 sunt
2907 3965 3259 4022 dilectionis.
3335 3968 3654 4025 Considera

1987 4072 2132 4114 vero
2162 4061 2220 4113 et
2267 4056 2584 4128 premium
2631 4055 2979 4127 hujusmodi
3024 4057 3275 4113 virtutis.
3311 4058 3464 4124 Quia
3494 4059 3653 4114 enim

1988 4150 2112 4202 tam
2159 4145 2514 4218 praclarum
2573 4144 2807 4201 facinus
2869 4146 3036 4201 omni
3077 4145 3192 4201 alio
3252 4148 3452 4216 majus
3507 4156 3652 4215 erat,

1988 4235 2307 4307 praemium
2344 4249 2586 4306 quoque
2615 4234 2780 4290 omni
2821 4234 3020 4306 majus
3077 4233 3184 4304 ipsi
3236 4235 3528 4305 rependit.
3562 4237 3655 4294 Ait

1991 4339 2154 4380 enim
2189 4339 2202 4378 Ξ

2063 4411 2224 4468 Vers.
2257 4413 2344 4466 45.
2401 4411 2475 4468 Ut
2522 4441 2593 4453 —
2643 4411 2911 4480 injustas.
2967 4408 3136 4465 Pater
3185 4408 3434 4482 quidem
3460 4410 3654 4467 homi-

1990 4518 2139 4559 num
2168 4501 2322 4555 Deus
2369 4505 2456 4557 est
2501 4505 2792 4571 tanquam
2838 4499 3170 4571 plasmator
3231 4515 3441 4556 eorum
3490 4500 3657 4572 (nam

1992 4596 2190 4665 patres
2220 4605 2462 4663 quoque
2492 4589 2750 4646 dicimus
2786 4605 3029 4662 operum
3059 4589 3400 4662 aliquorum
3425 4596 3654 4663 poetas,

1991 4681 2104 4738 hoc
2151 4685 2240 4737 est
2291 4679 2642 4751 effectores),
2688 4686 2978 4752 tanquam
3039 4679 3214 4736 etiam
3270 4681 3539 4752 provisor
3590 4698 3658 4739 ac

1991 4774 2344 4843 procurator
2364 4770 2636 4842 ipsorum
2662 4786 2675 4821 :
2709 4768 2896 4840 patris
2923 4767 3215 4839 siquidem
3247 4771 3538 4842 proprium
3570 4776 3658 4828 est

1992 4860 2113 4916 filio
2155 4875 2264 4915 suo
2297 4858 2612 4931 providere
2647 4873 2716 4914 ac
2769 4873 3101 4936 procurare.
3150 4858 3274 4914 Filii
3324 4865 3523 4917 autem
3555 4861 3658 4916 Dei

1991 4949 2163 5017 ﬁunt,
2217 4949 2321 5022 qui
2371 4964 2476 5021 per
2515 4949 2792 5005 virtutem
2849 4946 3071 5004 similes
3131 4947 3245 5020 ipsi
3303 4948 3653 5019 efficiuntur,

1989 5041 2288 5114 quantum
2311 5044 2399 5096 est
2425 5038 2647 5096 homini
2684 5037 2968 5112 possibile
3000 5056 3014 5109 ;
3045 5052 3188 5096 nam
3221 5035 3659 5111 ﬁliiprOprium

1506 5341 1726 5416 Variae
1752 5339 2079 5414 lectiones
2112 5352 2412 5412 etnotae.

381 5547 470 5621 84)
511 5546 596 5615 τά,
628 5535 847 5621 omittit
878 5545 949 5603 Α.
990 5559 1129 5601 mox
1166 5539 1331 5621 deest
1358 5556 1600 5621 quoque
1627 5549 1747 5621 τῆς.

381 5547 470 5621 84)
511 5546 596 5615 τά,
628 5546 847 5605 omittit
878 5545 949 5603 Α.
990 5559 1129 5601 mox
1166 5544 1331 5600 deest
1358 5556 1600 5616 quoque
1627 5549 1747 5604 τῆς.

357 5544 475 5691 Ξ85)
507 5620 760 5686 Correxi,
793 5620 984 5683 ἕπεται,
1018 5631 1122 5688 pro
1171 5617 1364 5670 ἔπειτα.
1398 5618 1548 5673 Nam
1587 5619 1644 5672 et
1671 5613 1888 5670 ﬂente-

285 5689 425 5751 nius
447 5689 651 5762 habet,
683 5693 1139 5763 consequuntur.

2210 5537 2457 5601 τοιαύτης
2480 5536 2554 5596 Α.
2624 5537 2629 5542 ’

2094 5536 2161 5594 86
2210 5537 2457 5601 τοιαύτης
2480 5536 2554 5596 Α.

2068 5537 2186 5685 ξεγξ
2213 5613 2300 5664 τὸν
2330 5611 2498 5668 abest
2521 5611 2590 5668 Α.
