4170 6460
589 399 695 455 223

1899 398 2252 457 EUTHYMII
2291 400 2624 461 ZIGABENI

3862 401 3971 456 224

588 539 801 580 verum
837 523 1014 581 etiam
1043 523 1326 580 addendo
1354 525 1521 598 quod
1548 540 1672 582 non
1701 525 1860 598 petit.
1894 527 2042 582 Cum
2081 525 2239 582 enim

2356 532 2734 602 παραχωρήσει
2760 535 2854 580 τοῦ
2884 531 3287 600 απαιτουμένου,
3321 527 3448 580 ἀλλὰ
3479 532 3569 581 καὶ
3615 535 3677 599 τῇ
3707 528 3970 600 προσθή-

588 613 717 669 haac
758 612 984 676 feceris,
1033 611 1121 668 vel
1154 612 1448 686 relinquet
1490 613 1655 686 quod
1705 613 1965 686 petebat,
2013 617 2241 670 tantam

587 702 806 758 veritus
818 701 1210 758 Christianam
1224 707 1388 758 tuam
1407 702 1868 774 philosophiam,
1890 701 1981 758 vel
1993 718 2064 758 eo
2075 703 2238 774 quod

584 791 729 862 petit
770 790 992 854 ablato,
1031 805 1148 846 non
1179 791 1422 861 attinget
1459 790 1626 862 quod
1667 806 1787 846 non
1821 789 2104 862 petebat;
2132 789 2243 845 fre-

584 884 830 952 quenter
842 885 1043 936 autem
1067 879 1376 934 avaritiam
1401 895 1573 934 suam
1595 879 1931 950 redarguet.
1962 879 2018 935 Si
2041 886 2242 935 autem

584 983 722 1025 cum
770 983 842 1024 eo
885 968 962 1023 ad
998 967 1296 1038 judicium
1337 967 1582 1039 quidem
1616 983 1735 1023 non
1767 968 2108 1031 accesseris,
2150 982 2244 1022 ve-

582 1072 718 1112 rum
769 1058 825 1111 id
883 1061 1114 1112 tantum
1169 1055 1331 1128 quod
1371 1058 1509 1127 petit
1560 1056 1800 1111 dederis
1855 1071 1866 1110 2
1925 1055 2092 1128 quod
2140 1054 2242 1111 tibi

583 1145 701 1218 ipsi
741 1144 942 1201 solum
988 1143 1122 1200 utile
1163 1151 1252 1200 est
1294 1145 1502 1201 fecisti.
1549 1145 1608 1200 Si
1659 1159 1800 1200 vero
1849 1145 2148 1201 addideris
2189 1148 2246 1199 et

585 1233 766 1299 aliud,
815 1234 1081 1289 animam
1121 1249 1362 1306 quoque
1393 1233 1548 1289 illius
1599 1233 1957 1298 lucrifecisti,
1999 1233 2245 1303 duplex-

585 1339 704 1396 que
756 1323 989 1380 bonum
1020 1321 1333 1393 perfecisti.
1383 1326 1533 1379 Nam
1582 1328 1638 1378 et
1668 1321 1924 1379 tribunal
1952 1321 2241 1388 devitasti,

587 1417 646 1470 et
673 1411 993 1468 avaritiam
1025 1411 1386 1468 convertisti.

659 1501 915 1557 Pallium
944 1499 1189 1572 quidem
1221 1506 1326 1568 est,
1359 1500 1525 1572 quod
1555 1516 1734 1573 super
1755 1501 1902 1556 alias
1925 1505 2118 1556 vestes
2142 1514 2245 1571 ge-

586 1594 842 1657 stamus,
874 1589 1076 1644 tunica
1105 1603 1248 1644 vero
1273 1605 1457 1661 quam
1489 1588 1753 1646 interius.
1790 1589 2016 1660 Smpius
2045 1592 2242 1644 autem

587 1681 615 1732 6
669 1683 836 1752 χιτὼν
892 1681 950 1730 τὸ
1017 1680 1218 1750 ῖμάτιον
1283 1678 1497 1734 dicitur
1550 1694 1588 1735 a
1647 1678 1963 1743 contrario,
2030 1677 2089 1733 id
2137 1684 2242 1741 est,

587 1769 788 1826 tunica
812 1767 1081 1839 pallium,
1117 1783 1184 1822 ac
1216 1767 1467 1840 pallium
1498 1767 1720 1824 tunica.
1757 1767 2063 1825 Interdum
2095 1783 2245 1837 quo-

2350 636 2415 688 κη
2447 624 2538 670 τοῦ
2585 621 2656 688 μη
2699 615 3099 689 ἐιπαιτουμένου⁹
3145 624 3298 670 τοῦτο
3321 620 3423 690 γάρ
3468 636 3561 670 σου
3590 622 3907 678 ποιοῦντος,
3937 616 3966 673 ἣ

2350 705 2648 776 καταλείψει
2687 709 2744 758 τό
2804 705 3200 778 ἀπαιτούμενον,
3259 703 3526 766 αἰδεσθεὶς
3566 710 3661 763 την
3699 704 3971 762 τηλικαύ-

2350 814 2443 854 την
2497 814 2592 848 σου
2650 794 2974 867 φιλοσοφίαν,
3021 796 3052 854 ἡ
3109 799 3168 847 τὸ
3216 793 3589 867 ἀπαιτούμενον
3646 798 3816 866 μόνον
3873 793 3967 845 λα-

2351 883 2474 949 ϐὼν,
2514 883 2619 955 οὐχ
2649 883 2839 954 ἅψεται
2868 887 2956 955 μὶν
2996 891 3086 935 τοῦ
3135 889 3203 956 μὴ
3245 883 3643 956 ἁπαιτουμένου,
3673 887 3966 953 καταγνὼ-

2353 993 2496 1027 σεται
2528 970 2586 1026 δε
2632 973 2794 1025 πολλὰ
2840 981 2934 1033 τῆς
2992 973 3176 1025 ἑαυτοῦ
3232 973 3539 1035 πλεονεξίας.
3603 976 3703 1025 Καὶ
3754 972 3805 1024 εἰ

2351 1066 2422 1133 μὴ
2458 1058 2822 1134 συνδικασθῇς
2850 1062 3010 1132 αὐτῷ,
3054 1061 3179 1113 ἀλλά
3223 1059 3422 1134 δώσης,
3453 1066 3512 1113 τὸ
3555 1068 3788 1114 σεαυτοῦ
3827 1080 3966 1133 συμ-

2353 1155 2499 1223 φέρον
2556 1155 2710 1222 μόνον
2770 1149 3036 1211 ἐποίησας’
3096 1150 3141 1203 εἰ
3193 1147 3251 1203 δὲ
3307 1152 3635 1223 προσθήσεις,
3707 1152 3965 1203 κάκείνου

2351 1244 2446 1297 τήν
2490 1239 2669 1310 ψυχὴν
2718 1239 3005 1311 ὠφέλησας,
3047 1236 3386 1292 καὶδιπλοῦν
3441 1238 3634 1310 ἀγαθὸν
3664 1241 3964 1314 κατώρθω-

2348 1348 2466 1400 ρας,
2509 1329 2665 1390 αὐτός
2691 1348 2746 1381 τι
2777 1325 3135 1402 δικαστηρίων
3189 1327 3518 1400 ἀπαλλαγεὶς,
3568 1333 3659 1380 καὶ
3713 1331 3813 1381 τὸν
3845 1329 3960 1380 πλι-

2353 1422 2562 1476 ονέκτην
2593 1417 2859 1490 ἐντρέψας.

2422 1506 2645 1579 ’ἱμάτιον
2711 1509 2800 1578 μεν
2857 1502 2944 1558 οὖν
2983 1504 3096 1558 ἐστι
3124 1509 3182 1558 τό
3228 1505 3349 1577 παρ’
3381 1507 3505 1577 ἡμῖν
3567 1504 3951 1578 ἐπανωφόριον

2353 1600 2521 1668 χιτὼν
2571 1592 2651 1663 δε,
2701 1599 2758 1648 τὸ
2819 1592 2982 1648 ἔνδον.
3043 1592 3366 1668 Ἀδιαφόρως
3409 1595 3524 1665 (81)
3580 1590 3638 1646 δέ
3704 1594 3957 1655 πολλάκις

2351 1685 2556 1755 λέγεται
2605 1688 2694 1735 καὶ
2719 1685 2745 1736 ό
2775 1689 2941 1754 χιτὼν
2983 1686 3207 1756 ἱμάτιον,
3257 1687 3345 1735 καὶ
3389 1687 3447 1736 τό
3491 1685 3696 1753 ἱμάτιον
3753 1690 3945 1755 χιτών.

2354 1773 2512 1828 Ἐστι
2565 1769 2625 1826 δε
2653 1775 2733 1826 ὅτε
2769 1777 2860 1825 καὶ
2905 1776 3076 1825 πάντα
3120 1781 3355 1844 χιτῶνας,
3401 1776 3491 1824 καὶ
3529 1775 3700 1824 πάντα
3749 1775 3948 1845 ἱμάτια.

587 1873 699 1930 que
737 1857 934 1914 omnis
971 1855 1153 1912 vestis
1192 1871 1352 1912 nunc
1383 1859 1588 1928 ἱμάτιον
1628 1871 1789 1912 nunc
1829 1860 2019 1928 χιτὼν,
2061 1855 2245 1912 modo

2356 1863 2414 1917 Εἰ
2449 1859 2509 1916 δί
2551 1864 2577 1914 ὁ
2631 1868 2838 1924 Λουκᾶς
2890 1881 3068 1934 φησιν,
3118 1863 3197 1914 ὅτι
3245 1860 3370 1913 Ἀπὸ
3422 1867 3515 1913 τοῦ
3571 1865 3814 1932 αῖροντός
3861 1880 3946 1914 σου

583 1945 857 2019 pallium,
917 1945 1101 2001 modo
1151 1945 1352 2001 tunica
1397 1945 1749 2017 appellatur.
1797 1948 1861 2001 Et
1916 1944 2050 2001 licet
2088 1944 2246 2000 dicat

588 2037 776 2092 Lucas
828 2050 842 2090 :
883 2034 973 2089 Ab
1011 2050 1076 2091 eo
1115 2035 1217 2106 qui
1265 2036 1464 2103 aufert
1507 2052 1543 2090 a
1595 2041 1649 2092 te
1679 2034 1959 2104 pallium,
1990 2039 2045 2090 et
2099 2033 2249 2089 tuni-

586 2139 718 2181 cam
748 2139 823 2180 ηε
847 2123 1156 2193 prohibeas
1193 2125 1236 2189 ⁷,
1265 2121 1429 2180 nulla
1459 2128 1658 2180 tamen
1690 2128 1779 2180 est
1835 2122 2244 2179 contradictio.

587 2217 721 2272 Hac
757 2214 920 2269 enim
963 2219 1216 2285 utraque
1267 2213 1412 2268 dixit
1459 2212 1723 2268 Christus
1778 2230 1792 2279 ;
1838 2212 1954 2269 hoc
1999 2212 2248 2284 quidem

586 2305 647 2360 in
698 2306 912 2371 monte,
961 2303 1124 2374 quod
1173 2317 1310 2358 vero
1360 2301 1522 2372 apud
1576 2303 1796 2358 Lucam
1855 2306 1963 2365 est,
2028 2301 2089 2356 in
2118 2301 2250 2356 loco

584 2391 926 2465 campestri.
961 2390 1114 2456 Quid
1153 2405 1295 2460 ergo
1325 2389 1354 2445 ?
1383 2390 1618 2447 nudum
1655 2394 1890 2462 oportet
1919 2389 2192 2446 incedere
2221 2389 2250 2444 Τ

580 2486 671 2539 An
733 2481 843 2538 tibi
913 2495 1206 2549 magnum
1286 2478 1537 2543 videtur,
1615 2484 1680 2535 ut
1753 2480 1833 2534 ob
1876 2478 2074 2534 fratris
2132 2478 2248 2534 uti-

584 2572 810 2629 litatem
842 2569 1042 2625 nudus
1074 2567 1317 2625 incedas
1366 2570 1388 2625 ‘l
1436 2571 1632 2640 Neque
1672 2573 1873 2625 tamen
1903 2567 1982 2624 ad
2021 2571 2248 2623 tantam

587 2659 855 2734 impellet
883 2657 1387 2714 inhumanitatem
1430 2680 1442 2712 :
1485 2662 1652 2718 tuam
1705 2656 1888 2722 enim,
1915 2660 1977 2712 ut
2024 2655 2249 2712 dictum

592 2753 700 2814 est,
749 2747 1050 2803 verebitur
1097 2746 1676 2818 magnanimitatem.

657 2839 825 2894 Vers.
879 2838 967 2893 41.
999 2838 1079 2893 Et
1123 2867 1193 2878 —
1239 2836 1369 2892 duo.
1412 2837 1587 2891 Vetus
1631 2833 1876 2906 quidem
1908 2836 2252 2890 Testamen-

585 2932 713 2986 tum
759 2927 932 2999 juxta
972 2926 1161 2983 solam
1203 2925 1550 2996 gravitatem
1601 2924 1724 2980 vitii
1771 2925 2002 2996 species
2045 2923 2250 2980 distin-

586 3031 795 3088 guens,
865 3015 1023 3072 levia
1076 3014 1441 3088 praeteribat.
1496 3013 1760 3069 Christus
1825 3028 1963 3070 vero
2025 3013 2099 3069 de
2156 3013 2250 3068 his

584 3121 830 3180 quoque
867 3105 1060 3176 legem
1102 3103 1250 3169 tulit,
1293 3103 1581 3174 incipiens
1621 3117 1766 3158 sane
1806 3118 1842 3158 a
1881 3102 2160 3173 graviori,
2194 3105 2251 3158 et

585 3196 868 3289 desinens
899 3195 958 3250 in
985 3194 1081 3289 ’id,
1113 3192 1272 3289 quod
1313 3191 1513 3289 levius
1533 3197 1638 3248 est.
1678 3191 1921 3289 Gravius
1952 3190 2248 3289 siquidem
2283 3232 2324 3289 Ο

586 3290 675 3343 est
714 3284 868 3342 oculi
906 3289 1007 3340 aut
1045 3281 1242 3339 dentis
1279 3281 1697 3338 excussionem
1732 3281 1872 3353 pati,
1919 3296 2107 3353 quam
2139 3280 2249 3335 via:

585 3374 802 3431 ducem
832 3389 896 3430 se
925 3372 1212 3446 praebere,
1255 3375 1359 3427 aut
1415 3370 1617 3427 cibum
1657 3369 2111 3426 subministrare
2138 3368 2246 3441 (h),

584 3463 795 3520 deinde
840 3463 901 3519 in
938 3461 1242 3518 maxillam
1277 3460 1517 3531 injuria,
1543 3476 1677 3532 quae
1714 3460 1974 3515 maximo
2013 3458 2251 3514 ducitur

585 3552 922 3624 opprobrio,
952 3556 1161 3623 postea
1190 3550 1369 3605 vestis
1400 3549 1624 3605 ablatio
1659 3564 1671 3602 :
1705 3547 1798 3604 his
1825 3551 2027 3604 autem
2057 3546 2247 3602 levius

585 3647 674 3700 est
691 3643 952 3699 violenta
974 3639 1216 3696 coactio.
1243 3636 1772 3704 Quemadmodum
1803 3641 2005 3692 autem
2031 3637 2093 3692 in
2121 3636 2252 3691 aliis

584 3730 916 3789 vexationis
942 3727 1249 3798 speciebus
1297 3742 1436 3782 cum
1464 3725 1877 3782 additamento
1909 3724 2106 3781 virtuti
2150 3740 2254 3781 va-

587 3835 724 3877 care
772 3817 942 3889 jussit
1000 3832 1014 3869 :
1074 3817 1159 3872 ita
1215 3819 1272 3871 et
1327 3813 1388 3869 in
1445 3814 1754 3870 coactione
1807 3814 1973 3884 jubet
2019 3814 2253 3870 vincere

586 3906 953 3964 desiderium
979 3905 1130 3975 ejus,
1153 3905 1256 3977 qui
1279 3918 1463 3976 prave
1492 3901 1634 3958 facit
1671 3903 1978 3973 injuriam,
2016 3903 2254 3976 patique

585 3994 848 4068 amplius
897 4008 1086 4065 quam
1128 3992 1224 4049 ille
1269 3991 1465 4050 facere
1506 3990 1768 4048 volebat.
1820 3991 2138 4063 Agnovisti
2193 3990 2255 4046 in

588 4098 840 4156 corpore
857 4081 1086 4154 patibili
1109 4081 1394 4138 insertam
1419 4079 1495 4136 ad
1512 4079 1854 4136 affectiones
1875 4079 2258 4136 immobilita-

589 4177 709 4231 tem
739 4172 767 4228 ’ἰ
799 4169 1194 4227 Considerasti
1224 4169 1560 4240 angelicam
1587 4169 1648 4225 in
1689 4168 2037 4224 hominibus
2066 4168 2256 4224 disse-

586 4262 880 4318 minatam
908 4260 1174 4334 politiam
1206 4260 1234 4315 ?
1265 4261 1394 4315 Non
1424 4259 1846 4330 concupiscere
1891 4258 2052 4314 enim
2077 4258 2256 4329 juxta

587 4349 856 4416 affectus,
907 4365 1104 4422 neque
1160 4347 1492 4406 secundum
1546 4345 2023 4420 perturbationes
2052 4345 2250 4416 irasci,

588 4441 830 4496 caelestis
859 4444 996 4495 sunt
1019 4438 1257 4511 politiae,
1293 4438 1368 4493 de
1393 4437 1610 4510 quibus
1637 4452 1741 4509 per
1769 4436 1930 4492 dicta
1955 4440 2253 4508 prmcepta

583 4529 854 4585 Christus
909 4528 1103 4597 legem
1160 4527 1332 4582 dedit.
1387 4526 1451 4582 In
1505 4541 1576 4582 eo
1639 4525 1803 4598 quod
1859 4525 2035 4595 jussit
2086 4523 2254 4583 fratri

2352 1956 2409 2005 τὸ
2483 1951 2706 2024 ἱμάτιον,
2791 1956 2880 2004 καὶ
2961 1954 3048 2003 τὸν
3114 1959 3319 2022 χιτῶνα
3388 1953 3459 2023 μὴ
3527 1949 3792 2024 κωλύσῃς,
3855 1950 3943 2002 οὐκ

2351 2044 2494 2094 ἐστιν
2538 2039 2913 2110 ἐναντιολογία.
2981 2044 3079 2093 Καὶ
3111 2041 3265 2112 ἄμφω
3320 2042 3421 2113 γὰρ
3472 2041 3539 2091 τὰ
3574 2040 3715 2112 ῥητὰ
3744 2040 3876 2092 εἰπεν
3917 2038 3940 2090 ὀ

2354 2132 2604 2202 Χριστὸς,
2652 2128 2808 2181 ἐκεῖνο
2857 2131 2967 2201 μὶν,
3027 2128 3110 2181 ἐπὶ
3149 2137 3240 2181 τοῦ
3280 2130 3452 2201 ὅρους,
3491 2131 3546 2180 τὸ
3589 2124 3669 2197 δὲ,
3702 2131 3840 2201 παρά
3870 2134 3936 2196 τῷ

2353 2225 2555 2288 Λουκὰ,
2605 2217 2689 2271 ἐπὶ
2731 2222 2891 2270 τόπου
2942 2214 3181 2274 πεδινοῦ.
3211 2223 3274 2271 Τί
3312 2214 3399 2270 οὖν
3433 2221 3671 2289 ;γυμνόν
3728 2215 3806 2270 δεῖ
3856 2233 3932 2269 πε-

2353 2312 2538 2381 ριιέναι
2570 2324 2584 2375 ;
2616 2311 2753 2380 μέγα
2805 2311 2894 2375 μεν
2952 2303 3060 2372 οὖν,
3119 2311 3179 2358 τό
3247 2303 3322 2358 δι’
3379 2305 3619 2378 ὠφέλιιαν
3658 2314 3745 2358 τοῦ
3791 2302 3924 2356 αδελ-

2355 2405 2450 2469 φοῦ
2487 2401 2740 2472 περιιέναι
2761 2400 2954 2468 γυμνόν
2990 2413 3004 2462 ;
3034 2395 3129 2448 οὐκ
3167 2396 3228 2447 ἄν
3271 2392 3331 2448 δε
3357 2395 3424 2456 εἰς
3452 2398 3709 2452 τοσαύτην
3748 2392 3912 2448 ἐκεῖνος

2355 2487 2726 2560 απανθρωπίαν
2755 2484 2939 2558 ἐλάσῃ,
2975 2481 3326 2552 δυσωπθεὶς,
3385 2485 3454 2547 ὡς
3485 2487 3688 2559 εἴρηται,
3715 2485 3789 2539 τὴν
3819 2481 3908 2536 σὴν

2355 2574 2758 2647 μεγαλοψυχίαν
2769 2617 2784 2632 .

2429 2838 2529 2889 Καὶ
2585 2834 2732 2893 ὅστις
2792 2863 2860 2874 —
2921 2829 3037 2888 δύο.
3101 2831 3160 2885 Ὀ
3211 2835 3300 2905 μὶν
3353 2832 3571 2894 παλαιὸς
3622 2838 3773 2904 νόμος
3825 2833 3935 2902 περὶ

2355 2928 2513 2997 μόνου
2542 2923 2634 2974 τοῦ
2675 2921 2962 2997 βαρυτέρου
2998 2918 3169 2984 ιῖδους
3227 2930 3322 2984 τῆς
3350 2927 3626 2982 κακώσεως
3671 2917 3706 2974 δ
3711 2919 3934 2984 ιαλαϐὼν,

2354 3016 2421 3067 τὰ
2471 3012 2665 3084 ἐλαγρὰ
2710 3007 3059 3084 παρέδραμεν·
3112 3014 3137 3063 ὁ
3184 3007 3243 3064 δε
3274 3015 3505 3084 Χριστός
3551 3014 3639 3063 καὶ
3688 3015 3802 3084 περὶ
3827 3011 3934 3062 τού-

2355 3122 2454 3155 των
2481 3100 2864 3174 ἐνομοθέτησεν,
2894 3099 3176 3173 ἀρξάμενος
3216 3103 3306 3172 μὶν
3347 3099 3448 3153 ἀπὸ
3499 3108 3591 3153 τοῦ
3633 3099 3938 3173 βαρυτέρου,

2356 3190 2650 3253 καταλήξας
2709 3187 2768 3242 δε
2833 3189 2904 3252 εἰς
2969 3192 3027 3241 τὸ
3104 3188 3456 3263 ἃαφροτερον.
3513 3190 3805 3263 Βαρύτερον

2356 3282 2458 3354 γὰρ
2513 3287 2610 3330 τῶν
2673 3278 2854 3343 ἄλλων,
2906 3280 2934 3336 ἠ
2992 3285 3083 3330 τοῦ
3137 3277 3403 3350 ὀφθαλμοῦ
3454 3283 3544 3332 καὶ
3597 3286 3689 3330 τοῦ
3739 3275 3939 3338 ὀδόντος

2359 3367 2549 3426 ἇχχοπή
2579 3389 2591 3401 -
2619 3374 2710 3420 τοῦ
2950 3364 3290 3439 ὀδηγοῡντος,
3359 3374 3452 3420 τοῦ
3526 3364 3585 3420 δε
3655 3377 3718 3440 τῇ
3797 3373 3940 3440 τροφῇ

2361 3455 2726 3517 διακονοῦντος
2758 3475 2772 3488 ο
2803 3453 2912 3509 εἶτα
2960 3459 2989 3514 ἠ
3045 3459 3179 3509 κατὰ
3233 3464 3328 3516 τῆς
3384 3461 3624 3528 σιαγόνος
3676 3455 3848 3530 ὕϐρις,
3887 3459 3942 3516 ὡς

2361 3542 2837 3603 ἐπονειδιστοτοὲτη·
2921 3548 3098 3598 ἔπειτα
3139 3548 3168 3604 ἡ
3226 3553 3315 3597 τοῦ
3382 3555 3609 3617 χιτῶνος
3665 3544 3944 3620 ἀφαίρεσις·

2361 3635 2688 3709 ἐλαφρότερον
2738 3632 2797 3687 δε
2856 3638 3072 3701 τούτων,
3125 3636 3153 3690 ἠ
3213 3633 3488 3708 ὰγγαρεία.
3533 3634 3736 3710 Ὠσπερ
3792 3632 3851 3688 δί
3873 3634 3942 3686 ἐπὶ

2360 3734 2459 3778 τῶν
2512 3724 2672 3777 ἄλλων
2730 3721 2881 3778 οἰδῶν
2952 3732 3046 3786 τῆς
3118 3730 3396 3786 κακώσεως
3454 3727 3585 3796 μετὰ
3651 3727 3947 3796 προσθήκης

2362 3814 2648 3886 φιλοσοφεῖν
2705 3813 2979 3866 έκέλιυσιν·
3045 3813 3179 3866 οὕτω
3235 3818 3324 3865 καὶ
3382 3813 3465 3865 ἐπὶ
3503 3821 3593 3873 τῆς
3647 3811 3940 3888 ἁγγαριίας,

2362 3908 2452 3956 καὶ
2482 3901 2765 3975 ὑπιρϐῆναι
2814 3911 2908 3961 τῆν
2965 3898 3151 3954 οἰδικον
3189 3910 3280 3954 τοῦ
3337 3910 3505 3962 κακῶς
3552 3910 3825 3964 ποιοῦντος
3854 3902 3947 3954 ἐπι-

2366 3995 2575 4065 θυμίαν,
2623 3996 2713 4044 καὶ
2753 3990 2904 4044 πλέον
2961 3992 3158 4055 παθιῖν,
3218 3991 3248 4049 ἦ
3293 3989 3474 4052 ἐκεῖνος
3521 3998 3745 4051 ποιῆσαι
3791 3990 3947 4065 βούλι-

2365 4100 2470 4135 ται.
2511 4077 2663 4142 Εἶδες
2714 4078 2762 4132 ἐν
2813 4085 3015 4151 σώματι
3044 4081 3262 4149 παθητῷ
3301 4084 3647 4152 φυτιυομένην
3688 4079 3946 4134 ἀπάθειαν·

2365 4172 2684 4229 κατενόησας
2774 4167 3052 4240 ἀγγελικὴν
3164 4168 3445 4233 πολιτείαν,
3537 4168 3586 4221 ἐν
3673 4167 3952 4242 ἀνθρώποις

2364 4261 2861 4330 κατασπειρομένην.
2930 4261 2999 4311 Τὸ
3060 4259 3162 4331 γὰρ
3229 4261 3297 4329 μὴ
3364 4256 3630 4330 ἔπιθυμεῖν
3691 4257 3946 4331 ill-Tuom,

2364 4343 2504 4418 μηδι
2545 4348 2838 4418 θυμοῦσθαι
2889 4346 2910 4417 [
2970 4349 3109 4399 κατὰ
3159 4346 3270 4418 (82)
3328 4348 3509 4412 πάθος,
3568 4354 3661 4408 τῆς
3723 4347 3951 4423 οὐρανίου

2363 4434 2623 4496 πολιτιίας
2667 4435 2814 4499 εἰσὶν,
2866 4434 2900 4486 ἆ
2957 4431 3052 4488 διὰ
3099 4443 3197 4486 τῶν
3252 4434 3528 4507 ιίρημένων
3595 4434 3820 4488 ἐντολῶν
3861 4436 3950 4488 ἐνο-

2363 4525 2646 4596 μοθέτησεν
2699 4526 2724 4576 ὀ
2777 4528 3002 4596 Χριστός
3156 4525 3237 4578 Ἐν
3295 4527 3385 4595 μὴν
3436 4525 3537 4598 γὰρ
3591 4532 3663 4594 τῷ
3724 4525 3951 4580 κελεῦσαι

584 4621 806 4674 temere
831 4631 950 4671 non
974 4615 1169 4680 irasci,
1202 4629 1396 4687 neque
1427 4614 1540 4686 ipsi
1589 4614 1808 4677 dicere,
1844 4615 2027 4678 [ἰαί-α,
2061 4627 2248 4684 neque

2362 4591 2433 4684 μὴ
2493 4591 2929 4686 ὀργίζεσθαιντῷ
2986 4591 3192 4684 ἀδελφῷ
3252 4591 3384 4678 εἰκῆ,
3441 4591 3580 4684 μηδέ
3618 4591 3784 4685 λέγειν
3830 4615 3952 4683 αὐτῷ

591 4706 826 4764 fatuum
849 4705 1012 4760 hunc
1034 4703 1354 4776 appellare,
1395 4718 1588 4776 neque
1632 4703 1751 4759 Deo
1790 4716 2014 4757 munus
2038 4699 2250 4757 offerre

590 4799 729 4852 ante
758 4793 1294 4850 reconciliationem
1311 4807 1455 4863 erga
1483 4791 1752 4856 fratrem,
1789 4805 1858 4847 ac
1887 4789 2248 4846 benevolum

569 4900 720 4942 .esse
768 4883 1104 4942 adversario
1143 4901 1158 4951 ;
1196 4881 1436 4941 aﬂ‘ectui
1471 4881 1659 4938 animi
1704 4883 1991 4938 commoti
2033 4895 2247 4938 nervos

591 4974 937 5050 amputavit.
998 4975 1062 5032 In
1107 4989 1178 5032 eo
1229 4988 1334 5031 ver
1396 4971 1564 5044 quod
1613 4970 1897 5045 prtecepit
1933 4969 2245 5028 mulierem

676 5155 698 5192 ⁷
727 5155 875 5212 Luc.
899 5153 981 5220 vi,
1013 5156 1105 5210 29.

2360 4705 2533 4768 Ῥακὰ,
2575 4698 2713 4774 μηδι
2765 4701 3034 4774 ὀνομάζειν
3087 4709 3268 4754 τοῦτον
3317 4704 3507 4776 μωρὸν,
3568 4698 3710 4774 μηδὲ
3767 4705 3953 4779 προσά-

2357 4810 2464 4863 γειν
2502 4799 2618 4862 Θεῷ
2672 4794 2731 4844 τὸ
2791 4787 2958 4866 δῶρον
3001 4794 3100 4866 πρὸ
3155 4798 3248 4852 τῆς
3301 4790 3373 4851 ιίς
3429 4790 3539 4862 (83)
3595 4793 3680 4843 τὸν
3748 4789 3952 4865 αδιλφὸν

2360 4876 2671 4951 διαλλαγῆς,
2726 4885 2816 4932 καὶ
2875 4879 3060 4934 εὐνοεῖν
3107 4888 3179 4952 τῷ
3238 4875 3512 4952 ἁντιδῖκῳ,
3567 4881 3634 4932 τὰ
3681 4888 3844 4957 νεῦρα
3877 4884 3952 4934 τοῦ

2360 4967 2626 5043 ἐμπαθοῦς
2676 4967 2885 5042 ἐξέκοψε
2932 4970 3115 5042 θυμοῦ·
3179 4967 3229 5024 ἐν
3287 4963 3347 5022 δε
3392 4976 3467 5042 τῷ
3528 4968 3846 5046 προστάξαι,
3891 4972 3949 5044 μή

1938 5271 2168 5340 Variae
2197 5271 2526 5341 lectiones
2568 5278 2862 5342 etnotae.

813 5421 956 5498 Quae
993 5418 1275 5498 leguntur
1303 5416 1381 5498 ab
1413 5412 1819 5498 ἀδιαφόρωςμᾷ
1847 5416 2018 5469 πάντα
2049 5417 2252 5498 ἱμάτια,

597 5487 1024 5550 θοῊοηιοηὶιιε
1064 5487 1122 5544 in
1171 5487 1441 5559 margine
1481 5487 1572 5544 sui
1609 5487 2163 5560 eodicisrepere'rat
2187 5503 2258 5545 ac

590 5564 877 5635 rejecerat
905 5561 985 5618 ad
1012 5561 1192 5617 ﬁnem
1222 5559 1427 5617 scholii
1457 5565 1591 5632 post
1627 5559 2047 5633 μεγαλοψυχίαν.

2439 5415 2550 5559 Σϐἳ)
2591 5414 2827 5472 Inclusa
2855 5413 3074 5472 omittit
3109 5417 3180 5470 Α.

2459 5487 2552 5558 83)
2597 5486 2895 5552 Usitatius,
2927 5490 3072 5559 πρός.

2459 5486 2552 5558 83)
2597 5486 2895 5552 Usitatius,
2927 5490 3072 5562 πρός.

675 5741 761 5816 (h)
794 5741 986 5812 Quam
1008 5738 1116 5798 vias
1165 5769 1234 5782 --
1259 5737 1902 5798 subsmim'strare.Cum
1926 5736 2023 5794 ille
2049 5734 2305 5809 (oculus)
2334 5734 2468 5794 vita
2498 5733 2626 5793 dux
2649 5733 2745 5803 sit,
2782 5733 2881 5792 hic
2908 5733 3105 5808 (Deus)
3136 5733 3556 5793 alimentorum
3580 5734 3864 5795 minister.
