4170 6476
244 387 355 447 225
1248 381 1624 447 COMMENT.
1669 387 1742 446 IN
1783 382 2235 448 MATTHIEUM.
2274 419 2341 434 --
2383 391 2546 448 CAP.
2595 389 2670 453 V.
3523 397 3631 452 226

256 515 463 588 βλέπειν
504 514 830 577 ἀκολάστοις
879 513 1160 588 ὀφθαλμοῖς
1217 519 1460 586 γυναῖκα,
1507 519 1597 566 καὶ
1648 512 1869 590 ἀπορρί-

1987 515 2210 572 lasciv1s
2240 515 2427 572 oculis
2471 532 2586 573 non
2617 517 2929 590 respicere,
2962 521 3020 574 et
3049 518 3306 590 abjicere
3348 534 3450 576 eos
3505 537 3628 577 eas-

255 604 358 676 ψαι
390 608 476 658 τὸν
505 602 935 668 σκανδαλίζονται
979 609 1071 656 καὶ
1122 607 1217 661 τὴν
1256 599 1734 670 σκανδαλὶζουσαν,
1779 609 1868 656 καὶ

1987 620 2094 676 que
2141 603 2241 676 qui
2288 609 2424 660 sunt
2471 604 2842 672 oﬁ‘endiculo,
2890 621 3084 678 neque
3148 608 3445 680 propriam
3503 610 3630 665 sine

261 699 335 767 μὴ
370 693 608 748 ἀπολύειν
649 694 851 766 ἀλόγως
901 697 990 751 τὴν
1025 689 1166 745 ἰδίαν
1215 700 1457 764 γυναῖκα,
1512 689 1650 764 μηδε
1685 701 1868 764 γαμεῖν

1987 710 2159 750 causa
2181 695 2488 767 repudiare
2519 711 2784 762 uxorem,
2807 711 2994 768 neque
3033 697 3106 752 ab
3143 697 3325 754 altero
3356 699 3631 770 repudia-

263 783 647 857 ἀπολελυμένην
708 783 882 856 ἑτέρῳ,
941 789 1037 843 τῆς
1089 779 1354 853 ἕμπαθοῦς
1419 779 1700 853 ἕπιθυμίας
1762 781 1869 835 ἀνέ-

262 892 432 927 σπασε
457 875 555 934 τὰς
598 874 777 948 ῥίζας.
815 875 916 925 Καὶ
966 869 1119 924 πάλιν
1152 868 1201 921 ἄν
1253 872 1342 940 μὲν
1393 877 1464 940 τῷ
1502 868 1762 939 ἐπιτάξαι,
1794 875 1864 942 μὴ

1975 786 2100 838 tam
2157 783 2406 839 ducere:
2458 786 2792 852 aegrotantis
2848 786 3336 858 concupiscentia;
3398 788 3630 844 radices

1977 871 2212 927 avulsit.
2285 875 2537 928 Rursum
2591 874 2652 928 in
2705 889 2774 928 eo
2801 874 2965 945 quod
3009 875 3189 944 jussit
3231 877 3476 932 omnino
3510 891 3632 933 non

259 960 462 1032 ὀμνύειν
517 961 677 1031 ὅλως,
735 965 830 1019 τὴν
883 963 1002 1034 περὶ
1055 961 1120 1010 τὰ
1170 961 1428 1030 χρήματα
1482 962 1572 1009 καὶ
1627 962 1869 1031 κτήματα

1987 960 2192 1026 iurare,
2244 960 2624 1031 cupiditatem
2655 962 2810 1016 circa
2857 961 3193 1018 affectiones
3235 979 3303 1018 ac
3348 966 3630 1036 pecunias

255 1047 539 1122 ἐπιθυμίαν
586 1049 858 1113 ἰξήλασεν·
907 1048 958 1100 ἐν
996 1043 1056 1100 δε
1087 1054 1161 1117 τῷ
1209 1045 1554 1111 ἕντείλασθαι,
1599 1051 1671 1119 μὴ
1723 1046 1868 1099 ἀνθί-

257 1141 492 1192 στασθαι
515 1148 594 1211 τῷ
627 1145 859 1213 πονηρῷ,
901 1141 992 1189 καὶ
1036 1139 1268 1210 στρέφειν
1298 1138 1390 1188 καὶ
1432 1138 1526 1193 τὴν
1567 1135 1724 1194 ἄλλην
1756 1155 1868 1188 σια-

253 1231 404 1299 γόνα,
436 1232 529 1280 καὶ
572 1226 781 1299 ἀφιέναι
818 1230 909 1278 καὶ
957 1227 1016 1276 τὸ
1074 1225 1298 1296 ἱμάτιον,
1332 1227 1423 1276 καὶ
1479 1224 1692 1296 ὑπάγειν
1721 1224 1872 1296 μίλια

261 1313 388 1382 δύο,
418 1321 509 1369 τὸν
542 1317 612 1377 εἰς
633 1303 1025 1388 τὸάμύνασθαι
1051 1315 1212 1386 θυμὸν
1237 1311 1548 1367 κατίστειλε.

335 1412 423 1476 Τῷ
462 1406 697 1458 αἰτοῦντι
739 1435 812 1448 --
850 1400 1030 1458 δίδου.
1079 1401 1202 1455 Ὀτε
1254 1399 1314 1456 δι
1358 1403 1538 1454 ἰστατο
1575 1399 1659 1452 ἰπὶ
1708 1405 1867 1454 τόπου

270 1491 492 1546 πεδινοῦ
541 1491 836 1560 διδάσκων,
869 1497 1213 1567 φανερώτερον
1269 1488 1422 1559 εἶπεν,
1473 1492 1550 1543 ὅτι
1595 1494 1756 1541 ῐιαντὶ
1795 1496 1868 1559 τῷ

270 1582 510 1635 αἰτοῦντί
559 1602 614 1635 σε
655 1579 831 1650 δίδου,
863 1585 927 1642 ὡς
967 1583 992 1633 ὁ
1049 1586 1258 1640 Λουκᾶς
1308 1578 1523 1651 ἔγραψε.
1556 1577 1756 1631 Κελεύει
1787 1574 1866 1646 δε,

266 1676 340 1745 μὴ
377 1668 652 1746 διακρῖναι
676 1675 762 1723 τόν
791 1670 936 1733 ἄξιον
971 1667 1071 1722 ἀπὸ
1093 1676 1184 1721 τοῦ
1209 1667 1439 1730 ἀναξίου.

339 1760 425 1813 Ἐν
475 1762 584 1832 ὅσῳ
631 1762 733 1833 γὰρ
795 1759 944 1824 αἰτεῖ,
1004 1755 1239 1830 δεόμενός
1285 1756 1447 1827 ἔστιν,
1503 1756 1608 1816 οἶος
1663 1753 1724 1806 ἀν
1779 1759 1868 1808 καὶ

1976 1047 2212 1119 expulit.
2241 1047 2648 1120 Preecipiendo
2681 1065 2819 1106 vero
2851 1065 2968 1105 non
3019 1051 3288 1107 resistere
3337 1053 3518 1121 malo,
3574 1059 3632 1110 et

1977 1135 2154 1191 aliam
2167 1151 2408 1208 quoque
2428 1136 2730 1193 maxillam
2749 1138 3076 1203 obvertere,
3093 1155 3162 1195 ac
3180 1139 3430 1211 pallium
3444 1143 3628 1198 etiam

1975 1225 2288 1295 dimittere,
2320 1225 2556 1297 duoque
2587 1226 2863 1283 milliaria
2905 1229 3101 1285 abire:
3143 1231 3412 1286 animum
3452 1231 3527 1286 ab
3549 1231 3630 1286 ul-

1977 1313 2260 1369 ciscendo
2299 1314 2614 1370 continuit.

2047 1403 2212 1458 Vers.
2240 1405 2330 1458 £2.
2363 1403 2584 1458 Potenti
2613 1432 2679 1445 -
2708 1403 2870 1460 dato.
2906 1406 3158 1470 Quando
3203 1411 3353 1463 certe
3395 1408 3456 1464 in
3501 1407 3632 1466 loco

1975 1491 2288 1562 campestri
2326 1490 2546 1547 docens
2585 1492 2761 1556 stetit,
2821 1492 3188 1550 manifestius
3243 1495 3425 1552 dixit:
3462 1499 3633 1554 Omni

1976 1579 2072 1634 abs
2098 1586 2152 1636 te
2185 1581 2399 1650 petenti
2428 1580 2586 1646 dato,
2631 1581 2810 1636 veluti
2865 1582 3093 1654 scripsit
3153 1586 3335 1639 Lucas
3383 1588 3424 1640 ⁸.
3457 1587 3632 1644 lubet

1976 1673 2176 1725 autem
2207 1683 2325 1723 non
2352 1667 2682 1738 dijudicare
2711 1671 2962 1739 dignum
2993 1671 3070 1726 ab
3110 1672 3368 1741 indigno.

2049 1759 2129 1812 Eo
2154 1757 2313 1812 enim
2360 1757 2523 1828 quod
2568 1758 2731 1830 petit,
2760 1757 3038 1829 indignus
3075 1765 3163 1816 est
3207 1761 3632 1834 qualiscunque

265 1853 367 1908 εἴη.
407 1850 549 1903 Ἐπεὶ
578 1853 668 1901 καὶ
707 1849 734 1899 ὁ
773 1850 905 1908 Θεὸς
961 1849 1134 1899 πάντα
1164 1848 1232 1899 τά
1446 1848 1571 1918 πρὸς
1611 1847 1868 1896 σύστασιν

1987 1844 2070 1900 sit.
2113 1847 2261 1901 Nam
2309 1849 2364 1900 et
2403 1846 2553 1900 Deus
2596 1847 2801 1902 omnia
2844 1848 2920 1902 ad
2968 1848 3104 1902 vitm
3147 1851 3632 1908 sustentationem

263 1944 360 1999 τῆς
417 1939 563 2000 ζωῆς
613 1943 777 1990 πᾶσιν
818 1935 1108 2010 ἀνθρώποις
1161 1937 1345 2006 ὁμοίως
1398 1932 1598 2000 ἀνῆκεν,
1657 1931 1869 2004 ἀγαθοῖς

262 2046 318 2080 τε
354 2031 448 2080 καὶ
471 2032 742 2100 πονηροῖς,
767 2032 979 2086 πιστοῖς
1002 2043 1056 2076 τε
1083 2027 1170 2076 καὶ
1195 2022 1457 2084 ἀπίστοις.

340 2121 442 2170 Καὶ
489 2147 560 2160 -
607 2113 970 2189 ἀποστραφῇς.
1017 2120 1124 2167 Νῦν
1173 2115 1262 2185 μὲν
1318 2108 1458 2184 δίχα
1496 2115 1648 2164 τόκου
1697 2107 1868 2164 δανεί-

271 2205 376 2267 ζειν
431 2203 716 2258 ἐνετείλατο
748 2218 764 2234 ⁶
804 2205 887 2257 ὅτε
943 2199 1024 2270 δι,
1076 2205 1142 2264 ὡς
1189 2205 1395 2275 ἔφαμεν,
1446 2197 1728 2253 ἐδίδασκεν
1786 2199 1869 2251 ἆπὶ

272 2299 432 2348 τόπου
498 2290 736 2360 πεδινοῦ,
810 2292 1115 2365 προσέταξε,
1170 2287 1308 2364 μηδε
1384 2294 1440 2343 τὸ
1512 2287 1869 2362 δανειζόμενον

272 2381 530 2436 ἀπαιτεῖν.
585 2383 704 2435 Ἐὰν
752 2384 854 2454 γὰρ
901 2378 1192 2447 δανείζητε,
1243 2383 1392 2453 φησὶ,
1443 2380 1566 2452 παρ’
1615 2380 1681 2430 ὧν
1734 2378 1870 2431 ἕλπί⁴

271 2473 386 2533 ζετε
439 2470 740 2538 ἀπολαϐεῖν,
807 2475 934 2522 ποία
979 2471 1100 2543 ὑμῖν
1147 2472 1306 2542 χάρις
1359 2467 1542 2536 ἄστίνς
1598 2468 1680 2530 Ὡς
1742 2465 1871 2521 εἶναι

267 2565 329 2614 τὸ
392 2564 485 2634 μὶν
560 2563 688 2636 πρὸς
751 2559 1131 2632 ἀτελεστίρους,
1191 2561 1248 2612 τὸ
1317 2555 1376 2612 δε
1439 2561 1566 2632 πρὸς
1630 2557 1868 2611 τελειοτέ-

267 2669 362 2725 ρου
372 2669 415 2712 ς.

346 2828 635 2881 Ἠκούσατε
691 2858 760 2868 -
813 2827 968 2900 ὑμᾶς.
1046 2828 1449 2902 Καταμαράνας,
1508 2829 1577 2888 ὡς
1644 2828 1867 2899 εῖρηται,

271 2918 364 2968 τὸν
409 2917 567 2990 θυμὸν
619 2922 708 2970 καὶ
759 2921 854 2976 τὴν
897 2915 1200 2989 ἐπιθυμίαν,
1252 2921 1344 2968 καὶ
1395 2919 1585 2976 παντὸς
1633 2918 1870 2968 τοιούτου

275 3005 478 3067 πάθους
531 3005 828 3070 ἀπαλλάξας
881 3009 970 3058 τὸν
1032 3007 1353 3077 πειθόμενον,
1409 3004 1584 3058 λοιπὸν
1641 3003 1871 3058 ίκελευσε

275 3097 369 3145 καὶ
437 3094 731 3167 εὐεργετεῖν,
803 3094 852 3148 ἕν
912 3103 986 3165 τῷ
1046 3090 1260 3147 διδόναι
1328 3101 1438 3154 τοῖς
1501 3093 1729 3158 αἰτοῦσι,
1779 3097 1869 3146 καὶ

278 3178 532 3244 δανείζειν
586 3192 692 3247 τοῖς
756 3188 1079 3259 χρῄζουσινο
1138 3179 1269 3250 εἶτα,
1334 3187 1546 3257 προῖὼν,
1611 3181 1869 3254 ἀνήγαγεν

265 3271 340 3331 εἷς
401 3278 499 3333 την
554 3275 718 3347 ἄκραν
793 3271 995 3348 ἀρετήν.
1068 3276 1296 3346 Κορωνὶς
1363 3275 1465 3345 γὰρ
1524 3275 1614 3323 καὶ
1667 3273 1865 3344 κορυφὴ

265 3362 459 3423 πάσης
485 3360 690 3436 ἀρετῆς,
721 3364 780 3412 τὸ
809 3360 1013 3433 ἀγαπᾷν
1036 3365 1151 3422 τοὺς
1183 3361 1429 3434 ἐχθροὺς,
1472 3365 1563 3412 καὶ
1612 3361 1679 3412 τὰ
1735 3359 1865 3421 ἑξῆς.

277 3448 525 3521 Ἀγαπᾴν
555 3448 614 3502 δε
645 3450 851 3519 αὐτοὺς,
901 3449 960 3502 οὐ
1005 3451 1132 3502 καθὸ
1163 3450 1292 3502 εἰσιν
1321 3448 1526 3525 ἐχθροὶ,
1571 3448 1699 3500 ἀλλὰ
1741 3450 1870 3500 καθό

284 3536 418 3590 εἰσιν
471 3540 752 3612 ἄνθρωποι.
813 3543 908 3592 Καὶ
979 3543 1049 3611 μὴ
1113 3544 1262 3611 μόνον
1319 3537 1546 3610 ἀγαπᾷν,
1600 3537 1729 3590 ἀλλά
1781 3542 1872 3590 καὶ

281 3628 689 3703 ὑπερεύχεσθαι.
751 3635 834 3700 Τῷ
900 3625 960 3682 δὲ
1034 3627 1239 3700 ἀγαπᾷν
1308 3633 1424 3689 τοὺς
1480 3627 1700 3702 ἐχθροὺς
1762 3627 1872 3680 ἕπεο

277 3736 365 3770 ται
394 3717 507 3792 (85)
545 3723 634 3771 καὶ
665 3717 844 3784 τᾶλλα,
887 3717 1016 3790 λέγω
1055 3714 1123 3776 δὴ
1152 3723 1210 3770 τὸ
1237 3718 1458 3786 εὐλογεῖν
1497 3721 1615 3778 τοὺς
1641 3735 1875 3792 καταρω-

274 3810 474 3879 μένους,
519 3811 608 3860 καὶ
646 3807 815 3870 καλῶς
841 3814 1006 3860 ποιεῖν
1045 3815 1152 3870 τοῖς
1183 3815 1424 3880 μισοῦσι,
1471 3811 1561 3860 καὶ
1618 3807 1872 3879 εύχεσθαι

274 3897 402 3970 ὑπερ
445 3904 545 3948 τῶν
590 3895 992 3971 ἐπηρεαζόντων.
1024 3903 1203 3949 Ταῦτα
1234 3899 1334 3969 γὰρ
1385 3898 1416 3954 ἠ
1463 3895 1629 3949 τελεία

272 3987 460 4038 Σκόπει
490 3982 550 4038 δε
576 3991 666 4038 καὶ
704 3989 763 4038 τὸ
793 3985 1011 4038 ἔπαθλον
1045 3993 1141 4048 τῆς
1178 3985 1497 4048 τηλικαύτης
1520 3985 1636 4058 (86)
1662 3983 1867 4059 ἀρετῆς,

273 4077 344 4136 ὡς
412 4077 684 4146 μέγιστον.
756 4075 896 4128 Ἐπεὶ
969 4076 1071 4150 γὰρ
1140 4078 1196 4126 τὸ
1259 4081 1490 4127 τοιοῦτον
1559 4075 1873 4148 κατόρθωμά

269 4163 452 4237 μεῖζον
482 4164 542 4222 ἦν
572 4167 785 4231 παντὸς,
829 4165 1042 4222 τίθησιν
1091 4163 1231 4234 αύτῷ
1277 4168 1367 4216 καὶ
1403 4166 1490 4216 τὸν
1520 4163 1638 4235 (87)
1681 4163 1872 4235 μισθὸν

267 4253 489 4328 μείζονα
511 4257 722 4316 παντός.
748 4256 888 4308 Φπσὶ
907 4253 1029 4326 γάρ’

339 4429 520 4491 Ὅπως
593 4463 660 4472 --
717 4427 955 4493 ἀδίκους.
1015 4434 1194 4503 Πατὴρ
1260 4432 1349 4502 μὲν
1423 4437 1524 4482 τῶν
1593 4428 1871 4506 ἀνθρώπων

273 4523 418 4574 εστὶν
448 4521 474 4572 ὀ
506 4523 656 4587 Θεὸς,
709 4522 780 4581 ὡς
831 4523 1058 4581 ποιητὴς
1107 4519 1276 4571 αὐτῶν
1309 4536 1320 4548 ³
1365 4523 1593 4594 πατέρας
1632 4523 1734 4592 γὰρ
1791 4518 1871 4571 λί-

275 4627 433 4682 γομεν
489 4614 580 4662 καὶ
633 4613 749 4670 τοὺς
799 4611 960 4684 ἔργων
1008 4615 1156 4661 τινῶν
1208 4609 1428 4669 ποιητάς
1459 4626 1472 4637 ·
1523 4611 1598 4662 ἔτι
1651 4605 1710 4661 δε
1761 4611 1870 4674 καὶ,

277 4701 348 4761 ὡς
401 4694 643 4771 κηδεμὼν
691 4701 782 4750 καὶ
837 4701 1122 4770 προνοητής
1173 4696 1337 4750 αὐτῶν
1379 4714 1392 4728 ·
1430 4694 1568 4750 ἴδιον
1620 4699 1722 4770 γὰρ
1769 4717 1872 4750 πα-

271 4791 395 4864 τρὸς
439 4784 705 4846 κήδεσθαι
757 4791 848 4839 καὶ
902 4787 1237 4860 προνοεῖσθαι
1266 4792 1358 4840 τοῦ
1409 4785 1599 4839 οἰκείου
1645 4782 1863 4848 παιδὸς.

268 4879 389 4931 Υἱοὶ
439 4874 498 4929 δε
526 4884 619 4929 τοῦ
668 4884 802 4930 Θεοῦ
839 4880 1069 4947 γίνονται
1117 4878 1166 4928 οἰ
1222 4877 1552 4949 ὁμοιούμενοι
1611 4875 1750 4948 αύτῷ
1799 4871 1873 4927 δι’

266 4965 480 5040 ἀρετῆς,
511 4968 736 5020 καθόσον
781 4964 918 5019 ἐστὶν
958 4963 1210 5040 ἀνθρώπῳ
1261 4962 1501 5019 δυνατόν.
1562 4961 1723 5022 ’Ἱδιον
1769 4966 1871 5040 γὰρ

261 5057 392 5111 υἱοῦ
442 5057 756 5130 ὁμοιοῦσθαι
821 5063 893 5128 τῷ
970 5055 1142 5129 οἰκείῳ
1214 5060 1396 5130 πατρί.
1460 5061 1664 5128 Ὅπως,
1717 5058 1868 5128 φησὶ,

341 5235 364 5272 ⁸
391 5235 532 5293 Luc.
564 5249 640 5302 vr,
679 5236 768 5292 30.
844 5230 1032 5291 'Luc.
1067 5247 1145 5305 Vl,
1181 5233 1278 5292 34.

1977 1933 2273 2005 inqualiter
2319 1934 2598 1989 omnibus
2645 1934 2893 1991 contulit
2945 1936 3296 2005 hominibus,
3361 1939 3529 1996 bonis
3578 1945 3635 1996 et

1977 2021 2173 2089 malis,
2201 2021 2478 2077 ﬁdelibus
2517 2027 2572 2078 et
2600 2023 2957 2079 inﬁdelibus.

2049 2110 2210 2166 Vers.
2238 2114 2326 2165 42.
2360 2111 2442 2166 Et
2480 2142 2548 2152 —
2575 2117 2879 2170 averseris.
2937 2116 3104 2170 Nunc
3133 2115 3375 2188 quidem
3409 2118 3633 2190 absque

1982 2198 2206 2255 faenore
2234 2201 2729 2270 mutuarejussit:
2772 2202 3018 2273 quando
3067 2208 3272 2269 autem,
3306 2205 3460 2261 sicut
3483 2206 3630 2261 dixi-

1978 2305 2134 2352 mus,
2167 2289 2228 2343 in
2267 2287 2397 2344 loco
2441 2291 2756 2361 campestri
2809 2290 3077 2359 docebat,
3123 2292 3306 2362 jussit
3357 2309 3548 2366 neque
3576 2295 3634 2350 id

1979 2376 2140 2450 quod
2197 2380 2536 2432 mutuatum
2585 2382 2672 2432 est
2715 2383 2997 2450 repetere.
3053 2381 3110 2437 Si
3161 2381 3342 2452 enim,
3420 2381 3632 2453 inquit,

1980 2470 2259 2521 mutuum
2320 2464 2596 2521 dederitis
2645 2466 2733 2521 his
2793 2481 2828 2523 a
2869 2467 3089 2539 quibus
3149 2484 3252 2524 vos
3295 2477 3636 2542 recepturos

1981 2555 2249 2627 speratis,
2282 2570 2418 2627 qua
2444 2555 2614 2611 vobis
2648 2562 2734 2612 est
2763 2557 2955 2625 gratia
2986 2560 3006 2593 ⁹
3039 2557 3066 2611 τ
3099 2558 3213 2613 Sed
3247 2557 3362 2614 hoc
3387 2560 3635 2632 quidem

1980 2643 2059 2700 ad
2116 2641 2583 2716 imperfectiores
2632 2644 2901 2716 dirigitur
2947 2645 3130 2712 ;illud
3160 2661 3299 2703 vero
3354 2651 3521 2704 Lucae
3563 2651 3636 2706 ad

1979 2731 2373 2804 perfectiores.

2050 2820 2213 2876 Vers.
2264 2821 2352 2877 43.
2383 2821 2670 2877 Audistis.
2711 2851 2783 2864 —-
2810 2824 2966 2879 Vers.
3009 2823 3098 2879 44.
3141 2839 3257 2880 eos.
3291 2824 3636 2898 Postquam,

1979 2914 2044 2965 ut
2072 2908 2296 2965 dictum
2323 2915 2432 2976 est,
2466 2910 2616 2965 iram
2645 2925 2714 2968 ac
2752 2911 3295 2983 concupiscentiam
3356 2915 3638 2986 exstirpa-

1979 2997 2076 3063 vit,
2111 2998 2394 3070 omnique
2423 2997 2598 3054 simili
2621 2998 2830 3055 affectu
2862 2999 2976 3055 sibi
3027 3000 3370 3057 obedientes
3423 3002 3636 3060 libera-

1976 3086 2078 3149 vit,
2110 3085 2392 3159 deinceps
2421 3087 2600 3143 etiam
2647 3087 2986 3144 benefacere
3023 3089 3208 3159 jubet,
3241 3090 3442 3147 dando
3473 3092 3635 3148 vide-

1899 3215 1940 3273 Ο
1975 3174 2109 3232 licet
2129 3176 2486 3273 petentibus,
2505 3192 2575 3232 ac
2605 3177 2938 3233 mutuando
2965 3178 3379 3273 indigentibus.
3417 3181 3636 3238 Deinde

1977 3263 2373 3337 procedendo,
2401 3264 2479 3320 ad
2511 3270 2837 3321 extremam
2870 3266 3144 3338 perduxit
3174 3269 3468 3324 virtutem.
3503 3272 3640 3326 0m-

1977 3354 2067 3408 nis
2095 3353 2256 3409 enim
2313 3353 2541 3409 virtutis
2584 3354 2816 3408 coronis
2847 3369 2916 3408 ac
2957 3360 3156 3410 vertex
3210 3361 3314 3420 est,
3359 3356 3638 3414 inimicos

1979 3457 2202 3508 amare,
2230 3445 2284 3497 et
2311 3446 2517 3498 caetera
2545 3457 2680 3514 quae
2711 3448 3052 3514 sequuntur.
3087 3446 3322 3509 Amare,
3367 3445 3635 3517 inquam,

1979 3531 2162 3603 ipsos,
2177 3547 2289 3586 non
2321 3535 2608 3602 quatenus
2642 3530 2858 3586 inimici
2893 3534 3053 3598 sunt,
3071 3533 3173 3586 sed
3203 3538 3499 3604 quatenus
3531 3535 3634 3590 lio-

1980 3621 2191 3677 mines.
2217 3623 2331 3676 Nec
2347 3621 2542 3677 solum
2555 3635 2776 3689 amare,
2791 3621 2895 3676 sed
2909 3626 2967 3676 et
2978 3635 3086 3692 pro
3100 3622 3181 3677 eis
3198 3623 3531 3679 obsecrare.
3554 3626 3638 3679 Ad

1981 3726 2250 3767 amorem
2276 3715 2472 3766 autem
2505 3710 2885 3766 inimicorum
2915 3716 3363 3783 consequuntur
3395 3719 3452 3768 et
3479 3712 3598 3770 alia
3626 3729 3637 3768 :

1979 3800 2111 3856 dico
2136 3814 2299 3868 sane,
2339 3799 2492 3855 bene
2521 3799 2744 3871 precari
2782 3798 3229 3867 devoventibus,
3283 3817 3353 3857 ac
3402 3801 3642 3860 benefa-

1980 3904 2112 3944 cere
2164 3888 2256 3945 his
2303 3889 2406 3960 qui
2450 3889 2715 3953 oderunt,
2774 3893 2831 3944 et
2881 3903 3047 3945 orare
3101 3905 3212 3961 pro
3267 3890 3634 3948 laedentibus.

1980 3980 2131 4034 Nam
2182 3977 2308 4033 hinc
2377 3976 2652 4050 perfectio
2714 3981 2846 4032 sunt
2895 3976 3248 4034 dilectionis.
3323 3980 3642 4037 Considera

1979 4084 2122 4125 vero
2153 4073 2210 4124 et
2258 4067 2574 4140 praemium
2620 4067 2968 4138 hujusmodi
3014 4068 3264 4124 virtutis.
3299 4069 3452 4134 Quia
3483 4070 3641 4126 enim

1980 4160 2102 4213 tam
2150 4156 2503 4229 praeclarum
2561 4155 2796 4212 facinus
2857 4157 3025 4212 omni
3066 4157 3180 4212 alio
3240 4159 3440 4228 majus
3495 4167 3640 4228 erat,

1980 4247 2297 4318 praemium
2334 4261 2574 4318 quoque
2603 4245 2770 4302 omni
2810 4245 3010 4317 majus
3066 4245 3172 4316 ipsi
3224 4247 3516 4317 rependit.
3550 4248 3644 4305 Ait

1981 4350 2144 4391 emm
2180 4352 2192 4390 Ξ

2054 4423 2214 4480 Vers.
2246 4425 2334 4479 45.
2390 4423 2464 4480 Ut
2511 4453 2582 4466 —
2632 4425 2899 4493 injustas.
2955 4421 3124 4478 Pater
3173 4421 3421 4494 quidem
3447 4422 3642 4479 homi-

1981 4530 2129 4571 num
2158 4513 2312 4568 Deus
2359 4516 2446 4569 cst
2491 4517 2780 4584 tanquam
2826 4512 3158 4584 plasmator
3219 4527 3428 4568 eorum
3478 4512 3645 4584 (nam

1981 4609 2180 4676 patres
2210 4616 2452 4675 quoque
2482 4601 2738 4657 dicimus
2775 4617 3018 4674 operum
3048 4602 3388 4674 aliquorum
3412 4607 3642 4675 poetas,

1982 4693 2095 4750 hoc
2141 4697 2230 4749 est
2282 4690 2631 4762 effectores),
2677 4698 2968 4763 tanquam
3027 4691 3204 4748 etiam
3259 4692 3528 4763 provisor
3579 4710 3646 4750 ac

1981 4785 2334 4856 procurator
2353 4781 2626 4852 ipsorum
2651 4797 2664 4832 :
2699 4780 2885 4852 patris
2912 4779 3205 4850 siquidem
3235 4782 3527 4854 proprium
3559 4786 3647 4840 et

1981 4872 2103 4927 ﬁlio
2144 4886 2253 4927 suo
2287 4869 2601 4943 providere
2636 4885 2705 4925 ac
2759 4884 3091 4947 procurare.
3139 4869 3264 4925 Filii
3313 4875 3512 4928 autem
3544 4871 3646 4927 Dei

1980 4961 2152 5029 ﬁunt,
2207 4959 2311 5033 qui
2359 4974 2465 5032 per
2505 4959 2782 5016 virtutem
2839 4957 3061 5014 similes
3120 4958 3234 5031 ipsi
3293 4959 3641 5030 efﬁciuntur,

1979 5053 2277 5126 quantum
2301 5054 2389 5107 est
2415 5049 2637 5108 homini
2674 5047 2958 5123 possibile
2989 5067 3004 5119 ;
3033 5063 3178 5107 nam
3210 5045 3646 5122 ﬁliiproprium

1497 5352 1716 5427 Variae
1743 5350 2070 5424 lectiones
2102 5364 2169 5423 et
2199 5363 2401 5423 notae.

370 5554 460 5629 84)
501 5555 585 5624 τά,
617 5542 837 5613 omittit
867 5555 939 5612 Α.
979 5568 1120 5610 mox
1157 5549 1323 5609 deest
1349 5567 1592 5627 quoque
1619 5559 1738 5615 τῆς.

346 5553 465 5700 ἓὸὅ)
497 5627 749 5700 correxi,
783 5629 974 5693 ἕπεται,
1009 5641 1113 5697 pro
1162 5627 1356 5680 ἔπειτα.
1389 5628 1539 5684 Nam
1578 5629 1634 5682 et
1662 5623 1738 5680 He

373 5623 465 5697 85)
497 5627 749 5694 Correxi,
783 5629 974 5693 ἕπεται,
1009 5641 1113 5697 pro
1162 5623 1539 5684 insi-rquar'n
1578 5629 1634 5682 et
1662 5623 1877 5680 ﬂente-

267 5699 414 5762 nius
437 5699 640 5770 habet,
672 5703 1130 5772 consequuntur.

2058 5546 2175 5696 E863
2199 5549 2446 5612 τοιαύτης
2469 5548 2544 5608 Α.
2613 5549 2618 5555 ’

2084 5623 2148 5676 87
2202 5624 2289 5675 τὸν
2319 5622 2488 5680 abest
2510 5623 2580 5680 Α.

2084 5622 2175 5680 87)
2202 5624 2289 5675 τὸν
2319 5622 2488 5680 abest
2510 5623 2580 5680 Α.
