4170 6504
518 371 622 424 227

1833 354 2182 417 EUTHYMII
2220 353 2555 414 ZIGABENI

3867 358 3995 414 228

520 497 627 561 est,
658 509 763 548 suo
792 490 1106 548 assimilari
1131 488 1308 562 patri.
1356 489 1425 543 Ut
1447 486 1593 549 sitis,
1627 484 1833 556 inquit,
1869 482 1969 537 ﬁlii
2023 480 2122 536 Dei
2153 495 2167 537 :

2291 484 2499 552 γένησθε
2537 485 2641 535 υἱοὶ
2666 490 2757 536 τοῦ
2787 491 2942 551 Θεοῦ,
2990 485 3048 537 οὐ
3096 486 3266 558 φύσει,
3318 484 3425 536 ἀλλ’
3464 485 3808 549 ὁμοιώσει,
3882 480 3991 539 διὰ

523 598 644 638 non
672 585 903 643 natura,
927 579 1029 634 sed
1058 576 1457 639 similitudine.
1484 572 1746 629 amando
1776 570 2046 626 videlicet
2064 570 2171 625 ini-

521 672 707 726 micos
756 672 1023 724 vestros:
1073 667 1218 739 quia
1265 672 1319 720 et
1366 664 1459 720 ille
1497 679 1533 718 a
1588 661 1759 717 malis
1808 676 1879 714 ac
1929 658 2165 730 iniquis,

520 758 903 830 blasphemiis
937 762 1222 827 tanquam
1251 752 1466 825 jaculis
1496 751 1741 823 petitus,
1768 754 1823 804 et
1869 753 2174 804 contume-

518 848 599 903 lia
623 846 889 910 affectus,
933 844 1298 916 proprioque
1342 841 1572 897 honore
1628 838 1910 910 privatus,
1970 841 2169 891 tamen

520 935 600 990 ob
653 948 933 995 amorem,
987 946 1110 1002 quo
1162 945 1264 985 eos
1314 927 1713 1000 prosequitur,
1770 923 1955 978 solem
1996 936 2172 977 suum

520 1022 659 1079 oriri
714 1021 852 1077 facit
886 1035 1068 1091 super
1119 1018 1313 1073 malos
1363 1032 1434 1071 ac
1476 1014 1680 1077 bonos,
1726 1016 1783 1068 et
1825 1011 1976 1082 pluit
2005 1024 2177 1081 super

518 1111 712 1183 iustos
750 1124 821 1165 ac
865 1109 1142 1179 injustos.
1176 1110 1248 1159 At
1293 1111 1354 1160 tu
1390 1103 1637 1175 quidem
1668 1116 1703 1155 a
1734 1099 2040 1155 conservis
2071 1112 2178 1169 pa-

522 1198 691 1255 teris:
744 1196 839 1251 ille
884 1211 1022 1251 vero
1073 1212 1106 1249 a
1159 1193 1372 1249 servis.
1448 1193 1513 1246 Et
1547 1195 1609 1245 tu
1666 1203 1811 1245 sane
1864 1202 2055 1256 pauca
2106 1200 2176 1240 ac

521 1286 760 1343 modica
780 1286 863 1340 eis
921 1282 1235 1356 prastabis
1291 1281 1487 1336 bona:
1538 1278 1632 1334 ille
1668 1281 1867 1333 autem
1918 1274 2178 1346 plurima

524 1391 589 1431 ac
644 1374 948 1439 maxima;
1000 1377 1057 1427 et
1100 1376 1299 1427 tamen
1337 1367 1543 1425 tribuit
1598 1367 1701 1422 tibi
1758 1371 1822 1421 ut
1878 1364 1953 1420 ob
2005 1363 2176 1418 talem

521 1462 912 1519 imitationem
954 1460 1069 1532 ipsi
1110 1457 1318 1514 similis
1361 1455 1660 1520 efﬁciaris,
1718 1454 1962 1526 ejusque
2016 1450 2174 1506 filius

524 1548 879 1607 nomineris.

599 1641 703 1695 Per
761 1638 938 1693 solem
990 1651 1135 1692 sane
1184 1651 1251 1691 ac
1292 1632 1552 1705 pluviam
1618 1632 1818 1687 omnia
1872 1628 1949 1685 ad
1991 1628 2177 1683 vitam

526 1726 935 1785 convenientia
966 1724 1315 1794 significavit
1350 1738 1363 1788 ;
1395 1721 1487 1777 his
1522 1719 1679 1776 enim
1712 1718 1917 1775 omnia
1947 1733 1979 1772 e
2029 1722 2177 1772 terra

2280 576 2372 622 τοῦ
2420 568 2625 641 ἀγαπᾷν
2679 576 2801 635 τοὺς
2868 572 3093 648 ἐχθροὺς
3153 576 3313 645 ὑμῶν.
3375 574 3633 646 Ἐπείπερ
3712 573 3983 639 ἐκεῖνος,

2281 660 2380 710 ὑπὸ
2432 668 2532 710 τῶν
2570 670 2804 735 πονηρῶν
2834 668 2919 713 καὶ
2952 672 3048 714 τῶν
3088 665 3202 733 (87)
3254 658 3449 714 ἀδίκων
3491 661 3977 735 βλασφημίαις,

2282 746 2353 807 ὡς
2414 746 2612 819 βελεσι,
2668 748 2999 821 βαλλόμενος,
3059 756 3148 803 καὶ
3226 750 3586 823 ὑϐριζόμενος,
3672 756 3801 803 καὶ
3877 761 3982 812 τῆς

2284 835 2478 898 οἰκείας
2526 845 2687 908 τιμῆς
2734 836 3194 912 ἀποστερούμενος,
3236 842 3375 910 ὅμως
3425 837 3660 910 ἀγαπῶν
3706 841 3972 906 αὐτοὺς,

2285 921 2542 977 ἀνατέλλει
2584 929 2671 977 τὸν
2716 926 2857 985 ἣλιον
2907 928 3066 979 αὐτοῦ
3114 927 3197 979 ἐπὶ
3227 931 3483 999 πονηροὺς
3512 932 3599 979 καὶ
3646 927 3969 1000 ἀγαθοὺς,

2284 1017 2373 1064 καὶ
2403 1011 2592 1085 βρέχει
2641 1014 2822 1075 ἐπίσης
2871 1016 2949 1068 ἐπὶ
3005 1013 3247 1076 δικαίους
3292 1022 3380 1068 καὶ
3430 1012 3669 1078 ἀδίκους
3712 1059 3729 1072 .
3782 1019 3974 1070 Ἀλλά

2288 1104 2354 1153 σὺ
2407 1105 2500 1172 μεν
2545 1106 2688 1176 παρὰ
2740 1114 2840 1156 τῶν
2892 1102 3189 1178 ὁμοδούλων
3236 1107 3462 1176 πάσχεις
3512 1114 3739 1167 κακῶς
3818 1111 3971 1162 bui-

2285 1209 2365 1250 νος
2424 1188 2502 1255 δε,
2556 1195 2700 1264 παρὰ
2750 1201 2847 1245 τῶν
2902 1191 3120 1249 δούλων.
3179 1199 3279 1247 Καὶ
3334 1198 3399 1245 σὺ
3460 1198 3549 1266 μεν
3600 1194 3805 1267 ὀλίγα
3864 1202 3969 1249 καὶ

2286 1280 2451 1351 μικρὰ
2502 1284 2710 1341 τούτους
2761 1281 3131 1355 εὐεργετήσας
3201 1282 3389 1343 ἐκεῖνος
3454 1280 3513 1335 δε
3578 1285 3791 1339 πολλὰ
3858 1293 3963 1339 καὶ

2286 1368 2504 1439 μεγάλα.
2560 1375 2660 1423 Καὶ
2712 1372 2851 1442 ὅμως
2885 1368 3083 1423 δίδωσί
3116 1390 3200 1424 σοι
3235 1374 3409 1444 ὅμοιον
3439 1372 3554 1442 (88)
3598 1373 3783 1445 αὐτῷ
3845 1372 3956 1428 διὰ

2286 1464 2382 1517 τῆς
2449 1461 2697 1520 τοιαύτης
2751 1466 3020 1532 μιμήσεως
3085 1462 3348 1531 γενέσθαι,
3401 1466 3491 1513 καὶ
3549 1464 3670 1513 υἱὸν
3764 1464 3953 1518 αὑτοῦ

2288 1544 2658 1617 ὀνομάζεσθαι.

2362 1636 2455 1688 Διὰ
2507 1640 2681 1707 μέντοι
2736 1645 2829 1689 τοῦ
2884 1637 3032 1696 ἡλίου
3083 1642 3172 1689 καὶ
3223 1646 3315 1698 τῆς
3365 1637 3573 1711 βροχῆς
3610 1643 3820 1695 πάντα
3872 1645 3943 1696 τά

2287 1727 2412 1795 πρὸς
2441 1724 2580 1783 ζωὴν
2612 1722 2888 1783 ἐπιτήδεια
2914 1722 3200 1783 δεδήλωκε.
3233 1730 3325 1778 Διὰ
3366 1730 3559 1779 τούτων
3738 1734 3940 1783 πάντα

523 1820 903 1888 generantur,
953 1814 1304 1877 nutriuntur,
1354 1815 1666 1881 augentur,
1738 1823 1808 1863 ac
1868 1806 2179 1877 perﬁciun-

2291 1814 2355 1863 τὰ
2383 1810 2438 1864 ἐκ
2471 1820 2573 1883 γῆς
2596 1822 2891 1884 γεννῶνται,
2919 1820 3007 1867 καὶ
3037 1819 3328 1888 τρέφονται,
3373 1820 3462 1868 καὶ
3500 1816 3792 1884 αὔξονται,
3832 1824 3932 1872 καί

523 1914 636 1961 tur.

596 1999 793 2052 Potest
822 2008 1059 2066 quoque
1089 1997 1148 2047 et
1194 1990 1307 2046 alio
1350 1988 1531 2045 modo
1587 1987 1752 2042 dici:
1797 1988 1863 2042 Ut
1916 1984 2043 2041 sitis
2077 1984 2180 2040 filii

527 2085 650 2149 Dei,
676 2081 982 2140 assimilati
1023 2079 1291 2136 videlicet
1316 2079 1457 2134 Filio
1497 2078 1647 2148 ejus,
1685 2076 1787 2148 qui
1836 2076 2181 2129 innumeras

529 2173 610 2230 ab
648 2171 904 2228 inimicis
955 2170 1073 2225 suis
1123 2184 1343 2239 passus
1386 2166 1659 2236 iniurias,
1704 2165 1869 2235 ipsos
1911 2162 2176 2225 amabat,

533 2267 589 2317 et
632 2259 919 2317 beneﬁcia
942 2274 1044 2314 eos
1081 2256 1355 2312 docendo
1389 2270 1458 2310 ac
1490 2251 1762 2308 sanando
1793 2249 2179 2319 conferebat;

530 2350 871 2421 linguarum
906 2348 1133 2416 sagittis
1162 2346 1398 2417 petitus,
1430 2348 1487 2399 et
1507 2341 1751 2398 tandem
1772 2340 1852 2396 ab
1882 2340 1965 2395 eis
1997 2340 2182 2395 cruci-

525 2440 687 2496 ﬁxus
724 2454 832 2510 pro
884 2437 969 2492 eis
1019 2434 1227 2490 orabat
1256 2433 1461 2487 dicens
1495 2447 1507 2485 :
1540 2430 1731 2493 Pater,
1776 2428 1996 2483 dimitte
2039 2427 2179 2490 illis,

523 2528 801 2584 nonenim
818 2525 1016 2581 sciunt
1038 2523 1179 2593 quid
1196 2521 1424 2591 faciunt
1444 2522 1511 2572 ¹⁰.
1538 2518 1673 2572 Vult
1697 2517 1895 2588 itaque
1918 2516 2183 2572 Christus

526 2616 733 2673 amicis
753 2622 806 2670 te
831 2609 1203 2668 reconciliari
1225 2626 1236 2663 :
1253 2609 1296 2663 Α
1310 2609 1386 2672 bi,
1410 2606 1784 2678 inquitmrius
1804 2604 2183 2661 reconciliare

522 2705 706 2775 fratri
747 2710 849 2758 tuo
884 2718 898 2763 ;
930 2699 1203 2755 inimicos
1250 2712 1391 2753 vero
1422 2695 1595 2766 jubet
1642 2693 1905 2763 diligere,
1954 2709 2023 2749 ac
2078 2708 2182 2764 pro

526 2795 612 2852 eis
637 2808 829 2856 orare,
854 2795 918 2846 ut
945 2788 1299 2863 praedictum
1326 2791 1435 2843 est.

598 2884 772 2939 Vers.
803 2884 891 2936 46.
913 2879 972 2935 Si
990 2878 1144 2934 enim
1174 2907 1223 2917 --
1252 2878 1327 2933 V.
1353 2876 1441 2931 4⁸1.
1465 2875 1728 2945 faciunt.
1750 2877 1874 2931 Non
1898 2876 1987 2929 est
2004 2874 2181 2928 virtus

526 2974 833 3029 amantem
856 2983 917 3022 se
940 2965 1275 3029 redamare,
1312 2963 1415 3019 sed
1447 2968 1669 3019 niturie
1690 2967 2177 3018 consentaneum.

526 3060 665 3115 Nam
706 3064 765 3113 et
784 3054 1082 3125 publicani
1110 3054 1219 3110 hoc
1242 3054 1493 3123 faciunt,
1543 3051 1706 3123 apud
1734 3066 1888 3123 quos
1918 3066 1993 3107 ne
2015 3049 2183 3105 vesti-

529 3149 694 3220 gium
724 3145 967 3219 quidem
994 3148 1084 3198 est
1113 3143 1365 3199 virtutis.
1425 3144 1574 3198 Sunt
1603 3146 1799 3232 autem
1846 3138 2177 3212 publicani,
2222 3175 2263 3232 Ο

528 3237 635 3310 qui
669 3234 976 3305 vectigalia
1006 3233 1306 3303 colligunt,
1351 3248 1421 3288 ac
1460 3229 1851 3286 commerciar
1882 3229 1920 3283 ii
1961 3230 2049 3298 (ut
2099 3228 2183 3283 sic

528 3324 868 3399 loquamur)
895 3324 997 3397 qui
1024 3322 1241 3379 scilicet
1265 3320 1563 3377 mercibus
1587 3321 1790 3375 vivunt
1810 3321 2185 3373 commutan-

527 3416 621 3473 dis
670 3415 753 3488 (i).
806 3414 979 3470 Erant
1020 3418 1221 3468 autem
1255 3411 1515 3467 maxime
1567 3408 1841 3472 infames,
1898 3406 2001 3477 qui
2030 3410 2185 3460 artes

522 3504 865 3577 hujusmodi
891 3501 1267 3565 exercebant,
1299 3505 1589 3569 tanquam
1619 3496 1844 3566 injusti,
1889 3494 2076 3561 avari,
2114 3508 2184 3548 ac

523 3593 817 3651 scelerati.
855 3592 1016 3645 Unde
1041 3595 1097 3643 et
1126 3589 1185 3643 in
1215 3587 1505 3650 doctrina,
1545 3600 1681 3656 quae
1704 3584 1766 3637 in
1786 3582 1918 3638 loco
1950 3597 2187 3653 campe-

523 3683 625 3739 stri
643 3682 788 3737 data
829 3684 935 3745 est,
960 3692 1067 3749 pro
1105 3675 1446 3747 publicanis
1491 3671 1641 3727 dixit
1699 3675 2038 3742 peccatores
2101 3672 2173 3726 η.

526 3772 673 3827 Cum
706 3772 906 3824 autem
956 3779 1150 3835 neque
1196 3762 1502 3833 diligentes
1531 3775 1641 3815 nos
1686 3758 2033 3827 diligamus,
2081 3759 2184 3815 sed

523 3858 903 3914 invideamus
925 3852 1124 3924 potius
1149 3851 1243 3907 bis
1274 3851 1377 3923 qui
1400 3849 1574 3905 nobis
1598 3849 1749 3905 bene
1775 3849 2041 3919 cupiunt,
2061 3864 2185 3921 qua

526 3946 793 4009 tandem,
838 3942 1108 4005 obsecro,
1158 3939 1317 4009 digni
1370 3938 1594 3993 erimus
1656 3937 2179 4004 condemnatione,

528 4051 665 4091 cum
707 4047 890 4103 super
933 4030 1165 4087 Scribas
1196 4032 1251 4085 et
1283 4028 1607 4083 Pharismos
1648 4027 1709 4083 in
1736 4026 1966 4098 justitia
1995 4027 2184 4082 abun-

528 4123 672 4179 dare
693 4122 862 4193 jussi,
910 4120 1085 4175 etiam
1116 4116 1231 4174 illis
1260 4115 1566 4172 inferiores
1619 4131 1851 4181 sumus,
1885 4116 1987 4187 qui
2019 4114 2184 4187 apud

528 4228 631 4268 eos
659 4210 912 4266 infames
942 4213 1108 4266 erant
1138 4206 1167 4261 ?

600 4304 759 4358 Vers.
793 4301 881 4355 48.
917 4298 1101 4354 Erilis
1123 4328 1191 4337 —
1216 4302 1318 4353 est.
1341 4294 1451 4361 Qui
1488 4293 1799 4365 diligentes
1820 4310 1879 4349 se
1907 4292 2180 4364 diligunt,

525 4389 587 4447 hi
629 4395 777 4446 certe
822 4388 876 4444 in
922 4386 1237 4442 dilectione
1287 4382 1614 4454 imperfecti
1677 4388 1849 4452 sunt;
1885 4382 1989 4453 qui
2043 4395 2184 4436 vero

525 4480 706 4537 etiam
734 4476 998 4533 inimicos
1026 4478 1247 4537 amant,
1274 4472 1338 4527 bi
1369 4486 1510 4528 sane
1540 4471 1779 4543 perfecti
1806 4476 1962 4526 sunt.

2289 1899 2617 1955 τιλειοῦνται.

2361 1988 2513 2042 ’Ἐστι
2563 1987 2621 2043 δε
2669 1997 2758 2043 καὶ
2815 1992 2995 2066 ετίρως
3044 1993 3200 2045 εἰπεῖν
3234 2010 3245 2023 '
3278 1992 3453 2053 Ὀπως
3506 1998 3737 2064 γένησθε
3805 2000 3922 2050 υἱοὶ

2289 2087 2380 2130 τοῦ
2414 2084 2563 2149 Θεοῦ,
2599 2078 2647 2131 ἓν
2691 2088 2761 2151 τῷ
2804 2082 3123 2152 ὁμοιωθῆναι
3161 2090 3233 2151 τῷ
3276 2085 3376 2151 Υὶῶ
3426 2083 3605 2151 αὑτοῦ,
3645 2084 3698 2145 ὃς
3726 2091 3918 2158 μυρία

2291 2163 2437 2219 δεινὰ
2484 2172 2628 2243 παρὰ
2680 2177 2779 2220 τῶν
2837 2168 3041 2244 ἐχθρῶν
3099 2171 3255 2223 αὐτοῦ
3304 2173 3501 2239 παθὼν,
3556 2174 3738 2243 ἠγάπα
3807 2175 3909 2225 αὖ·

2290 2260 2406 2316 τοὺς
2451 2262 2542 2309 καὶ
2593 2257 2875 2332 εῦηργίτει,
2929 2255 3203 2311 διδάσκων
3253 2264 3343 2312 καὶ
3391 2263 3624 2331 ἰώμενος,
3677 2266 3764 2313 καὶ
3818 2268 3902 2313 τε·

2290 2345 2381 2408 λος
2420 2346 2508 2397 ὑπ’
2558 2346 2724 2397 αὐτῶν
2776 2350 3116 2419 σταυρωθεὶς,
3166 2352 3364 2419 ηὔχετο
3412 2351 3538 2422 ὑπερ
3585 2350 3756 2411 αὐτῶν,
3793 2348 3880 2398 λέ-

2289 2455 2393 2505 γων
2426 2450 2438 2461 ·
2480 2438 2665 2511 Πάτερ,
2704 2437 2826 2507 ἄφες
2852 2436 3027 2498 αὐτοῖς
3067 2452 3079 2464 ’
3121 2438 3177 2488 οὗ
3216 2441 3315 2511 γὰρ
3357 2434 3540 2490 οἴδασι
3565 2458 3609 2489 τι
3633 2442 3863 2489 ποιοῦσι.

2292 2523 2533 2577 Βούλεταί
2566 2543 2624 2577 σε
2653 2527 2874 2577 τοίνυυό
2908 2529 3139 2597 Χριστὸς
3180 2534 3285 2587 τοῖς
3322 2526 3489 2597 φίλοις
3628 2521 3880 2577 διαλλάτ-

2292 2614 2473 2665 τεσθαι
2508 2633 2519 2645 ο
2578 2612 2774 2685 Ὕπαγε
2820 2617 2942 2686 γὰρ,
2991 2619 3139 2685 φησὶ,
3200 2624 3401 2687 πρῶτον
3451 2612 3761 2686 διαλλάγηθι
3808 2622 3888 2685 τῷ

2292 2698 2497 2773 ἀδελφῷ
2549 2720 2643 2755 σου
2677 2719 2688 2730 '
2750 2708 2871 2764 τοὺς
2922 2703 3148 2788 ἐχθρούς
3178 2700 3239 2757 δι
3276 2702 3482 2776 ἀγαπᾷν
3512 2710 3601 2757 καὶ
3631 2705 3889 2775 εὔχεσθαι

2292 2790 2418 2864 ὑπερ
2448 2790 2638 2858 αὐτῶν,
2663 2794 2730 2853 ὡς
2754 2797 3076 2866 προείρηται.

2366 2878 2483 2931 Ἐὰν
2521 2881 2623 2952 γὰρ
2668 2910 2740 2922 —
2786 2888 3046 2935 ποιοῦσιν.
3102 2881 3213 2933 Οὐκ
3262 2885 3401 2935 ἔστιν
3457 2882 3615 2957 ἆροτή
3665 2886 3721 2934 τὸ
3762 2885 3892 2954 ἁγαο

2292 2973 2393 3037 πᾷν
2448 2971 2533 3020 τὸν
2597 2967 2897 3040 ἀγαπῶντα,
2966 2970 3094 3023 ἀλλὰ
3154 2974 3348 3043 φύσεως
3421 2971 3727 3027 ἀκολουθία.
3786 2978 3890 3029 Καὶ

2291 3059 2393 3129 γὰρ
2449 3062 2539 3109 καὶ
2582 3057 2631 3109 οἱ
2684 3058 2894 3111 τελῶναι
2946 3067 3098 3113 τοῦτο
3153 3069 3384 3128 ποιοῦσι,
3454 3062 3577 3134 παρ’
3646 3064 3720 3122 οἷς
3769 3059 3897 3115 οὐδὲ

2293 3148 2440 3215 ἴχνος
2488 3145 2689 3218 ἀρετῆς.
2739 3146 2961 3200 Τελῶναι
3012 3145 3070 3201 δί
3109 3150 3262 3218 εἰσιν,
3302 3153 3349 3202 οἱ
3398 3150 3669 3224 φορολογοι
3705 3157 3796 3203 καὶ
3844 3153 3892 3203 οἱ

2295 3238 2714 3309 κομμερκιάριοι.
2777 3234 2987 3311 Σφόδρα
3040 3235 3097 3291 δε
3156 3234 3483 3292 διεϐάλλοντο
3547 3242 3612 3293 τὰ
3678 3248 3893 3293 τοιαῦτα

2296 3320 2709 3397 ἐπιτηδεύματα,
2755 3328 2825 3387 ὡς
2875 3323 3041 3379 ἄδικα
3083 3331 3173 3379 καὶ
3225 3327 3555 3380 πλεονεκτικὰ
3600 3334 3691 3380 καὶ
3723 3328 3892 3401 ἀσυμ-

2294 3415 2457 3470 «nos.
2486 3414 2629 3466 Ἐπιὶ
2658 3420 2748 3467 καὶ
2790 3417 2838 3467 ἓν
2896 3423 2958 3487 τῇ
3012 3415 3095 3468 ἐπὶ
3144 3424 3232 3469 τοῦ
3275 3413 3489 3469 πεδινοῦ
3526 3422 3686 3469 τόπου
3728 3414 3887 3470 διδα-

2298 3502 2507 3574 σκαλίᾳ,
2563 3502 2678 3556 ἀντὶ
2728 3511 2819 3557 τοῦ
2874 3504 3048 3577 εἰπεῖν,
3102 3508 3150 3558 οἱ
3215 3507 3444 3577 τελῶναι,
3493 3510 3543 3559 οἱ
3592 3507 3917 3582 ἁμαρτωλοὶ’

2295 3588 2451 3644 εἶπεν.
2492 3591 2651 3644 Ὀταν
2683 3590 2741 3645 δι
2795 3590 2934 3666 μηδί
2966 3599 3084 3657 τοὺς
3141 3594 3446 3667 ἀγαπῶντας
3485 3595 3786 3668 ἀγαπῶμεν,
3839 3595 3883 3646 ἰν

2295 3688 2366 3750 τῷ
2398 3682 2596 3753 φθονεῖν
2635 3678 3005 3755 εὐδοκιμοῦσιν
3048 3684 3243 3753 αὐτοῖς,
3293 3691 3427 3745 τίνος
3465 3686 3561 3737 οῦκ
3607 3685 3669 3743 ἂν
3720 3690 3877 3756 εῖημεν

2294 3769 2433 3831 ἄξιοι
2510 3776 2882 3843 κατακρίσεως,
2964 3776 3012 3825 οἱ
3083 3777 3409 3845 περισσεύειν
3476 3783 3575 3826 τῶν
3644 3780 3877 3848 Γραμμα-

2294 3862 2418 3910 τίων
2471 3863 2561 3911 καὶ
2617 3864 2911 3933 Φαρισαίων
2977 3861 3026 3913 ἄν
3101 3858 3412 3934 δικαιοσύνη
3483 3863 3884 3935 κεκελευσμένοι,

2295 3945 2605 4010 ἐλλείποντες
2672 3953 2761 4002 καὶ
2825 3957 2925 4002 τῶν
2994 3950 3117 4023 παρ’
3187 3949 3395 4013 ἐκείνοις
3476 3948 3889 4023 διαϐεϐλημένων

2296 4034 2519 4088 τελωνῶν
2540 4055 2558 4107 ;

2364 4288 2584 4340 Ἕσισθι
2614 4316 2683 4329 -
2712 4286 2873 4343 ἔστιν.
2906 4291 2971 4340 Οἱ
3112 4287 3406 4360 ἀγαπῶντες
3432 4294 3551 4353 τοὺς
3584 4289 3897 4362 ἀγαπῶντας

2294 4376 2506 4444 αὐτοὺς,
2538 4375 2730 4439 ἀτελεῖς
2763 4377 2892 4429 εἰσιν
2922 4378 2992 4440 εἰς
3023 4376 3227 4449 ἀγάπην
3261 4399 3273 4412 ·
3313 4382 3361 4431 οἱ
3402 4376 3461 4432 δε
3490 4384 3611 4441 τοὺς
3642 4379 3891 4455 ἐχθροὺς,

2295 4466 2437 4517 οὗτοι
2462 4465 2663 4518 τέλειοι.

598 4530 1558 4638 ἑὲιῖιίῖι,γθινε.ι.Αέιεηάίιε-ἶ
1603 4560 1802 4632 quiin
1863 4557 2022 4615 ειειίε
2079 4563 2179 4612 est.

2364 4559 2657 4628 Προσέχετε
2705 4586 2773 4596 -
2829 4565 2899 4626 τῷ
2981 4554 3029 4608 ἓν
3108 4565 3219 4620 τοῖς
3296 4558 3551 4632 οὐρανοῖς.
3626 4560 3891 4619 Φυτεῦσας

526 4654 807 4714 Plantatis
843 4652 969 4724 iam
1001 4648 1337 4716 virtutibus,
1380 4649 1529 4706 tollit
1558 4649 1842 4719 deinceps
1874 4646 2177 4711 allectum,

527 4745 632 4821 qui
669 4744 753 4800 eis
796 4740 1139 4799 adnascitur
1188 4742 1243 4795 et
1280 4739 1562 4796 molestus
1610 4742 1718 4802 est,
1752 4741 1891 4810 puta
1940 4735 2183 4792 inanem

600 4871 649 4907 ¹ο
670 4868 808 4925 Luc.
839 4880 995 4937 xxxii,
1022 4863 1110 4922 34.
1137 4863 1183 4902 ¹¹
1217 4864 1346 4921 Luc.
1382 4880 1455 4930 γι,
1479 4862 1569 4919 32.

2294 4640 2399 4703 ἤδη
2450 4646 2543 4706 τὰς
2588 4643 2789 4719 ἀρετὰς,
2841 4644 3019 4698 λοιπὸν
3074 4646 3274 4721 ἀναιρεῖ
3323 4652 3409 4699 καὶ
3460 4651 3516 4699 τὸ
3559 4651 3891 4721 παραφυόμε-

2292 4752 2374 4786 νον
2422 4738 2513 4786 καὶ
2551 4732 2794 4807 ἐνοχλοῦν
2843 4733 3023 4797 αὐταῖς
3080 4738 3263 4799 πάθος,
3312 4735 3442 4808 λέγω
3498 4732 3565 4795 δὴ
3618 4740 3712 4795 τὴν
3757 4754 3889 4788 κινο-

1779 4956 2005 5027 Variaa
2030 4955 2361 5025 lectiones
2406 4965 2471 5023 et
2515 4964 2715 5025 notaa.

627 5116 715 5187 87)
747 5124 858 5171 Τῶν
880 5115 1048 5172 abest
1075 5113 1141 5173 Α.

602 5124 712 5260 ἓὸϐ)
737 5192 912 5260 ὅμοιος
944 5201 1086 5256 ergo
1122 5189 1219 5260 est
1264 5180 1629 5260 interpretati

626 5179 712 5262 88)
737 5192 917 5262 ὅμοιος
944 5201 1086 5256 ergo
1121 5189 1240 5262 est
1264 5180 1787 5262 interpretationis.
1847 5179 1962 5238 Sed
2006 5180 2183 5253 Chry-

532 5255 837 5322 sosto'm'us
863 5260 923 5315 id
953 5255 1136 5315 teitui
1162 5255 1376 5312 intulit.

601 5334 713 5409 (89)
739 5337 765 5385 ό
814 5334 1072 5407 φυτεύσας
1120 5328 1191 5383 Δ.
1232 5323 1528 5382 Articulus
1556 5322 1767 5380 abesse
1823 5326 2041 5396 potest.
2080 5331 2178 5379 φυ-

2289 5110 2477 5189 τεύσας
2530 5105 2660 5189 ἤδη,
2710 5107 2890 5189 i_ntell.
2934 5112 3282 5189 -firXpwréc.
3338 5111 3601 5189 Credidit
3672 5111 3886 5189 scriba,

2288 5180 2351 5234 in
2375 5180 2670 5257 principio
2702 5180 2909 5257 deesse
2932 5180 3188 5257 litteram
3228 5184 3654 5255 majusculam.
3699 5183 3890 5242 Pinxit

2256 5323 2264 5330 .
2290 5251 2433 5323 ergo
2464 5251 2528 5307 Ο.

603 5460 669 5535 (ἢ
703 5459 774 5517 Ut
796 5458 880 5515 sic
908 5486 979 5535 -έ
1004 5449 1597 5532 εοηυηαέαηᾴἰεηῌωο
1626 5448 1821 5508 aliena
1845 5454 2001 5507 sunt.
2032 5450 2386 5524 Euthymius
2423 5449 2523 5507 hic
2550 5454 2780 5509 tantum
2821 5451 3153 5525 explicabat
3178 5451 3408 5522 τελῶναί,
3442 5452 3739 5512 vocabulo
3777 5468 3886 5511 sua

531 5522 699 5591 etate
723 5534 1034 5593 consueto,
1063 5522 1500 5582 commerciarii.
