  <div class='ocr_page' id='page_1' title='image "/cluster/home/n/w/nwhite01/storage/ocr_20150623/129/hvd.32044019208511/130.png"; bbox 0 0 4170 6486; ppageno 0'>
   <div class='ocr_carea' id='block_1_1' title="bbox 255 401 391 460">
    <p class='ocr_par' dir='ltr' id='par_1_1' title="bbox 255 401 391 460">
     <span class='ocr_line' id='line_1_1' title="bbox 255 401 391 460; baseline -0.015 0"><span class='ocrx_word' id='word_1_1' title='bbox 255 401 391 460; x_wconf 78' lang='lat'><strong>229</strong></span> 
     </span>
    </p>
   </div>
   <div class='ocr_carea' id='block_1_2' title="bbox 1288 380 2705 451">
    <p class='ocr_par' dir='ltr' id='par_1_2' title="bbox 1288 380 2705 451">
     <span class='ocr_line' id='line_1_2' title="bbox 1288 380 2705 451; baseline -0.001 0"><span class='ocrx_word' id='word_1_2' title='bbox 1288 384 1661 451; x_wconf 84' lang='lat' dir='ltr'><strong>COMMENT.</strong></span> <span class='ocrx_word' id='word_1_3' title='bbox 1710 392 1783 446; x_wconf 89' lang='lat' dir='ltr'><strong>IN</strong></span> <span class='ocrx_word' id='word_1_4' title='bbox 1822 380 2271 449; x_wconf 74' lang='grc' dir='ltr'><strong>ΜΑΤΤΗΑΞΗΜ-</strong></span> <span class='ocrx_word' id='word_1_5' title='bbox 2310 421 2381 434; x_wconf 94' lang='grc'><strong>-</strong></span> <span class='ocrx_word' id='word_1_6' title='bbox 2419 390 2583 448; x_wconf 89' lang='lat' dir='ltr'><strong>CAP.</strong></span> <span class='ocrx_word' id='word_1_7' title='bbox 2631 392 2705 450; x_wconf 87' lang='lat' dir='ltr'><strong>V.</strong></span> 
     </span>
    </p>
   </div>
   <div class='ocr_carea' id='block_1_3' title="bbox 3546 393 3652 448">
    <p class='ocr_par' dir='ltr' id='par_1_3' title="bbox 3546 393 3652 448">
     <span class='ocr_line' id='line_1_3' title="bbox 3546 393 3652 448; baseline 0 0"><span class='ocrx_word' id='word_1_8' title='bbox 3546 393 3652 448; x_wconf 81' lang='lat'><strong>230</strong></span> 
     </span>
    </p>
   </div>
   <div class='ocr_carea' id='block_1_4' title="bbox 272 517 1897 597">
    <p class='ocr_par' dir='ltr' id='par_1_4' title="bbox 272 519 1888 597">
     <span class='ocr_line' id='line_1_4' title="bbox 272 519 1888 597; baseline -0.007 -17"><span class='ocrx_word' id='word_1_9' title='bbox 272 525 498 593; x_wconf 81' lang='grc' dir='ltr'>δοξίαν,</span> <span class='ocrx_word' id='word_1_10' title='bbox 527 526 587 584; x_wconf 76' lang='grc' dir='ltr'>ἣν</span> <span class='ocrx_word' id='word_1_11' title='bbox 623 528 736 595; x_wconf 79' lang='grc' dir='ltr'>καὶ,</span> <span class='ocrx_word' id='word_1_12' title='bbox 762 524 896 597; x_wconf 83' lang='grc' dir='ltr'>μετὰ</span> <span class='ocrx_word' id='word_1_13' title='bbox 943 525 1003 576; x_wconf 89' lang='lat'><strong>1&#39;6</strong></span> <span class='ocrx_word' id='word_1_14' title='bbox 1065 526 1319 595; x_wconf 76' lang='grc' dir='ltr'>φυτεῦσαι</span> <span class='ocrx_word' id='word_1_15' title='bbox 1368 521 1435 572; x_wconf 79' lang='grc' dir='ltr'>τὰ</span> <span class='ocrx_word' id='word_1_16' title='bbox 1488 519 1888 591; x_wconf 77' lang='grc' dir='ltr'><strong>κατορθώματα,</strong></span> 
     </span>
    </p>
   </div>
   <div class='ocr_carea' id='block_1_5' title="bbox 2016 517 3650 597">
    <p class='ocr_par' dir='ltr' id='par_1_5' title="bbox 2016 517 3650 591">
     <span class='ocr_line' id='line_1_5' title="bbox 2016 517 3650 591; baseline 0.002 -19"><span class='ocrx_word' id='word_1_17' title='bbox 2016 517 2275 588; x_wconf 72' lang='lat' dir='ltr'><strong>gloriam,</strong></span> <span class='ocrx_word' id='word_1_18' title='bbox 2319 534 2507 589; x_wconf 88' lang='lat' dir='ltr'><strong>quam</strong></span> <span class='ocrx_word' id='word_1_19' title='bbox 2552 519 2732 575; x_wconf 90' lang='lat' dir='ltr'><strong>etiam</strong></span> <span class='ocrx_word' id='word_1_20' title='bbox 2779 517 2993 585; x_wconf 76' lang='lat' dir='ltr'><strong>avellit,</strong></span> <span class='ocrx_word' id='word_1_21' title='bbox 3044 521 3361 591; x_wconf 91' lang='lat' dir='ltr'><strong>postquam</strong></span> <span class='ocrx_word' id='word_1_22' title='bbox 3408 519 3650 588; x_wconf 85' lang='lat' dir='ltr'><strong>egregia</strong></span> 
     </span>
    </p>
   </div>
   <div class='ocr_carea' id='block_1_6' title="bbox 282 606 1896 686">
    <p class='ocr_par' dir='ltr' id='par_1_6' title="bbox 282 606 1896 686">
     <span class='ocr_line' id='line_1_6' title="bbox 282 606 1896 686; baseline -0.007 -17"><span class='ocrx_word' id='word_1_23' title='bbox 282 615 530 686; x_wconf 66' lang='grc' dir='ltr'>ἀνασπᾷ,</span> <span class='ocrx_word' id='word_1_24' title='bbox 594 612 730 666; x_wconf 83' lang='grc' dir='ltr'><strong>διότι</strong></span> <span class='ocrx_word' id='word_1_25' title='bbox 782 613 840 664; x_wconf 86' lang='grc' dir='ltr'><strong>ού</strong></span> <span class='ocrx_word' id='word_1_26' title='bbox 897 616 998 685; x_wconf 88' lang='grc' dir='ltr'>πρὸ</span> <span class='ocrx_word' id='word_1_27' title='bbox 1077 612 1292 675; x_wconf 86' lang='grc' dir='ltr'>τούτων,</span> <span class='ocrx_word' id='word_1_28' title='bbox 1361 606 1491 660; x_wconf 57' lang='grc' dir='ltr'>ἀλλὰ</span> <span class='ocrx_word' id='word_1_29' title='bbox 1545 609 1675 679; x_wconf 82' lang='grc' dir='ltr'>μετὰ</span> <span class='ocrx_word' id='word_1_30' title='bbox 1728 614 1896 658; x_wconf 79' lang='grc' dir='ltr'>ταῦτα</span> 
     </span>
    </p>
   </div>
   <div class='ocr_carea' id='block_1_7' title="bbox 286 692 1895 779">
    <p class='ocr_par' dir='ltr' id='par_1_7' title="bbox 286 692 1895 779">
     <span class='ocr_line' id='line_1_7' title="bbox 286 692 1895 779; baseline -0.007 -22"><span class='ocrx_word' id='word_1_31' title='bbox 286 708 645 779; x_wconf 73' lang='grc' dir='ltr'><strong>παραφύεται.</strong></span> <span class='ocrx_word' id='word_1_32' title='bbox 701 698 987 763; x_wconf 80' lang='grc' dir='ltr'>Κενοδοξία</span> <span class='ocrx_word' id='word_1_33' title='bbox 1039 700 1161 773; x_wconf 82' lang='grc' dir='ltr'>γὰρ,</span> <span class='ocrx_word' id='word_1_34' title='bbox 1214 701 1272 750; x_wconf 89' lang='grc' dir='ltr'>τὸ</span> <span class='ocrx_word' id='word_1_35' title='bbox 1321 700 1445 771; x_wconf 88' lang='grc' dir='ltr'>πρὸς</span> <span class='ocrx_word' id='word_1_36' title='bbox 1502 692 1749 758; x_wconf 78' lang='grc' dir='ltr'>ἐπίδειξιν</span> <span class='ocrx_word' id='word_1_37' title='bbox 1813 693 1895 746; x_wconf 80' lang='grc' dir='ltr'><strong>ἁν-</strong></span> 
     </span>
    </p>
   </div>
   <div class='ocr_carea' id='block_1_8' title="bbox 291 786 1895 868">
    <p class='ocr_par' dir='ltr' id='par_1_8' title="bbox 291 786 1895 868">
     <span class='ocr_line' id='line_1_8' title="bbox 291 786 1895 868; baseline -0.007 -22"><span class='ocrx_word' id='word_1_38' title='bbox 291 796 518 868; x_wconf 80' lang='grc' dir='ltr'>θρώπων</span> <span class='ocrx_word' id='word_1_39' title='bbox 582 792 865 864; x_wconf 76' lang='grc' dir='ltr'>κατορθοῦν</span> <span class='ocrx_word' id='word_1_40' title='bbox 943 809 1014 843; x_wconf 92' lang='grc' dir='ltr'><strong>τι.</strong></span> <span class='ocrx_word' id='word_1_41' title='bbox 1087 791 1188 841; x_wconf 76' lang='grc' dir='ltr'><strong>Καὶ</strong></span> <span class='ocrx_word' id='word_1_42' title='bbox 1254 787 1369 858; x_wconf 86' lang='grc' dir='ltr'>ὅρα,</span> <span class='ocrx_word' id='word_1_43' title='bbox 1436 786 1591 836; x_wconf 88' lang='grc' dir='ltr'>πόθεν</span> <span class='ocrx_word' id='word_1_44' title='bbox 1671 786 1895 857; x_wconf 81' lang='grc' dir='ltr'>ἄρχεται</span> 
     </span>
    </p>
   </div>
   <div class='ocr_carea' id='block_1_9' title="bbox 288 871 1894 948">
    <p class='ocr_par' dir='ltr' id='par_1_9' title="bbox 288 871 1894 948">
     <span class='ocr_line' id='line_1_9' title="bbox 288 871 1894 948; baseline -0.007 -14"><span class='ocrx_word' id='word_1_45' title='bbox 288 878 507 934; x_wconf 77' lang='grc' dir='ltr'><strong>διώκειν</strong></span> <span class='ocrx_word' id='word_1_46' title='bbox 564 880 727 938; x_wconf 76' lang='grc' dir='ltr'>αὐτήν</span> <span class='ocrx_word' id='word_1_47' title='bbox 761 895 774 909; x_wconf 80' lang='grc'><strong>⁸</strong></span> <span class='ocrx_word' id='word_1_48' title='bbox 834 877 936 931; x_wconf 76' lang='grc' dir='ltr'>ἀπὸ</span> <span class='ocrx_word' id='word_1_49' title='bbox 982 884 1074 936; x_wconf 83' lang='grc' dir='ltr'>τῆς</span> <span class='ocrx_word' id='word_1_50' title='bbox 1122 875 1488 948; x_wconf 80' lang='grc' dir='ltr'>ἐλεημοσύνης,</span> <span class='ocrx_word' id='word_1_51' title='bbox 1540 877 1629 924; x_wconf 84' lang='grc' dir='ltr'>καὶ</span> <span class='ocrx_word' id='word_1_52' title='bbox 1681 880 1771 932; x_wconf 80' lang='grc' dir='ltr'>τῆς</span> <span class='ocrx_word' id='word_1_53' title='bbox 1818 871 1894 923; x_wconf 80' lang='grc' dir='ltr'>εύο</span> 
     </span>
    </p>
   </div>
   <div class='ocr_carea' id='block_1_10' title="bbox 281 963 1896 1042">
    <p class='ocr_par' dir='ltr' id='par_1_10' title="bbox 281 963 1896 1042">
     <span class='ocr_line' id='line_1_10' title="bbox 281 963 1896 1042; baseline -0.007 -20"><span class='ocrx_word' id='word_1_54' title='bbox 281 979 425 1042; x_wconf 82' lang='grc' dir='ltr'>χῆς,</span> <span class='ocrx_word' id='word_1_55' title='bbox 474 974 564 1021; x_wconf 84' lang='grc' dir='ltr'><strong>καὶ</strong></span> <span class='ocrx_word' id='word_1_56' title='bbox 615 976 712 1030; x_wconf 79' lang='grc' dir='ltr'>τῆς</span> <span class='ocrx_word' id='word_1_57' title='bbox 757 971 1017 1027; x_wconf 88' lang='grc' dir='ltr'>νηστείας.</span> <span class='ocrx_word' id='word_1_58' title='bbox 1071 968 1214 1018; x_wconf 91' lang='grc' dir='ltr'>Διότι</span> <span class='ocrx_word' id='word_1_59' title='bbox 1261 965 1461 1022; x_wconf 84' lang='grc' dir='ltr'>τούτοις</span> <span class='ocrx_word' id='word_1_60' title='bbox 1506 963 1739 1034; x_wconf 87' lang='grc' dir='ltr'>μάλιστα</span> <span class='ocrx_word' id='word_1_61' title='bbox 1792 967 1896 1019; x_wconf 88' lang='grc' dir='ltr'>τοῖς</span> 
     </span>
    </p>
   </div>
   <div class='ocr_carea' id='block_1_11' title="bbox 279 1051 1894 1133">
    <p class='ocr_par' dir='ltr' id='par_1_11' title="bbox 279 1051 1894 1133">
     <span class='ocr_line' id='line_1_11' title="bbox 279 1051 1894 1133; baseline -0.007 -22"><span class='ocrx_word' id='word_1_62' title='bbox 279 1061 699 1133; x_wconf 76' lang='grc' dir='ltr'>κατορθώμασιν</span> <span class='ocrx_word' id='word_1_63' title='bbox 801 1055 1169 1128; x_wconf 80' lang='grc' dir='ltr'>ἐμφιλόχωρεῖ.</span> <span class='ocrx_word' id='word_1_64' title='bbox 1251 1051 1310 1104; x_wconf 80' lang='grc' dir='ltr'>Ὀ</span> <span class='ocrx_word' id='word_1_65' title='bbox 1395 1058 1520 1123; x_wconf 84' lang='grc' dir='ltr'>γοῦν</span> <span class='ocrx_word' id='word_1_66' title='bbox 1612 1054 1894 1121; x_wconf 69' lang='grc' dir='ltr'>Φαρισαῖος</span> 
     </span>
    </p>
   </div>
   <div class='ocr_carea' id='block_1_12' title="bbox 278 1136 1896 1220">
    <p class='ocr_par' dir='ltr' id='par_1_12' title="bbox 278 1136 1896 1220">
     <span class='ocr_line' id='line_1_12' title="bbox 278 1136 1896 1220; baseline -0.009 -19"><span class='ocrx_word' id='word_1_67' title='bbox 278 1149 634 1220; x_wconf 83' lang='grc' dir='ltr'>προσηύχετό</span> <span class='ocrx_word' id='word_1_68' title='bbox 693 1164 747 1197; x_wconf 87' lang='grc' dir='ltr'><strong>τε</strong></span> <span class='ocrx_word' id='word_1_69' title='bbox 800 1144 938 1216; x_wconf 90' lang='grc'>(90),</span> <span class='ocrx_word' id='word_1_70' title='bbox 1012 1138 1298 1204; x_wconf 81' lang='grc' dir='ltr'>κενοδόξως</span> <span class='ocrx_word' id='word_1_71' title='bbox 1363 1136 1778 1210; x_wconf 82' lang='grc' dir='ltr'>ἐπιδεικνύμενος</span> <span class='ocrx_word' id='word_1_72' title='bbox 1824 1143 1896 1187; x_wconf 84' lang='grc' dir='ltr'>τῶ</span> 
     </span>
    </p>
   </div>
   <div class='ocr_carea' id='block_1_13' title="bbox 278 1224 1893 1309">
    <p class='ocr_par' dir='ltr' id='par_1_13' title="bbox 278 1224 1893 1309">
     <span class='ocr_line' id='line_1_13' title="bbox 278 1224 1893 1309; baseline -0.006 -21"><span class='ocrx_word' id='word_1_73' title='bbox 278 1236 507 1309; x_wconf 73' lang='grc' dir='ltr'>τελώνῃ,</span> <span class='ocrx_word' id='word_1_74' title='bbox 556 1240 648 1286; x_wconf 79' lang='grc' dir='ltr'>καὶ</span> <span class='ocrx_word' id='word_1_75' title='bbox 684 1233 970 1306; x_wconf 74' lang='grc' dir='ltr'><strong>κομπάζων</strong></span> <span class='ocrx_word' id='word_1_76' title='bbox 1005 1231 1139 1302; x_wconf 78' lang='grc' dir='ltr'>ἔλεγε</span> <span class='ocrx_word' id='word_1_77' title='bbox 1172 1251 1185 1263; x_wconf 81' lang='lat'><strong>&#39;</strong></span> <span class='ocrx_word' id='word_1_78' title='bbox 1217 1230 1471 1286; x_wconf 84' lang='grc' dir='ltr'>Νηστεύω</span> <span class='ocrx_word' id='word_1_79' title='bbox 1514 1224 1601 1288; x_wconf 79' lang='grc' dir='ltr'><strong>δὶς</strong></span> <span class='ocrx_word' id='word_1_80' title='bbox 1650 1234 1747 1285; x_wconf 78' lang='grc' dir='ltr'>τῆς</span> <span class='ocrx_word' id='word_1_81' title='bbox 1783 1224 1893 1296; x_wconf 84' lang='grc'>(91)</span> 
     </span>
    </p>
   </div>
   <div class='ocr_carea' id='block_1_14' title="bbox 287 1318 1764 1396">
    <p class='ocr_par' dir='ltr' id='par_1_14' title="bbox 287 1318 1764 1396">
     <span class='ocr_line' id='line_1_14' title="bbox 287 1318 1764 1396; baseline -0.009 -19"><span class='ocrx_word' id='word_1_82' title='bbox 287 1320 594 1396; x_wconf 73' lang='grc' dir='ltr'>ἑϐδομάδος</span> <span class='ocrx_word' id='word_1_83' title='bbox 617 1340 628 1353; x_wconf 88' lang='grc'><strong>·</strong></span> <span class='ocrx_word' id='word_1_84' title='bbox 670 1319 981 1375; x_wconf 78' lang='grc' dir='ltr'>ὰποδεκατῶ</span> <span class='ocrx_word' id='word_1_85' title='bbox 1009 1339 1111 1392; x_wconf 89' lang='grc' dir='ltr'><strong>μου</strong></span> <span class='ocrx_word' id='word_1_86' title='bbox 1148 1337 1315 1371; x_wconf 82' lang='grc' dir='ltr'>παντα</span> <span class='ocrx_word' id='word_1_87' title='bbox 1341 1319 1407 1369; x_wconf 83' lang='grc' dir='ltr'><strong>τὰ</strong></span> <span class='ocrx_word' id='word_1_88' title='bbox 1435 1318 1764 1391; x_wconf 83' lang='grc' dir='ltr'>ὑπάρχοντα.</span> 
     </span>
    </p>
   </div>
   <div class='ocr_carea' id='block_1_15' title="bbox 372 1406 1893 1486">
    <p class='ocr_par' dir='ltr' id='par_1_15' title="bbox 372 1406 1893 1486">
     <span class='ocr_line' id='line_1_15' title="bbox 372 1406 1893 1486; baseline -0.008 -21"><span class='ocrx_word' id='word_1_89' title='bbox 372 1415 667 1486; x_wconf 79' lang='grc' dir='ltr'>Προσέχετε</span> <span class='ocrx_word' id='word_1_90' title='bbox 711 1407 770 1463; x_wconf 71' lang='grc' dir='ltr'>δε</span> <span class='ocrx_word' id='word_1_91' title='bbox 818 1407 974 1473; x_wconf 87' lang='grc' dir='ltr'>εἶπεν,</span> <span class='ocrx_word' id='word_1_92' title='bbox 1015 1407 1293 1480; x_wconf 69' lang='grc' dir='ltr'>ἐμφαίνων,</span> <span class='ocrx_word' id='word_1_93' title='bbox 1340 1406 1420 1458; x_wconf 87' lang='grc' dir='ltr'>ὅτι</span> <span class='ocrx_word' id='word_1_94' title='bbox 1456 1407 1515 1457; x_wconf 97' lang='lat'><strong>1&#39;6</strong></span> <span class='ocrx_word' id='word_1_95' title='bbox 1545 1406 1723 1477; x_wconf 84' lang='grc' dir='ltr'>θηρίον</span> <span class='ocrx_word' id='word_1_96' title='bbox 1774 1408 1893 1454; x_wconf 80' lang='grc' dir='ltr'>τοῦ·</span> 
     </span>
    </p>
   </div>
   <div class='ocr_carea' id='block_1_16' title="bbox 298 1492 1894 1571">
    <p class='ocr_par' dir='ltr' id='par_1_16' title="bbox 298 1492 1894 1571">
     <span class='ocr_line' id='line_1_16' title="bbox 298 1492 1894 1571; baseline -0.006 -19"><span class='ocrx_word' id='word_1_97' title='bbox 298 1519 364 1552; x_wconf 87' lang='grc' dir='ltr'><strong>το</strong></span> <span class='ocrx_word' id='word_1_98' title='bbox 418 1499 697 1560; x_wconf 82' lang='grc' dir='ltr'>λεληθότως</span> <span class='ocrx_word' id='word_1_99' title='bbox 750 1494 1149 1571; x_wconf 83' lang='grc' dir='ltr'>παρεισδύεται,</span> <span class='ocrx_word' id='word_1_100' title='bbox 1210 1492 1366 1553; x_wconf 82' lang='grc' dir='ltr'>δίκην</span> <span class='ocrx_word' id='word_1_101' title='bbox 1421 1493 1661 1546; x_wconf 87' lang='grc' dir='ltr'>κλέπτου.</span> <span class='ocrx_word' id='word_1_102' title='bbox 1720 1492 1894 1546; x_wconf 78' lang='grc' dir='ltr'>Εἰπὼν</span> 
     </span>
    </p>
   </div>
   <div class='ocr_carea' id='block_1_17' title="bbox 301 1584 1895 1661">
    <p class='ocr_par' dir='ltr' id='par_1_17' title="bbox 301 1584 1895 1661">
     <span class='ocr_line' id='line_1_17' title="bbox 301 1584 1895 1661; baseline -0.006 -20"><span class='ocrx_word' id='word_1_103' title='bbox 301 1586 385 1653; x_wconf 66' lang='grc' dir='ltr'><strong>δέ,</strong></span> <span class='ocrx_word' id='word_1_104' title='bbox 446 1592 759 1661; x_wconf 76' lang='grc' dir='ltr'>Προσέχετε,</span> <span class='ocrx_word' id='word_1_105' title='bbox 834 1591 927 1644; x_wconf 76' lang='grc' dir='ltr'>τήν</span> <span class='ocrx_word' id='word_1_106' title='bbox 981 1585 1327 1658; x_wconf 71' lang='grc' dir='ltr'>ἐλεημοσύνην</span> <span class='ocrx_word' id='word_1_107' title='bbox 1399 1584 1541 1654; x_wconf 78' lang='grc' dir='ltr'>ὑμῶν</span> <span class='ocrx_word' id='word_1_108' title='bbox 1601 1586 1673 1653; x_wconf 79' lang='grc' dir='ltr'>μὴ</span> <span class='ocrx_word' id='word_1_109' title='bbox 1732 1587 1895 1634; x_wconf 85' lang='grc' dir='ltr'>ποιεῖν</span> 
     </span>
    </p>
   </div>
   <div class='ocr_carea' id='block_1_18' title="bbox 300 1672 1896 1751">
    <p class='ocr_par' dir='ltr' id='par_1_18' title="bbox 300 1672 1896 1751">
     <span class='ocr_line' id='line_1_18' title="bbox 300 1672 1896 1751; baseline -0.006 -22"><span class='ocrx_word' id='word_1_110' title='bbox 300 1678 597 1751; x_wconf 79' lang='grc' dir='ltr'>ἔμπροσθεν</span> <span class='ocrx_word' id='word_1_111' title='bbox 654 1684 753 1728; x_wconf 89' lang='grc' dir='ltr'>τῶν</span> <span class='ocrx_word' id='word_1_112' title='bbox 819 1674 1116 1749; x_wconf 77' lang='grc' dir='ltr'>ἀνθρώπων,</span> <span class='ocrx_word' id='word_1_113' title='bbox 1190 1672 1285 1725; x_wconf 85' lang='grc' dir='ltr'><strong>ούκ</strong></span> <span class='ocrx_word' id='word_1_114' title='bbox 1338 1673 1465 1729; x_wconf 78' lang='grc' dir='ltr'>ἐστη</span> <span class='ocrx_word' id='word_1_115' title='bbox 1545 1674 1709 1745; x_wconf 85' lang='grc' dir='ltr'>μέχρι</span> <span class='ocrx_word' id='word_1_116' title='bbox 1780 1672 1896 1721; x_wconf 86' lang='grc' dir='ltr'>τού-</span> 
     </span>
    </p>
   </div>
   <div class='ocr_carea' id='block_1_19' title="bbox 297 1755 1895 1837">
    <p class='ocr_par' dir='ltr' id='par_1_19' title="bbox 297 1755 1895 1837">
     <span class='ocr_line' id='line_1_19' title="bbox 297 1755 1895 1837; baseline -0.005 -20"><span class='ocrx_word' id='word_1_117' title='bbox 297 1785 415 1831; x_wconf 86' lang='grc' dir='ltr'>του,</span> <span class='ocrx_word' id='word_1_118' title='bbox 450 1766 535 1816; x_wconf 83' lang='grc' dir='ltr'><strong>ἰνα</strong></span> <span class='ocrx_word' id='word_1_119' title='bbox 570 1768 669 1837; x_wconf 69' lang='grc' dir='ltr'>μὴ,</span> <span class='ocrx_word' id='word_1_120' title='bbox 700 1760 793 1816; x_wconf 79' lang='grc' dir='ltr'><strong>διὰ</strong></span> <span class='ocrx_word' id='word_1_121' title='bbox 836 1766 894 1815; x_wconf 87' lang='grc' dir='ltr'>τὸ</span> <span class='ocrx_word' id='word_1_122' title='bbox 946 1761 1152 1834; x_wconf 81' lang='grc' dir='ltr'>βλέπειν</span> <span class='ocrx_word' id='word_1_123' title='bbox 1194 1762 1359 1826; x_wconf 80' lang='grc' dir='ltr'>τινὰς,</span> <span class='ocrx_word' id='word_1_124' title='bbox 1400 1755 1757 1833; x_wconf 74' lang='grc' dir='ltr'>παραδράμῃς</span> <span class='ocrx_word' id='word_1_125' title='bbox 1808 1760 1895 1809; x_wconf 86' lang='grc' dir='ltr'>τὸν</span> 
     </span>
    </p>
   </div>
   <div class='ocr_carea' id='block_1_20' title="bbox 2006 606 3647 680">
    <p class='ocr_par' dir='ltr' id='par_1_20' title="bbox 2006 606 3647 680">
     <span class='ocr_line' id='line_1_20' title="bbox 2006 606 3647 680; baseline 0.002 -19"><span class='ocrx_word' id='word_1_126' title='bbox 2006 606 2296 678; x_wconf 74' lang='lat' dir='ltr'><strong>plantavit</strong></span> <span class='ocrx_word' id='word_1_127' title='bbox 2325 608 2600 664; x_wconf 90' lang='lat' dir='ltr'><strong>virtutum</strong></span> <span class='ocrx_word' id='word_1_128' title='bbox 2626 624 2809 680; x_wconf 88' lang='lat' dir='ltr'><strong>opera</strong></span> <span class='ocrx_word' id='word_1_129' title='bbox 2838 628 2849 666; x_wconf 89' lang='lat'>:</span> <span class='ocrx_word' id='word_1_130' title='bbox 2886 624 3005 663; x_wconf 91' lang='lat' dir='ltr'><strong>non</strong></span> <span class='ocrx_word' id='word_1_131' title='bbox 3029 609 3187 664; x_wconf 90' lang='lat' dir='ltr'><strong>enim</strong></span> <span class='ocrx_word' id='word_1_132' title='bbox 3206 609 3369 680; x_wconf 88' lang='lat' dir='ltr'><strong>prius</strong></span> <span class='ocrx_word' id='word_1_133' title='bbox 3385 609 3647 680; x_wconf 86' lang='lat' dir='ltr'><strong>pullulat,</strong></span> 
     </span>
    </p>
   </div>
   <div class='ocr_carea' id='block_1_21' title="bbox 2006 695 3650 769">
    <p class='ocr_par' dir='ltr' id='par_1_21' title="bbox 2006 695 3650 769">
     <span class='ocr_line' id='line_1_21' title="bbox 2006 695 3650 769; baseline 0.004 -20"><span class='ocrx_word' id='word_1_134' title='bbox 2006 695 2103 751; x_wconf 87' lang='lat' dir='ltr'><strong>sed</strong></span> <span class='ocrx_word' id='word_1_135' title='bbox 2159 702 2292 767; x_wconf 89' lang='lat' dir='ltr'><strong>post</strong></span> <span class='ocrx_word' id='word_1_136' title='bbox 2334 697 2483 769; x_wconf 87' lang='lat' dir='ltr'><strong>ipsa.</strong></span> <span class='ocrx_word' id='word_1_137' title='bbox 2548 700 2642 753; x_wconf 85' lang='lat' dir='ltr'><strong>Est</strong></span> <span class='ocrx_word' id='word_1_138' title='bbox 2713 714 2977 769; x_wconf 82' lang='lat' dir='ltr'><strong>namque</strong></span> <span class='ocrx_word' id='word_1_139' title='bbox 3029 698 3221 753; x_wconf 90' lang='lat' dir='ltr'><strong>inanis</strong></span> <span class='ocrx_word' id='word_1_140' title='bbox 3262 697 3447 766; x_wconf 81' lang='lat' dir='ltr'>gloria</span> <span class='ocrx_word' id='word_1_141' title='bbox 3498 698 3650 755; x_wconf 83' lang='lat' dir='ltr'><strong>bene</strong></span> 
     </span>
    </p>
   </div>
   <div class='ocr_carea' id='block_1_22' title="bbox 2005 784 3651 856">
    <p class='ocr_par' dir='ltr' id='par_1_22' title="bbox 2005 784 3651 856">
     <span class='ocr_line' id='line_1_22' title="bbox 2005 784 3651 856; baseline 0.004 -19"><span class='ocrx_word' id='word_1_142' title='bbox 2005 784 2318 856; x_wconf 82' lang='lat' dir='ltr'><strong>quippiam</strong></span> <span class='ocrx_word' id='word_1_143' title='bbox 2349 786 2573 855; x_wconf 88' lang='lat' dir='ltr'><strong>operari</strong></span> <span class='ocrx_word' id='word_1_144' title='bbox 2616 786 2692 841; x_wconf 91' lang='lat' dir='ltr'><strong>ad</strong></span> <span class='ocrx_word' id='word_1_145' title='bbox 2732 786 3045 841; x_wconf 86' lang='lat' dir='ltr'><strong>hominum</strong></span> <span class='ocrx_word' id='word_1_146' title='bbox 3084 787 3555 844; x_wconf 74' lang='lat' dir='ltr'><strong>ostentationem.</strong></span> <span class='ocrx_word' id='word_1_147' title='bbox 3590 790 3651 843; x_wconf 83' lang='lat' dir='ltr'><strong>Et</strong></span> 
     </span>
    </p>
   </div>
   <div class='ocr_carea' id='block_1_23' title="bbox 2005 872 3653 947">
    <p class='ocr_par' dir='ltr' id='par_1_23' title="bbox 2005 872 3653 947">
     <span class='ocr_line' id='line_1_23' title="bbox 2005 872 3653 947; baseline 0.002 -20"><span class='ocrx_word' id='word_1_148' title='bbox 2005 872 2138 927; x_wconf 85' lang='lat' dir='ltr'><strong>vide</strong></span> <span class='ocrx_word' id='word_1_149' title='bbox 2168 873 2325 929; x_wconf 90' lang='lat' dir='ltr'><strong>unde</strong></span> <span class='ocrx_word' id='word_1_150' title='bbox 2362 890 2495 929; x_wconf 89' lang='lat' dir='ltr'><strong>eam</strong></span> <span class='ocrx_word' id='word_1_151' title='bbox 2533 874 2775 945; x_wconf 77' lang='lat' dir='ltr'><strong>incipiat</strong></span> <span class='ocrx_word' id='word_1_152' title='bbox 2805 875 3127 946; x_wconf 78' lang='lat' dir='ltr'><strong>expellere;</strong></span> <span class='ocrx_word' id='word_1_153' title='bbox 3160 875 3237 930; x_wconf 91' lang='lat' dir='ltr'><strong>ab</strong></span> <span class='ocrx_word' id='word_1_154' title='bbox 3278 877 3653 947; x_wconf 79' lang='lat' dir='ltr'><strong>eleemosyna</strong></span> 
     </span>
    </p>
   </div>
   <div class='ocr_carea' id='block_1_24' title="bbox 2005 960 3652 1034">
    <p class='ocr_par' dir='ltr' id='par_1_24' title="bbox 2005 960 3652 1034">
     <span class='ocr_line' id='line_1_24' title="bbox 2005 960 3652 1034; baseline 0.003 -19"><span class='ocrx_word' id='word_1_155' title='bbox 2005 960 2291 1024; x_wconf 78' lang='lat' dir='ltr'><strong>videlicet,</strong></span> <span class='ocrx_word' id='word_1_156' title='bbox 2320 962 2585 1018; x_wconf 83' lang='lat' dir='ltr'><strong>oratione</strong></span> <span class='ocrx_word' id='word_1_157' title='bbox 2603 963 2892 1034; x_wconf 87' lang='lat' dir='ltr'><strong>etjejunio</strong></span> <span class='ocrx_word' id='word_1_158' title='bbox 2909 963 3181 1034; x_wconf 87' lang='lat' dir='ltr'><strong>:quiahis</strong></span> <span class='ocrx_word' id='word_1_159' title='bbox 3203 964 3461 1020; x_wconf 83' lang='lat' dir='ltr'><strong>maxime</strong></span> <span class='ocrx_word' id='word_1_160' title='bbox 3478 964 3652 1020; x_wconf 82' lang='lat' dir='ltr'><strong>bonis</strong></span> 
     </span>
    </p>
   </div>
   <div class='ocr_carea' id='block_1_25' title="bbox 2004 1049 3650 1120">
    <p class='ocr_par' dir='ltr' id='par_1_25' title="bbox 2004 1049 3650 1120">
     <span class='ocr_line' id='line_1_25' title="bbox 2004 1049 3650 1120; baseline 0.002 -15"><span class='ocrx_word' id='word_1_161' title='bbox 2004 1049 2281 1120; x_wconf 82' lang='lat' dir='ltr'><strong>operibus</strong></span> <span class='ocrx_word' id='word_1_162' title='bbox 2308 1050 2557 1106; x_wconf 86' lang='lat' dir='ltr'><strong>libenter</strong></span> <span class='ocrx_word' id='word_1_163' title='bbox 2588 1051 2926 1106; x_wconf 87' lang='lat' dir='ltr'><strong>insidiatur.</strong></span> <span class='ocrx_word' id='word_1_164' title='bbox 2967 1052 3128 1107; x_wconf 90' lang='lat' dir='ltr'><strong>Sicut</strong></span> <span class='ocrx_word' id='word_1_165' title='bbox 3160 1052 3488 1107; x_wconf 68' lang='lat' dir='ltr'><strong>Pharisaeus</strong></span> <span class='ocrx_word' id='word_1_166' title='bbox 3513 1068 3650 1108; x_wconf 90' lang='lat' dir='ltr'><strong>cum</strong></span> 
     </span>
    </p>
   </div>
   <div class='ocr_carea' id='block_1_26' title="bbox 2004 1138 3647 1209">
    <p class='ocr_par' dir='ltr' id='par_1_26' title="bbox 2004 1138 3647 1209">
     <span class='ocr_line' id='line_1_26' title="bbox 2004 1138 3647 1209; baseline 0.002 -17"><span class='ocrx_word' id='word_1_167' title='bbox 2004 1138 2370 1208; x_wconf 88' lang='lat' dir='ltr'><strong>inanigloria</strong></span> <span class='ocrx_word' id='word_1_168' title='bbox 2388 1139 2619 1205; x_wconf 88' lang='lat' dir='ltr'><strong>orabat,</strong></span> <span class='ocrx_word' id='word_1_169' title='bbox 2639 1138 2843 1194; x_wconf 90' lang='lat' dir='ltr'><strong>dicens</strong></span> <span class='ocrx_word' id='word_1_170' title='bbox 2871 1156 2881 1193; x_wconf 89' lang='lat'><strong>:</strong></span> <span class='ocrx_word' id='word_1_171' title='bbox 2908 1140 3127 1209; x_wconf 78' lang='lat' dir='ltr'><strong>Jejuno</strong></span> <span class='ocrx_word' id='word_1_172' title='bbox 3154 1139 3236 1195; x_wconf 74' lang='lat' dir='ltr'><strong>bis</strong></span> <span class='ocrx_word' id='word_1_173' title='bbox 3266 1141 3328 1195; x_wconf 75' lang='lat' dir='ltr'><strong>in</strong></span> <span class='ocrx_word' id='word_1_174' title='bbox 3345 1140 3591 1197; x_wconf 75' lang='lat' dir='ltr'><strong>Sabbato</strong></span> <span class='ocrx_word' id='word_1_175' title='bbox 3634 1158 3647 1196; x_wconf 90' lang='lat'><strong>:</strong></span> 
     </span>
    </p>
   </div>
   <div class='ocr_carea' id='block_1_27' title="bbox 2004 1227 3188 1300">
    <p class='ocr_par' dir='ltr' id='par_1_27' title="bbox 2004 1227 3188 1300">
     <span class='ocr_line' id='line_1_27' title="bbox 2004 1227 3188 1300; baseline 0 -17"><span class='ocrx_word' id='word_1_176' title='bbox 2004 1227 2252 1284; x_wconf 79' lang='lat' dir='ltr'><strong>decimas</strong></span> <span class='ocrx_word' id='word_1_177' title='bbox 2279 1228 2350 1284; x_wconf 81' lang='lat' dir='ltr'><strong>do</strong></span> <span class='ocrx_word' id='word_1_178' title='bbox 2375 1230 2641 1285; x_wconf 75' lang='lat' dir='ltr'><strong>omnium</strong></span> <span class='ocrx_word' id='word_1_179' title='bbox 2672 1244 2799 1300; x_wconf 62' lang='lat' dir='ltr'><strong>qua;</strong></span> <span class='ocrx_word' id='word_1_180' title='bbox 2824 1229 3090 1297; x_wconf 77' lang='lat' dir='ltr'><strong>possideo</strong></span> <span class='ocrx_word' id='word_1_181' title='bbox 3121 1230 3188 1283; x_wconf 73' lang='grc' dir='ltr'><strong>ι’.</strong></span> 
     </span>
    </p>
   </div>
   <div class='ocr_carea' id='block_1_28' title="bbox 2074 1404 3655 1471">
    <p class='ocr_par' dir='ltr' id='par_1_28' title="bbox 2074 1404 3655 1471">
     <span class='ocr_line' id='line_1_28' title="bbox 2074 1404 3655 1471; baseline 0.001 -11"><span class='ocrx_word' id='word_1_182' title='bbox 2074 1405 2221 1461; x_wconf 90' lang='lat' dir='ltr'><strong>Dicit</strong></span> <span class='ocrx_word' id='word_1_183' title='bbox 2262 1408 2462 1461; x_wconf 88' lang='lat' dir='ltr'><strong>autem</strong></span> <span class='ocrx_word' id='word_1_184' title='bbox 2496 1422 2509 1461; x_wconf 91' lang='lat'><strong>:</strong></span> <span class='ocrx_word' id='word_1_185' title='bbox 2556 1405 2875 1471; x_wconf 74' lang='lat' dir='ltr'><strong>Attendite,</strong></span> <span class='ocrx_word' id='word_1_186' title='bbox 2917 1405 3227 1461; x_wconf 78' lang='lat' dir='ltr'><strong>insinuans</strong></span> <span class='ocrx_word' id='word_1_187' title='bbox 3266 1404 3451 1461; x_wconf 78' lang='lat' dir='ltr'><strong>feram</strong></span> <span class='ocrx_word' id='word_1_188' title='bbox 3500 1406 3655 1462; x_wconf 90' lang='lat' dir='ltr'><strong>hanc</strong></span> 
     </span>
    </p>
   </div>
   <div class='ocr_carea' id='block_1_29' title="bbox 2002 1494 3649 1566">
    <p class='ocr_par' dir='ltr' id='par_1_29' title="bbox 2002 1494 3649 1566">
     <span class='ocr_line' id='line_1_29' title="bbox 2002 1494 3649 1566; baseline -0.001 -15"><span class='ocrx_word' id='word_1_189' title='bbox 2002 1494 2250 1551; x_wconf 86' lang='lat' dir='ltr'><strong>latenter</strong></span> <span class='ocrx_word' id='word_1_190' title='bbox 2296 1494 2354 1549; x_wconf 92' lang='lat' dir='ltr'><strong>in</strong></span> <span class='ocrx_word' id='word_1_191' title='bbox 2403 1494 2651 1549; x_wconf 90' lang='lat' dir='ltr'><strong>modum</strong></span> <span class='ocrx_word' id='word_1_192' title='bbox 2698 1494 2840 1549; x_wconf 79' lang='lat' dir='ltr'><strong>furis</strong></span> <span class='ocrx_word' id='word_1_193' title='bbox 2889 1494 3160 1566; x_wconf 86' lang='lat' dir='ltr'><strong>irrepere.</strong></span> <span class='ocrx_word' id='word_1_194' title='bbox 3215 1495 3422 1550; x_wconf 90' lang='lat' dir='ltr'><strong>Dicens</strong></span> <span class='ocrx_word' id='word_1_195' title='bbox 3471 1511 3649 1551; x_wconf 87' lang='lat' dir='ltr'><strong>vero:</strong></span> 
     </span>
    </p>
   </div>
   <div class='ocr_carea' id='block_1_30' title="bbox 2004 1584 3653 1653">
    <p class='ocr_par' dir='ltr' id='par_1_30' title="bbox 2004 1584 3653 1653">
     <span class='ocr_line' id='line_1_30' title="bbox 2004 1584 3653 1653; baseline 0.001 -14"><span class='ocrx_word' id='word_1_196' title='bbox 2004 1584 2300 1640; x_wconf 75' lang='lat' dir='ltr'><strong>Altendite</strong></span> <span class='ocrx_word' id='word_1_197' title='bbox 2327 1598 2400 1639; x_wconf 81' lang='lat' dir='ltr'><strong>ne</strong></span> <span class='ocrx_word' id='word_1_198' title='bbox 2428 1584 2853 1653; x_wconf 76' lang='lat' dir='ltr'><strong>elemosynam</strong></span> <span class='ocrx_word' id='word_1_199' title='bbox 2885 1590 3129 1639; x_wconf 76' lang='lat' dir='ltr'><strong>vestram</strong></span> <span class='ocrx_word' id='word_1_200' title='bbox 3153 1586 3436 1653; x_wconf 68' lang='lat' dir='ltr'><strong>prastetis</strong></span> <span class='ocrx_word' id='word_1_201' title='bbox 3457 1600 3653 1641; x_wconf 86' lang='lat' dir='ltr'><strong>coram</strong></span> 
     </span>
    </p>
   </div>
   <div class='ocr_carea' id='block_1_31' title="bbox 2006 1671 3654 1744">
    <p class='ocr_par' dir='ltr' id='par_1_31' title="bbox 2006 1671 3654 1744">
     <span class='ocr_line' id='line_1_31' title="bbox 2006 1671 3654 1744; baseline -0.001 -16"><span class='ocrx_word' id='word_1_202' title='bbox 2006 1672 2350 1738; x_wconf 77' lang='lat' dir='ltr'><strong>hominibus,</strong></span> <span class='ocrx_word' id='word_1_203' title='bbox 2383 1687 2502 1727; x_wconf 88' lang='lat' dir='ltr'><strong>non</strong></span> <span class='ocrx_word' id='word_1_204' title='bbox 2535 1671 2613 1726; x_wconf 93' lang='lat' dir='ltr'><strong>ibi</strong></span> <span class='ocrx_word' id='word_1_205' title='bbox 2640 1672 2989 1743; x_wconf 87' lang='lat' dir='ltr'><strong>permansit,</strong></span> <span class='ocrx_word' id='word_1_206' title='bbox 3016 1674 3183 1744; x_wconf 88' lang='lat' dir='ltr'><strong>quasi</strong></span> <span class='ocrx_word' id='word_1_207' title='bbox 3218 1673 3386 1728; x_wconf 80' lang='lat' dir='ltr'><strong>vellet</strong></span> <span class='ocrx_word' id='word_1_208' title='bbox 3417 1678 3479 1728; x_wconf 92' lang='lat' dir='ltr'><strong>ut</strong></span> <span class='ocrx_word' id='word_1_209' title='bbox 3507 1673 3654 1729; x_wconf 86' lang='lat' dir='ltr'><strong>indi-</strong></span> 
     </span>
    </p>
   </div>
   <div class='ocr_carea' id='block_1_32' title="bbox 2006 1760 3649 1832">
    <p class='ocr_par' dir='ltr' id='par_1_32' title="bbox 2006 1760 3649 1832">
     <span class='ocr_line' id='line_1_32' title="bbox 2006 1760 3649 1832; baseline -0.001 -16"><span class='ocrx_word' id='word_1_210' title='bbox 2006 1764 2242 1831; x_wconf 80' lang='lat' dir='ltr'><strong>gentem</strong></span> <span class='ocrx_word' id='word_1_211' title='bbox 2272 1765 2692 1831; x_wconf 61' lang='lat' dir='ltr'><strong>prastereas,ne</strong></span> <span class='ocrx_word' id='word_1_212' title='bbox 2709 1761 2813 1832; x_wconf 88' lang='lat' dir='ltr'><strong>qui</strong></span> <span class='ocrx_word' id='word_1_213' title='bbox 2832 1761 2945 1816; x_wconf 90' lang='lat' dir='ltr'><strong>hoc</strong></span> <span class='ocrx_word' id='word_1_214' title='bbox 2977 1760 3235 1825; x_wconf 86' lang='lat' dir='ltr'><strong>videant,</strong></span> <span class='ocrx_word' id='word_1_215' title='bbox 3269 1760 3372 1816; x_wconf 90' lang='lat' dir='ltr'><strong>sed</strong></span> <span class='ocrx_word' id='word_1_216' title='bbox 3395 1761 3649 1816; x_wconf 83' lang='lat' dir='ltr'><strong>addidit:</strong></span> 
     </span>
    </p>
   </div>
   <div class='ocr_carea' id='block_1_33' title="bbox 300 1846 1897 1926">
    <p class='ocr_par' dir='ltr' id='par_1_33' title="bbox 300 1846 1894 1926">
     <span class='ocr_line' id='line_1_33' title="bbox 300 1846 1894 1926; baseline -0.005 -21"><span class='ocrx_word' id='word_1_217' title='bbox 300 1850 542 1924; x_wconf 77' lang='grc' dir='ltr'>δεόμενον</span> <span class='ocrx_word' id='word_1_218' title='bbox 578 1873 590 1885; x_wconf 93' lang='grc'><strong>·</strong></span> <span class='ocrx_word' id='word_1_219' title='bbox 650 1850 778 1903; x_wconf 79' lang='grc' dir='ltr'>ἀλλὰ</span> <span class='ocrx_word' id='word_1_220' title='bbox 821 1852 1135 1926; x_wconf 84' lang='grc' dir='ltr'>προσέθηκε,</span> <span class='ocrx_word' id='word_1_221' title='bbox 1196 1852 1334 1921; x_wconf 87' lang='grc' dir='ltr'>Πρὸς</span> <span class='ocrx_word' id='word_1_222' title='bbox 1378 1851 1438 1900; x_wconf 88' lang='grc' dir='ltr'>τὸ</span> <span class='ocrx_word' id='word_1_223' title='bbox 1504 1848 1749 1906; x_wconf 83' lang='grc' dir='ltr'>θεαθῆναι</span> <span class='ocrx_word' id='word_1_224' title='bbox 1806 1846 1894 1897; x_wconf 86' lang='grc' dir='ltr'>ειύ-</span> 
     </span>
    </p>
   </div>
   <div class='ocr_carea' id='block_1_34' title="bbox 2016 1846 3654 1926">
    <p class='ocr_par' dir='ltr' id='par_1_34' title="bbox 2016 1848 3654 1919">
     <span class='ocr_line' id='line_1_34' title="bbox 2016 1848 3654 1919; baseline 0 -13"><span class='ocrx_word' id='word_1_225' title='bbox 2016 1851 2086 1906; x_wconf 78' lang='lat' dir='ltr'><strong>Ut</strong></span> <span class='ocrx_word' id='word_1_226' title='bbox 2114 1848 2556 1919; x_wconf 78' lang='lat' dir='ltr'><strong>eonspiciamini</strong></span> <span class='ocrx_word' id='word_1_227' title='bbox 2578 1849 2654 1904; x_wconf 87' lang='lat' dir='ltr'><strong>ab</strong></span> <span class='ocrx_word' id='word_1_228' title='bbox 2678 1849 2793 1915; x_wconf 75' lang='lat' dir='ltr'><strong>eis;</strong></span> <span class='ocrx_word' id='word_1_229' title='bbox 2826 1864 2896 1904; x_wconf 89' lang='lat' dir='ltr'><strong>ac</strong></span> <span class='ocrx_word' id='word_1_230' title='bbox 2926 1850 2970 1903; x_wconf 89' lang='lat' dir='ltr'><strong>si</strong></span> <span class='ocrx_word' id='word_1_231' title='bbox 2992 1850 3207 1905; x_wconf 87' lang='lat' dir='ltr'><strong>diceret</strong></span> <span class='ocrx_word' id='word_1_232' title='bbox 3237 1850 3551 1907; x_wconf 79' lang='lat' dir='ltr'><strong>:Attendite</strong></span> <span class='ocrx_word' id='word_1_233' title='bbox 3581 1865 3654 1906; x_wconf 93' lang='lat' dir='ltr'><strong>ne</strong></span> 
     </span>
    </p>
   </div>
   <div class='ocr_carea' id='block_1_35' title="bbox 295 1934 1895 2013">
    <p class='ocr_par' dir='ltr' id='par_1_35' title="bbox 295 1934 1895 2013">
     <span class='ocr_line' id='line_1_35' title="bbox 295 1934 1895 2013; baseline -0.005 -19"><span class='ocrx_word' id='word_1_234' title='bbox 295 1949 410 2003; x_wconf 90' lang='grc' dir='ltr'>τοῖς</span> <span class='ocrx_word' id='word_1_235' title='bbox 443 1963 455 1974; x_wconf 93' lang='grc'>·</span> <span class='ocrx_word' id='word_1_236' title='bbox 485 1940 663 2012; x_wconf 82' lang='grc' dir='ltr'>λέγων,</span> <span class='ocrx_word' id='word_1_237' title='bbox 718 1944 1032 2013; x_wconf 82' lang='grc' dir='ltr'>Προσέχετε,</span> <span class='ocrx_word' id='word_1_238' title='bbox 1065 1942 1136 2011; x_wconf 78' lang='grc' dir='ltr'>μὴ</span> <span class='ocrx_word' id='word_1_239' title='bbox 1182 1934 1274 1989; x_wconf 80' lang='grc' dir='ltr'>διὰ</span> <span class='ocrx_word' id='word_1_240' title='bbox 1318 1943 1468 1989; x_wconf 87' lang='grc' dir='ltr'>τοῦτο</span> <span class='ocrx_word' id='word_1_241' title='bbox 1518 1943 1682 1988; x_wconf 88' lang='grc' dir='ltr'>ποιεῖν</span> <span class='ocrx_word' id='word_1_242' title='bbox 1734 1935 1895 1993; x_wconf 78' lang='grc' dir='ltr'>αὐτὴν</span> 
     </span>
    </p>
   </div>
   <div class='ocr_carea' id='block_1_36' title="bbox 296 2023 1898 2102">
    <p class='ocr_par' dir='ltr' id='par_1_36' title="bbox 296 2023 1898 2102">
     <span class='ocr_line' id='line_1_36' title="bbox 296 2023 1898 2102; baseline -0.004 -21"><span class='ocrx_word' id='word_1_243' title='bbox 296 2031 511 2082; x_wconf 88' lang='grc' dir='ltr'>ἐνώπιον</span> <span class='ocrx_word' id='word_1_244' title='bbox 550 2037 649 2080; x_wconf 83' lang='grc' dir='ltr'>τῶν</span> <span class='ocrx_word' id='word_1_245' title='bbox 688 2027 989 2102; x_wconf 74' lang='grc' dir='ltr'>ἀνθρώπων,</span> <span class='ocrx_word' id='word_1_246' title='bbox 1036 2023 1130 2078; x_wconf 80' lang='grc' dir='ltr'><strong>διὰ</strong></span> <span class='ocrx_word' id='word_1_247' title='bbox 1174 2030 1233 2077; x_wconf 88' lang='grc' dir='ltr'>τὸ</span> <span class='ocrx_word' id='word_1_248' title='bbox 1283 2027 1529 2083; x_wconf 84' lang='grc' dir='ltr'>θεαθῆναι</span> <span class='ocrx_word' id='word_1_249' title='bbox 1582 2024 1779 2085; x_wconf 71' lang='grc' dir='ltr'>αὐτοῖς.</span> <span class='ocrx_word' id='word_1_250' title='bbox 1838 2024 1898 2075; x_wconf 86' lang='grc' dir='ltr'><strong>Εἰ</strong></span> 
     </span>
    </p>
   </div>
   <div class='ocr_carea' id='block_1_37' title="bbox 296 2110 1897 2193">
    <p class='ocr_par' dir='ltr' id='par_1_37' title="bbox 296 2110 1897 2193">
     <span class='ocr_line' id='line_1_37' title="bbox 296 2110 1897 2193; baseline -0.004 -22"><span class='ocrx_word' id='word_1_251' title='bbox 296 2121 400 2193; x_wconf 79' lang='grc' dir='ltr'>γὰρ</span> <span class='ocrx_word' id='word_1_252' title='bbox 449 2122 520 2190; x_wconf 81' lang='grc' dir='ltr'>μή</span> <span class='ocrx_word' id='word_1_253' title='bbox 563 2113 659 2170; x_wconf 73' lang='grc' dir='ltr'>διὰ</span> <span class='ocrx_word' id='word_1_254' title='bbox 708 2124 860 2168; x_wconf 82' lang='grc' dir='ltr'>τοῦτο</span> <span class='ocrx_word' id='word_1_255' title='bbox 902 2118 1097 2174; x_wconf 86' lang='grc' dir='ltr'>ταύτην</span> <span class='ocrx_word' id='word_1_256' title='bbox 1142 2114 1257 2185; x_wconf 75' lang='lat'><strong>(92)</strong></span> <span class='ocrx_word' id='word_1_257' title='bbox 1300 2118 1561 2179; x_wconf 83' lang='grc' dir='ltr'>ποιήσετε,</span> <span class='ocrx_word' id='word_1_258' title='bbox 1602 2110 1754 2165; x_wconf 67' lang='grc' dir='ltr'>ούδὶν</span> <span class='ocrx_word' id='word_1_259' title='bbox 1800 2133 1897 2165; x_wconf 81' lang='grc' dir='ltr'>κω-</span> 
     </span>
    </p>
   </div>
   <div class='ocr_carea' id='block_1_38' title="bbox 298 2200 1897 2279">
    <p class='ocr_par' dir='ltr' id='par_1_38' title="bbox 298 2200 1897 2279">
     <span class='ocr_line' id='line_1_38' title="bbox 298 2200 1897 2279; baseline -0.004 -20"><span class='ocrx_word' id='word_1_260' title='bbox 298 2206 412 2259; x_wconf 83' lang='grc' dir='ltr'>λύει</span> <span class='ocrx_word' id='word_1_261' title='bbox 460 2210 551 2258; x_wconf 82' lang='grc' dir='ltr'>καὶ</span> <span class='ocrx_word' id='word_1_262' title='bbox 604 2206 892 2279; x_wconf 73' lang='grc' dir='ltr'>ἔμπροσθεν</span> <span class='ocrx_word' id='word_1_263' title='bbox 946 2204 1111 2257; x_wconf 74' lang='grc' dir='ltr'>αὐτῶν</span> <span class='ocrx_word' id='word_1_264' title='bbox 1182 2206 1379 2260; x_wconf 88' lang='grc' dir='ltr'>ταύτην</span> <span class='ocrx_word' id='word_1_265' title='bbox 1424 2208 1609 2254; x_wconf 87' lang='grc' dir='ltr'>ποιεῖν.</span> <span class='ocrx_word' id='word_1_266' title='bbox 1662 2200 1722 2253; x_wconf 80' lang='grc' dir='ltr'><strong>Ὀ</strong></span> <span class='ocrx_word' id='word_1_267' title='bbox 1775 2220 1897 2254; x_wconf 77' lang='grc' dir='ltr'>σκο-</span> 
     </span>
    </p>
   </div>
   <div class='ocr_carea' id='block_1_39' title="bbox 302 2288 1896 2368">
    <p class='ocr_par' dir='ltr' id='par_1_39' title="bbox 302 2288 1896 2368">
     <span class='ocr_line' id='line_1_39' title="bbox 302 2288 1896 2368; baseline -0.003 -20"><span class='ocrx_word' id='word_1_268' title='bbox 302 2298 398 2356; x_wconf 89' lang='grc' dir='ltr'>πὸς</span> <span class='ocrx_word' id='word_1_269' title='bbox 438 2297 538 2368; x_wconf 78' lang='grc' dir='ltr'><strong>γὰρ</strong></span> <span class='ocrx_word' id='word_1_270' title='bbox 589 2294 754 2356; x_wconf 82' lang='grc' dir='ltr'>αύτῆς</span> <span class='ocrx_word' id='word_1_271' title='bbox 786 2292 1099 2357; x_wconf 76' lang='grc' dir='ltr'>ἐξετάζεται,</span> <span class='ocrx_word' id='word_1_272' title='bbox 1147 2291 1252 2363; x_wconf 88' lang='grc' dir='ltr'><strong>ούχ</strong></span> <span class='ocrx_word' id='word_1_273' title='bbox 1287 2292 1312 2342; x_wconf 88' lang='grc' dir='ltr'><strong>ό</strong></span> <span class='ocrx_word' id='word_1_274' title='bbox 1345 2295 1553 2363; x_wconf 83' lang='grc' dir='ltr'>τρόπος.</span> <span class='ocrx_word' id='word_1_275' title='bbox 1600 2288 1747 2344; x_wconf 78' lang='grc' dir='ltr'>Ἐστι</span> <span class='ocrx_word' id='word_1_276' title='bbox 1795 2294 1896 2364; x_wconf 79' lang='grc' dir='ltr'><strong>γὰρ</strong></span> 
     </span>
    </p>
   </div>
   <div class='ocr_carea' id='block_1_40' title="bbox 301 2380 1898 2456">
    <p class='ocr_par' dir='ltr' id='par_1_40' title="bbox 301 2380 1898 2456">
     <span class='ocr_line' id='line_1_40' title="bbox 301 2380 1898 2456; baseline -0.004 -20"><span class='ocrx_word' id='word_1_277' title='bbox 301 2390 393 2436; x_wconf 83' lang='grc' dir='ltr'>καὶ</span> <span class='ocrx_word' id='word_1_278' title='bbox 450 2385 739 2456; x_wconf 72' lang='grc' dir='ltr'>ἔμπροσθεν</span> <span class='ocrx_word' id='word_1_279' title='bbox 785 2390 882 2435; x_wconf 82' lang='grc' dir='ltr'><strong>τῶν</strong></span> <span class='ocrx_word' id='word_1_280' title='bbox 937 2380 1216 2455; x_wconf 81' lang='grc' dir='ltr'>ἀνθρώπων</span> <span class='ocrx_word' id='word_1_281' title='bbox 1272 2387 1543 2447; x_wconf 82' lang='grc' dir='ltr'>ποιοῦντα,</span> <span class='ocrx_word' id='word_1_282' title='bbox 1600 2383 1672 2453; x_wconf 75' lang='grc' dir='ltr'>μὴ</span> <span class='ocrx_word' id='word_1_283' title='bbox 1735 2386 1898 2433; x_wconf 86' lang='grc' dir='ltr'>ποιεῖν</span> 
     </span>
    </p>
   </div>
   <div class='ocr_carea' id='block_1_41' title="bbox 299 2465 1899 2546">
    <p class='ocr_par' dir='ltr' id='par_1_41' title="bbox 299 2465 1899 2546">
     <span class='ocr_line' id='line_1_41' title="bbox 299 2465 1899 2546; baseline -0.004 -21"><span class='ocrx_word' id='word_1_284' title='bbox 299 2475 428 2546; x_wconf 89' lang='grc' dir='ltr'>πρὸς</span> <span class='ocrx_word' id='word_1_285' title='bbox 468 2468 742 2537; x_wconf 75' lang='grc' dir='ltr'>ἐπίδειξιν,</span> <span class='ocrx_word' id='word_1_286' title='bbox 782 2468 928 2543; x_wconf 85' lang='grc' dir='ltr'>[ὅταν</span> <span class='ocrx_word' id='word_1_287' title='bbox 967 2470 1082 2539; x_wconf 87' lang='lat'><strong>(93)</strong></span> <span class='ocrx_word' id='word_1_288' title='bbox 1135 2488 1212 2529; x_wconf 90' lang='grc' dir='ltr'><strong>τις</strong></span> <span class='ocrx_word' id='word_1_289' title='bbox 1259 2465 1354 2521; x_wconf 79' lang='grc' dir='ltr'><strong>διὰ</strong></span> <span class='ocrx_word' id='word_1_290' title='bbox 1394 2474 1555 2541; x_wconf 87' lang='grc' dir='ltr'>μόνην</span> <span class='ocrx_word' id='word_1_291' title='bbox 1601 2475 1723 2540; x_wconf 77' lang='grc' dir='ltr'>ποιῇ</span> <span class='ocrx_word' id='word_1_292' title='bbox 1769 2486 1899 2539; x_wconf 87' lang='grc' dir='ltr'>συμ-</span> 
     </span>
    </p>
   </div>
   <div class='ocr_carea' id='block_1_42' title="bbox 300 2557 1899 2631">
    <p class='ocr_par' dir='ltr' id='par_1_42' title="bbox 300 2557 1899 2631">
     <span class='ocr_line' id='line_1_42' title="bbox 300 2557 1899 2631; baseline -0.005 -17"><span class='ocrx_word' id='word_1_293' title='bbox 300 2562 521 2614; x_wconf 88' lang='grc' dir='ltr'>πάθειαν</span> <span class='ocrx_word' id='word_1_294' title='bbox 551 2580 564 2593; x_wconf 71' lang='grc' dir='ltr'><em>υ</em></span> <span class='ocrx_word' id='word_1_295' title='bbox 605 2563 696 2611; x_wconf 78' lang='grc' dir='ltr'>καὶ</span> <span class='ocrx_word' id='word_1_296' title='bbox 747 2563 819 2631; x_wconf 74' lang='grc' dir='ltr'>μὴ</span> <span class='ocrx_word' id='word_1_297' title='bbox 875 2559 1160 2630; x_wconf 77' lang='grc' dir='ltr'>ἴμπροσθεν</span> <span class='ocrx_word' id='word_1_298' title='bbox 1198 2557 1369 2609; x_wconf 78' lang='grc' dir='ltr'>αὐτῶν</span> <span class='ocrx_word' id='word_1_299' title='bbox 1415 2563 1684 2624; x_wconf 84' lang='grc' dir='ltr'>ποιοῦντα,</span> <span class='ocrx_word' id='word_1_300' title='bbox 1735 2562 1899 2610; x_wconf 82' lang='grc' dir='ltr'>ποιεῖν</span> 
     </span>
    </p>
   </div>
   <div class='ocr_carea' id='block_1_43' title="bbox 304 2642 1901 2722">
    <p class='ocr_par' dir='ltr' id='par_1_43' title="bbox 304 2642 1901 2722">
     <span class='ocr_line' id='line_1_43' title="bbox 304 2642 1901 2722; baseline -0.004 -21"><span class='ocrx_word' id='word_1_301' title='bbox 304 2652 436 2722; x_wconf 87' lang='grc' dir='ltr'>πρὸς</span> <span class='ocrx_word' id='word_1_302' title='bbox 465 2643 780 2717; x_wconf 81' lang='grc' dir='ltr'>ἐπίδειξιν,]</span> <span class='ocrx_word' id='word_1_303' title='bbox 815 2648 937 2699; x_wconf 87' lang='grc' dir='ltr'>ὅταν</span> <span class='ocrx_word' id='word_1_304' title='bbox 970 2650 1042 2718; x_wconf 82' lang='grc' dir='ltr'>μὴ</span> <span class='ocrx_word' id='word_1_305' title='bbox 1077 2642 1171 2698; x_wconf 85' lang='grc' dir='ltr'><strong>διὰ</strong></span> <span class='ocrx_word' id='word_1_306' title='bbox 1214 2647 1408 2703; x_wconf 89' lang='grc' dir='ltr'>ταύτην</span> <span class='ocrx_word' id='word_1_307' title='bbox 1439 2644 1553 2717; x_wconf 77' lang='grc'>(94)</span> <span class='ocrx_word' id='word_1_308' title='bbox 1591 2652 1736 2717; x_wconf 72' lang='grc' dir='ltr'>ποιῇ,</span> <span class='ocrx_word' id='word_1_309' title='bbox 1774 2642 1901 2695; x_wconf 77' lang='grc' dir='ltr'>ἀλλὰ</span> 
     </span>
    </p>
   </div>
   <div class='ocr_carea' id='block_1_44' title="bbox 305 2733 1435 2811">
    <p class='ocr_par' dir='ltr' id='par_1_44' title="bbox 305 2733 1435 2811">
     <span class='ocr_line' id='line_1_44' title="bbox 305 2733 1435 2811; baseline -0.002 -21"><span class='ocrx_word' id='word_1_310' title='bbox 305 2734 402 2790; x_wconf 78' lang='grc' dir='ltr'><strong>διὰ</strong></span> <span class='ocrx_word' id='word_1_311' title='bbox 427 2740 487 2790; x_wconf 88' lang='grc' dir='ltr'>τὸ</span> <span class='ocrx_word' id='word_1_312' title='bbox 513 2738 851 2811; x_wconf 75' lang='grc' dir='ltr'>κηρυχθῆναι</span> <span class='ocrx_word' id='word_1_313' title='bbox 882 2736 981 2787; x_wconf 79' lang='grc' dir='ltr'><strong>ὑπὸ</strong></span> <span class='ocrx_word' id='word_1_314' title='bbox 1012 2741 1103 2787; x_wconf 84' lang='grc' dir='ltr'>τοῦ</span> <span class='ocrx_word' id='word_1_315' title='bbox 1128 2733 1435 2795; x_wconf 86' lang='grc' dir='ltr'>ἐλεηθέντος.</span> 
     </span>
    </p>
   </div>
   <div class='ocr_carea' id='block_1_45' title="bbox 376 2818 1899 2896">
    <p class='ocr_par' dir='ltr' id='par_1_45' title="bbox 376 2818 1899 2896">
     <span class='ocr_line' id='line_1_45' title="bbox 376 2818 1899 2896; baseline -0.003 -17"><span class='ocrx_word' id='word_1_316' title='bbox 376 2827 581 2879; x_wconf 83' lang='grc' dir='ltr'>Μισθόν</span> <span class='ocrx_word' id='word_1_317' title='bbox 626 2821 706 2894; x_wconf 64' lang='grc' dir='ltr'><strong>δὲ,</strong></span> <span class='ocrx_word' id='word_1_318' title='bbox 754 2828 930 2896; x_wconf 79' lang='grc' dir='ltr'>φησὶν,</span> <span class='ocrx_word' id='word_1_319' title='bbox 978 2823 1072 2876; x_wconf 87' lang='grc' dir='ltr'><strong>ούκ</strong></span> <span class='ocrx_word' id='word_1_320' title='bbox 1109 2826 1258 2894; x_wconf 73' lang='grc' dir='ltr'>ἔχετε</span> <span class='ocrx_word' id='word_1_321' title='bbox 1281 2826 1426 2896; x_wconf 87' lang='grc' dir='ltr'>παρὰ</span> <span class='ocrx_word' id='word_1_322' title='bbox 1456 2830 1523 2893; x_wconf 81' lang='grc' dir='ltr'>τῷ</span> <span class='ocrx_word' id='word_1_323' title='bbox 1573 2830 1708 2894; x_wconf 84' lang='grc' dir='ltr'>Θεῷ,</span> <span class='ocrx_word' id='word_1_324' title='bbox 1760 2818 1899 2875; x_wconf 80' lang='grc' dir='ltr'>διότι</span> 
     </span>
    </p>
   </div>
   <div class='ocr_carea' id='block_1_46' title="bbox 305 2912 1899 2988">
    <p class='ocr_par' dir='ltr' id='par_1_46' title="bbox 305 2912 1899 2988">
     <span class='ocr_line' id='line_1_46' title="bbox 305 2912 1899 2988; baseline -0.002 -22"><span class='ocrx_word' id='word_1_325' title='bbox 305 2916 451 2988; x_wconf 79' lang='grc' dir='ltr'>παρὰ</span> <span class='ocrx_word' id='word_1_326' title='bbox 520 2912 807 2988; x_wconf 78' lang='grc' dir='ltr'>ἀνθρώποις</span> <span class='ocrx_word' id='word_1_327' title='bbox 867 2912 1164 2973; x_wconf 72' lang='grc' dir='ltr'>ἐζητήσατε</span> <span class='ocrx_word' id='word_1_328' title='bbox 1227 2913 1417 2982; x_wconf 86' lang='grc' dir='ltr'>μισθόν</span> <span class='ocrx_word' id='word_1_329' title='bbox 1486 2918 1582 2973; x_wconf 73' lang='grc' dir='ltr'>τῆς</span> <span class='ocrx_word' id='word_1_330' title='bbox 1656 2914 1899 2971; x_wconf 87' lang='grc' dir='ltr'>τοιαύτης</span> 
     </span>
    </p>
   </div>
   <div class='ocr_carea' id='block_1_47' title="bbox 309 3000 1898 3074">
    <p class='ocr_par' dir='ltr' id='par_1_47' title="bbox 309 3000 1898 3074">
     <span class='ocr_line' id='line_1_47' title="bbox 309 3000 1898 3074; baseline -0.001 -21"><span class='ocrx_word' id='word_1_331' title='bbox 309 3000 668 3074; x_wconf 85' lang='grc' dir='ltr'>ἐλεημοσύνης,</span> <span class='ocrx_word' id='word_1_332' title='bbox 729 3004 815 3054; x_wconf 84' lang='grc' dir='ltr'><strong>τόν</strong></span> <span class='ocrx_word' id='word_1_333' title='bbox 892 3002 1020 3073; x_wconf 71' lang='grc' dir='ltr'>ὑπερ</span> <span class='ocrx_word' id='word_1_334' title='bbox 1091 3002 1284 3059; x_wconf 85' lang='grc' dir='ltr'>ταύτης</span> <span class='ocrx_word' id='word_1_335' title='bbox 1362 3002 1586 3052; x_wconf 77' lang='grc' dir='ltr'>ἔπαινον.</span> <span class='ocrx_word' id='word_1_336' title='bbox 1662 3007 1898 3073; x_wconf 83' lang='grc' dir='ltr'>Συνεχῶς</span> 
     </span>
    </p>
   </div>
   <div class='ocr_carea' id='block_1_48' title="bbox 310 3086 1900 3162">
    <p class='ocr_par' dir='ltr' id='par_1_48' title="bbox 310 3086 1900 3162">
     <span class='ocr_line' id='line_1_48' title="bbox 310 3086 1900 3162; baseline -0.001 -19"><span class='ocrx_word' id='word_1_337' title='bbox 310 3086 369 3143; x_wconf 69' lang='grc' dir='ltr'>δε</span> <span class='ocrx_word' id='word_1_338' title='bbox 422 3092 631 3148; x_wconf 87' lang='grc' dir='ltr'>τιθησιν</span> <span class='ocrx_word' id='word_1_339' title='bbox 687 3088 734 3142; x_wconf 85' lang='grc' dir='ltr'><strong>ἐν</strong></span> <span class='ocrx_word' id='word_1_340' title='bbox 780 3096 891 3152; x_wconf 91' lang='grc' dir='ltr'>τοῖς</span> <span class='ocrx_word' id='word_1_341' title='bbox 947 3089 1115 3161; x_wconf 75' lang='grc' dir='ltr'>λόγοις</span> <span class='ocrx_word' id='word_1_342' title='bbox 1160 3091 1252 3140; x_wconf 87' lang='grc' dir='ltr'>τὸν</span> <span class='ocrx_word' id='word_1_343' title='bbox 1304 3092 1511 3162; x_wconf 87' lang='grc' dir='ltr'>Πατέρα</span> <span class='ocrx_word' id='word_1_344' title='bbox 1562 3091 1650 3140; x_wconf 84' lang='grc' dir='ltr'><strong>τόν</strong></span> <span class='ocrx_word' id='word_1_345' title='bbox 1694 3087 1742 3140; x_wconf 85' lang='grc' dir='ltr'><strong>ἐν</strong></span> <span class='ocrx_word' id='word_1_346' title='bbox 1791 3096 1900 3149; x_wconf 91' lang='grc' dir='ltr'>τοῖς</span> 
     </span>
    </p>
   </div>
   <div class='ocr_carea' id='block_1_49' title="bbox 306 3178 1618 3255">
    <p class='ocr_par' dir='ltr' id='par_1_49' title="bbox 306 3178 1618 3255">
     <span class='ocr_line' id='line_1_49' title="bbox 306 3178 1618 3255; baseline -0.002 -23"><span class='ocrx_word' id='word_1_347' title='bbox 306 3180 562 3255; x_wconf 87' lang='grc' dir='ltr'>ούρανοῖς,</span> <span class='ocrx_word' id='word_1_348' title='bbox 636 3178 882 3253; x_wconf 87' lang='grc' dir='ltr'>ἐντρέπων</span> <span class='ocrx_word' id='word_1_349' title='bbox 967 3178 1176 3243; x_wconf 87' lang='grc' dir='ltr'>αύτούς,</span> <span class='ocrx_word' id='word_1_350' title='bbox 1248 3178 1329 3229; x_wconf 86' lang='grc' dir='ltr'>ὅτι</span> <span class='ocrx_word' id='word_1_351' title='bbox 1412 3180 1618 3252; x_wconf 85' lang='grc' dir='ltr'>Πατέρα</span> 
     </span>
    </p>
   </div>
   <div class='ocr_carea' id='block_1_50' title="bbox 306 3265 1901 3344">
    <p class='ocr_par' dir='ltr' id='par_1_50' title="bbox 306 3265 1901 3344">
     <span class='ocr_line' id='line_1_50' title="bbox 306 3265 1901 3344; baseline -0.003 -22"><span class='ocrx_word' id='word_1_352' title='bbox 306 3269 565 3344; x_wconf 87' lang='grc' dir='ltr'>ούρανιον,</span> <span class='ocrx_word' id='word_1_353' title='bbox 614 3272 774 3338; x_wconf 82' lang='grc' dir='ltr'>γήῐνα</span> <span class='ocrx_word' id='word_1_354' title='bbox 829 3275 1096 3342; x_wconf 74' lang='grc' dir='ltr'>φρονοῦσι,</span> <span class='ocrx_word' id='word_1_355' title='bbox 1151 3270 1242 3319; x_wconf 82' lang='grc' dir='ltr'>καὶ</span> <span class='ocrx_word' id='word_1_356' title='bbox 1296 3265 1408 3337; x_wconf 80' lang='grc' dir='ltr'>ἅμα</span> <span class='ocrx_word' id='word_1_357' title='bbox 1462 3268 1781 3339; x_wconf 74' lang='grc' dir='ltr'>παραθήγων</span> <span class='ocrx_word' id='word_1_358' title='bbox 1835 3266 1901 3328; x_wconf 87' lang='grc' dir='ltr'><strong>εἰς</strong></span> 
     </span>
    </p>
   </div>
   <div class='ocr_carea' id='block_1_51' title="bbox 306 3353 1484 3429">
    <p class='ocr_par' dir='ltr' id='par_1_51' title="bbox 306 3353 1484 3429">
     <span class='ocr_line' id='line_1_51' title="bbox 306 3353 1484 3429; baseline -0.003 -20"><span class='ocrx_word' id='word_1_359' title='bbox 306 3361 368 3409; x_wconf 86' lang='grc' dir='ltr'>τὸ</span> <span class='ocrx_word' id='word_1_360' title='bbox 400 3356 765 3409; x_wconf 88' lang='grc' dir='ltr'>πολιτεύεσθαι</span> <span class='ocrx_word' id='word_1_361' title='bbox 804 3353 965 3417; x_wconf 74' lang='grc' dir='ltr'>ἀξίως</span> <span class='ocrx_word' id='word_1_362' title='bbox 990 3358 1222 3407; x_wconf 88' lang='grc' dir='ltr'>τοιούτου</span> <span class='ocrx_word' id='word_1_363' title='bbox 1261 3358 1484 3429; x_wconf 91' lang='grc' dir='ltr'>Πατρός.</span> 
     </span>
    </p>
   </div>
   <div class='ocr_carea' id='block_1_52' title="bbox 381 3443 1901 3520">
    <p class='ocr_par' dir='ltr' id='par_1_52' title="bbox 381 3443 1901 3520">
     <span class='ocr_line' id='line_1_52' title="bbox 381 3443 1901 3520; baseline -0.001 -23"><span class='ocrx_word' id='word_1_364' title='bbox 381 3444 545 3497; x_wconf 85' lang='grc' dir='ltr'>Ὀταν</span> <span class='ocrx_word' id='word_1_365' title='bbox 602 3474 666 3483; x_wconf 91' lang='grc'><strong>-</strong></span> <span class='ocrx_word' id='word_1_366' title='bbox 722 3443 909 3495; x_wconf 77' lang='grc' dir='ltr'>αὐτῶν.</span> <span class='ocrx_word' id='word_1_367' title='bbox 966 3443 1233 3496; x_wconf 86' lang='grc' dir='ltr'>Ἐπιτείνιι</span> <span class='ocrx_word' id='word_1_368' title='bbox 1300 3448 1394 3502; x_wconf 80' lang='grc' dir='ltr'>τὴν</span> <span class='ocrx_word' id='word_1_369' title='bbox 1461 3443 1757 3520; x_wconf 73' lang='grc' dir='ltr'>ἀποτροπὴν</span> <span class='ocrx_word' id='word_1_370' title='bbox 1810 3453 1901 3506; x_wconf 81' lang='grc' dir='ltr'>τῆς</span> 
     </span>
    </p>
   </div>
   <div class='ocr_carea' id='block_1_53' title="bbox 315 3527 1899 3607">
    <p class='ocr_par' dir='ltr' id='par_1_53' title="bbox 315 3527 1899 3607">
     <span class='ocr_line' id='line_1_53' title="bbox 315 3527 1899 3607; baseline 0.001 -21"><span class='ocrx_word' id='word_1_371' title='bbox 315 3536 446 3607; x_wconf 85' lang='grc' dir='ltr'>πρὸς</span> <span class='ocrx_word' id='word_1_372' title='bbox 524 3527 775 3594; x_wconf 80' lang='grc' dir='ltr'>ἐπίδειξιν</span> <span class='ocrx_word' id='word_1_373' title='bbox 859 3530 1221 3603; x_wconf 79' lang='grc' dir='ltr'>ἐλεημοσύνης.</span> <span class='ocrx_word' id='word_1_374' title='bbox 1303 3537 1390 3592; x_wconf 79' lang='grc' dir='ltr'><strong>Μὴ</strong></span> <span class='ocrx_word' id='word_1_375' title='bbox 1480 3533 1742 3606; x_wconf 71' lang='grc' dir='ltr'>σαλπίσῃς</span> <span class='ocrx_word' id='word_1_376' title='bbox 1820 3531 1899 3603; x_wconf 82' lang='grc' dir='ltr'><strong>δέ,</strong></span> 
     </span>
    </p>
   </div>
   <div class='ocr_carea' id='block_1_54' title="bbox 315 3617 1900 3694">
    <p class='ocr_par' dir='ltr' id='par_1_54' title="bbox 315 3617 1900 3694">
     <span class='ocr_line' id='line_1_54' title="bbox 315 3617 1900 3694; baseline 0.001 -20"><span class='ocrx_word' id='word_1_377' title='bbox 315 3620 427 3674; x_wconf 73' lang='grc' dir='ltr'>ἀντὶ</span> <span class='ocrx_word' id='word_1_378' title='bbox 467 3627 581 3688; x_wconf 82' lang='grc' dir='ltr'>τοῦ,</span> <span class='ocrx_word' id='word_1_379' title='bbox 612 3624 684 3692; x_wconf 83' lang='grc' dir='ltr'>μὴ</span> <span class='ocrx_word' id='word_1_380' title='bbox 732 3617 1115 3694; x_wconf 78' lang='grc' dir='ltr'>δημοσιεύσης,</span> <span class='ocrx_word' id='word_1_381' title='bbox 1174 3623 1293 3694; x_wconf 85' lang='grc' dir='ltr'>πρὸς</span> <span class='ocrx_word' id='word_1_382' title='bbox 1347 3626 1406 3674; x_wconf 89' lang='grc' dir='ltr'><strong>τό</strong></span> <span class='ocrx_word' id='word_1_383' title='bbox 1442 3624 1743 3694; x_wconf 85' lang='grc' dir='ltr'>γνωσθῆναι</span> <span class='ocrx_word' id='word_1_384' title='bbox 1792 3632 1900 3685; x_wconf 91' lang='grc' dir='ltr'>τοῖς</span> 
     </span>
    </p>
   </div>
   <div class='ocr_carea' id='block_1_55' title="bbox 310 3709 1901 3785">
    <p class='ocr_par' dir='ltr' id='par_1_55' title="bbox 310 3709 1901 3785">
     <span class='ocr_line' id='line_1_55' title="bbox 310 3709 1901 3785; baseline 0.001 -23"><span class='ocrx_word' id='word_1_385' title='bbox 310 3709 625 3783; x_wconf 79' lang='grc' dir='ltr'>ἀνθρώποις,</span> <span class='ocrx_word' id='word_1_386' title='bbox 704 3711 769 3761; x_wconf 86' lang='grc' dir='ltr'>Οἰ</span> <span class='ocrx_word' id='word_1_387' title='bbox 848 3712 949 3783; x_wconf 85' lang='grc' dir='ltr'><strong>γὰρ</strong></span> <span class='ocrx_word' id='word_1_388' title='bbox 1027 3709 1362 3771; x_wconf 78' lang='grc' dir='ltr'>σαλπίζοντες</span> <span class='ocrx_word' id='word_1_389' title='bbox 1421 3714 1549 3785; x_wconf 89' lang='grc' dir='ltr'>πρὸς</span> <span class='ocrx_word' id='word_1_390' title='bbox 1617 3715 1675 3763; x_wconf 88' lang='grc' dir='ltr'>τὸ</span> <span class='ocrx_word' id='word_1_391' title='bbox 1747 3710 1901 3764; x_wconf 77' lang='grc' dir='ltr'>ἀκου-</span> 
     </span>
    </p>
   </div>
   <div class='ocr_carea' id='block_1_56' title="bbox 309 3796 1901 3868">
    <p class='ocr_par' dir='ltr' id='par_1_56' title="bbox 309 3796 1901 3868">
     <span class='ocr_line' id='line_1_56' title="bbox 309 3796 1901 3868; baseline 0.001 -17"><span class='ocrx_word' id='word_1_392' title='bbox 309 3800 499 3857; x_wconf 83' lang='grc' dir='ltr'>σθῆναι</span> <span class='ocrx_word' id='word_1_393' title='bbox 532 3805 606 3868; x_wconf 83' lang='grc' dir='ltr'>τῷ</span> <span class='ocrx_word' id='word_1_394' title='bbox 636 3797 818 3855; x_wconf 76' lang='grc' dir='ltr'>πλήθει</span> <span class='ocrx_word' id='word_1_395' title='bbox 867 3796 1205 3858; x_wconf 76' lang='grc' dir='ltr'>σαλπίζουσι.</span> <span class='ocrx_word' id='word_1_396' title='bbox 1253 3805 1388 3853; x_wconf 75' lang='grc' dir='ltr'>Φασι</span> <span class='ocrx_word' id='word_1_397' title='bbox 1424 3796 1483 3851; x_wconf 81' lang='grc' dir='ltr'>δέ</span> <span class='ocrx_word' id='word_1_398' title='bbox 1523 3819 1671 3863; x_wconf 87' lang='grc' dir='ltr'>τινες,</span> <span class='ocrx_word' id='word_1_399' title='bbox 1724 3802 1803 3853; x_wconf 85' lang='grc' dir='ltr'>ὅτι</span> <span class='ocrx_word' id='word_1_400' title='bbox 1853 3803 1901 3853; x_wconf 79' lang='grc' dir='ltr'>οἱ</span> 
     </span>
    </p>
   </div>
   <div class='ocr_carea' id='block_1_57' title="bbox 305 3882 1899 3960">
    <p class='ocr_par' dir='ltr' id='par_1_57' title="bbox 305 3882 1899 3960">
     <span class='ocr_line' id='line_1_57' title="bbox 305 3882 1899 3960; baseline 0.002 -21"><span class='ocrx_word' id='word_1_401' title='bbox 305 3888 583 3960; x_wconf 79' lang='grc' dir='ltr'>ὑποκριταὶ</span> <span class='ocrx_word' id='word_1_402' title='bbox 630 3890 745 3938; x_wconf 89' lang='grc' dir='ltr'>τότε</span> <span class='ocrx_word' id='word_1_403' title='bbox 798 3882 892 3937; x_wconf 75' lang='grc' dir='ltr'><strong>διὰ</strong></span> <span class='ocrx_word' id='word_1_404' title='bbox 950 3886 1237 3957; x_wconf 73' lang='grc' dir='ltr'>σάλπιγγος</span> <span class='ocrx_word' id='word_1_405' title='bbox 1287 3887 1598 3940; x_wconf 84' lang='grc' dir='ltr'>συνεκάλουν</span> <span class='ocrx_word' id='word_1_406' title='bbox 1648 3892 1764 3949; x_wconf 85' lang='grc' dir='ltr'>τούς</span> <span class='ocrx_word' id='word_1_407' title='bbox 1807 3885 1899 3942; x_wconf 83' lang='grc' dir='ltr'><strong>δε-</strong></span> 
     </span>
    </p>
   </div>
   <div class='ocr_carea' id='block_1_58' title="bbox 309 3971 1898 4049">
    <p class='ocr_par' dir='ltr' id='par_1_58' title="bbox 309 3971 1898 4049">
     <span class='ocr_line' id='line_1_58' title="bbox 309 3971 1898 4049; baseline 0.003 -24"><span class='ocrx_word' id='word_1_408' title='bbox 309 3978 545 4044; x_wconf 81' lang='grc' dir='ltr'>σμένους.</span> <span class='ocrx_word' id='word_1_409' title='bbox 620 3973 924 4047; x_wconf 80' lang='grc' dir='ltr'>’Υποκριτὴς</span> <span class='ocrx_word' id='word_1_410' title='bbox 980 3971 1042 4027; x_wconf 83' lang='grc' dir='ltr'>δέ</span> <span class='ocrx_word' id='word_1_411' title='bbox 1110 3974 1271 4045; x_wconf 85' lang='grc' dir='ltr'>ἐστιν,</span> <span class='ocrx_word' id='word_1_412' title='bbox 1329 3976 1356 4027; x_wconf 92' lang='grc' dir='ltr'><strong>ό</strong></span> <span class='ocrx_word' id='word_1_413' title='bbox 1408 3976 1575 4048; x_wconf 78' lang='grc' dir='ltr'>ἕτερον</span> <span class='ocrx_word' id='word_1_414' title='bbox 1653 3980 1743 4049; x_wconf 69' lang='grc' dir='ltr'><strong>μεν</strong></span> <span class='ocrx_word' id='word_1_415' title='bbox 1810 3978 1898 4047; x_wconf 84' lang='grc' dir='ltr'>ὢν,</span> 
     </span>
    </p>
   </div>
   <div class='ocr_carea' id='block_1_59' title="bbox 303 4059 1895 4137">
    <p class='ocr_par' dir='ltr' id='par_1_59' title="bbox 303 4059 1895 4137">
     <span class='ocr_line' id='line_1_59' title="bbox 303 4059 1895 4137; baseline 0.003 -23"><span class='ocrx_word' id='word_1_416' title='bbox 303 4062 472 4135; x_wconf 77' lang='grc' dir='ltr'>ἕτερον</span> <span class='ocrx_word' id='word_1_417' title='bbox 553 4059 612 4115; x_wconf 74' lang='grc' dir='ltr'>δε</span> <span class='ocrx_word' id='word_1_418' title='bbox 690 4067 1006 4134; x_wconf 74' lang='grc' dir='ltr'>φαινόμενος,</span> <span class='ocrx_word' id='word_1_419' title='bbox 1073 4059 1146 4114; x_wconf 84' lang='grc' dir='ltr'><strong>δι’</strong></span> <span class='ocrx_word' id='word_1_420' title='bbox 1214 4062 1540 4137; x_wconf 82' lang='grc' dir='ltr'>ἀνθρωπίνην</span> <span class='ocrx_word' id='word_1_421' title='bbox 1602 4063 1895 4137; x_wconf 79' lang='grc' dir='ltr'>ἀρέσκέιαν.</span> 
     </span>
    </p>
   </div>
   <div class='ocr_carea' id='block_1_60' title="bbox 306 4148 1894 4225">
    <p class='ocr_par' dir='ltr' id='par_1_60' title="bbox 306 4148 1894 4225">
     <span class='ocr_line' id='line_1_60' title="bbox 306 4148 1894 4225; baseline 0.002 -21"><span class='ocrx_word' id='word_1_422' title='bbox 306 4148 561 4204; x_wconf 75' lang='grc' dir='ltr'>Κάκείνων</span> <span class='ocrx_word' id='word_1_423' title='bbox 616 4152 715 4224; x_wconf 83' lang='grc' dir='ltr'><strong>γὰρ</strong></span> <span class='ocrx_word' id='word_1_424' title='bbox 770 4154 829 4203; x_wconf 83' lang='grc' dir='ltr'>τὸ</span> <span class='ocrx_word' id='word_1_425' title='bbox 902 4154 993 4222; x_wconf 73' lang='grc' dir='ltr'>μὶν</span> <span class='ocrx_word' id='word_1_426' title='bbox 1047 4158 1373 4225; x_wconf 86' lang='grc' dir='ltr'>προσωπεῖον</span> <span class='ocrx_word' id='word_1_427' title='bbox 1425 4151 1770 4225; x_wconf 84' lang='grc' dir='ltr'>ἐλεημοσύνης</span> <span class='ocrx_word' id='word_1_428' title='bbox 1815 4152 1894 4213; x_wconf 80' lang='grc' dir='ltr'><strong>ἧν·</strong></span> 
     </span>
    </p>
   </div>
   <div class='ocr_carea' id='block_1_61' title="bbox 301 4234 1900 4312">
    <p class='ocr_par' dir='ltr' id='par_1_61' title="bbox 301 4234 1900 4312">
     <span class='ocr_line' id='line_1_61' title="bbox 301 4234 1900 4312; baseline 0.004 -22"><span class='ocrx_word' id='word_1_429' title='bbox 301 4241 362 4289; x_wconf 88' lang='grc' dir='ltr'><strong>τό</strong></span> <span class='ocrx_word' id='word_1_430' title='bbox 423 4234 482 4291; x_wconf 71' lang='grc' dir='ltr'><strong>δὲ</strong></span> <span class='ocrx_word' id='word_1_431' title='bbox 534 4242 833 4311; x_wconf 89' lang='grc' dir='ltr'>πρόσωπον,</span> <span class='ocrx_word' id='word_1_432' title='bbox 886 4234 1220 4311; x_wconf 81' lang='grc' dir='ltr'>δοξομανίας.</span> <span class='ocrx_word' id='word_1_433' title='bbox 1279 4240 1571 4312; x_wconf 83' lang='grc' dir='ltr'>’Δπέχουσι</span> <span class='ocrx_word' id='word_1_434' title='bbox 1638 4240 1721 4308; x_wconf 66' lang='grc' dir='ltr'><strong>δὲ,</strong></span> <span class='ocrx_word' id='word_1_435' title='bbox 1786 4242 1900 4297; x_wconf 80' lang='grc' dir='ltr'><strong>ἀντὶ</strong></span> 
     </span>
    </p>
   </div>
   <div class='ocr_carea' id='block_1_62' title="bbox 300 4328 658 4398">
    <p class='ocr_par' dir='ltr' id='par_1_62' title="bbox 300 4328 658 4398">
     <span class='ocr_line' id='line_1_62' title="bbox 300 4328 658 4398; baseline 0.003 -19"><span class='ocrx_word' id='word_1_436' title='bbox 300 4333 416 4397; x_wconf 84' lang='grc' dir='ltr'>τοῦ,</span> <span class='ocrx_word' id='word_1_437' title='bbox 447 4328 658 4398; x_wconf 79' lang='grc' dir='ltr'>έχουσι,</span> 
     </span>
    </p>
   </div>
   <div class='ocr_carea' id='block_1_63' title="bbox 374 4411 1899 4491">
    <p class='ocr_par' dir='ltr' id='par_1_63' title="bbox 374 4411 1899 4491">
     <span class='ocr_line' id='line_1_63' title="bbox 374 4411 1899 4491; baseline 0.004 -23"><span class='ocrx_word' id='word_1_438' title='bbox 374 4421 471 4468; x_wconf 80' lang='grc' dir='ltr'><strong>Σοῦ</strong></span> <span class='ocrx_word' id='word_1_439' title='bbox 503 4411 651 4467; x_wconf 66' lang='lat'><strong>6&quot;:—</strong></span> <span class='ocrx_word' id='word_1_440' title='bbox 682 4434 765 4468; x_wconf 91' lang='grc' dir='ltr'><strong>σοι</strong></span> <span class='ocrx_word' id='word_1_441' title='bbox 794 4414 929 4487; x_wconf 81' lang='grc'>(95).</span> <span class='ocrx_word' id='word_1_442' title='bbox 962 4415 1152 4486; x_wconf 81' lang='grc' dir='ltr'>Εἰπὼν,</span> <span class='ocrx_word' id='word_1_443' title='bbox 1182 4423 1294 4480; x_wconf 84' lang='grc' dir='ltr'>πῶς</span> <span class='ocrx_word' id='word_1_444' title='bbox 1331 4413 1416 4470; x_wconf 77' lang='grc' dir='ltr'>δεῖ</span> <span class='ocrx_word' id='word_1_445' title='bbox 1450 4422 1521 4491; x_wconf 74' lang='grc' dir='ltr'>μὴ</span> <span class='ocrx_word' id='word_1_446' title='bbox 1564 4427 1748 4487; x_wconf 91' lang='grc' dir='ltr'>ποιεῖν,</span> <span class='ocrx_word' id='word_1_447' title='bbox 1796 4419 1899 4473; x_wconf 85' lang='grc' dir='ltr'>λοι-</span> 
     </span>
    </p>
   </div>
   <div class='ocr_carea' id='block_1_64' title="bbox 303 4500 1189 4575">
    <p class='ocr_par' dir='ltr' id='par_1_64' title="bbox 303 4500 1189 4575">
     <span class='ocr_line' id='line_1_64' title="bbox 303 4500 1189 4575; baseline 0.002 -18"><span class='ocrx_word' id='word_1_448' title='bbox 303 4505 401 4557; x_wconf 85' lang='grc' dir='ltr'>πὸν</span> <span class='ocrx_word' id='word_1_449' title='bbox 433 4502 587 4575; x_wconf 81' lang='grc' dir='ltr'>λέγει,</span> <span class='ocrx_word' id='word_1_450' title='bbox 619 4508 708 4556; x_wconf 83' lang='grc' dir='ltr'>καὶ</span> <span class='ocrx_word' id='word_1_451' title='bbox 741 4511 850 4565; x_wconf 87' lang='grc' dir='ltr'>πῶς</span> <span class='ocrx_word' id='word_1_452' title='bbox 891 4500 973 4557; x_wconf 79' lang='grc' dir='ltr'>δεῖ</span> <span class='ocrx_word' id='word_1_453' title='bbox 1000 4512 1189 4561; x_wconf 88' lang='grc' dir='ltr'>ποιεῖν.</span> 
     </span>
    </p>
   </div>
   <div class='ocr_carea' id='block_1_65' title="bbox 380 4676 1897 4759">
    <p class='ocr_par' dir='ltr' id='par_1_65' title="bbox 380 4676 1897 4759">
     <span class='ocr_line' id='line_1_65' title="bbox 380 4676 1897 4759; baseline 0.005 -27"><span class='ocrx_word' id='word_1_454' title='bbox 380 4678 634 4733; x_wconf 84' lang='grc' dir='ltr'>Ἐνταῦθα</span> <span class='ocrx_word' id='word_1_455' title='bbox 672 4676 753 4751; x_wconf 70' lang='grc' dir='ltr'>δε,</span> <span class='ocrx_word' id='word_1_456' title='bbox 793 4677 887 4734; x_wconf 81' lang='grc' dir='ltr'><strong>διὰ</strong></span> <span class='ocrx_word' id='word_1_457' title='bbox 932 4689 1028 4744; x_wconf 82' lang='grc' dir='ltr'>τῆς</span> <span class='ocrx_word' id='word_1_458' title='bbox 1071 4680 1349 4759; x_wconf 78' lang='grc' dir='ltr'>ἀριστερᾶς</span> <span class='ocrx_word' id='word_1_459' title='bbox 1391 4687 1592 4759; x_wconf 87' lang='grc' dir='ltr'>χειρὸς,</span> <span class='ocrx_word' id='word_1_460' title='bbox 1642 4689 1762 4750; x_wconf 85' lang='grc' dir='ltr'>τοὺς</span> <span class='ocrx_word' id='word_1_461' title='bbox 1809 4685 1897 4758; x_wconf 85' lang='grc' dir='ltr'>ἐγ-</span> 
     </span>
    </p>
   </div>
   <div class='ocr_carea' id='block_1_66' title="bbox 303 4769 1899 4849">
    <p class='ocr_par' dir='ltr' id='par_1_66' title="bbox 303 4769 1899 4849">
     <span class='ocr_line' id='line_1_66' title="bbox 303 4769 1899 4849; baseline 0.004 -29"><span class='ocrx_word' id='word_1_462' title='bbox 303 4770 511 4842; x_wconf 83' lang='grc' dir='ltr'>γυτάτω</span> <span class='ocrx_word' id='word_1_463' title='bbox 567 4775 656 4823; x_wconf 80' lang='grc' dir='ltr'>καὶ</span> <span class='ocrx_word' id='word_1_464' title='bbox 725 4769 1068 4833; x_wconf 86' lang='grc' dir='ltr'>οἰκειοτάτους</span> <span class='ocrx_word' id='word_1_465' title='bbox 1117 4772 1349 4843; x_wconf 71' lang='grc' dir='ltr'>ᾐνίξατο.</span> <span class='ocrx_word' id='word_1_466' title='bbox 1402 4770 1569 4827; x_wconf 68' lang='grc' dir='ltr'>Ούδὶν</span> <span class='ocrx_word' id='word_1_467' title='bbox 1639 4776 1740 4849; x_wconf 86' lang='grc' dir='ltr'><strong>γάρ</strong></span> <span class='ocrx_word' id='word_1_468' title='bbox 1814 4794 1899 4828; x_wconf 92' lang='grc' dir='ltr'><strong>σοι</strong></span> 
     </span>
    </p>
   </div>
   <div class='ocr_carea' id='block_1_67' title="bbox 302 4858 1897 4936">
    <p class='ocr_par' dir='ltr' id='par_1_67' title="bbox 302 4858 1897 4936">
     <span class='ocr_line' id='line_1_67' title="bbox 302 4858 1897 4936; baseline 0.005 -26"><span class='ocrx_word' id='word_1_469' title='bbox 302 4865 398 4919; x_wconf 75' lang='grc' dir='ltr'>τῆς</span> <span class='ocrx_word' id='word_1_470' title='bbox 443 4862 619 4933; x_wconf 87' lang='grc' dir='ltr'>χειρός</span> <span class='ocrx_word' id='word_1_471' title='bbox 669 4877 763 4912; x_wconf 88' lang='grc' dir='ltr'><strong>σου</strong></span> <span class='ocrx_word' id='word_1_472' title='bbox 820 4858 1092 4935; x_wconf 81' lang='grc' dir='ltr'>ἐγγύτερόν</span> <span class='ocrx_word' id='word_1_473' title='bbox 1124 4880 1179 4914; x_wconf 90' lang='grc' dir='ltr'><strong>τε</strong></span> <span class='ocrx_word' id='word_1_474' title='bbox 1234 4866 1325 4915; x_wconf 80' lang='grc' dir='ltr'>καὶ</span> <span class='ocrx_word' id='word_1_475' title='bbox 1371 4861 1699 4936; x_wconf 83' lang='grc' dir='ltr'>οἰκειότερον.</span> <span class='ocrx_word' id='word_1_476' title='bbox 1743 4861 1897 4924; x_wconf 63' lang='grc' dir='ltr'><strong>Μηδὲ</strong></span> 
     </span>
    </p>
   </div>
   <div class='ocr_carea' id='block_1_68' title="bbox 379 5008 913 5079">
    <p class='ocr_par' dir='ltr' id='par_1_68' title="bbox 379 5008 913 5079">
     <span class='ocr_line' id='line_1_68' title="bbox 379 5008 913 5079; baseline 0.011 -14"><span class='ocrx_word' id='word_1_477' title='bbox 379 5010 426 5048; x_wconf 72' lang='grc'>³³</span> <span class='ocrx_word' id='word_1_478' title='bbox 450 5008 595 5068; x_wconf 90' lang='lat' dir='ltr'><strong>Luc.</strong></span> <span class='ocrx_word' id='word_1_479' title='bbox 625 5026 790 5079; x_wconf 83' lang='lat' dir='ltr'><strong>xvm,</strong></span> <span class='ocrx_word' id='word_1_480' title='bbox 826 5015 913 5071; x_wconf 71' lang='lat'><strong>12.</strong></span> 
     </span>
    </p>
   </div>
   <div class='ocr_carea' id='block_1_69' title="bbox 2006 1938 3656 2011">
    <p class='ocr_par' dir='ltr' id='par_1_69' title="bbox 2006 1938 3656 2011">
     <span class='ocr_line' id='line_1_69' title="bbox 2006 1938 3656 2011; baseline 0.001 -18"><span class='ocrx_word' id='word_1_481' title='bbox 2006 1944 2249 2011; x_wconf 89' lang='lat' dir='ltr'><strong>propter</strong></span> <span class='ocrx_word' id='word_1_482' title='bbox 2285 1938 2399 1993; x_wconf 93' lang='lat' dir='ltr'><strong>hoc</strong></span> <span class='ocrx_word' id='word_1_483' title='bbox 2438 1952 2571 1992; x_wconf 89' lang='lat' dir='ltr'><strong>eam</strong></span> <span class='ocrx_word' id='word_1_484' title='bbox 2603 1952 2806 1993; x_wconf 90' lang='lat' dir='ltr'><strong>coram</strong></span> <span class='ocrx_word' id='word_1_485' title='bbox 2864 1938 3209 1993; x_wconf 89' lang='lat' dir='ltr'><strong>hominibus</strong></span> <span class='ocrx_word' id='word_1_486' title='bbox 3248 1938 3539 2004; x_wconf 88' lang='lat' dir='ltr'><strong>tribuatis,</strong></span> <span class='ocrx_word' id='word_1_487' title='bbox 3592 1943 3656 1996; x_wconf 88' lang='lat' dir='ltr'><strong>ut</strong></span> 
     </span>
    </p>
   </div>
   <div class='ocr_carea' id='block_1_70' title="bbox 2007 2025 3653 2099">
    <p class='ocr_par' dir='ltr' id='par_1_70' title="bbox 2007 2025 3653 2099">
     <span class='ocr_line' id='line_1_70' title="bbox 2007 2025 3653 2099; baseline 0.001 -17"><span class='ocrx_word' id='word_1_488' title='bbox 2007 2026 2453 2098; x_wconf 89' lang='lat' dir='ltr'><strong>conspiciamini</strong></span> <span class='ocrx_word' id='word_1_489' title='bbox 2482 2025 2559 2080; x_wconf 91' lang='lat' dir='ltr'><strong>ab</strong></span> <span class='ocrx_word' id='word_1_490' title='bbox 2571 2026 2654 2080; x_wconf 91' lang='lat' dir='ltr'><strong>eis</strong></span> <span class='ocrx_word' id='word_1_491' title='bbox 2684 2042 2696 2089; x_wconf 91' lang='lat'><strong>;</strong></span> <span class='ocrx_word' id='word_1_492' title='bbox 2726 2026 2772 2080; x_wconf 91' lang='lat' dir='ltr'><strong>si</strong></span> <span class='ocrx_word' id='word_1_493' title='bbox 2798 2025 2960 2081; x_wconf 91' lang='lat' dir='ltr'><strong>enim</strong></span> <span class='ocrx_word' id='word_1_494' title='bbox 2983 2042 3102 2083; x_wconf 89' lang='lat' dir='ltr'><strong>non</strong></span> <span class='ocrx_word' id='word_1_495' title='bbox 3123 2032 3362 2099; x_wconf 86' lang='lat' dir='ltr'><strong>propter</strong></span> <span class='ocrx_word' id='word_1_496' title='bbox 3380 2028 3496 2083; x_wconf 92' lang='lat' dir='ltr'><strong>hoc</strong></span> <span class='ocrx_word' id='word_1_497' title='bbox 3517 2044 3653 2084; x_wconf 90' lang='lat' dir='ltr'><strong>eam</strong></span> 
     </span>
    </p>
   </div>
   <div class='ocr_carea' id='block_1_71' title="bbox 2007 2112 3652 2186">
    <p class='ocr_par' dir='ltr' id='par_1_71' title="bbox 2007 2112 3652 2186">
     <span class='ocr_line' id='line_1_71' title="bbox 2007 2112 3652 2186; baseline 0.001 -15"><span class='ocrx_word' id='word_1_498' title='bbox 2007 2114 2305 2179; x_wconf 88' lang='lat' dir='ltr'><strong>dederitis,</strong></span> <span class='ocrx_word' id='word_1_499' title='bbox 2331 2112 2475 2169; x_wconf 89' lang='lat' dir='ltr'><strong>nihil</strong></span> <span class='ocrx_word' id='word_1_500' title='bbox 2492 2119 2648 2169; x_wconf 86' lang='lat' dir='ltr'><strong>vetat</strong></span> <span class='ocrx_word' id='word_1_501' title='bbox 2666 2114 2844 2169; x_wconf 88' lang='lat' dir='ltr'><strong>etiam</strong></span> <span class='ocrx_word' id='word_1_502' title='bbox 2863 2129 3064 2171; x_wconf 88' lang='lat' dir='ltr'><strong>coram</strong></span> <span class='ocrx_word' id='word_1_503' title='bbox 3090 2116 3235 2186; x_wconf 84' lang='lat' dir='ltr'><strong>ipsis</strong></span> <span class='ocrx_word' id='word_1_504' title='bbox 3253 2131 3386 2171; x_wconf 93' lang='lat' dir='ltr'><strong>eam</strong></span> <span class='ocrx_word' id='word_1_505' title='bbox 3401 2117 3652 2172; x_wconf 87' lang='lat' dir='ltr'><strong>tradere.</strong></span> 
     </span>
    </p>
   </div>
   <div class='ocr_carea' id='block_1_72' title="bbox 2011 2202 3656 2275">
    <p class='ocr_par' dir='ltr' id='par_1_72' title="bbox 2011 2202 3656 2275">
     <span class='ocr_line' id='line_1_72' title="bbox 2011 2202 3656 2275; baseline -0.001 -15"><span class='ocrx_word' id='word_1_506' title='bbox 2011 2203 2164 2260; x_wconf 82' lang='lat' dir='ltr'><strong>Finis</strong></span> <span class='ocrx_word' id='word_1_507' title='bbox 2195 2218 2451 2274; x_wconf 87' lang='lat' dir='ltr'><strong>namque</strong></span> <span class='ocrx_word' id='word_1_508' title='bbox 2482 2202 2611 2272; x_wconf 91' lang='lat' dir='ltr'><strong>ejus</strong></span> <span class='ocrx_word' id='word_1_509' title='bbox 2626 2202 2930 2275; x_wconf 65' lang='lat' dir='ltr'><strong>quaeritur,</strong></span> <span class='ocrx_word' id='word_1_510' title='bbox 2956 2219 3075 2259; x_wconf 91' lang='lat' dir='ltr'><strong>non</strong></span> <span class='ocrx_word' id='word_1_511' title='bbox 3099 2204 3332 2259; x_wconf 89' lang='lat' dir='ltr'><strong>modus.</strong></span> <span class='ocrx_word' id='word_1_512' title='bbox 3358 2203 3656 2274; x_wconf 89' lang='lat' dir='ltr'><strong>Contingit</strong></span> 
     </span>
    </p>
   </div>
   <div class='ocr_carea' id='block_1_73' title="bbox 2008 2290 3655 2349">
    <p class='ocr_par' dir='ltr' id='par_1_73' title="bbox 2008 2290 3655 2349">
     <span class='ocr_line' id='line_1_73' title="bbox 2008 2290 3655 2349; baseline -0.001 -1"><span class='ocrx_word' id='word_1_513' title='bbox 2008 2292 2168 2349; x_wconf 89' lang='lat' dir='ltr'><strong>enim</strong></span> <span class='ocrx_word' id='word_1_514' title='bbox 2237 2298 2293 2347; x_wconf 89' lang='lat' dir='ltr'><strong>et</strong></span> <span class='ocrx_word' id='word_1_515' title='bbox 2347 2306 2549 2347; x_wconf 90' lang='lat' dir='ltr'><strong>coram</strong></span> <span class='ocrx_word' id='word_1_516' title='bbox 2587 2290 2935 2346; x_wconf 87' lang='lat' dir='ltr'><strong>hominibus</strong></span> <span class='ocrx_word' id='word_1_517' title='bbox 2988 2292 3344 2347; x_wconf 85' lang='lat' dir='ltr'><strong>tribuentem</strong></span> <span class='ocrx_word' id='word_1_518' title='bbox 3403 2309 3525 2348; x_wconf 90' lang='lat' dir='ltr'><strong>non</strong></span> <span class='ocrx_word' id='word_1_519' title='bbox 3581 2293 3655 2347; x_wconf 91' lang='lat' dir='ltr'><strong>ad</strong></span> 
     </span>
    </p>
   </div>
   <div class='ocr_carea' id='block_1_74' title="bbox 2007 2378 3654 2452">
    <p class='ocr_par' dir='ltr' id='par_1_74' title="bbox 2007 2378 3654 2452">
     <span class='ocr_line' id='line_1_74' title="bbox 2007 2378 3654 2452; baseline -0.001 -15"><span class='ocrx_word' id='word_1_520' title='bbox 2007 2381 2467 2437; x_wconf 88' lang='lat' dir='ltr'><strong>ostentationem</strong></span> <span class='ocrx_word' id='word_1_521' title='bbox 2510 2378 2783 2451; x_wconf 72' lang='lat' dir='ltr'><strong>prmbere,</strong></span> <span class='ocrx_word' id='word_1_522' title='bbox 2832 2379 3077 2452; x_wconf 87' lang='lat' dir='ltr'><strong>quando</strong></span> <span class='ocrx_word' id='word_1_523' title='bbox 3110 2381 3243 2452; x_wconf 88' lang='lat' dir='ltr'><strong>quis</strong></span> <span class='ocrx_word' id='word_1_524' title='bbox 3286 2381 3413 2438; x_wconf 88' lang='lat' dir='ltr'><strong>sola</strong></span> <span class='ocrx_word' id='word_1_525' title='bbox 3454 2386 3654 2436; x_wconf 88' lang='lat' dir='ltr'><strong>motus</strong></span> 
     </span>
    </p>
   </div>
   <div class='ocr_carea' id='block_1_75' title="bbox 2008 2468 3653 2541">
    <p class='ocr_par' dir='ltr' id='par_1_75' title="bbox 2008 2468 3653 2541">
     <span class='ocr_line' id='line_1_75' title="bbox 2008 2468 3653 2541; baseline -0.002 -14"><span class='ocrx_word' id='word_1_526' title='bbox 2008 2470 2427 2541; x_wconf 88' lang='lat' dir='ltr'><strong>compassione</strong></span> <span class='ocrx_word' id='word_1_527' title='bbox 2492 2468 2718 2540; x_wconf 61' lang='lat' dir='ltr'><strong>prabet</strong></span> <span class='ocrx_word' id='word_1_528' title='bbox 2750 2485 2764 2536; x_wconf 89' lang='lat'><strong>;</strong></span> <span class='ocrx_word' id='word_1_529' title='bbox 2792 2476 2998 2524; x_wconf 92' lang='lat' dir='ltr'><strong>etnon</strong></span> <span class='ocrx_word' id='word_1_530' title='bbox 3046 2469 3402 2526; x_wconf 89' lang='lat' dir='ltr'><strong>tribuentem</strong></span> <span class='ocrx_word' id='word_1_531' title='bbox 3452 2486 3653 2526; x_wconf 89' lang='lat' dir='ltr'><strong>coram</strong></span> 
     </span>
    </p>
   </div>
   <div class='ocr_carea' id='block_1_76' title="bbox 2008 2556 3655 2630">
    <p class='ocr_par' dir='ltr' id='par_1_76' title="bbox 2008 2556 3655 2630">
     <span class='ocr_line' id='line_1_76' title="bbox 2008 2556 3655 2630; baseline 0.002 -17"><span class='ocrx_word' id='word_1_532' title='bbox 2008 2557 2361 2622; x_wconf 86' lang='lat' dir='ltr'><strong>hominibus,</strong></span> <span class='ocrx_word' id='word_1_533' title='bbox 2382 2556 2456 2612; x_wconf 90' lang='lat' dir='ltr'><strong>ad</strong></span> <span class='ocrx_word' id='word_1_534' title='bbox 2480 2557 3229 2625; x_wconf 87' lang='lat' dir='ltr'><strong>ostentationemtribuere,</strong></span> <span class='ocrx_word' id='word_1_535' title='bbox 3257 2558 3505 2630; x_wconf 87' lang='lat' dir='ltr'><strong>quando</strong></span> <span class='ocrx_word' id='word_1_536' title='bbox 3534 2573 3655 2616; x_wconf 87' lang='lat' dir='ltr'><strong>non</strong></span> 
     </span>
    </p>
   </div>
   <div class='ocr_carea' id='block_1_77' title="bbox 2006 2646 3656 2720">
    <p class='ocr_par' dir='ltr' id='par_1_77' title="bbox 2006 2646 3656 2720">
     <span class='ocr_line' id='line_1_77' title="bbox 2006 2646 3656 2720; baseline -0.001 -17"><span class='ocrx_word' id='word_1_537' title='bbox 2006 2647 2283 2703; x_wconf 89' lang='lat' dir='ltr'><strong>inductus</strong></span> <span class='ocrx_word' id='word_1_538' title='bbox 2311 2647 2731 2718; x_wconf 87' lang='lat' dir='ltr'><strong>compassione</strong></span> <span class='ocrx_word' id='word_1_539' title='bbox 2757 2646 2998 2718; x_wconf 66' lang='lat' dir='ltr'><strong>praebet,</strong></span> <span class='ocrx_word' id='word_1_540' title='bbox 3032 2647 3133 2703; x_wconf 86' lang='lat' dir='ltr'><strong>sed</strong></span> <span class='ocrx_word' id='word_1_541' title='bbox 3155 2652 3215 2703; x_wconf 92' lang='lat' dir='ltr'><strong>ut</strong></span> <span class='ocrx_word' id='word_1_542' title='bbox 3246 2663 3353 2719; x_wconf 92' lang='lat' dir='ltr'><strong>pro</strong></span> <span class='ocrx_word' id='word_1_543' title='bbox 3380 2662 3656 2720; x_wconf 86' lang='lat' dir='ltr'><strong>compas-</strong></span> 
     </span>
    </p>
   </div>
   <div class='ocr_carea' id='block_1_78' title="bbox 2008 2734 2636 2806">
    <p class='ocr_par' dir='ltr' id='par_1_78' title="bbox 2008 2734 2636 2806">
     <span class='ocr_line' id='line_1_78' title="bbox 2008 2734 2636 2806; baseline 0.002 -16"><span class='ocrx_word' id='word_1_544' title='bbox 2008 2735 2128 2790; x_wconf 85' lang='lat' dir='ltr'><strong>sivo</strong></span> <span class='ocrx_word' id='word_1_545' title='bbox 2160 2734 2514 2806; x_wconf 69' lang='lat' dir='ltr'><strong>praedicetur</strong></span> <span class='ocrx_word' id='word_1_546' title='bbox 2541 2734 2636 2806; x_wconf 74' lang='grc' dir='ltr'><strong>(ἢ.</strong></span> 
     </span>
    </p>
   </div>
   <div class='ocr_carea' id='block_1_79' title="bbox 2077 2822 3657 2897">
    <p class='ocr_par' dir='ltr' id='par_1_79' title="bbox 2077 2822 3657 2897">
     <span class='ocr_line' id='line_1_79' title="bbox 2077 2822 3657 2897; baseline 0.003 -20"><span class='ocrx_word' id='word_1_547' title='bbox 2077 2823 2407 2891; x_wconf 65' lang='lat' dir='ltr'><strong>Praemium,</strong></span> <span class='ocrx_word' id='word_1_548' title='bbox 2438 2822 2650 2894; x_wconf 88' lang='lat' dir='ltr'><strong>inquit,</strong></span> <span class='ocrx_word' id='word_1_549' title='bbox 2691 2838 2813 2879; x_wconf 90' lang='lat' dir='ltr'><strong>non</strong></span> <span class='ocrx_word' id='word_1_550' title='bbox 2842 2823 3077 2880; x_wconf 86' lang='lat' dir='ltr'><strong>habetis</strong></span> <span class='ocrx_word' id='word_1_551' title='bbox 3100 2824 3262 2897; x_wconf 89' lang='lat' dir='ltr'><strong>apud</strong></span> <span class='ocrx_word' id='word_1_552' title='bbox 3289 2826 3494 2891; x_wconf 90' lang='lat' dir='ltr'><strong>Deum,</strong></span> <span class='ocrx_word' id='word_1_553' title='bbox 3513 2825 3657 2897; x_wconf 90' lang='lat' dir='ltr'><strong>quia</strong></span> 
     </span>
    </p>
   </div>
   <div class='ocr_carea' id='block_1_80' title="bbox 2009 2911 3655 2987">
    <p class='ocr_par' dir='ltr' id='par_1_80' title="bbox 2009 2911 3655 2987">
     <span class='ocr_line' id='line_1_80' title="bbox 2009 2911 3655 2987; baseline 0 -18"><span class='ocrx_word' id='word_1_554' title='bbox 2009 2912 2167 2983; x_wconf 84' lang='lat' dir='ltr'><strong>apud</strong></span> <span class='ocrx_word' id='word_1_555' title='bbox 2196 2912 2470 2968; x_wconf 87' lang='lat' dir='ltr'><strong>homines</strong></span> <span class='ocrx_word' id='word_1_556' title='bbox 2496 2911 2627 2967; x_wconf 89' lang='lat' dir='ltr'><strong>talis</strong></span> <span class='ocrx_word' id='word_1_557' title='bbox 2652 2911 3006 2985; x_wconf 70' lang='lat' dir='ltr'><strong>eleemoynaa</strong></span> <span class='ocrx_word' id='word_1_558' title='bbox 3038 2914 3348 2985; x_wconf 67' lang='lat' dir='ltr'><strong>praemium</strong></span> <span class='ocrx_word' id='word_1_559' title='bbox 3382 2915 3655 2987; x_wconf 62' lang='lat' dir='ltr'><strong>quaesivi-</strong></span> 
     </span>
    </p>
   </div>
   <div class='ocr_carea' id='block_1_81' title="bbox 2009 2999 3656 3073">
    <p class='ocr_par' dir='ltr' id='par_1_81' title="bbox 2009 2999 3656 3073">
     <span class='ocr_line' id='line_1_81' title="bbox 2009 2999 3656 3073; baseline 0.002 -17"><span class='ocrx_word' id='word_1_560' title='bbox 2009 3002 2137 3065; x_wconf 87' lang='lat' dir='ltr'><strong>stis,</strong></span> <span class='ocrx_word' id='word_1_561' title='bbox 2162 3005 2308 3072; x_wconf 91' lang='lat' dir='ltr'><strong>puta</strong></span> <span class='ocrx_word' id='word_1_562' title='bbox 2333 2999 2570 3057; x_wconf 90' lang='lat' dir='ltr'><strong>laudem</strong></span> <span class='ocrx_word' id='word_1_563' title='bbox 2597 3005 2829 3072; x_wconf 91' lang='lat' dir='ltr'><strong>propter</strong></span> <span class='ocrx_word' id='word_1_564' title='bbox 2849 3001 3065 3073; x_wconf 86' lang='lat' dir='ltr'><strong>ipsam.</strong></span> <span class='ocrx_word' id='word_1_565' title='bbox 3092 3003 3260 3059; x_wconf 85' lang='lat' dir='ltr'><strong>Ponit</strong></span> <span class='ocrx_word' id='word_1_566' title='bbox 3280 3008 3479 3059; x_wconf 90' lang='lat' dir='ltr'><strong>autem</strong></span> <span class='ocrx_word' id='word_1_567' title='bbox 3504 3020 3656 3060; x_wconf 84' lang='lat' dir='ltr'><strong>sem-</strong></span> 
     </span>
    </p>
   </div>
   <div class='ocr_carea' id='block_1_82' title="bbox 2007 3089 3656 3162">
    <p class='ocr_par' dir='ltr' id='par_1_82' title="bbox 2007 3089 3656 3162">
     <span class='ocr_line' id='line_1_82' title="bbox 2007 3089 3656 3162; baseline 0.002 -17"><span class='ocrx_word' id='word_1_568' title='bbox 2007 3105 2114 3162; x_wconf 88' lang='lat' dir='ltr'><strong>per</strong></span> <span class='ocrx_word' id='word_1_569' title='bbox 2138 3090 2288 3145; x_wconf 90' lang='lat' dir='ltr'><strong>inter</strong></span> <span class='ocrx_word' id='word_1_570' title='bbox 2312 3089 2428 3145; x_wconf 90' lang='lat' dir='ltr'><strong>alia</strong></span> <span class='ocrx_word' id='word_1_571' title='bbox 2455 3089 2635 3145; x_wconf 87' lang='lat' dir='ltr'><strong>verba</strong></span> <span class='ocrx_word' id='word_1_572' title='bbox 2663 3090 2884 3146; x_wconf 82' lang='lat' dir='ltr'><strong>Patrem</strong></span> <span class='ocrx_word' id='word_1_573' title='bbox 2909 3092 3016 3162; x_wconf 80' lang='lat' dir='ltr'><strong>qui</strong></span> <span class='ocrx_word' id='word_1_574' title='bbox 3038 3092 3102 3146; x_wconf 80' lang='lat' dir='ltr'><strong>in</strong></span> <span class='ocrx_word' id='word_1_575' title='bbox 3134 3092 3291 3148; x_wconf 66' lang='lat' dir='ltr'><strong>cretis</strong></span> <span class='ocrx_word' id='word_1_576' title='bbox 3315 3098 3412 3158; x_wconf 78' lang='lat' dir='ltr'><strong>est,</strong></span> <span class='ocrx_word' id='word_1_577' title='bbox 3449 3092 3656 3148; x_wconf 84' lang='lat' dir='ltr'><strong>admo-</strong></span> 
     </span>
    </p>
   </div>
   <div class='ocr_carea' id='block_1_83' title="bbox 1696 3178 3656 3250">
    <p class='ocr_par' dir='ltr' id='par_1_83' title="bbox 1696 3178 3656 3250">
     <span class='ocr_line' id='line_1_83' title="bbox 1696 3178 3656 3250; baseline 0.005 -21"><span class='ocrx_word' id='word_1_578' title='bbox 1696 3180 1899 3249; x_wconf 76' lang='grc' dir='ltr'>ἶχοντες</span> <span class='ocrx_word' id='word_1_579' title='bbox 1937 3184 1977 3240; x_wconf 91' lang='lat' dir='ltr'>C</span> <span class='ocrx_word' id='word_1_580' title='bbox 2008 3194 2155 3235; x_wconf 91' lang='lat' dir='ltr'><strong>nens</strong></span> <span class='ocrx_word' id='word_1_581' title='bbox 2184 3179 2368 3250; x_wconf 89' lang='lat' dir='ltr'><strong>ipsos,</strong></span> <span class='ocrx_word' id='word_1_582' title='bbox 2401 3182 2466 3234; x_wconf 92' lang='lat' dir='ltr'><strong>ut</strong></span> <span class='ocrx_word' id='word_1_583' title='bbox 2494 3178 2729 3234; x_wconf 88' lang='lat' dir='ltr'><strong>Patrem</strong></span> <span class='ocrx_word' id='word_1_584' title='bbox 2755 3179 2810 3233; x_wconf 91' lang='lat' dir='ltr'><strong>in</strong></span> <span class='ocrx_word' id='word_1_585' title='bbox 2842 3178 3001 3235; x_wconf 77' lang='lat' dir='ltr'><strong>ccelis</strong></span> <span class='ocrx_word' id='word_1_586' title='bbox 3025 3179 3333 3244; x_wconf 86' lang='lat' dir='ltr'><strong>habentes,</strong></span> <span class='ocrx_word' id='word_1_587' title='bbox 3360 3186 3656 3238; x_wconf 89' lang='lat' dir='ltr'><strong>terrenum</strong></span> 
     </span>
    </p>
   </div>
   <div class='ocr_carea' id='block_1_84' title="bbox 2008 3266 3658 3339">
    <p class='ocr_par' dir='ltr' id='par_1_84' title="bbox 2008 3266 3658 3339">
     <span class='ocr_line' id='line_1_84' title="bbox 2008 3266 3658 3339; baseline 0.001 -16"><span class='ocrx_word' id='word_1_588' title='bbox 2008 3266 2361 3339; x_wconf 88' lang='lat' dir='ltr'><strong>despiciant,</strong></span> <span class='ocrx_word' id='word_1_589' title='bbox 2411 3266 2589 3321; x_wconf 88' lang='lat' dir='ltr'><strong>simul</strong></span> <span class='ocrx_word' id='word_1_590' title='bbox 2639 3267 2821 3322; x_wconf 89' lang='lat' dir='ltr'><strong>etiam</strong></span> <span class='ocrx_word' id='word_1_591' title='bbox 2867 3267 3142 3337; x_wconf 89' lang='lat' dir='ltr'><strong>incitans,</strong></span> <span class='ocrx_word' id='word_1_592' title='bbox 3196 3273 3260 3324; x_wconf 92' lang='lat' dir='ltr'><strong>ut</strong></span> <span class='ocrx_word' id='word_1_593' title='bbox 3314 3268 3658 3339; x_wconf 86' lang='lat' dir='ltr'><strong>hujusmodi</strong></span> 
     </span>
    </p>
   </div>
   <div class='ocr_carea' id='block_1_85' title="bbox 2009 3354 2838 3424">
    <p class='ocr_par' dir='ltr' id='par_1_85' title="bbox 2009 3354 2838 3424">
     <span class='ocr_line' id='line_1_85' title="bbox 2009 3354 2838 3424; baseline -0.002 -13"><span class='ocrx_word' id='word_1_594' title='bbox 2009 3358 2169 3411; x_wconf 84' lang='lat' dir='ltr'><strong>Patre</strong></span> <span class='ocrx_word' id='word_1_595' title='bbox 2188 3354 2368 3424; x_wconf 90' lang='lat' dir='ltr'><strong>digne</strong></span> <span class='ocrx_word' id='word_1_596' title='bbox 2396 3360 2838 3411; x_wconf 89' lang='lat' dir='ltr'><strong>conversentur.</strong></span> 
     </span>
    </p>
   </div>
   <div class='ocr_carea' id='block_1_86' title="bbox 2080 3442 3653 3513">
    <p class='ocr_par' dir='ltr' id='par_1_86' title="bbox 2080 3442 3653 3513">
     <span class='ocr_line' id='line_1_86' title="bbox 2080 3442 3653 3513; baseline 0.001 -14"><span class='ocrx_word' id='word_1_597' title='bbox 2080 3445 2239 3499; x_wconf 88' lang='lat' dir='ltr'><strong>Vers.</strong></span> <span class='ocrx_word' id='word_1_598' title='bbox 2295 3445 2347 3498; x_wconf 80' lang='lat'><strong>2.</strong></span> <span class='ocrx_word' id='word_1_599' title='bbox 2410 3444 2554 3499; x_wconf 85' lang='lat' dir='ltr'><strong>Cum</strong></span> <span class='ocrx_word' id='word_1_600' title='bbox 2586 3473 2655 3483; x_wconf 94' lang='lat'><strong>—</strong></span> <span class='ocrx_word' id='word_1_601' title='bbox 2687 3458 2877 3500; x_wconf 83' lang='lat' dir='ltr'><strong>suam.</strong></span> <span class='ocrx_word' id='word_1_602' title='bbox 2934 3447 3122 3513; x_wconf 80' lang='lat' dir='ltr'><strong>Auget</strong></span> <span class='ocrx_word' id='word_1_603' title='bbox 3176 3442 3653 3500; x_wconf 88' lang='lat' dir='ltr'><strong>dehortationem</strong></span> 
     </span>
    </p>
   </div>
   <div class='ocr_carea' id='block_1_87' title="bbox 2007 3530 3658 3604">
    <p class='ocr_par' dir='ltr' id='par_1_87' title="bbox 2007 3530 3658 3604">
     <span class='ocr_line' id='line_1_87' title="bbox 2007 3530 3658 3604; baseline 0.001 -15"><span class='ocrx_word' id='word_1_604' title='bbox 2007 3532 2392 3604; x_wconf 70' lang='lat' dir='ltr'><strong>eleemosynas</strong></span> <span class='ocrx_word' id='word_1_605' title='bbox 2437 3530 2516 3587; x_wconf 91' lang='lat' dir='ltr'><strong>ad</strong></span> <span class='ocrx_word' id='word_1_606' title='bbox 2552 3530 3009 3587; x_wconf 90' lang='lat' dir='ltr'><strong>ostentationem</strong></span> <span class='ocrx_word' id='word_1_607' title='bbox 3064 3532 3353 3602; x_wconf 60' lang='lat' dir='ltr'><strong>praestita.</strong></span> <span class='ocrx_word' id='word_1_608' title='bbox 3386 3534 3471 3588; x_wconf 79' lang='lat' dir='ltr'><strong>Ne</strong></span> <span class='ocrx_word' id='word_1_609' title='bbox 3515 3534 3658 3590; x_wconf 75' lang='lat' dir='ltr'><strong>tuba</strong></span> 
     </span>
    </p>
   </div>
   <div class='ocr_carea' id='block_1_88' title="bbox 2007 3619 3658 3691">
    <p class='ocr_par' dir='ltr' id='par_1_88' title="bbox 2007 3619 3658 3691">
     <span class='ocr_line' id='line_1_88' title="bbox 2007 3619 3658 3691; baseline 0.001 -13"><span class='ocrx_word' id='word_1_610' title='bbox 2007 3638 2202 3687; x_wconf 81' lang='lat' dir='ltr'><strong>canas,</strong></span> <span class='ocrx_word' id='word_1_611' title='bbox 2223 3620 2281 3675; x_wconf 92' lang='lat' dir='ltr'><strong>id</strong></span> <span class='ocrx_word' id='word_1_612' title='bbox 2322 3626 2427 3687; x_wconf 91' lang='lat' dir='ltr'><strong>est,</strong></span> <span class='ocrx_word' id='word_1_613' title='bbox 2462 3636 2534 3675; x_wconf 91' lang='lat' dir='ltr'><strong>ne</strong></span> <span class='ocrx_word' id='word_1_614' title='bbox 2566 3619 2829 3691; x_wconf 89' lang='lat' dir='ltr'><strong>publices</strong></span> <span class='ocrx_word' id='word_1_615' title='bbox 2863 3626 2924 3677; x_wconf 91' lang='lat' dir='ltr'><strong>ut</strong></span> <span class='ocrx_word' id='word_1_616' title='bbox 2955 3620 3031 3677; x_wconf 90' lang='lat' dir='ltr'><strong>ab</strong></span> <span class='ocrx_word' id='word_1_617' title='bbox 3072 3621 3418 3677; x_wconf 81' lang='lat' dir='ltr'><strong>hominibus</strong></span> <span class='ocrx_word' id='word_1_618' title='bbox 3474 3637 3658 3691; x_wconf 86' lang='lat' dir='ltr'><strong>agno-</strong></span> 
     </span>
    </p>
   </div>
   <div class='ocr_carea' id='block_1_89' title="bbox 2010 3708 3657 3774">
    <p class='ocr_par' dir='ltr' id='par_1_89' title="bbox 2010 3708 3657 3774">
     <span class='ocr_line' id='line_1_89' title="bbox 2010 3708 3657 3774; baseline 0.001 -8"><span class='ocrx_word' id='word_1_619' title='bbox 2010 3715 2225 3766; x_wconf 90' lang='lat' dir='ltr'><strong>scatur.</strong></span> <span class='ocrx_word' id='word_1_620' title='bbox 2268 3710 2377 3774; x_wconf 87' lang='lat' dir='ltr'><strong>Qui</strong></span> <span class='ocrx_word' id='word_1_621' title='bbox 2423 3710 2581 3765; x_wconf 89' lang='lat' dir='ltr'><strong>enim</strong></span> <span class='ocrx_word' id='word_1_622' title='bbox 2622 3708 2768 3765; x_wconf 90' lang='lat' dir='ltr'><strong>tuba</strong></span> <span class='ocrx_word' id='word_1_623' title='bbox 2818 3715 3058 3774; x_wconf 88' lang='lat' dir='ltr'><strong>canunt,</strong></span> <span class='ocrx_word' id='word_1_624' title='bbox 3095 3716 3157 3766; x_wconf 93' lang='lat' dir='ltr'><strong>ut</strong></span> <span class='ocrx_word' id='word_1_625' title='bbox 3201 3726 3237 3767; x_wconf 89' lang='lat' dir='ltr'><strong>a</strong></span> <span class='ocrx_word' id='word_1_626' title='bbox 3282 3710 3657 3768; x_wconf 82' lang='lat' dir='ltr'><strong>multitudine</strong></span> 
     </span>
    </p>
   </div>
   <div class='ocr_carea' id='block_1_90' title="bbox 2008 3798 3658 3874">
    <p class='ocr_par' dir='ltr' id='par_1_90' title="bbox 2008 3798 3658 3874">
     <span class='ocr_line' id='line_1_90' title="bbox 2008 3798 3658 3874; baseline 0 -17"><span class='ocrx_word' id='word_1_627' title='bbox 2008 3800 2347 3863; x_wconf 89' lang='lat' dir='ltr'><strong>audiantur,</strong></span> <span class='ocrx_word' id='word_1_628' title='bbox 2382 3798 2715 3855; x_wconf 91' lang='lat' dir='ltr'><strong>buccinant.</strong></span> <span class='ocrx_word' id='word_1_629' title='bbox 2737 3799 2980 3864; x_wconf 86' lang='lat' dir='ltr'><strong>Quidam</strong></span> <span class='ocrx_word' id='word_1_630' title='bbox 3008 3806 3206 3857; x_wconf 87' lang='lat' dir='ltr'><strong>autem</strong></span> <span class='ocrx_word' id='word_1_631' title='bbox 3236 3800 3460 3865; x_wconf 89' lang='lat' dir='ltr'><strong>dicunt,</strong></span> <span class='ocrx_word' id='word_1_632' title='bbox 3492 3802 3658 3874; x_wconf 89' lang='lat' dir='ltr'><strong>quod</strong></span> 
     </span>
    </p>
   </div>
   <div class='ocr_carea' id='block_1_91' title="bbox 2006 3888 3661 3962">
    <p class='ocr_par' dir='ltr' id='par_1_91' title="bbox 2006 3888 3661 3962">
     <span class='ocr_line' id='line_1_91' title="bbox 2006 3888 3661 3962; baseline 0.001 -17"><span class='ocrx_word' id='word_1_633' title='bbox 2006 3888 2103 3945; x_wconf 92' lang='lat' dir='ltr'><strong>illo</strong></span> <span class='ocrx_word' id='word_1_634' title='bbox 2125 3894 2392 3962; x_wconf 87' lang='lat' dir='ltr'><strong>tempore</strong></span> <span class='ocrx_word' id='word_1_635' title='bbox 2418 3888 2747 3960; x_wconf 63' lang='lat' dir='ltr'><strong>hypocrita</strong></span> <span class='ocrx_word' id='word_1_636' title='bbox 2777 3888 2921 3945; x_wconf 89' lang='lat' dir='ltr'><strong>tuba</strong></span> <span class='ocrx_word' id='word_1_637' title='bbox 2946 3889 3362 3946; x_wconf 89' lang='lat' dir='ltr'><strong>convocabant</strong></span> <span class='ocrx_word' id='word_1_638' title='bbox 3391 3889 3661 3960; x_wconf 88' lang='lat' dir='ltr'><strong>indigen-</strong></span> 
     </span>
    </p>
   </div>
   <div class='ocr_carea' id='block_1_92' title="bbox 2008 3978 3661 4051">
    <p class='ocr_par' dir='ltr' id='par_1_92' title="bbox 2008 3978 3661 4051">
     <span class='ocr_line' id='line_1_92' title="bbox 2008 3978 3661 4051; baseline 0.001 -18"><span class='ocrx_word' id='word_1_639' title='bbox 2008 3981 2115 4033; x_wconf 89' lang='lat' dir='ltr'><strong>tes.</strong></span> <span class='ocrx_word' id='word_1_640' title='bbox 2131 3980 2229 4033; x_wconf 88' lang='lat' dir='ltr'><strong>Est</strong></span> <span class='ocrx_word' id='word_1_641' title='bbox 2240 3983 2438 4034; x_wconf 90' lang='lat' dir='ltr'><strong>autem</strong></span> <span class='ocrx_word' id='word_1_642' title='bbox 2452 3978 2760 4049; x_wconf 75' lang='lat' dir='ltr'><strong>hypocrita</strong></span> <span class='ocrx_word' id='word_1_643' title='bbox 2772 3978 2875 4050; x_wconf 90' lang='lat' dir='ltr'><strong>qui</strong></span> <span class='ocrx_word' id='word_1_644' title='bbox 2896 3978 3047 4033; x_wconf 89' lang='lat' dir='ltr'><strong>alius</strong></span> <span class='ocrx_word' id='word_1_645' title='bbox 3064 3984 3308 4050; x_wconf 88' lang='lat' dir='ltr'><strong>apparet</strong></span> <span class='ocrx_word' id='word_1_646' title='bbox 3330 3984 3538 4051; x_wconf 89' lang='lat' dir='ltr'><strong>propte</strong></span> <span class='ocrx_word' id='word_1_647' title='bbox 3554 3979 3661 4035; x_wconf 88' lang='lat' dir='ltr'><strong>hu-</strong></span> 
     </span>
    </p>
   </div>
   <div class='ocr_carea' id='block_1_93' title="bbox 2008 4067 3659 4140">
    <p class='ocr_par' dir='ltr' id='par_1_93' title="bbox 2008 4067 3659 4140">
     <span class='ocr_line' id='line_1_93' title="bbox 2008 4067 3659 4140; baseline -0.001 -16"><span class='ocrx_word' id='word_1_648' title='bbox 2008 4082 2252 4124; x_wconf 90' lang='lat' dir='ltr'><strong>manam</strong></span> <span class='ocrx_word' id='word_1_649' title='bbox 2272 4067 2611 4123; x_wconf 89' lang='lat' dir='ltr'><strong>comitatem</strong></span> <span class='ocrx_word' id='word_1_650' title='bbox 2635 4067 2739 4137; x_wconf 76' lang='lat' dir='ltr'><strong>(Ic).</strong></span> <span class='ocrx_word' id='word_1_651' title='bbox 2768 4067 2972 4122; x_wconf 87' lang='lat' dir='ltr'><strong>Vultus</strong></span> <span class='ocrx_word' id='word_1_652' title='bbox 2990 4068 3308 4139; x_wconf 90' lang='lat' dir='ltr'><strong>siquidem,</strong></span> <span class='ocrx_word' id='word_1_653' title='bbox 3333 4073 3437 4125; x_wconf 88' lang='lat' dir='ltr'><strong>aut</strong></span> <span class='ocrx_word' id='word_1_654' title='bbox 3461 4069 3659 4140; x_wconf 88' lang='lat' dir='ltr'><strong>potius</strong></span> 
     </span>
    </p>
   </div>
   <div class='ocr_carea' id='block_1_94' title="bbox 2006 4154 3658 4228">
    <p class='ocr_par' dir='ltr' id='par_1_94' title="bbox 2006 4154 3658 4228">
     <span class='ocr_line' id='line_1_94' title="bbox 2006 4154 3658 4228; baseline 0.002 -19"><span class='ocrx_word' id='word_1_655' title='bbox 2006 4156 2174 4212; x_wconf 84' lang='lat' dir='ltr'><strong>larva</strong></span> <span class='ocrx_word' id='word_1_656' title='bbox 2196 4154 2453 4218; x_wconf 90' lang='lat' dir='ltr'><strong>illorum,</strong></span> <span class='ocrx_word' id='word_1_657' title='bbox 2486 4154 2907 4211; x_wconf 70' lang='lat' dir='ltr'><strong>misericordias</strong></span> <span class='ocrx_word' id='word_1_658' title='bbox 2934 4159 3040 4220; x_wconf 90' lang='lat' dir='ltr'><strong>est,</strong></span> <span class='ocrx_word' id='word_1_659' title='bbox 3073 4162 3288 4212; x_wconf 88' lang='lat' dir='ltr'><strong>natura</strong></span> <span class='ocrx_word' id='word_1_660' title='bbox 3337 4172 3474 4211; x_wconf 86' lang='lat' dir='ltr'><strong>vero</strong></span> <span class='ocrx_word' id='word_1_661' title='bbox 3527 4173 3658 4228; x_wconf 83' lang='lat' dir='ltr'><strong>per-</strong></span> 
     </span>
    </p>
   </div>
   <div class='ocr_carea' id='block_1_95' title="bbox 2008 4242 3657 4313">
    <p class='ocr_par' dir='ltr' id='par_1_95' title="bbox 2008 4242 3657 4313">
     <span class='ocr_line' id='line_1_95' title="bbox 2008 4242 3657 4313; baseline 0.001 -14"><span class='ocrx_word' id='word_1_662' title='bbox 2008 4260 2165 4299; x_wconf 63' lang='lat' dir='ltr'><strong>sonas</strong></span> <span class='ocrx_word' id='word_1_663' title='bbox 2179 4244 2451 4299; x_wconf 87' lang='lat' dir='ltr'><strong>insanam</strong></span> <span class='ocrx_word' id='word_1_664' title='bbox 2466 4242 2665 4312; x_wconf 70' lang='lat' dir='ltr'><strong>glorias</strong></span> <span class='ocrx_word' id='word_1_665' title='bbox 2679 4243 3083 4313; x_wconf 88' lang='lat' dir='ltr'><strong>appetentiam</strong></span> <span class='ocrx_word' id='word_1_666' title='bbox 3104 4243 3341 4298; x_wconf 86' lang='lat' dir='ltr'><strong>indicat.</strong></span> <span class='ocrx_word' id='word_1_667' title='bbox 3375 4246 3657 4313; x_wconf 69' lang='lat' dir='ltr'><strong>Ile/erunt</strong></span> 
     </span>
    </p>
   </div>
   <div class='ocr_carea' id='block_1_96' title="bbox 2007 4330 3683 4403">
    <p class='ocr_par' dir='ltr' id='par_1_96' title="bbox 2007 4330 3683 4403">
     <span class='ocr_line' id='line_1_96' title="bbox 2007 4330 3683 4403; baseline -0.001 -15"><span class='ocrx_word' id='word_1_668' title='bbox 2007 4338 2229 4397; x_wconf 88' lang='lat' dir='ltr'><strong>autem,</strong></span> <span class='ocrx_word' id='word_1_669' title='bbox 2260 4331 2375 4387; x_wconf 89' lang='lat' dir='ltr'><strong>hoc</strong></span> <span class='ocrx_word' id='word_1_670' title='bbox 2394 4335 2504 4403; x_wconf 89' lang='lat' dir='ltr'><strong>est,</strong></span> <span class='ocrx_word' id='word_1_671' title='bbox 2531 4330 2824 4393; x_wconf 86' lang='lat' dir='ltr'><strong>auferunt,</strong></span> <span class='ocrx_word' id='word_1_672' title='bbox 2842 4330 3067 4386; x_wconf 89' lang='lat' dir='ltr'><strong>habent</strong></span> <span class='ocrx_word' id='word_1_673' title='bbox 3092 4337 3427 4386; x_wconf 89' lang='lat' dir='ltr'><strong>mercedem</strong></span> <span class='ocrx_word' id='word_1_674' title='bbox 3460 4348 3683 4388; x_wconf 64' lang='lat' dir='ltr'><strong>SUﬁlD.’</strong></span> 
     </span>
    </p>
   </div>
   <div class='ocr_carea' id='block_1_97' title="bbox 2078 4417 3654 4489">
    <p class='ocr_par' dir='ltr' id='par_1_97' title="bbox 2078 4417 3654 4489">
     <span class='ocr_line' id='line_1_97' title="bbox 2078 4417 3654 4489; baseline 0 -14"><span class='ocrx_word' id='word_1_675' title='bbox 2078 4420 2249 4477; x_wconf 87' lang='lat' dir='ltr'><strong>Vers.</strong></span> <span class='ocrx_word' id='word_1_676' title='bbox 2280 4422 2338 4475; x_wconf 87' lang='lat'><strong>3.</strong></span> <span class='ocrx_word' id='word_1_677' title='bbox 2383 4420 2457 4475; x_wconf 86' lang='lat' dir='ltr'><strong>Te</strong></span> <span class='ocrx_word' id='word_1_678' title='bbox 2487 4434 2614 4474; x_wconf 82' lang='lat' dir='ltr'><strong>vero</strong></span> <span class='ocrx_word' id='word_1_679' title='bbox 2645 4448 2711 4458; x_wconf 93' lang='lat'><strong>-</strong></span> <span class='ocrx_word' id='word_1_680' title='bbox 2742 4417 2933 4474; x_wconf 82' lang='lat' dir='ltr'><strong>reddet</strong></span> <span class='ocrx_word' id='word_1_681' title='bbox 2980 4418 3105 4474; x_wconf 80' lang='lat' dir='ltr'><strong>tibi.</strong></span> <span class='ocrx_word' id='word_1_682' title='bbox 3140 4421 3460 4489; x_wconf 88' lang='lat' dir='ltr'><strong>Postquam</strong></span> <span class='ocrx_word' id='word_1_683' title='bbox 3489 4419 3654 4489; x_wconf 80' lang='lat' dir='ltr'><strong>dixit,</strong></span> 
     </span>
    </p>
   </div>
   <div class='ocr_carea' id='block_1_98' title="bbox 1930 4505 3661 4583">
    <p class='ocr_par' dir='ltr' id='par_1_98' title="bbox 1930 4505 3661 4583">
     <span class='ocr_line' id='line_1_98' title="bbox 1930 4505 3661 4583; baseline 0.001 -18"><span class='ocrx_word' id='word_1_684' title='bbox 1930 4527 1976 4583; x_wconf 81' lang='grc' dir='ltr'><strong>ι)</strong></span> <span class='ocrx_word' id='word_1_685' title='bbox 2006 4506 2312 4581; x_wconf 92' lang='lat' dir='ltr'><strong>quomodo</strong></span> <span class='ocrx_word' id='word_1_686' title='bbox 2339 4510 2606 4578; x_wconf 88' lang='lat' dir='ltr'><strong>oporteat</strong></span> <span class='ocrx_word' id='word_1_687' title='bbox 2634 4521 2755 4563; x_wconf 90' lang='lat' dir='ltr'><strong>non</strong></span> <span class='ocrx_word' id='word_1_688' title='bbox 2773 4505 3060 4578; x_wconf 63' lang='lat' dir='ltr'><strong>praebere,</strong></span> <span class='ocrx_word' id='word_1_689' title='bbox 3080 4523 3236 4563; x_wconf 88' lang='lat' dir='ltr'><strong>nunc</strong></span> <span class='ocrx_word' id='word_1_690' title='bbox 3265 4506 3661 4581; x_wconf 83' lang='lat' dir='ltr'><strong>dicitquomo-</strong></span> 
     </span>
    </p>
   </div>
   <div class='ocr_carea' id='block_1_99' title="bbox 2007 4598 2702 4669">
    <p class='ocr_par' dir='ltr' id='par_1_99' title="bbox 2007 4598 2702 4669">
     <span class='ocr_line' id='line_1_99' title="bbox 2007 4598 2702 4669; baseline -0.004 -14"><span class='ocrx_word' id='word_1_691' title='bbox 2007 4598 2086 4655; x_wconf 93' lang='lat' dir='ltr'><strong>do</strong></span> <span class='ocrx_word' id='word_1_692' title='bbox 2114 4600 2396 4669; x_wconf 65' lang='lat' dir='ltr'><strong>praestare</strong></span> <span class='ocrx_word' id='word_1_693' title='bbox 2411 4600 2702 4668; x_wconf 88' lang='lat' dir='ltr'><strong>oporteat.</strong></span> 
     </span>
    </p>
   </div>
   <div class='ocr_carea' id='block_1_100' title="bbox 2078 4685 3658 4760">
    <p class='ocr_par' dir='ltr' id='par_1_100' title="bbox 2078 4685 3658 4760">
     <span class='ocr_line' id='line_1_100' title="bbox 2078 4685 3658 4760; baseline 0 -15"><span class='ocrx_word' id='word_1_694' title='bbox 2078 4687 2194 4745; x_wconf 91' lang='lat' dir='ltr'><strong>Per</strong></span> <span class='ocrx_word' id='word_1_695' title='bbox 2210 4685 2509 4742; x_wconf 86' lang='lat' dir='ltr'><strong>sinistram</strong></span> <span class='ocrx_word' id='word_1_696' title='bbox 2535 4690 2735 4741; x_wconf 90' lang='lat' dir='ltr'><strong>autem</strong></span> <span class='ocrx_word' id='word_1_697' title='bbox 2767 4700 3036 4755; x_wconf 90' lang='lat' dir='ltr'><strong>manum,</strong></span> <span class='ocrx_word' id='word_1_698' title='bbox 3056 4701 3157 4744; x_wconf 89' lang='lat' dir='ltr'><strong>eos</strong></span> <span class='ocrx_word' id='word_1_699' title='bbox 3178 4687 3281 4759; x_wconf 92' lang='lat' dir='ltr'><strong>qui</strong></span> <span class='ocrx_word' id='word_1_700' title='bbox 3301 4687 3362 4744; x_wconf 91' lang='lat' dir='ltr'><strong>in</strong></span> <span class='ocrx_word' id='word_1_701' title='bbox 3393 4688 3658 4760; x_wconf 86' lang='lat' dir='ltr'><strong>proximo</strong></span> 
     </span>
    </p>
   </div>
   <div class='ocr_carea' id='block_1_101' title="bbox 2009 4773 3658 4844">
    <p class='ocr_par' dir='ltr' id='par_1_101' title="bbox 2009 4773 3658 4844">
     <span class='ocr_line' id='line_1_101' title="bbox 2009 4773 3658 4844; baseline 0.003 -13"><span class='ocrx_word' id='word_1_702' title='bbox 2009 4780 2147 4833; x_wconf 87' lang='lat' dir='ltr'><strong>sunt</strong></span> <span class='ocrx_word' id='word_1_703' title='bbox 2164 4791 2234 4832; x_wconf 89' lang='lat' dir='ltr'><strong>ac</strong></span> <span class='ocrx_word' id='word_1_704' title='bbox 2250 4773 2570 4832; x_wconf 85' lang='lat' dir='ltr'><strong>familiares</strong></span> <span class='ocrx_word' id='word_1_705' title='bbox 2600 4774 2981 4844; x_wconf 86' lang='lat' dir='ltr'><strong>signiﬁcavit:</strong></span> <span class='ocrx_word' id='word_1_706' title='bbox 3002 4775 3150 4832; x_wconf 90' lang='lat' dir='ltr'><strong>nihil</strong></span> <span class='ocrx_word' id='word_1_707' title='bbox 3179 4776 3331 4833; x_wconf 89' lang='lat' dir='ltr'><strong>enim</strong></span> <span class='ocrx_word' id='word_1_708' title='bbox 3353 4794 3538 4835; x_wconf 89' lang='lat' dir='ltr'><strong>manu</strong></span> <span class='ocrx_word' id='word_1_709' title='bbox 3558 4782 3658 4837; x_wconf 89' lang='lat' dir='ltr'><strong>tua</strong></span> 
     </span>
    </p>
   </div>
   <div class='ocr_carea' id='block_1_102' title="bbox 2006 4863 3658 4940">
    <p class='ocr_par' dir='ltr' id='par_1_102' title="bbox 2006 4863 3658 4940">
     <span class='ocr_line' id='line_1_102' title="bbox 2006 4863 3658 4940; baseline 0.001 -17"><span class='ocrx_word' id='word_1_710' title='bbox 2006 4865 2255 4923; x_wconf 88' lang='lat' dir='ltr'><strong>vicinius</strong></span> <span class='ocrx_word' id='word_1_711' title='bbox 2272 4880 2341 4922; x_wconf 91' lang='lat' dir='ltr'><strong>ac</strong></span> <span class='ocrx_word' id='word_1_712' title='bbox 2352 4863 2698 4922; x_wconf 83' lang='lat' dir='ltr'><strong>familiarius</strong></span> <span class='ocrx_word' id='word_1_713' title='bbox 2713 4868 2823 4923; x_wconf 88' lang='lat' dir='ltr'><strong>est.</strong></span> <span class='ocrx_word' id='word_1_714' title='bbox 2850 4867 3047 4939; x_wconf 84' lang='lat' dir='ltr'><strong>Neque</strong></span> <span class='ocrx_word' id='word_1_715' title='bbox 3074 4866 3155 4935; x_wconf 86' lang='lat' dir='ltr'><strong>hi,</strong></span> <span class='ocrx_word' id='word_1_716' title='bbox 3177 4866 3389 4940; x_wconf 85' lang='lat' dir='ltr'><strong>inquit,</strong></span> <span class='ocrx_word' id='word_1_717' title='bbox 3405 4867 3658 4927; x_wconf 66' lang='lat' dir='ltr'><strong>dextera</strong></span> 
     </span>
    </p>
   </div>
   <div class='ocr_carea' id='block_1_103' title="bbox 1523 5110 2436 5187">
    <p class='ocr_par' dir='ltr' id='par_1_103' title="bbox 1523 5110 2436 5187">
     <span class='ocr_line' id='line_1_103' title="bbox 1523 5110 2436 5187; baseline -0.002 -1"><span class='ocrx_word' id='word_1_718' title='bbox 1523 5110 1746 5186; x_wconf 75' lang='lat' dir='ltr'><strong>Variae</strong></span> <span class='ocrx_word' id='word_1_719' title='bbox 1777 5113 2104 5187; x_wconf 87' lang='lat' dir='ltr'><strong>lectiones</strong></span> <span class='ocrx_word' id='word_1_720' title='bbox 2136 5125 2202 5185; x_wconf 91' lang='lat' dir='ltr'><strong>et</strong></span> <span class='ocrx_word' id='word_1_721' title='bbox 2231 5125 2436 5187; x_wconf 66' lang='lat' dir='ltr'><strong>notae.</strong></span> 
     </span>
    </p>
   </div>
   <div class='ocr_carea' id='block_1_104' title="bbox 399 5250 971 5328">
    <p class='ocr_par' dir='ltr' id='par_1_104' title="bbox 399 5250 971 5328">
     <span class='ocr_line' id='line_1_104' title="bbox 399 5250 971 5328; baseline -0.002 -17"><span class='ocrx_word' id='word_1_722' title='bbox 399 5250 491 5328; x_wconf 85' lang='lat'><strong>90)</strong></span> <span class='ocrx_word' id='word_1_723' title='bbox 514 5257 649 5321; x_wconf 86' lang='grc' dir='ltr'>τότε,</span> <span class='ocrx_word' id='word_1_724' title='bbox 679 5268 793 5328; x_wconf 87' lang='lat' dir='ltr'><strong>pro</strong></span> <span class='ocrx_word' id='word_1_725' title='bbox 819 5272 874 5308; x_wconf 86' lang='grc' dir='ltr'><strong>τε</strong></span> <span class='ocrx_word' id='word_1_726' title='bbox 905 5256 971 5310; x_wconf 84' lang='grc' dir='ltr'>Α.</span> 
     </span>
    </p>
   </div>
   <div class='ocr_carea' id='block_1_105' title="bbox 399 5326 1889 5400">
    <p class='ocr_par' dir='ltr' id='par_1_105' title="bbox 399 5326 1889 5400">
     <span class='ocr_line' id='line_1_105' title="bbox 399 5326 1889 5400; baseline 0.005 -19"><span class='ocrx_word' id='word_1_727' title='bbox 399 5326 491 5400; x_wconf 69' lang='grc'><strong>91)</strong></span> <span class='ocrx_word' id='word_1_728' title='bbox 512 5328 554 5392; x_wconf 88' lang='lat' dir='ltr'>Q</span> <span class='ocrx_word' id='word_1_729' title='bbox 567 5342 657 5400; x_wconf 76' lang='lat' dir='ltr'><strong>uae</strong></span> <span class='ocrx_word' id='word_1_730' title='bbox 674 5326 761 5400; x_wconf 76' lang='lat' dir='ltr'><strong>est</strong></span> <span class='ocrx_word' id='word_1_731' title='bbox 779 5326 1185 5400; x_wconf 88' lang='lat' dir='ltr'><strong>interpretatio</strong></span> <span class='ocrx_word' id='word_1_732' title='bbox 1206 5327 1485 5386; x_wconf 86' lang='lat' dir='ltr'><strong>vocabuli</strong></span> <span class='ocrx_word' id='word_1_733' title='bbox 1497 5337 1589 5383; x_wconf 83' lang='grc' dir='ltr'>τοῦ</span> <span class='ocrx_word' id='word_1_734' title='bbox 1606 5328 1889 5388; x_wconf 79' lang='grc' dir='ltr'>Σαϐϐάτου.</span> 
     </span>
    </p>
   </div>
   <div class='ocr_carea' id='block_1_106' title="bbox 299 5395 1479 5472">
    <p class='ocr_par' dir='ltr' id='par_1_106' title="bbox 299 5395 1479 5472">
     <span class='ocr_line' id='line_1_106' title="bbox 299 5395 1479 5472; baseline 0.005 -21"><span class='ocrx_word' id='word_1_735' title='bbox 299 5395 392 5472; x_wconf 82' lang='lat' dir='ltr'><strong>Ita</strong></span> <span class='ocrx_word' id='word_1_736' title='bbox 419 5395 599 5472; x_wconf 54' lang='lat' dir='ltr'><strong>etiam</strong></span> <span class='ocrx_word' id='word_1_737' title='bbox 628 5395 1107 5469; x_wconf 58' lang='lat' dir='ltr'><strong>Chrysostftom.</strong></span> <span class='ocrx_word' id='word_1_738' title='bbox 1135 5401 1246 5463; x_wconf 88' lang='lat' dir='ltr'><strong>Vll,</strong></span> <span class='ocrx_word' id='word_1_739' title='bbox 1273 5417 1331 5472; x_wconf 92' lang='lat' dir='ltr'><strong>p.</strong></span> <span class='ocrx_word' id='word_1_740' title='bbox 1356 5400 1479 5458; x_wconf 83' lang='lat'><strong>352.</strong></span> 
     </span>
    </p>
   </div>
   <div class='ocr_carea' id='block_1_107' title="bbox 374 5468 979 5540">
    <p class='ocr_par' dir='ltr' id='par_1_107' title="bbox 374 5468 979 5540">
     <span class='ocr_line' id='line_1_107' title="bbox 374 5468 979 5540; baseline -0.005 -16"><span class='ocrx_word' id='word_1_741' title='bbox 374 5468 485 5540; x_wconf 71' lang='grc'>(92)</span> <span class='ocrx_word' id='word_1_742' title='bbox 513 5469 680 5525; x_wconf 87' lang='lat' dir='ltr'><strong>Forte</strong></span> <span class='ocrx_word' id='word_1_743' title='bbox 704 5468 979 5527; x_wconf 79' lang='grc' dir='ltr'>ποιήσητε.</span> 
     </span>
    </p>
   </div>
   <div class='ocr_carea' id='block_1_108' title="bbox 374 5594 1898 5674">
    <p class='ocr_par' dir='ltr' id='par_1_108' title="bbox 374 5594 1898 5674">
     <span class='ocr_line' id='line_1_108' title="bbox 374 5594 1898 5674; baseline 0.003 -23"><span class='ocrx_word' id='word_1_744' title='bbox 374 5594 439 5674; x_wconf 68' lang='grc' dir='ltr'>(ἢ</span> <span class='ocrx_word' id='word_1_745' title='bbox 464 5596 950 5674; x_wconf 70' lang='lat' dir='ltr'><strong>Procompassz&#39;vo</strong></span> <span class='ocrx_word' id='word_1_746' title='bbox 967 5596 1349 5666; x_wconf 67' lang='lat' dir='ltr'><strong>pradicetur.</strong></span> <span class='ocrx_word' id='word_1_747' title='bbox 1370 5599 1460 5657; x_wconf 78' lang='lat' dir='ltr'><strong>Ab</strong></span> <span class='ocrx_word' id='word_1_748' title='bbox 1479 5615 1572 5666; x_wconf 92' lang='lat' dir='ltr'><strong>eo,</strong></span> <span class='ocrx_word' id='word_1_749' title='bbox 1595 5602 1769 5674; x_wconf 89' lang='lat' dir='ltr'><strong>cujus</strong></span> <span class='ocrx_word' id='word_1_750' title='bbox 1790 5599 1898 5657; x_wconf 88' lang='lat' dir='ltr'><strong>mi-</strong></span> 
     </span>
    </p>
   </div>
   <div class='ocr_carea' id='block_1_109' title="bbox 299 5667 1030 5740">
    <p class='ocr_par' dir='ltr' id='par_1_109' title="bbox 299 5667 1030 5740">
     <span class='ocr_line' id='line_1_109' title="bbox 299 5667 1030 5740; baseline 0.001 -17"><span class='ocrx_word' id='word_1_751' title='bbox 299 5672 492 5723; x_wconf 86' lang='lat' dir='ltr'><strong>sertus</strong></span> <span class='ocrx_word' id='word_1_752' title='bbox 516 5671 622 5739; x_wconf 88' lang='lat' dir='ltr'><strong>est,</strong></span> <span class='ocrx_word' id='word_1_753' title='bbox 654 5667 1030 5740; x_wconf 85' lang='lat' dir='ltr'><strong>praedicetur.</strong></span> 
     </span>
    </p>
   </div>
   <div class='ocr_carea' id='block_1_110' title="bbox 2095 5258 3529 5335">
    <p class='ocr_par' dir='ltr' id='par_1_110' title="bbox 2095 5258 3529 5335">
     <span class='ocr_line' id='line_1_110' title="bbox 2095 5258 3529 5335; baseline -0.001 -18"><span class='ocrx_word' id='word_1_754' title='bbox 2095 5260 2184 5335; x_wconf 88' lang='lat'><strong>93)</strong></span> <span class='ocrx_word' id='word_1_755' title='bbox 2214 5260 2447 5335; x_wconf 77' lang='lat' dir='ltr'><strong>inclusa</strong></span> <span class='ocrx_word' id='word_1_756' title='bbox 2484 5259 2849 5335; x_wconf 85' lang='lat' dir='ltr'><strong>exciderunt,</strong></span> <span class='ocrx_word' id='word_1_757' title='bbox 2895 5258 2975 5317; x_wconf 95' lang='lat' dir='ltr'><strong>ob</strong></span> <span class='ocrx_word' id='word_1_758' title='bbox 3013 5259 3237 5335; x_wconf 83' lang='lat' dir='ltr'><strong>duplex</strong></span> <span class='ocrx_word' id='word_1_759' title='bbox 3282 5262 3425 5331; x_wconf 76' lang='grc' dir='ltr'>ὅταν,</span> <span class='ocrx_word' id='word_1_760' title='bbox 3459 5264 3529 5318; x_wconf 80' lang='grc' dir='ltr'>Α.</span> 
     </span>
    </p>
   </div>
   <div class='ocr_carea' id='block_1_111' title="bbox 2095 5333 2908 5405">
    <p class='ocr_par' dir='ltr' id='par_1_111' title="bbox 2095 5333 2908 5405">
     <span class='ocr_line' id='line_1_111' title="bbox 2095 5333 2908 5405; baseline -0.002 -16"><span class='ocrx_word' id='word_1_761' title='bbox 2095 5333 2183 5405; x_wconf 62' lang='lat'><strong>9&#39;!)</strong></span> <span class='ocrx_word' id='word_1_762' title='bbox 2212 5333 2395 5390; x_wconf 86' lang='lat' dir='ltr'><strong>intell.</strong></span> <span class='ocrx_word' id='word_1_763' title='bbox 2425 5336 2518 5390; x_wconf 80' lang='grc' dir='ltr'>τήν</span> <span class='ocrx_word' id='word_1_764' title='bbox 2552 5334 2908 5405; x_wconf 78' lang='grc' dir='ltr'>συμπάθειαν.</span> 
     </span>
    </p>
   </div>
   <div class='ocr_carea' id='block_1_112' title="bbox 2095 5403 3655 5479">
    <p class='ocr_par' dir='ltr' id='par_1_112' title="bbox 2095 5403 3655 5479">
     <span class='ocr_line' id='line_1_112' title="bbox 2095 5403 3655 5479; baseline 0.001 -21"><span class='ocrx_word' id='word_1_765' title='bbox 2095 5403 2184 5474; x_wconf 79' lang='lat'><strong>95)</strong></span> <span class='ocrx_word' id='word_1_766' title='bbox 2229 5403 2688 5479; x_wconf 88' lang='lat' dir='ltr'><strong>U_t_erque_meus</strong></span> <span class='ocrx_word' id='word_1_767' title='bbox 2733 5403 2795 5459; x_wconf 90' lang='lat' dir='ltr'><strong>in</strong></span> <span class='ocrx_word' id='word_1_768' title='bbox 2826 5403 2939 5479; x_wconf 77' lang='lat' dir='ltr'><strong>ﬁne</strong></span> <span class='ocrx_word' id='word_1_769' title='bbox 2968 5420 3178 5479; x_wconf 72' lang='lat' dir='ltr'><strong>versus</strong></span> <span class='ocrx_word' id='word_1_770' title='bbox 3217 5405 3455 5479; x_wconf 87' lang='lat' dir='ltr'><strong>omittit,</strong></span> <span class='ocrx_word' id='word_1_771' title='bbox 3494 5405 3542 5459; x_wconf 76' lang='grc' dir='ltr'>ἔν</span> <span class='ocrx_word' id='word_1_772' title='bbox 3584 5414 3655 5479; x_wconf 85' lang='grc' dir='ltr'>τῷ</span> 
     </span>
    </p>
   </div>
   <div class='ocr_carea' id='block_1_113' title="bbox 2003 5474 3651 5549">
    <p class='ocr_par' dir='ltr' id='par_1_113' title="bbox 2003 5474 3651 5549">
     <span class='ocr_line' id='line_1_113' title="bbox 2003 5474 3651 5549; baseline 0.007 -25"><span class='ocrx_word' id='word_1_773' title='bbox 2003 5482 2217 5546; x_wconf 69' lang='grc' dir='ltr'>φανερῷ.</span> <span class='ocrx_word' id='word_1_774' title='bbox 2261 5474 2582 5531; x_wconf 77' lang='lat' dir='ltr'><strong>Hentenius</strong></span> <span class='ocrx_word' id='word_1_775' title='bbox 2626 5481 2827 5532; x_wconf 89' lang='lat' dir='ltr'><strong>tamen</strong></span> <span class='ocrx_word' id='word_1_776' title='bbox 2880 5474 3162 5548; x_wconf 89' lang='lat' dir='ltr'><strong>habebat,</strong></span> <span class='ocrx_word' id='word_1_777' title='bbox 3203 5477 3267 5534; x_wconf 77' lang='lat' dir='ltr'><strong>in</strong></span> <span class='ocrx_word' id='word_1_778' title='bbox 3318 5474 3651 5549; x_wconf 75' lang='lat' dir='ltr'><strong>propatulo.</strong></span> 
     </span>
    </p>
   </div>
   <div class='ocr_carea' id='block_1_114' title="bbox 2165 5260 2184 5474">
    <p class='ocr_par' dir='ltr' id='par_1_114' title="bbox 2165 5260 2184 5474">
     <span class='ocr_line' id='line_1_114' title="bbox 2165 5260 2184 5474; baseline 0 0"><span class='ocrx_word' id='word_1_779' title='bbox 2165 5260 2184 5474; x_wconf 68' lang='grc' dir='ltr'>ξ</span> 
     </span>
    </p>
   </div>
   <div class='ocr_carea' id='block_1_115' title="bbox 2078 5597 3657 5680">
    <p class='ocr_par' dir='ltr' id='par_1_115' title="bbox 2078 5597 3657 5680">
     <span class='ocr_line' id='line_1_115' title="bbox 2078 5597 3657 5680; baseline 0.004 -27"><span class='ocrx_word' id='word_1_780' title='bbox 2078 5597 2439 5680; x_wconf 57' lang='grc' dir='ltr'><strong>(Ιε)1ξτοριεν</strong></span> <span class='ocrx_word' id='word_1_781' title='bbox 2463 5600 2772 5659; x_wconf 77' lang='lat' dir='ltr'><strong>humanam</strong></span> <span class='ocrx_word' id='word_1_782' title='bbox 2797 5603 3140 5662; x_wconf 75' lang='lat' dir='ltr'><strong>comitatem.</strong></span> <span class='ocrx_word' id='word_1_783' title='bbox 3157 5602 3362 5661; x_wconf 87' lang='lat' dir='ltr'><strong>Studio</strong></span> <span class='ocrx_word' id='word_1_784' title='bbox 3379 5602 3657 5677; x_wconf 88' lang='lat' dir='ltr'><strong>placendi</strong></span> 
     </span>
    </p>
   </div>
   <div class='ocr_carea' id='block_1_116' title="bbox 2002 5668 2375 5729">
    <p class='ocr_par' dir='ltr' id='par_1_116' title="bbox 2002 5668 2375 5729">
     <span class='ocr_line' id='line_1_116' title="bbox 2002 5668 2375 5729; baseline 0.003 -2"><span class='ocrx_word' id='word_1_785' title='bbox 2002 5668 2375 5729; x_wconf 80' lang='lat' dir='ltr'><strong>hominibus.</strong></span> 
     </span>
    </p>
   </div>
  </div>
