  <div class='ocr_page' id='page_1' title='image "/cluster/home/n/w/nwhite01/storage/ocr_20150623/129/hvd.32044019208511/131.png"; bbox 0 0 4170 6468; ppageno 0'>
   <div class='ocr_carea' id='block_1_1' title="bbox 565 343 2607 411">
    <p class='ocr_par' dir='ltr' id='par_1_1' title="bbox 565 343 2607 411">
     <span class='ocr_line' id='line_1_1' title="bbox 565 343 2607 411; baseline -0.002 -1"><span class='ocrx_word' id='word_1_1' title='bbox 565 355 664 410; x_wconf 75' lang='grc'><strong>231</strong></span> <span class='ocrx_word' id='word_1_2' title='bbox 1006 394 1012 400; x_wconf 87' lang='grc'><strong>-</strong></span> <span class='ocrx_word' id='word_1_3' title='bbox 1517 391 1524 396; x_wconf 95' lang='grc'><strong><em>-</em></strong></span> <span class='ocrx_word' id='word_1_4' title='bbox 1881 347 2240 411; x_wconf 77' lang='grc' dir='ltr'><strong>ΕΗΤΗΥΜῘΙ</strong></span> <span class='ocrx_word' id='word_1_5' title='bbox 2278 343 2607 408; x_wconf 76' lang='grc' dir='ltr'><strong>ΖΙαΑΒΕΝι</strong></span> 
     </span>
    </p>
   </div>
   <div class='ocr_carea' id='block_1_2' title="bbox 3862 353 3979 411">
    <p class='ocr_par' dir='ltr' id='par_1_2' title="bbox 3862 353 3979 411">
     <span class='ocr_line' id='line_1_2' title="bbox 3862 353 3979 411; baseline 0 0"><span class='ocrx_word' id='word_1_6' title='bbox 3862 353 3979 411; x_wconf 83' lang='lat'><strong>232</strong></span> 
     </span>
    </p>
   </div>
   <div class='ocr_carea' id='block_1_3' title="bbox 569 473 2204 552">
    <p class='ocr_par' dir='ltr' id='par_1_3' title="bbox 569 477 2204 552">
     <span class='ocr_line' id='line_1_3' title="bbox 569 477 2204 552; baseline -0.002 -16"><span class='ocrx_word' id='word_1_7' title='bbox 569 483 683 536; x_wconf 69' lang='lat' dir='ltr'><strong>tuae</strong></span> <span class='ocrx_word' id='word_1_8' title='bbox 693 479 1130 552; x_wconf 84' lang='lat' dir='ltr'><strong>eleemosynam</strong></span> <span class='ocrx_word' id='word_1_9' title='bbox 1149 481 1496 549; x_wconf 80' lang='lat' dir='ltr'><strong>agnoscant.</strong></span> <span class='ocrx_word' id='word_1_10' title='bbox 1516 480 1628 533; x_wconf 86' lang='lat' dir='ltr'><strong>Aut</strong></span> <span class='ocrx_word' id='word_1_11' title='bbox 1641 477 2118 549; x_wconf 81' lang='lat' dir='ltr'><strong>perhyperbolen</strong></span> <span class='ocrx_word' id='word_1_12' title='bbox 2135 491 2204 533; x_wconf 83' lang='lat' dir='ltr'><strong>es</strong></span> 
     </span>
    </p>
   </div>
   <div class='ocr_carea' id='block_1_4' title="bbox 2316 473 3973 552">
    <p class='ocr_par' dir='ltr' id='par_1_4' title="bbox 2329 473 3973 552">
     <span class='ocr_line' id='line_1_4' title="bbox 2329 473 3973 552; baseline 0.001 -22"><span class='ocrx_word' id='word_1_13' title='bbox 2329 477 2494 547; x_wconf 75' lang='grc' dir='ltr'>οὗτοι,</span> <span class='ocrx_word' id='word_1_14' title='bbox 2539 482 2688 549; x_wconf 79' lang='grc' dir='ltr'>φησὶ,</span> <span class='ocrx_word' id='word_1_15' title='bbox 2733 481 3014 548; x_wconf 77' lang='grc' dir='ltr'><strong>γνώτωσαν</strong></span> <span class='ocrx_word' id='word_1_16' title='bbox 3059 486 3149 538; x_wconf 76' lang='grc' dir='ltr'>τῆς</span> <span class='ocrx_word' id='word_1_17' title='bbox 3192 473 3370 540; x_wconf 81' lang='grc' dir='ltr'>δεξιᾶς</span> <span class='ocrx_word' id='word_1_18' title='bbox 3424 496 3519 530; x_wconf 90' lang='grc' dir='ltr'><strong>σου</strong></span> <span class='ocrx_word' id='word_1_19' title='bbox 3576 481 3669 537; x_wconf 79' lang='grc' dir='ltr'>τὴν</span> <span class='ocrx_word' id='word_1_20' title='bbox 3738 478 3973 552; x_wconf 62' lang='lat' dir='ltr'><strong>acopo.</strong></span> 
     </span>
    </p>
   </div>
   <div class='ocr_carea' id='block_1_5' title="bbox 567 567 2215 639">
    <p class='ocr_par' dir='ltr' id='par_1_5' title="bbox 567 567 2215 639">
     <span class='ocr_line' id='line_1_5' title="bbox 567 567 2215 639; baseline -0.001 -16"><span class='ocrx_word' id='word_1_21' title='bbox 567 584 790 633; x_wconf 87' lang='lat' dir='ltr'><strong>sermo,</strong></span> <span class='ocrx_word' id='word_1_22' title='bbox 823 583 1056 639; x_wconf 88' lang='lat' dir='ltr'><strong>nempe,</strong></span> <span class='ocrx_word' id='word_1_23' title='bbox 1092 571 1156 624; x_wconf 87' lang='lat' dir='ltr'><strong>Et</strong></span> <span class='ocrx_word' id='word_1_24' title='bbox 1186 569 1379 639; x_wconf 87' lang='lat' dir='ltr'>ipsam</span> <span class='ocrx_word' id='word_1_25' title='bbox 1413 567 1710 622; x_wconf 79' lang='lat' dir='ltr'><strong>sinistram</strong></span> <span class='ocrx_word' id='word_1_26' title='bbox 1743 567 2175 623; x_wconf 85' lang='lat' dir='ltr'><strong>lateatdextera</strong></span> <span class='ocrx_word' id='word_1_27' title='bbox 2203 583 2215 621; x_wconf 92' lang='lat'>:</span> 
     </span>
    </p>
   </div>
   <div class='ocr_carea' id='block_1_6' title="bbox 563 655 2218 728">
    <p class='ocr_par' dir='ltr' id='par_1_6' title="bbox 563 655 2218 728">
     <span class='ocr_line' id='line_1_6' title="bbox 563 655 2218 728; baseline -0.002 -16"><span class='ocrx_word' id='word_1_28' title='bbox 563 671 669 728; x_wconf 91' lang='lat' dir='ltr'><strong>per</strong></span> <span class='ocrx_word' id='word_1_29' title='bbox 687 656 852 728; x_wconf 89' lang='lat' dir='ltr'><strong>quod</strong></span> <span class='ocrx_word' id='word_1_30' title='bbox 882 657 1292 713; x_wconf 80' lang='lat' dir='ltr'><strong>manifestatur</strong></span> <span class='ocrx_word' id='word_1_31' title='bbox 1339 655 1663 728; x_wconf 90' lang='lat' dir='ltr'><strong>plurimum</strong></span> <span class='ocrx_word' id='word_1_32' title='bbox 1694 660 1968 728; x_wconf 84' lang='lat' dir='ltr'><strong>oportere</strong></span> <span class='ocrx_word' id='word_1_33' title='bbox 2014 656 2218 712; x_wconf 87' lang='lat' dir='ltr'><strong>latere.</strong></span> 
     </span>
    </p>
   </div>
   <div class='ocr_carea' id='block_1_7' title="bbox 627 833 2214 905">
    <p class='ocr_par' dir='ltr' id='par_1_7' title="bbox 627 833 2214 905">
     <span class='ocr_line' id='line_1_7' title="bbox 627 833 2214 905; baseline 0.001 -18"><span class='ocrx_word' id='word_1_34' title='bbox 627 835 716 904; x_wconf 71' lang='grc' dir='ltr'><strong>-ι--ι-</strong></span> <span class='ocrx_word' id='word_1_35' title='bbox 745 833 872 890; x_wconf 82' lang='lat' dir='ltr'><strong>Alia</strong></span> <span class='ocrx_word' id='word_1_36' title='bbox 901 835 1081 890; x_wconf 90' lang='lat' dir='ltr'><strong>etiam</strong></span> <span class='ocrx_word' id='word_1_37' title='bbox 1107 834 1356 897; x_wconf 85' lang='lat' dir='ltr'><strong>ratione,</strong></span> <span class='ocrx_word' id='word_1_38' title='bbox 1384 833 1593 890; x_wconf 82' lang='lat' dir='ltr'><strong>dextra</strong></span> <span class='ocrx_word' id='word_1_39' title='bbox 1619 833 1866 905; x_wconf 88' lang='lat' dir='ltr'><strong>quidem</strong></span> <span class='ocrx_word' id='word_1_40' title='bbox 1897 838 1984 890; x_wconf 91' lang='lat' dir='ltr'><strong>est</strong></span> <span class='ocrx_word' id='word_1_41' title='bbox 2012 834 2214 898; x_wconf 87' lang='lat' dir='ltr'><strong>virtus,</strong></span> 
     </span>
    </p>
   </div>
   <div class='ocr_carea' id='block_1_8' title="bbox 558 921 2219 992">
    <p class='ocr_par' dir='ltr' id='par_1_8' title="bbox 558 921 2219 992">
     <span class='ocr_line' id='line_1_8' title="bbox 558 921 2219 992; baseline 0.001 -16"><span class='ocrx_word' id='word_1_42' title='bbox 558 921 796 978; x_wconf 85' lang='lat' dir='ltr'><strong>sinistra</strong></span> <span class='ocrx_word' id='word_1_43' title='bbox 847 928 1048 978; x_wconf 91' lang='lat' dir='ltr'><strong>autem</strong></span> <span class='ocrx_word' id='word_1_44' title='bbox 1093 922 1403 978; x_wconf 83' lang='lat' dir='ltr'><strong>vitiositas.</strong></span> <span class='ocrx_word' id='word_1_45' title='bbox 1451 925 1528 978; x_wconf 86' lang='lat' dir='ltr'><strong>Ne</strong></span> <span class='ocrx_word' id='word_1_46' title='bbox 1578 922 1758 992; x_wconf 82' lang='lat' dir='ltr'><strong>igitur</strong></span> <span class='ocrx_word' id='word_1_47' title='bbox 1787 930 1995 978; x_wconf 84' lang='lat' dir='ltr'><strong>noscat</strong></span> <span class='ocrx_word' id='word_1_48' title='bbox 2047 923 2219 977; x_wconf 86' lang='lat' dir='ltr'><strong>vitio-</strong></span> 
     </span>
    </p>
   </div>
   <div class='ocr_carea' id='block_1_9' title="bbox 558 1010 2216 1082">
    <p class='ocr_par' dir='ltr' id='par_1_9' title="bbox 558 1010 2216 1082">
     <span class='ocr_line' id='line_1_9' title="bbox 558 1010 2216 1082; baseline 0.001 -17"><span class='ocrx_word' id='word_1_49' title='bbox 558 1011 702 1066; x_wconf 84' lang='lat' dir='ltr'><strong>sitas</strong></span> <span class='ocrx_word' id='word_1_50' title='bbox 731 1010 890 1066; x_wconf 86' lang='lat' dir='ltr'><strong>facta</strong></span> <span class='ocrx_word' id='word_1_51' title='bbox 939 1011 1162 1066; x_wconf 89' lang='lat' dir='ltr'><strong>virtutis</strong></span> <span class='ocrx_word' id='word_1_52' title='bbox 1202 1025 1307 1082; x_wconf 89' lang='lat' dir='ltr'><strong>per</strong></span> <span class='ocrx_word' id='word_1_53' title='bbox 1349 1011 1860 1080; x_wconf 85' lang='lat' dir='ltr'><strong>communionem,</strong></span> <span class='ocrx_word' id='word_1_54' title='bbox 1919 1011 2024 1066; x_wconf 90' lang='lat' dir='ltr'><strong>sed</strong></span> <span class='ocrx_word' id='word_1_55' title='bbox 2088 1011 2216 1067; x_wconf 88' lang='lat' dir='ltr'><strong>sine</strong></span> 
     </span>
    </p>
   </div>
   <div class='ocr_carea' id='block_1_10' title="bbox 564 1099 2029 1156">
    <p class='ocr_par' dir='ltr' id='par_1_10' title="bbox 564 1099 2029 1156">
     <span class='ocr_line' id='line_1_10' title="bbox 564 1099 2029 1156; baseline 0.001 -2"><span class='ocrx_word' id='word_1_56' title='bbox 564 1099 993 1155; x_wconf 88' lang='lat' dir='ltr'><strong>communione</strong></span> <span class='ocrx_word' id='word_1_57' title='bbox 1021 1100 1148 1155; x_wconf 82' lang='lat' dir='ltr'><strong>vitii</strong></span> <span class='ocrx_word' id='word_1_58' title='bbox 1191 1099 1508 1154; x_wconf 91' lang='lat' dir='ltr'><strong>honestum</strong></span> <span class='ocrx_word' id='word_1_59' title='bbox 1555 1105 1610 1156; x_wconf 89' lang='lat' dir='ltr'><strong>et</strong></span> <span class='ocrx_word' id='word_1_60' title='bbox 1647 1099 1872 1155; x_wconf 91' lang='lat' dir='ltr'><strong>bonum</strong></span> <span class='ocrx_word' id='word_1_61' title='bbox 1904 1099 2029 1156; x_wconf 86' lang='lat' dir='ltr'><strong>fiat.</strong></span> 
     </span>
    </p>
   </div>
   <div class='ocr_carea' id='block_1_11' title="bbox 630 1187 2214 1260">
    <p class='ocr_par' dir='ltr' id='par_1_11' title="bbox 630 1187 2214 1260">
     <span class='ocr_line' id='line_1_11' title="bbox 630 1187 2214 1260; baseline -0.001 -16"><span class='ocrx_word' id='word_1_62' title='bbox 630 1191 1074 1260; x_wconf 89' lang='lat' dir='ltr'><strong>Consequenter</strong></span> <span class='ocrx_word' id='word_1_63' title='bbox 1101 1203 1243 1244; x_wconf 91' lang='lat' dir='ltr'><strong>vero</strong></span> <span class='ocrx_word' id='word_1_64' title='bbox 1275 1187 1521 1256; x_wconf 87' lang='lat' dir='ltr'><strong>addidit,</strong></span> <span class='ocrx_word' id='word_1_65' title='bbox 1561 1188 1727 1260; x_wconf 84' lang='lat' dir='ltr'><strong>quod</strong></span> <span class='ocrx_word' id='word_1_66' title='bbox 1754 1189 1940 1244; x_wconf 89' lang='lat' dir='ltr'><strong>Deum</strong></span> <span class='ocrx_word' id='word_1_67' title='bbox 1990 1187 2214 1245; x_wconf 87' lang='lat' dir='ltr'><strong>habeas</strong></span> 
     </span>
    </p>
   </div>
   <div class='ocr_carea' id='block_1_12' title="bbox 558 1277 2216 1350">
    <p class='ocr_par' dir='ltr' id='par_1_12' title="bbox 558 1277 2216 1350">
     <span class='ocr_line' id='line_1_12' title="bbox 558 1277 2216 1350; baseline 0 -17"><span class='ocrx_word' id='word_1_68' title='bbox 558 1283 1015 1348; x_wconf 87' lang='lat' dir='ltr'><strong>conspectorem</strong></span> <span class='ocrx_word' id='word_1_69' title='bbox 1062 1293 1132 1333; x_wconf 91' lang='lat' dir='ltr'><strong>ac</strong></span> <span class='ocrx_word' id='word_1_70' title='bbox 1177 1281 1406 1342; x_wconf 79' lang='lat' dir='ltr'><strong>testem,</strong></span> <span class='ocrx_word' id='word_1_71' title='bbox 1451 1277 1552 1350; x_wconf 88' lang='lat' dir='ltr'><strong>qui</strong></span> <span class='ocrx_word' id='word_1_72' title='bbox 1615 1293 1781 1334; x_wconf 89' lang='lat' dir='ltr'><strong>more</strong></span> <span class='ocrx_word' id='word_1_73' title='bbox 1834 1279 2019 1348; x_wconf 88' lang='lat' dir='ltr'><strong>patris</strong></span> <span class='ocrx_word' id='word_1_74' title='bbox 2073 1293 2216 1348; x_wconf 85' lang='lat' dir='ltr'><strong>gau-</strong></span> 
     </span>
    </p>
   </div>
   <div class='ocr_carea' id='block_1_13' title="bbox 558 1365 2215 1438">
    <p class='ocr_par' dir='ltr' id='par_1_13' title="bbox 558 1365 2215 1438">
     <span class='ocr_line' id='line_1_13' title="bbox 558 1365 2215 1438; baseline -0.001 -16"><span class='ocrx_word' id='word_1_75' title='bbox 558 1365 660 1422; x_wconf 90' lang='lat' dir='ltr'><strong>det</strong></span> <span class='ocrx_word' id='word_1_76' title='bbox 688 1365 901 1420; x_wconf 87' lang='lat' dir='ltr'><strong>videns</strong></span> <span class='ocrx_word' id='word_1_77' title='bbox 915 1365 1077 1420; x_wconf 90' lang='lat' dir='ltr'><strong>bona</strong></span> <span class='ocrx_word' id='word_1_78' title='bbox 1105 1365 1364 1421; x_wconf 87' lang='lat' dir='ltr'><strong>ﬁliorum</strong></span> <span class='ocrx_word' id='word_1_79' title='bbox 1389 1380 1570 1437; x_wconf 86' lang='lat' dir='ltr'><strong>opera</strong></span> <span class='ocrx_word' id='word_1_80' title='bbox 1593 1365 1904 1438; x_wconf 88' lang='lat' dir='ltr'><strong>:quodque</strong></span> <span class='ocrx_word' id='word_1_81' title='bbox 1935 1381 2055 1422; x_wconf 93' lang='lat' dir='ltr'><strong>non</strong></span> <span class='ocrx_word' id='word_1_82' title='bbox 2088 1382 2215 1438; x_wconf 87' lang='lat' dir='ltr'><strong>per-</strong></span> 
     </span>
    </p>
   </div>
   <div class='ocr_carea' id='block_1_14' title="bbox 559 1453 2214 1527">
    <p class='ocr_par' dir='ltr' id='par_1_14' title="bbox 559 1453 2214 1527">
     <span class='ocr_line' id='line_1_14' title="bbox 559 1453 2214 1527; baseline 0.001 -17"><span class='ocrx_word' id='word_1_83' title='bbox 559 1456 663 1510; x_wconf 89' lang='lat' dir='ltr'><strong>des</strong></span> <span class='ocrx_word' id='word_1_84' title='bbox 714 1469 849 1526; x_wconf 64' lang='lat' dir='ltr'><strong>quas</strong></span> <span class='ocrx_word' id='word_1_85' title='bbox 888 1453 1144 1523; x_wconf 88' lang='lat' dir='ltr'><strong>dederis,</strong></span> <span class='ocrx_word' id='word_1_86' title='bbox 1200 1454 1305 1511; x_wconf 88' lang='lat' dir='ltr'><strong>sed</strong></span> <span class='ocrx_word' id='word_1_87' title='bbox 1349 1454 1428 1510; x_wconf 90' lang='lat' dir='ltr'><strong>ab</strong></span> <span class='ocrx_word' id='word_1_88' title='bbox 1484 1455 1616 1527; x_wconf 91' lang='lat' dir='ltr'><strong>ipso</strong></span> <span class='ocrx_word' id='word_1_89' title='bbox 1667 1456 1916 1527; x_wconf 88' lang='lat' dir='ltr'><strong>recipies</strong></span> <span class='ocrx_word' id='word_1_90' title='bbox 1966 1454 2214 1511; x_wconf 90' lang='lat' dir='ltr'><strong>omnino</strong></span> 
     </span>
    </p>
   </div>
   <div class='ocr_carea' id='block_1_15' title="bbox 558 1542 2214 1615">
    <p class='ocr_par' dir='ltr' id='par_1_15' title="bbox 558 1542 2214 1615">
     <span class='ocr_line' id='line_1_15' title="bbox 558 1542 2214 1615; baseline 0.001 -18"><span class='ocrx_word' id='word_1_91' title='bbox 558 1542 959 1614; x_wconf 71' lang='lat' dir='ltr'><strong>eleemosynaa</strong></span> <span class='ocrx_word' id='word_1_92' title='bbox 1010 1543 1350 1615; x_wconf 70' lang='lat' dir='ltr'><strong>praamium.</strong></span> <span class='ocrx_word' id='word_1_93' title='bbox 1406 1544 1547 1601; x_wconf 90' lang='lat' dir='ltr'><strong>Non</strong></span> <span class='ocrx_word' id='word_1_94' title='bbox 1601 1544 1750 1598; x_wconf 85' lang='lat' dir='ltr'><strong>dixit</strong></span> <span class='ocrx_word' id='word_1_95' title='bbox 1805 1547 2007 1599; x_wconf 88' lang='lat' dir='ltr'><strong>autem</strong></span> <span class='ocrx_word' id='word_1_96' title='bbox 2054 1543 2214 1599; x_wconf 91' lang='lat' dir='ltr'><strong>unde</strong></span> 
     </span>
    </p>
   </div>
   <div class='ocr_carea' id='block_1_16' title="bbox 557 1630 2215 1704">
    <p class='ocr_par' dir='ltr' id='par_1_16' title="bbox 557 1630 2215 1704">
     <span class='ocr_line' id='line_1_16' title="bbox 557 1630 2215 1704; baseline 0.001 -18"><span class='ocrx_word' id='word_1_97' title='bbox 557 1630 751 1687; x_wconf 85' lang='lat' dir='ltr'><strong>facere</strong></span> <span class='ocrx_word' id='word_1_98' title='bbox 800 1637 1088 1704; x_wconf 88' lang='lat' dir='ltr'><strong>oporteat,</strong></span> <span class='ocrx_word' id='word_1_99' title='bbox 1143 1637 1288 1704; x_wconf 88' lang='lat' dir='ltr'><strong>puta</strong></span> <span class='ocrx_word' id='word_1_100' title='bbox 1316 1631 1478 1704; x_wconf 90' lang='lat' dir='ltr'><strong>quod</strong></span> <span class='ocrx_word' id='word_1_101' title='bbox 1511 1647 1540 1687; x_wconf 88' lang='lat' dir='ltr'><strong>e</strong></span> <span class='ocrx_word' id='word_1_102' title='bbox 1566 1632 1737 1703; x_wconf 84' lang='lat' dir='ltr'><strong>justis</strong></span> <span class='ocrx_word' id='word_1_103' title='bbox 1785 1631 2076 1686; x_wconf 90' lang='lat' dir='ltr'><strong>sacculis:</strong></span> <span class='ocrx_word' id='word_1_104' title='bbox 2104 1631 2215 1687; x_wconf 92' lang='lat' dir='ltr'><strong>hoc</strong></span> 
     </span>
    </p>
   </div>
   <div class='ocr_carea' id='block_1_17' title="bbox 555 1720 2214 1791">
    <p class='ocr_par' dir='ltr' id='par_1_17' title="bbox 555 1720 2214 1791">
     <span class='ocr_line' id='line_1_17' title="bbox 555 1720 2214 1791; baseline 0 -17"><span class='ocrx_word' id='word_1_105' title='bbox 555 1734 769 1790; x_wconf 91' lang='lat' dir='ltr'><strong>nempe</strong></span> <span class='ocrx_word' id='word_1_106' title='bbox 818 1720 1102 1776; x_wconf 90' lang='lat' dir='ltr'><strong>omnibus</strong></span> <span class='ocrx_word' id='word_1_107' title='bbox 1150 1725 1362 1776; x_wconf 91' lang='lat' dir='ltr'><strong>notum</strong></span> <span class='ocrx_word' id='word_1_108' title='bbox 1411 1725 1554 1776; x_wconf 90' lang='lat' dir='ltr'><strong>erat.</strong></span> <span class='ocrx_word' id='word_1_109' title='bbox 1612 1723 1900 1775; x_wconf 66' lang='lat' dir='ltr'><strong>Praeterea</strong></span> <span class='ocrx_word' id='word_1_110' title='bbox 1942 1720 2214 1791; x_wconf 86' lang='lat' dir='ltr'><strong>superius</strong></span> 
     </span>
    </p>
   </div>
   <div class='ocr_carea' id='block_1_18' title="bbox 2331 565 3974 640">
    <p class='ocr_par' dir='ltr' id='par_1_18' title="bbox 2331 565 3974 640">
     <span class='ocr_line' id='line_1_18' title="bbox 2331 565 3974 640; baseline 0.002 -22"><span class='ocrx_word' id='word_1_111' title='bbox 2331 569 2511 624; x_wconf 82' lang='grc' dir='ltr'>σύνην.</span> <span class='ocrx_word' id='word_1_112' title='bbox 2571 565 2637 618; x_wconf 70' lang='grc' dir='ltr'>Ἠ</span> <span class='ocrx_word' id='word_1_113' title='bbox 2711 571 2800 618; x_wconf 81' lang='grc' dir='ltr'>καὶ</span> <span class='ocrx_word' id='word_1_114' title='bbox 2870 568 2985 618; x_wconf 83' lang='grc' dir='ltr'>καθ’</span> <span class='ocrx_word' id='word_1_115' title='bbox 3048 566 3334 640; x_wconf 75' lang='grc' dir='ltr'>ὑπερϐολὴν</span> <span class='ocrx_word' id='word_1_116' title='bbox 3379 569 3404 619; x_wconf 89' lang='grc' dir='ltr'><strong><em>ὁ</em></strong></span> <span class='ocrx_word' id='word_1_117' title='bbox 3459 566 3632 638; x_wconf 87' lang='grc' dir='ltr'>λόγος,</span> <span class='ocrx_word' id='word_1_118' title='bbox 3689 570 3791 621; x_wconf 85' lang='grc' dir='ltr'>ὅτε</span> <span class='ocrx_word' id='word_1_119' title='bbox 3867 573 3974 624; x_wconf 69' lang='grc' dir='ltr'><strong>Καὶ</strong></span> 
     </span>
    </p>
   </div>
   <div class='ocr_carea' id='block_1_19' title="bbox 2327 651 3971 731">
    <p class='ocr_par' dir='ltr' id='par_1_19' title="bbox 2327 651 3971 731">
     <span class='ocr_line' id='line_1_19' title="bbox 2327 651 3971 731; baseline 0.002 -25"><span class='ocrx_word' id='word_1_120' title='bbox 2327 655 2486 713; x_wconf 76' lang='grc' dir='ltr'>αὐτὴν</span> <span class='ocrx_word' id='word_1_121' title='bbox 2529 653 2723 707; x_wconf 76' lang='grc' dir='ltr'>λαθέτω</span> <span class='ocrx_word' id='word_1_122' title='bbox 2768 658 2797 712; x_wconf 81' lang='grc' dir='ltr'>ἡ</span> <span class='ocrx_word' id='word_1_123' title='bbox 2841 651 2993 716; x_wconf 75' lang='grc' dir='ltr'>δεξιὰ</span> <span class='ocrx_word' id='word_1_124' title='bbox 3029 660 3123 714; x_wconf 73' lang='grc' dir='ltr'>τὴν</span> <span class='ocrx_word' id='word_1_125' title='bbox 3168 654 3464 731; x_wconf 78' lang='grc' dir='ltr'>ἀριστερὰν,</span> <span class='ocrx_word' id='word_1_126' title='bbox 3516 652 3590 708; x_wconf 88' lang='grc' dir='ltr'><strong>δι’</strong></span> <span class='ocrx_word' id='word_1_127' title='bbox 3631 657 3693 708; x_wconf 79' lang='grc' dir='ltr'>οὗ</span> <span class='ocrx_word' id='word_1_128' title='bbox 3745 653 3971 715; x_wconf 84' lang='grc' dir='ltr'>δηλοῦ-</span> 
     </span>
    </p>
   </div>
   <div class='ocr_carea' id='block_1_20' title="bbox 2327 740 3104 796">
    <p class='ocr_par' dir='ltr' id='par_1_20' title="bbox 2327 740 3104 796">
     <span class='ocr_line' id='line_1_20' title="bbox 2327 740 3104 796; baseline 0 -1"><span class='ocrx_word' id='word_1_129' title='bbox 2327 761 2415 795; x_wconf 84' lang='grc' dir='ltr'><strong>ται</strong></span> <span class='ocrx_word' id='word_1_130' title='bbox 2442 747 2502 795; x_wconf 85' lang='grc' dir='ltr'>τὸ</span> <span class='ocrx_word' id='word_1_131' title='bbox 2535 740 2643 796; x_wconf 93' lang='grc' dir='ltr'>δεῖν</span> <span class='ocrx_word' id='word_1_132' title='bbox 2671 743 2783 795; x_wconf 85' lang='grc' dir='ltr'>λίαν</span> <span class='ocrx_word' id='word_1_133' title='bbox 2820 743 3104 796; x_wconf 80' lang='grc' dir='ltr'>λανθάνειν.</span> 
     </span>
    </p>
   </div>
   <div class='ocr_carea' id='block_1_21' title="bbox 2399 829 3965 908">
    <p class='ocr_par' dir='ltr' id='par_1_21' title="bbox 2399 829 3965 908">
     <span class='ocr_line' id='line_1_21' title="bbox 2399 829 3965 908; baseline 0.002 -23"><span class='ocrx_word' id='word_1_134' title='bbox 2399 834 2523 903; x_wconf 76' lang='grc' dir='ltr'><strong>[Καὶ</strong></span> <span class='ocrx_word' id='word_1_135' title='bbox 2573 833 2688 901; x_wconf 80' lang='lat'><strong>(96)</strong></span> <span class='ocrx_word' id='word_1_136' title='bbox 2723 832 2839 884; x_wconf 86' lang='grc' dir='ltr'>καθ’</span> <span class='ocrx_word' id='word_1_137' title='bbox 2870 833 3038 907; x_wconf 79' lang='grc' dir='ltr'>ἕτερον</span> <span class='ocrx_word' id='word_1_138' title='bbox 3070 829 3130 885; x_wconf 79' lang='grc' dir='ltr'><strong>δε</strong></span> <span class='ocrx_word' id='word_1_139' title='bbox 3173 832 3345 903; x_wconf 83' lang='grc' dir='ltr'>λόγον,</span> <span class='ocrx_word' id='word_1_140' title='bbox 3388 829 3536 896; x_wconf 82' lang='grc' dir='ltr'>δεξιὰ</span> <span class='ocrx_word' id='word_1_141' title='bbox 3573 838 3685 906; x_wconf 70' lang='grc' dir='ltr'>μεν,</span> <span class='ocrx_word' id='word_1_142' title='bbox 3742 837 3782 893; x_wconf 78' lang='grc' dir='ltr'><strong>ἠ</strong></span> <span class='ocrx_word' id='word_1_143' title='bbox 3829 835 3965 908; x_wconf 83' lang='grc' dir='ltr'>ἀρε-</span> 
     </span>
    </p>
   </div>
   <div class='ocr_carea' id='block_1_22' title="bbox 2324 918 3967 993">
    <p class='ocr_par' dir='ltr' id='par_1_22' title="bbox 2324 918 3967 993">
     <span class='ocr_line' id='line_1_22' title="bbox 2324 918 3967 993; baseline 0.002 -21"><span class='ocrx_word' id='word_1_144' title='bbox 2324 925 2412 985; x_wconf 85' lang='grc' dir='ltr'>τὴ,</span> <span class='ocrx_word' id='word_1_145' title='bbox 2468 920 2718 993; x_wconf 85' lang='grc' dir='ltr'>ἀριστερά</span> <span class='ocrx_word' id='word_1_146' title='bbox 2757 918 2836 989; x_wconf 67' lang='grc' dir='ltr'>δι,</span> <span class='ocrx_word' id='word_1_147' title='bbox 2890 923 2921 978; x_wconf 82' lang='grc' dir='ltr'><strong>ἠ</strong></span> <span class='ocrx_word' id='word_1_148' title='bbox 2973 926 3148 974; x_wconf 82' lang='grc' dir='ltr'>κακία.</span> <span class='ocrx_word' id='word_1_149' title='bbox 3200 926 3286 980; x_wconf 70' lang='grc' dir='ltr'><strong>Μὴ</strong></span> <span class='ocrx_word' id='word_1_150' title='bbox 3333 927 3514 992; x_wconf 80' lang='grc' dir='ltr'>γνώτω</span> <span class='ocrx_word' id='word_1_151' title='bbox 3556 923 3644 974; x_wconf 84' lang='grc' dir='ltr'>οὖν</span> <span class='ocrx_word' id='word_1_152' title='bbox 3696 925 3733 982; x_wconf 76' lang='grc' dir='ltr'>ἡ</span> <span class='ocrx_word' id='word_1_153' title='bbox 3785 931 3967 976; x_wconf 80' lang='grc' dir='ltr'>κακία</span> 
     </span>
    </p>
   </div>
   <div class='ocr_carea' id='block_1_23' title="bbox 2323 1007 3964 1086">
    <p class='ocr_par' dir='ltr' id='par_1_23' title="bbox 2323 1007 3964 1086">
     <span class='ocr_line' id='line_1_23' title="bbox 2323 1007 3964 1086; baseline 0.004 -26"><span class='ocrx_word' id='word_1_154' title='bbox 2323 1014 2416 1067; x_wconf 77' lang='grc' dir='ltr'>τήν</span> <span class='ocrx_word' id='word_1_155' title='bbox 2469 1009 2656 1082; x_wconf 82' lang='grc' dir='ltr'>πρᾶξιν</span> <span class='ocrx_word' id='word_1_156' title='bbox 2703 1018 2795 1070; x_wconf 86' lang='grc' dir='ltr'>τῆς</span> <span class='ocrx_word' id='word_1_157' title='bbox 2849 1009 3056 1083; x_wconf 81' lang='grc' dir='ltr'>ἀρετῆς,</span> <span class='ocrx_word' id='word_1_158' title='bbox 3119 1007 3191 1062; x_wconf 81' lang='grc' dir='ltr'>δι’</span> <span class='ocrx_word' id='word_1_159' title='bbox 3251 1010 3535 1084; x_wconf 74' lang='grc' dir='ltr'>ἐπιμιξίας,</span> <span class='ocrx_word' id='word_1_160' title='bbox 3590 1011 3698 1064; x_wconf 83' lang='grc' dir='ltr'>ἀλλ’</span> <span class='ocrx_word' id='word_1_161' title='bbox 3753 1012 3964 1086; x_wconf 65' lang='grc' dir='ltr'>ἀμιγὲς</span> 
     </span>
    </p>
   </div>
   <div class='ocr_carea' id='block_1_24' title="bbox 2323 1097 2966 1170">
    <p class='ocr_par' dir='ltr' id='par_1_24' title="bbox 2323 1097 2966 1170">
     <span class='ocr_line' id='line_1_24' title="bbox 2323 1097 2966 1170; baseline 0 -20"><span class='ocrx_word' id='word_1_162' title='bbox 2323 1097 2625 1170; x_wconf 68' lang='grc' dir='ltr'>ἐνεργεῖσθαι</span> <span class='ocrx_word' id='word_1_163' title='bbox 2659 1103 2718 1150; x_wconf 88' lang='grc' dir='ltr'>τὸ</span> <span class='ocrx_word' id='word_1_164' title='bbox 2737 1098 2912 1156; x_wconf 86' lang='grc' dir='ltr'>καλόν,</span> <span class='ocrx_word' id='word_1_165' title='bbox 2946 1097 2966 1169; x_wconf 73' lang='grc' dir='ltr'><strong>Ἰ</strong></span> 
     </span>
    </p>
   </div>
   <div class='ocr_carea' id='block_1_25' title="bbox 2393 1183 3958 1259">
    <p class='ocr_par' dir='ltr' id='par_1_25' title="bbox 2393 1183 3958 1259">
     <span class='ocr_line' id='line_1_25' title="bbox 2393 1183 3958 1259; baseline 0.003 -21"><span class='ocrx_word' id='word_1_166' title='bbox 2393 1191 2462 1239; x_wconf 87' lang='grc' dir='ltr'><strong>Τὸ</strong></span> <span class='ocrx_word' id='word_1_167' title='bbox 2495 1183 2554 1239; x_wconf 72' lang='grc' dir='ltr'>δι</span> <span class='ocrx_word' id='word_1_168' title='bbox 2580 1186 2696 1249; x_wconf 75' lang='grc' dir='ltr'><strong>ἑξῆς</strong></span> <span class='ocrx_word' id='word_1_169' title='bbox 2737 1189 3048 1259; x_wconf 67' lang='grc' dir='ltr'>προσέθηκε,</span> <span class='ocrx_word' id='word_1_170' title='bbox 3092 1184 3386 1259; x_wconf 75' lang='grc' dir='ltr'><strong>διδάσκων,</strong></span> <span class='ocrx_word' id='word_1_171' title='bbox 3438 1189 3520 1241; x_wconf 78' lang='grc' dir='ltr'>ὅτι</span> <span class='ocrx_word' id='word_1_172' title='bbox 3569 1207 3624 1242; x_wconf 90' lang='grc' dir='ltr'><strong>τε</strong></span> <span class='ocrx_word' id='word_1_173' title='bbox 3650 1192 3750 1242; x_wconf 85' lang='grc' dir='ltr'>τὸν</span> <span class='ocrx_word' id='word_1_174' title='bbox 3815 1195 3958 1245; x_wconf 86' lang='grc' dir='ltr'>Θεὸν</span> 
     </span>
    </p>
   </div>
   <div class='ocr_carea' id='block_1_26' title="bbox 2323 1273 3956 1353">
    <p class='ocr_par' dir='ltr' id='par_1_26' title="bbox 2323 1273 3956 1353">
     <span class='ocr_line' id='line_1_26' title="bbox 2323 1273 3956 1353; baseline 0.004 -27"><span class='ocrx_word' id='word_1_175' title='bbox 2323 1277 2460 1346; x_wconf 81' lang='grc' dir='ltr'><strong>ἔχεις</strong></span> <span class='ocrx_word' id='word_1_176' title='bbox 2513 1280 2816 1348; x_wconf 78' lang='grc' dir='ltr'><strong>συνίστορα,</strong></span> <span class='ocrx_word' id='word_1_177' title='bbox 2881 1280 2968 1328; x_wconf 84' lang='grc' dir='ltr'><strong>τόν</strong></span> <span class='ocrx_word' id='word_1_178' title='bbox 3018 1273 3174 1334; x_wconf 84' lang='grc' dir='ltr'>δίκην</span> <span class='ocrx_word' id='word_1_179' title='bbox 3236 1280 3434 1349; x_wconf 89' lang='grc' dir='ltr'>πατρὸς</span> <span class='ocrx_word' id='word_1_180' title='bbox 3496 1284 3766 1353; x_wconf 84' lang='grc' dir='ltr'>χαίροντα</span> <span class='ocrx_word' id='word_1_181' title='bbox 3825 1281 3956 1352; x_wconf 87' lang='grc'>(97)</span> 
     </span>
    </p>
   </div>
   <div class='ocr_carea' id='block_1_27' title="bbox 2325 1362 3954 1438">
    <p class='ocr_par' dir='ltr' id='par_1_27' title="bbox 2325 1362 3954 1438">
     <span class='ocr_line' id='line_1_27' title="bbox 2325 1362 3954 1438; baseline 0.005 -23"><span class='ocrx_word' id='word_1_182' title='bbox 2325 1362 2529 1435; x_wconf 76' lang='grc' dir='ltr'><strong>βλέπειν</strong></span> <span class='ocrx_word' id='word_1_183' title='bbox 2589 1367 2654 1416; x_wconf 83' lang='grc' dir='ltr'><strong>τά</strong></span> <span class='ocrx_word' id='word_1_184' title='bbox 2707 1367 2778 1416; x_wconf 82' lang='grc' dir='ltr'>σὰ</span> <span class='ocrx_word' id='word_1_185' title='bbox 2840 1367 3242 1438; x_wconf 75' lang='grc' dir='ltr'><strong>κατορθώματα,</strong></span> <span class='ocrx_word' id='word_1_186' title='bbox 3295 1370 3386 1418; x_wconf 86' lang='grc' dir='ltr'>καὶ</span> <span class='ocrx_word' id='word_1_187' title='bbox 3437 1367 3516 1418; x_wconf 87' lang='grc' dir='ltr'>ὅτι</span> <span class='ocrx_word' id='word_1_188' title='bbox 3590 1367 3684 1419; x_wconf 76' lang='grc' dir='ltr'><strong>οῦκ</strong></span> <span class='ocrx_word' id='word_1_189' title='bbox 3751 1368 3954 1422; x_wconf 70' lang='grc' dir='ltr'>ἀπολέ-</span> 
     </span>
    </p>
   </div>
   <div class='ocr_carea' id='block_1_28' title="bbox 2326 1449 3945 1530">
    <p class='ocr_par' dir='ltr' id='par_1_28' title="bbox 2326 1449 3945 1530">
     <span class='ocr_line' id='line_1_28' title="bbox 2326 1449 3945 1530; baseline 0.004 -27"><span class='ocrx_word' id='word_1_190' title='bbox 2326 1470 2452 1518; x_wconf 89' lang='grc' dir='ltr'>σεις,</span> <span class='ocrx_word' id='word_1_191' title='bbox 2484 1452 2519 1503; x_wconf 84' lang='grc' dir='ltr'><em>ἂ</em></span> <span class='ocrx_word' id='word_1_192' title='bbox 2549 1449 2737 1518; x_wconf 91' lang='grc' dir='ltr'>δίδως,</span> <span class='ocrx_word' id='word_1_193' title='bbox 2775 1451 2905 1504; x_wconf 81' lang='grc' dir='ltr'><strong>ἀλλά</strong></span> <span class='ocrx_word' id='word_1_194' title='bbox 2931 1453 3054 1528; x_wconf 86' lang='grc' dir='ltr'>παρ’</span> <span class='ocrx_word' id='word_1_195' title='bbox 3100 1454 3260 1506; x_wconf 76' lang='grc' dir='ltr'>αὐτοῦ</span> <span class='ocrx_word' id='word_1_196' title='bbox 3301 1457 3507 1516; x_wconf 86' lang='grc' dir='ltr'>πάντως</span> <span class='ocrx_word' id='word_1_197' title='bbox 3547 1454 3813 1530; x_wconf 67' lang='grc' dir='ltr'>ἀπολήψῃ</span> <span class='ocrx_word' id='word_1_198' title='bbox 3851 1463 3945 1511; x_wconf 85' lang='grc' dir='ltr'>τὸν</span> 
     </span>
    </p>
   </div>
   <div class='ocr_carea' id='block_1_29' title="bbox 2322 1540 3944 1615">
    <p class='ocr_par' dir='ltr' id='par_1_29' title="bbox 2322 1540 3944 1615">
     <span class='ocr_line' id='line_1_29' title="bbox 2322 1540 3944 1615; baseline 0.006 -24"><span class='ocrx_word' id='word_1_199' title='bbox 2322 1542 2448 1615; x_wconf 70' lang='grc' dir='ltr'>ὑπερ</span> <span class='ocrx_word' id='word_1_200' title='bbox 2504 1549 2598 1602; x_wconf 83' lang='grc' dir='ltr'>τῆς</span> <span class='ocrx_word' id='word_1_201' title='bbox 2656 1540 3004 1613; x_wconf 78' lang='grc' dir='ltr'>ἐλεημοσύνης</span> <span class='ocrx_word' id='word_1_202' title='bbox 3055 1544 3282 1614; x_wconf 58' lang='grc' dir='ltr'>μισθόν</span> <span class='ocrx_word' id='word_1_203' title='bbox 3339 1542 3434 1594; x_wconf 76' lang='grc' dir='ltr'>οὐκ</span> <span class='ocrx_word' id='word_1_204' title='bbox 3474 1540 3582 1596; x_wconf 84' lang='grc' dir='ltr'>εἶπε</span> <span class='ocrx_word' id='word_1_205' title='bbox 3634 1541 3716 1610; x_wconf 76' lang='grc' dir='ltr'><strong>δε,</strong></span> <span class='ocrx_word' id='word_1_206' title='bbox 3773 1549 3944 1600; x_wconf 83' lang='grc' dir='ltr'>πόθεν</span> 
     </span>
    </p>
   </div>
   <div class='ocr_carea' id='block_1_30' title="bbox 2321 1629 3941 1703">
    <p class='ocr_par' dir='ltr' id='par_1_30' title="bbox 2321 1629 3941 1703">
     <span class='ocr_line' id='line_1_30' title="bbox 2321 1629 3941 1703; baseline 0.005 -23"><span class='ocrx_word' id='word_1_207' title='bbox 2321 1633 2431 1703; x_wconf 73' lang='grc' dir='ltr'>χρὴ</span> <span class='ocrx_word' id='word_1_208' title='bbox 2486 1637 2649 1682; x_wconf 79' lang='grc' dir='ltr'><strong>ποιεῖν</strong></span> <span class='ocrx_word' id='word_1_209' title='bbox 2690 1629 3058 1701; x_wconf 71' lang='grc' dir='ltr'><strong>ἐλεημοσύνην,</strong></span> <span class='ocrx_word' id='word_1_210' title='bbox 3119 1632 3224 1682; x_wconf 86' lang='grc' dir='ltr'>οἷον</span> <span class='ocrx_word' id='word_1_211' title='bbox 3273 1633 3354 1683; x_wconf 86' lang='grc' dir='ltr'>ὅτι</span> <span class='ocrx_word' id='word_1_212' title='bbox 3414 1629 3516 1683; x_wconf 87' lang='grc' dir='ltr'>ἀπὸ</span> <span class='ocrx_word' id='word_1_213' title='bbox 3561 1629 3793 1686; x_wconf 81' lang='grc' dir='ltr'>δικαίων</span> <span class='ocrx_word' id='word_1_214' title='bbox 3839 1639 3941 1688; x_wconf 78' lang='grc' dir='ltr'>πό-</span> 
     </span>
    </p>
   </div>
   <div class='ocr_carea' id='block_1_31' title="bbox 2320 1716 3938 1794">
    <p class='ocr_par' dir='ltr' id='par_1_31' title="bbox 2320 1716 3938 1794">
     <span class='ocr_line' id='line_1_31' title="bbox 2320 1716 3938 1794; baseline 0.005 -26"><span class='ocrx_word' id='word_1_215' title='bbox 2320 1737 2442 1792; x_wconf 91' lang='grc' dir='ltr'>ρων.</span> <span class='ocrx_word' id='word_1_216' title='bbox 2503 1724 2644 1770; x_wconf 84' lang='grc' dir='ltr'>Πᾶσι</span> <span class='ocrx_word' id='word_1_217' title='bbox 2694 1720 2795 1792; x_wconf 83' lang='grc' dir='ltr'>γὰρ</span> <span class='ocrx_word' id='word_1_218' title='bbox 2856 1726 3009 1770; x_wconf 91' lang='grc' dir='ltr'>τοῦτο</span> <span class='ocrx_word' id='word_1_219' title='bbox 3054 1724 3310 1794; x_wconf 77' lang='grc' dir='ltr'>γνώριμον</span> <span class='ocrx_word' id='word_1_220' title='bbox 3357 1716 3439 1778; x_wconf 74' lang='grc' dir='ltr'>ἦν.</span> <span class='ocrx_word' id='word_1_221' title='bbox 3493 1719 3694 1784; x_wconf 77' lang='grc' dir='ltr'>’Δλλως</span> <span class='ocrx_word' id='word_1_222' title='bbox 3739 1742 3798 1776; x_wconf 89' lang='grc' dir='ltr'><strong>τε</strong></span> <span class='ocrx_word' id='word_1_223' title='bbox 3844 1728 3938 1775; x_wconf 73' lang='grc' dir='ltr'>καὶ</span> 
     </span>
    </p>
   </div>
   <div class='ocr_carea' id='block_1_32' title="bbox 554 1803 2204 1882">
    <p class='ocr_par' dir='ltr' id='par_1_32' title="bbox 554 1807 2204 1882">
     <span class='ocr_line' id='line_1_32' title="bbox 554 1807 2204 1882; baseline 0 -19"><span class='ocrx_word' id='word_1_224' title='bbox 554 1823 791 1880; x_wconf 85' lang='lat' dir='ltr'><strong>quoque</strong></span> <span class='ocrx_word' id='word_1_225' title='bbox 864 1807 1073 1865; x_wconf 91' lang='lat' dir='ltr'><strong>beatos</strong></span> <span class='ocrx_word' id='word_1_226' title='bbox 1111 1809 1450 1882; x_wconf 63' lang='lat' dir='ltr'><strong>praedicavit</strong></span> <span class='ocrx_word' id='word_1_227' title='bbox 1492 1811 1815 1866; x_wconf 88' lang='lat' dir='ltr'><strong>esurientes</strong></span> <span class='ocrx_word' id='word_1_228' title='bbox 1854 1812 1910 1864; x_wconf 90' lang='lat' dir='ltr'><strong>et</strong></span> <span class='ocrx_word' id='word_1_229' title='bbox 1953 1808 2204 1864; x_wconf 76' lang='lat' dir='ltr'><strong>sitientes</strong></span> 
     </span>
    </p>
   </div>
   <div class='ocr_carea' id='block_1_33' title="bbox 2316 1803 3933 1882">
    <p class='ocr_par' dir='ltr' id='par_1_33' title="bbox 2323 1803 3933 1878">
     <span class='ocr_line' id='line_1_33' title="bbox 2323 1803 3933 1878; baseline 0.006 -22"><span class='ocrx_word' id='word_1_230' title='bbox 2323 1803 2557 1878; x_wconf 83' lang='grc' dir='ltr'>ἀνωτίρω</span> <span class='ocrx_word' id='word_1_231' title='bbox 2605 1809 2722 1866; x_wconf 80' lang='grc' dir='ltr'>τοὺς</span> <span class='ocrx_word' id='word_1_232' title='bbox 2773 1815 3050 1869; x_wconf 74' lang='grc' dir='ltr'>πεινῶντας</span> <span class='ocrx_word' id='word_1_233' title='bbox 3101 1813 3190 1860; x_wconf 77' lang='grc' dir='ltr'>καὶ</span> <span class='ocrx_word' id='word_1_234' title='bbox 3244 1804 3512 1878; x_wconf 75' lang='grc' dir='ltr'>διψῶντας</span> <span class='ocrx_word' id='word_1_235' title='bbox 3562 1814 3657 1868; x_wconf 76' lang='grc' dir='ltr'>τὴν</span> <span class='ocrx_word' id='word_1_236' title='bbox 3711 1807 3933 1865; x_wconf 78' lang='grc' dir='ltr'>δικαιο-</span> 
     </span>
    </p>
   </div>
   <div class='ocr_carea' id='block_1_34' title="bbox 548 1897 914 1967">
    <p class='ocr_par' dir='ltr' id='par_1_34' title="bbox 548 1897 914 1967">
     <span class='ocr_line' id='line_1_34' title="bbox 548 1897 914 1967; baseline 0 -15"><span class='ocrx_word' id='word_1_237' title='bbox 548 1897 914 1967; x_wconf 73' lang='lat' dir='ltr'><strong>justitiam&quot;-</strong></span> 
     </span>
    </p>
   </div>
   <div class='ocr_carea' id='block_1_35' title="bbox 625 1985 2210 2058">
    <p class='ocr_par' dir='ltr' id='par_1_35' title="bbox 625 1985 2210 2058">
     <span class='ocr_line' id='line_1_35' title="bbox 625 1985 2210 2058; baseline 0.003 -19"><span class='ocrx_word' id='word_1_238' title='bbox 625 1985 790 2040; x_wconf 86' lang='lat' dir='ltr'><strong>Vers.</strong></span> <span class='ocrx_word' id='word_1_239' title='bbox 819 1987 872 2040; x_wconf 84' lang='lat'><strong>5.</strong></span> <span class='ocrx_word' id='word_1_240' title='bbox 913 1987 992 2042; x_wconf 83' lang='lat' dir='ltr'><strong>Et</strong></span> <span class='ocrx_word' id='word_1_241' title='bbox 1045 2002 1171 2042; x_wconf 83' lang='lat' dir='ltr'><strong>cum</strong></span> <span class='ocrx_word' id='word_1_242' title='bbox 1201 2017 1271 2026; x_wconf 92' lang='lat'><strong>—</strong></span> <span class='ocrx_word' id='word_1_243' title='bbox 1299 2003 1490 2043; x_wconf 79' lang='lat' dir='ltr'><strong>suam.</strong></span> <span class='ocrx_word' id='word_1_244' title='bbox 1552 1987 1916 2058; x_wconf 85' lang='lat' dir='ltr'><strong>Angiportus</strong></span> <span class='ocrx_word' id='word_1_245' title='bbox 1970 1986 2210 2057; x_wconf 92' lang='lat' dir='ltr'><strong>quidem</strong></span> 
     </span>
    </p>
   </div>
   <div class='ocr_carea' id='block_1_36' title="bbox 555 2074 2208 2148">
    <p class='ocr_par' dir='ltr' id='par_1_36' title="bbox 555 2074 2208 2148">
     <span class='ocr_line' id='line_1_36' title="bbox 555 2074 2208 2148; baseline 0.002 -21"><span class='ocrx_word' id='word_1_246' title='bbox 555 2077 694 2130; x_wconf 90' lang='lat' dir='ltr'><strong>sunt</strong></span> <span class='ocrx_word' id='word_1_247' title='bbox 716 2074 828 2129; x_wconf 89' lang='lat' dir='ltr'><strong>vici</strong></span> <span class='ocrx_word' id='word_1_248' title='bbox 849 2075 1108 2144; x_wconf 89' lang='lat' dir='ltr'><strong>augusti,</strong></span> <span class='ocrx_word' id='word_1_249' title='bbox 1134 2090 1240 2146; x_wconf 88' lang='lat' dir='ltr'><strong>per</strong></span> <span class='ocrx_word' id='word_1_250' title='bbox 1269 2091 1424 2148; x_wconf 90' lang='lat' dir='ltr'><strong>quos</strong></span> <span class='ocrx_word' id='word_1_251' title='bbox 1448 2075 1627 2146; x_wconf 89' lang='lat' dir='ltr'><strong>pauci</strong></span> <span class='ocrx_word' id='word_1_252' title='bbox 1648 2079 1902 2146; x_wconf 89' lang='lat' dir='ltr'><strong>possunt</strong></span> <span class='ocrx_word' id='word_1_253' title='bbox 1919 2075 2208 2131; x_wconf 89' lang='lat' dir='ltr'><strong>incedere.</strong></span> 
     </span>
    </p>
   </div>
   <div class='ocr_carea' id='block_1_37' title="bbox 553 2162 2209 2235">
    <p class='ocr_par' dir='ltr' id='par_1_37' title="bbox 553 2162 2209 2235">
     <span class='ocr_line' id='line_1_37' title="bbox 553 2162 2209 2235; baseline 0.002 -18"><span class='ocrx_word' id='word_1_254' title='bbox 553 2162 769 2218; x_wconf 67' lang='lat' dir='ltr'><strong>Plateze</strong></span> <span class='ocrx_word' id='word_1_255' title='bbox 818 2179 958 2220; x_wconf 88' lang='lat' dir='ltr'><strong>vero</strong></span> <span class='ocrx_word' id='word_1_256' title='bbox 985 2165 1099 2219; x_wconf 72' lang='lat' dir='ltr'><strong>viae</strong></span> <span class='ocrx_word' id='word_1_257' title='bbox 1157 2163 1433 2235; x_wconf 70' lang='lat' dir='ltr'><strong>publicae,</strong></span> <span class='ocrx_word' id='word_1_258' title='bbox 1484 2177 1597 2234; x_wconf 89' lang='lat' dir='ltr'><strong>per</strong></span> <span class='ocrx_word' id='word_1_259' title='bbox 1634 2179 1788 2235; x_wconf 90' lang='lat' dir='ltr'><strong>quas</strong></span> <span class='ocrx_word' id='word_1_260' title='bbox 1834 2163 2000 2220; x_wconf 89' lang='lat' dir='ltr'><strong>multi</strong></span> <span class='ocrx_word' id='word_1_261' title='bbox 2033 2165 2209 2220; x_wconf 90' lang='lat' dir='ltr'><strong>simul</strong></span> 
     </span>
    </p>
   </div>
   <div class='ocr_carea' id='block_1_38' title="bbox 554 2249 2209 2326">
    <p class='ocr_par' dir='ltr' id='par_1_38' title="bbox 554 2249 2209 2326">
     <span class='ocr_line' id='line_1_38' title="bbox 554 2249 2209 2326; baseline 0 -20"><span class='ocrx_word' id='word_1_262' title='bbox 554 2249 830 2308; x_wconf 88' lang='lat' dir='ltr'><strong>incedere</strong></span> <span class='ocrx_word' id='word_1_263' title='bbox 879 2257 1154 2324; x_wconf 89' lang='lat' dir='ltr'><strong>possunt,</strong></span> <span class='ocrx_word' id='word_1_264' title='bbox 1195 2253 1282 2322; x_wconf 67' lang='grc' dir='ltr'><strong>Η-</strong></span> <span class='ocrx_word' id='word_1_265' title='bbox 1333 2268 1488 2324; x_wconf 89' lang='lat' dir='ltr'><strong>quas</strong></span> <span class='ocrx_word' id='word_1_266' title='bbox 1529 2267 1642 2308; x_wconf 89' lang='lat' dir='ltr'><strong>nos</strong></span> <span class='ocrx_word' id='word_1_267' title='bbox 1680 2251 1915 2325; x_wconf 70' lang='grc' dir='ltr'><strong>ὀξυτέρους</strong></span> <span class='ocrx_word' id='word_1_268' title='bbox 1952 2253 2209 2326; x_wconf 83' lang='lat' dir='ltr'><strong>appella-</strong></span> 
     </span>
    </p>
   </div>
   <div class='ocr_carea' id='block_1_39' title="bbox 553 2341 1397 2414">
    <p class='ocr_par' dir='ltr' id='par_1_39' title="bbox 553 2341 1397 2414">
     <span class='ocr_line' id='line_1_39' title="bbox 553 2341 1397 2414; baseline -0.004 -19"><span class='ocrx_word' id='word_1_269' title='bbox 553 2356 709 2409; x_wconf 87' lang='lat' dir='ltr'><strong>mus,</strong></span> <span class='ocrx_word' id='word_1_270' title='bbox 748 2345 1041 2414; x_wconf 89' lang='lat' dir='ltr'><strong>tanquam</strong></span> <span class='ocrx_word' id='word_1_271' title='bbox 1071 2341 1397 2396; x_wconf 88' lang='lat' dir='ltr'><strong>subdiales.</strong></span> 
     </span>
    </p>
   </div>
   <div class='ocr_carea' id='block_1_40' title="bbox 622 2429 2208 2498">
    <p class='ocr_par' dir='ltr' id='par_1_40' title="bbox 622 2429 2208 2498">
     <span class='ocr_line' id='line_1_40' title="bbox 622 2429 2208 2498; baseline 0.003 -15"><span class='ocrx_word' id='word_1_272' title='bbox 622 2431 780 2484; x_wconf 84' lang='lat' dir='ltr'><strong>Vers.</strong></span> <span class='ocrx_word' id='word_1_273' title='bbox 812 2431 874 2484; x_wconf 88' lang='lat'><strong>6.</strong></span> <span class='ocrx_word' id='word_1_274' title='bbox 922 2431 1006 2484; x_wconf 87' lang='lat' dir='ltr'><strong><em>Tu</em></strong></span> <span class='ocrx_word' id='word_1_275' title='bbox 1037 2435 1224 2484; x_wconf 81' lang='lat' dir='ltr'><strong>autem</strong></span> <span class='ocrx_word' id='word_1_276' title='bbox 1251 2460 1319 2468; x_wconf 91' lang='lat'><strong>—</strong></span> <span class='ocrx_word' id='word_1_277' title='bbox 1344 2429 1681 2498; x_wconf 81' lang='lat' dir='ltr'><strong>propatulo.</strong></span> <span class='ocrx_word' id='word_1_278' title='bbox 1725 2429 2001 2486; x_wconf 87' lang='lat' dir='ltr'><strong>Similiter</strong></span> <span class='ocrx_word' id='word_1_279' title='bbox 2030 2433 2085 2486; x_wconf 88' lang='lat' dir='ltr'><strong>et</strong></span> <span class='ocrx_word' id='word_1_280' title='bbox 2113 2430 2208 2486; x_wconf 89' lang='lat' dir='ltr'><strong>hic</strong></span> 
     </span>
    </p>
   </div>
   <div class='ocr_carea' id='block_1_41' title="bbox 551 2517 2210 2588">
    <p class='ocr_par' dir='ltr' id='par_1_41' title="bbox 551 2517 2210 2588">
     <span class='ocr_line' id='line_1_41' title="bbox 551 2517 2210 2588; baseline 0.001 -15"><span class='ocrx_word' id='word_1_281' title='bbox 551 2531 672 2573; x_wconf 89' lang='lat' dir='ltr'><strong>cum</strong></span> <span class='ocrx_word' id='word_1_282' title='bbox 698 2517 964 2583; x_wconf 80' lang='lat' dir='ltr'><strong>dixisset,</strong></span> <span class='ocrx_word' id='word_1_283' title='bbox 1006 2518 1316 2588; x_wconf 90' lang='lat' dir='ltr'><strong>quomodo</strong></span> <span class='ocrx_word' id='word_1_284' title='bbox 1360 2522 1645 2588; x_wconf 81' lang='lat' dir='ltr'><strong>oporteat,</strong></span> <span class='ocrx_word' id='word_1_285' title='bbox 1670 2533 1790 2574; x_wconf 91' lang='lat' dir='ltr'><strong>non</strong></span> <span class='ocrx_word' id='word_1_286' title='bbox 1824 2518 2036 2584; x_wconf 85' lang='lat' dir='ltr'><strong>facere,</strong></span> <span class='ocrx_word' id='word_1_287' title='bbox 2067 2518 2210 2575; x_wconf 87' lang='lat' dir='ltr'><strong>dicit</strong></span> 
     </span>
    </p>
   </div>
   <div class='ocr_carea' id='block_1_42' title="bbox 553 2605 2205 2678">
    <p class='ocr_par' dir='ltr' id='par_1_42' title="bbox 553 2605 2205 2678">
     <span class='ocr_line' id='line_1_42' title="bbox 553 2605 2205 2678; baseline 0.001 -16"><span class='ocrx_word' id='word_1_288' title='bbox 553 2606 737 2662; x_wconf 88' lang='lat' dir='ltr'><strong>etiam</strong></span> <span class='ocrx_word' id='word_1_289' title='bbox 777 2621 900 2677; x_wconf 92' lang='lat' dir='ltr'><strong>quo</strong></span> <span class='ocrx_word' id='word_1_290' title='bbox 930 2611 1104 2676; x_wconf 91' lang='lat' dir='ltr'><strong>pacto</strong></span> <span class='ocrx_word' id='word_1_291' title='bbox 1134 2605 1326 2661; x_wconf 86' lang='lat' dir='ltr'><strong>facere</strong></span> <span class='ocrx_word' id='word_1_292' title='bbox 1374 2611 1662 2678; x_wconf 89' lang='lat' dir='ltr'><strong>oporteat,</strong></span> <span class='ocrx_word' id='word_1_293' title='bbox 1695 2611 1752 2663; x_wconf 87' lang='lat' dir='ltr'><strong>et</strong></span> <span class='ocrx_word' id='word_1_294' title='bbox 1800 2607 1910 2663; x_wconf 91' lang='lat' dir='ltr'><strong>hoc</strong></span> <span class='ocrx_word' id='word_1_295' title='bbox 1950 2608 2205 2664; x_wconf 89' lang='lat' dir='ltr'><strong>docendi</strong></span> 
     </span>
    </p>
   </div>
   <div class='ocr_carea' id='block_1_43' title="bbox 550 2694 2205 2770">
    <p class='ocr_par' dir='ltr' id='par_1_43' title="bbox 550 2694 2205 2770">
     <span class='ocr_line' id='line_1_43' title="bbox 550 2694 2205 2770; baseline 0.002 -20"><span class='ocrx_word' id='word_1_296' title='bbox 550 2694 736 2750; x_wconf 91' lang='lat' dir='ltr'><strong>modo</strong></span> <span class='ocrx_word' id='word_1_297' title='bbox 768 2694 1108 2765; x_wconf 85' lang='lat' dir='ltr'><strong>frequenter</strong></span> <span class='ocrx_word' id='word_1_298' title='bbox 1135 2710 1282 2750; x_wconf 90' lang='lat' dir='ltr'><strong>usus</strong></span> <span class='ocrx_word' id='word_1_299' title='bbox 1314 2697 1422 2750; x_wconf 91' lang='lat' dir='ltr'><strong>est.</strong></span> <span class='ocrx_word' id='word_1_300' title='bbox 1457 2695 1626 2750; x_wconf 82' lang='lat' dir='ltr'><strong>Patri</strong></span> <span class='ocrx_word' id='word_1_301' title='bbox 1679 2711 1818 2752; x_wconf 82' lang='lat' dir='ltr'><strong>vero</strong></span> <span class='ocrx_word' id='word_1_302' title='bbox 1847 2704 1944 2753; x_wconf 77' lang='lat' dir='ltr'><strong>tuo</strong></span> <span class='ocrx_word' id='word_1_303' title='bbox 1994 2699 2099 2770; x_wconf 88' lang='lat' dir='ltr'><strong>qui</strong></span> <span class='ocrx_word' id='word_1_304' title='bbox 2125 2703 2205 2753; x_wconf 80' lang='lat' dir='ltr'><strong>est</strong></span> 
     </span>
    </p>
   </div>
   <div class='ocr_carea' id='block_1_44' title="bbox 548 2782 2203 2848">
    <p class='ocr_par' dir='ltr' id='par_1_44' title="bbox 548 2782 2203 2848">
     <span class='ocr_line' id='line_1_44' title="bbox 548 2782 2203 2848; baseline 0.002 -10"><span class='ocrx_word' id='word_1_305' title='bbox 548 2784 610 2838; x_wconf 75' lang='lat' dir='ltr'><strong>in</strong></span> <span class='ocrx_word' id='word_1_306' title='bbox 678 2784 932 2848; x_wconf 83' lang='lat' dir='ltr'><strong>occulto,</strong></span> <span class='ocrx_word' id='word_1_307' title='bbox 991 2783 1106 2838; x_wconf 94' lang='lat' dir='ltr'><strong>hoc</strong></span> <span class='ocrx_word' id='word_1_308' title='bbox 1164 2787 1271 2848; x_wconf 90' lang='lat' dir='ltr'><strong>est,</strong></span> <span class='ocrx_word' id='word_1_309' title='bbox 1338 2782 1628 2839; x_wconf 86' lang='lat' dir='ltr'><strong>invisibili.</strong></span> <span class='ocrx_word' id='word_1_310' title='bbox 1695 2787 1948 2841; x_wconf 84' lang='lat' dir='ltr'><strong>Rursum</strong></span> <span class='ocrx_word' id='word_1_311' title='bbox 2023 2786 2203 2842; x_wconf 89' lang='lat' dir='ltr'><strong>etiam</strong></span> 
     </span>
    </p>
   </div>
   <div class='ocr_carea' id='block_1_45' title="bbox 549 2870 2203 2943">
    <p class='ocr_par' dir='ltr' id='par_1_45' title="bbox 549 2870 2203 2943">
     <span class='ocr_line' id='line_1_45' title="bbox 549 2870 2203 2943; baseline 0.003 -17"><span class='ocrx_word' id='word_1_312' title='bbox 549 2871 711 2931; x_wconf 90' lang='lat' dir='ltr'><strong>dicit.</strong></span> <span class='ocrx_word' id='word_1_313' title='bbox 741 2870 907 2942; x_wconf 91' lang='lat' dir='ltr'><strong>quod</strong></span> <span class='ocrx_word' id='word_1_314' title='bbox 946 2870 1056 2935; x_wconf 85' lang='lat' dir='ltr'><strong>Qui</strong></span> <span class='ocrx_word' id='word_1_315' title='bbox 1090 2871 1243 2927; x_wconf 82' lang='lat' dir='ltr'><strong>videt</strong></span> <span class='ocrx_word' id='word_1_316' title='bbox 1271 2873 1333 2927; x_wconf 87' lang='lat' dir='ltr'><strong>in</strong></span> <span class='ocrx_word' id='word_1_317' title='bbox 1391 2873 1634 2939; x_wconf 83' lang='lat' dir='ltr'><strong>occulto,</strong></span> <span class='ocrx_word' id='word_1_318' title='bbox 1681 2876 1962 2943; x_wconf 73' lang='lat' dir='ltr'><strong>persolvet</strong></span> <span class='ocrx_word' id='word_1_319' title='bbox 2005 2876 2113 2931; x_wconf 81' lang='lat' dir='ltr'><strong>tibi</strong></span> <span class='ocrx_word' id='word_1_320' title='bbox 2140 2877 2203 2931; x_wconf 84' lang='lat' dir='ltr'><strong>in</strong></span> 
     </span>
    </p>
   </div>
   <div class='ocr_carea' id='block_1_46' title="bbox 548 2957 2201 3036">
    <p class='ocr_par' dir='ltr' id='par_1_46' title="bbox 548 2957 2201 3036">
     <span class='ocr_line' id='line_1_46' title="bbox 548 2957 2201 3036; baseline 0.002 -22"><span class='ocrx_word' id='word_1_321' title='bbox 548 2959 904 3029; x_wconf 81' lang='lat' dir='ltr'><strong>propatulo:</strong></span> <span class='ocrx_word' id='word_1_322' title='bbox 921 2957 1331 3028; x_wconf 86' lang='lat' dir='ltr'><strong>manifestans,</strong></span> <span class='ocrx_word' id='word_1_323' title='bbox 1351 2961 1512 3032; x_wconf 90' lang='lat' dir='ltr'><strong>quod</strong></span> <span class='ocrx_word' id='word_1_324' title='bbox 1537 2962 1583 3017; x_wconf 93' lang='lat' dir='ltr'><strong>si</strong></span> <span class='ocrx_word' id='word_1_325' title='bbox 1597 2967 1953 3034; x_wconf 88' lang='lat' dir='ltr'><strong>spectatores</strong></span> <span class='ocrx_word' id='word_1_326' title='bbox 1966 2963 2201 3036; x_wconf 86' lang='lat' dir='ltr'><strong>quaeris,</strong></span> 
     </span>
    </p>
   </div>
   <div class='ocr_carea' id='block_1_47' title="bbox 550 3047 2204 3122">
    <p class='ocr_par' dir='ltr' id='par_1_47' title="bbox 550 3047 2204 3122">
     <span class='ocr_line' id='line_1_47' title="bbox 550 3047 2204 3122; baseline 0.003 -19"><span class='ocrx_word' id='word_1_327' title='bbox 550 3047 745 3103; x_wconf 90' lang='lat' dir='ltr'><strong>habes</strong></span> <span class='ocrx_word' id='word_1_328' title='bbox 779 3062 887 3118; x_wconf 91' lang='lat' dir='ltr'><strong>pro</strong></span> <span class='ocrx_word' id='word_1_329' title='bbox 935 3047 1218 3103; x_wconf 90' lang='lat' dir='ltr'><strong>omnibus</strong></span> <span class='ocrx_word' id='word_1_330' title='bbox 1264 3050 1449 3105; x_wconf 89' lang='lat' dir='ltr'><strong>Deum</strong></span> <span class='ocrx_word' id='word_1_331' title='bbox 1487 3049 1704 3122; x_wconf 89' lang='lat' dir='ltr'><strong>ipsum.</strong></span> <span class='ocrx_word' id='word_1_332' title='bbox 1755 3053 1811 3107; x_wconf 90' lang='lat' dir='ltr'><strong>Si</strong></span> <span class='ocrx_word' id='word_1_333' title='bbox 1844 3069 1987 3108; x_wconf 87' lang='lat' dir='ltr'><strong>vero</strong></span> <span class='ocrx_word' id='word_1_334' title='bbox 2021 3059 2078 3108; x_wconf 92' lang='lat' dir='ltr'><strong>et</strong></span> <span class='ocrx_word' id='word_1_335' title='bbox 2101 3052 2204 3108; x_wconf 86' lang='lat' dir='ltr'><strong>ho-</strong></span> 
     </span>
    </p>
   </div>
   <div class='ocr_carea' id='block_1_48' title="bbox 2323 1894 2813 1968">
    <p class='ocr_par' dir='ltr' id='par_1_48' title="bbox 2323 1894 2813 1968">
     <span class='ocr_line' id='line_1_48' title="bbox 2323 1894 2813 1968; baseline -0.004 -21"><span class='ocrx_word' id='word_1_336' title='bbox 2323 1898 2480 1952; x_wconf 86' lang='grc' dir='ltr'>σύνην</span> <span class='ocrx_word' id='word_1_337' title='bbox 2507 1894 2813 1968; x_wconf 71' lang='grc' dir='ltr'>ἐμακάρισε.</span> 
     </span>
    </p>
   </div>
   <div class='ocr_carea' id='block_1_49' title="bbox 2393 1984 3926 2056">
    <p class='ocr_par' dir='ltr' id='par_1_49' title="bbox 2393 1984 3926 2056">
     <span class='ocr_line' id='line_1_49' title="bbox 2393 1984 3926 2056; baseline 0.002 -19"><span class='ocrx_word' id='word_1_338' title='bbox 2393 1987 2491 2037; x_wconf 75' lang='grc' dir='ltr'><strong>Καὶ</strong></span> <span class='ocrx_word' id='word_1_339' title='bbox 2554 1986 2675 2036; x_wconf 83' lang='grc' dir='ltr'>ὅταν</span> <span class='ocrx_word' id='word_1_340' title='bbox 2749 2014 2820 2024; x_wconf 89' lang='grc'><strong><em>-</em></strong></span> <span class='ocrx_word' id='word_1_341' title='bbox 2890 1984 3078 2036; x_wconf 68' lang='grc' dir='ltr'>αὐτῶν.</span> <span class='ocrx_word' id='word_1_342' title='bbox 3155 1989 3406 2038; x_wconf 80' lang='grc' dir='ltr'>Στενωποῖ</span> <span class='ocrx_word' id='word_1_343' title='bbox 3487 1989 3577 2056; x_wconf 77' lang='grc' dir='ltr'>μέν</span> <span class='ocrx_word' id='word_1_344' title='bbox 3653 1987 3788 2040; x_wconf 87' lang='grc' dir='ltr'>εἰσιν</span> <span class='ocrx_word' id='word_1_345' title='bbox 3871 1990 3926 2040; x_wconf 77' lang='grc' dir='ltr'>αἱ</span> 
     </span>
    </p>
   </div>
   <div class='ocr_carea' id='block_1_50' title="bbox 2320 2069 3922 2148">
    <p class='ocr_par' dir='ltr' id='par_1_50' title="bbox 2320 2069 3922 2148">
     <span class='ocr_line' id='line_1_50' title="bbox 2320 2069 3922 2148; baseline -0.003 -23"><span class='ocrx_word' id='word_1_346' title='bbox 2320 2077 2488 2125; x_wconf 83' lang='grc' dir='ltr'>στεναὶ</span> <span class='ocrx_word' id='word_1_347' title='bbox 2535 2069 2674 2138; x_wconf 83' lang='grc' dir='ltr'>ὀδόὶ,</span> <span class='ocrx_word' id='word_1_348' title='bbox 2713 2069 2787 2124; x_wconf 89' lang='grc' dir='ltr'><strong>δι’</strong></span> <span class='ocrx_word' id='word_1_349' title='bbox 2831 2072 2899 2123; x_wconf 83' lang='grc' dir='ltr'>ὧν</span> <span class='ocrx_word' id='word_1_350' title='bbox 2936 2071 3100 2144; x_wconf 84' lang='grc' dir='ltr'>ὀλίγοι</span> <span class='ocrx_word' id='word_1_351' title='bbox 3146 2069 3485 2145; x_wconf 76' lang='grc' dir='ltr'>βαδιζουσιν,</span> <span class='ocrx_word' id='word_1_352' title='bbox 3519 2073 3584 2135; x_wconf 79' lang='grc' dir='ltr'>ἃς</span> <span class='ocrx_word' id='word_1_353' title='bbox 3629 2077 3776 2147; x_wconf 75' lang='grc' dir='ltr'>ἡμεῖς</span> <span class='ocrx_word' id='word_1_354' title='bbox 3823 2075 3922 2148; x_wconf 74' lang='grc' dir='ltr'>ἄμ..</span> 
     </span>
    </p>
   </div>
   <div class='ocr_carea' id='block_1_51' title="bbox 2318 2157 3915 2236">
    <p class='ocr_par' dir='ltr' id='par_1_51' title="bbox 2318 2157 3915 2236">
     <span class='ocr_line' id='line_1_51' title="bbox 2318 2157 3915 2236; baseline 0.003 -25"><span class='ocrx_word' id='word_1_355' title='bbox 2318 2158 2500 2220; x_wconf 80' lang='grc' dir='ltr'>ϐόλους</span> <span class='ocrx_word' id='word_1_356' title='bbox 2555 2160 2808 2232; x_wconf 80' lang='grc' dir='ltr'>καλοῦμεν</span> <span class='ocrx_word' id='word_1_357' title='bbox 2833 2180 2846 2195; x_wconf 77' lang='grc' dir='ltr'><strong>ο</strong></span> <span class='ocrx_word' id='word_1_358' title='bbox 2887 2160 3128 2213; x_wconf 85' lang='grc' dir='ltr'>πλατεῖαι</span> <span class='ocrx_word' id='word_1_359' title='bbox 3163 2157 3242 2225; x_wconf 69' lang='grc' dir='ltr'>δι,</span> <span class='ocrx_word' id='word_1_360' title='bbox 3302 2163 3358 2212; x_wconf 80' lang='grc' dir='ltr'>αἱ</span> <span class='ocrx_word' id='word_1_361' title='bbox 3402 2161 3670 2236; x_wconf 87' lang='grc' dir='ltr'>λεωφόροι,</span> <span class='ocrx_word' id='word_1_362' title='bbox 3721 2160 3794 2216; x_wconf 87' lang='grc' dir='ltr'><strong>δι’</strong></span> <span class='ocrx_word' id='word_1_363' title='bbox 3845 2166 3915 2216; x_wconf 78' lang='grc' dir='ltr'>ὧν</span> 
     </span>
    </p>
   </div>
   <div class='ocr_carea' id='block_1_52' title="bbox 2316 2245 3910 2324">
    <p class='ocr_par' dir='ltr' id='par_1_52' title="bbox 2316 2245 3910 2324">
     <span class='ocr_line' id='line_1_52' title="bbox 2316 2245 3910 2324; baseline 0.003 -24"><span class='ocrx_word' id='word_1_364' title='bbox 2316 2248 2492 2301; x_wconf 84' lang='grc' dir='ltr'>πολλοὶ</span> <span class='ocrx_word' id='word_1_365' title='bbox 2555 2249 2664 2320; x_wconf 79' lang='grc' dir='ltr'>ἅμα</span> <span class='ocrx_word' id='word_1_366' title='bbox 2713 2247 2910 2320; x_wconf 76' lang='grc' dir='ltr'>βαίνειν</span> <span class='ocrx_word' id='word_1_367' title='bbox 2968 2245 3239 2319; x_wconf 83' lang='grc' dir='ltr'>δύνανται,</span> <span class='ocrx_word' id='word_1_368' title='bbox 3301 2248 3364 2311; x_wconf 74' lang='grc' dir='ltr'>ἃς</span> <span class='ocrx_word' id='word_1_369' title='bbox 3416 2251 3529 2322; x_wconf 85' lang='grc'><strong>(98)</strong></span> <span class='ocrx_word' id='word_1_370' title='bbox 3578 2253 3724 2324; x_wconf 72' lang='grc' dir='ltr'>ἡμεῖς</span> <span class='ocrx_word' id='word_1_371' title='bbox 3768 2252 3910 2314; x_wconf 67' lang='grc' dir='ltr'><strong>ἐξαξ-</strong></span> 
     </span>
    </p>
   </div>
   <div class='ocr_carea' id='block_1_53' title="bbox 2315 2337 3135 2411">
    <p class='ocr_par' dir='ltr' id='par_1_53' title="bbox 2315 2337 3135 2411">
     <span class='ocr_line' id='line_1_53' title="bbox 2315 2337 3135 2411; baseline 0.004 -21"><span class='ocrx_word' id='word_1_372' title='bbox 2315 2356 2438 2411; x_wconf 88' lang='grc' dir='ltr'>ρους</span> <span class='ocrx_word' id='word_1_373' title='bbox 2473 2337 2703 2410; x_wconf 76' lang='grc' dir='ltr'>λέγομεν,</span> <span class='ocrx_word' id='word_1_374' title='bbox 2731 2340 2796 2397; x_wconf 83' lang='grc' dir='ltr'>ὡς</span> <span class='ocrx_word' id='word_1_375' title='bbox 2823 2339 3135 2411; x_wconf 79' lang='grc' dir='ltr'>ὑπαίθρους.</span> 
     </span>
    </p>
   </div>
   <div class='ocr_carea' id='block_1_54' title="bbox 2388 2423 3890 2499">
    <p class='ocr_par' dir='ltr' id='par_1_54' title="bbox 2388 2423 3890 2499">
     <span class='ocr_line' id='line_1_54' title="bbox 2388 2423 3890 2499; baseline -0.001 -21"><span class='ocrx_word' id='word_1_376' title='bbox 2388 2430 2452 2478; x_wconf 80' lang='grc' dir='ltr'><strong>Σὺ</strong></span> <span class='ocrx_word' id='word_1_377' title='bbox 2527 2423 2586 2478; x_wconf 68' lang='grc' dir='ltr'>δὲ</span> <span class='ocrx_word' id='word_1_378' title='bbox 2658 2457 2728 2468; x_wconf 90' lang='lat'><strong>-</strong></span> <span class='ocrx_word' id='word_1_379' title='bbox 2800 2435 3024 2499; x_wconf 87' lang='grc' dir='ltr'>φανερῷ.</span> <span class='ocrx_word' id='word_1_380' title='bbox 3107 2426 3325 2499; x_wconf 77' lang='grc' dir='ltr'>Ὁμοίως</span> <span class='ocrx_word' id='word_1_381' title='bbox 3392 2427 3651 2481; x_wconf 81' lang='grc' dir='ltr'>κάνταῦθα</span> <span class='ocrx_word' id='word_1_382' title='bbox 3721 2427 3890 2496; x_wconf 77' lang='grc' dir='ltr'>εἰπὼν,</span> 
     </span>
    </p>
   </div>
   <div class='ocr_carea' id='block_1_55' title="bbox 2313 2511 3894 2587">
    <p class='ocr_par' dir='ltr' id='par_1_55' title="bbox 2313 2511 3894 2587">
     <span class='ocr_line' id='line_1_55' title="bbox 2313 2511 3894 2587; baseline 0.001 -20"><span class='ocrx_word' id='word_1_383' title='bbox 2313 2523 2424 2577; x_wconf 82' lang='grc' dir='ltr'>πῶς</span> <span class='ocrx_word' id='word_1_384' title='bbox 2466 2511 2552 2568; x_wconf 85' lang='grc' dir='ltr'><strong>δεῖ</strong></span> <span class='ocrx_word' id='word_1_385' title='bbox 2597 2519 2668 2587; x_wconf 77' lang='grc' dir='ltr'>μὴ</span> <span class='ocrx_word' id='word_1_386' title='bbox 2713 2522 2897 2583; x_wconf 61' lang='grc' dir='ltr'>ποιεὶυ,</span> <span class='ocrx_word' id='word_1_387' title='bbox 2947 2514 3100 2586; x_wconf 69' lang='grc' dir='ltr'>λέγει,</span> <span class='ocrx_word' id='word_1_388' title='bbox 3151 2522 3242 2568; x_wconf 79' lang='grc' dir='ltr'>καὶ</span> <span class='ocrx_word' id='word_1_389' title='bbox 3296 2524 3404 2578; x_wconf 86' lang='grc' dir='ltr'>πῶς</span> <span class='ocrx_word' id='word_1_390' title='bbox 3455 2513 3538 2570; x_wconf 87' lang='grc' dir='ltr'><strong>δεῖ</strong></span> <span class='ocrx_word' id='word_1_391' title='bbox 3583 2522 3760 2580; x_wconf 81' lang='grc' dir='ltr'>ποιεῖν,</span> <span class='ocrx_word' id='word_1_392' title='bbox 3804 2519 3894 2568; x_wconf 73' lang='grc' dir='ltr'>καὶ</span> 
     </span>
    </p>
   </div>
   <div class='ocr_carea' id='block_1_56' title="bbox 2313 2601 3903 2676">
    <p class='ocr_par' dir='ltr' id='par_1_56' title="bbox 2313 2601 3903 2676">
     <span class='ocr_line' id='line_1_56' title="bbox 2313 2601 3903 2676; baseline 0.001 -20"><span class='ocrx_word' id='word_1_393' title='bbox 2313 2606 2479 2675; x_wconf 81' lang='grc' dir='ltr'>τούτῳ</span> <span class='ocrx_word' id='word_1_394' title='bbox 2533 2611 2606 2655; x_wconf 80' lang='grc' dir='ltr'><strong>τῷ</strong></span> <span class='ocrx_word' id='word_1_395' title='bbox 2662 2607 2836 2676; x_wconf 78' lang='grc' dir='ltr'>τρόπῳ</span> <span class='ocrx_word' id='word_1_396' title='bbox 2886 2603 3156 2675; x_wconf 88' lang='grc' dir='ltr'>πολλαχοῦ</span> <span class='ocrx_word' id='word_1_397' title='bbox 3209 2613 3300 2666; x_wconf 78' lang='grc' dir='ltr'>τῆς</span> <span class='ocrx_word' id='word_1_398' title='bbox 3356 2601 3708 2667; x_wconf 72' lang='grc' dir='ltr'>διδασκαλίας</span> <span class='ocrx_word' id='word_1_399' title='bbox 3745 2605 3903 2658; x_wconf 79' lang='grc' dir='ltr'>αὐτοῦ</span> 
     </span>
    </p>
   </div>
   <div class='ocr_carea' id='block_1_57' title="bbox 2314 2690 3904 2768">
    <p class='ocr_par' dir='ltr' id='par_1_57' title="bbox 2314 2690 3904 2768">
     <span class='ocr_line' id='line_1_57' title="bbox 2314 2690 3904 2768; baseline 0.003 -26"><span class='ocrx_word' id='word_1_400' title='bbox 2314 2696 2592 2763; x_wconf 80' lang='grc' dir='ltr'>κέχρηται.</span> <span class='ocrx_word' id='word_1_401' title='bbox 2651 2699 2734 2763; x_wconf 88' lang='grc' dir='ltr'>Τῷ</span> <span class='ocrx_word' id='word_1_402' title='bbox 2790 2693 2958 2767; x_wconf 82' lang='grc' dir='ltr'>Πατρί</span> <span class='ocrx_word' id='word_1_403' title='bbox 3014 2711 3110 2745; x_wconf 88' lang='grc' dir='ltr'><strong>σου</strong></span> <span class='ocrx_word' id='word_1_404' title='bbox 3166 2690 3245 2762; x_wconf 73' lang='grc' dir='ltr'><strong>δε,</strong></span> <span class='ocrx_word' id='word_1_405' title='bbox 3304 2701 3377 2746; x_wconf 84' lang='grc' dir='ltr'>τῶ</span> <span class='ocrx_word' id='word_1_406' title='bbox 3448 2693 3497 2746; x_wconf 74' lang='grc' dir='ltr'>ἄν</span> <span class='ocrx_word' id='word_1_407' title='bbox 3547 2703 3618 2765; x_wconf 86' lang='grc' dir='ltr'><strong>τῷ</strong></span> <span class='ocrx_word' id='word_1_408' title='bbox 3672 2702 3904 2768; x_wconf 78' lang='grc' dir='ltr'>κρυπτῷ,</span> 
     </span>
    </p>
   </div>
   <div class='ocr_carea' id='block_1_58' title="bbox 2313 2778 3907 2857">
    <p class='ocr_par' dir='ltr' id='par_1_58' title="bbox 2313 2778 3907 2857">
     <span class='ocr_line' id='line_1_58' title="bbox 2313 2778 3907 2857; baseline 0.003 -26"><span class='ocrx_word' id='word_1_409' title='bbox 2313 2778 2427 2832; x_wconf 80' lang='grc' dir='ltr'>ἀντὶ</span> <span class='ocrx_word' id='word_1_410' title='bbox 2493 2788 2606 2850; x_wconf 90' lang='grc' dir='ltr'>τοῦ,</span> <span class='ocrx_word' id='word_1_411' title='bbox 2675 2789 2748 2851; x_wconf 86' lang='grc' dir='ltr'><strong>τῷ</strong></span> <span class='ocrx_word' id='word_1_412' title='bbox 2797 2780 3021 2856; x_wconf 80' lang='grc' dir='ltr'>ἀοράτῳ.</span> <span class='ocrx_word' id='word_1_413' title='bbox 3081 2781 3240 2834; x_wconf 75' lang='grc' dir='ltr'>Παλιν</span> <span class='ocrx_word' id='word_1_414' title='bbox 3301 2779 3360 2835; x_wconf 70' lang='grc' dir='ltr'><strong>δε</strong></span> <span class='ocrx_word' id='word_1_415' title='bbox 3415 2785 3758 2857; x_wconf 71' lang='grc' dir='ltr'>προσέθηκεν,</span> <span class='ocrx_word' id='word_1_416' title='bbox 3827 2786 3907 2836; x_wconf 77' lang='grc' dir='ltr'><strong>ότι</strong></span> 
     </span>
    </p>
   </div>
   <div class='ocr_carea' id='block_1_59' title="bbox 2311 2867 3907 2943">
    <p class='ocr_par' dir='ltr' id='par_1_59' title="bbox 2311 2867 3907 2943">
     <span class='ocr_line' id='line_1_59' title="bbox 2311 2867 3907 2943; baseline 0.002 -23"><span class='ocrx_word' id='word_1_417' title='bbox 2311 2869 2368 2920; x_wconf 87' lang='grc' dir='ltr'>Ὁ</span> <span class='ocrx_word' id='word_1_418' title='bbox 2427 2867 2627 2940; x_wconf 70' lang='grc' dir='ltr'>βλέπων</span> <span class='ocrx_word' id='word_1_419' title='bbox 2690 2868 2739 2920; x_wconf 70' lang='grc' dir='ltr'>ἄν</span> <span class='ocrx_word' id='word_1_420' title='bbox 2791 2877 2862 2939; x_wconf 86' lang='grc' dir='ltr'><strong>τῷ</strong></span> <span class='ocrx_word' id='word_1_421' title='bbox 2923 2878 3157 2943; x_wconf 81' lang='grc' dir='ltr'>κρυπτῷ,</span> <span class='ocrx_word' id='word_1_422' title='bbox 3227 2867 3496 2923; x_wconf 87' lang='grc' dir='ltr'>ἀποδώσει</span> <span class='ocrx_word' id='word_1_423' title='bbox 3562 2890 3648 2924; x_wconf 89' lang='grc' dir='ltr'><strong>σοι</strong></span> <span class='ocrx_word' id='word_1_424' title='bbox 3726 2871 3775 2923; x_wconf 72' lang='grc' dir='ltr'>ἄν</span> <span class='ocrx_word' id='word_1_425' title='bbox 3835 2880 3907 2942; x_wconf 85' lang='grc' dir='ltr'><strong>τῷ</strong></span> 
     </span>
    </p>
   </div>
   <div class='ocr_carea' id='block_1_60' title="bbox 2313 2954 3906 3032">
    <p class='ocr_par' dir='ltr' id='par_1_60' title="bbox 2313 2954 3906 3032">
     <span class='ocr_line' id='line_1_60' title="bbox 2313 2954 3906 3032; baseline 0.003 -24"><span class='ocrx_word' id='word_1_426' title='bbox 2313 2966 2530 3030; x_wconf 84' lang='grc' dir='ltr'>φανερῷ,</span> <span class='ocrx_word' id='word_1_427' title='bbox 2588 2954 2780 3024; x_wconf 83' lang='grc' dir='ltr'>δηλῶν,</span> <span class='ocrx_word' id='word_1_428' title='bbox 2833 2959 2934 3025; x_wconf 82' lang='grc' dir='ltr'>ὅτι,</span> <span class='ocrx_word' id='word_1_429' title='bbox 2990 2959 3033 3010; x_wconf 88' lang='grc' dir='ltr'>εἰ</span> <span class='ocrx_word' id='word_1_430' title='bbox 3086 2959 3262 3020; x_wconf 81' lang='grc' dir='ltr'>ζητεῖς</span> <span class='ocrx_word' id='word_1_431' title='bbox 3327 2961 3531 3024; x_wconf 83' lang='grc' dir='ltr'>θεατὰς,</span> <span class='ocrx_word' id='word_1_432' title='bbox 3591 2962 3737 3032; x_wconf 73' lang='grc' dir='ltr'>ἔχεις</span> <span class='ocrx_word' id='word_1_433' title='bbox 3795 2959 3906 3014; x_wconf 77' lang='grc' dir='ltr'>ἀντὶ</span> 
     </span>
    </p>
   </div>
   <div class='ocr_carea' id='block_1_61' title="bbox 2311 3044 3908 3122">
    <p class='ocr_par' dir='ltr' id='par_1_61' title="bbox 2311 3044 3908 3122">
     <span class='ocr_line' id='line_1_61' title="bbox 2311 3044 3908 3122; baseline 0.003 -24"><span class='ocrx_word' id='word_1_434' title='bbox 2311 3047 2514 3098; x_wconf 84' lang='grc' dir='ltr'>πάντων</span> <span class='ocrx_word' id='word_1_435' title='bbox 2559 3047 2714 3099; x_wconf 74' lang='grc' dir='ltr'>αὐτὸν</span> <span class='ocrx_word' id='word_1_436' title='bbox 2756 3050 2844 3098; x_wconf 80' lang='grc' dir='ltr'>τὸν</span> <span class='ocrx_word' id='word_1_437' title='bbox 2889 3051 3016 3100; x_wconf 76' lang='grc' dir='ltr'>Θεὸν</span> <span class='ocrx_word' id='word_1_438' title='bbox 3044 3066 3056 3080; x_wconf 87' lang='grc'><strong>·</strong></span> <span class='ocrx_word' id='word_1_439' title='bbox 3091 3048 3136 3100; x_wconf 77' lang='grc' dir='ltr'>εἰ</span> <span class='ocrx_word' id='word_1_440' title='bbox 3165 3044 3225 3100; x_wconf 71' lang='grc' dir='ltr'><strong>δι</strong></span> <span class='ocrx_word' id='word_1_441' title='bbox 3277 3051 3364 3100; x_wconf 81' lang='grc' dir='ltr'>καὶ</span> <span class='ocrx_word' id='word_1_442' title='bbox 3411 3047 3711 3122; x_wconf 80' lang='grc' dir='ltr'>ἀνθρώπους</span> <span class='ocrx_word' id='word_1_443' title='bbox 3755 3049 3908 3111; x_wconf 73' lang='grc' dir='ltr'>θέλεις</span> 
     </span>
    </p>
   </div>
   <div class='ocr_carea' id='block_1_62' title="bbox 549 3135 2204 3229">
    <p class='ocr_par' dir='ltr' id='par_1_62' title="bbox 549 3135 2202 3210">
     <span class='ocr_line' id='line_1_62' title="bbox 549 3135 2202 3210; baseline 0.002 -18"><span class='ocrx_word' id='word_1_444' title='bbox 549 3135 747 3192; x_wconf 90' lang='lat' dir='ltr'><strong>mines</strong></span> <span class='ocrx_word' id='word_1_445' title='bbox 773 3135 995 3192; x_wconf 89' lang='lat' dir='ltr'><strong>habere</strong></span> <span class='ocrx_word' id='word_1_446' title='bbox 1016 3136 1186 3207; x_wconf 90' lang='lat' dir='ltr'><strong>cupis</strong></span> <span class='ocrx_word' id='word_1_447' title='bbox 1199 3139 1714 3210; x_wconf 92' lang='lat' dir='ltr'><strong>contemplatores,</strong></span> <span class='ocrx_word' id='word_1_448' title='bbox 1741 3139 1991 3196; x_wconf 88' lang='lat' dir='ltr'><strong>habebis</strong></span> <span class='ocrx_word' id='word_1_449' title='bbox 2025 3140 2202 3196; x_wconf 90' lang='lat' dir='ltr'><strong>etiam</strong></span> 
     </span>
    </p>
   </div>
   <div class='ocr_carea' id='block_1_63' title="bbox 2316 3135 3908 3229">
    <p class='ocr_par' dir='ltr' id='par_1_63' title="bbox 2316 3135 3908 3212">
     <span class='ocr_line' id='line_1_63' title="bbox 2316 3135 3908 3212; baseline 0.003 -26"><span class='ocrx_word' id='word_1_450' title='bbox 2316 3135 2556 3206; x_wconf 82' lang='grc' dir='ltr'>θεωροὺς,</span> <span class='ocrx_word' id='word_1_451' title='bbox 2614 3135 2742 3198; x_wconf 77' lang='grc' dir='ltr'>ἕξεις</span> <span class='ocrx_word' id='word_1_452' title='bbox 2794 3140 2883 3188; x_wconf 84' lang='grc' dir='ltr'>καὶ</span> <span class='ocrx_word' id='word_1_453' title='bbox 2930 3138 3142 3196; x_wconf 83' lang='grc' dir='ltr'>τούτους</span> <span class='ocrx_word' id='word_1_454' title='bbox 3196 3135 3244 3188; x_wconf 74' lang='grc' dir='ltr'>ἓν</span> <span class='ocrx_word' id='word_1_455' title='bbox 3292 3144 3366 3207; x_wconf 85' lang='grc' dir='ltr'><strong>τῷ</strong></span> <span class='ocrx_word' id='word_1_456' title='bbox 3403 3145 3569 3210; x_wconf 86' lang='grc' dir='ltr'>καιρῷ</span> <span class='ocrx_word' id='word_1_457' title='bbox 3619 3145 3714 3199; x_wconf 77' lang='grc' dir='ltr'>τῆς</span> 
     </span>
    </p>
   </div>
   <div class='ocr_carea' id='block_1_64' title="bbox 549 3223 2198 3299">
    <p class='ocr_par' dir='ltr' id='par_1_64' title="bbox 549 3223 2198 3299">
     <span class='ocr_line' id='line_1_64' title="bbox 549 3223 2198 3299; baseline 0.004 -21"><span class='ocrx_word' id='word_1_458' title='bbox 549 3223 660 3279; x_wconf 90' lang='lat' dir='ltr'><strong>hos</strong></span> <span class='ocrx_word' id='word_1_459' title='bbox 712 3227 965 3296; x_wconf 88' lang='lat' dir='ltr'><strong>tempore</strong></span> <span class='ocrx_word' id='word_1_460' title='bbox 1017 3225 1298 3296; x_wconf 69' lang='lat' dir='ltr'><strong>praeconii</strong></span> <span class='ocrx_word' id='word_1_461' title='bbox 1355 3241 1424 3282; x_wconf 89' lang='lat' dir='ltr'><strong>ac</strong></span> <span class='ocrx_word' id='word_1_462' title='bbox 1467 3227 1866 3284; x_wconf 85' lang='lat' dir='ltr'><strong>retributionis</strong></span> <span class='ocrx_word' id='word_1_463' title='bbox 1928 3228 2198 3299; x_wconf 68' lang='lat' dir='ltr'><strong>praemii:</strong></span> 
     </span>
    </p>
   </div>
   <div class='ocr_carea' id='block_1_65' title="bbox 548 3312 2202 3379">
    <p class='ocr_par' dir='ltr' id='par_1_65' title="bbox 548 3312 2202 3379">
     <span class='ocr_line' id='line_1_65' title="bbox 548 3312 2202 3379; baseline 0.003 -12"><span class='ocrx_word' id='word_1_464' title='bbox 548 3327 658 3367; x_wconf 92' lang='lat' dir='ltr'><strong>nec</strong></span> <span class='ocrx_word' id='word_1_465' title='bbox 682 3312 872 3368; x_wconf 87' lang='lat' dir='ltr'><strong>multo</strong></span> <span class='ocrx_word' id='word_1_466' title='bbox 917 3312 1130 3379; x_wconf 91' lang='lat' dir='ltr'><strong>solum,</strong></span> <span class='ocrx_word' id='word_1_467' title='bbox 1174 3315 1272 3370; x_wconf 91' lang='lat' dir='ltr'><strong>sed</strong></span> <span class='ocrx_word' id='word_1_468' title='bbox 1312 3330 1520 3372; x_wconf 90' lang='lat' dir='ltr'><strong>omnes</strong></span> <span class='ocrx_word' id='word_1_469' title='bbox 1555 3333 1567 3372; x_wconf 92' lang='lat'>:</span> <span class='ocrx_word' id='word_1_470' title='bbox 1598 3332 1708 3372; x_wconf 91' lang='lat' dir='ltr'><strong>nec</strong></span> <span class='ocrx_word' id='word_1_471' title='bbox 1759 3316 2032 3372; x_wconf 88' lang='lat' dir='ltr'><strong>homines</strong></span> <span class='ocrx_word' id='word_1_472' title='bbox 2070 3321 2202 3372; x_wconf 87' lang='lat' dir='ltr'><strong>tan-</strong></span> 
     </span>
    </p>
   </div>
   <div class='ocr_carea' id='block_1_66' title="bbox 546 3400 2200 3477">
    <p class='ocr_par' dir='ltr' id='par_1_66' title="bbox 546 3400 2200 3477">
     <span class='ocr_line' id='line_1_66' title="bbox 546 3400 2200 3477; baseline 0.003 -21"><span class='ocrx_word' id='word_1_473' title='bbox 546 3404 690 3472; x_wconf 91' lang='lat' dir='ltr'><strong>tum,</strong></span> <span class='ocrx_word' id='word_1_474' title='bbox 719 3401 826 3457; x_wconf 91' lang='lat' dir='ltr'><strong>sed</strong></span> <span class='ocrx_word' id='word_1_475' title='bbox 847 3400 1027 3457; x_wconf 89' lang='lat' dir='ltr'><strong>etiam</strong></span> <span class='ocrx_word' id='word_1_476' title='bbox 1057 3402 1296 3472; x_wconf 79' lang='lat' dir='ltr'><strong>angelos</strong></span> <span class='ocrx_word' id='word_1_477' title='bbox 1325 3408 1379 3460; x_wconf 91' lang='lat' dir='ltr'><strong>et</strong></span> <span class='ocrx_word' id='word_1_478' title='bbox 1417 3403 1845 3473; x_wconf 89' lang='lat' dir='ltr'><strong>anchangelos,</strong></span> <span class='ocrx_word' id='word_1_479' title='bbox 1873 3419 2200 3477; x_wconf 87' lang='lat' dir='ltr'><strong>omnesque</strong></span> 
     </span>
    </p>
   </div>
   <div class='ocr_carea' id='block_1_67' title="bbox 545 3488 2201 3556">
    <p class='ocr_par' dir='ltr' id='par_1_67' title="bbox 545 3488 2201 3556">
     <span class='ocr_line' id='line_1_67' title="bbox 545 3488 2201 3556; baseline 0.003 -12"><span class='ocrx_word' id='word_1_480' title='bbox 545 3488 812 3545; x_wconf 66' lang='lat' dir='ltr'><strong>caelestes</strong></span> <span class='ocrx_word' id='word_1_481' title='bbox 859 3490 1119 3546; x_wconf 84' lang='lat' dir='ltr'><strong>virtutes.</strong></span> <span class='ocrx_word' id='word_1_482' title='bbox 1173 3493 1393 3556; x_wconf 88' lang='lat' dir='ltr'><strong>Quodsi</strong></span> <span class='ocrx_word' id='word_1_483' title='bbox 1448 3507 1610 3547; x_wconf 91' lang='lat' dir='ltr'><strong>nunc</strong></span> <span class='ocrx_word' id='word_1_484' title='bbox 1641 3491 1986 3547; x_wconf 83' lang='lat' dir='ltr'><strong>manifestas</strong></span> <span class='ocrx_word' id='word_1_485' title='bbox 2037 3493 2201 3549; x_wconf 88' lang='lat' dir='ltr'><strong>bona</strong></span> 
     </span>
    </p>
   </div>
   <div class='ocr_carea' id='block_1_68' title="bbox 543 3580 2201 3653">
    <p class='ocr_par' dir='ltr' id='par_1_68' title="bbox 543 3580 2201 3653">
     <span class='ocr_line' id='line_1_68' title="bbox 543 3580 2201 3653; baseline 0.003 -19"><span class='ocrx_word' id='word_1_486' title='bbox 543 3593 748 3650; x_wconf 89' lang='lat' dir='ltr'><strong>opera,</strong></span> <span class='ocrx_word' id='word_1_487' title='bbox 781 3583 904 3643; x_wconf 90' lang='lat' dir='ltr'><strong>tua,</strong></span> <span class='ocrx_word' id='word_1_488' title='bbox 937 3583 994 3634; x_wconf 89' lang='lat' dir='ltr'><strong>et</strong></span> <span class='ocrx_word' id='word_1_489' title='bbox 1023 3581 1337 3651; x_wconf 71' lang='lat' dir='ltr'><strong>praemium</strong></span> <span class='ocrx_word' id='word_1_490' title='bbox 1381 3581 1548 3653; x_wconf 90' lang='lat' dir='ltr'><strong>quod</strong></span> <span class='ocrx_word' id='word_1_491' title='bbox 1599 3580 1987 3651; x_wconf 85' lang='lat' dir='ltr'><strong>exspectabas</strong></span> <span class='ocrx_word' id='word_1_492' title='bbox 2018 3598 2054 3638; x_wconf 92' lang='lat' dir='ltr'><strong>a</strong></span> <span class='ocrx_word' id='word_1_493' title='bbox 2083 3583 2201 3639; x_wconf 91' lang='lat' dir='ltr'><strong>Deo</strong></span> 
     </span>
    </p>
   </div>
   <div class='ocr_carea' id='block_1_69' title="bbox 546 3667 2200 3740">
    <p class='ocr_par' dir='ltr' id='par_1_69' title="bbox 546 3667 2200 3740">
     <span class='ocr_line' id='line_1_69' title="bbox 546 3667 2200 3740; baseline 0.001 -16"><span class='ocrx_word' id='word_1_494' title='bbox 546 3667 793 3739; x_wconf 90' lang='lat' dir='ltr'><strong>perdis:</strong></span> <span class='ocrx_word' id='word_1_495' title='bbox 827 3673 884 3722; x_wconf 92' lang='lat' dir='ltr'><strong>et</strong></span> <span class='ocrx_word' id='word_1_496' title='bbox 947 3667 1215 3725; x_wconf 85' lang='lat' dir='ltr'><strong>homines</strong></span> <span class='ocrx_word' id='word_1_497' title='bbox 1258 3669 1371 3740; x_wconf 88' lang='lat' dir='ltr'><strong>ipsi</strong></span> <span class='ocrx_word' id='word_1_498' title='bbox 1420 3674 1477 3724; x_wconf 91' lang='lat' dir='ltr'><strong>te</strong></span> <span class='ocrx_word' id='word_1_499' title='bbox 1535 3668 2031 3726; x_wconf 90' lang='lat' dir='ltr'><strong>condemnabunt</strong></span> <span class='ocrx_word' id='word_1_500' title='bbox 2077 3675 2200 3726; x_wconf 84' lang='lat' dir='ltr'><strong>tan-</strong></span> 
     </span>
    </p>
   </div>
   <div class='ocr_carea' id='block_1_70' title="bbox 543 3755 2206 3830">
    <p class='ocr_par' dir='ltr' id='par_1_70' title="bbox 543 3755 2206 3830">
     <span class='ocr_line' id='line_1_70' title="bbox 543 3755 2206 3830; baseline 0.004 -20"><span class='ocrx_word' id='word_1_501' title='bbox 543 3770 729 3828; x_wconf 88' lang='lat' dir='ltr'><strong>quam</strong></span> <span class='ocrx_word' id='word_1_502' title='bbox 753 3755 949 3812; x_wconf 87' lang='lat' dir='ltr'><strong>inanis</strong></span> <span class='ocrx_word' id='word_1_503' title='bbox 977 3757 1177 3828; x_wconf 68' lang='lat' dir='ltr'><strong>gloriae</strong></span> <span class='ocrx_word' id='word_1_504' title='bbox 1230 3757 1643 3830; x_wconf 90' lang='lat' dir='ltr'><strong>appetitorem.</strong></span> <span class='ocrx_word' id='word_1_505' title='bbox 1676 3755 1823 3812; x_wconf 89' lang='lat' dir='ltr'><strong>Cum</strong></span> <span class='ocrx_word' id='word_1_506' title='bbox 1861 3773 2004 3827; x_wconf 91' lang='lat' dir='ltr'><strong>ergo</strong></span> <span class='ocrx_word' id='word_1_507' title='bbox 2034 3758 2206 3822; x_wconf 89' lang='lat' dir='ltr'><strong>liceat</strong></span> 
     </span>
    </p>
   </div>
   <div class='ocr_carea' id='block_1_71' title="bbox 543 3845 2202 3922">
    <p class='ocr_par' dir='ltr' id='par_1_71' title="bbox 543 3845 2202 3922">
     <span class='ocr_line' id='line_1_71' title="bbox 543 3845 2202 3922; baseline 0.004 -22"><span class='ocrx_word' id='word_1_508' title='bbox 543 3851 600 3900; x_wconf 89' lang='lat' dir='ltr'><strong>et</strong></span> <span class='ocrx_word' id='word_1_509' title='bbox 652 3845 985 3903; x_wconf 87' lang='lat' dir='ltr'><strong>mercedem</strong></span> <span class='ocrx_word' id='word_1_510' title='bbox 1025 3847 1327 3904; x_wconf 90' lang='lat' dir='ltr'><strong>bonorum</strong></span> <span class='ocrx_word' id='word_1_511' title='bbox 1381 3860 1634 3916; x_wconf 92' lang='lat' dir='ltr'><strong>operum</strong></span> <span class='ocrx_word' id='word_1_512' title='bbox 1676 3846 1958 3918; x_wconf 87' lang='lat' dir='ltr'><strong>accipere,</strong></span> <span class='ocrx_word' id='word_1_513' title='bbox 2000 3854 2056 3904; x_wconf 91' lang='lat' dir='ltr'><strong>et</strong></span> <span class='ocrx_word' id='word_1_514' title='bbox 2098 3866 2202 3922; x_wconf 79' lang='lat' dir='ltr'><strong>pu&#39;</strong></span> 
     </span>
    </p>
   </div>
   <div class='ocr_carea' id='block_1_72' title="bbox 541 3932 2201 4008">
    <p class='ocr_par' dir='ltr' id='par_1_72' title="bbox 541 3932 2201 4008">
     <span class='ocr_line' id='line_1_72' title="bbox 541 3932 2201 4008; baseline 0.004 -19"><span class='ocrx_word' id='word_1_515' title='bbox 541 3932 694 3990; x_wconf 88' lang='lat' dir='ltr'><strong>blice</strong></span> <span class='ocrx_word' id='word_1_516' title='bbox 746 3949 949 3992; x_wconf 89' lang='lat' dir='ltr'><strong>coram</strong></span> <span class='ocrx_word' id='word_1_517' title='bbox 993 3939 1078 3992; x_wconf 90' lang='lat' dir='ltr'><strong>tot</strong></span> <span class='ocrx_word' id='word_1_518' title='bbox 1122 3934 1426 4005; x_wconf 90' lang='lat' dir='ltr'><strong>tantisque</strong></span> <span class='ocrx_word' id='word_1_519' title='bbox 1447 3933 1781 4004; x_wconf 61' lang='lat' dir='ltr'><strong>praedicari,</strong></span> <span class='ocrx_word' id='word_1_520' title='bbox 1811 3935 1857 3990; x_wconf 86' lang='lat' dir='ltr'><strong>si</strong></span> <span class='ocrx_word' id='word_1_521' title='bbox 1890 3937 2201 4008; x_wconf 90' lang='lat' dir='ltr'><strong>paululum</strong></span> 
     </span>
    </p>
   </div>
   <div class='ocr_carea' id='block_1_73' title="bbox 544 4020 2200 4097">
    <p class='ocr_par' dir='ltr' id='par_1_73' title="bbox 544 4020 2200 4097">
     <span class='ocr_line' id='line_1_73' title="bbox 544 4020 2200 4097; baseline 0.005 -20"><span class='ocrx_word' id='word_1_522' title='bbox 544 4023 860 4089; x_wconf 89' lang='lat' dir='ltr'><strong>sustineas,</strong></span> <span class='ocrx_word' id='word_1_523' title='bbox 887 4023 1199 4097; x_wconf 91' lang='lat' dir='ltr'><strong>quomodo</strong></span> <span class='ocrx_word' id='word_1_524' title='bbox 1230 4037 1353 4078; x_wconf 90' lang='lat' dir='ltr'><strong>non</strong></span> <span class='ocrx_word' id='word_1_525' title='bbox 1394 4020 1646 4077; x_wconf 90' lang='lat' dir='ltr'><strong>omnino</strong></span> <span class='ocrx_word' id='word_1_526' title='bbox 1679 4022 1926 4081; x_wconf 87' lang='lat' dir='ltr'><strong>stultum</strong></span> <span class='ocrx_word' id='word_1_527' title='bbox 1957 4042 2026 4083; x_wconf 90' lang='lat' dir='ltr'><strong>ac</strong></span> <span class='ocrx_word' id='word_1_528' title='bbox 2058 4028 2200 4086; x_wconf 85' lang='lat' dir='ltr'><strong>irra-</strong></span> 
     </span>
    </p>
   </div>
   <div class='ocr_carea' id='block_1_74' title="bbox 541 4109 2200 4189">
    <p class='ocr_par' dir='ltr' id='par_1_74' title="bbox 541 4109 2200 4189">
     <span class='ocr_line' id='line_1_74' title="bbox 541 4109 2200 4189; baseline 0.004 -21"><span class='ocrx_word' id='word_1_529' title='bbox 541 4111 824 4169; x_wconf 88' lang='lat' dir='ltr'><strong>tionabile</strong></span> <span class='ocrx_word' id='word_1_530' title='bbox 878 4113 986 4168; x_wconf 90' lang='lat' dir='ltr'><strong>erit</strong></span> <span class='ocrx_word' id='word_1_531' title='bbox 1026 4111 1289 4181; x_wconf 90' lang='lat' dir='ltr'><strong>utrisque</strong></span> <span class='ocrx_word' id='word_1_532' title='bbox 1336 4109 1428 4166; x_wconf 90' lang='lat' dir='ltr'><strong>his</strong></span> <span class='ocrx_word' id='word_1_533' title='bbox 1478 4110 1774 4178; x_wconf 84' lang='lat' dir='ltr'><strong>excidere,</strong></span> <span class='ocrx_word' id='word_1_534' title='bbox 1821 4117 1875 4170; x_wconf 92' lang='lat' dir='ltr'><strong>et</strong></span> <span class='ocrx_word' id='word_1_535' title='bbox 1922 4122 2200 4189; x_wconf 64' lang='lat' dir='ltr'><strong>praesenti</strong></span> 
     </span>
    </p>
   </div>
   <div class='ocr_carea' id='block_1_75' title="bbox 542 4198 1355 4270">
    <p class='ocr_par' dir='ltr' id='par_1_75' title="bbox 542 4198 1355 4270">
     <span class='ocr_line' id='line_1_75' title="bbox 542 4198 1355 4270; baseline -0.002 -14"><span class='ocrx_word' id='word_1_536' title='bbox 542 4199 770 4256; x_wconf 90' lang='lat' dir='ltr'><strong>theatro</strong></span> <span class='ocrx_word' id='word_1_537' title='bbox 788 4200 935 4256; x_wconf 91' lang='lat' dir='ltr'><strong>illud</strong></span> <span class='ocrx_word' id='word_1_538' title='bbox 959 4203 1296 4270; x_wconf 86' lang='lat' dir='ltr'><strong>permutare</strong></span> <span class='ocrx_word' id='word_1_539' title='bbox 1326 4198 1355 4254; x_wconf 87' lang='lat'><strong>?</strong></span> 
     </span>
    </p>
   </div>
   <div class='ocr_carea' id='block_1_76' title="bbox 612 4288 2197 4366">
    <p class='ocr_par' dir='ltr' id='par_1_76' title="bbox 612 4288 2197 4366">
     <span class='ocr_line' id='line_1_76' title="bbox 612 4288 2197 4366; baseline 0.006 -24"><span class='ocrx_word' id='word_1_540' title='bbox 612 4288 717 4344; x_wconf 86' lang='lat' dir='ltr'><strong>Hic</strong></span> <span class='ocrx_word' id='word_1_541' title='bbox 747 4295 949 4345; x_wconf 91' lang='lat' dir='ltr'><strong>autem</strong></span> <span class='ocrx_word' id='word_1_542' title='bbox 1008 4301 1206 4342; x_wconf 89' lang='lat' dir='ltr'><strong>sermo</strong></span> <span class='ocrx_word' id='word_1_543' title='bbox 1257 4302 1361 4358; x_wconf 91' lang='lat' dir='ltr'><strong>per</strong></span> <span class='ocrx_word' id='word_1_544' title='bbox 1417 4302 1749 4361; x_wconf 88' lang='lat' dir='ltr'><strong>anagogem</strong></span> <span class='ocrx_word' id='word_1_545' title='bbox 1807 4293 2197 4366; x_wconf 85' lang='lat' dir='ltr'><strong>accipiendus</strong></span> 
     </span>
    </p>
   </div>
   <div class='ocr_carea' id='block_1_77' title="bbox 541 4375 2198 4454">
    <p class='ocr_par' dir='ltr' id='par_1_77' title="bbox 541 4375 2198 4454">
     <span class='ocr_line' id='line_1_77' title="bbox 541 4375 2198 4454; baseline 0.005 -22"><span class='ocrx_word' id='word_1_546' title='bbox 541 4383 648 4434; x_wconf 88' lang='lat' dir='ltr'><strong>est.</strong></span> <span class='ocrx_word' id='word_1_547' title='bbox 701 4375 1054 4433; x_wconf 89' lang='lat' dir='ltr'><strong>Cubiculum</strong></span> <span class='ocrx_word' id='word_1_548' title='bbox 1107 4375 1405 4446; x_wconf 83' lang='lat' dir='ltr'><strong>siquidem</strong></span> <span class='ocrx_word' id='word_1_549' title='bbox 1465 4394 1638 4434; x_wconf 90' lang='lat' dir='ltr'><strong>mene</strong></span> <span class='ocrx_word' id='word_1_550' title='bbox 1687 4385 1790 4445; x_wconf 87' lang='lat' dir='ltr'><strong>est,</strong></span> <span class='ocrx_word' id='word_1_551' title='bbox 1869 4385 2198 4454; x_wconf 81' lang='lat' dir='ltr'><strong>pulcherri-</strong></span> 
     </span>
    </p>
   </div>
   <div class='ocr_carea' id='block_1_78' title="bbox 537 4463 2198 4535">
    <p class='ocr_par' dir='ltr' id='par_1_78' title="bbox 537 4463 2198 4535">
     <span class='ocr_line' id='line_1_78' title="bbox 537 4463 2198 4535; baseline 0.005 -14"><span class='ocrx_word' id='word_1_552' title='bbox 537 4481 708 4522; x_wconf 93' lang='lat' dir='ltr'><strong>mum</strong></span> <span class='ocrx_word' id='word_1_553' title='bbox 736 4464 1160 4535; x_wconf 89' lang='lat' dir='ltr'><strong>cogitationum</strong></span> <span class='ocrx_word' id='word_1_554' title='bbox 1178 4463 1566 4523; x_wconf 89' lang='lat' dir='ltr'><strong>domicilium.</strong></span> <span class='ocrx_word' id='word_1_555' title='bbox 1600 4469 1827 4526; x_wconf 90' lang='lat' dir='ltr'><strong>Ostium</strong></span> <span class='ocrx_word' id='word_1_556' title='bbox 1852 4487 1995 4528; x_wconf 88' lang='lat' dir='ltr'><strong>vero</strong></span> <span class='ocrx_word' id='word_1_557' title='bbox 2025 4473 2198 4529; x_wconf 89' lang='lat' dir='ltr'><strong>sedes</strong></span> 
     </span>
    </p>
   </div>
   <div class='ocr_carea' id='block_1_79' title="bbox 539 4551 2198 4633">
    <p class='ocr_par' dir='ltr' id='par_1_79' title="bbox 539 4551 2198 4633">
     <span class='ocr_line' id='line_1_79' title="bbox 539 4551 2198 4633; baseline 0.006 -24"><span class='ocrx_word' id='word_1_558' title='bbox 539 4569 844 4618; x_wconf 89' lang='lat' dir='ltr'><strong>sensuum,</strong></span> <span class='ocrx_word' id='word_1_559' title='bbox 866 4551 1096 4617; x_wconf 87' lang='lat' dir='ltr'><strong>oculus,</strong></span> <span class='ocrx_word' id='word_1_560' title='bbox 1116 4554 1292 4618; x_wconf 89' lang='lat' dir='ltr'><strong>auris,</strong></span> <span class='ocrx_word' id='word_1_561' title='bbox 1318 4559 1432 4611; x_wconf 90' lang='lat' dir='ltr'><strong>etc.</strong></span> <span class='ocrx_word' id='word_1_562' title='bbox 1450 4595 1464 4621; x_wconf 95' lang='lat'><strong>,</strong></span> <span class='ocrx_word' id='word_1_563' title='bbox 1480 4571 1583 4628; x_wconf 89' lang='lat' dir='ltr'><strong>per</strong></span> <span class='ocrx_word' id='word_1_564' title='bbox 1597 4573 1728 4630; x_wconf 63' lang='lat' dir='ltr'><strong>quae</strong></span> <span class='ocrx_word' id='word_1_565' title='bbox 1752 4559 1925 4616; x_wconf 68' lang='lat' dir='ltr'><strong>malae</strong></span> <span class='ocrx_word' id='word_1_566' title='bbox 1942 4561 2198 4633; x_wconf 84' lang='lat' dir='ltr'><strong>ingredi-</strong></span> 
     </span>
    </p>
   </div>
   <div class='ocr_carea' id='block_1_80' title="bbox 537 4638 2197 4718">
    <p class='ocr_par' dir='ltr' id='par_1_80' title="bbox 537 4638 2197 4718">
     <span class='ocr_line' id='line_1_80' title="bbox 537 4638 2197 4718; baseline 0.005 -20"><span class='ocrx_word' id='word_1_567' title='bbox 537 4638 1274 4712; x_wconf 68' lang='lat' dir='ltr'><strong>unturcogitationes,quaa</strong></span> <span class='ocrx_word' id='word_1_568' title='bbox 1287 4643 1569 4702; x_wconf 89' lang='lat' dir='ltr'><strong>virtutum</strong></span> <span class='ocrx_word' id='word_1_569' title='bbox 1584 4648 1930 4718; x_wconf 68' lang='lat' dir='ltr'><strong>praedantur</strong></span> <span class='ocrx_word' id='word_1_570' title='bbox 1940 4649 2197 4708; x_wconf 83' lang='lat' dir='ltr'><strong>divitias.</strong></span> 
     </span>
    </p>
   </div>
   <div class='ocr_carea' id='block_1_81' title="bbox 609 4728 2199 4803">
    <p class='ocr_par' dir='ltr' id='par_1_81' title="bbox 609 4728 2199 4803">
     <span class='ocr_line' id='line_1_81' title="bbox 609 4728 2199 4803; baseline 0.007 -18"><span class='ocrx_word' id='word_1_571' title='bbox 609 4729 764 4796; x_wconf 83' lang='lat' dir='ltr'><strong>Quid</strong></span> <span class='ocrx_word' id='word_1_572' title='bbox 786 4742 929 4798; x_wconf 90' lang='lat' dir='ltr'><strong>ergo</strong></span> <span class='ocrx_word' id='word_1_573' title='bbox 961 4728 990 4783; x_wconf 88' lang='lat'><strong>?</strong></span> <span class='ocrx_word' id='word_1_574' title='bbox 1009 4742 1132 4784; x_wconf 92' lang='lat' dir='ltr'><strong>non</strong></span> <span class='ocrx_word' id='word_1_575' title='bbox 1175 4736 1408 4803; x_wconf 86' lang='lat' dir='ltr'><strong>oportet</strong></span> <span class='ocrx_word' id='word_1_576' title='bbox 1450 4733 1510 4790; x_wconf 92' lang='lat' dir='ltr'><strong>in</strong></span> <span class='ocrx_word' id='word_1_577' title='bbox 1541 4737 1791 4792; x_wconf 85' lang='lat' dir='ltr'><strong>ecclesia</strong></span> <span class='ocrx_word' id='word_1_578' title='bbox 1821 4752 1993 4793; x_wconf 90' lang='lat' dir='ltr'><strong>orare</strong></span> <span class='ocrx_word' id='word_1_579' title='bbox 2021 4739 2050 4794; x_wconf 73' lang='lat' dir='ltr'><strong>‘I</strong></span> <span class='ocrx_word' id='word_1_580' title='bbox 2081 4740 2199 4798; x_wconf 66' lang='lat' dir='ltr'><strong>Ma-</strong></span> 
     </span>
    </p>
   </div>
   <div class='ocr_carea' id='block_1_82' title="bbox 535 4815 2192 4896">
    <p class='ocr_par' dir='ltr' id='par_1_82' title="bbox 535 4815 2192 4896">
     <span class='ocr_line' id='line_1_82' title="bbox 535 4815 2192 4896; baseline 0.006 -22"><span class='ocrx_word' id='word_1_581' title='bbox 535 4818 692 4875; x_wconf 84' lang='lat' dir='ltr'><strong>xime</strong></span> <span class='ocrx_word' id='word_1_582' title='bbox 743 4815 1015 4890; x_wconf 90' lang='lat' dir='ltr'><strong>quidem,</strong></span> <span class='ocrx_word' id='word_1_583' title='bbox 1056 4818 1160 4874; x_wconf 89' lang='lat' dir='ltr'><strong>sed</strong></span> <span class='ocrx_word' id='word_1_584' title='bbox 1188 4834 1310 4877; x_wconf 92' lang='lat' dir='ltr'><strong>non</strong></span> <span class='ocrx_word' id='word_1_585' title='bbox 1361 4828 1421 4879; x_wconf 88' lang='lat' dir='ltr'><strong>ut</strong></span> <span class='ocrx_word' id='word_1_586' title='bbox 1461 4839 1757 4896; x_wconf 85' lang='lat' dir='ltr'><strong>appareas</strong></span> <span class='ocrx_word' id='word_1_587' title='bbox 1796 4824 2146 4884; x_wconf 89' lang='lat' dir='ltr'><strong>hominibus</strong></span> <span class='ocrx_word' id='word_1_588' title='bbox 2179 4849 2192 4887; x_wconf 86' lang='lat'>:</span> 
     </span>
    </p>
   </div>
   <div class='ocr_carea' id='block_1_83' title="bbox 534 4907 2196 4986">
    <p class='ocr_par' dir='ltr' id='par_1_83' title="bbox 534 4907 2196 4986">
     <span class='ocr_line' id='line_1_83' title="bbox 534 4907 2196 4986; baseline 0.007 -22"><span class='ocrx_word' id='word_1_589' title='bbox 534 4907 651 4964; x_wconf 91' lang='lat' dir='ltr'><strong>hoc</strong></span> <span class='ocrx_word' id='word_1_590' title='bbox 691 4907 850 4962; x_wconf 90' lang='lat' dir='ltr'><strong>enim</strong></span> <span class='ocrx_word' id='word_1_591' title='bbox 904 4912 1194 4979; x_wconf 88' lang='lat' dir='ltr'><strong>tanquam</strong></span> <span class='ocrx_word' id='word_1_592' title='bbox 1223 4909 1669 4984; x_wconf 86' lang='lat' dir='ltr'><strong>hypocritarum</strong></span> <span class='ocrx_word' id='word_1_593' title='bbox 1715 4929 1872 4986; x_wconf 90' lang='lat' dir='ltr'><strong>opus</strong></span> <span class='ocrx_word' id='word_1_594' title='bbox 1914 4917 2196 4974; x_wconf 91' lang='lat' dir='ltr'><strong>condem-</strong></span> 
     </span>
    </p>
   </div>
   <div class='ocr_carea' id='block_1_84' title="bbox 536 4995 2192 5077">
    <p class='ocr_par' dir='ltr' id='par_1_84' title="bbox 536 4995 2192 5077">
     <span class='ocr_line' id='line_1_84' title="bbox 536 4995 2192 5077; baseline 0.006 -23"><span class='ocrx_word' id='word_1_595' title='bbox 536 4995 872 5054; x_wconf 80' lang='lat' dir='ltr'><strong>navitzsed</strong></span> <span class='ocrx_word' id='word_1_596' title='bbox 920 5000 985 5052; x_wconf 87' lang='lat' dir='ltr'><strong>ut</strong></span> <span class='ocrx_word' id='word_1_597' title='bbox 1028 4997 1130 5053; x_wconf 89' lang='lat' dir='ltr'><strong>tibi</strong></span> <span class='ocrx_word' id='word_1_598' title='bbox 1170 4999 1279 5072; x_wconf 89' lang='lat' dir='ltr'><strong>ipsi</strong></span> <span class='ocrx_word' id='word_1_599' title='bbox 1339 5002 1527 5058; x_wconf 89' lang='lat' dir='ltr'><strong>Deum</strong></span> <span class='ocrx_word' id='word_1_600' title='bbox 1572 5001 1793 5060; x_wconf 87' lang='lat' dir='ltr'><strong>reddas</strong></span> <span class='ocrx_word' id='word_1_601' title='bbox 1846 5006 2192 5077; x_wconf 90' lang='lat' dir='ltr'><strong>propitium.</strong></span> 
     </span>
    </p>
   </div>
   <div class='ocr_carea' id='block_1_85' title="bbox 539 5084 2192 5168">
    <p class='ocr_par' dir='ltr' id='par_1_85' title="bbox 539 5084 2192 5168">
     <span class='ocr_line' id='line_1_85' title="bbox 539 5084 2192 5168; baseline 0.006 -24"><span class='ocrx_word' id='word_1_602' title='bbox 539 5084 828 5157; x_wconf 88' lang='lat' dir='ltr'><strong>Contingit</strong></span> <span class='ocrx_word' id='word_1_603' title='bbox 893 5084 1054 5142; x_wconf 90' lang='lat' dir='ltr'><strong>enim</strong></span> <span class='ocrx_word' id='word_1_604' title='bbox 1111 5087 1370 5163; x_wconf 88' lang='lat' dir='ltr'><strong>aliquem</strong></span> <span class='ocrx_word' id='word_1_605' title='bbox 1433 5091 1588 5148; x_wconf 89' lang='lat' dir='ltr'><strong>inter</strong></span> <span class='ocrx_word' id='word_1_606' title='bbox 1649 5091 1943 5164; x_wconf 87' lang='lat' dir='ltr'><strong>plurimos</strong></span> <span class='ocrx_word' id='word_1_607' title='bbox 1999 5110 2192 5168; x_wconf 85' lang='lat' dir='ltr'><strong>orare,</strong></span> 
     </span>
    </p>
   </div>
   <div class='ocr_carea' id='block_1_86' title="bbox 616 5227 1066 5298">
    <p class='ocr_par' dir='ltr' id='par_1_86' title="bbox 616 5227 1066 5298">
     <span class='ocr_line' id='line_1_86' title="bbox 616 5227 1066 5298; baseline 0.002 -12"><span class='ocrx_word' id='word_1_608' title='bbox 616 5227 678 5266; x_wconf 81' lang='grc'><strong>¹³·</strong></span> <span class='ocrx_word' id='word_1_609' title='bbox 693 5227 895 5286; x_wconf 77' lang='lat' dir='ltr'><strong>Matth.</strong></span> <span class='ocrx_word' id='word_1_610' title='bbox 924 5243 984 5298; x_wconf 86' lang='lat' dir='ltr'><strong>v,</strong></span> <span class='ocrx_word' id='word_1_611' title='bbox 1013 5232 1066 5287; x_wconf 86' lang='lat'><strong>6.</strong></span> 
     </span>
    </p>
   </div>
   <div class='ocr_carea' id='block_1_87' title="bbox 2308 3220 3908 3296">
    <p class='ocr_par' dir='ltr' id='par_1_87' title="bbox 2308 3220 3908 3296">
     <span class='ocr_line' id='line_1_87' title="bbox 2308 3220 3908 3296; baseline 0.004 -23"><span class='ocrx_word' id='word_1_612' title='bbox 2308 3222 2508 3296; x_wconf 82' lang='grc' dir='ltr'>ῥήσεώς</span> <span class='ocrx_word' id='word_1_613' title='bbox 2544 3242 2597 3276; x_wconf 90' lang='grc' dir='ltr'><strong>τε</strong></span> <span class='ocrx_word' id='word_1_614' title='bbox 2634 3229 2724 3276; x_wconf 81' lang='grc' dir='ltr'>καὶ</span> <span class='ocrx_word' id='word_1_615' title='bbox 2769 3220 3220 3296; x_wconf 78' lang='grc' dir='ltr'>μισθαποδοσίας,</span> <span class='ocrx_word' id='word_1_616' title='bbox 3265 3230 3355 3278; x_wconf 81' lang='grc' dir='ltr'>καὶ</span> <span class='ocrx_word' id='word_1_617' title='bbox 3393 3225 3452 3277; x_wconf 75' lang='grc' dir='ltr'><strong>οῦ</strong></span> <span class='ocrx_word' id='word_1_618' title='bbox 3496 3224 3731 3295; x_wconf 88' lang='grc' dir='ltr'>πολλοὺς,</span> <span class='ocrx_word' id='word_1_619' title='bbox 3782 3225 3908 3280; x_wconf 82' lang='grc' dir='ltr'>ἀλλὰ</span> 
     </span>
    </p>
   </div>
   <div class='ocr_carea' id='block_1_88' title="bbox 2313 3312 3909 3386">
    <p class='ocr_par' dir='ltr' id='par_1_88' title="bbox 2313 3312 3909 3386">
     <span class='ocr_line' id='line_1_88' title="bbox 2313 3312 3909 3386; baseline 0.003 -24"><span class='ocrx_word' id='word_1_620' title='bbox 2313 3312 2527 3377; x_wconf 79' lang='grc' dir='ltr'>πάντας,</span> <span class='ocrx_word' id='word_1_621' title='bbox 2576 3317 2666 3364; x_wconf 80' lang='grc' dir='ltr'>καὶ</span> <span class='ocrx_word' id='word_1_622' title='bbox 2719 3312 2813 3364; x_wconf 77' lang='grc' dir='ltr'>οὐκ</span> <span class='ocrx_word' id='word_1_623' title='bbox 2860 3313 3162 3386; x_wconf 79' lang='grc' dir='ltr'>ἀνθρώπους</span> <span class='ocrx_word' id='word_1_624' title='bbox 3214 3317 3388 3385; x_wconf 88' lang='grc' dir='ltr'>μόνον,</span> <span class='ocrx_word' id='word_1_625' title='bbox 3449 3312 3577 3366; x_wconf 84' lang='grc' dir='ltr'><strong>ἀλλά</strong></span> <span class='ocrx_word' id='word_1_626' title='bbox 3619 3319 3710 3366; x_wconf 83' lang='grc' dir='ltr'><strong>καὶ</strong></span> <span class='ocrx_word' id='word_1_627' title='bbox 3759 3313 3909 3386; x_wconf 77' lang='grc' dir='ltr'>ἀγγέ-</span> 
     </span>
    </p>
   </div>
   <div class='ocr_carea' id='block_1_89' title="bbox 2311 3398 3909 3477">
    <p class='ocr_par' dir='ltr' id='par_1_89' title="bbox 2311 3398 3909 3477">
     <span class='ocr_line' id='line_1_89' title="bbox 2311 3398 3909 3477; baseline 0.003 -26"><span class='ocrx_word' id='word_1_628' title='bbox 2311 3398 2449 3469; x_wconf 83' lang='grc' dir='ltr'>λους,</span> <span class='ocrx_word' id='word_1_629' title='bbox 2499 3405 2590 3452; x_wconf 79' lang='grc' dir='ltr'>καὶ</span> <span class='ocrx_word' id='word_1_630' title='bbox 2637 3399 3022 3474; x_wconf 68' lang='grc' dir='ltr'>ἀρχαγγέλους,</span> <span class='ocrx_word' id='word_1_631' title='bbox 3062 3406 3151 3453; x_wconf 77' lang='grc' dir='ltr'><strong>καὶ</strong></span> <span class='ocrx_word' id='word_1_632' title='bbox 3202 3404 3373 3462; x_wconf 84' lang='grc' dir='ltr'>πάσας</span> <span class='ocrx_word' id='word_1_633' title='bbox 3429 3404 3523 3462; x_wconf 80' lang='grc' dir='ltr'><strong>τὰς</strong></span> <span class='ocrx_word' id='word_1_634' title='bbox 3567 3401 3909 3477; x_wconf 71' lang='grc' dir='ltr'>ἔπουρανίους</span> 
     </span>
    </p>
   </div>
   <div class='ocr_carea' id='block_1_90' title="bbox 2313 3484 3903 3564">
    <p class='ocr_par' dir='ltr' id='par_1_90' title="bbox 2313 3484 3903 3564">
     <span class='ocr_line' id='line_1_90' title="bbox 2313 3484 3903 3564; baseline 0.003 -24"><span class='ocrx_word' id='word_1_635' title='bbox 2313 3484 2578 3560; x_wconf 84' lang='grc' dir='ltr'>δυνάμεις.</span> <span class='ocrx_word' id='word_1_636' title='bbox 2625 3495 2732 3541; x_wconf 85' lang='grc' dir='ltr'>Νῦν</span> <span class='ocrx_word' id='word_1_637' title='bbox 2777 3491 2879 3563; x_wconf 81' lang='grc' dir='ltr'><strong>γὰρ</strong></span> <span class='ocrx_word' id='word_1_638' title='bbox 2917 3489 2961 3541; x_wconf 83' lang='grc' dir='ltr'>εἰ</span> <span class='ocrx_word' id='word_1_639' title='bbox 3007 3497 3240 3561; x_wconf 79' lang='grc' dir='ltr'>φανεροῖς</span> <span class='ocrx_word' id='word_1_640' title='bbox 3286 3493 3350 3543; x_wconf 81' lang='grc' dir='ltr'>τὰ</span> <span class='ocrx_word' id='word_1_641' title='bbox 3378 3493 3758 3564; x_wconf 84' lang='grc' dir='ltr'>κατορθώματά</span> <span class='ocrx_word' id='word_1_642' title='bbox 3787 3512 3903 3560; x_wconf 83' lang='grc' dir='ltr'>σου,</span> 
     </span>
    </p>
   </div>
   <div class='ocr_carea' id='block_1_91' title="bbox 2309 3575 3903 3655">
    <p class='ocr_par' dir='ltr' id='par_1_91' title="bbox 2309 3575 3903 3655">
     <span class='ocr_line' id='line_1_91' title="bbox 2309 3575 3903 3655; baseline 0.003 -27"><span class='ocrx_word' id='word_1_643' title='bbox 2309 3581 2400 3629; x_wconf 82' lang='grc' dir='ltr'>καὶ</span> <span class='ocrx_word' id='word_1_644' title='bbox 2442 3581 2529 3629; x_wconf 88' lang='grc' dir='ltr'>τὸν</span> <span class='ocrx_word' id='word_1_645' title='bbox 2577 3575 2679 3630; x_wconf 86' lang='grc' dir='ltr'>ἀπὸ</span> <span class='ocrx_word' id='word_1_646' title='bbox 2710 3585 2844 3631; x_wconf 87' lang='grc' dir='ltr'>Θεοῦ</span> <span class='ocrx_word' id='word_1_647' title='bbox 2883 3579 3072 3649; x_wconf 87' lang='grc' dir='ltr'>μισθὸν</span> <span class='ocrx_word' id='word_1_648' title='bbox 3115 3577 3368 3649; x_wconf 83' lang='grc' dir='ltr'>ἀπόλλεις,</span> <span class='ocrx_word' id='word_1_649' title='bbox 3418 3584 3509 3631; x_wconf 84' lang='grc' dir='ltr'>καὶ</span> <span class='ocrx_word' id='word_1_650' title='bbox 3559 3582 3606 3632; x_wconf 84' lang='grc' dir='ltr'>οἱ</span> <span class='ocrx_word' id='word_1_651' title='bbox 3644 3581 3903 3655; x_wconf 79' lang='grc' dir='ltr'>ἄνθρωποι</span> 
     </span>
    </p>
   </div>
   <div class='ocr_carea' id='block_1_92' title="bbox 2309 3663 3895 3736">
    <p class='ocr_par' dir='ltr' id='par_1_92' title="bbox 2309 3663 3895 3736">
     <span class='ocr_line' id='line_1_92' title="bbox 2309 3663 3895 3736; baseline 0.003 -20"><span class='ocrx_word' id='word_1_652' title='bbox 2309 3670 2730 3736; x_wconf 81' lang='grc' dir='ltr'>καταγνώσονταί</span> <span class='ocrx_word' id='word_1_653' title='bbox 2769 3684 2885 3732; x_wconf 88' lang='grc' dir='ltr'>σου,</span> <span class='ocrx_word' id='word_1_654' title='bbox 2936 3668 3007 3727; x_wconf 80' lang='grc' dir='ltr'>ὡς</span> <span class='ocrx_word' id='word_1_655' title='bbox 3052 3663 3346 3729; x_wconf 79' lang='grc' dir='ltr'>κενόδοξον.</span> <span class='ocrx_word' id='word_1_656' title='bbox 3387 3666 3546 3720; x_wconf 88' lang='grc' dir='ltr'>Ὀταν</span> <span class='ocrx_word' id='word_1_657' title='bbox 3591 3665 3679 3720; x_wconf 84' lang='grc' dir='ltr'>οὖν</span> <span class='ocrx_word' id='word_1_658' title='bbox 3715 3669 3895 3736; x_wconf 74' lang='grc' dir='ltr'>ἔξεστι,</span> 
     </span>
    </p>
   </div>
   <div class='ocr_carea' id='block_1_93' title="bbox 2308 3754 3896 3829">
    <p class='ocr_par' dir='ltr' id='par_1_93' title="bbox 2308 3754 3896 3829">
     <span class='ocr_line' id='line_1_93' title="bbox 2308 3754 3896 3829; baseline 0.003 -25"><span class='ocrx_word' id='word_1_659' title='bbox 2308 3758 2400 3805; x_wconf 84' lang='grc' dir='ltr'>καὶ</span> <span class='ocrx_word' id='word_1_660' title='bbox 2445 3755 2636 3824; x_wconf 85' lang='grc' dir='ltr'>μισθὸν</span> <span class='ocrx_word' id='word_1_661' title='bbox 2673 3762 2774 3805; x_wconf 84' lang='grc' dir='ltr'>τῶν</span> <span class='ocrx_word' id='word_1_662' title='bbox 2813 3756 3230 3826; x_wconf 84' lang='grc' dir='ltr'>κατορθωμάτων</span> <span class='ocrx_word' id='word_1_663' title='bbox 3267 3754 3460 3824; x_wconf 80' lang='grc' dir='ltr'>λαϐεῖν,</span> <span class='ocrx_word' id='word_1_664' title='bbox 3505 3761 3595 3808; x_wconf 81' lang='grc' dir='ltr'>καὶ</span> <span class='ocrx_word' id='word_1_665' title='bbox 3644 3757 3896 3829; x_wconf 78' lang='grc' dir='ltr'>ἀνακηρυ-</span> 
     </span>
    </p>
   </div>
   <div class='ocr_carea' id='block_1_94' title="bbox 2308 3840 3901 3919">
    <p class='ocr_par' dir='ltr' id='par_1_94' title="bbox 2308 3840 3901 3919">
     <span class='ocr_line' id='line_1_94' title="bbox 2308 3840 3901 3919; baseline 0.004 -26"><span class='ocrx_word' id='word_1_666' title='bbox 2308 3842 2510 3913; x_wconf 82' lang='grc' dir='ltr'>χθῆναι</span> <span class='ocrx_word' id='word_1_667' title='bbox 2575 3840 2624 3893; x_wconf 77' lang='grc' dir='ltr'>ἕν</span> <span class='ocrx_word' id='word_1_668' title='bbox 2687 3849 2760 3912; x_wconf 90' lang='grc' dir='ltr'><strong>τῷ</strong></span> <span class='ocrx_word' id='word_1_669' title='bbox 2808 3851 3027 3917; x_wconf 78' lang='grc' dir='ltr'>φανερῷ,</span> <span class='ocrx_word' id='word_1_670' title='bbox 3081 3842 3292 3896; x_wconf 75' lang='grc' dir='ltr'>ἐνώπιον</span> <span class='ocrx_word' id='word_1_671' title='bbox 3356 3847 3634 3913; x_wconf 83' lang='grc' dir='ltr'>τοσούτων,</span> <span class='ocrx_word' id='word_1_672' title='bbox 3694 3845 3901 3919; x_wconf 82' lang='grc' dir='ltr'>ἀναμεῖ-</span> 
     </span>
    </p>
   </div>
   <div class='ocr_carea' id='block_1_95' title="bbox 2308 3931 3906 4006">
    <p class='ocr_par' dir='ltr' id='par_1_95' title="bbox 2308 3931 3906 4006">
     <span class='ocr_line' id='line_1_95' title="bbox 2308 3931 3906 4006; baseline 0.006 -27"><span class='ocrx_word' id='word_1_673' title='bbox 2308 3947 2467 3980; x_wconf 88' lang='grc' dir='ltr'>ναντα</span> <span class='ocrx_word' id='word_1_674' title='bbox 2521 3933 2726 4003; x_wconf 81' lang='grc' dir='ltr'>μικρὸν,</span> <span class='ocrx_word' id='word_1_675' title='bbox 2795 3939 2901 3991; x_wconf 82' lang='grc' dir='ltr'>πῶς</span> <span class='ocrx_word' id='word_1_676' title='bbox 2955 3931 3014 3982; x_wconf 81' lang='grc' dir='ltr'>οὐ</span> <span class='ocrx_word' id='word_1_677' title='bbox 3080 3935 3412 3984; x_wconf 87' lang='grc' dir='ltr'>παντάπασιν</span> <span class='ocrx_word' id='word_1_678' title='bbox 3466 3931 3742 4006; x_wconf 86' lang='grc' dir='ltr'>ἀλόγιστον</span> <span class='ocrx_word' id='word_1_679' title='bbox 3816 3940 3906 3988; x_wconf 78' lang='grc' dir='ltr'>καὶ</span> 
     </span>
    </p>
   </div>
   <div class='ocr_carea' id='block_1_96' title="bbox 2308 4017 3908 4092">
    <p class='ocr_par' dir='ltr' id='par_1_96' title="bbox 2308 4017 3908 4092">
     <span class='ocr_line' id='line_1_96' title="bbox 2308 4017 3908 4092; baseline 0.006 -25"><span class='ocrx_word' id='word_1_680' title='bbox 2308 4020 2501 4090; x_wconf 83' lang='grc' dir='ltr'>μωρὸν,</span> <span class='ocrx_word' id='word_1_681' title='bbox 2577 4017 2878 4092; x_wconf 73' lang='grc' dir='ltr'>ἀμφοτέρων</span> <span class='ocrx_word' id='word_1_682' title='bbox 2933 4022 3129 4072; x_wconf 86' lang='grc' dir='ltr'>τούτων</span> <span class='ocrx_word' id='word_1_683' title='bbox 3187 4019 3436 4092; x_wconf 76' lang='grc' dir='ltr'>ἕκπεσεῖν,</span> <span class='ocrx_word' id='word_1_684' title='bbox 3496 4027 3582 4076; x_wconf 77' lang='grc' dir='ltr'>καὶ</span> <span class='ocrx_word' id='word_1_685' title='bbox 3643 4031 3737 4077; x_wconf 88' lang='grc' dir='ltr'><strong>τοῦ</strong></span> <span class='ocrx_word' id='word_1_686' title='bbox 3790 4025 3908 4078; x_wconf 86' lang='grc' dir='ltr'>θεά-</span> 
     </span>
    </p>
   </div>
   <div class='ocr_carea' id='block_1_97' title="bbox 2308 4104 3581 4186">
    <p class='ocr_par' dir='ltr' id='par_1_97' title="bbox 2308 4104 3581 4186">
     <span class='ocr_line' id='line_1_97' title="bbox 2308 4104 3581 4186; baseline 0.004 -29"><span class='ocrx_word' id='word_1_687' title='bbox 2308 4123 2433 4180; x_wconf 91' lang='grc' dir='ltr'>τρου</span> <span class='ocrx_word' id='word_1_688' title='bbox 2458 4104 2650 4160; x_wconf 76' lang='grc' dir='ltr'>ἐκείνου</span> <span class='ocrx_word' id='word_1_689' title='bbox 2675 4109 2734 4159; x_wconf 87' lang='grc' dir='ltr'>τὸ</span> <span class='ocrx_word' id='word_1_690' title='bbox 2763 4109 2927 4181; x_wconf 85' lang='grc' dir='ltr'>παρὸν</span> <span class='ocrx_word' id='word_1_691' title='bbox 2958 4107 3280 4172; x_wconf 79' lang='grc' dir='ltr'>ἀλλάξασθαι</span> <span class='ocrx_word' id='word_1_692' title='bbox 3328 4111 3537 4186; x_wconf 79' lang='grc' dir='ltr'>θέατρον</span> <span class='ocrx_word' id='word_1_693' title='bbox 3565 4127 3581 4180; x_wconf 89' lang='lat'><strong>;</strong></span> 
     </span>
    </p>
   </div>
   <div class='ocr_carea' id='block_1_98' title="bbox 2378 4298 3905 4382">
    <p class='ocr_par' dir='ltr' id='par_1_98' title="bbox 2378 4298 3905 4382">
     <span class='ocr_line' id='line_1_98' title="bbox 2378 4298 3905 4382; baseline 0.004 -26"><span class='ocrx_word' id='word_1_694' title='bbox 2378 4303 2471 4360; x_wconf 77' lang='grc' dir='ltr'><strong>Εἶη</strong></span> <span class='ocrx_word' id='word_1_695' title='bbox 2520 4298 2568 4354; x_wconf 89' lang='grc' dir='ltr'>δ’</span> <span class='ocrx_word' id='word_1_696' title='bbox 2596 4301 2656 4354; x_wconf 87' lang='grc' dir='ltr'>ἆν</span> <span class='ocrx_word' id='word_1_697' title='bbox 2699 4304 2834 4356; x_wconf 87' lang='grc' dir='ltr'><strong>κατά</strong></span> <span class='ocrx_word' id='word_1_698' title='bbox 2883 4305 2968 4355; x_wconf 88' lang='grc' dir='ltr'>τὸν</span> <span class='ocrx_word' id='word_1_699' title='bbox 3018 4312 3109 4365; x_wconf 84' lang='grc' dir='ltr'>τῆς</span> <span class='ocrx_word' id='word_1_700' title='bbox 3150 4304 3423 4379; x_wconf 78' lang='grc' dir='ltr'>ἀναγωγῆς</span> <span class='ocrx_word' id='word_1_701' title='bbox 3471 4306 3620 4379; x_wconf 87' lang='grc' dir='ltr'>λόγον</span> <span class='ocrx_word' id='word_1_702' title='bbox 3671 4315 3905 4382; x_wconf 81' lang='grc' dir='ltr'>ταμιεῖον</span> 
     </span>
    </p>
   </div>
   <div class='ocr_carea' id='block_1_99' title="bbox 2306 4392 3901 4470">
    <p class='ocr_par' dir='ltr' id='par_1_99' title="bbox 2306 4392 3901 4470">
     <span class='ocr_line' id='line_1_99' title="bbox 2306 4392 3901 4470; baseline 0.004 -27"><span class='ocrx_word' id='word_1_703' title='bbox 2306 4393 2396 4462; x_wconf 68' lang='grc' dir='ltr'>μὲν</span> <span class='ocrx_word' id='word_1_704' title='bbox 2453 4393 2480 4443; x_wconf 88' lang='grc' dir='ltr'><strong>ό</strong></span> <span class='ocrx_word' id='word_1_705' title='bbox 2536 4398 2675 4458; x_wconf 89' lang='grc' dir='ltr'>νοῦς,</span> <span class='ocrx_word' id='word_1_706' title='bbox 2732 4395 2791 4444; x_wconf 87' lang='grc' dir='ltr'><strong>τό</strong></span> <span class='ocrx_word' id='word_1_707' title='bbox 2843 4392 3116 4446; x_wconf 85' lang='grc' dir='ltr'>κάλλιστον</span> <span class='ocrx_word' id='word_1_708' title='bbox 3177 4397 3374 4468; x_wconf 77' lang='grc' dir='ltr'>οἴκημα</span> <span class='ocrx_word' id='word_1_709' title='bbox 3426 4403 3526 4448; x_wconf 86' lang='grc' dir='ltr'>τῶν</span> <span class='ocrx_word' id='word_1_710' title='bbox 3585 4399 3856 4470; x_wconf 82' lang='grc' dir='ltr'>νοημάτων</span> <span class='ocrx_word' id='word_1_711' title='bbox 3883 4413 3901 4431; x_wconf 78' lang='grc' dir='ltr'><strong>ο</strong></span> 
     </span>
    </p>
   </div>
   <div class='ocr_carea' id='block_1_100' title="bbox 2309 4476 3907 4557">
    <p class='ocr_par' dir='ltr' id='par_1_100' title="bbox 2309 4476 3907 4557">
     <span class='ocr_line' id='line_1_100' title="bbox 2309 4476 3907 4557; baseline 0.006 -27"><span class='ocrx_word' id='word_1_712' title='bbox 2309 4479 2460 4550; x_wconf 83' lang='grc' dir='ltr'>θύραι</span> <span class='ocrx_word' id='word_1_713' title='bbox 2513 4476 2592 4546; x_wconf 75' lang='grc' dir='ltr'><strong>δε,</strong></span> <span class='ocrx_word' id='word_1_714' title='bbox 2645 4482 2712 4532; x_wconf 80' lang='grc' dir='ltr'>τὰ</span> <span class='ocrx_word' id='word_1_715' title='bbox 2764 4481 3106 4556; x_wconf 81' lang='grc' dir='ltr'>αἰσθητήρια,</span> <span class='ocrx_word' id='word_1_716' title='bbox 3163 4481 3439 4557; x_wconf 77' lang='grc' dir='ltr'>ὀφθαλμοὶ,</span> <span class='ocrx_word' id='word_1_717' title='bbox 3492 4487 3644 4553; x_wconf 75' lang='grc' dir='ltr'>ἀκοὴ,</span> <span class='ocrx_word' id='word_1_718' title='bbox 3695 4492 3784 4539; x_wconf 78' lang='grc' dir='ltr'>καὶ</span> <span class='ocrx_word' id='word_1_719' title='bbox 3839 4488 3907 4540; x_wconf 81' lang='grc' dir='ltr'><strong>τὰ</strong></span> 
     </span>
    </p>
   </div>
   <div class='ocr_carea' id='block_1_101' title="bbox 2305 4564 3904 4649">
    <p class='ocr_par' dir='ltr' id='par_1_101' title="bbox 2305 4564 3904 4649">
     <span class='ocr_line' id='line_1_101' title="bbox 2305 4564 3904 4649; baseline 0.008 -32"><span class='ocrx_word' id='word_1_720' title='bbox 2305 4565 2479 4634; x_wconf 80' lang='grc' dir='ltr'>λοιπὰ,</span> <span class='ocrx_word' id='word_1_721' title='bbox 2522 4564 2594 4619; x_wconf 89' lang='grc' dir='ltr'><strong>δι’</strong></span> <span class='ocrx_word' id='word_1_722' title='bbox 2649 4569 2716 4619; x_wconf 86' lang='grc' dir='ltr'>ὧν</span> <span class='ocrx_word' id='word_1_723' title='bbox 2747 4569 3108 4644; x_wconf 85' lang='grc' dir='ltr'>εἰσερχόμενος</span> <span class='ocrx_word' id='word_1_724' title='bbox 3139 4573 3165 4624; x_wconf 92' lang='grc' dir='ltr'><strong>ό</strong></span> <span class='ocrx_word' id='word_1_725' title='bbox 3196 4577 3421 4649; x_wconf 86' lang='grc' dir='ltr'>πονηρός</span> <span class='ocrx_word' id='word_1_726' title='bbox 3471 4573 3720 4648; x_wconf 88' lang='grc' dir='ltr'>λογισμὸς</span> <span class='ocrx_word' id='word_1_727' title='bbox 3770 4575 3904 4647; x_wconf 79' lang='grc' dir='ltr'>συλᾷ</span> 
     </span>
    </p>
   </div>
   <div class='ocr_carea' id='block_1_102' title="bbox 2308 4655 2992 4732">
    <p class='ocr_par' dir='ltr' id='par_1_102' title="bbox 2308 4655 2992 4732">
     <span class='ocr_line' id='line_1_102' title="bbox 2308 4655 2992 4732; baseline 0.01 -26"><span class='ocrx_word' id='word_1_728' title='bbox 2308 4658 2390 4708; x_wconf 80' lang='grc' dir='ltr'><strong>τόν</strong></span> <span class='ocrx_word' id='word_1_729' title='bbox 2417 4655 2636 4709; x_wconf 85' lang='grc' dir='ltr'>πλοῦτον</span> <span class='ocrx_word' id='word_1_730' title='bbox 2664 4665 2759 4720; x_wconf 79' lang='grc' dir='ltr'>τῆς</span> <span class='ocrx_word' id='word_1_731' title='bbox 2791 4657 2992 4732; x_wconf 77' lang='grc' dir='ltr'>ἀρετῆς.</span> 
     </span>
    </p>
   </div>
   <div class='ocr_carea' id='block_1_103' title="bbox 2375 4742 3895 4825">
    <p class='ocr_par' dir='ltr' id='par_1_103' title="bbox 2375 4742 3895 4825">
     <span class='ocr_line' id='line_1_103' title="bbox 2375 4742 3895 4825; baseline 0.006 -28"><span class='ocrx_word' id='word_1_732' title='bbox 2375 4750 2438 4798; x_wconf 85' lang='grc' dir='ltr'><strong>Τί</strong></span> <span class='ocrx_word' id='word_1_733' title='bbox 2489 4742 2694 4813; x_wconf 76' lang='grc' dir='ltr'>οὖνςέν</span> <span class='ocrx_word' id='word_1_734' title='bbox 2741 4745 2993 4820; x_wconf 74' lang='grc' dir='ltr'>ἐκκλησίᾳ</span> <span class='ocrx_word' id='word_1_735' title='bbox 3040 4749 3098 4802; x_wconf 76' lang='grc' dir='ltr'>οὐ</span> <span class='ocrx_word' id='word_1_736' title='bbox 3134 4747 3238 4802; x_wconf 76' lang='grc' dir='ltr'>’δεῖ</span> <span class='ocrx_word' id='word_1_737' title='bbox 3289 4753 3725 4825; x_wconf 77' lang='grc' dir='ltr'>προσεύχεσθαι;</span> <span class='ocrx_word' id='word_1_738' title='bbox 3775 4757 3895 4825; x_wconf 78' lang='grc' dir='ltr'>Σφό.</span> 
     </span>
    </p>
   </div>
   <div class='ocr_carea' id='block_1_104' title="bbox 2306 4829 3894 4914">
    <p class='ocr_par' dir='ltr' id='par_1_104' title="bbox 2306 4829 3894 4914">
     <span class='ocr_line' id='line_1_104' title="bbox 2306 4829 3894 4914; baseline 0.007 -30"><span class='ocrx_word' id='word_1_739' title='bbox 2306 4829 2410 4908; x_wconf 85' lang='grc' dir='ltr'><strong>δρα</strong></span> <span class='ocrx_word' id='word_1_740' title='bbox 2456 4839 2584 4906; x_wconf 76' lang='grc' dir='ltr'>μέν’</span> <span class='ocrx_word' id='word_1_741' title='bbox 2641 4834 2770 4888; x_wconf 85' lang='grc' dir='ltr'><strong>ἀλλά</strong></span> <span class='ocrx_word' id='word_1_742' title='bbox 2828 4841 2924 4910; x_wconf 83' lang='grc' dir='ltr'>μὴ,</span> <span class='ocrx_word' id='word_1_743' title='bbox 2985 4839 3124 4900; x_wconf 85' lang='grc' dir='ltr'>ὅπως</span> <span class='ocrx_word' id='word_1_744' title='bbox 3177 4847 3340 4912; x_wconf 75' lang='grc' dir='ltr'>φανῇς</span> <span class='ocrx_word' id='word_1_745' title='bbox 3391 4848 3499 4901; x_wconf 85' lang='grc' dir='ltr'>τοῖς</span> <span class='ocrx_word' id='word_1_746' title='bbox 3570 4839 3894 4914; x_wconf 77' lang='grc' dir='ltr'>ἀνθρώποις·</span> 
     </span>
    </p>
   </div>
   <div class='ocr_carea' id='block_1_105' title="bbox 2301 4922 3901 5004">
    <p class='ocr_par' dir='ltr' id='par_1_105' title="bbox 2301 4922 3901 5004">
     <span class='ocr_line' id='line_1_105' title="bbox 2301 4922 3901 5004; baseline 0.006 -30"><span class='ocrx_word' id='word_1_747' title='bbox 2301 4931 2454 4975; x_wconf 86' lang='grc' dir='ltr'>τοῦτο</span> <span class='ocrx_word' id='word_1_748' title='bbox 2510 4922 2608 4996; x_wconf 79' lang='grc' dir='ltr'><strong>γὰρ</strong></span> <span class='ocrx_word' id='word_1_749' title='bbox 2667 4933 2766 4978; x_wconf 87' lang='grc' dir='ltr'>τῶν</span> <span class='ocrx_word' id='word_1_750' title='bbox 2828 4927 3118 5002; x_wconf 78' lang='grc' dir='ltr'>ὑποκριτῶν</span> <span class='ocrx_word' id='word_1_751' title='bbox 3167 4933 3544 5004; x_wconf 84' lang='grc' dir='ltr'>κατηγόρησεν·</span> <span class='ocrx_word' id='word_1_752' title='bbox 3602 4929 3708 4982; x_wconf 86' lang='grc' dir='ltr'>ἀλλ’</span> <span class='ocrx_word' id='word_1_753' title='bbox 3762 4933 3901 4994; x_wconf 81' lang='grc' dir='ltr'>ὅπως</span> 
     </span>
    </p>
   </div>
   <div class='ocr_carea' id='block_1_106' title="bbox 2273 5009 3901 5093">
    <p class='ocr_par' dir='ltr' id='par_1_106' title="bbox 2273 5009 3901 5093">
     <span class='ocr_line' id='line_1_106' title="bbox 2273 5009 3901 5093; baseline 0.005 -30"><span class='ocrx_word' id='word_1_754' title='bbox 2273 5009 2446 5074; x_wconf 84' lang='grc' dir='ltr'><strong>¹ἵλεων</strong></span> <span class='ocrx_word' id='word_1_755' title='bbox 2505 5021 2706 5085; x_wconf 85' lang='grc' dir='ltr'>σεαυτῷ</span> <span class='ocrx_word' id='word_1_756' title='bbox 2756 5017 2844 5067; x_wconf 89' lang='grc' dir='ltr'>τὸν</span> <span class='ocrx_word' id='word_1_757' title='bbox 2876 5019 3003 5068; x_wconf 85' lang='grc' dir='ltr'>Θεὸν</span> <span class='ocrx_word' id='word_1_758' title='bbox 3055 5009 3305 5092; x_wconf 73' lang='grc' dir='ltr'>ποιήσῃςῖ</span> <span class='ocrx_word' id='word_1_759' title='bbox 3364 5011 3521 5071; x_wconf 78' lang='grc' dir='ltr'>’Ἐστι</span> <span class='ocrx_word' id='word_1_760' title='bbox 3566 5013 3664 5093; x_wconf 73' lang='grc' dir='ltr'><strong>γὰρ</strong></span> <span class='ocrx_word' id='word_1_761' title='bbox 3710 5023 3800 5071; x_wconf 84' lang='grc' dir='ltr'>καὶ</span> <span class='ocrx_word' id='word_1_762' title='bbox 3852 5017 3901 5071; x_wconf 75' lang='grc' dir='ltr'>ἕν</span> 
     </span>
    </p>
   </div>
   <div class='ocr_carea' id='block_1_107' title="bbox 2301 5100 3898 5183">
    <p class='ocr_par' dir='ltr' id='par_1_107' title="bbox 2301 5100 3898 5183">
     <span class='ocr_line' id='line_1_107' title="bbox 2301 5100 3898 5183; baseline 0.003 -30"><span class='ocrx_word' id='word_1_763' title='bbox 2301 5103 2444 5175; x_wconf 83' lang='grc' dir='ltr'>μέσῳ</span> <span class='ocrx_word' id='word_1_764' title='bbox 2497 5100 2696 5155; x_wconf 78' lang='grc' dir='ltr'>πολλῶν</span> <span class='ocrx_word' id='word_1_765' title='bbox 2760 5108 3180 5179; x_wconf 87' lang='grc' dir='ltr'>προσευχόμενόν</span> <span class='ocrx_word' id='word_1_766' title='bbox 3235 5125 3370 5180; x_wconf 89' lang='grc' dir='ltr'>τινα,</span> <span class='ocrx_word' id='word_1_767' title='bbox 3431 5111 3502 5180; x_wconf 76' lang='grc' dir='ltr'>μὴ</span> <span class='ocrx_word' id='word_1_768' title='bbox 3561 5105 3898 5183; x_wconf 78' lang='grc' dir='ltr'>ἁμαρτάνειν,</span> 
     </span>
    </p>
   </div>
   <div class='ocr_carea' id='block_1_108' title="bbox 1748 5331 2678 5411">
    <p class='ocr_par' dir='ltr' id='par_1_108' title="bbox 1748 5331 2678 5411">
     <span class='ocr_line' id='line_1_108' title="bbox 1748 5331 2678 5411; baseline 0.008 -7"><span class='ocrx_word' id='word_1_769' title='bbox 1748 5331 1972 5404; x_wconf 77' lang='lat' dir='ltr'><strong>Variae</strong></span> <span class='ocrx_word' id='word_1_770' title='bbox 2018 5334 2348 5408; x_wconf 89' lang='lat' dir='ltr'><strong>lectiones</strong></span> <span class='ocrx_word' id='word_1_771' title='bbox 2378 5349 2445 5408; x_wconf 88' lang='lat' dir='ltr'><strong>et</strong></span> <span class='ocrx_word' id='word_1_772' title='bbox 2471 5349 2678 5411; x_wconf 64' lang='lat' dir='ltr'><strong>notae.</strong></span> 
     </span>
    </p>
   </div>
   <div class='ocr_carea' id='block_1_109' title="bbox 607 5465 2196 5542">
    <p class='ocr_par' dir='ltr' id='par_1_109' title="bbox 607 5465 2196 5542">
     <span class='ocr_line' id='line_1_109' title="bbox 607 5465 2196 5542; baseline 0.008 -18"><span class='ocrx_word' id='word_1_773' title='bbox 607 5465 716 5542; x_wconf 89' lang='lat'><strong>(96)</strong></span> <span class='ocrx_word' id='word_1_774' title='bbox 737 5467 976 5528; x_wconf 86' lang='lat' dir='ltr'><strong>Inclusa</strong></span> <span class='ocrx_word' id='word_1_775' title='bbox 1020 5467 1082 5527; x_wconf 92' lang='lat' dir='ltr'><strong>in</strong></span> <span class='ocrx_word' id='word_1_776' title='bbox 1137 5465 1411 5539; x_wconf 86' lang='lat' dir='ltr'><strong>margine</strong></span> <span class='ocrx_word' id='word_1_777' title='bbox 1463 5468 1645 5528; x_wconf 86' lang='lat' dir='ltr'><strong>habet</strong></span> <span class='ocrx_word' id='word_1_778' title='bbox 1694 5475 1760 5530; x_wconf 83' lang='lat' dir='ltr'><strong>A.</strong></span> <span class='ocrx_word' id='word_1_779' title='bbox 1817 5472 2067 5534; x_wconf 86' lang='lat' dir='ltr'><strong>Carebat</strong></span> <span class='ocrx_word' id='word_1_780' title='bbox 2124 5479 2196 5536; x_wconf 85' lang='lat' dir='ltr'><strong>iis</strong></span> 
     </span>
    </p>
   </div>
   <div class='ocr_carea' id='block_1_110' title="bbox 537 5540 879 5602">
    <p class='ocr_par' dir='ltr' id='par_1_110' title="bbox 537 5540 879 5602">
     <span class='ocr_line' id='line_1_110' title="bbox 537 5540 879 5602; baseline 0.003 -2"><span class='ocrx_word' id='word_1_781' title='bbox 537 5540 879 5602; x_wconf 34' lang='lat' dir='ltr'><strong>He’ntenius.</strong></span> 
     </span>
    </p>
   </div>
   <div class='ocr_carea' id='block_1_111' title="bbox 609 5611 2198 5694">
    <p class='ocr_par' dir='ltr' id='par_1_111' title="bbox 609 5611 2198 5694">
     <span class='ocr_line' id='line_1_111' title="bbox 609 5611 2198 5694; baseline 0.006 -24"><span class='ocrx_word' id='word_1_782' title='bbox 609 5613 721 5690; x_wconf 85' lang='lat'><strong>(97)</strong></span> <span class='ocrx_word' id='word_1_783' title='bbox 751 5615 888 5673; x_wconf 77' lang='lat' dir='ltr'><strong>Haec</strong></span> <span class='ocrx_word' id='word_1_784' title='bbox 911 5629 1035 5671; x_wconf 92' lang='lat' dir='ltr'><strong>non</strong></span> <span class='ocrx_word' id='word_1_785' title='bbox 1057 5616 1216 5670; x_wconf 90' lang='lat' dir='ltr'><strong>recte</strong></span> <span class='ocrx_word' id='word_1_786' title='bbox 1243 5611 1560 5672; x_wconf 79' lang='lat' dir='ltr'><strong>cohaerent.</strong></span> <span class='ocrx_word' id='word_1_787' title='bbox 1581 5615 1894 5692; x_wconf 88' lang='lat' dir='ltr'><strong>lnterpono</strong></span> <span class='ocrx_word' id='word_1_788' title='bbox 1918 5627 2016 5694; x_wconf 79' lang='grc' dir='ltr'><strong>τῷ,</strong></span> <span class='ocrx_word' id='word_1_789' title='bbox 2029 5621 2198 5694; x_wconf 82' lang='lat' dir='ltr'><strong>quod</strong></span> 
     </span>
    </p>
   </div>
   <div class='ocr_carea' id='block_1_112' title="bbox 2303 5480 2908 5570">
    <p class='ocr_par' dir='ltr' id='par_1_112' title="bbox 2303 5480 2908 5570">
     <span class='ocr_line' id='line_1_112' title="bbox 2303 5480 2908 5570; baseline 0.002 -32"><span class='ocrx_word' id='word_1_790' title='bbox 2303 5480 2481 5570; x_wconf 49' lang='lat' dir='ltr'><strong>facile</strong></span> <span class='ocrx_word' id='word_1_791' title='bbox 2505 5482 2806 5570; x_wconf 60' lang='lat' dir='ltr'><strong>absorpsit</strong></span> <span class='ocrx_word' id='word_1_792' title='bbox 2825 5487 2908 5570; x_wconf 57' lang='lat' dir='ltr'><strong>rei.</strong></span> 
     </span>
    </p>
   </div>
   <div class='ocr_carea' id='block_1_113' title="bbox 2299 5553 3895 5633">
    <p class='ocr_par' dir='ltr' id='par_1_113' title="bbox 2299 5553 3895 5633">
     <span class='ocr_line' id='line_1_113' title="bbox 2299 5553 3895 5633; baseline 0.01 -25"><span class='ocrx_word' id='word_1_793' title='bbox 2299 5585 2310 5588; x_wconf 92' lang='lat'><strong>—</strong></span> <span class='ocrx_word' id='word_1_794' title='bbox 2370 5553 2486 5626; x_wconf 85' lang='lat'><strong>(98)</strong></span> <span class='ocrx_word' id='word_1_795' title='bbox 2527 5554 2618 5612; x_wconf 84' lang='lat' dir='ltr'><strong>Ab</strong></span> <span class='ocrx_word' id='word_1_796' title='bbox 2659 5553 2724 5618; x_wconf 80' lang='grc' dir='ltr'><strong>οἷς</strong></span> <span class='ocrx_word' id='word_1_797' title='bbox 2766 5556 2846 5613; x_wconf 90' lang='lat' dir='ltr'><strong>ad</strong></span> <span class='ocrx_word' id='word_1_798' title='bbox 2892 5557 3181 5633; x_wconf 77' lang='grc' dir='ltr'>ὑπαίθρους</span> <span class='ocrx_word' id='word_1_799' title='bbox 3225 5559 3509 5618; x_wconf 85' lang='lat' dir='ltr'><strong>omiserat</strong></span> <span class='ocrx_word' id='word_1_800' title='bbox 3553 5562 3895 5625; x_wconf 85' lang='lat' dir='ltr'><strong>Hentenius.</strong></span> 
     </span>
    </p>
   </div>
  </div>
