4170 6504
207 422 319 479 233

221 546 378 622 [ὅταν
424 546 535 620 (99)
579 550 652 620 μὴ
710 547 839 619 πρὸς
888 539 1137 606 ἐπίδειξιν
1194 544 1581 616 προσεύχηται·
1635 544 1725 593 καὶ
1772 542 1821 592 ἓν
1852 540 1901 595 Α

223 642 447 710 ταμιείῳ
515 637 852 708 κεκλασμένῳ
911 637 1354 707 προσευχόμενον,
1422 631 1751 705 ἁμαρτάνειν,

227 725 353 779 ὅταν
409 726 691 778 τούναντίον
750 731 896 796 ποιῇ.
957 728 1241 793 Πανταχοῦ
1294 723 1395 793 γὰρ
1454 722 1480 773 ό
1529 723 1660 780 Θεὸς
1738 721 1824 771 τὸν

233 819 429 867 σκοπόν
480 813 702 877 ἐξετάζει
755 820 846 864 τοῦ
896 813 1192 883 γινομένου.
1260 809 1569 883 ’Υποκριτὰς
1624 805 1682 861 δε
1733 811 1823 859 καὶ

230 906 442 966 τούτους
492 902 751 970 ἐκάλεσεν,
813 903 878 961 ὡς
932 907 1124 972 σχῆμα
1324 900 1544 971 ἔχοντας
1601 916 1827 970 προσευ-

227 997 476 1065 χομένου,
503 996 713 1064 γνώμην
746 986 804 1042 δέ
835 985 1168 1061 δοξομανοῦς.

299 1172 731 1243 Προσευχόμενοι
793 1196 863 1207 -
928 1164 1139 1219 ἐθνικοί.
1211 1162 1553 1235 Βαττολογίαν
1610 1164 1698 1234 μεν
1753 1161 1829 1214 λέ-

222 1278 331 1331 γει,
372 1261 465 1316 τὴν
519 1261 639 1331 περὶ
706 1262 805 1307 τῶν
869 1260 940 1327 μὴ
999 1258 1368 1328 προσηκόντων
1430 1255 1660 1321 α’ίτησιν,
1720 1246 1825 1303 οἷον

228 1351 355 1418 περὶ
400 1345 644 1410 πλούτου,
707 1350 826 1419 περὶ
907 1340 1088 1412 δόξης,
1158 1347 1275 1418 περὶ
1354 1338 1685 1407 δυναστείας,
1738 1344 1827 1392 καὶ

237 1441 341 1484 τῶν
380 1435 642 1498 τοιούτων,
698 1434 798 1485 ὅσα
838 1436 956 1485 οὔτε
999 1431 1186 1504 ψυχὴν
1225 1429 1525 1504 ὠφελοῦσιν,
1576 1428 1690 1482 οὒτε
1731 1434 1830 1481 σώ⁴

237 1540 372 1594 ματι
438 1524 560 1596 πρὸς
616 1524 869 1574 σύστασίν
925 1524 1056 1574 εἰσιν
1111 1520 1389 1592 ἀναγκαῖα.
1455 1518 1714 1581 Ἐθνικοὺς
1772 1513 1832 1570 δέ

238 1629 393 1683 φησι,
451 1614 569 1671 τοὺς
615 1608 882 1670 ἀπίστους.
933 1609 1070 1663 Ἐπεὶ
1135 1605 1195 1663 δε
1244 1609 1389 1661 οὗτοι
1449 1607 1508 1660 ού
1560 1611 1712 1679 μόνον
1752 1606 1832 1659 αἰ-

235 1705 411 1767 τοῦσι,
452 1703 573 1772 περὶ
612 1706 713 1751 τῶν
758 1703 830 1771 μὴ
865 1702 1251 1773 προσηκόντων,
1299 1696 1428 1750 ἀλλὰ
1473 1700 1581 1763 καὶ,
1626 1697 1832 1769 μακρὰς

235 1790 538 1861 ποιούμενοι
592 1789 683 1848 τὰς
731 1786 815 1840 ἐπὶ
863 1794 970 1849 τοῖς
1016 1788 1271 1847 τοιούτοις
1315 1785 1573 1853 αἰτήσεις,
1611 1780 1832 1838 δοκοῦσι

235 1877 450 1945 πείθειν,
503 1874 551 1927 ἰν
589 1883 662 1945 τῷ
718 1875 1078 1949 μακρολογεῖν,
1119 1871 1384 1928 διαϐάλλει
1439 1877 1534 1932 τὴν
1585 1874 1833 1932 τοιαύτην
1868 1888 1914 1945 Β

235 1963 409 2017 αὐτῶν
439 1963 704 2035 ὑπόληψιν
733 1964 973 2037 εἰρηκώς.

311 2146 534 2195 Δοκοῦσι
585 2171 652 2182 -
716 2139 1238 2197 εἰσακουσθήσονται.
1308 2143 1530 2191 Δοκοῦσι
1580 2140 1690 2211 μεν,
1743 2138 1838 2191 οὐκ

243 2229 410 2303 ὀρθῶς
441 2226 526 2284 δέ.

314 2321 400 2376 Μὴ
428 2312 515 2369 οὖν
546 2346 614 2357 -
652 2315 872 2376 αἰτῆσαι
900 2315 1078 2370 αὐτόν.
1110 2311 1259 2378 Οἵδε,
1290 2318 1437 2368 τίνων
1467 2318 1716 2390 χρῄζετε,
1749 2319 1838 2369 καὶ

238 2408 343 2480 πρὸ
390 2412 482 2457 τοῦ
533 2404 750 2463 αἰτῆσαι
799 2404 955 2457 αὐτόν
1010 2402 1137 2467 ὅλως
1190 2408 1309 2477 περί
1364 2422 1522 2466 τινος.
1580 2407 1681 2457 Καὶ
1726 2402 1838 2456 λοι-

237 2496 360 2564 πὸν,
410 2493 469 2546 οὐ
515 2497 626 2567 χρὴ
670 2492 829 2546 αἰτεῖν
871 2494 940 2545 τὰ
984 2496 1055 2566 μὴ
1091 2488 1355 2567 χρειώδη,
1397 2488 1527 2564 μηδ’
1558 2489 1837 2563 ἀναγκαῖα,

239 2583 418 2643 καθὼς
474 2580 770 2655 εἰρήκαμεν,
808 2581 931 2655 ὅπερ
988 2578 1099 2633 εστὶ
1152 2577 1495 2653 βαττολοοιία.
1563 2578 1705 2633 Ἐπεὶ
1751 2584 1841 2632 καὶ

242 2673 414 2743 πατὴρ
466 2665 805 2744 δυσχεραίνει
858 2670 995 2722 κατὰ
1049 2663 1255 2722 παίδων
1311 2666 1590 2721 αἰτούντων
1637 2669 1705 2720 τὰ
1766 2672 1838 2741 μὴ

285 2762 604 2831 ροσήκοντα.
655 2762 753 2811 Καὶ
792 2757 837 2810 εἰ
878 2753 1039 2826 οἶδεν,
1084 2756 1153 2808 ὧν
1186 2756 1478 2829 χρῄζομεν,
1518 2753 1667 2809 διατί
1714 2756 1841 2818 ὅλως

248 2849 369 2917 περὶ
422 2847 614 2898 τούτων
660 2846 900 2919 αἰτοῦμεν
943 2845 1137 2911 aii-rev;
1195 2845 1402 2906 Πάντως
1456 2844 1563 2916 οὐχ
1618 2845 1701 2897 ἵνα
1752 2841 1841 2898 δι-

255 2929 510 3005 δάξωμεν,
562 2933 666 2986 ἀλλ’
720 2943 803 2988 ἰνα
854 2930 1123 3006 δείξωμεν,
1174 2934 1255 2986 ὅτι
1311 2932 1468 2985 αὐτόν
1515 2935 1702 3006 ἔχομεν
1751 2937 1841 2986 καὶ

256 3025 443 3094 τροφέα
496 3027 586 3075 καὶ
639 3027 921 3089 Δεσπότην,
990 3028 1082 3076 καὶ
1148 3023 1248 3089 ἵνα,
1316 3020 1630 3094 ἀναρτῶντες
1684 3024 1842 3094 μόνου

258 3107 416 3162 αὐτοῦ
451 3114 545 3169 τὴν
592 3108 780 3164 ἐλπίδα
813 3118 905 3171 τῆς
949 3115 1196 3185 προνοίας
1230 3113 1319 3163 καὶ
1368 3114 1631 3184 σωτηρίας
1674 3110 1841 3183 ἡμῶν,

258 3196 656 3272 ίπικάμπτωμεν
685 3199 1071 3275 εὐχερέστερον.

322 3287 412 3349 Ὠς
448 3290 538 3359 μὲν
574 3290 676 3359 γὰρ
728 3292 921 3362 πατὴρ,
972 3292 1063 3339 καὶ
1106 3283 1245 3340 οἶδεν
1294 3287 1361 3338 ὧν
1413 3286 1703 3360 χρηζομεν,
1755 3290 1846 3340 καὶ

262 3376 463 3447 ἕτοιμός
514 3374 628 3426 ἐστι
670 3378 921 3447 παρέχειν
974 3376 1042 3427 τὰ
1094 3371 1354 3447 χρειώδη·
1411 3375 1559 3436 ζητεί
1595 3371 1653 3428 δὲ
1710 3379 1848 3448 ὅμως

264 3467 352 3514 καὶ
396 3465 489 3519 τὴν
517 3460 636 3537 παρ’
673 3459 819 3534 ἡμῶν
850 3464 1079 3529 αῖτησιν,
1113 3460 1205 3515 διὰ
1253 3465 1346 3526 τὰς
1395 3459 1717 3524 δηλωθεὶσας
1768 3462 1846 3515 αἰ-

265 3553 404 3612 τίας.
454 3556 632 3602 Ταῦτα
676 3545 919 3617 διδάξας,
964 3546 1305 3626 παραδίδωσι
1344 3556 1433 3605 καὶ
1463 3554 1619 3605 τύπον
1658 3551 1843 3624 εὐχῆς,

262 3637 366 3709 οὐχ
425 3639 509 3690 ἵνα
560 3641 753 3697 ταύτην
802 3642 961 3711 μόνην
1010 3643 1102 3698 τὴν
1162 3639 1325 3713 εύχην
1388 3640 1682 3712 εὐχώμεθα,
1741 3638 1849 3693 ἀλλ’

262 3727 361 3793 ἵνα,
390 3729 583 3785 ταύτην
612 3729 818 3799 ἔχοντες
846 3732 1019 3800 πηγὴν
1050 3728 1211 3801 εύχῆς
1239 3727 1294 3781 ἐκ
1323 3731 1513 3789 ταύτης
1542 3726 1851 3803 ἀῤῥυώμεθα

258 3817 349 3877 τὰς
374 3815 567 3876 ἐννοίας
595 3812 694 3867 τῶν
720 3815 911 3888 εὐχῶν.

1883 3231 1925 3289 C

332 3990 511 4054 Οὕτως
549 4021 615 4032 -
645 3993 811 4065 ὑμεῖς.
844 3998 964 4054 Πῶς
981 4010 1000 4065 ;

332 4081 499 4154 Πάτερ
569 4110 639 4120 -
707 4080 963 4155 οὐρανοῖς.
1028 4080 1284 4140 Ἑκάστην
1347 4079 1480 4145 λέξιν
1535 4081 1847 4145 ἑξεταστίον.

258 4167 462 4222 Κελεύει
508 4170 610 4242 γὰρ
661 4168 845 4240 λέγειν,
890 4172 970 4237 τὸ,
1021 4172 1187 4245 Πάτερ
1242 4172 1354 4243 μεν,
1400 4171 1483 4223 ἵνα
1531 4170 1606 4243 (l)
1658 4190 1849 4244 μιμνη-

260 4258 505 4329 σκώμεθα
568 4265 663 4319 τῆς
722 4256 912 4310 ἄνωθεν
987 4257 1259 4330 εὐγενείας,
1328 4262 1419 4313 καὶ
1483 4259 1592 4320 οἵας
1652 4256 1852 4336 δωρεᾶς

258 4345 572 4417 ἠξιώθημεν,
627 4344 1004 4407 υἰοθετηθίντες
1054 4355 1128 4418 τῷ
1182 4354 1318 4418 Θεῷ,
1374 4352 1464 4400 καὶ
1536 4348 1619 4400 ἶνα
1669 4346 1732 4411 ἁξ
1782 4368 1851 4409 ως

258 4436 461 4507 Πατρός
515 4435 748 4485 τοίούτου
807 4436 1209 4506 πολιτευώμεθα·
1270 4436 1296 4487 ό
1351 4438 1453 4507 γὰρ
1515 4434 1714 4508 φαύλως
1761 4440 1852 4509 μεν

260 4520 416 4596 βιῶν,
469 4524 675 4594 Πατέρα
726 4517 783 4573 δε
835 4520 1020 4575 ἐαύτοῦ
1070 4525 1158 4575 τόν
1194 4526 1322 4577 Θεὸν
1357 4521 1644 4595 ὀνομάζων,
1696 4544 1855 4577 κατα-

192 4663 195 4666 ,
256 4605 514 4680 ψεύδεται
567 4614 657 4661 καὶ
711 4616 802 4662 τοῦ
859 4617 992 4664 Θεοῦ
1048 4615 1139 4663 καὶ
1194 4609 1397 4666 ἑαυτοῦ.
1456 4614 1526 4665 Τὸ
1566 4611 1625 4665 δε
1660 4610 1849 4685 Ἠμῶν,

255 4696 349 4750 ’ἰνα
409 4701 762 4770 ⁶γινώσκωμεν,
831 4699 911 4751 ὅτι
971 4696 1183 4771 ἀδελφοὶ
1266 4697 1494 4758 ἀλλήλων
1559 4703 1608 4753 οἱ
1670 4708 1855 4755 πιστοὶ

259 4787 447 4846 πάντες
483 4789 655 4859 ὶσμεν,
701 4794 883 4848 κοινῶς
931 4788 1311 4850 υίοθετηθέντες
1343 4795 1415 4860 τῷ
1459 4787 1529 4841 ἐνὶ
1574 4794 1664 4842 καὶ
1713 4795 1853 4863 μόνῳ

265 4881 401 4945 Θεῷ..
441 4878 530 4926 καὶ
582 4874 666 4926 ἶνα
714 4882 863 4928 τοῦτο
911 4884 1148 4947 πνιχῶς
1194 4875 1576 4949 ὁμολογοῦντες,
1634 4883 1706 4951 μὴ
1735 4898 1855 4932 κατ’

263 4963 592 5038 επαιρώμεθα
651 4970 751 5015 τῶν
811 4971 1079 5031 ταπεινῶν,
1135 4960 1275 5037 μηδὲ
1344 4963 1467 5027 ὅλως
1522 4963 1744 5019 ἐναντίον
1802 4972 1854 5021 τὶ

260 5053 402 5105 κατὰ
436 5058 543 5105 τῶν
605 5047 834 5125 ἀδελφῶν
881 5053 1025 5127 ἡμῶν
1073 5052 1105 5112 ἣ
1160 5052 1465 5126 μελετῶμεν,
1522 5058 1552 5112 ἥ
1607 5054 1850 5129 λέγωμεν,

1885 4582 1932 4638 D

1188 413 1562 473 COMMENT.
1609 414 1680 470 IN
1720 410 2171 470 MATTHEUM.
2211 442 2279 456 —
2317 408 2479 471 CAP.
2527 410 2624 469 VI.

3485 412 3589 469 234

1933 553 2043 595 nec
2074 542 2276 595 tamen
2302 552 2571 611 peccare,
2598 533 2837 610 quando
2870 550 2985 593 non
3025 532 3105 592 ab
3127 536 3591 596 ostentationem

1934 631 2085 685 orat.
2144 628 2208 680 Et
2260 627 2549 695 contingit
2610 626 2670 680 in
2726 624 2997 681 cubiculo
3057 624 3259 681 clauso
3322 629 3590 683 orantem

1934 730 2201 788 peccare,
2256 731 2394 771 cum
2444 732 2473 769 e
2505 714 2741 771 diverso
2800 713 3023 771 fecerit.
3090 714 3240 770 Deus
3290 714 3451 771 enim
3481 714 3586 788 qui

1935 803 2157 876 ubique
2201 808 2309 873 est,
2357 802 2497 859 facti
2553 802 2793 859 discutit
2846 801 3048 859 ﬁnem.
3096 803 3449 875 Hypocritas
3488 818 3591 859 au-

1934 897 2043 949 ιεω
2095 896 2155 948 et
2209 892 2321 948 hos
2386 890 2634 960 vocavit,
2691 890 2929 947 torman
2994 890 3240 963 quidem
3293 890 3592 948 orantium

1933 981 2239 1048 habentes,
2292 984 2552 1036 mentem
2601 994 2740 1036 vero
2788 978 3187 1036 anhelantium
3240 979 3319 1036 ad
3345 978 3592 1037 inanem

1934 1069 2189 1145 gloriam
2204 1115 2214 1125 .

2008 1158 2169 1215 Vers.
2198 1160 2252 1211 7.
2310 1158 2560 1214 Orontes
2591 1186 2651 1199 -
2699 1156 2942 1215 ethnici.
2998 1156 3342 1230 Multiloquii
3385 1157 3593 1215 vituim

1938 1245 2255 1320 βαττολογία
2326 1247 2555 1312 dicitur,
2613 1262 2750 1302 cum
2808 1244 3081 1319 pluribus
3137 1246 3333 1304 verbis
3386 1247 3591 1320 petitio

1936 1336 2003 1392 ﬁt
2025 1336 2101 1394 de
2128 1338 2221 1393 his
2271 1352 2408 1410 quae
2439 1351 2556 1391 non
2587 1335 2950 1392 conveniunt
2977 1353 2994 1390 :
3026 1339 3174 1409 puta
3209 1335 3285 1392 de
3314 1335 3589 1405 divititis,

1938 1425 2146 1496 gloria,
2174 1429 2503 1498 potentatu,
2535 1423 2785 1497 aliisque
2815 1423 3137 1491 similibus,
3177 1440 3309 1497 quae
3339 1440 3450 1481 nec
3473 1424 3598 1482 ani-

1939 1528 2052 1570 ma
2092 1520 2360 1586 prosunt,
2398 1529 2507 1569 nec
2561 1513 2635 1569 ad
2664 1512 2930 1585 corporis
2960 1512 3402 1569 consistentiam
3456 1516 3597 1570 sunt

1939 1602 2293 1661 necessaria.
2358 1601 2639 1659 Ethnicos
2692 1618 2836 1658 vero
2895 1601 3034 1658 dicit
3108 1601 3397 1659 inﬁdeles.
3441 1602 3594 1668 Quia

1938 1696 2135 1749 autem
2165 1690 2227 1747 hi
2258 1706 2378 1748 non
2431 1689 2626 1748 solum
2672 1705 2744 1747 ea
2774 1694 2981 1762 petunt
3041 1705 3180 1762 quas
3233 1705 3356 1748 non
3386 1705 3598 1749 conve-

1941 1779 2136 1845 niunt,
2184 1779 2287 1835 sed
2318 1782 2375 1835 et
2418 1778 2634 1850 longas
2669 1777 2891 1836 faciunt
2919 1777 2994 1834 de
3036 1777 3390 1848 hujusmodi
3419 1778 3598 1835 rebus

1943 1868 2271 1940 petitiones,
2331 1871 2612 1939 putantes
2672 1866 2995 1923 verborum
3052 1865 3427 1924 multitudine
3474 1883 3598 1939 per-

1945 1955 2215 2022 suadere,
2269 1955 2424 2012 hanc
2486 1954 2756 2029 ipsorum
2836 1953 3184 2029 opinionem
3254 1954 3368 2014 hoc
3415 1955 3600 2014 modo

1945 2043 2329 2103 condemnat.

2018 2134 2181 2189 Vers.
2212 2138 2265 2189 7.
2306 2133 2530 2190 Putant
2571 2164 2637 2175 —
2668 2132 3020 2191 exaudiendi
3056 2134 3197 2191 sint.
3242 2134 3459 2192 Putant
3484 2132 3606 2207 qui-

1947 2220 2103 2286 dem,
2135 2224 2196 2278 at
2222 2236 2346 2278 non
2375 2226 2557 2279 recte.

2018 2310 2182 2366 Vers.
2211 2309 2264 2365 8.
2306 2311 2396 2368 Ne
2433 2326 2576 2383 ergo
2608 2339 2680 2353 —
2711 2311 2788 2368 ab
2829 2311 2939 2367 illo
2980 2311 3220 2381 petatis.
3276 2309 3444 2368 Novit
3466 2324 3606 2384 quae

1948 2398 2125 2457 vobis
2145 2398 2486 2471 expediant,
2513 2399 2870 2471 priusquam
2897 2398 3096 2456 abillo
3117 2397 3451 2474 quidquam
3482 2414 3610 2456 om-

1950 2487 2096 2544 nino
2123 2486 2359 2559 petatis.
2392 2485 2515 2541 Non
2563 2491 2794 2558 Oportet
2848 2487 3051 2561 itaque
3089 2492 3305 2561 petere,
3342 2503 3473 2561 quas
3500 2502 3611 2544 nec

1953 2574 2116 2631 utilia
2157 2578 2299 2630 sunt
2330 2589 2440 2631 nec
2470 2573 2834 2640 necessaria,
2890 2575 3042 2631 sicut
3093 2574 3376 2641 diximus,
3442 2572 3609 2648 quod

1952 2669 2041 2721 est
2070 2663 2408 2736 battologiaa
2465 2664 2695 2720 vitium.
2748 2664 2897 2731 Quia
2946 2665 3104 2722 enim
3162 2670 3335 2738 pater
3384 2669 3489 2732 est,
3529 2664 3615 2721 in-

1953 2753 2235 2824 dignatur
2290 2753 2429 2809 ﬁliis
2478 2753 2814 2826 petentibus
2861 2770 2998 2827 quae
3050 2769 3171 2810 non
3230 2754 3608 2812 conveniunt.

1951 2841 2171 2899 Verum
2227 2841 2276 2897 si
2312 2842 2474 2898 novit
2518 2842 2739 2914 quibus
2786 2842 2962 2898 nobis
3002 2844 3076 2899 sit
3120 2858 3295 2916 opus,
3337 2859 3442 2899 cur
3491 2842 3614 2899 haec

1952 2931 2197 2989 omnino
2227 2931 2306 2987 ab
2332 2946 2403 2988 eo
2445 2931 2826 3004 postulamus
2854 2933 2881 2988 ?
2910 2932 3084 2988 Plane
3142 2946 3268 2990 non
3320 2937 3385 2989 ut
3412 2932 3613 3005 ipsum

1953 3020 2304 3085 doceamus,
2330 3019 2436 3076 sed
2462 3024 2528 3076 ut
2550 3020 3059 3091 demonstremus,
3081 3021 3248 3095 quod
3271 3037 3411 3079 eum
3432 3021 3615 3079 habe-

1955 3124 2090 3165 mus
2118 3109 2504 3165 educatorem
2533 3124 2604 3165 ac
2637 3109 2981 3175 Dominum,
3013 3115 3190 3182 utque
3221 3109 3299 3167 ab
3322 3110 3453 3183 ipso
3485 3109 3615 3166 solo

1954 3196 2300 3270 pendentes,
2357 3196 2587 3253 facilius
2634 3213 2774 3253 eum
2825 3197 3140 3253 ﬂectamus
3192 3198 3296 3271 qui
3347 3214 3485 3269 spes
3531 3202 3619 3255 est

1955 3285 2162 3342 salutis
2194 3301 2264 3342 ac
2295 3284 2680 3357 providentia:
2705 3290 2947 3342 nostrae.

2024 3376 2336 3445 Tanquam
2363 3378 2528 3444 pater
2554 3373 2713 3428 enim
2738 3378 2794 3427 et
2818 3374 2986 3429 novit
3028 3374 3243 3445 quibus
3265 3373 3436 3429 nobis
3465 3390 3619 3447 opus

1956 3463 2051 3530 sit,
2083 3466 2141 3518 et
2162 3463 2420 3519 tribuere
2471 3466 2716 3533 paratus
2768 3465 2855 3518 est
2919 3479 3056 3535 quae
3111 3462 3445 3521 necessaria
3478 3469 3621 3521 sunt

1956 3557 2060 3609 aut
2082 3551 2246 3608 utilia
2277 3567 2291 3619 ;
2324 3550 2507 3622 exigit
2550 3556 2771 3616 tamen,
2806 3554 2866 3605 ut
2895 3551 2975 3607 ob
3026 3550 3216 3607 dictas
3256 3568 3473 3608 causas
3502 3568 3616 3608 nos

1957 3640 2061 3698 illa
2131 3644 2418 3713 petamus.
2508 3641 2637 3716 Haec
2701 3644 3026 3713 postquam
3081 3640 3306 3708 docuit,
3390 3642 3613 3714 praebet

1958 3729 2138 3786 etiam
2204 3729 2455 3786 modum
2510 3728 2816 3796 orationis,
2898 3744 3024 3785 non
3097 3734 3162 3786 ut
3207 3730 3323 3788 hac
3382 3736 3616 3788 tantum

1958 3820 2217 3877 oratione
2247 3834 2573 3891 precemur,
2609 3818 2712 3875 sed
2746 3823 2809 3875 ut
2839 3817 3046 3875 habito
3092 3820 3379 3877 orationis
3427 3821 3610 3887 fonte,

1962 3908 2041 3967 ab
2064 3909 2199 3981 ipso
2226 3909 2630 3979 precationum
2660 3907 3113 3978 intelligentiam
3141 3908 3511 3969 hauriemus.

2028 3999 2189 4054 Vers.
2208 3999 2262 4054 9.
2302 3999 2402 4055 Sic
2428 4030 2490 4040 ——
2516 4013 2636 4056 vos.
2665 3999 2937 4064 Quonam
2965 4002 3147 4055 modo
3178 4000 3207 4056 ?

2029 4086 2193 4143 Vers.
2215 4088 2272 4142 9.
2298 4087 2469 4142 Pater
2488 4117 2551 4127 —
2583 4088 2758 4143 cwlis.
2794 4085 3051 4157 Singulae
3075 4088 3362 4144 dictiones
3388 4089 3610 4162 ponde-

1958 4174 2158 4232 randaa
2200 4179 2353 4230 sunt.
2381 4174 2548 4230 lubet
2575 4176 2736 4231 enim
2767 4179 2828 4230 ut
2855 4174 3154 4244 dicamus,
3186 4176 3385 4245 Pater,
3417 4183 3482 4234 ut
3507 4194 3611 4233 cae-

1957 4263 2164 4321 lestem
2211 4264 2630 4333 cognationem
2683 4262 2761 4319 ad
2809 4264 3168 4320 memoriam
3237 4280 3608 4333 revocamus,

1959 4355 2019 4408 et
2054 4366 2176 4423 quo
2233 4366 2481 4407 munere
2526 4350 2724 4406 affecti
2779 4349 2989 4415 simus,
3021 4356 3171 4422 puta
3214 4351 3419 4410 divina
3470 4353 3615 4409 ado-

1960 4440 2187 4513 ptione,
2228 4447 2284 4495 et
2312 4443 2375 4494 ut
2423 4438 2596 4511 digne
2644 4438 2745 4494 tali
2799 4444 2966 4510 patre
3023 4454 3464 4499 conversemur.
3498 4443 3613 4509 Qui

1960 4527 2120 4585 enim
2144 4543 2321 4599 prave
2343 4526 2549 4583 vivens
2578 4526 2767 4583 Deum
2796 4531 2970 4584 vocat
2990 4530 3452 4598 Patrem,suum,
3482 4531 3616 4589 etin

1960 4617 2168 4683 Deum,
2188 4620 2250 4673 et
2268 4616 2331 4673 in
2354 4616 2617 4688 seipsum
2636 4615 2933 4671 mentitur.
2958 4617 3238 4675 Nostrum
3260 4624 3457 4677 autem
3474 4620 3616 4678 dicio

1960 4721 2099 4762 mus
2122 4705 2374 4775 Patrem,
2395 4708 2459 4761 ut
2486 4719 2887 4775 agnoscamus
2900 4707 3065 4777 quod
3092 4706 3299 4765 fratres
3322 4708 3473 4767 inter
3502 4727 3610 4768 nos

1962 4797 2171 4849 mutuo
2213 4794 2399 4852 simus
2419 4793 2620 4849 ﬁdeles
2651 4808 2863 4850 omnes
2897 4810 2910 4850 :
2944 4798 3343 4854 communiter
3363 4800 3442 4856 ab
3486 4817 3607 4857 uno

1962 4881 2211 4954 soloque
2255 4885 2371 4939 Deo
2402 4882 2689 4954 adoptati,
2743 4887 2799 4937 et
2832 4888 2893 4939 ut
2920 4885 2994 4938 de
3046 4886 3158 4941 hoc
3186 4886 3461 4944 continue
3494 4889 3610 4945 col-

1962 4968 2296 5043 loquentes,
2347 4970 2428 5027 ob
2458 4970 2710 5027 humilia
2741 4971 2803 5042 (ι)
2859 4987 2979 5028 non
3006 4973 3389 5033 extollamur:
3422 4993 3617 5050 neque

1962 5059 2208 5117 omnino
2220 5058 2507 5116 adversus
2522 5058 2732 5118 fratres
2748 5065 2982 5119 nostros
2996 5063 3086 5120 vel
3098 5064 3431 5138 cogitemus
3447 5065 3618 5140 quid-

1523 5178 1740 5252 Variee
1765 5182 2091 5255 lectiones
2124 5195 2189 5255 et
2218 5195 2396 5255 notae
2438 5228 2452 5239 -

270 5319 730 5448 5m(39)Alnclusa
765 5322 1132 5383 exciderunt.
1170 5325 1234 5381 In
1276 5338 1461 5382 causa
1495 5322 1609 5381 fuit
1644 5323 1870 5399 duplex

263 5415 519 5460 orm,a.

2050 5329 2127 5402 (l)
2168 5329 2252 5383 ἵνα
2280 5327 2793 5407 ἀναμιμνησκώμεθα
2810 5335 2877 5389 Α.

338 5520 406 5596 (t)
437 5519 868 5593 Colloquentes,
898 5516 965 5576 ob
992 5517 1255 5576 humilia.
1278 5519 1639 5590 Proﬁtentes,
1683 5523 1890 5581 contra
1917 5519 2205 5582 humiles.

559 5608 799 5668 Paraon.
840 5606 947 5665 Gn.
981 5607 1231 5666 CXXIX.
