4170 6444
650 421 756 479 235

1967 418 2316 476 EUTHYMII
2369 417 2691 475 ZIGABENI

3918 427 4025 480 236

643 548 829 621 piam,
855 543 948 602 vel
961 543 1298 616 loquamur,
1317 543 1414 600 vel
1428 543 1739 611 faciamus,
1761 543 1864 600 sed
1877 559 1986 616 pro
2007 543 2185 601 nobis
2205 545 2290 600 in-

2416 547 2431 604 5
2511 542 2968 620 διαπραττὼμεθα,
3045 550 3132 599 καὶ
3201 547 3283 600 ἵνα
3349 556 3530 611 κοινῶς
3601 551 3730 625 ὑπερ
3772 551 4020 611 ἀλλήλων

643 635 834 692 vicem
848 648 1176 706 precemur.

711 723 964 780 Additur
990 727 1215 779 autem:
1243 722 1352 787 Qui
1371 737 1427 778 es
1456 722 1519 778 in
1551 721 1727 786 caelis,
1784 725 1847 776 ut
1892 721 2112 787 coelum
2145 735 2297 776 sem-

639 827 747 886 per
770 811 1218 884 prospiciamus,
1243 811 1442 867 audito
1467 813 1633 882 quod
1659 811 1738 865 ibi
1771 810 1842 864 sit
1874 810 2042 865 Pater
2063 815 2293 864 noster:

641 901 834 971 magis
863 905 1066 957 autem
1097 904 1162 955 ut
1191 899 1244 954 id
1275 900 1472 971 ipsum
1507 899 1781 955 dicamus
1812 914 1942 961 nos,
1982 914 2050 954 ac
2073 904 2300 953 terrena

641 990 1060 1063 despiciamus,
1093 993 1148 1045 et
1175 1004 1244 1044 eo
1288 988 1611 1044 ascendere
1643 1003 1749 1060 per
1788 988 2065 1042 virtutum
2107 986 2298 1042 scalas

641 1078 1010 1144 festinemus,
1040 1077 1142 1133 ubi
1184 1082 1272 1134 est
1316 1078 1486 1134 Pater
1528 1083 1752 1133 noster.
1809 1077 2074 1132 Dicentes
2104 1081 2298 1130 autem

643 1167 835 1224 Deum
887 1183 1013 1223 esse
1060 1167 1121 1222 in
1151 1166 1304 1222 casto
1352 1183 1742 1239 nequaquam
1782 1165 1980 1238 ipsum
2035 1166 2094 1220 in
2147 1164 2297 1220 caelo

644 1257 1001 1314 conclusum
1033 1253 1579 1311 circumscribimus
1613 1271 1625 1320 ;
1654 1271 1775 1310 non
1807 1255 1965 1310 enim
1988 1253 2116 1309 loco
2163 1252 2297 1324 capi

643 1349 748 1403 aut
773 1344 1178 1402 circumscribi
1199 1348 1412 1417 potest.
1473 1345 1617 1399 Nam
1647 1344 1868 1415 ubique
1923 1358 2052 1398 esse
2085 1341 2300 1398 dicitur

645 1436 822 1501 Deus,
873 1433 1127 1490 maxime
1180 1436 1386 1488 tamen
1417 1433 1477 1488 in
1507 1431 1650 1488 locis
1683 1431 2072 1501 dignioribus,
2129 1430 2297 1503 quod

644 1523 835 1596 ipsius
859 1523 1056 1592 magis
1096 1521 1497 1594 susceptibilia
1523 1521 1852 1578 videantur.
1894 1523 2138 1592 Propter
2186 1519 2300 1575 hoc

648 1613 826 1685 igitur
870 1611 933 1668 in
958 1611 1100 1667 coelo
1131 1625 1262 1667 esse
1289 1610 1516 1676 dicitur,
1549 1611 1692 1683 quia
1747 1610 1894 1666 illud
1926 1609 2301 1682 purissimum

647 1706 753 1770 est,
785 1700 847 1757 in
875 1715 998 1774 quo
1029 1704 1168 1756 sunt
1208 1703 1386 1768 astra,
1428 1699 1665 1755 virtutes
1695 1699 1797 1770 (m)
1829 1714 1900 1756 ac
1935 1702 2147 1753 turmae
2169 1713 2304 1754 san-

647 1795 899 1862 ctorum,
931 1789 1158 1862 quibus
1179 1787 1356 1846 datur
1384 1787 1618 1860 requies
1641 1788 1756 1860 (η).

719 1970 762 2038 -ξ-
818 1967 1271 2039 Chrysostomus
1315 1980 1464 2022 sane
1539 1968 1725 2022 totam
1774 1964 1930 2020 hanc
1973 1963 2304 2021 orationem

652 2057 948 2128 traditam,
993 2057 1068 2113 ad
1099 2055 1312 2112 Filium
1342 2055 1540 2111 refert.
1578 2055 1883 2126 Siquidem
1936 2061 1993 2109 et
2015 2054 2112 2110 hic
2142 2057 2308 2110 Pater

651 2151 856 2204 noster
881 2145 1112 2211 dicitur,
1151 2149 1446 2216 tanquam
1494 2148 1746 2207 creator,
1793 2142 2060 2214 provisor
2089 2147 2143 2199 et
2181 2158 2307 2199 ma-

652 2235 851 2307 gister.
883 2233 1052 2289 Juxta
1077 2231 1240 2288 hunc
1272 2238 1474 2288 autem
1522 2245 1857 2286 sermonem
1906 2229 2022 2286 dici
2066 2245 2307 2303 quoque

651 2323 863 2396 poterit
900 2326 956 2378 et
982 2320 1232 2394 Spiritus
1263 2324 1508 2376 sanctus
1556 2321 1720 2374 Pater
1750 2323 1974 2375 noster.
2025 2319 2228 2391 Itaque
2254 2326 2311 2375 et

655 2411 886 2485 proprie
933 2409 1012 2467 ad
1042 2409 1302 2480 singulas
1331 2412 1640 2471 Personas,
1687 2411 1743 2463 et
1785 2408 2183 2463 communiter
2230 2407 2308 2464 ad

653 2500 867 2558 trinam
895 2513 1194 2572 unamque
1222 2497 1509 2553 Deitatem
1535 2494 1734 2551 referri
1757 2495 1884 2552 haec
1906 2503 2172 2568 possunt.

728 2680 892 2736 Vers.
972 2681 1025 2733 9.
1114 2673 1529 2742 Sanctiﬁcetur
1602 2687 1806 2728 nomen
1881 2679 2068 2728 tuum.
2148 2672 2307 2729 San-

658 2767 964 2838 ctiﬁcatur,
1023 2764 1139 2820 hoc
1199 2766 1303 2828 est,
1365 2760 1756 2834 gloriﬁcatur;
1805 2760 1853 2816 si
1914 2763 2073 2816 enim
2143 2762 2312 2832 juxta

657 2856 890 2914 virtutis
912 2867 1193 2910 normam
1233 2866 1677 2916 conversamur,
1734 2849 2097 2919 gloriﬁcatur
2164 2853 2312 2907 Deus

662 2945 874 3011 abhis,
902 2942 1008 3014 qui
1063 2956 1173 2996 nos
1217 2940 1597 3012 conspiciunt
1630 2955 1642 2995 :
1674 2941 1914 3000 Luceat,
1966 2939 2158 3010 inquit
2203 2941 2314 2996 lux

664 3039 855 3090 vestra
897 3045 1097 3088 coram
1127 3029 1477 3095 hominibus,
1511 3034 1575 3084 ut
1608 3028 1844 3085 videant
1890 3043 2067 3097 opera
2117 3036 2313 3085 vestra

670 3123 844 3187 bona,
867 3125 918 3176 et
954 3119 1274 3191 gloriﬁcent
1315 3119 1553 3174 Patrem
1603 3123 1870 3184 vestrum,
1919 3116 2022 3187 qui
2047 3116 2108 3172 in
2155 3117 2314 3173 ctelis

667 3217 752 3269 est
794 3212 860 3265 1⁸.
921 3210 1068 3265 Cum
1109 3208 1288 3280 igitur
1345 3208 1407 3264 in
1469 3223 1530 3262 se
1593 3206 1916 3277 gloriosum
1967 3205 2042 3262 sit
2095 3222 2312 3262 nomen

667 3307 858 3369 tuum,
891 3299 1249 3372 gloriﬁcetur
1273 3297 1454 3355 etiam
1481 3313 1588 3370 per
1612 3302 1881 3353 nostram
1919 3297 2317 3355 conversatio-

664 3405 826 3448 nem.

735 3482 900 3538 Vers.
923 3478 1010 3534 lO.
1032 3477 1332 3536 Adveniat
1351 3506 1421 3517 —
1446 3481 1634 3532 tuum.
1660 3477 1926 3546 Regnum
1954 3491 2113 3532 nunc
2143 3480 2316 3532 vocat

667 3569 1005 3627 secundum
1062 3566 1392 3623 adventum
1438 3563 1648 3636 ipsius,
1694 3564 1746 3619 in
1779 3579 1900 3636 quo
1941 3580 2077 3620 cum
2127 3564 2317 3620 multa

667 3659 854 3731 gloria
883 3654 1211 3729 apparebit.
1246 3657 1362 3709 Hoc
1394 3658 1592 3708 autem
1623 3653 1944 3724 petendum
1976 3653 2224 3719 addidit,
2256 3658 2318 3709 ut

666 3748 830 3822 quod
856 3751 1113 3818 petimus
1140 3746 1549 3814 agnoscentes,
1600 3744 1908 3813 praeparati
1946 3742 2025 3798 ad
2055 3743 2185 3814 ejus
2223 3758 2318 3798 oc-

667 3852 908 3893 cursum
928 3850 1035 3906 per
1049 3834 1254 3890 omnia
1275 3832 1476 3887 simus.
1494 3831 1812 3904 Prasparari
1834 3832 1993 3888 enim
2016 3835 2316 3902 estOptare

668 3930 734 3983 ut
758 3924 954 3982 veniat
981 3924 1008 3977 J
1018 3921 1190 3978 udex.

740 4015 937 4070 Potest
955 4025 1195 4085 quoque
1223 4013 1280 4066 et
1318 4009 1435 4067 alio
1457 4009 1638 4066 modo
1668 4009 1784 4065 dici
1821 4025 1832 4064 :
1867 4007 2071 4064 Veniat
2099 4008 2175 4065 ad
2206 4023 2316 4064 nos

666 4118 922 4175 regnum
965 4107 1157 4170 tuum,
1201 4099 1257 4155 id
1320 4104 1423 4170 est,
1455 4099 1688 4172 impera
1747 4102 1806 4154 tu
1857 4096 2046 4164 nobis,
2113 4101 2171 4153 et
2194 4112 2316 4153 non

667 4191 940 4250 diabolus
973 4193 1080 4257 ;tu
1109 4187 1284 4245 nobis
1334 4187 1612 4254 suadeas,
1650 4203 1720 4243 ac
1747 4200 1851 4258 per
1896 4188 1998 4242 tua
2032 4185 2318 4244 mandata

665 4283 896 4356 iubeas,
923 4284 980 4337 et
1002 4293 1120 4336 non
1143 4277 1259 4335 ille.

738 4462 900 4516 Vers.
932 4457 1013 4513 10.
1037 4456 1167 4512 Fiat
1193 4487 1261 4497 —
1285 4459 1464 4511 terra.
1502 4453 1622 4508 Fiat
1644 4450 1916 4510 voluntas
1945 4454 2044 4510 tua
2072 4452 2133 4509 in
2160 4456 2317 4510 terra

670 4549 747 4605 ab
793 4544 1147 4612 hominibus,
1209 4539 1732 4616 quemadmodum
1785 4540 1845 4595 in
1893 4540 2044 4596 caelo
2122 4539 2185 4596 fit
2239 4541 2316 4597 ab

669 4637 900 4707 angelis
932 4652 946 4704 ;
977 4635 1049 4691 de
1070 4634 1287 4708 quibus
1304 4631 1450 4687 dixit
1476 4628 1664 4685 David
1693 4645 1705 4684 :
1733 4629 2000 4685 Mintstri
2023 4631 2166 4698 ejus,
2214 4631 2318 4701 qui

667 4727 894 4799 faciunt
941 4726 1300 4782 voluntatem
1350 4719 1529 4789 ipsius
1582 4719 1628 4754 ⁸⁸
1659 4748 1727 4758 -
1773 4718 2066 4774 Adveniat
2116 4723 2317 4774 autem

670 4821 726 4874 et
749 4817 872 4887 fiat,
899 4815 1040 4872 licet
1075 4828 1183 4886 per
1221 4807 1404 4864 verba
1431 4807 1704 4863 dicantur
1741 4806 2091 4878 imperativa
2137 4805 2316 4860 ἐλθέτω

668 4911 726 4964 et
761 4906 1050 4978 γενηθήτω,
1085 4901 1408 4956 sumuntur
1444 4900 1642 4952 tamen
1668 4911 1777 4967 pro
1812 4896 2107 4966 optativis.
2138 4894 2318 4968 Opta-

667 5009 801 5054 mus
861 4994 1020 5051 enim
1091 5006 1160 5046 ac
1219 5000 1537 5059 precamur
1604 4984 1752 5051 haec,
1809 5000 1876 5041 eo
1923 4985 2088 5058 quod
2141 4986 2316 5043 etiam

743 5177 790 5214 1‘
817 5171 1018 5230 Matth.
1043 5185 1098 5239 v,
1135 5169 1218 5223 16.
1325 5165 1372 5202 ³⁵
1402 5163 1556 5223 Psal.
1589 5179 1681 5234 cu,
1721 5164 1816 5227 21.

2403 815 2480 862 αεὶ
2555 809 2841 883 βλέπωμεν,

2404 635 2698 706 εὐχώμεθα.

2471 727 2540 775 Τὸ
2574 720 2651 786 δὲ,
2681 721 2740 774 Ὀ
2795 721 2843 774 έν
2895 730 3001 786 τοῖς
3051 724 3302 797 οὐρανοῖς,
3345 727 3427 777 ἵνα
3482 731 3610 800 πρὸς
3659 732 3746 781 τὸν
3791 730 4019 803 οὐρανόν

2927 810 3162 886 πατρίδα
3237 823 3416 866 τοῦτον
3484 818 3629 888 ἡμῶν
3709 817 4017 882 ἀκούοντες,

2402 899 2590 971 μᾶλλον
2644 897 2703 952 δὲ
2745 900 2892 952 αὑτοὶ
2939 909 3090 953 τοῦτο
3137 901 3379 973 λέγοντες,
3429 910 3518 956 καὶ
3566 907 3645 958 ἵνα
3677 916 3778 958 τῶν
3819 913 4021 978 γηῖνων

2404 998 2816 1061 καταφρονῶμεν,
2881 989 2987 1041 ἐκεῖ
3043 989 3355 1054 σπεύδοντες
3419 992 3691 1062 ἀναϐῆναι,
3759 993 3863 1048 διὰ
3929 1006 4019 1056 τῆς

2401 1087 2498 1130 τῶν
2548 1076 2737 1150 ἀρετῶν
2777 1079 3042 1151 κλίμακος,
3087 1083 3215 1133 ὅπου
3253 1083 3276 1133 ὁ
3325 1088 3503 1155 Πατὴρ
3537 1086 3679 1156 ἡμῶν
3728 1084 3881 1142 ἔστι.
3945 1085 4016 1139 Ἐν

2404 1167 2604 1240 οὐρανῷ
2659 1164 2716 1219 δε
2772 1171 2857 1219 τὸν
2910 1173 3038 1221 Θεὸν
3088 1166 3216 1222 εἶναι
3267 1170 3512 1242 λέγοντες,
3557 1173 3649 1225 οὐκ
3707 1173 3757 1225 ἄν
3812 1176 4018 1249 οὐρανῷ

2406 1255 2560 1307 αὐτὸν
2635 1256 2986 1327 συγκλείοντες
3066 1262 3468 1333 περιγραφόμενο
3545 1260 3834 1337 ἁχὼρητος
3919 1268 4017 1340 γὰρ

2406 1344 2519 1396 ἔστι
2571 1350 2660 1397 καὶ
2712 1344 3115 1420 ἁπερίγραπτος·
3174 1347 3300 1400 ἀλλὰ
3359 1359 3635 1422 πανταχοῦ
3686 1355 3779 1422 μὲν
3845 1351 3900 1406 εἷ
3963 1375 4012 1406 αι

2405 1434 2605 1505 λέγεται
2650 1436 2675 1486 ό
2709 1439 2855 1500 Θεὸς,
2908 1436 3139 1507 μάλιστα
3187 1434 3246 1489 δε
3296 1437 3344 1489 ἐν
3375 1444 3551 1501 τόποις
3587 1439 3772 1511 ἀξίοις,
3829 1439 3927 1495 διὰ
3961 1448 4012 1495 τὸ

2406 1522 2593 1595 μᾶλλον
2659 1524 2844 1585 αὐτοὺς
2911 1521 3040 1576 εἶναι
3104 1523 3375 1589 δεκτικοὺς
3443 1529 3622 1584 αὑτοῦ.
3688 1534 3789 1584 Διά
3859 1541 4006 1585 τοῦτο

2406 1617 2576 1664 τοίνυν
2625 1610 2672 1663 ἐν
2720 1622 2790 1684 τῷ
2839 1613 3038 1685 οὐρανῶ
3094 1614 3300 1686 λέγομεν
3351 1625 3477 1669 εῖναι
3530 1624 3615 1670 τόν
3662 1624 3815 1688 Θεὸν,
3875 1619 4009 1674 διότι

2407 1702 2774 1774 καθαρώτατος
2839 1703 2864 1753 ὀ
2926 1708 3081 1764 τόπος
3141 1703 3343 1774 ἐκεῖνος,
3407 1712 3494 1758 καὶ
3550 1703 3689 1760 διότι
3757 1709 3807 1761 ἐν
3873 1712 4006 1781 αὐτῷ

2411 1789 2542 1842 εἰσὶν
2604 1792 2658 1841 αἱ
2709 1789 2857 1841 οἷῡλοι
2910 1787 3176 1864 δυνάμεις,
3240 1798 3328 1846 καὶ
3376 1796 3424 1846 ai
3482 1791 3646 1868 δῆμοι
3693 1806 3794 1850 τῶν
3849 1800 4006 1872 ἁγίων

2335 1902 2376 1957 Β
2413 1879 2490 1940 οἷς
2517 1877 2921 1934 ἐπαναπαύεται.

2483 1967 2591 2041 [Ὁ
2637 1971 2717 2037 (2)
2761 1971 2850 2040 μὶν
2889 1973 3264 2043 Χρυσόστομος
3308 1976 3432 2045 πρὸς
3470 1977 3555 2025 τὸν
3601 1977 3719 2028 Υιὸν
3761 1975 4002 2052 ἀναφέρε-

2419 2058 2543 2109 σθαι
2598 2060 2691 2114 τὴν
2769 2053 3159 2132 παραδοθεῖσαν
3236 2064 3428 2118 ταύτην
3508 2063 3627 2121 ὅλην
3700 2071 4001 2141 προσευχὴν

2417 2148 2638 2218 ἐνέφηνε.
2687 2150 2903 2217 Λέγεται
2963 2150 3064 2221 γὰρ
3131 2154 3220 2202 καὶ
3288 2151 3432 2212 οὗτος
3489 2157 3662 2228 Πατὴρ
3719 2157 3877 2228 ἡμῶν,
3942 2159 4001 2214 ὡς

2419 2231 2765 2307 δημιουργὸς,
2824 2240 2913 2287 καὶ
2963 2233 3223 2309 κηδεμὼν,
3279 2244 3367 2291 καὶ
3425 2248 3736 2313 προνοητὴς,
3776 2250 3858 2295 καὶ
3911 2241 4000 2296 δι-

2419 2320 2700 2384 δάσκαλος.
2758 2327 2903 2376 Κατὰ
2958 2343 3138 2377 τουτον
3192 2323 3248 2379 δε
3326 2332 3410 2380 τὸν
3481 2329 3627 2402 λόγον
3703 2332 3876 2402 λέγοιτ’
3932 2333 3993 2381 ἄν

2421 2417 2595 2486 Πατὴρ
2645 2414 2808 2484 ἡμῶν,
2860 2418 2948 2465 καὶ
2995 2417 3054 2465 τὸ
3092 2414 3240 2486 ἅγιον
3287 2421 3512 2489 Πνεῦμα.
3558 2424 3738 2472 Λοιπὸν
3774 2415 3852 2469 οὖν
3895 2422 3985 2469 καὶ

2421 2497 2599 2561 ίδικῶς
2633 2504 2757 2574 πρὸς
2795 2502 3011 2554 ἕκαστον
3050 2506 3243 2555 τούτων
3287 2504 3544 2577 ἀναχθείη
3576 2510 3650 2570 ἄν,
3695 2511 3779 2558 καὶ
3806 2515 3992 2568 κοινῶς

2418 2593 2547 2663 πρὸς
2577 2595 2669 2647 τὴν
2701 2589 2747 2640 ἐν
2778 2593 2978 2650 τούτοις
3006 2596 3128 2663 μίαν
3159 2597 3415 2652 Θεότητα.
3447 2595 3468 2668 ]

2489 2677 2819 2749 Ἀγιασθήτω
2947 2683 3004 2731 τὸ

2422 2766 2531 2819 ἀντὶ
2600 2774 2711 2838 τοῦ,
2779 2767 3120 2829 Δοξασθήτω.

3134 2684 3292 2754 ὄνομα
3406 2703 3500 2736 σου
3514 2729 3526 2740 ,
3643 2683 3994 2755 Ἁγιασθήτω,

3202 2770 3372 2842 Ἠμῶν
3447 2775 3548 2846 γὰρ
3605 2773 3998 2846 πολιτευομένων

2422 2855 2685 2931 ὲναρίτως,
2766 2851 3045 2918 δοξάζεται
3110 2862 3253 2931 παρὰ
3309 2870 3408 2911 τῶν
3465 2863 3695 2935 ὁρώντων
3755 2864 3778 2914 ό
3859 2868 3998 2923 Θεὸς.

2424 2944 2696 3016 Λαμψάτω
2749 2947 2872 3017 γὰρ,
2925 2951 3074 3017 φησι,
3129 2951 3186 2999 τὸ
3246 2958 3344 3020 φῶς
3393 2951 3531 3022 ὑμῶν
3576 2952 3866 3022 ἔμπροσθεν
3914 2959 4002 3000 τῶν

2423 3032 2724 3104 ἀνθρώπων,
2801 3035 2936 3095 ὅπως
3002 3033 3160 3087 ἴδωσι
3219 3040 3286 3089 τὰ
3341 3038 3473 3090 καλὰ
3521 3039 3660 3110 ὑμῶν
3724 3042 3868 3112 ἔργα,
3926 3045 4002 3091 καὶ

2426 3117 2693 3182 δοξάσωσι
2759 3124 2846 3174 τὸν
2909 3129 3111 3198 Πατέρα
3164 3125 3304 3197 ὑμῶν
3361 3131 3449 3178 τὸν
3502 3126 3549 3178 ὶν
3598 3124 3706 3190 τοῖς
3757 3128 4002 3202 οὐρανοις.

2355 3252 2394 3308 C
2426 3207 2805 3282 Δεδοξασμένον
2837 3212 2930 3263 οὔκ
2987 3214 3226 3288 ὑπάρχον
3256 3218 3313 3268 τὸ
3345 3218 3504 3289 ὄνομά
3553 3236 3667 3279 σου,
3711 3213 4005 3280 δοξασθήτω

2426 3304 2514 3352 καὶ
2541 3294 2634 3352 διὰ
2662 3308 2752 3360 τῆς
2781 3300 3040 3364 πολιτείας
3072 3304 3236 3374 ἡμῶν.

2498 3477 2712 3531 Ἐλθέτω
2760 3509 2827 3518 -
2860 3497 2974 3533 σου.
3027 3480 3294 3534 Βασιλείαν
3345 3478 3403 3535 δὲ
3455 3490 3562 3554 νῦν,
3616 3487 3710 3543 τὴν
3770 3479 4002 3562 δευτέραν

2427 3566 2584 3619 αὑτοῦ
2647 3572 2938 3639 παρουσίαν
3001 3576 3179 3641 φησὶν,
3253 3574 3316 3632 ὡς
3386 3576 3516 3644 μετὰ
3592 3574 3784 3636 πολλῆς
3863 3573 4006 3637 δόξης

2426 3653 2691 3727 ἐσομένην.
2744 3663 2904 3709 Τοῦτο
2947 3655 3004 3710 δὲ
3048 3661 3358 3734 προσέταξεν
3404 3662 3582 3729 αἰτεῖν,
3623 3664 3704 3716 ἵνα
3740 3671 4006 3734 ’γινώσκονο

2425 3763 2527 3813 τες,
2613 3745 2733 3817 ὅπερ
2803 3746 3064 3820 αἰτουμεν,
3135 3748 3523 3824 ἐμπαράσκευοι
3588 3756 3717 3825 πρὸς
3793 3755 4007 3810 anum-4

2427 3833 2585 3886 αὐτοῦ
2642 3831 2734 3887 διὰ
2785 3841 2973 3898 παντὸς
3042 3840 3234 3910 εἴημεν.
3287 3841 3718 3913 Ἐμπαρασκεύου
3775 3846 3907 3916 γὰρ,
3961 3845 4006 3894 τὸ

2427 3923 2602 3983 ζητεῖν
2632 3921 2790 3975 ἐλθεῖν
2815 3929 2902 3976 τὸν
2935 3921 3216 3984 δικαστὴν.

2495 4010 2647 4064 Ἐστι
2692 4008 2750 4064 δε
2797 4017 2886 4065 καὶ
2936 4013 3111 4089 ἕτίρως
3159 4016 3335 4085 εἰπεῖν,
3389 4018 3468 4070 ὅτι
3517 4017 3730 4072 Ἐλθέτω
3768 4018 3842 4092 ἔφ’
3885 4022 4012 4094 ἡμᾶς

2425 4101 2455 4157 ἠ
2507 4097 2755 4172 βασιλεία
2799 4119 2916 4170 σου,
2973 4108 3228 4176 τουτέστι,
3287 4103 3715 4180 βασιλευθείημεν
3769 4111 3870 4160 ὑπὸ
3933 4117 4012 4163 σοῦ

2424 4192 2513 4240 καὶ
2586 4193 2657 4260 μὴ
2732 4190 2831 4242 ὑπὸ
2900 4198 2989 4242 τοῦ
3058 4190 3324 4260 διαϐόλου,
3399 4195 3488 4248 καὶ
3545 4201 3608 4248 σὺ
3663 4203 3876 4259 πείσαις
3941 4202 4010 4252 καὶ

2427 4277 2709 4340 ὑποτάξαις
2747 4277 2885 4350 ἡμᾶς
2928 4286 3038 4342 τοῖς
3083 4288 3193 4344 σοῖς
3235 4287 3633 4357 προστάγμασι,
3667 4291 3755 4338 καὶ
3791 4291 3862 4358 μὴ
3904 4287 4010 4340 ἐκεῖ·

2424 4383 2522 4425 νος.

2497 4455 2766 4513 Γενηθήτω
2833 4487 2900 4498 —-
2963 4466 3081 4529 γῆς.
3150 4461 3420 4518 Γενηθήτω
3497 4465 3553 4514 τὸ
3635 4459 3832 4536 θελημά
3907 4486 4014 4533 σου,

2425 4547 2513 4594 καὶ
2566 4541 2650 4596 ἰπὶ
2694 4552 2786 4607 τῆς
2838 4555 2955 4616 γῆς,
3003 4551 3146 4621 παρὰ
3192 4558 3290 4600 τῶν
3350 4549 3649 4624 ἀνθρώπων,
3701 4556 3770 4614 ὡς
3824 4559 4017 4624 γίνεται

2426 4631 2474 4683 ἐν
2538 4633 2758 4705 οὐρανῷ,
2813 4638 2957 4707 παρὰ
3011 4646 3110 4688 τῶν
3178 4636 3428 4710 ἀγγέλων,
3496 4646 3612 4716 περὶ
3669 4638 3737 4692 ὧν
3798 4641 3938 4695 εἶπεν
3996 4643 4016 4693 ό

2426 4717 2613 4773 Δαυὶδο
2694 4729 3003 4799 Λειτουργοἱ
3086 4726 3266 4795 αὐτοῦ,
3351 4737 3611 4790 ποιοῦντες
3688 4734 3745 4782 τὸ
3829 4731 4019 4805 θέλημα

2427 4809 2606 4862 αὐτοῦ.
2657 4811 2871 4886 Θέλημα
2915 4810 2972 4865 δε
3021 4822 3174 4883 Θεοῦ,
3220 4818 3274 4868 αἱ
3320 4815 3515 4870 ἐντολαὶ
3545 4819 3724 4873 αὐτοῦ.
3772 4819 4018 4872 Εὖκτικὸν

2428 4894 2488 4951 di
2533 4904 2622 4952 καὶ
2672 4902 2753 4971 τὸ,
2809 4899 3162 4974 Ἀγιασθήτω,
3216 4910 3305 4958 καὶ
3359 4909 3436 4974 τὸ,
3493 4910 3787 4966 Γενηθήτω.
3845 4913 4018 4982 59x6-

2426 4989 2559 5061 μεθα
2586 4991 2682 5063 γὰρ
2718 4998 2900 5063 ταῦτα,
2935 4988 3028 5045 διά
3073 4997 3133 5046 τὸ
3166 4995 3389 5069 χρῄζειν
3440 5000 3564 5072 πρὸς
3595 5005 3764 5053 ταῦτα
3807 5003 3900 5053 καὶ
3939 5007 4020 5060 τῆς

1890 5289 2112 5360 Variae
2155 5292 2477 5362 lectiones
2502 5303 2788 5364 etnotae.

747 5438 825 5512 (2)
851 5436 1081 5494 Inclusa
1105 5435 1165 5490 in
1199 5431 1471 5503 margine
1497 5429 1680 5489 habet
1706 5435 1776 5490 A.

747 5562 849 5633 (m)
879 5559 952 5616 In
972 5574 1086 5633 quo
1107 5588 1174 5599 —
1195 5558 1448 5633 virtutes.
1477 5558 1544 5633 Et
1563 5555 1705 5628 quia
1732 5555 1795 5611 in
1820 5571 1890 5633 eo
1921 5556 2326 5633 sun_t_virtutes

674 5627 1003 5707 potestates
1023 5631 1108 5707 _ab
1137 5630 1302 5707 omni
1326 5627 1590 5707 materiai
1613 5629 1986 5686 concretione
2029 5628 2251 5686 liberm.

674 5699 921 5780 λυνάμεις
953 5703 1121 5770 ᾶῡλοι,
1154 5705 1291 5758 sunt
1321 5699 1534 5772 angeli'

2858 5563 3044 5651 datur
3063 5567 3306 5641 requies.
3339 5573 3402 5628 In
3430 5571 3654 5644 quibus
3679 5577 4021 5651 acquiescit,

2434 5629 2653 5700 quibus
2679 5632 2910 5692 laetatur
2933 5639 3115 5697 Deus.
