4170 6508
194 434 294 490 237

1151 418 1527 477 COMMENT.
1579 416 1649 472 IN
1693 411 2138 471 MAT’I‘H/EUM.
2187 445 2255 455 —
2295 413 2454 469 CAP.
2495 412 2588 470 VI.

3445 413 3549 467 238

205 560 345 632 παρὰ
374 560 482 610 θεοῦ
515 555 787 630 βοηθείας.
813 555 913 605 Καὶ
949 551 1013 603 τὰ
1040 548 1196 601 λοιπά
1223 544 1282 600 δε
1318 547 1548 622 ῥήματα,
1579 544 1791 596 εὖκτικά

1928 540 1978 596 .d
2021 556 2092 596 ea
2138 540 2342 599 divino
2384 539 2560 597 nobis
2603 555 2755 612 opus
2799 544 2887 597 est
2913 539 3150 597 auxilio.
3184 539 3276 597 Sic
3321 538 3553 612 reliqua

214 648 356 715 εἰσιν,
388 645 428 698 εἰ
453 651 538 698 καὶ
571 642 940 720 προστακτικά
969 635 1210 691 δοκοῦσι.

283 827 372 876 Τὸν
420 825 564 896 ἄρτον
619 853 684 864 -
745 826 984 893 σήμερον.
1057 813 1245 881 Εἰδὼς,
1318 819 1412 872 τήν
1475 817 1565 886 μεν
1644 813 1794 884 ἀγγε-

219 912 355 970 λικήν
404 915 548 984 φύσιν
619 906 888 985 ἀπροσδεῆ
949 914 1162 981 τροφῆς,
1212 908 1305 961 τὴν
1355 901 1679 976 ἀνθρωπίνην
1737 898 1796 952 δε

214 1004 389 1061 ταύτης
442 997 652 1064 ἐπιδεῆ,
721 996 1031 1073 προσέταξεν
1087 994 1346 1045 αἰτεῖσθαι
1397 996 1455 1042 τό
1520 991 1797 1062 ἀναγκαῖον

212 1099 298 1151 τῆς
349 1092 564 1161 φύσεως.
623 1088 814 1161 ’Δρτον
865 1084 924 1138 δὲ
980 1087 1124 1156 ἡμῶν
1174 1079 1326 1148 εἶπεν,
1378 1079 1492 1132 ἀντὶ
1539 1087 1651 1146 τοῦ,
1700 1083 1797 1131 Τὸν

212 1175 281 1229 δι’
338 1180 472 1250 ἡμᾶς
539 1182 832 1250 γενόμενον.
895 1175 1188 1226 Ἐπιοῦσιον
1260 1167 1317 1222 δὲ
1385 1174 1797 1240 προσηγόρευσε,

210 1269 293 1318 τὸν
328 1267 407 1319 ἐπὶ
442 1275 500 1339 τῇ
536 1267 695 1337 οὐσία
747 1269 836 1316 καὶ
877 1262 1094 1333 ὑπάρξει
1123 1265 1212 1311 καὶ
1258 1261 1514 1310 συστάσει
1560 1265 1650 1308 τοῦ
1701 1262 1800 1308 σώ-

219 1373 372 1425 ματος
421 1351 730 1413 ἐπιτήδειον.
787 1352 854 1404 ’Ἡ
909 1354 1043 1403 κατά
1098 1353 1184 1400 τόν
1396 1350 1797 1420 Χρυσόστομον,

224 1440 472 1494 ἐπιούσιον
525 1440 648 1508 εἶπε,
704 1445 792 1494 τόν
845 1439 1116 1512 ἐφήμερον,
1175 1435 1277 1490 Ἕω
1327 1436 1403 1505 (3)
1460 1437 1561 1507 γάρ
1613 1434 1799 1504 ὀνομά-

223 1528 370 1600 ζομεν
422 1536 505 1588 τήν
561 1534 773 1604 ἡμέραν.
835 1529 1134 1595 Προσεθηκε
1191 1522 1250 1577 δε
1302 1527 1390 1575 καὶ
1441 1527 1498 1576 τό
1558 1528 1797 1594 σήμερον,

223 1625 555 1693 φανερώτερον
622 1619 830 1689 ἀπάγων
881 1619 1020 1688 ἡμᾶς
1075 1623 1166 1667 τοῦ
1233 1618 1304 1686 μὴ
1367 1616 1444 1683 (4)
1514 1612 1799 1684 φροντίζειν

590 1707 830 1759 Βοῦλεται
887 1709 1008 1780 γὰρ,
1085 1708 1199 1763 τοῦς
1272 1705 1494 1762 πιστοὺς
1558 1700 1605 1752 ἐν
1688 1706 1801 1760 ταῖς

221 1794 397 1865 εὐχαῖς
441 1799 592 1872 ἄρτον
647 1801 800 1868 μόνον
844 1795 1024 1862 αἰτεῖν,
1065 1799 1154 1844 καὶ
1202 1800 1382 1843 τοῦτον
1429 1796 1651 1864 σήμερον
1700 1793 1799 1859 μό-

219 1711 512 1779 περαιτέρω.

1901 646 2036 703 quae
2076 635 2407 702 sequuntur
2454 629 2658 698 verba,
2705 630 2968 702 optativa
3000 633 3154 696 sunt,
3200 645 3554 702 quanquam

1899 720 2214 776 videantur
2232 719 2601 792 imperativa.

1973 811 2131 863 Vers.
2165 811 2247 863 tt.
2282 810 2496 864 Panem
2527 840 2594 847 —
2622 808 2811 864 hodie.
2857 808 3058 863 Sciens
3097 808 3342 880 quidem
3383 814 3559 864 natu-

1902 913 2031 953 ram
2045 897 2376 964 angelicam
2394 913 2774 969 nequaquam
2787 897 2921 952 cibo
2935 897 3220 965 indigere,
3235 897 3557 952 humanam

1906 1002 2044 1041 vero
2074 987 2252 1056 hujus
2304 1002 2439 1041 esse
2476 985 2862 1055 indigentem,
2905 985 3081 1055 jussit
3126 985 3291 1057 quod
3332 991 3560 1040 naturis

1906 1075 2308 1130 necessarium
2334 1081 2420 1129 est
2449 1075 2580 1145 peti.
2615 1076 2840 1130 Panem
2870 1079 3070 1130 autem
3097 1081 3360 1128 nostrum
3389 1073 3560 1135 dixit,

1905 1163 2019 1219 hoc
2041 1169 2143 1233 est,
2170 1169 2411 1236 propter
2427 1179 2537 1219 nos
2559 1162 2880 1218 formatum
2908 1163 3562 1231 ;supersubstantialem

1907 1268 2047 1308 vero
2061 1253 2400 1324 appellavit,
2416 1254 2559 1325 quia
2571 1253 2647 1308 ad
2661 1253 2928 1324 corporis
2945 1252 3367 1318 substantiam,
3387 1253 3564 1308 vitam

1908 1357 1978 1397 ac
2007 1343 2489 1398 constitutionem
2521 1342 2880 1397 conveniens
2910 1347 3015 1397 est.
3048 1341 3145 1397 Vel
3177 1344 3348 1412 juxta
3387 1343 3567 1413 Chry-

1908 1435 2229 1486 sostomum
2260 1431 2522 1482 ἐπιούσιον
2552 1431 2719 1495 dixit,
2754 1431 2815 1485 id
2846 1436 2954 1498 est,
2996 1432 3420 1503 quotidianum.
3456 1430 3566 1485 Ad-

1907 1520 1992 1576 dit
2011 1521 2209 1585 etiam,
2237 1522 2406 1576 hodie
2434 1538 2444 1574 :
2481 1537 2517 1577 a
2545 1537 2689 1577 cura
2716 1536 2824 1576 nos
2855 1521 3158 1577 abducens
3203 1521 3569 1594 insequentis

1908 1610 2210 1682 temporis.
2240 1609 2366 1664 Vult
2401 1610 2550 1665 enim
2586 1609 2786 1666 ﬁdeles
2823 1625 3038 1681 panem
3081 1615 3309 1666 tantum
3350 1615 3567 1682 petere,

1908 1706 1963 1754 et
1988 1700 2146 1753 hunc
2167 1703 2396 1754 tantum
2418 1697 2797 1762 hodiernum,
2824 1713 2930 1753 nec
2963 1699 3101 1768 angi
3123 1698 3197 1753 de
3239 1699 3571 1770 insequenti

1909 1787 2024 1852 die,
2057 1803 2193 1842 cum
2219 1802 2411 1858 neque
2433 1787 2693 1842 sciamus
2716 1802 2792 1841 an
2825 1787 3078 1841 etiamin
3110 1787 3240 1858 ipso
3277 1787 3571 1842 vivemus.

218 1902 316 1951 νον,
360 1890 446 1937 καὶ
493 1891 564 1958 μή
621 1904 738 1957 μερι
793 1890 881 1954 νᾷν
937 1887 1055 1955 περὶ
1129 1890 1220 1941 τῆς
1271 1879 1520 1940 ἐπιούσης
1588 1880 1799 1950 ἡμέρας,

1928 1875 2605 1947 Superﬂuumestitaque
2619 1875 2933 1930 sollicitum
2949 1891 3075 1930 esse
3092 1875 3164 1930 de
3180 1876 3293 1939 die,
3310 1875 3386 1932 ad
3400 1877 3491 1946 cuj
3508 1893 3574 1931 us

219 1968 353 2024 διότι
407 1974 500 2026 οὐκ
557 1971 794 2045 οἴδαμεν,
851 1972 893 2024 εἰ
948 1977 1038 2022 καὶ
1098 1969 1146 2022 ἐν
1214 1969 1345 2040 αὐτῇ
1403 1969 1650 2039 ζήσομεν.
1705 1970 1804 2018 Καὶ

218 2057 386 2113 λοιπόν
425 2067 662 2137 περιττόν
710 2062 824 2114 ἐστι
874 2066 1123 2135 μεριμνᾷν
1161 2063 1278 2130 περὶ
1329 2058 1410 2127 (5)
1453 2059 1668 2130 ἡμέρας,
1724 2056 1803 2122 ἧς,

223 2148 308 2200 οῦκ
335 2147 572 2224 οἴδαμεν,
616 2151 660 2203 εἰ
700 2153 960 2222 φθάσομεν
1005 2152 1062 2200 τὸ
1112 2144 1405 2218 διάστημα.
1436 2151 1600 2197 Τοῦτο
1632 2141 1690 2196 δε
1719 2147 1808 2194 καὶ

223 2243 426 2309 προῖὼν,
482 2236 580 2292 διὰ
637 2238 880 2291 πλειόνων
933 2237 1096 2308 λόγων
1154 2235 1381 2301 ἐπέταξε,
1437 2234 1591 2305 λέγων
1645 2250 1658 2262 ·
1721 2236 1804 2290 Μή

223 2334 567 2400 μεριμνήσητε
615 2328 687 2388 εἰς
738 2332 831 2386 τήν
888 2330 1085 2398 αὔριον.
1151 2325 1303 2376 Οὖτω
1356 2327 1454 2396 γὰρ
1509 2321 1569 2373 ἂν
1622 2321 1810 2374 εὐστα-

221 2412 314 2476 λεῖς
378 2416 626 2490 ἐσόμεθα,
697 2416 844 2487 ὀλίγα
918 2419 1006 2488 μὲν
1063 2415 1352 2474 ὑπείκοντες
1414 2420 1483 2482 τῷ
1550 2410 1813 2482 ἀναγκαίῳ

218 2513 308 2566 τῆς
366 2510 588 2578 φύσεως,
662 2505 823 2558 τᾶλλα
897 2501 956 2556 δι
1022 2507 1322 2578 τρεπόμενοι
1376 2503 1501 2576 πρός
1565 2500 1813 2574 ἐργασίαν

220 2600 595 2668 πνευματικήν,

294 2685 460 2754 [Εἰκὸς
504 2686 582 2756 t6)
643 2680 721 2754 δε,
780 2688 868 2736 καὶ
919 2685 1007 2734 τόν
1052 2688 1141 2740 τῆς
1187 2679 1375 2751 ψυχῆς
1421 2679 1574 2750 ἄρτον
1631 2677 1812 2732 αἰτεῖν.

224 2774 423 2844 Χρήζει
477 2775 577 2847 γὰρ
649 2777 738 2824 καὶ
797 2771 927 2829 αὕτη
986 2777 1182 2842 τροφῆς
1233 2768 1526 2832 ἐπιουσίου,
1573 2767 1701 2837 λέγω
1751 2765 1815 2824 δή

224 2867 319 2921 τῆς
372 2863 559 2916 ἄνωθεν
616 2860 929 2934 ἐλλάμψεως,
987 2864 1076 2911 καὶ
1135 2859 1484 2930 ἐπιχορηγίας
1536 2866 1625 2916 τῆς
1682 2859 1817 2916 θείας

227 2950 506 3023 γνώσεως.]

305 3043 516 3090 Καὶ-
572 3042 737 3112 ἡμῶν.
793 3039 1162 3110 Ἐπιστάμενος
1235 3039 1294 3088 τὸ
1360 3040 1489 3108 πρὸς
1563 3035 1816 3107 ἁμαρτίαν

233 3124 490 3181 εῦόλισθον
543 3136 635 3190 τῆς
692 3131 894 3200 φύσεως
944 3129 1110 3200 ἡμῶν,
1172 3131 1262 3176 καὶ
1317 3130 1705 3199 προγινώσκων,
1738 3126 1817 3175 ὁτι

1914 1965 2175 2036 spatium
2192 1970 2385 2019 utrum
2401 1964 2804 2035 pertingemus
2817 1964 3186 2033 ignoramus.
3204 1967 3319 2020 Hoc
3331 1981 3575 2037 quoque

1911 2069 1974 2127 in
2008 2054 2392 2126 sequentibus
2413 2053 2582 2123 jubet
2611 2053 2883 2124 pluribus
2916 2054 3129 2118 verbis,
3172 2054 3374 2110 dicens
3423 2055 3576 2110 inter

1917 2149 2165 2198 caetera:
2233 2143 2317 2198 Ne
2369 2142 2612 2198 solliciti
2661 2143 2782 2196 sitis
2835 2143 2898 2197 in
2967 2146 3283 2199 crastinum
3362 2146 3429 2196 η.
3493 2146 3577 2200 Ita

1922 2246 2134 2302 nempe
2183 2229 2439 2301 expediti
2479 2230 2718 2299 erimus,
2761 2246 2955 2302 pauca
2985 2237 3202 2287 natura:
3230 2231 3580 2303 [necessitati

1919 2319 2320 2385 concedendo,
2344 2319 2572 2392 reliqua
2591 2334 2732 2376 vero
2752 2319 2830 2376 ad
2851 2320 3260 2392 operationem
3300 2318 3578 2393 spiritua-

1919 2408 2038 2466 lem
2058 2408 2394 2465 tribuendo.

1996 2680 2256 2750 Equum
2285 2678 2462 2733 etiam
2494 2682 2598 2742 est,
2618 2677 2830 2733 animae
2849 2693 3089 2750 quoque
3109 2693 3327 2750 panem
3353 2682 3572 2750 petere.
3597 2743 3612 2750 ,

1927 2768 2154 2837 Indiget
2184 2768 2340 2822 enim
2373 2773 2428 2822 et
2473 2766 2604 2838 ipsa
2642 2767 3198 2838 supersubstantiali
3232 2767 3367 2823 cibo
3400 2784 3411 2822 :
3442 2768 3575 2823 dico

1928 2872 2074 2912 sane
2099 2855 2530 2912 illuminatione
2548 2855 2782 2919 caelesti,
2805 2859 2984 2927 utque
3011 2855 3213 2912 divina
3235 2855 3287 2911 ei
3319 2856 3576 2927 cegnitio

1927 2945 2290 3017 praebeatur.

1999 3037 2156 3090 Vers.
2210 3038 2289 3088 12.
2346 3034 2416 3088 Et
2469 3063 2537 3072 —
2588 3034 2828 3089 nostris.
2873 3033 3070 3089 Sciens
3109 3049 3294 3105 quam
3347 3032 3574 3089 lubrica

1928 3127 2080 3179 esset
2101 3128 2312 3178 natura
2327 3127 2527 3177 nostra
2541 3122 2613 3177 ad
2632 3127 2937 3193 peccatum
2956 3139 2969 3186 ;
2988 3137 3322 3190 agnoscens
3335 3137 3576 3194 quoque

223 3218 313 3265 καὶ
359 3220 488 3286 μετὰ
543 3221 600 3269 τό
652 3216 867 3290 λουτρὸν
920 3225 1017 3277 τῆς
1077 3213 1475 3286 παλιγγενεσίας
1515 3215 1815 3288 ἁμαρτήσο-

1928 3219 1983 3269 et
2021 3219 2152 3284 post
2180 3212 2640 3284 regenerationis
2668 3211 2994 3278 lavacrum,
3025 3227 3261 3266 rursum
3303 3228 3412 3266 nos
3447 3228 3575 3267 esse

201 3320 320 3372 μεν,
396 3307 589 3359 κελεύει
660 3304 970 3378 παρακαλεῖν
1048 3305 1172 3377 ὑπὲρ
1248 3311 1346 3354 τῶν
1406 3303 1816 3377 ἁμαρτημάτων,

199 3388 331 3464 οἷπερ
436 3393 758 3465 ὀφειλήματα
827 3393 1106 3464 ὠνόμασεν.
1183 3391 1467 3463 Ὀφείλημα
1541 3393 1661 3466 γὰρ,
1729 3395 1818 3442 καὶ

211 3481 272 3530 τὸ
320 3477 640 3555 ἁμάρτημα,
697 3483 767 3542 ὡς
828 3486 914 3533 καὶ
968 3481 1093 3532 αὐτὸ
1158 3489 1334 3532 ποιοῦν
1402 3482 1684 3533 ὑπεύθυνον
1732 3479 1816 3531 τόν

221 3567 518 3642 ἄνθρωπον,
574 3571 746 3644 ὥσπερ
805 3575 892 3621 καὶ
943 3573 1000 3621 τό
1051 3573 1226 3643 χρέος.
1288 3568 1704 3638 Παρακαλοῦντες
1760 3565 1817 3621 δε

221 3657 356 3731 ὑπὲρ
407 3657 635 3731 ἀφέσεως
690 3658 898 3727 αὐτῶν,
949 3657 1445 3732 ἀναμιμνησκόμεθά
1495 3677 1550 3710 τε
1597 3659 1762 3710 αὐτῶν
1801 3699 1816 3723 ,

222 3752 316 3799 καὶ
373 3752 758 3821 ταπεινούμενοι
837 3747 1237 3822 συντριϐόμεθα.
1306 3744 1556 3800 Διδάσκει
1611 3743 1670 3799 δὲ
1730 3753 1819 3799 καὶ

218 3841 430 3909 τρόπον,
483 3834 556 3890 δι’
601 3837 662 3889 οὗ
717 3836 926 3909 κάμψαι
973 3834 1312 3909 δυνησόμεθα
1363 3839 1448 3888 τὸν
1502 3839 1642 3901 Θεὸν,
1692 3839 1819 3908 φημὶ

222 3921 318 3992 δή,
370 3930 425 3979 τό
465 3932 555 3979 καὶ
595 3929 736 3999 ἡμᾶς
796 3934 1093 4000 συγχωρεῖν
1144 3933 1254 3986 τοῖς
1306 3925 1692 3998 ἁμαρτάνουσιν
1750 3925 1819 3987 εἰς

217 4017 358 4088 ἡμᾶς
388 4035 402 4049 ο
429 4018 646 4078 τούτους
691 4018 792 4089 γὰρ
846 4014 1108 4087 ὀφειλέτας
1165 4011 1274 4067 εἶπε
1301 4031 1314 4044 ·
1371 4019 1459 4066 καὶ
1516 4022 1666 4067 τοῦτο
1697 4033 1820 4090 προ-

217 4103 523 4174 ϐάλλεσθαι,
552 4103 662 4156 ἀντὶ
709 4106 882 4163 πάσης
931 4106 1214 4177 ἱκετηρίας,
1265 4104 1333 4165 ὡς
1381 4102 1639 4165 ἐξελέσθαι
1687 4105 1820 4175 ἡμᾶς

217 4187 524 4264 δυνάμενον.
559 4197 646 4244 Διό
680 4195 932 4266 καὶμετά
986 4196 1045 4244 τό
1093 4192 1369 4267 πληρῶσαι
1415 4196 1508 4250 τὴν
1555 4189 1820 4244 διδασκα-

214 4279 336 4332 λίαν
383 4289 476 4342 τῆς
513 4282 643 4353 εῦχῆ
658 4303 700 4349 ς,
732 4281 886 4334 πάλιν
916 4280 1326 4353 ἑπαναλαμϐάνει
1355 4285 1440 4332 τόν
1492 4285 1609 4354 περὶ
1663 4281 1822 4333 αὐτοῦ

213 4368 388 4441 λόγον.
422 4376 530 4422 Νῦν
585 4367 644 4422 δε
694 4378 848 4422 τοῦτο
893 4373 1186 4444 προσέθηκε
1229 4377 1289 4442 τῇ
1337 4369 1492 4442 εὐχῇ,
1544 4372 1624 4421 ἱνα
1671 4379 1822 4422 τοῦτο

215 4459 338 4511 καθ’
398 4459 623 4516 ἑκάστην
686 4463 812 4532 πρὸς
869 4462 996 4512 Θεὸν
1051 4459 1300 4530 λέγοντες,
1371 4456 1598 4529 ἀνάγκην
1650 4457 1822 4533 ἕξομεν

1926 3302 2279 3365 oﬂensuros,
2309 3301 2598 3372 jubetpro
2626 3300 2879 3371 peccatis
2895 3300 3222 3371 deprecari,
3244 3316 3379 3372 quae
3393 3300 3571 3355 etiam

1926 3392 2128 3446 debita
2200 3389 2574 3445 nominavit:
2625 3389 2890 3443 debitum
2938 3389 3096 3442 enim
3159 3395 3215 3443 et
3269 3396 3574 3459 peccatum

1927 3481 2102 3553 quasi
2147 3479 2356 3534 eadem
2398 3495 2512 3541 res,
2567 3477 2891 3532 obnoxium
2946 3477 3200 3532 reddunt
3243 3476 3571 3543 hominem,

1928 3571 2079 3625 sicut
2109 3574 2166 3624 et
2203 3585 2284 3623 aes
2315 3568 2600 3623 alienum.
2642 3567 3037 3638 Deprecantes
3063 3572 3263 3622 autem
3291 3581 3398 3637 pro
3421 3567 3574 3638 ipso-

1927 3675 2061 3715 rum
2082 3656 2455 3721 remissione,
2479 3655 2914 3712 reminiscimur
2935 3671 3163 3720 eorum,
3188 3661 3242 3711 et
3281 3655 3573 3712 humiliati

1929 3747 2310 3804 conterimur.
2362 3749 2538 3801 Docet
2566 3760 2808 3818 quoque
2833 3749 2889 3800 et
2923 3744 3194 3810 modum,
3235 3761 3357 3819 quo
3390 3747 3575 3802 Deum

1927 3836 2161 3892 ﬂectere
2229 3835 2534 3908 possimus
2580 3851 2592 3889 :
2648 3832 2782 3889 dico
2831 3849 2975 3890 sane
3045 3839 3108 3890 ut
3175 3839 3233 3890 et
3289 3849 3400 3890 nos
3457 3833 3572 3889 illis

1929 3923 2449 3997 ignoscamus,qui
2476 3924 2532 3978 in
2552 3938 2660 3978 nos
2675 3927 3095 3994 peccaverunt:
3127 3938 3270 3978 nam
3293 3923 3404 3979 hos
3427 3923 3576 3980 dixit

1929 4013 2248 4069 debitores.
2275 4015 2336 4068 Et
2358 4014 2470 4068 hoc
2495 4011 2664 4083 jubet
2679 4028 2785 4083 pro
2806 4012 2968 4066 omni
2989 4013 3179 4068 forma
3196 4011 3576 4084 supplicandi

1929 4102 2177 4174 proferri
2207 4119 2220 4158 ε
2249 4108 2530 4172 tanquam
2553 4101 2610 4155 id
2635 4101 2826 4155 solum
2858 4105 3064 4170 potens
3079 4101 3154 4156 sit
3178 4116 3287 4155 nos
3303 4101 3573 4157 liberare.

1931 4193 2187 4263 ideoque
2209 4189 2504 4260 completa
2517 4189 2588 4243 de
2611 4190 2873 4243 oratione
2888 4189 3174 4251 doctrina,
3197 4189 3402 4244 iterato
3415 4204 3578 4259 repe-

1931 4280 1998 4335 tit
2025 4279 2098 4334 de
2120 4279 2232 4334 hac
2262 4293 2323 4332 re
2372 4292 2730 4332 sermonem.
2773 4276 2939 4330 Nunc
2971 4281 3167 4329 autem
3197 4275 3424 4330 addidit
3449 4291 3581 4332 ora-

1932 4367 2099 4432 tioni,
2136 4371 2199 4422 ut
2224 4365 2394 4420 nobis
2422 4365 2534 4419 hoc
2547 4363 2809 4436 quotidie
2829 4366 2947 4418 Deo
2965 4363 3321 4432 dicentibus,
3337 4379 3579 4419 necesse

1936 4458 2010 4514 sit
2039 4457 2150 4512 illis
2179 4455 2279 4526 qui
2307 4454 2366 4509 in
2411 4469 2522 4508 nos
2563 4454 2958 4524 deliquerunt,
2993 4453 3300 4522 ignoscere
3331 4455 3416 4523 -Η-
3459 4468 3579 4507 me-

217 4555 522 4621 συγχωρεῖν
567 4555 677 4609 τοῖς
729 4552 1008 4600 πταίουσιν
1057 4549 1128 4609 εἰς
1183 4549 1336 4620 ἡμᾶς,
1388 4546 1709 4620 φοϐούμενοι,
1751 4551 1815 4619 (7]

1933 4545 2259 4607 tuentibus,
2290 4559 2362 4598 ne
2393 4541 2883 4608 condemnemur,
2915 4546 3201 4614 tanquam
3235 4543 3582 4600 mentientes

215 4642 292 4710 μὴ
345 4638 757 4710 κατακριθῶμεν,
801 4639 870 4699 ὡς
909 4633 1243 4710 ψευδόμενοι,
1294 4639 1425 4711 πρὸς
1473 4635 1676 4696 ἀπάτην
1734 4647 1824 4692 τοῦ

218 4733 385 4781 Θεοῦ.

299 4824 351 4860 η
375 4823 572 4881 Matth.
604 4840 683 4893 v1,
707 4824 795 4880 34.

1936 4636 2014 4694 ad
2044 4633 2370 4692 fallendum
2399 4633 2605 4688 Deum.

1462 4896 1680 4966 Variae
1712 4899 2040 4968 lectiones
2061 4905 2126 4964 et
2157 4906 2358 4963 notae.

300 5035 466 5108 (2')t.
490 5034 601 5105 VII,
637 5051 696 5108 p.
724 5036 848 5090 251.

299 5110 382 5179 (3)
411 5106 503 5162 Ab
532 5109 561 5165 ἡ
594 5109 706 5168 ἕως.
733 5107 916 5179 Miror
940 5105 1425 5179 a_utem,_hgomini
1452 5107 1652 5166 Graeco
1676 5109 1832 5167 hanc

218 5175 774 5250 interpretationem
792 5175 1102 5250 excidisse.
1128 5177 1294 5250 Multi
1310 5179 1384 5234 de
1400 5178 1516 5235 hoc
1535 5182 1833 5239 vocabulo

218 5247 422 5308 multa
435 5252 492 5305 et
509 5249 657 5305 mira
673 5249 968 5306 dixerunt.
991 5247 1312 5304 Finxithoc
1336 5250 1643 5307 Matthaaus
1661 5253 1735 5308 ad
1754 5253 1836 5308 si-

222 5319 629 5395 militudinem
652 5328 744 5395 τοῦ
775 5322 1092 5395 περιούσιος.
1129 5321 1207 5374 De
1234 5317 1410 5395 οὐσία,
1434 5339 1625 5395 λεεηειι
1651 5329 1833 5380 meta-

220 5393 494 5466 physico,
527 5391 623 5466 hic
653 5391 985 5466 planenon
1033 5397 1121 5446 est
1168 5393 1578 5466 cogitandum,
1627 5396 1732 5450 sed
1763 5396 1835 5452 de

223 5462 415 5545 sensu
439 5462 734 5545 populari.
759 5465 829 5518 Ut
855 5463 1032 5545 igitur
1053 5465 1348 5545 περιούσιος
1374 5471 1463 5518 est
1482 5465 1709 5545 largus,
1738 5482 1834 5523 co-

223 5536 460 5616 piosus,
489 5535 706 5589 deinde
733 5549 872 5589 vero
901 5535 1077 5615 etiam
1111 5535 1472 5612 praecipuus,
1498 5537 1786 5593 excellens
1821 5559 1832 5590 :

223 5614 315 5662 Ita
350 5606 615 5667 ἐπιούσιος
641 5610 728 5661 est
753 5604 1078 5667 sufﬁeiens,
1107 5621 1144 5658 1.
1174 5621 1226 5660 e.
1259 5605 1456 5667 ἐπαρκή
1471 5629 1512 5667 ς,
1546 5607 1780 5667 χρειώδη
1794 5629 1832 5667 ς.

223 5626 315 5662 lla
350 5626 615 5667 επιουσιος
641 5626 728 5661 εει
753 5626 1078 5667 SUIUCICHS,
1107 5626 1144 5658 Ι.
1174 5626 1226 5660 Θ.
1259 5626 1456 5681 επαρκη
1471 5629 1512 5676 ς,
1543 5626 1832 5683 χρειώοης.

223 5678 409 5758 ﬂecte
440 5677 773 5758 soboliasta.
811 5691 994 5758 quem
1025 5673 1104 5730 ad
1133 5677 1439 5758 lineam}.
1473 5680 1842 5758 510_in.mea

225 5751 303 5808 Ν.
337 5750 405 5806 Τ.
435 5748 692 5806 editione
719 5745 990 5816 laudavi,
1024 5745 1278 5819 explicat
1304 5745 1539 5823 αὐτάρκη
1572 5749 1843 5808 Christus

1937 5054 2058 5096 non
2089 5037 2210 5110 egit
2252 5053 2411 5110 cum
2439 5035 2883 5110 metaphysicis.
2920 5035 3070 5106 Ergo
3122 5035 3588 5110 Hieronymiana

1939 5107 2612 5184 supersubstantialitas,
2631 5109 2715 5164 uti
2734 5107 2995 5166 barbara
3011 5112 3115 5175 est,
3148 5109 3228 5166 ita
3245 5107 3481 5182 quoque
3503 5114 3582 5169 ab

1938 5179 2053 5239 hoc
2078 5181 2210 5237 loco
2237 5179 2451 5236 aliena.

2010 5256 2085 5322 (4)
2119 5257 2213 5324 μή.
2247 5252 2415 5324 abest
2443 5256 2507 5324 Α.

2014 5325 2088 5391 (Ei)
2112 5323 2220 5389 τὴς,
2258 5323 2425 5377 addit
2451 5323 2518 5376 Α.

2038 5393 2092 5461 6)
2145 5394 2374 5448 inclusa
2421 5393 2694 5460 legantur
2751 5393 2809 5447 in
2844 5407 3031 5461 marg.
3066 5394 3130 5447 A.
3181 5393 3376 5450 Codex
3409 5396 3449 5450 Β
3489 5395 3593 5452 ha-

1943 5463 2124 5538 bebat
2152 5465 2212 5519 in
2241 5466 2356 5519 fine
2384 5463 2886 5538 interpretationis
2911 5480 3112 5538 versus
3145 5467 3223 5531 t0,
3251 5471 3386 5538 post
3422 5483 3596 5523 voca-

1943 5535 2090 5616 bulu
2137 5539 2225 5615 κκὶ
2257 5539 2325 5606 μή
2380 5533 2583 5596 ἐκεῖνος.
2641 5538 2780 5600 Nos,
2834 5536 3181 5592 Hentenium
3231 5533 3439 5607 secuti,
3498 5538 3594 5596 hic

1946 5622 2332 5662 ωεθτυιωυε.

2020 5678 2093 5751 (7)
2123 5677 2169 5732 A
2199 5675 2506 5752 φοϐούμενοι
2547 5677 2623 5736 ad
2661 5685 2752 5730 τοῦ
2811 5684 2942 5733 Θεοῦ
2987 5678 3200 5736 omittit
3244 5679 3592 5739 Hentenius.
