4170 6444
661 387 767 446 239
1992 385 2308 444 EUTHYM]

2408 387 2706 448 IIGABENI
3950 393 4055 453 240

737 517 874 570 Vers
931 517 1011 570 l3.
1061 514 1142 570 Et
1191 527 1266 570 ne
1311 543 1379 554 —
1442 509 1836 570 tentationem.
1914 511 2180 569 Tentatio
2230 518 2384 571 estA

2507 521 2606 568 Καὶ
2637 520 2707 587 μὴ
2749 545 2817 555 --
2849 517 3156 586 πειρασμόν.
3216 521 3506 590 Πειρασμός
3537 516 3669 584 ἐστι,
3724 523 3834 579 πᾶς
3890 517 4048 591 ἀγὼν,

664 617 842 660 omne
868 605 1190 666 certamen,
1232 601 1398 674 quod
1422 600 1718 657 daemonis
1744 599 1956 656 fraude
1986 601 2311 673 quomodo-

2432 604 2486 666 ἐξ
2528 604 2765 679 ἐπηρείας
2809 612 2899 656 τοῦ
2949 601 3197 676 δαίμονος
3253 604 3594 664 ὁπωσδήποτε
3650 609 3778 678 ἡμῖν
3837 628 4049 680 προσα-

659 705 895 763 cunque
941 689 1120 746 nobis
1145 691 1459 746 inductum
1516 695 1626 754 est,
1655 706 1778 762 quo
1825 689 2043 745 animae
2103 696 2306 748 nostra

2429 698 2660 766 γόμενος,
2692 691 2764 746 δι’
2801 690 2859 746 οὗ
2895 691 3242 765 δοκιμάζεται
3281 697 3308 753 ἠ
3345 692 3558 768 ἀνδρεία
3601 697 3678 767 (8)
3711 705 3817 760 τῆς
3859 698 4049 770 ψυχῆς

653 779 936 837 fortitudo
987 779 1437 852 comprobatur.
1481 781 1603 835 Hoc
1651 779 1852 851 itaque
1902 795 2179 836 sermone
2210 795 2300 836 no:

2430 785 2596 854 ἡμῶν.
2653 781 2899 836 Παιδεύει
2947 788 3116 835 τοίνυν
3166 786 3304 855 ἡμᾶς
3365 786 3390 836 ό
3443 784 3610 856 λόγος,
3678 790 3751 858 μὴ
3839 788 4046 861 θαρῥεῖν

656 868 912 932 instruit,
987 883 1064 924 ne
1119 868 1195 924 de
1264 867 1592 940 nobisipsis
1652 867 2052 932 conﬁdamus,
2125 883 2303 940 nequi

2430 875 2655 939 ἑαυτοῖς,
2699 869 3098 944 μηδέπιπηδᾴν
3147 880 3251 933 τοῖς
3282 882 3594 946 πειρασμοῖς
3622 876 3720 926 ὑπὸ
3772 877 4046 950 θρασύτη-

653 955 966 1014 temerarie
986 956 1414 1013 tentationibus
1438 971 1550 1012 nos
1575 956 1940 1026 ingeramus,
1978 955 2085 1011 sed
2124 972 2300 1028 prece

2429 980 2534 1022 τος.
2568 966 2636 1014 Τὸ
2667 964 2767 1035 γάρ
2807 963 3080 1032 εὔχεσθαι,
3114 967 3184 1033 μὴ
3224 962 3584 1034 εἰσενεχθῆναι
3616 964 3688 1026 εἰς
3717 970 4042 1038 πειρασμόν,

657 1061 796 1102 mur
831 1060 908 1101 ne
940 1045 1001 1100 in
1057 1045 1446 1101 tentationem
1494 1044 1869 1100 inducamur.
1927 1046 2061 1099 ΙΙωο
2117 1052 2304 1100 autem

2429 1051 2595 1102 ταύτά
2625 1069 2678 1102 τε
2728 1046 2990 1118 παιδεύει,
3044 1055 3133 1102 καὶ
3182 1050 3254 1111 εἰς
3300 1049 3578 1122 ἐπίγνωσιν
3609 1054 3751 1124 ἡμᾶς
3783 1055 3916 1124 οἶγει
3964 1062 4044 1114 τῆς

657 1135 907 1200 docens,
931 1149 1042 1190 nos
1059 1149 1301 1206 quoque
1318 1133 1542 1188 inducit
1567 1132 1644 1189 ad
1663 1133 2080 1189 imbecillitatis
2101 1137 2304 1189 nostra

2431 1137 2698 1200 ἀσθενείας
2721 1140 2887 1211 ἡμῶν,
2911 1144 2999 1190 καὶ
3031 1143 3474 1213 μετριοφροσύνην
3514 1139 3770 1199 ἐντίθησι.
3808 1149 3921 1196 Καὶ
3949 1150 4041 1216 μὲν

657 1224 1047 1296 agnitionem,
1095 1227 1153 1279 et
1211 1223 1570 1279 modestiam
1615 1222 1882 1294 apponit.
1938 1221 2113 1292 Atqui
2167 1223 2304 1277 Deus

2431 1229 2455 1278 6
2490 1232 2620 1289 Θεὸς
2649 1225 2837 1280 ούδένα
2869 1229 3125 1300 πειράζει,
3156 1231 3326 1290 καθώς
3353 1234 3509 1300 φησίν
3537 1229 3786 1293 Ἰάκωϐος
3836 1234 3866 1284 ό
3915 1232 4042 1284 από-

657 1313 963 1370 neminem
1020 1315 1222 1377 tentet,
1287 1312 1436 1368 sicut
1502 1311 1694 1384 inquit
1745 1310 2006 1367 Jacobus
2078 1315 2304 1382 aposto-

2433 1317 2632 1378 στόλος.
2667 1325 2782 1379 Πῶς
2818 1313 2906 1369 οὖν
2938 1315 3064 1384 εἰπε,
3113 1323 3196 1375 Μὴ
3233 1318 3525 1390 εἰσενέγκῃς
3573 1322 3708 1392 ἡμᾶς
3747 1321 3827 1382 εἰς
3864 1342 4041 1396 mapa-

657 1401 846 1473 lus“,
902 1401 1211 1475 quomodo
1255 1415 1397 1470 ergo
1452 1399 1595 1456 dicit
1640 1401 1777 1456 :Ne
1815 1415 1911 1455 nos
1960 1400 2209 1456 inducas
2261 1400 2304 1454 i1.

2433 1410 2562 1477 σμόν
2607 1421 2620 1471 ;
2670 1410 2738 1459 Τό
2785 1411 2866 1463 Μὴ
2917 1406 3228 1478 εἰσενέγκῃς,
3285 1405 3398 1458 ἀντί
3459 1415 3570 1476 τοῦ,
3620 1413 3705 1466 Μὴ
3771 1429 4041 1483 παραχω-

661 1497 757 1547 ten
767 1491 1044 1549 tationem
1059 1491 1086 1546 ?
1104 1489 1251 1546 Illud
1267 1503 1430 1555 sane,
1444 1489 1530 1546 Ne
1541 1489 1785 1545 inducas
1800 1504 1926 1555 nos,
1943 1488 2308 1544 tantumdem

2428 1501 2600 1568 ρήσῃς
2654 1495 3034 1566 εἰσενεχθῆναι.
3089 1491 3309 1567 Ίδίωμα
3357 1492 3415 1547 δε
3470 1505 3619 1548 τοῦτο
3663 1506 3757 1559 τῆς
3813 1505 4034 1571 Γραφῆς.

657 1578 836 1648 valet,
862 1595 932 1636 ac
964 1579 1014 1634 si
1054 1579 1275 1636 diceret
1303 1597 1316 1632 :
1348 1551 1427 1636 Ne
1453 1579 1763 1650 permittas
1784 1594 1896 1634 nos
1913 1551 2154 1634 induci.
2201 1581 2304 1634 Hoc

2428 1551 2438 1568 ε
2481 1551 2486 1552 ⁷
2546 1551 2562 1565 Ῑ
2587 1551 2598 1555 ⁷
2813 1551 2855 1566 Ῑν
2911 1551 2916 1552 ⁷
3234 1551 3244 1567 Ι
3707 1551 3718 1555 ⁷
3741 1551 3756 1559 ⁸
3854 1551 3864 1574 Α
3937 1551 3951 1571 1
3980 1551 4018 1558 '-

2431 1583 2511 1638 Ἐν
2543 1592 2614 1654 τῷ
2659 1591 2996 1656 παραχωρεῖν
3043 1587 3162 1656 γὰρ,
3217 1584 3372 1646 αὐτὸς
3427 1587 3650 1656 εἰσάγειν
3701 1582 3876 1640 δοκεῖ.
3939 1595 4036 1647 Ili;

657 1673 858 1725 autem
903 1667 1220 1740 Scriptum
1267 1667 1496 1724 idioma
1542 1672 1647 1722 est.
1711 1671 1772 1722 ln
1816 1682 1887 1723 eo
1937 1667 2096 1722 enim
2153 1667 2304 1738 quod

2429 1676 2519 1746 μεν
2573 1677 2671 1745 γὰρ
2726 1677 3016 1744 πειρασμὸς
3071 1673 3170 1724 ύπὸ
3229 1681 3320 1724 τοῦ
3380 1670 3627 1726 διαϐόλου
3683 1680 4029 1749 προσάγεται,

655 1757 959 1829 permittit,
1000 1755 1430 1828 ipseinducere
1468 1755 1718 1812 videtur.
1753 1755 1958 1811 Omnis
2021 1755 2302 1826 siquiden

2429 1762 2534 1832 ούχ
2573 1764 2791 1814 ἅπτεται
2832 1757 2890 1814 δέ
2930 1781 3066 1822 τινος
3110 1759 3402 1834 ἀνθρώπου,
3441 1764 3483 1815 εἰ
3530 1768 3601 1833 μή
3655 1773 4028 1839 παραχωρήσει

657 1847 902 1904 tentatio
956 1862 994 1902 a
1057 1845 1295 1901 diabolo
1348 1844 1712 1916 producitur.
1795 1847 2007 1900 Verum
2084 1843 2304 1899 nullum

2382 1871 2397 1924 ι
2430 1853 2456 1902 ό
2487 1857 2629 1912 Θεός.
2675 1847 2816 1905 Ούδε
2849 1854 2950 1924 γάρ
2991 1856 3215 1923 χοίρους
3243 1849 3448 1922 βλάψαι
3479 1848 3724 1921 δύναται,
3760 1860 3834 1925 μὴ
3871 1875 4029 1927 παρα·

657 1937 894 2007 attingit
912 1934 1381 2007 hominem,tnisi
1403 1934 1558 1990 Deus
1586 1934 1937 2006 permiserit,
1962 1950 2098 1990 cum
2125 1950 2304 2006 neque

2429 1949 2726 2014 χωροῦντος
2781 1940 2960 1991 αὑτοῦ.
3032 1944 3132 1992 Καὶ
3199 1949 3348 1992 τούτο
3418 1947 3677 2013 προίόντες
3748 1944 4027 2014 εὑρήσομεν

658 2025 858 2099 porcis
911 2039 1124 2082 nocere
1185 2022 1461 2096 potuerit,
1531 2023 1644 2078 nisi
1718 2023 1850 2094 ipso
1922 2023 2305 2095 permittente.

2431 2037 2792 2104 φανερώτερον.
2875 2035 3195 2102 ῐΙαραχωρεῐ
3270 2025 3327 2081 δε
3409 2029 3658 2092 πολλάκις
3746 2030 4025 2102 ἐπάγεσθαι

661 2113 848 2172 veluti
937 2112 1306 2170 manifestius
1374 2113 1435 2167 in
1512 2126 1833 2184 progressu
1921 2112 2308 2167 inveniemus.

2429 2121 2553 2191 ἡμῖν
2605 2123 2725 2180 τοὺς
2782 2122 3123 2192 πειρασμούς,
3192 2119 3223 2177 ἢ
3292 2122 3418 2192 πρὸς
3470 2119 3547 2189 (9)
3604 2121 3860 2192 κάθαρσιν
3933 2128 4023 2172 τῶν

663 2203 892 2276 Saepius
921 2206 1124 2259 autem
1149 2200 1434 2270 permittit
1454 2201 1804 2257 tentationes
1836 2201 1896 2256 in
1947 2216 2058 2255 nos
2091 2200 2310 2264 induci.

2430 2208 2693 2280 ἁμαρτιῶν
2760 2210 2926 2279 ἡμῶν,
2988 2209 3015 2265 ἡ
3082 2209 3212 2280 πρὸς
3277 2213 3560 2281 φανέρωσιν
3627 2218 3722 2271 τῆς
3791 2209 4023 2280 ψυχικῆς

661 2298 764 2350 aut
789 2295 1033 2365 propter
1078 2294 1320 2362 peccata
1355 2295 1578 2359 nostra,
1629 2294 1732 2345 aut
1773 2294 1835 2344 ut
1868 2288 2184 2344 manifesta
2219 2287 2308 2344 tia!

2428 2294 2672 2370 ἀνδρείας
2701 2296 2814 2366 (10)
2860 2298 3028 2367 ἡμῶν,
3087 2299 3149 2355 ὡς
3208 2297 3236 2353 ἡ
3300 2300 3435 2348 κατὰ
3485 2300 3570 2348 τὸν
3621 2297 3737 2351 Ἰὼϐ
3789 2295 4021 2358 ἐδιδαξεν

661 2382 879 2438 animm
921 2385 1142 2436 nostra;
1189 2377 1488 2444 fortitudo,
1546 2377 2055 2450 quemadmodum
2118 2376 2308 2432 docuit

2432 2389 2659 2458 ἱστορία.
2710 2385 2908 2438 Κελεύει
2958 2381 3068 2448 οὖν,
3129 2387 3382 2456 εὔχεσθαι
3439 2389 3550 2457 μεν,
3608 2391 3678 2458 μὴ
3727 2386 4010 2451 εἰσενεχθῆ-

660 2469 851 2542 ipsius
874 2469 988 2524 Job
1006 2467 1270 2524 historia.
1297 2466 1472 2522 Jubet
1491 2482 1633 2537 ergo
1665 2481 1776 2521 nos
1799 2465 2044 2538 quidem
2068 2465 2307 2537 precari,

2428 2495 2514 2527 ναι
2543 2475 2610 2535 εἰς
2649 2477 2961 2548 πειρασμόν,
2996 2469 3091 2525 διὰ
3119 2477 3212 2535 τὰς
3245 2473 3477 2548 ἀνωτέρω
3520 2476 3757 2548 ῥηθείσας
3793 2471 3965 2531 αἰτίας
3994 2489 4006 2502 ·

662 2573 738 2614 ne
763 2558 823 2614 in
853 2557 1235 2614 tentationem
1282 2554 1638 2611 inducamur
1673 2571 1686 2620 ;
1718 2554 1844 2625 ipse
1877 2569 2013 2609 vero
2068 2569 2204 2608 cum
2247 2553 2309 2607 sit

2431 2565 2587 2624 αὐτὸς
2628 2559 2705 2626 δε,
2741 2564 3010 2634 οἰκονόμος
3059 2562 3125 2614 ὢν
3181 2571 3279 2614 τῶν
3334 2565 3587 2635 ἡμετέρων
3636 2561 3844 2633 ψυχῶν,
3893 2563 4020 2612 ποτὶ

664 2647 1007 2704 animarum
1024 2649 1362 2702 nostrarum
1375 2644 1740 2708 moderator,
1757 2642 2053 2697 interdum
2069 2641 2311 2714 quidem

2431 2653 2520 2723 μεν
2550 2658 2881 2725 παραχωρεῖ,
2941 2655 3062 2703 ποτε
3095 2647 3153 2703 δε
3206 2651 3411 2720 κωλύει,
3465 2655 3594 2725 πρὸς
3647 2654 3704 2702 τό
3745 2653 4015 2723 συμφέρον,

664 2735 960 2809 permittit,
991 2734 1355 2807 quandoque
1403 2747 1544 2789 vero
1592 2730 1884 2802 prohibet,
1931 2731 2102 2801 juxta
2156 2728 2311 2802 quod

2430 2739 2664 2813 έκάτερα.
2732 2743 2824 2792 Διά
2885 2748 3058 2805 τοῦτο,
3124 2745 3194 2811 μὴ
3255 2739 3578 2812 ἐπαγομένων
3630 2743 3720 2812 μεν
3768 2748 3863 2792 τῶν
3918 2759 4019 2792 πει-

667 2830 985 2897 utrumque
1033 2823 1358 2897 expediens
1430 2825 1544 2878 est.
1605 2820 1799 2888 Quare
1880 2835 2002 2875 non
2059 2818 2314 2874 inductis

2429 2837 2668 2904 ρασμῶν,
2697 2834 3043 2904 παραιτητέον
3100 2829 3308 2895 αύτούς,
3347 2829 3670 2902 ἐπαγομένων
3702 2826 3781 2896 δι,
3816 2824 4019 2901 ἀνδρισ-

666 2913 915 2988 quidem
953 2911 1498 2980 tentationibus,ab
1529 2909 1600 2964 iis
1642 2923 1850 2964 cavere
1875 2907 2166 2964 debemus
2197 2907 2274 2978 (o)
2305 2924 2313 2964 :

2429 2923 2559 2984 τέον,
2612 2920 2694 2971 ἵνα
2742 2923 2832 2971 καὶ
2876 2922 2933 2970 τό
2977 2922 3203 2991 μέτριον,
3245 2923 3343 2970 ’καὶ
3381 2922 3437 2970 τό
3484 2926 3714 2990 γενναῖον
3757 2914 4017 2980 ἐπιδειξώ-

667 3003 767 3060 ubi
795 3007 994 3061 autem
1032 3002 1291 3058 inductm
1345 3003 1502 3061 sunt,
1543 2997 1790 3054 viriliter
1826 2997 2321 3055 contrastandum
2429 3009 2584 3079 μιθα,

666 3097 777 3162 est,
808 3097 872 3150 ut
901 3095 958 3148 et
1005 3089 1313 3148 modestia:
1353 3091 1409 3146 et
1441 3085 1801 3144 fortitudinis
1835 3086 2138 3158 specimen
2175 3101 2321 3158 prm-

665 3182 944 3241 beamus.
2346 3221 2393 3280 ,Ο

737 3275 897 3328 Vers.
933 3271 1022 3327 l3.
1061 3267 1180 3326 Sed
1205 3297 1274 3307 —
1325 3281 1362 3324 a
1390 3267 1542 3324 malo
1568 3265 1786 3322 Malum
1826 3265 2074 3338 quidem
2114 3265 2228 3323 hoc
2259 3265 2321 3322 in
2353 3253 2384 3280 “⁴

2370 3260 2393 3280 ³
2501 3256 2657 3310 Ἀλλὰ
2712 3288 2780 3299 --
2833 3259 2933 3312 ἀπὸ
3012 3267 3102 3313 τοῦ
3171 3266 3420 3336 πονηροῦ.
3491 3260 3721 3336 nempe.
3786 3253 4017 3330 ἐνταῦθα,

663 3360 793 3418 loco
831 3357 1141 3416 diabolum
1170 3355 1518 3426 nominavit,
1546 3370 1668 3411 non
1698 3353 1864 3427 quod
1887 3358 2100 3410 natura
2126 3353 2310 3410 malus

2428 3351 2514 3400 τὸν
2565 3344 2806 3400 διάϐολον
2862 3350 3146 3421 ὠνόμασεν,
3183 3351 3287 3422 ούχ
3323 3353 3387 3411 ὡς
3435 3353 3587 3422 φύσει
3633 3355 3880 3426 πονηρὸν,
3923 3351 4017 3403 ἀλλ’

667 3450 741 3507 sit
763 3449 868 3506 sed
893 3447 1215 3504 voluntate.
1243 3448 1344 3501 Per
1366 3444 1854 3501 antonomasiam
1872 3448 2071 3499 autem
2092 3443 2314 3500 malum

2428 3441 2493 3497 ὡς
2550 3442 2870 3513 προαιρέσει.
2947 3439 3072 3492 Κατ’
3141 3440 3394 3514 ἐξαίρετον
3455 3436 3514 3492 δι
3580 3445 3802 3513 πονηρὸν
3875 3441 4015 3492 αὐτὸν

665 3554 806 3596 eum
853 3534 1196 3608 appellavit,
1254 3539 1547 3606 tanquam
1603 3533 1665 3588 in
1727 3536 1993 3588 extremo
2057 3529 2312 3604 positum

2427 3523 2684 3592 ἐκάλεσεν,
2763 3529 2832 3588 ὡς
2906 3528 3023 3579 καθ’
3091 3528 3376 3601 ὑπερϐολὴν
3452 3534 3693 3603 πονηρόν.
3754 3530 4018 3592 Ἐπιτάξας

666 3626 928 3684 malitiae.
962 3627 1024 3680 ln
1055 3638 1126 3679 eo
1165 3637 1305 3679 vero
1351 3621 1518 3694 quod
1559 3636 1668 3676 nos
1700 3621 1923 3692 precari
1946 3621 2116 3692 jubet
2142 3627 2204 3677 ut
2243 3621 2313 3678 ab

2430 3611 2488 3668 δε
2515 3617 2638 3687 ἡμῖν
2680 3617 2933 3686 εὔχεσθαι
2982 3615 3243 3690 ῥυσθῆναι
3300 3616 3389 3669 ἀπ’
3446 3618 3626 3685 αὑτοῦ,
3677 3614 3893 3683 ἔδειξεν,
3955 3620 4019 3670 ότι

667 3731 739 3773 eo
768 3714 1100 3777 liberemur,
1133 3709 1392 3767 ostendit
1423 3711 1588 3781 quod
1615 3703 2046 3766 Atrocissimum
2076 3725 2146 3765 ac
2181 3710 2314 3766 irre-

2428 3701 2693 3756 άσπονδον
2749 3710 2835 3758 καὶ
2900 3704 3196 3780 βαρύτατον
3249 3708 3362 3778 ἔχει
3414 3709 3529 3759 καθ’
3589 3709 3732 3779 ἡμῶν
3786 3707 4017 3778 πόλεμον,

665 3800 1038 3862 conciliabile
1089 3802 1294 3856 contra
1338 3814 1447 3854 nos
1499 3803 1663 3867 gerat
1717 3797 1939 3854 bellum
1982 3798 2312 3870 ;nobisque

2428 3797 2517 3844 καὶ
2547 3798 2706 3868 χρεία
2752 3802 2847 3855 τῆς
2903 3797 3092 3848 ἄνωθεν
3143 3801 3473 3868 συμμαχίας.
3520 3797 3790 3867 Εὖχεσθαι
3846 3791 3908 3848 δὲ
3947 3797 4021 3870 ῥυ·

665 3892 873 3949 divino
892 3890 965 3944 sit
994 3904 1148 3960 opus
1180 3885 1417 3944 auxilio.
1441 3886 1643 3944 Solum
1664 3892 1719 3960 (ρ
1727 3900 1744 3954 )
1772 3892 1965 3944 autem
1988 3887 2312 3959 explicavit,

2431 3884 2619 3939 σθῆναι
2651 3881 2740 3934 ἀπ’
2795 3883 2954 3936 αὑτοῦ
3007 3873 3167 3956 μόνου
3210 3886 3323 3954 (Η)
3372 3880 3682 3957 διωρίσατο,
3731 3880 4019 3950 διδάσκων,

666 3984 734 4037 ut
759 3978 837 4036 ab
864 3993 933 4034 eo
980 3977 1217 4034 liberari
1273 3991 1594 4048 precemur,
1655 3976 1878 4032 docens
1934 3976 2131 4033 omnis
2178 3974 2313 4030 mali

2429 3969 2508 4022 ὃτι
2550 3975 2703 4043 μόνος
2751 3972 2899 4034 οὗτος
2944 3981 3108 4026 κακοῦ
3162 3975 3352 4034 παντὸς
3411 3976 3576 4035 αἴτιός
3632 3971 3766 4042 ἐστι,
3821 3978 3916 4025 καὶ
3956 3976 4021 4026 ότι

666 4068 831 4126 hunc
859 4082 986 4124 esse
1006 4081 1253 4123 causam
1283 4081 1294 4121 :
1317 4070 1373 4121 et
1398 4065 1479 4122 ita
1505 4064 1702 4122 solum
1725 4070 1934 4121 contra
1963 4079 2103 4119 eum
2130 4063 2313 4119 inimi-

2428 4063 2552 4134 πρὸς
2577 4065 2730 4132 μόνον
2767 4069 2946 4112 τοῦτον
2975 4060 3268 4136 ἐχθραίνείν
3319 4066 3453 4135 χρὴ,
3483 4067 3571 4114 καὶ
3621 4066 3692 4134 μὴ
3745 4066 3872 4133 πρὸς
3915 4065 4021 4121 τούς

667 4157 864 4214 citiam
888 4155 1163 4214 convenit
1190 4170 1479 4220 exercere,
1513 4159 1569 4211 et
1591 4169 1714 4211 non
1736 4158 1946 4210 contra
1967 4167 2070 4208 eos
2108 4151 2210 4224 qui
2251 4167 2314 4206 ex

2428 4147 2481 4212 ἐξ
2533 4147 2828 4224 ἀφροσύνης
2900 4151 3226 4222 πειθομένους
3301 4150 3460 4221 αύτῷ,
3534 4153 3622 4203 καί
3701 4148 4020 4221 βλάπτοντας

665 4245 1167 4305 inconsiderantia
1180 4243 1258 4301 ab
1276 4260 1346 4300 eo
1361 4244 1585 4300 inducti
1616 4247 1774 4310 sunt,
1798 4241 2093 4312 nobisque
2108 4256 2312 4297 nocue-

2428 4237 2587 4308 ἡμᾶς,
2649 4237 2739 4300 οὓς
2794 4237 2985 4310 μᾶλλον
3039 4237 3186 4291 ἐλεεῖν
3238 4248 3522 4313 προσῆκον,
3593 4241 3657 4299 ὡς
3714 4240 4012 4299 ἡττηθέντες

665 4341 840 4395 runt:
872 4351 1125 4409 quorum
1155 4334 1418 4391 misereri
1452 4333 1654 4407 potius
1682 4335 1933 4404 oportet,
1960 4334 2024 4386 ut
2052 4334 2215 4402 pote,
2243 4329 2321 4386 ab
2429 4325 2614 4378 αὑτοῦ.

667 4442 740 4484 eo
767 4429 1198 4497 superatorum.

737 4513 864 4570 Alio
889 4528 1130 4586 quoque
1147 4510 1329 4568 modo
1344 4525 1674 4583 possumus
1691 4507 2021 4577 anagogice
2039 4507 2320 4579 interpre-
2353 4582 2384 4586 _

2380 4584 2384 4586 ἓ
2504 4504 2640 4577 [Ἔτι
2693 4505 2806 4577 (i2)
2845 4509 2934 4557 καί
2992 4512 3084 4557 τοῦ
3135 4504 3287 4576 ἁγίου
3341 4504 3587 4576 Μαξίμου
3637 4503 3707 4566 εἰς
3753 4507 3809 4558 τὸ
3861 4505 4027 4578 Ἀγια-

666 4602 778 4661 tari
805 4582 1078 4675 quaedam
1093 4603 1154 4658 in
1169 4582 1479 4657 Dominica
1490 4597 1779 4663 oratione,
1802 4600 1864 4652 ut
1889 4612 2110 4652 nomen
2135 4596 2313 4652 Patris

2380 4584 2611 4654 )σθὴτω
2641 4596 2698 4646 τὸ
2729 4596 2888 4667 ὄνομά
2923 4612 3036 4659 σου,
3096 4598 3186 4645 καὶ
3237 4596 3303 4645 τά
3351 4592 3487 4656 ἑξῆς.
3545 4599 3748 4666 Ὀνομα
3800 4597 3890 4666 μεν
3949 4592 4027 4648 οὖν

667 4691 744 4750 sit
775 4691 969 4748 Filius.
999 4691 1227 4748 Nomen
1245 4689 1426 4752 enim,
1452 4687 1583 4757 ejus
1608 4685 1780 4756 cujus
1810 4690 1900 4741 est
1928 4699 2170 4751 nomen,
2221 4684 2314 4742 de-

2432 4691 2524 4736 τοῦ
2575 4686 2798 4757 Πατρός,
2831 4684 2857 4735 ό
2888 4685 3026 4744 Υἰός.
3062 4683 3305 4756 Καθάπερ
3363 4684 3462 4755 γὰρ
3516 4685 3573 4734 τὸ
3623 4686 3782 4754 ὄνομα
3813 4679 4030 4741 δηλωτι-

669 4779 1010 4840 clarativum
1041 4784 1131 4839 est
1162 4797 1177 4848 ;
1224 4781 1280 4836 et
1319 4775 1404 4833 ita
1430 4774 1612 4831 Filius
1661 4773 1894 4831 Patrem
1952 4774 2314 4834 manifestat.

2432 4776 2521 4826 κόν
2569 4771 2683 4827 ἐστι
2720 4779 2813 4834 τῆς
2860 4774 3082 4844 φύσεως,
3142 4771 3200 4832 ἧς
3252 4773 3389 4824 εστιν
3432 4774 3592 4844 ὄνομα
3620 4788 3632 4802 ’
3674 4774 3810 4824 οὕτω
3858 4777 3950 4826 καὶ
4007 4774 4028 4825 ὁ

743 4963 786 4999 ¹⁷
814 4964 930 5021 Jac.
964 4979 1001 5030 ι,
1041 4963 1104 5016 13

1883 5079 2096 5150 Varia
2126 5080 2452 5150 lectiones
2485 5087 2552 5146 et
2589 5087 2792 5147 notae.

761 5283 816 5356 8)
848 5275 1042 5356 ἀνδρία
1080 5284 1144 5335 Α.
1203 5353 1210 5356 _

2463 5274 2606 5356 “(12.)
2647 5271 2894 5356 I‘nclusa‘
2924 5270 2984 5356 in
3014 5270 3294 5356 margine.
3307 5271 3493 5353 habet
3535 5276 3601 5330 Α.
3634 5274 3861 5356 Eadem
3894 5290 4030 5356 cum

759 5342 814 5426 95
852 5342 1160 5426 καθαίρεσιν
1186 5353 1249 5402 Α.

2425 5342 2545 5402 alio
2575 5343 2772 5426 Indice
2804 5342 3128 5426 exbibebat
3153 5342 3476 5426 Hentenius
3525 5350 3662 5418 post
3689 5347 4031 5426 explicatio-

769 5414 854 5498 ιδ)
883 5414 1104 5498 ἀνδρίας
1133 5421 1205 5498 is.
1249 5491 1259 5498 _
1305 5489 1317 5498 _
2423 5430 2565 5497 nem
2586 5415 2770 5498 partis
2792 5414 3248 5498 ultimee‘versus
3273 5419 3357 5472 l3.
3384 5416 3504 5475 Nos
3526 5414 3669 5490 ergo
3695 5414 4034 5477 versionem

769 5484 854 5567 11)
881 5484 1062 5567 μόνου,
1091 5490 1264 5549 abest
1289 5489 1355 5545 A.

2425 5484 2615 5559 ipsius
2645 5485 2758 5542 huc
2791 5484 3228 5544 transtulimus.

763 5621 817 5690 ο)
846 5619 936 5675 Ab
960 5619 1030 5676 iis
1057 5633 1255 5676 cavere
1283 5614 1573 5690 debemus.
1608 5611 2008 5690 Deprecandae
2038 5611 2196 5669 sunt.

763 5621 817 5690 ο)
846 5621 936 5675 Ab
960 5621 1030 5676 iis
1057 5633 1255 5676 cavere
1283 5621 1573 5673 debemus.
1609 5621 2008 5685 Deprecandae
2038 5621 2196 5669 sunt.

738 5621 826 5770 Ep)
851 5691 1072 5760 Solum,
1093 5695 1205 5750 etc.
1244 5686 1494 5755 Deﬁniit,
1523 5685 1804 5760 prtecepit
1832 5688 2042 5744 autem
2057 5679 2294 5757 precari
2319 5678 2408 5740 ab
2433 5677 2536 5739 illo
2561 5678 2689 5739 solo
2719 5677 2987 5739 liberari.
