4170 6470
213 388 320 446 241

1219 382 1590 440 COMMENT.
1633 383 1702 440 IN
1738 384 2184 443 MATTHIEUM.
2225 416 2295 430 —
2334 386 2491 444 CAP.
2532 386 2624 445 VI.

3495 393 3601 451 242

215 519 349 578 Υἱὸς
407 511 696 575 δηλωτικὸς
750 518 842 564 τοῦ
897 515 1124 585 Πατρός.
1184 511 1430 564 Βασιλεία
1481 507 1540 564 δε
1573 514 1630 564 τό
1686 513 1816 585 ἅγιοτ

1945 514 2216 583 Regnum
2241 517 2439 570 autem
2471 515 2712 586 Spiritus
2735 517 2978 571 sanctus
3000 515 3248 582 dicatur,
3271 516 3351 574 ob
3375 517 3600 578 divino-

227 607 350 678 (13)
390 611 614 676 Πνεῦμα,
659 599 754 655 διὰ
791 605 880 653 τόν
934 601 1154 654 πλοῦτον
1205 610 1304 653 τῶν
1363 603 1507 654 θείων
1557 604 1832 675 χαρισμά-

227 715 354 747 των.
385 695 524 747 Ἐπεί
576 689 685 744 δεό
741 693 972 765 Χριστός
1026 689 1217 761 κεφαλή
1271 690 1413 742 ἐστιν
1468 693 1633 762 ἡμῶν,
1683 691 1830 762 ἁγια.

233 787 457 856 ζομένων
514 782 674 852 ἡμῶν,
731 787 829 832 τῶν
881 777 1043 850 μελῶν
1089 779 1266 845 αὐτοῦ,
1325 775 1398 831 δι’
1457 779 1684 851 ἁγνείας,
1737 780 1831 831 αὐ-

228 875 317 932 τὸς
353 869 651 942 ἁγιάζεται,
687 872 777 920 καὶ
827 867 1160 939 ἀγιασθείσιν
1216 866 1456 940 ἐπιφοιτᾶ
1511 871 1570 920 τὸ
1625 875 1833 940 Πνεῦμα

223 964 284 1013 τό
339 959 512 1030 ἅγιον.
579 956 799 1028 Θέλημα
852 953 911 1009 δε
970 963 1060 1008 τοῦ
1118 959 1319 1029 Πατρός
1379 955 1428 1008 ἓν
1483 957 1738 1029 οὐρανοῖς,
1796 960 1825 1017 ἠ

220 1049 406 1120 λογική
481 1054 581 1098 τῶν
662 1044 977 1120 ἐπουρανίων
1054 1044 1243 1108 τάξεων
1327 1044 1555 1118 λατρεία.
1643 1047 1830 1118 Εἶρηκε

214 1139 321 1211 γὰρ
381 1139 474 1188 καὶ
510 1136 642 1208 πρὸς
699 1137 786 1186 τὸν
839 1130 1027 1187 Δαυῖδο
1079 1137 1143 1186 Τί
1192 1135 1294 1206 γάρ
1347 1153 1438 1207 μοι
1491 1135 1723 1206 ὑπάρχει
1778 1137 1828 1186 ἓν

213 1234 291 1298 τῷ
343 1226 546 1298 οὐρανῷ
599 1227 743 1299 παρά
797 1233 896 1276 τῶν
958 1223 1206 1296 ἀγγέλων,
1263 1220 1414 1276 οὐδὲν
1456 1224 1643 1297 ἕτερον,
1698 1223 1828 1282 πλὴν

212 1324 309 1376 τῆς
356 1314 575 1387 λογικῆς
615 1314 852 1384 λατρείας
907 1311 1188 1372 ὸηλονότι’
1245 1317 1334 1365 καὶ
1387 1314 1532 1387 παρά
1587 1321 1680 1364 σοῦ
1735 1319 1828 1366 τοῦ

226 1405 521 1477 ἀνθρώπου,
580 1409 632 1456 τί
687 1403 921 1462 ἠθελήσα
976 1402 1056 1455 ἐπὶ
1114 1410 1210 1462 τῆς
1266 1410 1404 1472 γῆς;
1464 1398 1612 1454 οὐδὲν
1662 1404 1826 1477 ἕτερον

221 1495 255 1551 ἤ
291 1495 504 1551 ταύτην.
566 1492 710 1550 Αὕτη
762 1495 864 1567 γὰρ
905 1495 962 1544 τὸ
1023 1491 1301 1563 ἀναγκαῖον
1354 1495 1442 1544 καὶ
1502 1495 1828 1565 προηγούμε-

217 1602 329 1636 νον.
383 1586 584 1654 Λογική
639 1579 698 1634 δε
751 1581 964 1655 λατρεία
1009 1586 1222 1656 κυρίως,
1270 1584 1330 1633 τὸ
1374 1586 1550 1634 τείνειν
1582 1585 1666 1633 τὸν
1709 1589 1826 1633 νοῦν

216 1675 351 1746 πρός
415 1674 502 1723 τόν
558 1673 709 1736 Θεὸν,
768 1679 839 1741 τῷ
899 1690 953 1724 τε
1012 1672 1145 1723 κατά
1199 1672 1376 1722 παθῶν
1424 1676 1513 1722 καὶ
1566 1667 1826 1743 δαιμόνων

217 1763 373 1831 θυμῷ
431 1763 780 1834 νευρούμενον,
852 1764 940 1812 καὶ
995 1768 1056 1833 τῇ
1110 1759 1360 1832 ἐπιθυμίᾳ
1406 1768 1504 1811 τῶν
1561 1761 1664 1812 οἰνω
1720 1781 1824 1813 πυ-

1942 617 2076 657 rum
2127 603 2429 659 donorum
2472 603 2727 660 divitias.
2779 605 2931 670 Quia
2978 605 3158 676 igitur
3204 605 3467 664 Christus
3511 611 3599 666 est

1942 699 2119 762 caput
2158 697 2451 758 nostrum,
2502 693 2672 748 nobis
2713 694 2818 764 qui
2862 695 3138 751 membra
3184 696 3313 766 ejus
3362 713 3595 763 sumus,

1941 794 2047 850 per
2075 779 2210 836 vitas
2237 780 2556 852 puritatem
2588 782 2968 838 sanctiﬁcatis
2993 787 3050 838 et
3072 783 3200 854 jam
3231 784 3360 857 ipse
3387 788 3599 843 sancti-

1940 867 2188 933 ﬁcatur;
2242 869 2344 924 ubi
2395 885 2535 925 vero
2583 870 2930 926 sanctiﬁcati
2979 887 3208 938 sumus,
3245 874 3473 931 accedit
3518 876 3599 933 ad

1937 971 2049 1012 nos
2092 956 2340 1028 Spiritus
2381 965 2642 1013 sanctus.
2679 959 2966 1014 Voluntas
3000 963 3203 1015 autem
3239 961 3424 1017 Patris
3462 979 3598 1035 quas

1937 1044 2006 1100 ﬁt
2059 1045 2121 1100 in
2174 1044 2354 1111 caelis,
2414 1050 2502 1102 est
2564 1045 2870 1102 rationalis
2925 1047 3255 1103 caelestium
3307 1049 3596 1108 virtutum

1938 1133 2153 1190 cultus.
2199 1133 2350 1189 Dixit
2375 1134 2536 1190 enim
2568 1139 2624 1190 et
2654 1134 2731 1191 ad
2761 1135 2948 1191 David
2980 1155 2993 1194 :
3033 1136 3193 1203 Quid
3224 1138 3373 1194 mihi
3408 1145 3490 1195 est
3533 1141 3595 1196 in

1937 1225 2103 1291 caelo,
2121 1224 2194 1280 ab
2211 1223 2441 1294 angelis
2464 1223 2734 1280 videlicet
2753 1223 2781 1279 Ῡ
2804 1239 2998 1297 neque
3022 1225 3181 1281 enim
3204 1225 3367 1281 aliud
3386 1232 3600 1300 prater

1935 1311 2289 1368 rationalem
2351 1311 2616 1378 cultum;
2667 1316 2726 1369 et
2763 1328 2800 1369 a
2847 1317 2903 1369 te
2949 1313 3192 1370 homine
3239 1315 3381 1386 quid
3433 1317 3598 1374 volui

1935 1416 2109 1470 super
2127 1408 2345 1457 terram
2363 1403 2408 1436 ιθ
2426 1401 2453 1455 ‘2
2471 1401 2621 1456 Nihil
2639 1401 2802 1458 aliud
2822 1406 3036 1473 printer
3048 1403 3329 1459 eumdem
3345 1405 3594 1474 cultum,

1936 1490 2211 1560 quiestid
2224 1490 2388 1561 quod
2404 1491 2811 1546 necessarium
2824 1492 3162 1557 est,cmteris
3177 1508 3592 1564 pra'emmens.

1936 1579 2261 1635 Rationalis
2315 1583 2519 1635 autem
2572 1579 2765 1635 cultus
2809 1585 2914 1646 est,
2963 1586 3223 1637 mentem
3272 1583 3351 1639 ad
3406 1584 3595 1641 Deum

1936 1667 2174 1723 tendere
2192 1668 2507 1734 intensam,
2524 1683 2594 1723 ac
2617 1683 3015 1740 supernorum
3037 1670 3326 1727 desiderio
3345 1688 3595 1728 succen-

1935 1771 2086 1826 sam,
2103 1771 2242 1812 cum
2265 1757 2450 1812 animi
2470 1756 2702 1829 impetu
2727 1757 3017 1814 adversus
3049 1759 3262 1814 mentis
3288 1759 3595 1832 perturba-

211 1853 490 1924 ρούμενον.
542 1849 600 1901 Ὀ
672 1847 724 1902 δ’
795 1851 946 1922 ἄρτος
1025 1851 1169 1922 ἡμῶν
1227 1845 1477 1909 διπλοῦς·
1512 1851 1538 1900 6
1607 1852 1697 1921 μὲν
1758 1858 1816 1922 τῇ

1936 1845 2122 1902 tiones
2144 1861 2214 1902 ac
2241 1846 2573 1901 daemones.
2611 1846 2783 1902 Panis
2813 1861 2955 1903 vero
2979 1851 3183 1903 noster
3210 1848 3431 1920 duplex
3461 1854 3550 1905 est
3576 1871 3590 1904 :

213 1937 379 2009 οὐσίᾳ
436 1945 533 2000 τῆς
601 1937 790 2010 ψυχῆς
843 1935 1160 2004 ἐπιτήδειος,
1215 1939 1242 1990 6
1299 1941 1602 2009 γνωστικός,
1685 1941 1825 2000 ὅστις

214 2024 626 2100 ἐπιχορηγεῖται
679 2029 815 2079 κατὰ
863 2032 952 2086 τήν
1004 2035 1105 2080 τῶν
1145 2023 1442 2098 δεχομένων
1492 2024 1714 2100 δύναμιν
1743 2046 1755 2058 ·
1798 2031 1824 2081 ό

218 2109 304 2183 δὲ,
343 2122 406 2187 τῇ
467 2115 624 2188 οὐσίᾳ
673 2123 765 2169 τοῦ
821 2120 1063 2188 σώματος
1118 2111 1393 2188 ἁρμόδιος,
1443 2117 1468 2167 6
1521 2115 1772 2178 αἰσθητός
1810 2135 1822 2150 ·

218 2204 364 2255 καὶὸ
416 2206 505 2276 μὲν
563 2206 776 2271 ἄνωθεν,
821 2206 847 2257 ό
895 2201 954 2257 δε
999 2206 1226 2257 κάτωθεν
1285 2208 1662 2277 παρεχόμενος.
1723 2209 1824 2258 Καὶ

222 2293 250 2343 6
279 2297 564 2366 πειρᾶσμός
620 2291 678 2346 δὲ
711 2291 886 2356 διττός
911 2311 923 2324 ·
959 2295 985 2346 ὸ
1041 2297 1131 2366 μεν
1185 2289 1442 2359 ἒνήδονος,
1479 2295 1504 2344 6
1536 2289 1595 2346 δε
1648 2291 1823 2347 ἐνόδυ-

216 2399 303 2442 νος
332 2402 346 2413 -
396 2387 486 2434 καὶ
517 2384 543 2434 6
583 2386 673 2455 μεν
727 2382 964 2445 ἑκούσιος
1023 2387 1114 2435 καὶ
1163 2387 1416 2455 γεννήτωρ
1469 2383 1666 2452 παθῶν,
1700 2383 1726 2432 6
1764 2378 1823 2434 δε

214 2468 482 2538 ἀκούσιος,
536 2475 626 2523 καὶ
674 2470 950 2546 ἀναιρέτης
996 2473 1200 2528 παθῶν,
1255 2474 1354 2524 Τὸν
1411 2473 1499 2542 μὲν
1538 2471 1625 2523 οὖν
1679 2468 1821 2523 ἐκού-

217 2577 330 2610 σιον
380 2562 577 2631 φεύγειν
621 2565 732 2634 χρή
761 2578 774 2590 ⁸
803 2564 889 2613 τὸν
939 2558 991 2612 δ’
1045 2559 1290 2612 ἀκούσιον
1349 2558 1677 2631 ἀπεύχεσθαι
1732 2562 1822 2631 μὲν

218 2643 316 2699 διὰ
374 2652 468 2706 τὴν
527 2647 795 2702 ἀσθένειαν
850 2651 1019 2722 ἡμῶν,
1074 2648 1348 2701 ἐπελθόντα
1419 2645 1477 2700 δε
1554 2649 1821 2720 ὑπομένειν

216 2741 478 2808 γενναίως,
523 2740 590 2800 ὡς
643 2739 1015 2814 καθαρτήριον.
1077 2736 1230 2790 Ἔστι
1279 2735 1338 2789 δὲ
1391 2741 1480 2788 καὶ
1534 2735 1653 2788 ἄλλο
1707 2756 1822 2789 πει-

221 2832 432 2896 ρασμῶν
474 2821 632 2894 εἶδος,
686 2831 746 2879 τὸ
801 2824 1240 2900 δοκιμαστήριον.
1277 2826 1403 2880 Ἀπὸ
1446 2833 1538 2877 τοῦ
1591 2830 1822 2896 πονηροῦ

226 2907 337 2973 δ’εῆ
371 2921 460 2965 τοῦ
491 2910 752 2988 δαίμονος,
788 2916 818 2976 ἢ
849 2924 942 2970 τοῦ
982 2913 1346 2989 πράγματος.]

1934 1949 2088 1988 unus
2135 1932 2380 2006 quidem
2422 1948 2723 2002 congruus
2764 1934 3112 1991 substantias
3162 1936 3402 2003 animm,
3446 1941 3594 2010 puta

1936 2023 2204 2088 scientia,
2239 2027 2294 2079 et
2325 2022 2452 2078 hinc
2492 2021 2787 2094 praebetur
2821 2023 2988 2094 juxta
3025 2024 3437 2097 recipientium
3475 2025 3592 2082 vir-

1933 2115 2152 2178 tutem;
2196 2110 2350 2167 alius
2388 2126 2525 2168 vero
2566 2115 2790 2168 natura:
2833 2113 3118 2185 corporis,
3166 2113 3464 2171 sensibilis
3502 2115 3592 2171 vi-

1933 2199 2163 2255 delicet.
2210 2200 2275 2254 Et
2318 2199 2412 2256 ille
2458 2199 2704 2272 quidem
2747 2216 3006 2273 superne
3053 2201 3443 2268 ministratur,
3493 2203 3590 2260 hic

1933 2293 2134 2344 autem
2182 2288 2430 2344 inferne.
2473 2289 2738 2344 Tentatio
2776 2305 3019 2362 quoque
3064 2290 3288 2363 duplex
3325 2296 3432 2361 est,
3487 2307 3591 2349 vo-

1930 2375 2172 2447 luptatis
2211 2375 2476 2432 videlicet
2515 2392 2584 2431 ac
2619 2375 2863 2442 doloris,
2905 2381 2962 2432 et
2999 2376 3097 2434 illa
3133 2377 3381 2450 quidem
3419 2383 3591 2436 natu-

1931 2464 2069 2521 ralis
2099 2468 2206 2531 est,
2236 2480 2304 2520 ac
2331 2465 2847 2536 perturbationum
2881 2466 3221 2522 innatarum
3248 2486 3260 2525 :
3294 2467 3422 2523 hac
3449 2483 3588 2525 vero

1931 2552 2331 2610 involuntaria
2357 2558 2463 2618 est,
2492 2558 2548 2610 et
2575 2553 3090 2626 perturbationum
3117 2558 3347 2612 natura:
3378 2555 3590 2613 adver-

1931 2643 2214 2698 santium.
2249 2643 2653 2699 Voluntariam
2682 2643 2860 2714 igitur
2901 2643 3105 2713 figere
3136 2648 3390 2717 oportet,
3419 2645 3588 2703 invo-

1929 2731 2250 2788 luntariam
2288 2747 2426 2788 vero
2463 2732 2723 2788 devitare
2757 2732 3006 2805 quidem
3042 2738 3285 2806 propter
3313 2739 3586 2792 nostram

1929 2820 2436 2892 imbecillitatem;
2483 2825 2544 2878 at
2587 2821 2687 2877 ubi
2740 2821 2990 2890 venerit,
3035 2825 3323 2894 tanquam
3372 2839 3583 2896 purga-

1928 2909 2112 2965 tivam
2168 2909 2415 2967 viriliter
2470 2909 2777 2966 sustinere.
2837 2913 2935 2967 Est
2999 2926 3241 2984 quoque
3304 2916 3360 2969 et
3421 2912 3588 2970 aliud

1931 2999 2322 3055 tentationum
2364 3015 2576 3070 genus,
2619 3000 2930 3056 sumendas
2967 3001 3240 3059 videlicet
3279 3003 3585 3075 experien-

1930 3087 2050 3145 tia.
2103 3089 2148 3143 Α
2191 3087 2352 3144 malo
2395 3093 2616 3154 autem,
2663 3089 2936 3145 daamone
2983 3089 3205 3147 scilicet
3251 3090 3342 3147 vel
3380 3107 3583 3164 opere.

296 3160 408 3218 Ὀτι
443 3197 508 3208 -
559 3168 742 3241 Ἀμήν.
805 3167 1216 3244 Ἀκροτελεύτιον
1261 3175 1358 3230 τῆς
1403 3167 1590 3240 εὐχῆς,
1634 3165 1816 3238 εὐγνω·

1999 3178 2163 3236 Vers.
2212 3180 2291 3232 t3.
2317 3178 2468 3246 Quia
2497 3209 2564 3218 —
2587 3178 2796 3234 Amen.
2833 3181 3109 3236 Extrema
3133 3160 3584 3251 orationis-pars

219 3260 417 3328 μοσύνη
500 3264 600 3309 τῶν
659 3257 970 3329 εὐχομένων,
1040 3261 1131 3309 καὶ
1192 3256 1419 3329 εὐφημία
1487 3263 1578 3309 τοῦ
1655 3261 1809 3313 Θεοῦ.

217 3353 430 3400 Νοεῐται
475 3348 577 3418 γάρ
605 3358 616 3370 ·
655 3344 1105 3418 Πληρωθήτωσαν,
1161 3345 1196 3397 ἃ
1235 3345 1521 3418 ηὐξάμεθα,
1574 3343 1714 3398 διότι
1749 3349 1814 3398 σὺ

220 3434 476 3494 Βασιλεὺς
525 3435 692 3505 ἡμῶν,
744 3440 832 3486 καὶ
883 3431 1099 3495 δυνατὸς
1147 3435 1216 3497 εἰς
1261 3437 1417 3502 ἁπαν,
1464 3439 1554 3487 καὶ
1598 3431 1812 3497 δεδοξα-

224 3527 408 3595 σμένος
457 3521 556 3575 ἀεί.
610 3529 773 3575 Τοῦτο
831 3525 930 3595 γὰρ
973 3519 1121 3581 δηλοί
1157 3527 1236 3591 τὸ,
1293 3524 1378 3587 Εἰς
1436 3527 1558 3586 τοὺς
1604 3523 1809 3585 αἰῶνας.

219 3616 347 3686 Περὶ
378 3608 438 3665 δὲ
461 3619 554 3664 τοῦ
579 3612 758 3684 Ἀμὴν,
794 3609 1023 3685 ἀνωτέρω
1060 3617 1284 3688 εἴρηται.

285 3791 396 3846 Ἐὰν
436 3820 506 3832 -
564 3792 725 3864 ὑμῶν.
794 3790 1150 3858 Ἐπανέλαϐεν,
1231 3793 1297 3852 ὡς
1357 3791 1652 3864 εἰρήκαμεν,
1721 3793 1806 3845 τὸν

218 3887 332 3956 περὶ
391 3883 577 3934 τούτου
633 3880 802 3952 λόγον,
866 3880 958 3932 καὶ
1011 3879 1254 3933 πλατύνει
1311 3888 1508 3948 τοῦτον,
1580 3877 1805 3952 δεικνὺς,

225 3969 304 4020 ὅτι
352 3967 802 4045 περισπούδαστόν
884 3971 996 4021 ἑστι
1048 3976 1162 4040 Θεῷ
1224 3972 1282 4022 τὸ
1354 3977 1582 4023 τοιοῦτον
1635 3973 1801 4045 ἔργον.

225 4061 321 4110 Καὶ
369 4061 460 4130 ὅρα
512 4079 602 4131 μοι
661 4058 1044 4131 φιλανθρωπίας
1101 4057 1405 4122 ὑπερϐολήν.
1464 4059 1629 4132 Ἡμᾶς
1669 4066 1808 4112 ποιεῖ

216 4152 422 4222 κυρίους
499 4157 589 4208 τῆς
674 4155 777 4198 τῶν
861 4146 1249 4220 ἁμαρτημάτων
1329 4149 1473 4219 ἡμῶν
1556 4146 1801 4221 ἀφέσεως.

213 4235 344 4291 Ἀλλ’
413 4238 540 4298 ἴσως
602 4235 750 4311 ἐρεῖς,
830 4238 911 4288 ὃτι
961 4235 1124 4289 πολλὰ
1179 4240 1262 4288 καὶ
1315 4237 1515 4308 μεγάλα
1570 4237 1806 4310 πεπλημ-

207 4325 422 4397 μέληκεν
468 4327 493 4377 6
533 4322 802 4386 ἀδικήσας
830 4339 844 4354 ·
890 4323 1016 4376 ἀλλά
1067 4329 1133 4378 σὺ
1181 4325 1386 4378 πλείονα
1419 4331 1510 4378 καὶ
1556 4327 1794 4398 μείζονα.

207 4419 307 4467 Καὶ
338 4416 364 4466 6
397 4417 488 4487 μὲν
518 4414 590 4475 εἰς
617 4418 704 4466 τὸν
733 4409 1041 4486 ὁμόδουλον,
1072 4418 1137 4466 σὺ
1169 4411 1228 4467 δὲ
1276 4415 1345 4476 εἰς
1393 4418 1478 4467 τὸν
1519 4421 1802 4474 Δεσπότήν.

205 4509 306 4558 Καὶ
364 4507 430 4556 σὺ
471 4507 581 4576 μὲν,
643 4499 879 4575 δεόμενος
934 4501 1180 4575 ἀφέσεως,
1231 4501 1444 4576 ἀφήσεις
1478 4521 1490 4535 ·
1535 4501 1650 4557 όδε
1680 4509 1805 4567 Θεὸς

201 4598 271 4665 μή
327 4589 590 4664 δεόμενος.
623 4592 683 4645 Εἰ
733 4596 902 4644 τοίνυν
958 4590 1196 4663 ἀφήσεις,
1259 4597 1474 4645 σεαυτὸν
1513 4592 1801 4670 ἠλευθέρω-

204 4702 318 4744 σας.
354 4680 616 4743 Ἐσϐεσας
645 4683 732 4753 μεν
758 4683 858 4756 γὰρ
898 4683 984 4732 τόν
1043 4683 1222 4752 θυμὸν,
1268 4681 1539 4743 ἀπήλασας
1592 4679 1651 4735 δὲ
1707 4688 1800 4743 τὴν

199 4775 578 4844 μνησικακίαν,
673 4770 949 4841 εἰσήγαγες
1051 4766 1110 4822 δὲ
1209 4775 1303 4829 τήν
1393 4771 1797 4844 φιλανθρωπίαν,

203 4861 417 4921 ἱλέωσας
449 4856 508 4913 δε
557 4861 644 4911 τὸν
702 4862 851 4924 Θεὸν,
900 4857 1311 4934 ἔπραγματεύσω
1361 4856 1419 4913 δε
1469 4865 1557 4919 τὴν
1608 4861 1798 4914 οἰκείαν

198 4951 408 5023 ἄφεσιν.

268 5140 408 5187 Οταν
462 5162 528 5172 -
593 5131 943 5193 νηστεύοντες.
1025 5133 1398 5203 Νηστεύοντες,
1479 5137 1551 5205 μὴ
1625 5132 1798 5192 ἐπιτη-

200 5219 371 5276 δεύετε
408 5227 502 5281 τήν
556 5223 987 5296 σκυθρωπότητα,
1027 5223 1258 5296 καθάπερ
1319 5223 1368 5274 οἱ
1413 5217 1801 5286 σπουδάζοντες

265 5402 314 5440 ιθ
337 5401 493 5459 Psal.
524 5415 699 5470 Lxxn,
730 5402 824 5462 25.

1927 3269 2034 3332 est,
2058 3283 2264 3322 eorum
2296 3268 2398 3339 qui
2428 3271 2601 3323 orant
2631 3267 2814 3322 animi
2837 3267 3156 3336 gratitudo,
3190 3272 3370 3340 utque
3396 3269 3583 3328 Deum

1924 3356 2300 3413 benedicant.
2358 3356 2450 3411 Sic
2504 3370 2646 3425 ergo
2698 3356 3098 3424 intelligitur:
3157 3357 3583 3429 Compleantur

1921 3445 2052 3500 haec
2099 3461 2231 3516 qum
2275 3443 2645 3518 postulamus
2683 3461 2696 3510 ;
2757 3447 2822 3499 tu
2869 3443 3030 3499 enim
3081 3446 3200 3500 Rex
3248 3452 3447 3501 noster
3495 3463 3580 3516 es,

1921 3537 2134 3604 potens
2163 3534 2240 3590 ad
2272 3550 2344 3590 ea
2375 3533 2758 3603 conferenda,
2790 3548 3146 3605 semperque
3170 3532 3484 3604 gloriosus.
3519 3526 3583 3591 Et

1919 3623 2034 3679 hoc
2073 3624 2290 3680 indicat
2327 3623 2493 3697 quod
2533 3622 2788 3689 additur,
2823 3624 2887 3679 in
2926 3623 3161 3679 secula.
3203 3624 3284 3680 De
3321 3622 3579 3681 dictione

1917 3712 2107 3769 Amen
2135 3712 2404 3784 superius
2434 3711 2661 3768 dictum
2690 3714 2801 3767 est.

1989 3803 2151 3856 Vers.
2198 3804 2282 3857 14.
2322 3800 2381 3856 Si
2418 3831 2488 3842 —-
2540 3801 2701 3858 Vers.
2762 3801 2852 3856 t5.
2910 3803 3127 3857 vestra.
3191 3799 3442 3867 lteravit,
3505 3804 3574 3858 ut

1917 3890 2200 3962 diximus,
2243 3890 2318 3946 de
2355 3889 2469 3946 hac
2506 3904 2570 3946 re
2610 3904 2950 3945 sermonem
2982 3889 3305 3962 ipsumque
3345 3889 3576 3958 dilatat,

1917 3979 2237 4035 ostendens
2256 3977 2604 4050 hujusmodi
2635 3993 2789 4050 opus
2814 3993 2942 4034 esse
2974 3979 3092 4034 Deo
3121 3978 3385 4036 maxime
3411 3995 3577 4036 acce-

1915 4066 2160 4139 ptabile.
2193 4066 2520 4124 Considera
2538 4065 2716 4122 etiam
2740 4065 2909 4133 mihi,
2937 4065 3209 4131 obsecro,
3233 4067 3578 4126 humanita-

1916 4155 1990 4212 tis
2008 4154 2579 4225 magnitudinem.ln
2595 4158 2804 4211 nostra
2816 4153 3421 4226 constituitpotestate
3439 4172 3574 4228 pec-

1915 4248 2188 4300 catorum
2234 4248 2578 4300 nostrorum
2626 4241 3069 4298 remissionem.
3123 4244 3195 4296 At
3249 4242 3409 4297 dices
3461 4243 3578 4300 for-

1915 4332 2112 4397 tassis,
2165 4331 2330 4403 quod
2393 4331 2454 4386 in
2523 4330 2724 4387 multis
2789 4330 3168 4402 delinquens,
3236 4329 3457 4401 injuria
3518 4334 3576 4388 te

1914 4420 2194 4478 aﬂ'ecerit.
2244 4423 2453 4476 Verum
2514 4425 2575 4476 tu
2624 4421 2686 4475 in
2742 4419 3014 4492 pluribus
3062 4423 3119 4476 et
3171 4417 3502 4490 majoribus
3556 4437 3570 4476 :

1915 4516 1969 4567 et
2019 4509 2112 4565 ille
2169 4508 2409 4581 quidem
2472 4509 2532 4563 in
2592 4523 2971 4574 conservum,
3032 4511 3094 4564 tu
3149 4523 3292 4564 vero
3348 4506 3411 4563 in
3465 4508 3575 4566 Do-

1911 4600 2186 4664 minum;
2241 4601 2302 4654 tu
2351 4596 2630 4667 indigens
2680 4597 3032 4653 remissione
3081 4597 3365 4664 remittes,
3419 4599 3572 4655 Deus

1909 4704 2052 4744 vero
2081 4687 2306 4744 nullius
2339 4685 2608 4754 indigens
2647 4689 2754 4741 est.
2800 4686 2855 4742 Si
2894 4685 3095 4758 itaque
3134 4685 3446 4758 remiseris,
3490 4691 3572 4744 te-

1908 4778 2102 4850 ipsum
2135 4775 2400 4832 liberasti
2433 4793 2445 4827 :
2481 4775 2628 4830 iram
2664 4774 2958 4846 siquidem
2994 4775 3337 4842 exstinxisti,
3385 4775 3571 4834 malo-

1908 4881 2043 4921 rum
2074 4863 2427 4920 memoriam
2479 4862 2774 4935 expulisti,
2812 4862 3249 4933 benignitatem
3301 4864 3566 4933 induisti,

1910 4957 2097 5011 Deum
2119 4954 2222 5010 tibi
2239 4953 2566 5026 propitium
2583 4951 2894 5010 reddidisti
2912 4953 3343 5026 propriamque
3360 4953 3564 5010 remis-

1910 5045 2139 5100 sionem
2175 5041 2526 5114 procurasti.

1980 5134 2142 5190 Vers.
2184 5135 2273 5190 16.
2319 5133 2464 5189 Cum
2507 5161 2575 5172 ——-
2606 5133 2912 5202 jejunare.
2958 5130 3037 5187 Ne
3075 5131 3344 5188 tetricam
3394 5131 3568 5190 tristi-

1907 5222 2055 5280 tiam
2079 5221 2386 5291 affectetis,
2418 5219 2579 5278 velut
2603 5220 2664 5278 hi
2693 5221 2799 5294 qui
2827 5219 2906 5281 ob
2933 5219 3181 5279 laudem
3204 5220 3560 5289 humanam,

1423 5497 1639 5569 Variae
1675 5496 2006 5569 lectiones
2048 5505 2115 5567 et
2151 5504 2333 5566 notae

267 5698 382 5774 (l3)
411 5696 559 5755 Vide
587 5712 723 5772 quae
753 5695 877 5755 dixi
900 5697 962 5754 in
984 5694 1121 5753 edit.
1155 5694 1301 5753 Novi
1327 5693 1682 5755 Testamenti
1707 5694 1787 5753 ad
1817 5695 1954 5754 Luc.
1984 5709 2047 5768 p.
2075 5695 2200 5765 507,
2231 5698 2375 5754 nota
2406 5695 2490 5751 11.
