4170 6468
595 339 701 397 243

1917 337 2263 394 EUTHYMII
2301 333 2634 392 ZIGABENI

3863 334 3985 390 244

595 464 890 538 pallorem
934 468 1294 536 procurant;
1354 462 1649 522 occultant
1704 463 1857 521 enim
1915 464 2248 522 naturalem

2368 462 2566 534 ὢχρίᾷν
2611 457 2684 513 δι’
2725 459 3049 526 ἀνθρωπίνην
3111 459 3400 532 ἀρέσκειαν.
3458 458 3807 530 ’Λφανίζουσι
3863 462 3979 531 γάρ

597 555 854 612 formam
887 553 1087 610 ﬁctitio
1121 553 1362 626 pallore.

665 737 828 790 Vers.
865 734 953 789 l6.
995 733 1182 789 Amen
1212 764 1280 772 —
1307 747 1496 789 suam.
1526 732 1807 806 Superius
1833 733 1908 790 de
1927 734 2043 790 hoc
2073 732 2251 790 nobis

591 821 816 878 dictum
848 826 960 878 est.

665 914 824 966 Vers.
872 912 963 968 l7.
1019 912 1105 965 Tu
1162 919 1354 967 autem
1412 943 1480 950 —
1527 913 1684 968 lava.
1728 911 2250 979 Quemadmodum

604 999 848 1071 quando
895 999 1038 1054 dixit
1081 1017 1094 1054 :
1142 999 1207 1055 Si
1245 1007 1441 1056 autem
1494 1000 1693 1056 oculus
1733 1007 1867 1056 tuus
1903 1001 2112 1057 dexter
2151 1001 2256 1056 tibi

598 1089 770 1158 fuerit
813 1088 1182 1158 offendicula,
1223 1104 1356 1144 erue
1389 1105 1518 1145 eum
1551 1108 1564 1156 ;
1594 1095 1647 1146 et
1687 1091 1738 1145 si
1769 1090 2010 1146 dextera
2043 1105 2254 1146 manus

613 1182 718 1232 tua
750 1175 856 1230 tibi
882 1177 1067 1245 fuerit
1100 1177 1466 1245 offendicula,
1510 1184 1749 1248 amputa
1775 1194 1902 1234 eam
1930 1181 1997 1243 ‘9,
2029 1193 2150 1233 non
2180 1178 2252 1234 de

601 1264 866 1336 corporis
899 1265 1272 1320 mutilatione
1301 1265 1534 1322 locutus
1573 1271 1678 1330 est,
1711 1267 1891 1322 veluti
1931 1283 2001 1323 eo
2032 1267 2090 1322 in
2122 1267 2252 1324 loco

599 1352 1044 1409 declaravimus
1073 1376 1085 1408 :
1115 1353 1198 1410 ita
1229 1369 1421 1426 neque
1450 1370 1610 1410 nunc
1644 1355 1982 1427 simpliciter
2013 1357 2151 1425 ungi
2184 1373 2254 1412 ac

601 1440 792 1497 lavari
841 1441 1034 1511 jubet.
1091 1445 1290 1514 Neque
1343 1444 1501 1498 enim
1555 1443 1684 1516 ipse
1740 1444 1854 1500 hoc
1905 1444 2058 1509 fecit,
2113 1462 2253 1502 cum

603 1529 1008 1601 quadraginta
1036 1529 1239 1586 diebus
1273 1531 1568 1602 jejunaret
1604 1549 1618 1597 ;
1658 1533 1760 1588 sed
1800 1549 1905 1605 per
1934 1533 2061 1589 haec
2092 1533 2255 1590 aliud

603 1618 916 1690 quidpiam
949 1619 1238 1676 admonet
1269 1637 1282 1675 :
1319 1621 1614 1677 occultare
1652 1621 1924 1678 videlicet
1954 1639 2087 1678 eam
2119 1639 2255 1696 quae

595 1706 892 1777 jejunium
921 1707 1304 1779 consequitur
1335 1708 1647 1774 tristitiam,
1682 1725 1818 1765 cum
1851 1711 2046 1767 alacer
2077 1727 2147 1767 ac
2180 1711 2257 1767 fe-

2363 548 2506 604 οὗτοι
2549 554 2607 603 τό
2661 552 2880 622 φυσικόν
2920 545 3079 614 εἶδος,
3137 545 3230 600 διὰ
3285 557 3375 608 τῆς
3427 547 3746 600 ἕπιπλάστου
3790 548 3982 620 ὠχρό-

2359 661 2421 699 τη
2430 660 2511 700 τος
2522 681 2534 694 ο

2435 730 2601 801 Ἀμὴν
2653 758 2722 769 -
2784 727 2970 782 αὐτῶν.
3039 729 3260 798 Εἴρηται
3329 727 3452 797 ἡμῖν
3534 725 3768 800 ἀνωτέρω
3851 732 3978 802 περὶ

2362 821 2566 872 τούτου.

2435 912 2500 960 Σὺ
2543 903 2600 960 δε
2635 936 2694 946 —
2749 905 2920 976 νίψαι.
2972 912 3193 979 Ὥσπερ,
3235 905 3314 956 ὅτε
3344 902 3477 956 εἶπεν
3511 922 3522 936 ⁸
3577 903 3686 974 (lli)
3722 903 3783 955 Εἰ
3836 900 3898 956 δε
3947 906 3972 956 ό

2363 996 2623 1069 ὀφθαλμός
2719 1014 2812 1047 σου
2884 996 2909 1046 ό
2997 990 3163 1056 δεξιός
3245 989 3592 1053 σκανδαλίζει
3676 1011 3752 1062 σε,
3838 993 3972 1056 ἔξελε

2361 1086 2558 1138 αύτόνο
2603 1089 2692 1136 καὶ
2759 1083 2801 1136 εἰ
2854 1085 2883 1140 ἠ
2947 1079 3095 1144 δεξιά
3153 1100 3248 1134 σου
3312 1085 3434 1152 χεὶρ
3485 1077 3827 1142 σκανδαλίζει
3891 1101 3966 1149 σε,

2363 1174 2581 1244 ἔκκοψον
2640 1173 2800 1231 αὑτήν
2833 1189 2845 1201 ·
2882 1172 2940 1224 ού
2998 1175 3110 1245 περὶ
3151 1169 3593 1245 ἀκρωτηριασμού
3641 1177 3733 1222 τοῦ
3791 1176 3969 1243 σώμα-

2361 1283 2444 1324 τος
2497 1263 2682 1335 ἔλεγεν,
2738 1265 2802 1322 ὡς
2861 1260 2910 1312 ἐν
2957 1260 3164 1320 ἐκείνοις
3219 1267 3324 1320 τοῖς
3381 1261 3559 1325 ῥητοῖς
3633 1261 3967 1334 ἠρμηνεύσα·

2363 1369 2486 1425 μεν’
2519 1351 2682 1412 οὕτως
2708 1347 2831 1402 οὐδὲ
2860 1358 2947 1400 νῦν
2991 1349 3166 1410 ἀπλώς
3211 1347 3510 1419 ἀλείφεσθαι
3554 1353 3642 1399 καὶ
3688 1352 3966 1402 νίπτεσθαι

2361 1441 2570 1493 κελεύει.
2629 1437 2769 1492 Ούδὶ
2806 1441 2908 1510 γὰρ
2955 1437 3111 1500 αύτός
3159 1445 3308 1490 τοῦτο
3357 1441 3630 1499 πεποίηκε,
3676 1441 3962 1498 νηστεύσας

2363 1531 2560 1602 ἡμέρας
2611 1530 3024 1596 τεσσαράκοντα.
3074 1526 3228 1580 Ἀλλά
3298 1522 3392 1578 διὰ
3448 1528 3639 1577 τούτων
3689 1527 3857 1600 ἕτερόν
3913 1547 3959 1579 τι

2365 1625 2628 1692 παραινεῖ,
2682 1617 2812 1687 λέγω
2889 1612 2980 1680 δὴ,
3035 1619 3091 1667 τό
3145 1614 3522 1685 συγκαλύπτειν
3584 1619 3676 1672 τήν
3726 1613 3827 1667 ἀπὸ
3875 1624 3958 1676 τῆς

2363 1712 2599 1766 νηστείας
2685 1709 3028 1776 στυγνότητα,
3108 1703 3156 1754 ἐν
3233 1704 3304 1772 τῷ
3381 1705 3655 1774 φαίνεσθαι
3745 1701 3958 1778 φαιδρὸν

602 1798 790 1852 slivus
827 1811 1142 1868 appareas.
1186 1799 1333 1853 Nam
1375 1798 1516 1870 quia
1554 1799 1715 1870 apud
1757 1807 1977 1855 veteres
2018 1800 2254 1873 signum

2368 1801 2453 1847 καὶ
2483 1800 2757 1868 χαρίεντα.
2821 1794 2960 1847 Ἐπεὶ
2991 1795 3092 1866 γὰρ
3127 1793 3269 1866 παρά
3324 1799 3432 1853 τοῖς
3481 1790 3715 1852 παλαιοῖς
3754 1802 3959 1860 σημεῖον

603 1889 729 1940 erat
758 1884 992 1956 laetitiae,
1026 1891 1205 1957 caput
1237 1891 1484 1942 unctum
1525 1902 1656 1943 esse
1687 1888 1837 1957 oleo,
1873 1889 2086 1945 faciem
2118 1905 2256 1946 vero

607 1988 768 2045 aqua
785 1975 971 2030 lotam
992 1992 1004 2028 :
1022 1975 1099 2030 ab
1123 1975 1238 2030 hoc
1259 1976 1464 2045 gaudii
1482 1976 1722 2047 signum
1741 1978 2114 2044 adhortatur,
2135 1995 2258 2049 quo

607 2066 663 2116 et
683 2061 959 2118 homines
982 2063 1161 2119 lateat
1186 2064 1349 2136 quod
1371 2066 1628 2136 jejunes,
1658 2072 1714 2122 et
1735 2067 1946 2138 jejunii
1970 2067 2254 2135 laborem,

606 2150 910 2208 auferente
941 2151 1197 2208 dolorem
1224 2153 1424 2210 laetitia
1455 2154 1685 2211 alleves.

675 2404 802 2460 Alio
824 2419 1067 2477 quoque
1089 2405 1303 2462 modo:
1331 2408 1646 2479 lmpingua
1669 2409 1878 2481 capitis
1896 2410 1976 2464 tui
2000 2414 2261 2465 mentem

606 2493 1001 2565 eleemosynae
1028 2493 1159 2550 oleo
1191 2512 1202 2548 ε
1232 2495 1445 2552 faciem
1477 2513 1614 2554 vero
1643 2503 1828 2564 tuam,
1857 2498 2262 2570 lacrymarum

607 2598 770 2655 aqua
787 2583 1029 2639 abluito.
1055 2584 1215 2640 Unde
1233 2590 1289 2641 et
1305 2585 1443 2642 alibi
1466 2586 1682 2658 saepius
1703 2604 1808 2659 per
1829 2604 1899 2644 ea
1921 2605 2054 2660 qua:
2080 2588 2266 2660 ponit,

609 2673 960 2728 adhortatur
1016 2672 1094 2728 ad
1148 2673 1311 2740 alia;
1370 2675 1666 2730 instruens
1719 2692 1846 2742 nos,
1903 2693 1978 2732 ne
2031 2693 2267 2750 semper

609 2761 671 2816 in
712 2761 1020 2833 praeceptis
1050 2761 1110 2818 id
1152 2766 1382 2818 tantum
1428 2764 1828 2828 attendamus,
1874 2765 2038 2836 quod
2075 2767 2265 2838 prima

610 2847 760 2905 facie
790 2854 1057 2922 apparet,
1087 2851 1191 2907 sed
1223 2855 1280 2906 et
1311 2866 1526 2907 sensus
1557 2868 1800 2924 quoque
1829 2853 2096 2925 ipsorum
2131 2871 2262 2926 per-

609 2943 962 2995 scrutemur.

684 3028 852 3084 Vers.
877 3031 962 3085 l8.
980 3029 1068 3084 Ne
1083 3059 1151 3068 —
1164 3029 1369 3084 reddet
1389 3028 1512 3087 tibi.
1538 3029 1622 3085 Ad
1645 3031 2050 3102 spectaculum
2069 3033 2264 3090 homi-

2365 1891 2535 1957 χαράς
2597 1880 2680 1948 ἦν,
2740 1885 2797 1934 τό
2870 1881 3171 1952 ἀλείφεσθαι
3228 1884 3316 1952 μεν
3371 1881 3521 1949 ἐλαίῳ
3578 1885 3672 1938 τὴν
3722 1882 3957 1953 κεφαλὴν,

2364 1974 2638 2024 νίπτεσθαι
2679 1967 2737 2023 δὲ
2799 1968 2958 2022 ὕδατι
2996 1974 3053 2021 τό
3093 1974 3368 2043 πρόσωπόν
3394 1987 3406 1998 '
3459 1968 3637 2021 λοιπὸν
3689 1976 3776 2022 καὶ
3816 1972 3961 2033 αὐτὸς

2368 2057 2461 2112 διά
2497 2068 2586 2112 τοῦ
2618 2064 2836 2132 σημείου
2887 2067 2982 2119 τῆς
3040 2065 3211 2132 χαρᾶς
3264 2065 3506 2131 παραινεῖ
3548 2063 3759 2130 χαίρειν
3797 2064 3842 2112 εν
3893 2069 3960 2130 τῷ

2365 2152 2656 2212 νηστεύειν,
2715 2151 2797 2200 ἶνα
2844 2153 2934 2200 καὶ
3004 2151 3125 2209 τοὺς
3181 2147 3479 2219 ἀνθρώπους
3539 2143 3816 2220 διαλάθης,
3874 2154 3959 2200 καὶ

2368 2241 2454 2291 τόν
2502 2243 2653 2290 πόνον
2706 2245 2801 2298 τῆς
2852 2241 3099 2297 νηστείας
3147 2240 3423 2308 κουφίσης,
3474 2243 3570 2296 τῆς
3622 2233 3815 2297 ἡδονῆς
3866 2242 3958 2297 τὴν

2371 2324 2561 2384 ὀδύνην
2605 2329 2953 2400 ύφαιρουμένη
2967 2347 3006 2388 ς.

2446 2421 2546 2469 Καὶ
2587 2416 2703 2468 καθ’
2745 2417 2911 2489 ἕτερον
2949 2411 3008 2467 δὲ
3050 2419 3238 2487 τρόπον
3269 2431 3280 2442 ·
3316 2418 3493 2466 Πίαινε
3660 2415 3740 2461 τόν
3787 2409 3832 2461 ἓν
3881 2418 3941 2482 τῇ

2372 2504 2561 2576 κεφαλῇ
2604 2523 2697 2555 σου
2738 2511 2874 2570 νοῦν,
2906 2512 2975 2573 τῷ
3007 2502 3156 2573 ἐλαίῳ
3188 2506 3276 2562 τῆς
3308 2501 3643 2574 ἐλεημοσύνης
3671 2516 3681 2527 '
3715 2497 3866 2569 νίψαι
3897 2495 3954 2551 δε

2373 2597 2429 2644 τό
2485 2593 2763 2664 πρόσωπόν
2823 2610 2938 2656 σου,
3004 2600 3074 2661 τῷ
3143 2587 3302 2642 ύδατι
3373 2599 3473 2641 τῶν
3529 2585 3790 2662 δακρύων.
3862 2593 3957 2640 Καὶ

2375 2679 2423 2733 ἐν
2458 2681 2662 2740 πολλοῖς
2693 2677 2752 2733 δε
2794 2679 2961 2739 ἄλλοις
3002 2675 3077 2730 δι’
3125 2677 3303 2752 ἐτέρων
3354 2680 3499 2752 ἔτερα
3541 2684 3797 2749 παραινεῖ,
3840 2697 3957 2728 παι-

2376 2766 2538 2822 δεύων
2586 2771 2741 2842 ἡμᾶς,
2797 2774 2867 2841 μὴ
2929 2776 3000 2837 τῷ
3068 2771 3356 2838 φαινομένῳ
3411 2773 3546 2839 μόνῳ
3603 2774 3700 2818 τῶν
3759 2764 3958 2817 ἐντολῶν

2374 2857 2452 2910 ἀεὶ
2520 2862 2818 2931 προσέχειν,
2907 2856 3035 2908 ἀλλά
3111 2861 3200 2908 καὶ
3277 2859 3369 2916 τάς
3465 2853 3698 2915 διανοίας
3800 2855 3958 2906 αὐτῶν

2373 2945 2437 2998 ἀκ
2441 2967 2469 3021 ρ
2479 2946 2725 3018 ιϐολογιῖν
2741 2991 2752 3003 .

2441 3034 2618 3098 Ὀπως
2670 3041 2741 3108 μὴ
2801 3066 2867 3075 -
2925 3031 3192 3087 ἀποδώσει
3243 3052 3348 3087 σοι.
3401 3036 3471 3085 Τό
3515 3035 3616 3106 γὰρ
3682 3032 3959 3104 θεατρίζειν

611 3116 791 3173 nibus
819 3131 1117 3188 exponere
1148 3132 1302 3182 eam,
1325 3132 1457 3189 qua:
1483 3133 1555 3174 ex
1577 3118 1806 3191 jejunio
1838 3122 2108 3191 provenit
2135 3138 2262 3177 mo-

2372 3134 2480 3186 τοῖς
2543 3125 2834 3200 ἀνθρώποις
2891 3129 2985 3183 τὴν
3039 3123 3140 3175 ἀπὸ
3212 3131 3303 3183 τῆς
3353 3128 3596 3182 νηστείας
3647 3127 3959 3193 κακουχίαν,

611 3205 865 3277 lestiam,
895 3205 1234 3277 cupiditatis
1261 3206 1462 3275 gloriae
1502 3223 1651 3280 opus
1681 3214 1785 3265 est.
1827 3211 1905 3265 De
1943 3210 2036 3266 his
2066 3216 2264 3268 autem

612 3311 747 3368 quae
777 3298 1126 3367 sequuntur,
1151 3294 1280 3365 jam
1311 3295 1536 3353 dictum
1566 3302 1670 3353 est.

687 3385 851 3441 Vers.
898 3385 992 3441 19.
1039 3385 1129 3441 Ne
1171 3415 1240 3426 —
1279 3386 1433 3440 Vers.
1485 3391 1554 3442 20
1592 3388 1899 3458 furantur.
1940 3387 2264 3458 Allegorice

615 3479 816 3531 autem
864 3473 1022 3529 tinea
1061 3477 1116 3528 et
1158 3474 1460 3544 corruptio
1510 3475 1805 3544 signiﬁcat
1851 3477 2156 3534 inductam
2203 3479 2263 3533 in

617 3564 818 3618 animo
840 3562 1206 3633 opinionem,
1229 3579 1366 3634 quae
1386 3563 1634 3620 latenter
1654 3565 1909 3620 corrodit
1929 3565 2090 3624 bona
2109 3569 2265 3624 circa

617 3667 747 3722 quin
778 3651 910 3720 ipsa
937 3656 1206 3705 versatur
1235 3669 1247 3716 ;
1282 3652 1440 3706 fures
1469 3658 1669 3708 autem
1697 3655 2114 3725 perfodientes,
2143 3658 2266 3714 lau-

617 3738 726 3793 des
755 3744 910 3803 sunt,
941 3754 1076 3810 quae
1107 3740 1471 3796 extrinsecus
1501 3741 2042 3812 subingreJiuntur,
2076 3748 2266 3819 perfo-

618 3825 848 3882 dientes
883 3825 1037 3882 levia
1069 3827 1390 3898 proposita,
1424 3834 1480 3886 et
1507 3832 1892 3903 compilantes
1928 3837 2266 3894 reconditas

618 3915 901 3970 virtutum
941 3914 1172 3972 divitias
1185 3961 1197 3972 .

693 4003 889 4074 Ejecta
913 4005 1042 4075 jam
1070 4005 1264 4062 inanis
1301 4006 1504 4077 gloria)
1535 4011 1897 4083 aegritudine,
1930 4018 2266 4085 opportune

619 4091 902 4164 deinceps
931 4092 1124 4164 legem
1157 4094 1231 4150 de
1263 4095 1462 4169 inopia
1490 4101 1710 4157 statuit.
1746 4101 1895 4158 Nihil
1925 4103 2082 4157 enim
2115 4103 2265 4158 adeo

618 4181 956 4239 divitiarum
986 4183 1215 4240 inducit
1244 4201 1532 4253 amorem,
1563 4189 2077 4260 quemadmodum
2109 4206 2265 4248 vana

617 4271 824 4343 gloria.
861 4272 946 4328 0b
975 4272 1130 4329 hanc
1161 4273 1453 4346 siquidem
1478 4282 1530 4333 et
1563 4279 1998 4350 mancipiorum
2033 4295 2262 4348 greges,

615 4368 670 4418 et
691 4361 1106 4418 cunuchorum
1128 4364 1422 4432 examina,
1453 4371 1508 4422 et
1537 4383 1725 4439 equos
1749 4384 1896 4423 auro
1920 4367 2262 4433 adornatos,

613 4466 682 4508 ac
711 4467 952 4506 mensas
982 4457 1312 4521 argenteas,
1340 4471 1704 4528 omnemque
1725 4457 1944 4512 fastum
1965 4457 2146 4513 alium
2173 4474 2269 4514 ex~

615 4538 880 4608 cogitant
899 4539 1200 4598 homines:
1233 4559 1352 4600 non
1375 4545 1454 4600 ad
1481 4546 1912 4610 necessitatem,
1939 4546 2038 4602 sed
2067 4548 2144 4603 ad
2175 4564 2264 4604 os-
2298 4515 2343 4569 Ι)

614 4628 1018 4686 tentationem.

687 4717 838 4784 Quia
867 4733 1005 4774 vero
1037 4734 1157 4777 non
1200 4721 1369 4778 facile
1408 4722 1787 4794 reciperetur,
1831 4724 1876 4778 si
1905 4726 2156 4795 junctim
2190 4727 2264 4782 de

613 4806 1015 4878 despiciendis
1069 4809 1453 4867 facultatibus
1501 4810 1870 4877 admoneret,
1921 4813 2058 4870 ideo
2103 4813 2265 4871 hunc

613 4897 674 4954 in
723 4900 921 4968 partes
965 4899 1152 4956 secuit
1200 4913 1562 4955 sermonem.
1607 4898 1674 4956 Et
1714 4900 1971 4972 primum
2015 4902 2262 4974 quidem

684 5072 729 5108 ιν
753 5077 957 5136 Matth.
989 5093 1046 5146 v,
1082 5080 1268 5150 29,30.

2374 3211 2670 3289 φιλοδοξίας
2731 3217 2878 3288 ἔργον
2927 3213 3063 3267 ἐστί.
3116 3217 3241 3286 Περὶ
3299 3209 3357 3265 δὲ
3406 3221 3504 3264 τῶν
3562 3211 3682 3274 ἑξῆς
3733 3209 3962 3284 ἀνωτέρω

2372 3309 2592 3379 εἴρηται.

2442 3399 2528 3451 Μὴ
2583 3424 2653 3435 -
2704 3392 3002 3446 κλέπτουσι.
3076 3390 3194 3463 [Σὴς
3256 3391 3367 3461 (ίῦ)
3429 3393 3518 3462 μὲν
3597 3393 3687 3441 καὶ
3765 3388 3962 3464 βρῶσις

2371 3484 2553 3536 νοοῖντ’
2604 3483 2685 3549 ἂν,
2735 3487 2824 3534 καί
2871 3483 2900 3538 ἠ
2958 3480 3283 3552 ἐντικτομένη
3330 3487 3390 3551 τῇ
3428 3479 3581 3550 ψυχῇ
3637 3481 3827 3544 οἴησις,
3883 3477 3964 3549 βι-

2374 3572 2687 3646 ϐρωσκουσα
2754 3569 3013 3641 λαθραίως
3078 3571 3161 3634 τά,
3223 3568 3295 3639 ἐφ’
3357 3567 3435 3628 οἷς
3491 3571 3736 3634 συνίστη,
3797 3566 3960 3618 καλά·

2372 3662 2587 3714 κλέπται
2663 3657 2720 3712 δε
2774 3656 3157 3732 διορύσσοντις,
3211 3659 3259 3709 οἱ
3308 3656 3488 3718 ἔξωθεν
3545 3655 3967 3728 ίπιισερχόμενοι

2374 3753 2592 3815 ἔπαινοι,
2675 3745 3044 3822 διορύσσοντες
3126 3750 3193 3798 τά
3257 3753 3425 3817 κοῦφα
3485 3749 3808 3818 φρονήματα,
3878 3750 3968 3797 καὶ

2376 3837 2628 3899 συλῶντες
2715 3840 2801 3888 τὸν
2878 3835 3509 3910 ἐναποτεθησαυρισμίνον
3578 3833 3795 3887 πλοῦτον
3871 3842 3970 3896 τῆς

2373 3927 2614 4000 αρετῆς]

2448 4014 2699 4068 Ἐκϐαλὼν
2731 4011 2789 4067 δε
2817 4011 2923 4072 ἤδη
2957 4017 3014 4066 τό
3043 4020 3137 4075 τῆς
3175 4009 3474 4074 κενοδοξίας
3509 4017 3738 4084 νόσημα,
3785 4011 3972 4064 λοιπόν

2374 4105 2624 4178 εύκαίρως
2677 4109 2794 4177 περὶ
2845 4103 3209 4174 ἀκτημοσύνης
3255 4103 3533 4172 νομοθετεῖ.
3583 4105 3682 4152 Καὶ
3728 4102 3829 4172 γάρ
3879 4101 3973 4153 ού-

2375 4191 2460 4246 ὃεν
2500 4194 2634 4245 οὕτω
2672 4193 3063 4264 παρασκευάζει
3118 4193 3406 4265 χρημάτων
3461 4187 3598 4260 ἑρᾲν,
3655 4193 3724 4250 ὡς
3752 4191 3780 4246 η
3822 4208 3970 4242 κενο-

2375 4279 2542 4344 δοξία.
2599 4285 2692 4333 Διά
2742 4283 2937 4338 ταύτην
3004 4283 3104 4352 γὰρ
3164 4285 3253 4332 καὶ
3307 4282 3399 4338 τὰς
3464 4286 3563 4330 τῶν
3621 4273 3974 4352 ἀνδραπόδων

2375 4369 2577 4442 ἀγέλας,
2639 4375 2726 4422 καὶ
2800 4373 2884 4421 τὸν
2942 4368 3097 4440 ἑσμόν
3144 4377 3243 4420 τῶν
3324 4367 3605 4437 εύνούχων,
3687 4371 3776 4418 καὶ
3851 4372 3978 4428 τοὺς

2373 4467 2835 4534 χρυσοφοροῦντας
2884 4461 3088 4523 ἱππους,
3121 4463 3210 4510 καὶ
3265 4459 3358 4516 τάς
3401 4454 3634 4530 ἀργυρᾶς
3689 4459 3978 4529 τραπέζας,

2373 4554 2462 4601 καὶ
2492 4553 2585 4606 τὴν
2627 4547 2782 4605 ἄλλην
2832 4549 3040 4599 ἅπασαν
3092 4548 3204 4617 (16)
3252 4549 3540 4617 φαντασίαν
3586 4545 3880 4596 ἐπινοοῦσιν
3927 4548 3980 4598 οἱ

2373 4639 2653 4711 ἄνθρωποι,
2683 4637 2741 4688 ού
2777 4638 2908 4688 κατά
2936 4641 3120 4707 χρείαν
3152 4634 3279 4686 ἀλλά
3315 4631 3387 4686 δι’
3411 4629 3682 4695 ἐπίδειξιν.

2447 4727 2586 4778 Ἐπεὶ
2631 4722 2690 4778 δε
2728 4725 2821 4777 οὐκ
2870 4721 2929 4784 ἦν
2978 4720 3382 4797 εύπαράδεκτον,
3438 4723 3496 4774 τό
3553 4720 3738 4794 ἀθρόον
3777 4741 3982 4794 παραι-

2372 4819 2520 4867 νέσαι
2552 4831 2563 4844 ·
2595 4818 2713 4888 περὶ
2746 4823 2835 4874 τῆς
2874 4812 3163 4888 ὑπεροψίας
3197 4820 3296 4863 τῶν
3327 4811 3642 4883 χρημάτων,
3695 4816 3984 4882 σοφώτατα

2373 4907 2683 4979 κατεμίρισε
2733 4907 2820 4956 τόν
2859 4907 2977 4976 περὶ
3020 4904 3214 4963 ταύτης
3265 4903 3433 4972 λόγον,
3493 4903 3583 4952 καὶ
3638 4907 3837 4972 πρῶτον
3882 4905 3982 4972 μὲν

1835 5233 2059 5302 Variae
2095 5233 2422 5304 lectiones
2458 5243 2525 5303 et
2554 5241 2756 5302 notae.

700 5433 789 5500 14)
830 5433 941 5498 καί,
969 5442 1079 5500 pro
1107 5423 1168 5500 δέ
1197 5425 1266 5483 Β.

700 5435 766 5488 14
830 5433 941 5498 καί,
969 5442 1079 5500 pro
1107 5433 1168 5479 δέ
1197 5433 1266 5483 B.

601 5433 798 5632 uolgi
832 5500 1074 5626 énclusa
1121 5499 1183 5554 in
1230 5497 1502 5569 margine
1549 5497 1730 5557 habet
1778 5503 1850 5557 A.
1913 5500 2054 5616 Vide
2113 5517 2253 5556 mox

1985 5583 2003 5616 ἔξ
2256 5601 2262 5610 .

675 5581 798 5715 ἵξιέῖ
819 5577 898 5698 δὲ
924 5642 1120 5699 omnis
1153 5643 1384 5715 generis
1409 5641 1572 5716 luxu,
1605 5644 2048 5714 magniﬁcentia
2075 5649 2131 5701 et
2159 5659 2251 5701 ar-

2368 5574 2419 5628 C.
2465 5571 2626 5638 l5l.;
2682 5573 2812 5635 VIII,
2863 5571 2983 5624 163.
3035 5571 3093 5625 C.

2361 5429 2638 5501 rogantia
2665 5427 2899 5501 dicitur.
2930 5425 3023 5501 Sic
3052 5424 3218 5492 Diog.
3251 5425 3434 5481 Laért.
3458 5425 3730 5501 inBione,
3755 5441 3816 5496 p.
3844 5426 3974 5501 159.

2365 5497 2530 5572 Saepe
2571 5501 2651 5555 ita
2692 5499 2880 5572 habet
2921 5497 3332 5572 Chrysos‘tom.
3389 5503 3458 5572 t.r
3493 5500 3602 5560 Vll,
3657 5512 3794 5570 pag.
3844 5497 3971 5572 Hii.

3152 5569 3379 5624 Confer.
3434 5571 3626 5625 Actor.
3659 5567 3820 5635 'xxv,
3885 5567 3957 5620 23
