4170 6462
239 329 370 386 245

253 461 381 508 εἷπε
445 469 458 482 ⁸
520 451 786 525 Μακάριοι
841 449 891 501 οἱ
946 447 1208 520 ἐλεήμονες
1263 465 1276 479 ο

257 552 404 596 νοῶν
460 551 530 613 τῷ
582 536 829 610 ἀντιδίκῳ
870 557 958 590 σον
1001 553 1014 566 ⁸
1046 534 1155 590 εἶτα
1208 553 1222 566 ⁸
1283 537 1397 592 Ἐάν
1449 559 1529 600 τις
1589 559 1672 592 σοι
1743 539 1872 592 θελει

269 632 398 703 (Π)
458 633 712 706 κριθῆναι,
781 631 870 679 καὶ
939 630 1024 678 τὸν
1089 628 1293 698 χιτῶνά
1359 647 1452 680 σου
1522 628 1712 698 λαϐεῖν,
1778 625 1870 693 δός

274 721 424 791 αὐτῷ
453 725 538 772 καὶ
585 722 638 771 τὸ
691 718 893 790 ἱμάτιον
927 736 941 750 ο
978 714 1265 768 τελευταῖον
1317 713 1395 781 δε,
1434 719 1491 768 τὸ
1533 721 1708 789 μεῖζον
1747 716 1871 770 ἐκείο

1339 450 1512 502 ἔπειτα

271 830 378 860 νων
450 811 645 860 πάντων
703 805 980 877 ἐπήγαγεν.
1044 805 1125 858 Ἐν
1202 803 1407 864 ἐκείνοις
1462 808 1552 878 μὶν
1633 808 1734 880 γὰρ
1783 811 1870 858 καὶ

271 899 566 970 ἐλεουμένου
624 895 882 968 ἐμνήσθη,
945 899 1035 946 καί
1091 892 1382 960 ὼτιὸὶκου,
1464 898 1552 946 καὶ
1628 897 1870 968 κριθῆναί

270 1008 361 1040 σοι
385 987 656 1060 μελλοντος
683 999 699 1016 ’
736 983 956 1036 ἐνταῦθα
981 979 1040 1035 δε
1093 979 1242 1035 οὐδὲν
1274 988 1506 1036 τοιοῦτον
1553 985 1673 1049 θεὶς,
1709 984 1868 1042 αὐτὴν

260 1078 390 1129 καθ’
435 1075 626 1134 ἐαυτῆν
665 1072 1002 1146 ἐνομοθὲτησε
1047 1076 1140 1130 τὴν
1184 1079 1282 1124 τῶν
1343 1075 1631 1147 χρημάτων
1685 1074 1869 1146 ὑπερο-

253 1167 415 1240 ψίαν,
451 1161 679 1231 δεικνὺς,
707 1164 786 1215 ὅτι
816 1161 873 1214 οὐ
933 1157 1006 1213 δι’
1046 1159 1261 1222 ἐκείνους
1304 1169 1573 1231 τοσοῦτον,
1611 1163 1730 1214 ὅσον
1776 1159 1870 1214 διὰ

257 1260 322 1309 σὲ
353 1262 526 1308 ταῦτα
577 1251 909 1327 προσέταξεν,
968 1252 1068 1320 ἶνα,
1118 1249 1217 1302 κᾶυ
1266 1247 1452 1323 μηδεὶς
1511 1249 1711 1302 ἐκείνων
1766 1249 1867 1303 Evo-

260 1343 401 1416 χλῇ,
431 1347 497 1395 σὺ
529 1349 854 1416 καταφρονῇς
883 1348 981 1392 τῶν
1007 1344 1181 1406 ὄντων,
1212 1344 1300 1392 καὶ
1332 1335 1366 1392 δ
1372 1344 1580 1413 ιανέμης
1607 1340 1741 1393 αὐτὰ
1765 1347 1868 1401 τοῖς

263 1436 506 1490 πένησιν.

339 1521 501 1574 Ὠστε
550 1515 610 1572 δὲ
644 1519 768 1592 ῥᾷον
820 1524 1020 1582 πεῖσαι,
1046 1513 1295 1570 διδάσκει
1335 1521 1427 1576 τήν
1458 1537 1513 1570 τε
1545 1517 1744 1590 βλάϐην
1775 1523 1868 1570 τοῦ

264 1609 614 1684 θησαυρίζειν
667 1609 751 1660 ἐπὶ
810 1616 899 1668 τῆς
937 1614 1052 1679 γῆς,
1113 1612 1201 1659 καὶ
1258 1612 1351 1666 τὴν
1382 1607 1620 1680 ὠφέλειαν
1660 1615 1750 1659 τοῦ
1780 1609 1868 1664 θη·

264 1699 543 1772 σαυρίζειν
611 1697 658 1750 ἓν
711 1697 932 1772 οὐρανῷο
989 1702 1136 1749 Ἐστι
1167 1692 1226 1748 δὲ
1258 1701 1357 1758 σὴς
1407 1699 1496 1768 μὲν
1535 1698 1560 1747 ὁ
1623 1696 1867 1768 ἐγγεννὼ-

1245 320 1618 381 COMMENT.
1665 322 1736 378 IN
1775 322 2220 380 MATTH/EUM.
2263 352 2332 365 —
2371 323 2529 379 CAP.
2571 323 2664 379 VI.

1547 465 1560 480 '
1598 449 1737 503 Ἰσθι
1789 449 1861 503 εὖ·

1985 450 2132 506 dixit
2165 466 2178 506 :
2209 450 2376 507 Beati
2396 449 2784 506 misericordes
2835 451 2901 505 ³ο.
2953 448 3173 505 Deinde
3203 463 3224 504 ,ο
3252 449 3407 511 Esto.
3443 449 3636 523 inquit

3529 324 3637 380 246

1984 538 2282 596 benevolus
2305 540 2641 596 adversario
2667 545 2765 596 tuo
2787 541 2856 595 ²¹.
2877 539 3267 595 Postmodum
3294 539 3401 599 ait:
3423 539 3488 597 Si
3510 541 3633 612 quis

1983 636 2170 686 tecum
2191 629 2411 699 iudicio
2445 631 2697 686 voluerit
2731 629 3095 692 contendere,
3129 635 3182 685 et
3210 629 3454 698 auferre
3475 631 3630 686 luni-

1981 733 2107 774 eam
2131 724 2314 782 tuam,
2339 719 2477 774 dato
2494 719 2601 790 ipsi
2620 723 2673 774 et
2683 717 2930 787 pallium
2945 720 3012 770 ”.
3031 716 3296 773 Tandem
3318 717 3632 791 veroquod

1980 806 2070 862 his
2101 806 2385 861 omnibus
2426 807 2622 877 majus
2675 812 2782 870 est,
2812 805 3031 861 intulit.
3085 806 3149 860 In
3181 805 3290 860 illis
3322 806 3537 862 etenim
3576 809 3634 863 et

1979 895 2397 952 misericordiae
2411 911 2766 968 pauperum,
2781 900 2835 950 et
2849 894 3196 960 adversarii,
3210 894 3393 949 etlitis
3411 895 3636 966 injudi-

1979 984 2070 1040 cio
2109 984 2470 1040 imminentis
2496 983 2629 1039 fecit
2659 983 3019 1040 mentionem
3049 997 3062 1035 :
3106 981 3197 1037 hic
3222 987 3422 1038 autem
3467 983 3632 1039 nullo

1979 1072 2153 1128 simili
2177 1073 2395 1144 posito,
2417 1072 2614 1144 ipsum
2634 1087 2738 1144 per
2759 1086 2820 1126 se
2838 1069 3116 1126 stabilivit
3140 1069 3486 1125 facultatum
3501 1086 3634 1126 con-

1978 1166 2292 1234 temptum,
2343 1160 2666 1218 ostendens
2723 1159 2883 1233 quod
2912 1174 3107 1231 neque
3152 1157 3251 1213 illa
3295 1163 3540 1230 propter
3569 1174 3631 1215 se

1978 1255 2210 1307 tantum
2253 1252 2532 1322 jusserat,
2567 1250 2689 1306 imo
2740 1264 3092 1322 quanquam
3150 1247 3349 1303 nullus
3395 1247 3632 1306 illorum

1978 1340 2078 1397 tibi
2102 1340 2386 1396 molestus
2422 1341 2515 1405 sit,
2544 1346 2603 1395 tu
2629 1343 2828 1395 tamen
2863 1353 2933 1393 ea
2961 1353 3091 1410 quae
3124 1336 3332 1392 mundi
3367 1340 3508 1392 sunt
3532 1336 3632 1393 de—

1978 1431 2191 1504 spicies
2227 1447 2238 1485 :
2272 1430 2524 1502 ipsaque
2555 1427 2927 1502 pauperibus
2956 1427 3273 1484 distribues
3303 1428 3407 1499 (q).

2050 1519 2219 1584 Quod
2251 1523 2314 1574 ut
2342 1517 2574 1574 facilius
2616 1515 2994 1589 persuadeat,
3027 1517 3317 1573 damnum
3347 1514 3627 1582 ostendit,

1977 1607 2142 1680 quod
2201 1623 2237 1663 a
2301 1607 2717 1663 thesaurorum
2777 1605 3181 1661 reconditione
3235 1604 3518 1676 provenit,
3575 1610 3633 1662 et

1978 1695 2296 1753 commoda
2316 1712 2449 1768 qua:
2471 1711 2541 1752 ex
2571 1711 2780 1752 eorum
2805 1695 2863 1750 in
2884 1693 3044 1750 caelis
3064 1694 3512 1751 coacervatione
3543 1709 3629 1751 se-

260 1809 419 1862 μενος
463 1787 670 1848 πολλοῖς
714 1794 814 1837 τῶν
873 1785 1157 1859 χρημλτων
1217 1784 1442 1848 σκώληξ
1479 1784 1681 1859 βρῶσις
1727 1782 1861 1851 δὶ,ἠ

1978 1790 2280 1858 quuntur;
2312 1791 2409 1845 σὴς
2442 1788 2641 1840 autem
2689 1784 2876 1856 (quod
2920 1799 3031 1839 nos
3077 1785 3293 1839 tineam
3326 1783 3628 1855 vertimus)

263 1877 434 1949 σῆψις
463 1881 552 1928 καὶ
591 1879 739 1936 ’ίωσις
769 1879 858 1926 καὶ
906 1874 1020 1928 καθ’
1074 1874 1260 1930 ἑαυτὴν
1309 1877 1524 1932 τοιαύτη
1572 1871 1858 1949 διαφθορά,

259 1973 330 2021 Τί
374 1963 462 2020 οὖν
494 1984 508 2033 ;
537 1969 594 2016 τὸ
643 1969 876 2036 χρυσίον
921 1968 1018 2024 σὴς
1069 1961 1303 2035 ἀφανίζει
1333 1981 1346 2031 ;
1381 1963 1440 2015 Εἰ
1491 1968 1579 2016 καὶ
1630 1968 1700 2036 μὴ
1758 1968 1864 2028 σὴς,

264 2056 399 2109 ἀλλὰ
445 2054 679 2107 κλέπται.
732 2058 795 2106 Τὶ
849 2049 908 2104 δὲ
937 2069 950 2119 ;
983 2054 1166 2114 πάντες
1204 2051 1500 2117 συλῶνται;
1535 2052 1593 2106 Εἰ
1655 2057 1743 2104 καὶ
1794 2056 1864 2125 μὴ

265 2149 477 2206 πάντες,
530 2141 634 2194 ἀλλ’
693 2143 742 2194 οἱ
798 2140 1023 2201 πλείους.
1073 2137 1300 2199 Ἀδηλον
1355 2138 1434 2205 δὲ,
1494 2146 1626 2203 τίνες
1682 2141 1868 2194 ἄσυλοι

272 2233 511 2306 μενοῦσι.
549 2233 627 2285 Τὰ
675 2237 800 2302 γοῦν
847 2226 1191 2302 διανεμόμενα
1218 2237 1326 2291 τοῖς
1368 2234 1574 2292 πένησι,
1634 2239 1743 2291 πῶς
1780 2233 1869 2288 θη-

273 2326 613 2398 σαυριζονται
655 2337 668 2386 ;
720 2322 768 2372 ἓν
829 2325 900 2388 τῷ
929 2318 1147 2392 οὐρανῷ.
1206 2326 1321 2381 Πῶς
1361 2337 1373 2387 ;
1412 2318 1459 2370 ἕν
1513 2327 1584 2390 τῷ
1636 2322 1868 2392 ταμιεύει

270 2413 396 2464 σθαι
436 2409 541 2462 ἐκεῖ
573 2410 666 2470 τὰς
697 2404 991 2468 ἀντιδόσεις
1038 2410 1230 2460 τούτων
1269 2412 1358 2460 καὶ
1404 2410 1496 2468 τὰς
1542 2408 1780 2481 άμοιϐὰς,
1813 2410 1869 2461 αἰ

268 2499 643 2571 συλλεγόμεναι
688 2503 777 2551 καὶ
809 2500 1252 2572 θησαυριζόμεναι
1310 2497 1651 2570 φυλάττονται
1699 2500 1866 2570 ἀσφα-

270 2587 365 2650 λῶς
396 2589 536 2660 (ιε).

1976 1889 2242 1930 vermem
2296 1873 2608 1943 signiﬁcat,
2653 1873 2756 1944 qui
2800 1872 3096 1944 plerisque
3144 1871 3630 1944 possessionibus

1976 1961 2317 2017 innascitur.
2355 1960 2557 2035 βρῶσις
2610 1976 2749 2016 vero
2789 1960 2973 2032 (quod
3024 1976 3128 2015 nos
3185 1961 3628 2029 corruptionem

1977 2050 2261 2115 diximus)
2291 2049 2587 2121 signiﬁcat
2637 2049 3157 2122 putrefactionem,
3191 2048 3269 2105 ad
3295 2048 3628 2119 rubiginem

1977 2139 2389 2204 mutationem,
2423 2154 2786 2211 omnemque
2815 2138 3160 2210 hujusmodi
3195 2154 3233 2194 a
3276 2137 3477 2208 seipso
3503 2151 3629 2194 cor-

1976 2227 2313 2300 ruptionem
2352 2227 2592 2283 indicat.
2629 2228 2776 2293 Quid
2803 2243 2944 2298 ergo
2971 2227 2999 2282 ?
3029 2227 3211 2284 etiam
3252 2242 3466 2284 aurum
3498 2240 3628 2298 per-

1978 2318 2125 2372 dunt
2179 2316 2464 2372 vermes?
2519 2317 2628 2372 Etsi
2675 2331 2796 2372 non
2855 2331 3103 2381 vermes,
3157 2319 3411 2372 attamen
3441 2314 3623 2370 fures.

1978 2406 2195 2462 Omnes
2230 2405 2405 2477 igitur
2434 2405 2760 2477 spoliantur
2787 2405 2815 2460 ?
2843 2405 3087 2460 Plurimi
3116 2418 3289 2461 sane.
3327 2404 3625 2460 Incertum

1977 2498 2065 2551 est
2094 2499 2313 2561 autem,
2354 2493 2459 2567 qui
2503 2510 2540 2551 a
2564 2493 2838 2550 violentia
2868 2493 2973 2550 tuti
3014 2495 3432 2566 permaneant.
3482 2493 3625 2558 Quas

1975 2600 2117 2641 vero
2147 2583 2511 2656 pauperibus
2559 2583 3010 2654 distribuuntur,
3036 2597 3307 2656 quonam
3354 2584 3534 2654 pacto
3564 2580 3626 2640 in

271 2678 420 2734 coelo
450 2675 858 2734 reconduntur
884 2674 913 2730 ‘1’
940 2676 1065 2741 Quo
1096 2678 1272 2747 pacto
1300 2675 1330 2726 ‘?
1357 2677 1418 2730 In
1449 2690 1520 2731 eo
1547 2676 1710 2748 quod
1741 2676 1957 2738 horum
1982 2673 2398 2731 retributiones
2423 2688 2494 2730 ac
2527 2673 3040 2730 remunerationes
3087 2671 3168 2728 ibi
3198 2674 3574 2744 reponuntur
3608 2686 3623 2726 :

275 2783 402 2838 quae
430 2770 624 2822 autem
658 2765 737 2821 ibi
763 2763 1022 2838 reposita
1039 2767 1176 2818 sunt
1206 2767 1261 2820 et
1282 2763 1545 2831 collecta,
1579 2780 1785 2823 secura
1808 2770 2178 2839 permanent.

345 2852 471 2907 Εἶτα
520 2854 694 2926 ἐπάγει
723 2858 812 2906 καὶ
844 2853 1007 2930 ἕτερον
1058 2852 1330 2925 λογισμόν,
1380 2855 1566 2906 πείθων
1622 2859 1707 2907 καὶ
1760 2855 1860 2910 ἀπὸ

280 2947 462 2996 τούτου
493 2944 714 3014 μαλιστα
727 2989 739 3001 .

2045 2854 2266 2912 Deinde
2305 2856 2363 2910 et
2391 2852 2572 2909 aliam
2626 2850 2855 2908 inducit
2891 2851 3450 2920 considerationem,
3491 2864 3625 2923 quas

1973 2947 2051 3005 ab
2082 2947 2195 3003 hoc
2224 2944 2483 3000 maxime
2509 2941 2835 3006 abstrahat,
2868 2941 3072 2998 dicens
3111 2963 3122 2996 :

348 3031 367 3048 ’
399 3039 538 3085 Οπου
581 3063 645 3075 -
690 3035 719 3092 ἠ
771 3027 968 3105 καρδία
1015 3033 1177 3101 ὑμῶν.
1229 3028 1462 3106 Καρδίαν
1502 3028 1741 3096 ἐνταῦθα,
1773 3036 1860 3085 τὸν

2044 3038 2208 3093 Vers.
2253 3036 2343 3088 2t.
2389 3032 2589 3089 Ubi—
2627 3047 2731 3088 cor
2754 3037 3029 3088 vestrum.
3078 3033 3189 3087 Cor
3225 3031 3287 3086 in
3337 3030 3452 3087 hoc
3492 3027 3624 3087 loco

276 3129 389 3174 νοῦν
437 3121 642 3174 ἐκάλεσε
683 3143 696 3156 υ
728 3121 861 3194 λέγει
921 3118 997 3187 δὲ,
1061 3123 1141 3173 ὅτι
1191 3123 1294 3177 Καὶ
1347 3127 1389 3174 εὶ
1445 3119 1610 3194 μηδεν
1668 3125 1860 3175 τούτων

271 3216 498 3284 γένηται,
540 3215 760 3282 πάντως,
817 3212 942 3264 ὃπου
986 3212 1129 3263 εστὶν
1186 3212 1211 3261 ὁ
1257 3212 1518 3284 θησαυρὸς
1557 3213 1718 3284 ὑμῶν,
1760 3210 1862 3264 ἐκεῖ

267 3301 419 3354 ὃσται
465 3307 556 3353 και
585 3303 610 3352 ό
641 3309 757 3361 νοῦς
809 3301 972 3371 ὑμῶν.
1034 3304 1135 3353 Καὶ
1181 3299 1239 3352 οὐ
1285 3303 1449 3374 μικρὰ
1485 3309 1635 3353 τοῦτο
1687 3299 1856 3373 βλάϐη

265 3399 354 3450 τῆς
383 3390 541 3460 ψυχῆ
557 3410 596 3454 ς,
629 3391 687 3439 τὸ
725 3388 1095 3462 προσὴλῶσθαι
1124 3394 1209 3442 τόν
1238 3398 1354 3441 νοῦν
1390 3389 1554 3451 αὐτῆς
1613 3389 1732 3456 ἐκεῖ,
1774 3409 1860 3462 με·

270 3486 536 3553 ριμνῶντα
583 3473 759 3528 διόλου
815 3482 931 3550 περὶ
985 3485 1074 3540 τῆς
1132 3486 1224 3530 τοῦ
1283 3480 1550 3553 θησαυροῦ
1605 3478 1857 3550 φυλακῆς,

270 3573 360 3620 καὶ
404 3575 464 3640 τῇ
506 3569 722 3638 τοιαύτη
780 3563 1043 3639 τυραννίδι
1088 3558 1625 3641 καταδεδουλὼμένον,
1670 3572 1855 3641 καὶμὴ

267 3657 536 3730 τολμῶντα
564 3653 846 3727 μεταϐῆναι
874 3659 1002 3731 πρὸς
1032 3656 1204 3731 ἑτέραν
1227 3660 1438 3710 ἔννοιανο

333 3746 392 3798 Ὀ
452 3745 646 3817 λύχνος
708 3775 769 3785 -
815 3748 1074 3797 σκοτεινὸν
1128 3749 1296 3802 ἔσται.
1363 3749 1575 3819 Λύχνος
1619 3745 1781 3814 ἐστὶν,
1829 3747 1856 3799 ὁ

266 3840 500 3908 φωστὴρ·
551 3833 720 3886 Εἰπὼν
771 3830 830 3886 δὲ
888 3839 1006 3907 περὶ
1056 3843 1148 3896 τῆς
1212 3833 1424 3906 ἀγενοῦς
1486 3832 1720 3897 δουλείας
1766 3842 1857 3888 τοῦ

269 3930 374 3991 νοῦ,
427 3925 475 3983 ὃς
523 3921 663 3975 ἐστιν
723 3922 984 3994 ὀφθαλμός
1020 3931 1112 3984 τῆς
1162 3923 1364 3996 ψυχῆς,
1416 3923 1657 3998 βούλεται
1689 3921 1856 3988 δεῖξαι

273 4017 624 4086 φανερώτερον,
663 4013 742 4062 ὅτι
799 4013 829 4070 ἡ
886 4013 1099 4069 τοιαύτη
1157 4008 1365 4066 δουλεία
1415 4021 1505 4066 τοῦ
1561 4023 1672 4082 νοῦ,
1715 4013 1852 4087 λύμη

270 4107 360 4160 τῆς
411 4099 593 4171 ψυχῆς
661 4098 818 4153 ἐστιν.
900 4099 1167 4173 Λαμϐάνει
1230 4099 1288 4155 δὲ
1346 4099 1704 4177 παράδειγμα,
1768 4106 1853 4155 τόν

265 4186 521 4259 ὀφθαλμόν
550 4195 641 4241 τοῦ
693 4194 953 4260 σώματος,
993 4193 1082 4241 καὶ
1133 4188 1233 4243 ἀπὸ
1289 4193 1472 4244 τούτου
1530 4189 1728 4245 δίδωσι
1764 4195 1854 4244 καὶ

259 4278 326 4327 τά
355 4279 544 4328 ἐκείνου
566 4283 713 4329 νοεῖν.

1972 3129 2230 3180 mentem
2263 3121 2537 3193 appellat.
2573 3119 2717 3175 Dicit
2752 3126 2972 3186 autem,
3002 3119 3167 3193 quod
3207 3120 3284 3190 (ν)
3319 3118 3433 3175 Etsi
3476 3115 3621 3175 nihil

1968 3215 2187 3272 horum
2209 3212 2398 3277 fuerit,
2423 3212 2670 3268 omnino
2696 3214 2895 3266 tamen
2925 3209 3029 3265 ubi
3060 3213 3146 3265 est
3187 3209 3500 3265 thesaurus
3525 3222 3622 3264 ve-

1969 3308 2107 3371 ster,
2122 3303 2200 3358 ibi
2220 3301 2390 3358 eritet
2407 3315 2573 3356 meus
2593 3303 2806 3355 vestra.
2826 3301 3025 3370 Neque
3037 3312 3288 3369 parvum
3329 3296 3390 3352 id
3407 3295 3621 3353 animas

1967 3393 2399 3449 documentum
2445 3392 2551 3457 est,
2584 3392 2844 3444 mentem
2885 3385 3154 3442 videlicet
3196 3402 3371 3442 suam
3402 3385 3487 3441 ibi
3525 3400 3622 3442 ca-

1967 3486 2128 3554 ptam
2158 3496 2310 3545 esse,
2339 3482 2395 3535 et
2427 3478 2584 3534 circa
2610 3476 2871 3532 thesauri
2904 3475 3232 3530 custodiam
3261 3472 3622 3530 multimoda

1966 3586 2111 3627 cura
2138 3568 2429 3638 distringi,
2463 3565 2683 3638 talique
2736 3565 3067 3636 subjectam
3110 3579 3242 3620 esse
3290 3561 3615 3636 tyrannidi,

1965 3674 2161 3732 neque
2191 3657 2412 3716 audere
2443 3656 2521 3713 ad
2546 3656 2731 3714 aliam
2757 3652 3009 3711 transire
3039 3652 3484 3725 cogitationem.

2038 3749 2205 3805 \‘ers.
2232 3752 2320 3804 22.
2353 3747 2623 3803 Lucerna
2651 3776 2719 3785 —
2758 3745 2920 3801 Vers.
2955 3747 3043 3800 23.
3083 3742 3454 3800 tenebrosum
3481 3741 3616 3801 erit.

1963 3839 2227 3895 Lucerna
2243 3840 2330 3894 est
2349 3836 2670 3893 luminare.
2690 3835 3023 3908 Postquam
3039 3849 3178 3905 ergo
3200 3831 3346 3889 dixit
3364 3831 3439 3888 de
3465 3831 3620 3888 indi-

1965 3943 2084 3998 gna
2113 3927 2390 3984 servitute
2422 3924 2654 3990 mentis,
2689 3938 2825 3996 quae
2855 3921 3068 3980 oculus
3109 3925 3197 3978 est
3227 3920 3464 3991 animas,
3488 3919 3618 3976 vult

1963 4017 2374 4072 demonstrare
2410 4012 2777 4069 manifestius
2805 4011 2966 4084 quod
3013 4009 3352 4081 hujusmodi
3404 4009 3614 4066 mentis

1965 4105 2213 4161 servitus
2242 4102 2421 4176 pestis
2451 4104 2524 4158 sit
2552 4101 2790 4158 animae.
2830 4100 3025 4156 Sumit
3044 4104 3245 4156 autem
3271 4099 3612 4172 exemplum

1963 4193 2040 4250 ab
2065 4193 2240 4249 oculo
2267 4206 2575 4263 corporeo,
2599 4206 2635 4247 a
2655 4205 2797 4263 quo,
2827 4194 2883 4246 et
2907 4203 3043 4261 quas
3067 4187 3227 4244 illius
3255 4191 3414 4252 sunt,
3439 4187 3613 4244 nobis

1961 4282 2066 4339 dat
2084 4281 2430 4350 intelligere.

333 4369 732 4439 Παρατηρητέον
781 4361 839 4417 δὲ
887 4372 994 4434 νῦν,
1039 4367 1120 4418 ὅτι
1180 4367 1370 4421 ἁπλοῦν
1421 4372 1510 4442 μὲν
1553 4368 1707 4440 λέγει,
1766 4371 1851 4421 τὸν

2033 4369 2485 4425 Observandum
2507 4371 2708 4425 autem
2738 4365 2855 4431 hic,
2886 4363 3051 4437 quod
3083 4362 3328 4452 simplex
3350 4361 3615 4434 appellat

255 4455 403 4526 ὑγιᾶ·
457 4457 678 4528 πονηρόν
737 4449 816 4518 δὲ,
872 4458 956 4506 τὸν
1013 4461 1239 4531 νοσερόν.
1283 4463 1420 4516 Φησὶ
1460 4455 1537 4524 δε,
1603 4460 1682 4510 ὅτι
1734 4457 1849 4511 Ἐὰν

255 4546 347 4614 μέν
370 4544 396 4594 6
437 4542 697 4614 ὀφθαλμός
728 4561 821 4594 σου
853 4543 1004 4614 ὑγιὴς
1055 4550 1154 4618 εἴη,
1201 4547 1312 4600 ὅλον
1338 4551 1396 4599 τὸ
1439 4549 1590 4620 σῶμά
1645 4567 1737 4600 σου
1764 4566 1850 4599 πε·-

256 4635 578 4703 φωησμένον
653 4634 816 4695 ἔσται,
897 4637 1238 4709 φωτιζόμενον
1314 4639 1412 4689 ὑπὸ
1478 4644 1566 4690 τοῦ
1659 4637 1846 4689 οἰκείου

329 4808 378 4844 ²⁰
399 4807 607 4866 Matth.
641 4824 694 4878 ν,
725 4813 779 4864 7.
856 4809 901 4845 ²¹
931 4807 1084 4868 ibid.
1124 4809 1212 4867 25.
1246 4811 1293 4846 ²²
1322 4809 1448 4868 ibid
1472 4809 1562 4865 40.

1959 4459 2020 4515 id
2049 4458 2215 4531 quod
2241 4473 2453 4513 sanum
2486 4461 2573 4512 est
2606 4472 2621 4521 ;
2652 4454 2881 4511 malum
2906 4467 3048 4510 vero
3105 4451 3266 4524 quod
3295 4455 3607 4522 aegrotum.

1962 4547 2110 4604 Dicit
2139 4562 2280 4618 ergo
2313 4563 2325 4602 :
2357 4546 2414 4603 Si
2443 4544 2650 4602 oculus
2668 4548 2800 4600 tuus
2831 4558 3010 4599 sanus
3034 4541 3228 4609 fuerit,
3261 4545 3453 4599 totum
3483 4554 3612 4598 cor-

1958 4652 2071 4710 pus
2098 4638 2267 4692 tuum
2290 4633 2693 4692 illuminatum
2719 4632 2845 4700 erit,
2876 4647 2912 4688 a
2943 4629 3185 4704 proprio
3215 4629 3486 4688 videlicet
3513 4627 3608 4687 lu-

1455 4983 1682 5056 Variae
1722 4983 2050 5054 lectiones
2091 4992 2155 5053 et
2197 4993 2398 5055 nota.

479 5179 820 5326 limeninter
873 5249 1112 5326 ἀσφαλῶς
1156 5255 1245 5326 et_
1270 5248 1381 5306 εἶτα
1436 5252 1850 5326 interseruerat

251 5322 578 5381 Hentenius
611 5322 1113 5396 superiora,'quae
1138 5324 1186 5380 A
1231 5323 1295 5381 in
1343 5325 1614 5398 margine
1642 5323 1844 5384 habet.

325 5502 406 5574 (q)
442 5501 779 5576 Qstendens,
831 5517 895 5576 se
925 5517 1049 5576 non
1103 5507 1224 5561 tam
1264 5502 1500 5576 illorum
1530 5519 1716 5576 quam
1743 5510 1847 5563 tua

249 5587 433 5629 causa
461 5574 586 5648 haec
610 5575 977 5648 praecepisse,
1008 5575 1087 5632 ita
1116 5581 1199 5648 ut,
1229 5575 1461 5648 etiamsi
1489 5574 1686 5632 nullus
1713 5577 1846 5634 illo-

246 5660 387 5702 rum
405 5645 692 5703 molestus
705 5645 1077 5717 sit,tutamen
1097 5647 1332 5705 divitias
1353 5653 1704 5706 contemnas
1723 5665 1845 5706 cas-

1958 5183 2099 5240 Nam
2151 5182 2281 5241 haec
2325 5182 2574 5257 quidem
2625 5182 2752 5244 sine
2780 5183 2903 5244 ullo
2953 5183 3142 5246 dubio
3183 5181 3609 5258 conjungenda

1957 5259 2114 5313 sunt.

1953 5520 2066 5578 que
2086 5505 2377 5578 ditribuas
2400 5507 2623 5577 egenis.
2673 5541 2678 5549 ο

2027 5578 2106 5649 (r)
2126 5577 2223 5634 Hic
2252 5593 2458 5636 rursus
2488 5580 2568 5632 ὅτι
2591 5580 2808 5640 frustra
2825 5577 3083 5638 reddidit
3103 5578 3278 5653 quod.
