4170 6448
617 297 726 353 247

616 422 835 481 minari
862 423 1056 483 lucem
1084 427 1314 489 habens
1341 450 1356 501 ;
1389 435 1654 497 siautem
1688 445 1896 502 oculus
1931 452 2066 507 tuus
2092 470 2273 525 aegro-

616 514 918 587 tusfuerit,
947 519 1134 574 totum
1155 537 1373 594 corpus
1395 529 1556 584 tuum
1587 533 1963 594 tenebrosum
1989 542 2113 608 erit,
2148 560 2268 602 non

613 598 842 658 habens
892 604 970 660 ab
1021 607 1150 680 ipso
1183 609 1397 669 lucem.
1444 616 1530 673 Ita
1578 617 1756 688 igitur
1799 629 1854 679 et
1896 598 2270 704 mens;un

610 689 818 746 oculus
841 700 928 748 est
952 695 1190 763 animae,
1216 700 1433 757 detossi
1452 705 1708 764 thesauri
1735 712 2117 774 sollicitudini
2154 738 2271 778 ser-

608 777 801 846 viens,
826 787 1053 850 aegrota
1084 791 1172 841 est
1201 803 1213 852 ;
1249 789 1383 860 ipsa
1401 793 1558 850 enim
1593 797 1922 858 sollicitudo
1952 805 2266 866 inﬁrmitas

607 872 718 933 est,
748 874 804 924 et
831 870 968 926 ideo
1005 873 1327 933 obscurata
1363 884 1452 934 est
1482 884 1707 941 anima.

678 957 848 1014 Vers.
881 963 970 1014 23.
993 963 1061 1016 Si
1083 977 1214 1035 ergo
1234 997 1302 1005 —
1325 976 1564 1038 quanta:
1587 973 1614 1027 ‘I
1639 975 1695 1030 Si
1715 991 1856 1046 ergo
1881 979 2082 1040 lumen
2104 990 2266 1060 quod

607 1043 668 1099 in
700 1047 754 1100 te
784 1049 893 1111 est,
923 1047 1038 1103 hoc
1068 1057 1178 1115 est,
1215 1069 1404 1121 mens,
1456 1075 1592 1130 quae
1623 1063 1702 1118 ad
1730 1043 1844 1121 hoc
1901 1069 2043 1129 data
2073 1043 2174 1142 est,

609 1132 877 1190 animam
904 1135 1256 1197 illuminaret
1287 1160 1357 1200 ac
1398 1154 1646 1218 regeret,
1680 1156 1932 1214 tenebras
1967 1167 2123 1229 sunt,
2154 1165 2266 1222 hoc

610 1224 716 1288 est,
763 1223 1156 1284 obtenebrata
1209 1237 1317 1298 est,
1374 1237 1630 1294 tenebrae
1701 1257 1838 1314 quae
1891 1247 1969 1303 ab
2009 1223 2264 1312 affectio-

603 1308 784 1366 nibus
800 1316 1146 1384 procedunt,
1163 1327 1406 1391 quantae
1421 1329 1558 1382 sunt
1571 1328 1646 1383 ad
1661 1332 1927 1390 animam
1943 1338 2264 1400 obscuran-

605 1398 772 1469 dam,
799 1401 929 1473 ipso
958 1403 1185 1463 lumine
1216 1411 1380 1482 quod
1404 1413 1481 1468 illi
1511 1417 1808 1476 oriebatur
1824 1398 2261 1489 obtenebrato77?

676 1487 842 1545 Vers.
898 1495 985 1547 24.
1018 1495 1199 1552 Nemo
1252 1507 1684 1562 —eontemnet.
1737 1509 1925 1568 Aliam
1979 1487 2262 1588 praeterea

610 1576 1144 1638 considerationem
1191 1586 1434 1646 adducit
1462 1576 2022 1668 formidabiliorem,
2060 1614 2118 1664 ut
2150 1576 2261 1666 for:

603 1663 760 1720 tibus
778 1666 856 1722 ab
879 1684 1080 1727 amore
1115 1677 1522 1746 temporalium
1558 1698 1756 1740 rerum
1776 1695 2132 1761 avertamur,
2166 1715 2257 1755 os-

600 1753 850 1810 tendens
881 1757 1045 1815 hunc
1068 1761 1168 1818 Dei
1201 1766 1492 1836 expellere
1543 1773 1899 1845 servitutem,
1949 1785 2005 1836 et
2027 1782 2088 1838 in
2114 1753 2259 1844 divi-
2292 1811 2336 1866 Β

597 1839 814 1899 tiarum
844 1845 1125 1906 reducere
1162 1853 1526 1912 servitutem.
1563 1858 1921 1932 Simpliciter
1950 1875 2163 1939 autem,
2203 1881 2258 1932 et

599 1928 828 2002 absque
870 1937 1112 1994 nomine
1166 1941 1428 2012 primum
1469 1945 1623 2002 duos
1680 1951 1818 2007 dicit
1863 1955 2148 2026 dominos,
2199 1971 2258 2019 ut

598 2017 899 2076 auditores
948 2023 1089 2081 dicti
1134 2029 1441 2088 veritatem
1493 2041 1662 2104 cogat
1701 2041 1988 2100 conﬁteri.
2041 2017 2255 2108 Deinde

596 2107 953 2166 nominatim
980 2112 1110 2169 illos
1141 2118 1326 2189 ponit,
1349 2121 1420 2176 de
1447 2124 1668 2195 quibus
1691 2136 1817 2184 erat
1847 2147 2064 2191 sermo.
2095 2138 2255 2197 Duos

595 2209 733 2250 vero
759 2197 1038 2256 dominos
1081 2203 1240 2270 dicit,
1271 2211 1569 2269 contraria
1589 2214 1889 2284 jubentes.
1916 2223 2253 2287 Adhzerebit

601 2288 820 2349 autem,
858 2287 973 2344 hoc
1005 2299 1113 2359 est,
1146 2296 1398 2352 Parebit.

589 2562 775 2606 mona
805 2560 1004 2611 autem
1047 2557 1124 2614 ab
1177 2562 1434 2619 Hebraeis
1482 2567 1701 2626 divitim
1749 2574 2048 2648 dicuntur,
2097 2599 2245 2654 quas

590 2635 764 2694 etiam
791 2640 1105 2702 dominum
1132 2651 1472 2722 appellavit,
1513 2664 1754 2729 propter
1781 2635 2245 2728 imbecillitatem

591 2720 831 2784 illorum
863 2731 964 2803 qui
993 2748 1198 2791 earum
1221 2720 1522 2798 sustinent
1563 2744 1918 2808 dominium.
1956 2756 2102 2819 Quid
2141 2759 2244 2828 igi-

587 2813 703 2879 tur,
737 2832 929 2874 nonne
978 2823 1277 2882 Abraham
1330 2828 1497 2885 dives
1527 2839 1651 2889 erat
1679 2837 1707 2890 ?
1737 2853 1934 2896 nonne
1959 2843 2088 2909 Job,
2123 2847 2242 2904 alii-

588 2919 704 2976 que
737 2904 956 2963 similes
989 2909 1016 2965 ?
1053 2913 1260 2985 Utique
1288 2915 1504 2974 divites
1537 2924 1780 2992 quidem
1813 2936 2001 2996 erant,
2038 2904 2096 2990 at
2120 2951 2241 2993 non

586 2993 944 3062 serviebant,
973 2999 1078 3054 sed
1109 3001 1584 3063 dominabantur
1613 3011 1844 3080 divitiis,
1901 3024 1957 3074 et
1982 3021 2147 3093 ipsas
2178 3025 2239 3082 in

584 3095 803 3153 egenos
832 3084 1237 3146 insumebant.

649 3172 783 3229 Non
829 3177 1071 3242 potestis
1119 3181 1236 3236 Deo
1301 3184 1520 3240 servire
1570 3195 1620 3243 et
1678 3206 2034 3268 mammona,
2094 3201 2236 3272 quia
2269 3165 2307 3219 Ο

580 3259 734 3317 Deus
765 3277 884 3318 non
919 3267 1098 3322 modo
1132 3268 1302 3338 jubet
1335 3271 1413 3327 ab
1443 3273 1651 3332 alienis
1691 3259 2148 3350 abstinere/sed
2180 3259 2236 3348 et

575 3351 817 3423 propria
833 3353 1085 3424 elargiri.
1129 3357 1469 3418 Mammona
1500 3380 1638 3421 vero
1675 3374 2037 3432 contrarium
2072 3393 2084 3432 :
2113 3394 2231 3437 non

571 3441 752 3496 modo
792 3441 1065 3500 videlicet
1103 3449 1347 3520 propria
1376 3466 1498 3508 non
1561 3455 1817 3526 elargiri,
1869 3463 1972 3518 sed
2005 3480 2113 3522 nec
2153 3470 2230 3526 ab

571 3527 778 3584 alienis
823 3530 1120 3589 abstinere
1172 3543 1227 3592 et
1277 3537 1372 3593 ille
1413 3541 1703 3599 Dominus
1749 3554 2010 3608 ventrem
2059 3556 2230 3626 jubet

568 3617 894 3686 astringere
917 3637 932 3688 ;
959 3620 1067 3676 iste
1089 3638 1224 3677 vero
1244 3628 1422 3680 ventri
1447 3628 1754 3702 indulgere
1775 3651 1788 3700 ;
1809 3636 1901 3693 ille
1923 3645 2224 3702 continen-

567 3706 686 3757 tem
714 3719 865 3768 esse,
900 3705 998 3760 hic
1031 3713 1225 3766 autem
1251 3716 1521 3781 scortari,
1554 3718 1788 3793 aliaque
1811 3726 2041 3787 similia.

639 3789 801 3845 Vers.
847 3796 934 3847 25.
990 3794 1300 3866 Propterea
1355 3831 1424 3843 -—
1483 3789 1841 3867 induamini.
1902 3816 2222 3892 Postquam

562 3877 765 3934 locum
797 3879 1054 3940 absolvit
1107 3887 1176 3941 de
1207 3904 1328 3944 non
1373 3895 1752 3955 recondendo
1785 3919 1966 3976 super
2004 3912 2222 3969 terram

561 3966 858 4034 thesauro,
893 3974 948 4024 et
977 3987 1048 4029 ea
1089 3990 1225 4047 quin
1282 3990 1620 4054 supersunt,
1683 3995 2047 4064 pauperibus
2106 4000 2224 4054 dis-

561 4055 814 4114 tribuere
854 4064 1056 4129 suasit,
1095 4064 1260 4124 docet
1295 4068 1575 4146 deinceps
1606 4077 1680 4135 de
1736 4087 2073 4142 necessario
2105 4105 2221 4146 usu

559 4159 684 4201 non
737 4163 864 4205 esse
907 4151 1243 4211 sollicitum.
1289 4159 1382 4215 Ait
1433 4163 1630 4222 enim:
1677 4168 1768 4225 Ne
1817 4174 1944 4227 sitis
1980 4177 2223 4234 solliciti

559 4235 775 4293 anima?
817 4246 1039 4312 vestrae,
1072 4245 1132 4301 id
1181 4252 1288 4315 est,
1340 4258 1580 4324 propter
1635 4258 1898 4316 animam
1945 4271 2215 4334 vestram,

557 4325 906 4396 quidedatis,
932 4335 1186 4405 autquid
1202 4335 1428 4396 bibatis.
1446 4342 1801 4418 Quanquam
1827 4351 1989 4406 enim
2015 4325 2219 4414 anima

553 4427 746 4486 neque
778 4418 938 4484 edat,
979 4436 1174 4494 neque
1203 4425 1392 4497 bibat,
1424 4437 1668 4503 propter
1715 4438 1980 4494 animam
2013 4445 2214 4500 tamen

554 4502 737 4558 edunt
764 4521 830 4561 ac
876 4507 1092 4567 bibunt
1129 4512 1402 4572 homines
1451 4502 1580 4590 quae
1631 4539 1850 4594 corpus
1881 4527 2215 4590 inhabitare
2249 4515 2292 4567 θ

552 4605 675 4646 non
688 4597 900 4663 potest,
920 4599 1084 4668 quod
1103 4616 1223 4658 non
1238 4608 1512 4672 comedit,
1529 4614 1586 4665 et
1599 4611 1770 4677 bibit,
1802 4613 1990 4671 donec
2016 4618 2214 4690 ipsum

555 4693 800 4752 quoque
824 4698 1042 4756 corpus
1073 4688 1516 4765 incorruptibile
1547 4699 1857 4759 reddatur.

625 4767 756 4865 Alio
776 4785 1018 4846 quoque
1049 4780 1230 4838 modo
1257 4782 1322 4838 id
1346 4787 1537 4856 aptari
1562 4788 1632 4858 (ε)
1663 4792 1873 4860 potest,
1903 4796 2210 4865 quodcum

552 4854 826 4917 homines
854 4861 1153 4926 interdum
1177 4869 1243 4928 in
1274 4854 1479 4929 anima
1500 4854 1659 4932 anxii
1683 4876 1820 4946 sint,
1849 4885 2211 4960 quandoque

1940 323 2288 386 EUTHYMII
2339 330 2672 394 ZIGABENI

3876 372 3999 428 248

2383 471 2720 534 φωταγωγοῦ·
2748 465 2831 518 ἐάν
2865 465 2923 523 δὲ
2960 473 2985 524 ὁ
3015 473 3269 551 ὀφθαλμός
3303 503 3395 536 σου
3427 494 3640 562 νοσερὸς
3670 498 3890 562 εἴη,ὃλον
3925 511 3994 560 τὸ

2385 553 2534 621 σῶμά
2569 571 2661 604 σου
2677 553 3038 630 ἐσκοτισμένον
3055 567 3299 641 ἐσται,μὴ
3323 577 3663 649 φωτιζόμενον
3683 585 3767 636 ὑπ’
3790 590 3988 647 αὐτοῦ.

2381 639 2538 691 Οῦπω
2565 648 2734 694 τοίνυν
2767 652 2853 698 καὶ
2882 652 2906 699 6
2941 650 3193 726 ὀφθαλμὸς
3229 668 3322 722 τῆς
3351 662 3504 736 ψυχῆ
3519 689 3555 737 ς,
3610 672 3634 721 6
3668 682 3802 742 νοῦς,
3855 677 3991 733 δου-

2381 724 2394 742 κ
2445 729 2455 738 ι
2611 738 2630 742 -
2861 733 2880 742 ⁸

3102 724 3110 726 ν
3363 724 3371 732 ι
3428 724 3470 736 ιν
3524 724 3555 737 -1
3739 724 3744 725 ⁷
3768 724 3802 742 ³)
3857 724 3879 731 ⁷
3896 724 3958 733 vv

2376 724 2530 778 λεῦων
2569 738 2630 802 τῇ
2666 733 2904 806 φροντίδι
2934 749 3023 792 τοῦ
3055 757 3509 823 κατορωρυγμένου
3537 759 3651 829 (l9)
3678 764 3985 841 θησαυροῦ,

3259 818 3265 820 .
3333 818 3368 823 .-
3541 818 3550 827 η
3623 818 3638 829 1
3728 818 3736 820 -
3855 818 3984 841 ,έ-τν

2376 822 2578 888 νοσερός
2622 818 2733 873 ἐστι
2769 841 2780 853 ·
2809 830 2956 888 νόσος
2981 833 3081 906 γὰρ
3123 837 3152 892 ἠ
3204 843 3417 899 τοιαύτη
3453 852 3657 919 φροντίς
3691 868 3703 881 ·
3733 860 3821 908 καὶ
3865 857 3984 912 λοι-

2375 907 2490 969 πόν,
2523 905 2830 965 ἐσκότισται
2856 917 2884 973 ἠ
2919 917 3096 990 ψυχή.

2444 994 2504 1047 Εἰ
2531 996 2617 1048 οὖν
2647 1029 2716 1040 -
2754 1007 2936 1059 πόσον.
2981 1010 3039 1061 Εἰ
3069 1006 3155 1062 οὖν
3181 1016 3238 1065 τό
3271 1025 3372 1088 φῶς
3405 1023 3461 1072 τό
3492 1020 3538 1074 ἐν
3572 1031 3674 1098 σοὶ,
3713 1032 3739 1082 ὃ
3768 1031 3912 1088 ἐστιν
3950 1041 3982 1092 6

2372 1089 2504 1148 νοῦς,
2545 1087 2570 1137 6
2603 1083 2859 1161 δωρηθεὶς
2882 1094 2948 1155 εἰς
2974 1101 3030 1149 τὸ
3059 1103 3296 1170 φωτίζειν
3309 1112 3393 1160 καὶ
3413 1107 3622 1184 ὁδηγεῖν
3644 1123 3737 1178 τὴν
3758 1122 3978 1197 ψυχήν,

2375 1177 2551 1234 σκότος
2581 1176 2714 1245 ἐστὶ,
2743 1187 3027 1253 τουτέστιν,
3062 1186 3382 1262 ἐσκότισται,
3411 1198 3586 1254 λοιπὸν

3643 1211 3701 1259 τό
3759 1219 3978 1285 σκότος,

2371 1263 2428 1311 τὸ
2492 1261 2591 1315 ἀπὸ
2657 1275 2752 1319 τῶν
2797 1274 2994 1339 παθῶν,
3054 1283 3215 1332 πόσον

3272 1287 3438 1360 ἔσται,
3509 1292 3576 1353 εἰς
3612 1299 3668 1348 τὸ
3706 1305 3979 1366 σκοτίζειν

2370 1352 2462 1407 τὴν
2492 1350 2697 1424 ψυχὴν,
2765 1365 3124 1429 σκοτισθέντος
3157 1371 3247 1423 τοῦ
3299 1373 3648 1445 ἁνατελλοντος
3689 1388 3802 1462 (20)
3839 1395 3975 1449 αῦτό

2371 1457 2505 1509 φωτο
2521 1462 2541 1502 ς
2581 1459 2595 1508 ;

2440 1525 2632 1592 Οὐδεὶς
2689 1565 2756 1574 -
2803 1549 3183 1616 καταφρονήσει
3197 1593 3209 1605 .

2949 1613 2952 1614 7
2975 1613 2983 1616 ν
3583 1613 3586 1614 ,
3634 1613 3674 1636 κΓ
3691 1613 3733 1618 σν
3785 1613 3882 1623 vi.“
3894 1613 3965 1644 ,‘I

2367 1613 2617 1690 λογισμὸν
2677 1624 3038 1704 φοϐερώτερον,
3115 1636 3181 1696 εἰς
3241 1638 3586 1720 ἰσχυροτέραν
3658 1651 3965 1732 ἀπὸτροπὴν

2367 1712 2423 1732 ..:
2440 1725 2457 1732 -
2511 1728 2532 1732 _
2550 1707 2585 1732 Α
2601 1728 2617 1732 -
2630 1730 2638 1732 ς
2658 1731 2662 1732 ν
2684 1731 2689 1732 γ
2859 1721 2867 1732 '
3028 1717 3048 1732 "
3175 1728 3182 1732 ’

3295 1707 3336 1712 ν-
3374 1707 3382 1715 ι
3492 1707 3501 1720 ι
3745 1707 3750 1708 ⁷
3773 1707 3962 1732 ⁷ΓἾΠἾΪ

2364 1712 2457 1766 τῆς
2509 1707 2950 1784 φιλοχρηματίας,
3014 1717 3279 1798 δεικνύων,
3331 1732 3411 1783 ὅτι
3460 1737 3592 1796 αῦτη
3629 1749 3718 1796 καί
3754 1755 3844 1810 τῆς
3871 1762 3964 1804 τοῦ

2373 1800 2411 1810 Λ
2483 1801 2500 1810 υ
2566 1793 2586 1810 ι
2653 1798 2670 1810 ⁸
2719 1805 2726 1810 ⁵
2829 1807 2838 1810 ’
3009 1808 3018 1810 ⁷

3264 1793 3275 1798 ,
3578 1793 3588 1796 -
3672 1793 3716 1796 νν
3761 1793 3843 1810 "Ir
3880 1793 3960 1804 ’ν’

2369 1800 2502 1844 Θεοῦ
2553 1793 2786 1862 δουλείας
2818 1807 2950 1876 ἡμᾶς
3001 1808 3250 1881 ἐκϐάλλει,
3311 1826 3399 1872 καὶ
3437 1832 3509 1893 τῷ
3547 1828 3751 1904 πλούτῳ
3799 1857 3960 1892 καταο

2371 1875 2546 1904 ,ειμημ
2613 1885 2655 1904 οι
2713 1888 2775 1904 κ-
2848 1889 2879 1904 ϊ
3039 1899 3108 1904 ν·

3238 1875 3247 1881 ,
3481 1879 3488 1893 ,
3552 1875 3751 1904 mw"?
3799 1875 3960 1892 ...ιαμ

2369 1875 2564 1937 δουλοῖ.
2613 1885 2807 1951 Ἀπλῶς
2835 1889 2914 1958 δὲ,
2969 1903 3055 1950 καὶ
3087 1899 3382 1977 ἁνωνύμως,
3438 1907 3533 1966 δύο
3586 1927 3795 1992 κυρίους
3826 1925 3960 1999 λέγει

2369 1977 2568 1999 -Α.””.-Α-.
2647 1978 2726 1999 5,,“
2781 1979 2800 1999 λ
2835 1981 2880 1999 ὀ
3160 1991 3174 1999 ι

3653 1977 3660 1992 Ι
3781 1977 3794 1984 ”
3830 1977 3834 1978 ⁷
3860 1977 3871 1979 ⁷
3885 1977 3902 1999 ¹
3919 1977 3952 1983 ν’

2366 1977 2590 2042 πρῶτον,
2647 1978 2729 2029 ἵνα
2781 1979 2910 2054 λάϐῃ
2965 1991 3439 2064 συνομολογοῦντας
3467 2007 3585 2066 τοὺς
3615 2006 3873 2081 ἀκροατὰς
3893 2028 3952 2092 τῇ

2366 2056 2578 2092 tuumne:—
2627 2073 2718 2092 --.Ἴ
2774 2067 2904 2092 \_Vn
2923 2076 2931 2086 ι
3163 2079 3183 2092 ν
3355 2089 3388 2092 ,_

3089 2056 3098 2060 ν
3225 2056 3237 2064 ,
3425 2056 3436 2061 -
3572 2056 3584 2066 .
3620 2056 3872 2081 νί--Γννν·“ι
3900 2056 3951 2092 σει

2366 2056 2578 2134 ἀληθείᾳ
2627 2073 2719 2117 τοῦ
2774 2067 3047 2137 λεχθέντος
3078 2093 3091 2107 ·
3136 2079 3246 2132 εἶτα
3310 2089 3519 2145 τίθησιν
3561 2093 3810 2168 ὀνομαστὶ
3866 2113 3954 2160 καὶ

3628 2147 3810 2168 τίη---
3867 2147 3947 2160 η...

2364 2147 2571 2216 αὐτοὺς,
2630 2160 2747 2228 περὶ
2803 2158 2868 2210 ὧν
2914 2162 2939 2212 6
2977 2162 3122 2236 λόγος
3187 2184 3197 2195 ·
3254 2168 3350 2225 δύο
3400 2172 3458 2230 δὲ
3509 2191 3722 2256 κυρίους
3770 2201 3947 2263 φησιν,

3128 2258 3398 2323 Ανθέξεται
3477 2263 3556 2336 δὲ,

3276 1551 3387 1605 ⁶Ετι
3431 1562 3520 1610 καὶ
3572 1561 3740 1636 ἕτερον
3785 1567 3969 1644 ἐπάγει

3043 2233 3052 2236 -
3575 2233 3721 2256 i""‘
3770 2233 3942 2263 Y""'"'l

2364 2233 2566 2290 ἐναντία
2648 2244 3030 2312 ἐπιτάττοντας.
3128 2258 3398 2323 Λνθέξεται
3477 2263 3512 2320 δ
3516 2272 3556 2336 ξ,
3642 2273 3752 2330 ἀντὶ
3833 2292 3942 2354 τοῦ,

2364 2321 2584 2354 ,ν-ωυ,
2597 2349 2688 2354 ,ω

2361 2321 2689 2383 ’Υπακούσειο

2433 2415 2508 2467 οῦ
2540 2447 2607 2459 —-
2637 2430 2876 2493 μαμωνᾶ.
2906 2424 3045 2481 Ἰδοὺ
3066 2437 3153 2484 καὶ
3177 2434 3426 2509 ὀνομαστὶ
3441 2447 3804 2520 τουςρηθέντας
3833 2452 3929 2509 όύο

2361 2509 2573 2576 κυρίους
2603 2505 2856 2570 ἐδήλωσε.
2906 2522 3161 2587 Μαμωνᾶς
3184 2519 3241 2576 δι
3262 2505 3382 2599 παρ’
3411 2505 3680 2605 Ἑϐραίοις,
3713 2541 3738 2590 6
3775 2505 3933 2596 πλοῦ-

2355 2609 2460 2658 τος,
2491 2595 2544 2644 ὃν
2593 2601 2681 2648 καὶ
2732 2602 2910 2673 κύριον
2947 2616 3362 2680 προσηγόρευσε,
3409 2616 3500 2672 διὰ
3553 2627 3644 2682 τὴν
3675 2623 3937 2684 ἀσθένειαν

2354 2687 2451 2730 τῶν
2483 2682 2572 2732 ὑπ’
2600 2684 2760 2738 αὐτοῦ
2805 2699 3192 2766 κυριευομένων.
3244 2703 3308 2756 Τί
3361 2704 3487 2776 οὖν;
3527 2711 3630 2784 οὐχ
3660 2714 3685 2764 6
3709 2714 3939 2791 Ἀϐραὰμ

2354 2767 2473 2791 _\-,'
2494 2789 2518 2791 _
2555 2790 2558 2791 ν
2631 2769 2652 2785 ν
2814 2777 2825 2791 ³
2914 2783 2925 2791 ’
2956 2782 2990 2791 ⁸-
3013 2789 3018 2791 “
3049 2784 3072 2791 ⁸

3476 2767 3486 2776 ι
3589 2767 3630 2784 η
3784 2767 3934 2791 ⁷5⁷⁷⁷⁷⁷Γ

2351 2767 2600 2833 πλούσιος
2625 2769 2684 2830 ἦν
2716 2793 2728 2843 ;
2771 2777 2873 2850 οὔχ
2905 2783 2929 2832 6
2956 2782 3072 2836 Ἰὼϐ
3100 2793 3188 2840 καὶ
3222 2793 3268 2842 οἰ
3327 2796 3440 2846 κατ’
3492 2796 3709 2864 ἐκείνους
3745 2828 3758 2871 ,
3790 2813 3891 2859 Ναί
3923 2826 3934 2837 ⁸

2389 2855 2406 2871 \
2462 2860 2470 2871 ο
2658 2865 2665 2871 -
2748 2862 2771 2871 -
2941 2869 2968 2871 υ

3695 2855 3709 2864 .
3745 2855 3758 2871 ,
3790 2855 3890 2859 -ηη

2348 2855 2588 2911 πλούσιοι
2616 2865 2704 2932 μὲν
2744 2862 2895 2935 ἦσαν,
2930 2869 3036 2923 ἀλλ’
3059 2875 3116 2926 οῦ
3148 2886 3218 2948 τῷ
3251 2880 3453 2955 πλούτῳ
3481 2883 3745 2944 ἐδούλευον
3786 2912 3796 2923 ·
3834 2894 3937 2950 ἀλλ’

2348 2944 2608 3019 ἐκυρίευον
2654 2953 2800 3008 αὐτοὶ
2857 2962 3060 3029 τούτου,
3103 2972 3191 3019 καὶ
3226 2969 3294 3032 εἰς
3337 2977 3446 3036 τοὺς
3479 2972 3750 3052 δεομένους
3782 2985 3935 3040 αὐτὸν

2362 3032 2372 3045 ι
2430 3035 2467 3052 ,κ

2351 3032 2647 3093 ἀνήλισκον.

2417 3211 2491 3263 Οὐ
2523 3209 2750 3272 δύνασθε
2797 3218 2856 3274 δὲ
2910 3233 3022 3297 Θεῷ
3065 3225 3324 3287 δουλεύειν
3351 3243 3438 3291 καὶ
3463 3250 3705 3314 μαμωνᾶ·
3740 3244 3879 3303 διότι
3910 3255 3933 3305 6

2343 3301 2432 3369 μὲν
2447 3306 2576 3365 Θεὸς
2598 3305 2875 3378 ἐπιτάττει,
2903 3319 2974 3386 μὴ
3006 3322 3159 3388 μόνον
3185 3320 3478 3396 ἀπέχεσθαι
3508 3341 3606 3384 τῶν
3636 3333 3932 3413 ἀλλοτρίων,

2346 3386 2467 3413 ,τληλ
2500 3411 2522 3413 η
2570 3398 2578 3408 ι
2660 3404 2678 3412 -
2784 3398 2795 3411 ‘
2868 3406 2877 3413 -
3142 3405 3160 3413 ‘
3203 3407 3220 3413 ‘

3007 3386 3014 3388 _
3282 3386 3323 3396 .-
3673 3386 3676 3387 ν
3701 3386 3929 3413 ⁷ν’-ιη-ἰ

2343 3386 2467 3441 ἀλλά
2497 3398 2585 3445 καὶ
2616 3404 2712 3448 τῶν
2748 3398 2946 3454 οἰκείων
2995 3405 3360 3480 μεταδιδόναι,
3390 3417 3416 3468 6
3449 3415 3508 3472 δέ
3545 3433 3791 3494 μαμωνᾱς
3815 3431 3929 3482 τοῦ-

2339 3485 2560 3547 ναντίον,
2594 3489 2665 3554 μὴ
2708 3493 2860 3557 μόνον
2909 3497 2979 3562 μὴ
3017 3494 3376 3570 μετοδιδόναι,
3412 3515 3510 3558 τῶν
3545 3518 3772 3580 σικείων,
3806 3516 3932 3571 ἀλλὰ

2338 3564 2477 3637 μηδὲ
2507 3579 2606 3622 τῶν
2638 3571 2910 3651 ἀλλοτρίων
2935 3564 3225 3654 ἀπέχεσθαι
3259 3604 3270 3615 '
3310 3564 3398 3644 καὶ
3421 3596 3548 3667 ὁμὲν

3457 3658 3466 3667 ι
3586 3658 3597 3669 ι
3675 3658 3688 3672 I
3756 3658 3766 3677 ι
3841 3658 3844 3659 ⁷
3865 3658 3872 3659 “
3889 3658 3894 3659 ⁷

2336 3661 2587 3731 γαστρὸς,
2621 3662 2646 3712 6
2674 3658 2734 3715 δέ
2772 3663 2961 3738 ἐφιέναι
2989 3678 3188 3747 γαστρῖ
3219 3693 3230 3706 ⁸
3272 3685 3360 3732 καὶ
3403 3683 3427 3734 6
3584 3691 3875 3766 σωφρονεῖν,
3900 3699 3926 3748 6

2342 3740 2396 3766 ’L
2439 3764 2490 3766 i_
2513 3765 2520 3766 ί
2600 3751 2610 3763 1
2791 3757 2800 3766 ι
2881 3758 2890 3766 ι

2337 3740 2396 3796 δὲ
2431 3751 2691 3818 πορνεύειν
2718 3757 2806 3806 καὶ
2837 3758 2902 3808 τὰ
2930 3769 3164 3815 τοιαῦτα.

2407 3836 2513 3886 Λιά
2560 3867 2627 3876 -
2685 3837 3001 3903 ἐνδύσησθε.
3070 3850 3406 3920 Ἀποστήσας
3458 3871 3550 3915 τοῦ
3595 3867 3931 3943 θησαυρίζειν

3392 3917 3403 3920 ν
3637 3917 3926 3943 ΥΠΤἿ-.-

2333 3917 2415 3972 ἐπὶ
2442 3929 2532 3983 τῆς
2560 3933 2679 3996 γῆς,
2712 3934 2796 3982 καὶ
2821 3938 3004 3998 πείσας
3045 3934 3302 4014 διανέμειν
3335 3950 3398 3999 τὰ
3436 3959 3720 4021 πρυσόντα,
3773 3955 3931 4012 διδά-

2335 4025 2447 4061 σκει
2471 4010 2667 4082 λοιπόν,
2695 4017 2834 4088 μηδὲ
2862 4029 2977 4094 περὶ
3009 4036 3099 4089 τῆς
3121 4030 3409 4103 ἀναγκαίας
3438 4045 3622 4112 χρείας
3650 4054 3927 4119 μεριμνᾷν.

2331 4101 2466 4155 Φησὶ
2509 4103 2610 4174 γάρ
2640 4121 2653 4133 ⁶
2687 4112 2771 4165 Μὴ
2828 4120 3105 4185 μεριμνᾶτε
3135 4127 3195 4191 τῇ
3238 4120 3392 4196 ψυχῇ
3447 4127 3606 4198 ὑμῶν,
3659 4101 3928 4208 τοιυτέστι,

2328 4190 2413 4244 Μὴ
2469 4199 2745 4262 μεριμνᾶτε
2795 4194 2888 4250 διὰ
2951 4208 3042 4260 τὴν
3101 4205 3285 4278 ψυχὴν
3338 4214 3501 4284 ἡμῶν,
3565 4224 3612 4270 τί
3657 4225 3858 4293 φάγητε
3897 4230 3926 4286 ἦ

2328 4281 2377 4324 τί
2434 4281 2604 4334 πίητε.
2653 4283 2711 4335 Εἰ
2757 4288 2858 4359 γὰρ
2913 4296 3002 4342 καὶ
3062 4295 3091 4351 ἡ
3155 4295 3309 4369 ψυχὴ
3381 4302 3496 4356 οὗτε
3561 4306 3741 4376 ἐσθίει,
3809 4313 3930 4369 οὔτε

2326 4366 2458 4415 πίνει
2493 4382 2505 4393 '
2541 4365 2646 4420 ἀλλ’
2696 4369 2781 4425 οὖν
2814 4372 2906 4429 διὰ
2953 4385 3040 4438 τὴν
3082 4382 3268 4455 ψυχὴν
3304 4387 3543 4446 ἐσθίουσι
3563 4399 3651 4448 καὶ
3682 4405 3928 4456 πίνουσιν

2326 4450 2374 4501 οἱ
2426 4453 2708 4529 ἄνθρωποι,
2765 4468 2836 4534 μὴ
2905 4463 3198 4541 δυναμένην
3265 4475 3473 4532 ἐνοικεῖν
3521 4490 3728 4558 σώματι
3773 4491 3929 4560 ’μήτε

2324 4547 2607 4617 τρεφομένῳ
2629 4553 2760 4619 μήτε
2785 4557 3003 4624 πίνοντι,
3050 4564 3240 4634 μέχρις
3290 4565 3351 4618 οἶν
3403 4570 3493 4622 καί
3536 4581 3688 4628 τοῦτο
3714 4573 3916 4654 ἀφθαρ-

2324 4631 2525 4654 -.-Δριμ

2322 4631 2550 4689 τισθείη.

2390 4805 2536 4879 [Καὶ
2590 4810 2699 4885 (22)
2743 4817 2860 4869 καθ’
2913 4819 3080 4897 ἕτερον
3129 4822 3401 4901 δὲτρόπον
3443 4832 3794 4907 έρμηνευτέον,
3839 4865 3922 4901 οτι

2321 4891 2432 4948 ἐπεὶ
2488 4903 2608 4952 ποτέ
2649 4903 2739 4975 μεν
2789 4904 2837 4958 ἐν
2886 4916 2947 4982 τῇ
2999 4911 3152 4986 ψυχῇ
3193 4929 3510 4991 μεριμνῶσιν
3557 4928 3605 4978 οἱ
3642 4929 3916 5010 ἕνθρωποι,

1785 5085 2007 5156 Varia
2031 5089 2364 5163 lectiones
2409 5111 2471 5167 et
2509 5113 2686 5173 notae

620 5283 1171 5364 (ἔὲ)-κατωρνγμένου
1208 5300 1271 5349 Α.

621 5286 714 5358 (19
768 5295 1171 5364 κατωρυγμένου
1208 5300 1271 5349 Α.

621 5286 1136 5443 (Ξοζξιναστὲλλον-τος
1175 5369 1242 5443 A_.
1277 5367 1442 5443 Male.
1495 5371 1604 5430 Pro
1655 5376 1780 5430 αὐτό
1836 5386 2034 5440 autem
2078 5402 2207 5443 cor-

546 5427 863 5500 rigendurn
894 5433 1130 5490 videtur
1160 5437 1314 5511 αὐτῇ,
1356 5441 1392 5496 i.
1426 5457 1478 5504 ο.
1501 5427 1743 5523 τῇ
1759 5427 2200 5551 7‘At77q7ue7i7tavvi7-

622 5606 694 5682 (ε)
720 5609 960 5680 Aptari.
990 5611 1296 5685 Explicari.

2316 5321 2492 5408 detur
2518 5325 2727 5408 legisse
2752 5329 3061 5408 interpres.

2385 5394 2497 5468 (2i)
2538 5394 2637 5450 ἀπὸ
2668 5411 2839 5456 κοινοῦ
2869 5394 2925 5458 τό
2956 5411 3232 5468 ἐπιτάττει.

2383 5465 2496 5539 (22)
2539 5469 2771 5530 Inclusa
2811 5476 2870 5532 in
2912 5485 3181 5554 margine
3203 5465 3415 5546 habet.
3445 5491 3517 5548 Α.
