4170 6464
241 384 348 440 249

1209 375 1573 435 COMNENT.
1623 375 1694 432 IN
1745 372 2191 432 MATTHEUM.
2234 403 2301 418 —
2342 372 2499 431 CAP.
2538 372 2636 430 VI.

3500 372 3607 430 250

248 510 337 561 ὅτε
354 509 493 562 κατὰ
516 509 633 559 νοῦν
677 506 829 577 μόνον
875 503 1230 578 φροντίζουσι,
1261 504 1385 555 ποτε
1436 499 1496 556 δὲ
1543 501 1594 556 ἐν
1622 509 1694 573 τῷ
1727 506 1838 554 σώ-

1970 504 2147 557 Lutem
2178 498 2305 557 sola
2334 502 2532 556 mente
2561 497 2790 555 solliciti
2847 498 2938 571 (ι),
2975 499 3340 573 quandoque
3377 514 3516 557 vero
3548 500 3609 557 in

191 604 195 607 ’
256 614 410 669 ματι,
437 598 520 649 ὅτε
570 597 932 647 κατατείνουσι
979 592 1095 662 (23)
1142 599 1296 644 τοῦτο
1341 594 1469 667 πρὸς
1518 599 1704 650 κτῆσιν
1750 598 1840 642 τοῦ

262 679 682 757 σπονδαζομένου
714 726 728 750 ,
773 688 866 735 καὶ
921 684 1109 741 ταύτης
1156 679 1398 743 κάκείνης
1446 689 1537 741 τῆς
1592 685 1843 755 μερίμνης

262 770 477 843 ἀπάγων
503 774 681 833 αὐτοὺς
714 773 739 824 ὁ
763 775 975 845 Κύριος,
999 767 1106 823 εἷπε
1139 786 1152 800 ·
1186 773 1269 828 Μὴ
1298 776 1595 843 μεριμνᾶτε,
1620 774 1745 841 μήτε
1778 775 1838 841 τῇ

255 859 414 932 ψυχῇ
458 861 612 931 ὑμῶν,
680 867 809 934 μήτε
856 868 929 931 τῷ
983 865 1210 932 σώματι,
1263 863 1380 932 περὶ
1437 856 1702 932 βρώσεως,
1755 862 1845 910 καὶ

258 952 471 1009 πόσεως,
498 954 588 1001 xui.
615 946 914 1022 ἐνδύματος.
942 948 964 1022 ]

322 1035 470 1108 Οὐχὶ
501 1068 570 1077 -
599 1035 879 1110 ἐνδύματος
912 1056 925 1107 ;
955 1043 1121 1090 Τοῦτο
1177 1034 1284 1089 εἶπε
1338 1032 1529 1107 δηλῶν,
1586 1037 1665 1088 ὅτι
1716 1036 1742 1087 ὁ
1788 1038 1847 1089 τὸ

244 1123 421 1176 πλεῖον
453 1121 583 1186 δοὺς
616 1128 760 1200 ἡμῖν,
787 1130 877 1179 καὶ
905 1128 964 1178 τὸ
1005 1124 1211 1178 ἔλαττον
1258 1120 1439 1179 δώσει.
1470 1124 1648 1179 Πλεῖον
1678 1120 1756 1192 δε,
1788 1128 1848 1177 τὸ

242 1213 370 1287 μεῖζ
373 1231 427 1265 ον
455 1213 611 1288 λέγει.

323 1393 643 1466 Ἐμϐλέψατε
687 1426 757 1436 -
801 1394 954 1448 αύτοί.
1007 1400 1117 1448 Ἵνα
1162 1398 1234 1467 μή
1285 1412 1360 1455 τις
1416 1396 1554 1466 εῖπη,
1616 1395 1697 1446 ὅτι
1750 1398 1850 1448 Καὶ

252 1490 369 1545 πῶς
414 1485 520 1557 ἄρα
566 1484 856 1557 ζησόμεθα,
888 1489 958 1557 μὴ
1004 1491 1344 1559 μεριμνῶντες
1382 1487 1498 1558 περὶ
1544 1490 1642 1535 τῶν
1691 1482 1849 1556 ἀναγ-

248 1576 414 1624 καίων
447 1588 462 1639 ;
493 1572 603 1625 λύει
632 1578 726 1632 τὴν
756 1577 1001 1631 τοιαύτην
1037 1571 1297 1625 ἀντίθεσιν
1334 1570 1433 1625 ἀπὸ
1461 1579 1552 1624 τοῦ
1594 1569 1853 1647 παραδεί-

252 1679 457 1733 γματος
496 1669 596 1713 τῶν
638 1670 880 1716 πετεινῶν
916 1660 950 1714 ἃ
978 1665 1048 1734 μὴ
1087 1669 1411 1735 μεριμνῶντα
1451 1665 1619 1735 τρέφει
1648 1662 1673 1713 ὁ
1705 1666 1846 1722 Θεὸς.

252 1752 542 1823 Δυνάμενος
586 1746 645 1803 δι
692 1749 748 1814 ἒξ
791 1749 1069 1823 ἀνθρώπων
1128 1749 1343 1821 ἐνεγκεῖν
1390 1753 1447 1802 τὸ
1497 1747 1850 1823 παράδειγμα,

1948 603 2192 659 corpore
2224 606 2240 644 :
2271 588 2594 661 aliquando
2619 592 2674 643 et
2701 588 2785 660 (υ)
2812 588 2888 645 ad
2909 590 3345 660 possessiones,
3370 604 3522 662 quas
3549 589 3611 645 in

1952 678 2156 734 animo
2197 677 2440 742 habent,
2473 678 2586 733 hoc
2617 678 2941 733 extendunt
2973 694 2986 732 :
3034 683 3090 733 et
3121 678 3198 734 ab
3255 678 3389 743 hac,
3446 685 3501 733 et
3532 677 3610 734 ab

1950 757 2053 821 illa
2077 780 2238 832 cura,
2285 765 2576 821 Dominus
2632 764 2764 821 illos
2815 765 3195 832 abstrahens,
3250 766 3402 822 dixit
3456 781 3469 821 :
3528 767 3612 823 Ns

1952 856 2129 912 anxii
2154 855 2301 922 sitis,
2334 870 2527 927 neque
2574 854 2636 910 in
2674 854 2880 911 anima
2918 860 3136 919 vestra,
3168 870 3362 927 neque
3389 855 3449 911 in
3482 870 3613 912 cor-

1952 960 2118 1018 pore,
2151 944 2226 1000 de
2251 943 2387 1000 cibo
2416 948 2470 999 et
2500 948 2666 1015 potu,
2710 958 2782 999 ac
2811 943 3180 999 vestimento.

2025 1031 2189 1090 Vers.
2219 1033 2307 1087 23.
2340 1032 2552 1088 Nonne
2573 1061 2643 1072 —
2674 1032 3080 1088 vestimentum
3106 1031 3134 1085 ‘l
3162 1031 3282 1087 Hoc
3315 1030 3465 1087 dixit
3492 1047 3615 1088 ma-

1956 1122 2274 1186 nifestans,
2316 1120 2485 1194 quod
2535 1120 2586 1177 is
2636 1120 2758 1192 qui,
2798 1120 2960 1193 quod
3011 1120 3273 1193 amplius
3310 1124 3417 1186 est,
3466 1136 3616 1193 prte-

1958 1217 2071 1270 stat
2116 1210 2309 1277 nobis,
2344 1211 2549 1283 utique
2587 1215 2645 1267 et
2693 1210 2860 1283 quod
2913 1210 3116 1266 minus
3161 1215 3254 1267 est
3301 1211 3612 1283 prostabit,

1956 1299 2098 1355 Plus
2122 1304 2324 1355 autem
2353 1297 2517 1363 dixit,
2540 1297 2657 1354 hoc
2685 1302 2789 1363 est,
2820 1297 3152 1370 pretiosius.

2028 1389 2190 1444 Vers.
2234 1389 2323 1442 26.
2355 1387 2615 1457 Aspicite
2643 1416 2708 1427 —
2739 1385 2863 1443 illa.
2916 1387 2997 1441 Ne
3036 1386 3170 1459 quis
3199 1385 3360 1443 dicat
3391 1402 3404 1442 :
3448 1388 3609 1454 Quo-

1959 1476 2140 1534 modo
2162 1485 2361 1533 autem
2383 1476 2675 1541 vivemus,
2698 1476 2773 1531 de
2797 1474 2977 1532 rebus
3010 1476 3358 1532 necessariis
3382 1490 3497 1532 non
3518 1491 3617 1532 cu-

1957 1570 2152 1623 rantes
2172 1563 2763 1637 ?Solvithujusmodi
2787 1563 3184 1635 objectionem
3225 1564 3304 1621 ab
3342 1565 3618 1638 exemplo

1960 1655 2184 1720 avium,
2218 1670 2364 1727 quas
2393 1669 2531 1710 cum
2579 1653 2724 1710 nihil
2756 1653 3022 1710 SOIIiClltB
3046 1653 3182 1719 sint,
3215 1656 3408 1725 pascit
3442 1656 3616 1710 Deus.

1961 1743 2162 1801 Posset
2192 1748 2390 1800 autem
2416 1747 2472 1799 et
2499 1741 2578 1800 ab
2604 1742 2952 1799 hominibus
2981 1743 3328 1814 exemplum
3361 1758 3617 1809 sumere,

253 1843 350 1891 xui.
400 1839 556 1891 εἰπεῖν
604 1843 692 1892 τὸν
747 1838 944 1907 Ἠλίαν,
994 1843 1085 1891 καὶ
1139 1841 1224 1891 τόν
1273 1838 1533 1906 Ἰωάννην,
1589 1843 1679 1890 καὶ
1738 1841 1853 1901 τοὺς

1970 1838 2018 1890 et
2065 1832 2282 1899 dicere,
2322 1832 2483 1905 quod
2520 1830 2674 1888 Elias
2717 1836 2770 1886 et
2800 1828 3086 1895 Joannes,
3119 1831 3341 1903 aliique
3372 1831 3618 1899 similes,

252 1927 373 1980 κατ’
405 1928 614 1993 αύτούς,
656 1930 772 1981 ὅσοι
801 1924 968 2001 μηδεν
1013 1934 1242 1981 τοιοῦτον
1281 1926 1626 2002 έμερίμνησαν
1659 1945 1672 1957 ·
1705 1936 1855 1979 τοῦτο

252 2019 348 2088 μὶν
377 2016 473 2069 οὐκ
497 2015 758 2085 ἐποίησεν,
804 2016 906 2070 ἀπὸ
935 2026 1035 2070 τῶν
1078 2025 1316 2069 πετεινῶν
1365 2013 1424 2070 δι
1465 2015 1654 2089 μᾶλλον
1703 2014 1852 2069 έπεσο

252 2109 442 2178 τὸμισε
470 2109 564 2163 τὴν
589 2106 859 2181 εἰρημένην
904 2104 1184 2170 ἀντίθεσιν,
1216 2105 1669 2180 έντρεπτικώτερον
1696 2106 1855 2157 καθαο

254 2194 506 2266 ψάμενος,
539 2199 629 2246 καὶ
661 2194 904 2270 περιελὼν
935 2201 1107 2246 πᾶσαν
1136 2199 1412 2268 πρόφασιν.

332 2288 434 2336 Καὶ
477 2286 579 2356 ’γὰρ
645 2287 737 2335 καὶ
783 2285 812 2341 ἠ
870 2283 1068 2335 παλαιά
1119 2287 1318 2357 Γραφὴ,
1375 2280 1663 2355 βουλομένη
1729 2301 1858 2354 σφο-

258 2369 504 2445 δρότερον
544 2372 862 2424 καθικέσθαι
906 2380 1008 2423 τῶν
1040 2370 1342 2446 ἀνθρώπων,
1386 2374 1514 2445 πρὸς
1567 2375 1652 2428 τὴν
1682 2369 1856 2442 μελισ-

256 2480 357 2514 σαν
413 2460 606 2523 αύτούς
669 2464 877 2533 πέμπει,
947 2465 1036 2512 καὶ
1102 2464 1231 2533 πρὸς
1291 2463 1378 2512 τὸν
1442 2462 1713 2534 μύρμηκα,
1767 2463 1857 2511 καὶ

254 2553 384 2624 πρὸς
436 2549 568 2601 (ἦλα
619 2549 749 2609 ζῶα.
804 2551 880 2601 Τὰ
934 2553 1025 2621 μὲν
1072 2545 1160 2601 οὖν
1202 2551 1428 2615 πετεινὰ,
1477 2554 1720 2622 μείναντα
1747 2590 1760 2614 ,
1789 2550 1858 2609 ὡς

257 2638 313 2701 ἐξ
359 2636 537 2713 ἀρχῆς
593 2636 843 2710 ἐγένοντο,
899 2636 1179 2710 εύποροῦσι
1230 2642 1320 2689 καὶ
1370 2646 1466 2699 τῆς
1513 2640 1648 2690 κατὰ
1703 2639 1856 2709 φύσιν

252 2733 449 2799 τροφῆς
477 2743 489 2756 ·
534 2727 560 2778 ὁ
594 2723 652 2779 δὲ
696 2727 962 2799 ἄνθρωπος
995 2770 1009 2794 ,
1058 2727 1329 2797 έκτραπεὶς
1383 2725 1675 2800 ἐστέρηται.
1716 2724 1855 2784 Πλὴν

261 2816 389 2887 ἅπερ
420 2817 450 2874 ἠ
486 2813 586 2868 ἀπὸ
617 2815 731 2887 (24)
779 2821 871 2867 τοῦ
901 2821 1037 2867 Θεοῦ
1083 2813 1421 2888 ἀλλοτρίωσις
1456 2814 1644 2887 ἀφεῖλε,
1690 2822 1857 2867 ταῦτα

264 2902 416 2954 πάλιν
452 2905 481 2962 ἠ
522 2907 651 2977 πρὸς
702 2903 858 2956 αύτόν
893 2903 1151 2965 οἰκείωσις
1183 2900 1507 2958 ἀποδίδωσι.
1555 2906 1652 2957 Διά
1702 2912 1855 2957 τοῦτο

271 2992 549 3063 προσέταξε
580 3036 594 3060 ,
623 2996 692 3065 μή
725 2997 974 3066 μεριμνᾷν
1005 2996 1122 3064 περὶ
1164 2995 1355 3045 τούτων
1390 3037 1405 3062 ,
1456 2991 1583 3044 ἀλλὰ
1616 2998 1730 3067 περὶ
1762 3000 1854 3045 τοῦ

274 3078 593 3139 οίκειωθῆναι
622 3088 754 3152 Θεῷ.

1961 1921 2106 1978 nihil
2158 1921 2271 1977 tale
2318 1921 2628 1976 curabant.
2672 1919 2887 1975 Verum
2938 1918 2999 1975 id
3038 1934 3159 1976 non
3198 1919 3354 1986 fecit,
3404 1919 3509 1977 sed
3542 1920 3622 1977 ab

1964 2009 2173 2067 avibus
2216 2007 2417 2080 potius
2447 2009 2671 2065 dictam
2722 2008 2999 2080 repressit
3034 2007 3456 2079 objectionem,
3496 2024 3624 2065 om-

1964 2114 2103 2155 nem
2126 2101 2475 2171 praatextum
2499 2114 2512 2152 :
2538 2097 2752 2168 majori
2770 2096 3117 2154 confusione
3139 2112 3396 2170 arguens
3423 2113 3494 2155 ac
3518 2098 3624 2155 tol-

1966 2187 2114 2243 lens.

2037 2278 2186 2332 Nam
2234 2277 2291 2331 et
2335 2277 2507 2331 vetus
2551 2273 2877 2347 Scriptura,
2927 2273 3135 2331 volens
3171 2274 3447 2331 homines
3497 2289 3621 2332 am-

1964 2365 2123 2438 plius
2145 2379 2273 2421 sese
2293 2363 2548 2437 dejicere
2563 2363 2641 2435 (v)
2662 2363 2739 2419 ad
2755 2378 2933 2436 apem
2951 2379 3021 2420 ac
3034 2363 3367 2429 formicam,
3384 2368 3622 2422 caetera-

1963 2469 2082 2528 que
2112 2454 2444 2510 animantia
2475 2452 2666 2509 mittit.
2701 2454 2852 2509 Aves
2881 2468 3022 2524 ergo
3047 2452 3259 2510 eodem
3292 2458 3468 2519 statu,
3500 2469 3625 2527 quo

1967 2558 2003 2599 a
2033 2541 2599 2615 principiofuerunt,
2633 2547 3077 2614 permanentes,
3107 2542 3237 2598 cibo
3259 2541 3357 2614 qui
3388 2543 3472 2600 eis
3496 2543 3623 2615 jux-

1964 2637 2023 2688 ta
2079 2637 2363 2688 naturam
2410 2631 2708 2698 convenit,
2756 2631 2937 2688 etiam
2999 2630 3314 2689 abundant
3376 2649 3390 2689 :
3441 2633 3625 2690 homo

1963 2735 2105 2777 vero
2152 2735 2189 2776 a
2236 2720 2354 2776 Deo
2396 2734 2670 2784 aversus,
2736 2735 2807 2777 eo
2850 2720 3141 2793 privatur.
3202 2721 3623 2778 Verumtamen

1963 2825 2099 2882 quas
2128 2808 2374 2866 abstulit
2411 2808 2700 2867 alienatio
2739 2824 2774 2866 a
2812 2809 2955 2880 Deo,
2984 2809 3111 2866 haec
3150 2824 3388 2867 rursum
3429 2810 3627 2868 reddit

1962 2899 2238 2955 reversio.
2265 2898 2441 2955 lubet
2470 2898 2671 2972 itaque
2704 2913 2778 2954 ne
2798 2898 3014 2955 horum
3037 2914 3245 2956 curam
3275 2899 3623 2969 habeamus,

1968 2986 2075 3045 sed
2105 2987 2184 3045 ad
2213 2989 2400 3044 Deum
2425 2987 2714 3060 peculiari
2740 2988 2922 3044 modo
2959 2994 3347 3046 revertamur.

2037 3078 2202 3134 Vers.
2227 3078 2437 3134 Nonne
2465 3108 2533 3120 -—
2568 3078 2677 3134 illa
2701 3080 2730 3133 φ
2768 3081 2973 3135 Nonne
3004 3094 3112 3135 vos
3142 3078 3318 3149 longe
3347 3078 3622 3137 meliores

336 3168 454 3241 Ούχ
482 3200 551 3210 -
601 3170 817 3237 αὐτῶν;
867 3170 991 3242 Ούχ
1037 3170 1183 3244 ύμεῖς
1228 3172 1496 3242 κρείττους
1544 3172 1678 3222 κατά
1725 3169 1853 3224 πολὺ

1970 3166 2100 3223 estis
2128 3165 2340 3223 avibus
2367 3166 2397 3221 τ
2429 3166 2651 3233 Quodsi
2677 3166 2890 3223 viliora
2927 3167 3029 3224 alit
3058 3169 3235 3233 Deus,
3270 3170 3458 3226 multo
3500 3185 3629 3227 ma-

262 3265 357 3309 τῶν
426 3267 663 3312 πετεινῶν
724 3257 885 3331 iure;
943 3264 1043 3312 Καὶ
1100 3258 1144 3311 εἰ
1198 3261 1265 3311 τὰ
1340 3264 1557 3333 χείρονα
1609 3263 1774 3333 τρέφει
1828 3260 1854 3310 ὀ

263 3349 388 3408 Θεὸς
422 3388 437 3413 ,
486 3346 657 3417 πολλῷ
711 3347 897 3418 μᾶλλον
951 3351 1074 3411 τοῦς
1123 3352 1429 3422 κρείττονας.
1481 3346 1542 3400 Ὀ
1582 3350 1684 3420 γὰρ
1739 3343 1855 3400 δια-

259 3434 467 3495 πλάσας
518 3437 644 3506 ἡμῖν
705 3444 875 3507 σῶμα,
923 3435 1158 3509 δεόμενον
1209 3445 1423 3512 τροφῆς,
1479 3437 1689 3511 παρέξει
1732 3438 1856 3489 ποίν-

263 3541 362 3584 τως
392 3527 483 3575 καὶ
529 3526 623 3580 τὴν
673 3527 865 3595 τροφὴν
904 3525 1079 3580 αὐτοῦ.
1113 3531 1176 3578 Τί
1205 3523 1291 3577 οὖν
1322 3542 1335 3592 ;
1368 3526 1428 3578 ού
1460 3522 1545 3578 δεῖ
1574 3531 1799 3601 σπείρειν
1838 3544 1853 3595 ;

267 3610 377 3663 Οὐκ
425 3609 553 3676 εἷπε,
605 3616 689 3670 Μὴ
750 3618 996 3686 σπείρετε,
1052 3613 1198 3680 ἀλλὰ,
1253 3619 1339 3673 Μὴ
1395 3622 1686 3688 μεριμνᾶτε.
1746 3618 1856 3671 Τῶν

259 3699 459 3751 τελείών
504 3703 743 3774 μὰγάρ,
800 3704 858 3754 τό
908 3700 1048 3775 μηδὲ
1084 3708 1332 3775 σπείρειν,
1385 3702 1491 3754 ἀλλ’
1541 3703 1858 3775 ἐργάζεσθαι

263 3793 418 3860 μόνην
468 3794 564 3848 τὴν
610 3788 814 3862 βρῶσιν
843 3796 938 3850 τὴν
987 3796 1058 3865 μὴ
1092 3790 1464 3865 ἀπολλυμένην,
1502 3792 1633 3865 λέγω
1664 3789 1731 3852 δὴ
1771 3796 1858 3856 ru;

270 3874 462 3948 ἀρετὰς,
516 3880 587 3940 ὡς
638 3880 689 3931 οἱ
737 3878 1043 3949 ἀπόστοὶοι,
1096 3885 1182 3933 καὶ
1255 3883 1303 3933 οἱ
1358 3883 1714 3954 μιμησάμενοι
1768 3884 1856 3935 τὸν

281 3962 387 4036 βίον
432 3966 616 4038 αὐτῶν,
666 3973 757 4021 καὶ
807 3973 982 4032 ζητεῖν
1013 3968 1113 4022 ἀπὸ
1152 3977 1244 4022 τοῦ
1272 3970 1385 4040 (25)
1425 3978 1558 4024 Θεοῦ
1601 3974 1696 4029 τὴν
1736 3990 1858 4046 τρο-

277 4056 370 4124 φήν
408 4071 420 4084 ⁸
451 4058 545 4107 Τὸν
574 4058 730 4131 ἄρτον
779 4060 903 4132 γὰρ,
954 4063 1106 4130 φησὶ,
1152 4062 1238 4111 τὸν
1275 4057 1539 4112 έπεούσιον
1593 4056 1686 4120 δὸς
1733 4060 1858 4132 ἡμῖν

273 4147 486 4217 σήμερον
520 4165 533 4178 ο
566 4154 666 4197 τῶν
717 4151 889 4219 μέσων
937 4145 1014 4211 δε,
1066 4151 1125 4200 τὸ
1173 4152 1400 4221 σπείρειν
1445 4151 1554 4217 μὲν,
1587 4152 1658 4220 μὴ
1706 4167 1860 4223 φρον-

261 4234 420 4294 τίζειν
451 4230 531 4299 δε,
562 4243 674 4297 πῶς
702 4233 764 4286 ἀν
794 4238 933 4308 φύσῃ
965 4239 1024 4288 τὸ
1068 4241 1294 4309 σπέρμα,
1346 4242 1436 4290 καὶ
1466 4237 1580 4308 (26)
1619 4242 1857 4290 κατατεί-

256 4338 358 4372 νειν
387 4320 603 4383 ἑαυτούς
634 4323 785 4384 ὅλους
828 4324 899 4386 εἰς
928 4327 1020 4386 τὰς
1061 4328 1306 4388 τοιαύτας
1345 4330 1618 4401 μερίμνας,
1659 4329 1723 4386 ὡς
1768 4323 1862 4379 διὰ

255 4412 452 4472 ταύτας
483 4409 683 4483 ἀμελεῖν
711 4420 807 4474 τῆς
850 4411 1004 4485 ψυχή’
1016 4432 1056 4473 ς.
1100 4418 1195 4467 Διά
1222 4422 1375 4467 τοῦτο
1417 4419 1587 4467 τοίνυν
1623 4418 1682 4466 τὸ
1716 4420 1860 4468 σπεί-

1965 3255 2056 3326 gis
2090 3270 2192 3311 eos
2219 3255 2325 3328 qui
2355 3255 2628 3311 meliores
2659 3260 2815 3312 sunt.
2867 3256 2979 3322 Qui
3007 3256 3168 3311 enim
3216 3272 3436 3329 corpus
3491 3259 3627 3316 cibo

1961 3344 2241 3413 indigens
2270 3342 2439 3399 vobis
2477 3342 2722 3415 aptavit,
2770 3344 2950 3415 ipsius
3003 3359 3242 3416 quoque
3274 3344 3623 3405 alimentum

1964 3432 2200 3488 omnino
2219 3430 2516 3503 praebebit.
2534 3431 2683 3497 Quid
2701 3430 3083 3503 ergo?neque
3097 3432 3390 3488 seminare
3403 3433 3627 3493 licitum

1964 3520 2072 3578 erit
2101 3521 2132 3577 7
2161 3523 2286 3577 Non
2314 3518 2479 3585 dixit,
2514 3522 2594 3577 Ne
2622 3520 2946 3588 seminetis,
2980 3520 3104 3587 sed,
3148 3522 3236 3579 Ne
3262 3522 3503 3579 solliciti
3536 3526 3611 3581 si-

1967 3611 2056 3669 tis.
2100 3608 2493 3666 Perfectorum
2542 3609 2837 3683 siquidem
2871 3614 2960 3667 est
3006 3625 3128 3668 non
3169 3610 3485 3681 seminare,
3527 3614 3633 3672 sed

1964 3699 2200 3772 operari
2232 3698 2427 3755 cibum
2470 3699 2576 3772 qui
2616 3715 2736 3757 non
2769 3699 2919 3774 perit
2953 3717 2966 3758 :
2998 3700 3134 3758 dico
3184 3718 3327 3759 sane
3360 3702 3629 3772 virtutes,

1966 3789 2112 3846 sicut
2140 3788 2411 3861 apostoli,
2445 3788 2785 3862 horumque
2816 3790 2999 3847 vitam
3036 3790 3362 3857 imitantes,
3413 3808 3484 3850 ac
3531 3809 3632 3868 pe-

1966 3882 2086 3935 tere
2112 3894 2149 3935 a
2180 3878 2299 3935 Deo
2325 3878 2696 3936 alimentum.
2728 3882 2967 3943 Panem,
2992 3880 3207 3954 inquit,
3236 3888 3505 3940 nostrum
3536 3899 3635 3941 su-

1963 3967 2509 4039 persubstantialem
2530 3968 2607 4024 da
2622 3969 2783 4026 nobis
2805 3970 2972 4026 hodie
2988 3973 3058 4028 ”.
3083 3970 3471 4030 Mediocrium
3490 3989 3630 4030 vero

1965 4061 2053 4114 est
2074 4057 2369 4113 seminare
2392 4057 2657 4129 quidem,
2692 4063 2750 4114 at
2773 4073 2894 4114 non
2921 4059 3132 4115 anxios
3151 4076 3301 4129 esse,
3321 4067 3377 4118 et
3402 4062 3630 4134 seipsos

1967 4152 2121 4208 totos
2152 4148 2211 4203 in
2251 4148 2597 4218 hujusmodi
2630 4164 2807 4204 curas
2838 4149 3113 4220 dejicere,
3149 4155 3217 4206 ut
3248 4152 3328 4206 ob
3366 4152 3477 4209 has
3508 4152 3632 4208 ani-

1970 4257 2084 4297 mae
2104 4255 2311 4296 curam
2336 4240 2662 4312 negligant.
2688 4241 2944 4313 Ideoque
2964 4244 3257 4297 seminare
3285 4259 3476 4315 neque
3504 4260 3631 4314 pro-

1969 4328 2178 4393 hibuit,
2208 4344 2401 4401 neque
2434 4329 2749 4397 concessit,
2781 4330 2883 4385 sed
2920 4330 2977 4385 in
3022 4330 3496 4403 uniuscujusque
3528 4348 3635 4387 vo-

1971 4418 2197 4473 luntate
2227 4416 2366 4473 illud
2395 4418 2655 4489 reliquit.
2675 4421 2875 4490 Neque
2905 4419 3063 4475 enim
3104 4418 3163 4474 id
3194 4419 3266 4475 de
3296 4420 3511 4476 avibus
3540 4421 3631 4478 di-

250 4518 363 4573 ρειν
406 4503 527 4551 οῦτε
571 4499 824 4554 ἐκώλυσεν
855 4505 975 4555 οὔτε
1013 4502 1304 4575 ἐπέτρεψεν,
1340 4502 1450 4555 ἀλλ’
1481 4502 1565 4556 ἐπὶ
1605 4512 1666 4576 τῇ
1710 4504 1854 4558 έκάσε

1971 4506 2074 4571 xit,
2102 4511 2166 4562 ut
2194 4506 2484 4562 seminare
2513 4506 2870 4576 prohiberet,
2905 4507 3008 4563 sed
3035 4507 3095 4563 id
3123 4511 3348 4565 tantum
3380 4510 3632 4567 demon-

250 4606 349 4640 τον
379 4592 681 4663 προαιρέσει
709 4596 864 4643 τοῦτο
882 4590 1266 4646 καταλέλοιπεν.
1296 4592 1357 4645 Εἰ
1385 4596 1487 4666 γὰρ
1511 4597 1601 4645 καὶ
1619 4598 1738 4668 περὶ
1762 4602 1862 4645 τῶν

1973 4599 2152 4651 strare
2183 4595 2381 4665 voluit,
2409 4596 2575 4668 quod
2606 4595 2736 4653 illas
2768 4597 2922 4653 Deus
2958 4597 3097 4654 alat.

250 4684 502 4730 πετεινῶν
538 4674 696 4748 εἶπεν,
727 4681 808 4732 ὃτι
846 4680 905 4733 ού
949 4686 1273 4756 σπείρουσιν,
1318 4681 1427 4734 ἀλλ’
1470 4683 1563 4735 οῦκ
1613 4681 1722 4736 εἶπε
1759 4691 1937 4756 τοῦτο,
1965 4684 2176 4738 κωλύων
2215 4688 2274 4738 τὸ
2321 4688 2567 4758 σπείρειν,
2601 4683 2729 4740 ἀλλά
2766 4690 2919 4760 μόνον
2960 4683 3129 4751 δεῖξαι
3174 4686 3504 4764 βουλόμενος,
3553 4694 3631 4747 ὅτι

251 4768 279 4819 ὁ
310 4769 451 4827 Θεὸς
473 4770 646 4839 τρέφει
672 4767 825 4822 αὐτά.

319 4891 375 4927 ³³
422 4889 642 4948 Matth.
673 4896 842 4963 v1,ll.

1499 4993 1720 5063 Varias
1749 4993 2079 5065 lectiones
2112 5002 2177 5065 et
2206 5003 2408 5066 notae.

325 5129 448 5202 (23)
470 5128 675 5205 ἀμέτρῳ
698 5130 970 5206 φιλοπονίᾳ
993 5134 1121 5207 Non
1148 5134 1297 5207 cepit
1323 5134 1449 5191 vim
1476 5135 1753 5191 vocabuli
1781 5136 1865 5192 in-

253 5204 870 5290 temgesL‘Ku‘ru‘t'sivstv
916 5204 1006 5260 eat
1051 5204 1438 5290 ideqriquod
1491 5211 1867 5290 κατατρύχειν,

251 5273 461 5351 nimiis
488 5273 801 5351 laboribus
851 5292 1088 5342 vexare,
1138 5273 1408 5349 afﬂigere
1458 5294 1527 5335 ac
1558 5273 1737 5351 quasi
1751 5273 1867 5335 ἐχ-ἒ

252 5344 501 5402 tendere
536 5349 594 5402 et
617 5351 866 5404 atterere
891 5363 1129 5422 corpus.

327 5488 401 5569 (ι)
442 5486 807 5569 Quandoque
833 5521 900 5530 —
921 5490 1184 5548 solliciti.
1220 5490 1469 5558 Quando
1510 5491 1640 5551 sola
1668 5496 1868 5550 mente

259 5558 404 5616 sunt
434 5558 691 5615 solliciti.

327 5629 420 5775 Eu;
448 5631 795 5713 Aliquando
825 5639 899 5689 et.
933 5633 1211 5700 Quando.

352 5717 392 5759 v
440 5702 713 5774 Amplius
734 5705 1271 5775 sesedejicere.Acri

352 5702 418 5774 υ)
440 5702 713 5774 Amplius
734 5719 850 5763 sese
860 5705 1350 5779 dejicere.Acrius
1361 5721 1623 5766 monere.
1641 5707 1722 5768 Ita
1740 5706 1869 5764 Cin-

2045 5139 2158 5279 ξ24)
2187 5137 2288 5192 ἀπὸ
2321 5144 2448 5192 Θεοῦ
2477 5141 2545 5195 Α.

2075 5210 2163 5279 25)
2196 5210 2296 5263 ἀπὸ
2332 5218 2465 5265 Θεοῦ
2488 5214 2545 5267 Α.

2075 5210 2163 5281 257)
2196 5210 2296 5263 ἀπὸ
2332 5218 2465 5265 Θεοῦ
2488 5214 2556 5268 Α.

2019 5281 2154 5372 ,(26)
2211 5283 2413 5340 Malim
2467 5281 2626 5356 μηδέ,
2682 5284 2811 5342 loco
2889 5289 2998 5342 καί.
3066 5287 3200 5355 Aut,
3274 5286 3374 5341 ἀπὸ
3451 5297 3632 5344 κοινοῦ

1978 5371 2037 5406 το
2078 5373 2174 5426 μη.

1974 5508 2200 5575 namus
2225 5494 2378 5575 dixit
2410 5513 2476 5575 _p.
2528 5499 2618 5575 84:,
2660 5500 3003 5575 Πικροτοίτοις
3059 5499 3219 5575 αὐτοῦ
3272 5502 3514 5558 καθίκετο
3550 5505 3632 5557 λό-

1972 5584 2107 5648 γεις-
2142 5567 2206 5648 Et
2237 5566 2533 5648 @schines
2575 5571 2735 5629 Socr.
2762 5566 2867 5628 'm.
2897 5575 2984 5643 15,
3029 5574 3094 5625 τὰ
3126 5568 3387 5648 δυνάμενα
3424 5578 3634 5630 καθικέ-

1978 5637 2102 5690 σθαι
2130 5644 2220 5698 τῆς
2249 5638 2403 5711 ψυχῆ
2416 5660 2455 5702 ς.
