4170 6442
603 315 703 372 251

1916 303 2264 360 EUTHYMII
2317 303 2651 362 ZlGABENI

3859 326 3974 380 252

666 442 811 495 Nam
844 438 986 510 quid
1011 437 1114 492 tibi
1141 436 1418 509 proderit,
1454 434 1502 490 si
1529 439 1584 490 te
1616 433 1697 488 ita
1728 431 1887 487 curis
1919 430 2204 487 conﬁcias
2231 434 2236 453 ‘

2441 434 2503 487 Ti
2571 442 2694 504 γοῦν
2771 437 3070 510 ὠφελήσεις,
3159 442 3319 504 οὕτως
3391 442 3759 517 ἐπιτεταμένως
3828 467 3974 522 μερι-

596 533 953 602 Quanquam
981 529 1140 584 enim
1174 533 1235 584 tu
1254 527 1466 584 millies
1499 525 1767 581 studium
1796 522 2103 590 adhibeas,
2139 538 2257 578 non

594 620 766 675 dabis
784 624 980 675 tamen
1002 618 1264 690 pluviam
1286 615 1607 682 autsolem,
1623 614 1924 684 ﬂatusque
1941 618 2258 668 ventorum

588 708 802 778 quibus
842 723 1047 763 semen
1087 707 1343 763 fructum
1387 705 1669 777 proferat.
1716 706 1863 758 Nam
1921 702 2045 757 haac
2095 701 2258 756 solus

593 799 743 852 Deus
772 797 991 853 tribuit.
1028 799 1111 851 Ita
1142 811 1285 865 ergo
1312 799 1367 852 et
1393 794 1468 850 de
1495 801 1660 866 potu,
1697 795 1753 848 et
1782 791 1856 847 de
1882 790 2251 859 indumento,

591 886 841 957 aliisque
883 884 1202 940 similibus.

661 974 978 1040 Quomodo
1011 978 1212 1029 autem
1242 976 1439 1044 potest
1469 971 1775 1043 quispiam
1806 969 2001 1026 vivere
2037 967 2141 1040 qui
2173 975 2256 1024 ta-

590 1064 674 1119 lia
701 1079 825 1119 non
856 1063 1074 1118 curat?
1101 1061 1414 1128 Quomodo
1445 1062 1472 1116 ?
1503 1061 1659 1115 Sicut
1687 1059 1952 1131 praedicti
1978 1058 2258 1114 vivebant

595 1153 809 1209 sancti.
835 1155 1029 1224 Neque
1056 1151 1214 1207 enim
1245 1150 1549 1223 propriam
1579 1148 2045 1205 imbecillitatem
2078 1148 2257 1204 facia-

590 1259 726 1298 mus
747 1242 1024 1314 praecepti
1046 1239 1599 1313 impossibilitatem.
1633 1239 1788 1293 Nihil
1819 1238 2113 1308 siquidem
2147 1237 2253 1292 im-

589 1332 878 1404 possibile
905 1332 1182 1403 praecepit
1214 1331 1366 1386 Deus
1404 1347 1417 1396 ;
1454 1330 1617 1385 novit
1649 1329 1808 1385 enim
1838 1327 2253 1400 possibilitatis

587 1422 872 1477 humanae
904 1437 1256 1486 mensuram,
1292 1436 1414 1476 non
1453 1418 1642 1475 solum
1674 1426 1737 1473 ut
1768 1422 1999 1474 creator
2039 1417 2248 1488 ipsius,

593 1511 701 1566 sed
741 1516 1033 1582 tanquam
1073 1511 1121 1565 is
1146 1525 1408 1582 quoque,
1451 1509 1557 1582 qui
1588 1524 1722 1564 eam
1752 1508 1812 1563 in
1853 1523 1913 1563 se
1967 1507 2246 1578 suscepit.

591 1602 799 1655 Verum
839 1599 946 1655 illis
988 1600 1228 1672 quidem
1271 1599 1437 1655 facile
1483 1603 1610 1654 erat
1654 1602 2034 1668 praeceptum,
2077 1595 2249 1666 quasi

589 1689 877 1760 separatis
908 1704 944 1744 a
975 1688 1221 1753 mundo,
1257 1688 1540 1758 omnique
1562 1686 1764 1742 habitu
1795 1701 2119 1756 corporeo:
2149 1699 2249 1738 no-

2368 531 2550 593 μνῶν;
2591 526 2704 594 (27)
2757 526 2860 579 Κᾶν
2904 532 3003 602 γὰρ
3052 537 3214 604 μυρία
3277 530 3609 607 σπουδάσῃς,
3666 537 3724 588 οὔ
3775 535 3973 600 δώσεις

2368 612 2532 680 ὑετόν,
2588 611 2711 666 οὐδε
2766 616 2926 682 ἣλιον,
2985 616 3106 672 οὐδὲ
3161 623 3319 683 πνοὰς
3376 622 3595 696 ἀνέμων,
3643 627 3715 687 οἷς
3758 644 3782 676 ο
3834 632 3971 679 σπό-

2364 720 2449 774 ρος
2503 713 2826 776 καρπογονεῖ.
2869 714 3044 759 Ταῦτα
3093 713 3193 782 γαρ
3249 713 3272 761 6
3322 716 3450 774 Θεὸς
3506 720 3654 785 μόνος
3705 710 3966 772 δίδωσιν.

2368 792 2548 852 Οὖτως
2599 791 2686 845 οὖν
2729 800 2817 846 καὶ
2864 795 2947 847 ἐπὶ
2987 803 3236 869 πόματος,
3279 806 3367 853 καὶ
3401 800 3483 854 ἐπὶ
3530 800 3834 874 ἐνδύματος,
3867 811 3967 858 καὶ

2366 899 2464 930 των
2494 901 2758 934 τοιουτων.

2439 975 2536 1022 Καὶ
2592 982 2695 1032 πῶς
2744 969 2966 1026 δύναταί
3018 995 3098 1037 τις
3153 978 3268 1049 ζῇν,
3322 984 3393 1050 μὴ
3444 988 3698 1054 μεριμνῶν
3745 984 3810 1033 τὰ
3850 1002 3968 1034 τοι-

2366 1065 2540 1126 αῦτα;
2594 1068 2706 1122 Ιῐῶς
2756 1079 2768 1127 ;
2823 1063 2908 1125 Ὠς
2948 1065 3072 1124 ἔζων
3120 1068 3169 1117 οὶ
3218 1063 3529 1130 δηλωθέντες
3586 1069 3747 1139 ἅγιοι.
3807 1070 3970 1130 Μηδὲ

2363 1150 2464 1220 γὰρ
2517 1154 2611 1206 τήν
2666 1150 2853 1202 ἑαυτῶν
2918 1151 3202 1221 ἀσθένειαν,
3249 1166 3472 1228 ποιῶμεν
3521 1154 3814 1230 ἀδυναμίαν
3873 1171 3972 1222 τῆς

2364 1236 2588 1299 ἐντολῆς.
2619 1236 2785 1291 Οὐδὲν
2831 1244 2931 1315 γὰρ
2986 1239 3239 1296 ἀδύνατον
3293 1248 3318 1296 6
3372 1250 3495 1306 Θεὸς
3544 1246 3796 1310 ἐπέταξεν.
3834 1248 3973 1305 Οἵδε

2361 1328 2459 1397 γὰρ
2507 1331 2563 1378 τὸ
2619 1334 2802 1403 μέτρον
2838 1339 2931 1391 τῆς
2998 1330 3324 1405 ἀνθρωπίνης
3373 1331 3660 1407 δυνάμεως,
3693 1338 3751 1388 οὐ
3805 1344 3969 1410 μόνον

2362 1416 2431 1476 ὡς
2478 1412 2804 1490 δημιουργὸς
2849 1420 3024 1486 αὐτῆς,
3086 1420 3210 1473 ἀλλὰ
3266 1429 3354 1475 καὶ
3407 1427 3470 1484 ὡς
3523 1422 3723 1487 ὑποδὺς
3772 1428 3963 1486 ανᾶτὰν.

2362 1503 2498 1557 Ἀλλ’
2530 1504 2734 1568 ἐκείνοις
2761 1511 2849 1578 μεν
2888 1509 3108 1580 εὐχερὴς
3159 1512 3218 1567 ἧν
3247 1514 3274 1568 ὴ
3319 1510 3510 1577 ἕντολὴ,
3541 1516 3608 1574 ὡς
3638 1518 3960 1589 χωρισθεῖσα

2359 1597 2558 1665 κόσμου
2590 1600 2675 1646 καὶ
2725 1599 2898 1657 πάσης
2939 1607 3240 1670 σωματικῆς
3275 1606 3527 1670 σχέσεως·
3575 1605 3700 1674 ἡμῖν
3741 1601 3799 1656 δε
3833 1603 3958 1658 ἀδυ-

2358 1702 2508 1742 νατος
2537 1689 2788 1755 φαίνεται,
2814 1682 2906 1736 διὰ
2932 1691 2988 1738 τό
3014 1692 3083 1758 μὴ
3121 1687 3525 1746 ἀποσπασθῆναι
3554 1691 3741 1747 αὐτῶν.
3774 1700 3956 1767 Τρέφει

586 1779 678 1835 bis
705 1784 903 1836 autem
926 1779 1296 1851 impossibile
1313 1778 1565 1841 videtur,
1595 1792 1666 1833 eo
1695 1776 1860 1849 quod
1883 1775 1958 1831 ab
1984 1777 2110 1847 ipso
2128 1791 2236 1832 non

2361 1767 2419 1823 δὲ
2470 1776 2535 1823 τὰ
2586 1777 2786 1826 πετεινὰ
2837 1777 2861 1826 ό
2915 1780 3054 1846 Θεὸς,
3101 1776 3257 1838 ἐνθεὶς
3303 1779 3479 1839 αὐτοῖς
3541 1789 3751 1851 γνῶσιν,
3804 1787 3954 1838 πόθεν

588 1886 798 1926 sumus
857 1869 1069 1926 avulsi.
1129 1873 1282 1924 Aves
1338 1883 1474 1924 vero
1523 1867 1708 1923 nutrit
1753 1868 1928 1933 Deus,
1989 1866 2248 1922 imittens

589 1958 706 2017 illis
773 1958 1108 2015 naturalem
1185 1958 1532 2013 instinctum
1609 1956 1769 2012 unde
1825 1956 2024 2012 cibum
2089 1957 2249 2013 colli-

587 2052 751 2119 ganL

659 2139 819 2193 Vers.
867 2137 956 2192 2‘7.
1013 2137 1146 2204 Quis
1185 2135 1383 2194 autem
1431 2165 1500 2176 —
1539 2133 1774 2191 unum?
1821 2134 2045 2190 Nullus.
2091 2134 2250 2191 Sicut

587 2240 729 2295 ergo
754 2225 889 2292 hoc,
927 2225 1126 2281 studio
1170 2230 1362 2281 vestro
1387 2225 1628 2297 assequi
1669 2239 1786 2279 non
1834 2225 2079 2296 potestis
2115 2240 2127 2278 :
2165 2223 2249 2279 ita

586 2330 694 2371 nec
725 2314 928 2371 cibum
959 2329 1342 2385 congregare,
1385 2313 1497 2370 nisi
1550 2314 1662 2369 Deo
1700 2318 2015 2370 annuente.
2051 2315 2247 2378 Quan-

585 2419 770 2476 quam
782 2403 942 2460 enim
958 2401 1167 2458 millies
1183 2403 1445 2459 studium
1460 2402 1599 2458 adhi
1611 2401 2032 2471 beamus,nihil
2046 2407 2246 2458 tamen

583 2493 808 2565 absque
837 2493 967 2563 ejus
991 2492 1365 2563 provrdentia
1394 2492 1800 2563 proﬁciemus.

655 2585 720 2637 Et
760 2587 915 2638 certe
959 2597 1152 2654 neque
1183 2581 1454 2654 palmun,
1507 2596 1701 2652 neque
1735 2579 1990 2650 digitum
2021 2579 2242 2638 addere

583 2675 794 2742 potest.
822 2671 972 2728 Dixit
994 2677 1192 2727 tamen
1211 2671 1497 2736 cubitum,
1525 2670 1669 2742 quia
1695 2669 1933 2741 proprie
1957 2683 2242 2726 mensura

584 2765 819 2816 staturae
851 2765 938 2817 est
967 2760 1219 2816 cubitus.

652 2851 812 2905 Vers.
843 2849 928 2905 28.
967 2851 1040 2906 Et
1085 2851 1158 2907 de
1186 2880 1254 2891 —
1281 2864 1459 2921 neque
1512 2854 1674 2904 nent.
1738 2845 1880 2903 Lilia
1931 2847 2046 2903 hoc
2107 2847 2237 2904 loco

580 2938 754 2994 ﬂores
787 2955 996 2996 omnes
1037 2938 1392 3004 nominavit,
1444 2937 1609 3010 quod
1640 2951 1711 2992 ex
1751 2952 1821 2993 eo
1852 2936 2236 2994 manifestum

581 3034 686 3095 est,
718 3028 862 3101 quia
887 3029 1033 3085 dixit
1064 3046 1076 3084 :
1108 3029 1271 3084 Sicut
1302 3043 1482 3083 unum
1506 3027 1713 3082 horum
1754 3028 1820 3081 ²⁴.
1858 3028 2002 3083 Cum
2035 3033 2235 3082 autem

2363 1860 2584 1924 συλλέξω
2593 1882 2644 1914 σι
2673 1868 2759 1920 τὴν
2789 1871 3001 1938 τροφήν.

2428 2134 2520 2190 Τίς
2549 2126 2607 2182 δὲ
2635 2161 2703 2171 -
2733 2133 2819 2184 ἕνα
2847 2151 2860 2196 ;
2908 2128 3117 2194 Οὐδείς.
3149 2132 3347 2208 Ὠσπερ
3398 2130 3484 2186 οὖν
3525 2132 3803 2204 ἀδύνατον,
3836 2159 3957 2192 κατ-

2358 2221 2651 2290 ορθωθῆναι
2702 2228 2854 2272 τοῦτο
2907 2218 3000 2273 διὰ
3064 2219 3302 2283 σπουδῆς
3352 2226 3622 2296 ἡμετέραςο
3673 2227 3809 2279 οὕτω
3864 2235 3954 2281 καὶ

2357 2311 2414 2359 τό
2453 2317 2759 2380 συναγαγεῖν
2801 2315 3013 2384 τροφὴν,
3067 2311 3110 2363 εἰ
3156 2316 3226 2383 μὴ
3281 2314 3306 2363 6
3344 2315 3474 2374 Θεὸς
3529 2312 3787 2387 ἐπινεύσῃ.
3843 2316 3950 2368 Κᾶν

2354 2401 2452 2471 γὰρ
2502 2404 2666 2471 μυρία
2725 2396 3128 2472 σπουδάσωμεν,
3175 2397 3324 2453 οὐδὲν
3379 2402 3644 2474 ἀνύσομεν,
3674 2400 3805 2472 dixit
3848 2410 3938 2463 τῆς

2353 2493 2598 2559 προνοίας
2636 2489 2816 2544 αὐτου,

2427 2578 2550 2647 [Καὶ
2607 2578 2716 2647 (28)
2778 2582 2881 2649 μὴν
2953 2575 3076 2630 οὐδε
3145 2580 3433 2651 σπιθαμὴν,
3486 2575 3605 2633 οὐδε
3661 2575 3942 2634 δάκτυλον.

2352 2669 2548 2718 Λοιπὸν
2600 2663 2686 2718 οὖν
2746 2676 2926 2738 πῆχυν
2982 2665 3107 2736 εἶπε,
3166 2665 3306 2720 διότι
3363 2674 3549 2744 κυρίως
3610 2674 3792 2742 μέτρον
3848 2677 3947 2721 τῶν

2350 2754 2609 2813 ἡλικιῶνὸ
2637 2759 2818 2827 πῆχυς
2849 2755 3007 2828 ἐστι.]

2424 2849 2523 2897 Καὶ
2566 2850 2682 2917 περὶ
2716 2877 2783 2884 —
2811 2842 2933 2898 οὐδὲ
2962 2848 3124 2904 νήθει.
3180 2851 3341 2922 Κρίνα
3368 2855 3474 2915 νῦν,
3507 2850 3676 2900 πάντα
3704 2850 3771 2900 τὰ
3816 2850 3946 2906 ἄνθη

2349 2933 2605 3005 ὠνομασε.
2643 2940 2741 2987 Καὶ
2766 2943 2916 2987 τουτο
2950 2932 3128 3003 δῆλον,
3178 2935 3276 2989 ἀπὸ
3326 2945 3416 2990 τοῦ
3449 2937 3626 3001 εἰπεῖν,
3659 2941 3737 2990 ὅτι
3784 2937 3870 2999 Ὠς
3900 2938 3948 2990 ἓν

2346 3025 2560 3076 τούτων.
2615 3022 2798 3086 Ὀντος
2847 3022 2904 3077 δὲ
2951 3033 3041 3076 τοῦ
3096 3027 3252 3096 λόγου
3302 3031 3419 3099 περὶ
3477 3023 3785 3098 ἐνδύματος,
3843 3035 3948 3088 πῶς

579 3123 731 3175 esset
759 3135 956 3174 sermo
987 3118 1062 3174 de
1092 3118 1465 3177 indumento,
1493 3116 1797 3188 quomodo
1823 3116 1960 3172 facit
1991 3117 2236 3173 mentio-

2350 3110 2479 3181 λέγει
2509 3117 2626 3184 περὶ
2657 3113 2920 3176 αὐξήσεως
2955 3134 2970 3182 ;
3009 3119 3150 3167 Διότι
3180 3119 3236 3167 τὸ
3270 3116 3470 3178 αὐξάνει
3499 3119 3629 3189 πρὸς
3657 3120 3720 3168 τὰ
3751 3117 3946 3170 πέταλα

577 3223 715 3264 nem
736 3208 810 3264 de
835 3212 1138 3264 cremento
1165 3206 1192 3262 ‘I
1214 3206 1360 3272 Quia
1387 3205 1706 3262 dictionem
1735 3205 1921 3271 illam,
1951 3214 2230 3273 crescant,

577 3305 817 3370 propter
845 3296 987 3353 folia
1026 3296 1170 3352 dixit
1213 3312 1418 3352 eorum
1469 3312 1602 3368 qua;
1649 3296 1867 3352 horum
1911 3295 2231 3367 unicuique

575 3395 711 3443 sunt
738 3386 1177 3443 indumentum.
1225 3385 1616 3453 Considerate,
1653 3385 1862 3457 inquit,
1917 3383 2032 3440 lilia
2079 3385 2228 3455 agri,

573 3475 879 3548 quomodo
896 3479 1161 3532 crescant
1184 3476 1243 3530 in
1257 3475 1431 3539 foliis,
1456 3491 1592 3547 quae
1612 3478 1907 3546 quantum
1933 3479 2226 3538 crescunt,

574 3569 809 3620 tantum
839 3564 1119 3620 decorem
1143 3564 1485 3620 ostendunt.

646 3655 810 3710 Vers.
859 3653 947 3706 29.
999 3655 1136 3708 Dico
1182 3683 1251 3695 —
1293 3655 1452 3706 Vers.
1496 3652 1585 3708 30.
1653 3652 1760 3707 Vos
1804 3655 1832 3707 ?
1871 3653 2063 3717 Quare
2108 3667 2230 3709 non

573 3756 816 3796 rursum
846 3757 882 3797 a
912 3740 1251 3796 volucribus
1281 3739 1450 3796 duxit
1477 3740 1838 3812 exemplum.
1869 3746 1972 3796 aut
1996 3740 2074 3797 ab
2099 3741 2229 3798 aliis

574 3829 942 3886 animalibus
969 3830 996 3885 ?
1027 3830 1259 3886 Poterat
1285 3829 1439 3884 enim
1472 3829 1654 3885 multa
1684 3845 1904 3902 ponere
1943 3831 2226 3889 adornata

576 3935 646 3975 ac
684 3917 1086 3989 pulcherrima
1123 3918 1151 3973 τ
1181 3919 1328 3984 Quia
1354 3919 1481 3973 vult
1511 3918 1602 3974 hic
1629 3924 1684 3975 et
1721 3919 2000 3977 vilitatem
2031 3920 2224 3978 herbae

573 4008 900 4072 ostendere,
932 4025 1066 4080 quae
1105 4009 1189 4064 sic
1231 4026 1265 4065 a
1302 4009 1421 4065 Deo
1463 4008 1802 4080 adornatur,
1853 4015 1909 4068 et
1946 4011 2221 4068 decorem

574 4097 1029 4169 pulchritudinis
1057 4098 1209 4155 adeo
1240 4098 1336 4154 vili
1367 4097 1567 4154 herbae
1584 4099 1756 4157 datae.
1794 4103 1856 4156 Et
1888 4106 2026 4158 nota
2057 4102 2222 4173 quod

571 4186 828 4243 liliorum
860 4186 1171 4258 adaugens
1197 4187 1502 4251 vilitatem,
1529 4187 1781 4246 herbam
1811 4191 1872 4245 in
1908 4205 2224 4261 progressu

573 4293 642 4334 ea
683 4278 913 4333 vocavit
946 4293 958 4331 :
994 4278 1304 4351 magisque
1331 4294 1468 4333 cum
1500 4278 1666 4335 addit
1697 4297 1710 4332 :
1747 4279 1888 4346 Quae
1919 4279 2086 4334 hodie
2124 4281 2218 4344 est,

570 4375 624 4424 et
644 4383 778 4424 cras
798 4369 857 4422 in
875 4367 1170 4424 ctibanum
1195 4367 1458 4423 mittitur
1488 4387 1508 4424 :
1533 4384 1668 4440 quae
1693 4368 1876 4424 ambo
1903 4367 1974 4423 ad
2003 4381 2221 4435 augen-

2345 3200 2510 3254 αὐτῶν
2562 3205 2779 3274 εἴρηκεν,
2826 3205 2977 3256 ἅτινα
3028 3201 3226 3277 ἔνδυμα
3288 3205 3488 3277 ἑκάστῳ
3541 3209 3732 3258 τούτων
3783 3205 3894 3259 ἐστί
3928 3224 3941 3236 ·

2347 3293 2698 3362 Καταμάθετε,
2746 3293 2924 3364 λέγων,
2955 3297 3019 3346 τὰ
3067 3299 3217 3367 κρίνα
3265 3303 3354 3347 τοῦ
3399 3294 3582 3366 ἀγροῦ,
3633 3304 3743 3356 πῶς
3775 3296 3942 3358 αὐξά-

2342 3398 2491 3432 νουσι
2534 3384 2668 3434 κατὰ
2715 3385 2779 3434 τὰ
2821 3381 3035 3452 πέταλα,
3089 3385 3215 3456 οἷπερ
3259 3389 3377 3437 ὅσον
3423 3383 3648 3450 αὐξάνει,
3691 3393 3938 3437 τοσοῦτον

2343 3470 2572 3542 ὡραῖζει.

2414 3655 2562 3722 Λέγω
2593 3681 2659 3690 -
2704 3651 2853 3721 ὑμᾶς.
2905 3656 3053 3704 Διατί
3111 3651 3204 3704 οὐκ
3255 3650 3356 3705 ἀπὸ
3406 3661 3504 3705 τῶν
3552 3662 3787 3706 πετεινῶν
3839 3656 3936 3706 πά·

2339 3739 2415 3792 λιν
2470 3744 2629 3811 ἤγαγε
2682 3737 3046 3815 παράδειγμα,
3111 3742 3139 3799 ἦ
3199 3747 3287 3794 καὶ
3346 3741 3446 3795 ἀπὸ
3506 3744 3649 3803 ζώων
3704 3743 3866 3795 οὒιλων
3916 3761 3930 3811 ;

2341 3829 2469 3900 Εἶχε
2519 3832 2620 3901 γὰρ
2672 3830 2826 3882 εἰπεῖν
2881 3830 3045 3882 πολλὰ
3098 3831 3554 3904 κεκαλλωπισμένα
3609 3838 3695 3885 καὶ
3752 3837 3935 3906 ὡραιό-

2336 3937 2486 3972 τατα.
2543 3924 2682 3970 Διότι
2733 3918 2976 3990 βούλεται
3031 3919 3291 3973 κάνταῦθα
3357 3917 3546 3987 δεῖξαι,
3606 3927 3699 3980 τήν
3755 3941 3807 3975 τε
3855 3923 3933 3976 r5-

2338 4006 2530 4059 τελειαν
2594 4017 2686 4059 τοῦ
2742 4014 2938 4082 χόρτου
3005 4017 3096 4060 τοῦ
3151 4008 3592 4070 καλλωπισθέντος
3653 4012 3815 4073 οὕτως
3883 4011 3937 4064 ἐκ

2339 4104 2494 4165 Θεοῦ,
2548 4103 2636 4147 καὶ
2676 4102 2768 4154 τὴν
2822 4097 3117 4171 ὡραιότητα
3165 4106 3256 4150 τοῦ
3297 4095 3532 4159 δοθέντος
3588 4099 3805 4162 κάλλους
3864 4110 3934 4171 τῷ

2337 4186 2496 4246 οὕτως
2527 4185 2868 4257 εὖτελεστάτῳ
2909 4193 3109 4260 χόρτῳ.
3166 4192 3350 4240 Σκόπει
3401 4191 3522 4263 γὰρ,
3569 4190 3650 4240 ὅτι
3701 4195 3796 4248 τὴν

2340 4275 2585 4327 εὐτέλειαν
2634 4284 2733 4326 τῶν
2800 4281 2987 4350 κρίνων
3035 4275 3315 4346 ἐπιτείνων,
3366 4282 3555 4350 χόρτον
3610 4277 3741 4330 αὐτὰ
3800 4300 3930 4353 προ-

2339 4370 2425 4416 ῐὼν
2485 4363 2708 4431 ἐκάλεσε,
2777 4371 2866 4417 καὶ
2931 4368 3006 4418 ἔτι
3078 4365 3287 4437 μᾶλλον,
3349 4373 3573 4440 Σήμερον
3640 4369 3764 4420 ὄντα
3842 4376 3930 4423 καὶ

569 4457 707 4513 dam
732 4457 1016 4512 vilitatem
1047 4457 1200 4513 dicta
1221 4462 1376 4514 sunt.
1405 4458 1685 4513 Dccorem
1707 4471 1951 4528 quoque
1969 4455 2214 4526 pulchri-

2350 4459 2512 4526 ιῦριον
2561 4455 2627 4514 εἰς
2697 4453 2934 4505 κλίϐανον
2983 4452 3319 4526 βαλλόμενον,
3368 4455 3402 4506 ἂ
3453 4462 3542 4509 καὶ
3605 4458 3758 4529 ἄμφω
3807 4463 3929 4530 πρὸς

571 4545 790 4600 tudinis
828 4545 1090 4617 ipsorum
1137 4546 1402 4604 similiter
1442 4546 1844 4618 ampliﬁcans,
1901 4559 2020 4599 non
2077 4544 2223 4601 dixit

571 4633 930 4705 simpliciter,
963 4635 1125 4706 quod
1148 4653 1218 4692 ea
1238 4637 1390 4692 Deus
1422 4635 1650 4697 vestiat,
1687 4632 1794 4687 sed
1825 4633 1983 4704 quod
2011 4632 2096 4688 sic
2132 4648 2220 4690 ve-

567 4721 728 4777 stiat.
763 4725 908 4778 Nam
931 4722 1129 4790 dictio,
1157 4725 1260 4791 sic,
1291 4725 1404 4782 hoc
1429 4723 1554 4780 loco
1581 4725 1951 4778 crementum
1977 4721 2221 4780 denotat

570 4809 1043 4882 pulchritudinis.

642 4989 1059 5050 Studimonem
1116 4993 1322 5049 autem
1378 4987 1600 5061 posuit,
1632 4991 1920 5063 tanquam
1957 4989 2216 5064 pulchri-

639 5170 689 5205 ”
717 5169 915 5228 Matth.
944 5184 1026 5240 vr,
1062 5171 1152 5222 29.

2329 4641 2419 4687 τοῦ
2494 4632 2706 4694 κάλλους
2765 4633 2930 4684 αὐτῶν
3006 4634 3191 4704 ὁμοίως
3271 4631 3546 4703 ἐπιτείνων,

2328 4723 2517 4789 ἁπλῶς,
2569 4725 2648 4774 ὅτι
2711 4721 3062 4795 ἀμφιέννυσιν,
3119 4721 3224 4774 ἀλλ’
3272 4723 3351 4774 ὅτι
3382 4726 3547 4784 οὕτως
3599 4722 3924 4796 ἀμφιέννυσι.

2325 4817 2394 4866 T6
2437 4815 2537 4887 γὰρ
2571 4815 2732 4875 οὕτως
2778 4810 2999 4864 ἐνταῦθα
3047 4810 3286 4864 ἐπίτασιν
3318 4810 3548 4885 έμφαίνει
3600 4821 3696 4874 τῆς
3743 4816 3928 4890 ὡραιόο

2332 4543 2568 4596 ἐπίτασιν
2622 4551 2715 4605 τῆς
2774 4543 3023 4604 εὐτελείας
3075 4547 3296 4618 εἴρηται.
3352 4549 3456 4602 Τὴν
3515 4541 3574 4598 δε
3631 4549 3930 4619 ὡραιότητα

3628 4634 3723 4686 οὐκ
3796 4633 3928 4690 εἶπεν

2326 4922 2499 4964 τητος.

2395 4996 2494 5046 Τὸν
2547 4990 2849 5064 Σολομῶντα
2901 4987 2960 5045 δε
3008 4991 3248 5060 τέθεικεν,
3317 4991 3382 5054 ὡς
3448 4991 3565 5064 (29)
3632 4991 3925 5066 φιλόκαλον,

1794 5293 2010 5364 Variae
2039 5293 2367 5365 lectiones
2404 5307 2468 5366 et
2509 5307 2714 5365 notae.

643 5491 754 5560 (27)
799 5488 845 5544 Β
876 5485 1057 5564 habet
1085 5492 1343 5564 xai,_pr0
1374 5490 1486 5556 κοῖν,
1529 5495 1584 5564 et
1611 5491 1788 5563 paulo
1806 5497 1941 5564 post
1973 5493 2215 5548 σπουδά-

574 5559 674 5633 mp;
707 5574 887 5627 supra
919 5559 1127 5634 scripto
1155 5579 1187 5611 α
1211 5559 1410 5616 litterze
1462 5583 1514 5634 ῃ,
1556 5559 1696 5634 ἱίθ,
1743 5559 2070 5627 σπουδάσας.
2103 5569 2216 5621 Aut

573 5646 714 5702 ergo
757 5634 846 5682 καὶ
883 5633 1213 5702 σπουδάσας,
1263 5641 1358 5690 aut
1388 5633 1481 5686 κάν
1531 5633 1840 5712 σπουδάσῃς
1868 5638 2212 5708 legendum.

2397 5495 2505 5636 E28)
2536 5493 2786 5558 Inclusa,
2818 5494 2875 5549 in
2899 5494 3166 5563 margine
3195 5493 3377 5551 habet
3400 5496 3467 5550 A.

2421 5565 2508 5636 29)
2539 5564 2838 5636 φιλόκαλλον
2871 5566 2940 5624 Β.
2992 5567 3054 5621 In
3086 5571 3130 5620 Α
3177 5581 3387 5624 rasura
3437 5585 3463 5623 8

2421 5565 2508 5650 29)
2539 5564 2838 5638 φιλόκαλλον
2871 5566 2940 5624 Β.
2992 5567 3054 5621 In
3086 5571 3130 5620 Α
3177 5581 3387 5624 rasura
3437 5566 3732 5626 sublatum
3779 5568 3929 5627 alte-

2326 5653 2462 5694 rum
2489 5653 2534 5695 Λ.
