4170 6456
301 386 408 442 253

1282 384 1648 441 COMMENT.
1694 384 1759 440 IN
1799 385 1900 440 MA

2020 385 2247 442 lEUM.
2286 417 2354 426 —
2393 385 2551 440 CAP.
2593 385 2685 442 VI.
3559 387 3659 444 254

306 518 404 566 καὶ
449 515 602 584 σοφὸν
656 508 974 563 ἐπινοεῖσθαι
1039 509 1458 584 καλλωπισμούς.
1524 510 1767 571 κλίϐανος
1850 507 1900 564 δε

2020 511 2110 566 nis
2135 515 2488 576 amatorem,
2516 515 2572 568 et
2600 511 2677 567 ad
2720 512 2884 569 illam
2913 513 3398 582 cognoscendam
3425 514 3658 586 sapien-

315 601 452 667 ἐστι,
502 605 558 653 τὸ
614 600 873 652 ὀπτανεῖον
901 607 998 651 τῶν
1051 601 1238 672 ἄρτων.
1298 605 1367 653 Τό
1420 598 1479 654 δε
1524 600 1678 673 ’Υμᾶς
1725 599 1906 672 ἐμφαν-

317 694 463 744 τικόν
516 697 666 760 τιμῆς
722 692 932 745 νόησον.
993 693 1129 746 Φησὶ
1191 691 1293 762 γὰρ
1352 688 1767 763 ἐρωτηματικῶς,
1827 691 1906 740 ὃτι

319 779 397 832 Οὐ
449 778 609 847 πολλῷ
661 777 849 848 μᾶλλον
907 779 1062 848 ὑμᾶς,
1133 782 1191 828 τό
1258 782 1428 848 τίμιον
1475 778 1634 830 αὐτοῦ
1684 785 1901 850 κτῆμα;

317 868 394 928 οἷς
449 875 599 937 σῶμα
650 870 740 918 καὶ
789 865 969 936 ψυχὴν
1017 871 1106 918 καὶ
1158 874 1273 918 νοῦν
1330 869 1638 939 ἐχαρίσατο,
1701 863 1772 918 δι’
1818 867 1904 928 οὖς

309 959 398 1007 τόν
427 959 622 1026 κόσμον
654 955 888 1022 ἐποίησε,
923 952 956 1007 6‘
963 955 994 1006 ι’
1036 963 1120 1016 οῦς
1153 961 1422 1027 προφήτας
1450 955 1664 1028 ἔπεμψε,
1698 952 1732 1008 6‘
1738 957 1773 1007 ι’
1818 957 1904 1018 οὖς

304 1049 395 1096 καὶ
423 1047 510 1096 τόν
539 1052 785 1116 μονογενῆ
825 1043 985 1096 αὐτοῦ
1015 1047 1132 1096 Υίόν
1159 1041 1424 1106 ἐξέδωκεν.

374 1294 769 1365 Ὀλιγόπιστοι.
866 1291 1270 1350 Ἐπιπληκτικόν
1362 1313 1470 1346 εστι
1553 1300 1725 1348 τοῦτο.
1811 1299 1906 1348 Καὶ

305 1386 405 1456 γὰρ
467 1379 755 1444 ἀποδείξας
809 1383 834 1433 ὅ
887 1380 1141 1446 ἐϐούλετο,
1205 1382 1381 1435 λοιπόν
1450 1381 1749 1440 ἐπιπλήττει
1815 1384 1904 1435 αὖ·

307 1479 444 1542 τοὺς,
502 1471 869 1544 ὀλιγοπίστους
941 1470 1227 1543 ὀνομάζων,
1288 1475 1356 1532 ὡς
1425 1477 1495 1545 μὴ
1568 1476 1904 1534 πιστεύοντας

308 1558 666 1627 ἀδιστάκτως,
712 1561 791 1612 ὃτι
844 1565 1108 1634 φροντίσει
1155 1560 1318 1612 αὐτῶν
1375 1562 1400 1612 ὁ
1453 1565 1602 1630 Θεὸς,
1662 1567 1749 1614 καὶ
1811 1559 1904 1614 διὰ

304 1659 458 1702 τοῦτο
542 1657 909 1722 μεριμνῶντας.
1015 1649 1194 1710 Οὕτως
1285 1649 1582 1712 ἐπιπλήξας,

304 1743 539 1807 τούτους,
571 1743 660 1790 καὶ
709 1738 1126 1810 εὐπειθεστέρους
1170 1746 1324 1792 ποιεῖ.
1363 1735 1669 1792 Ἐπαίδευσε
1713 1736 1771 1792 6‘s
1811 1736 1905 1791 διὰ

1681 1650 1902 1723 ἐντρέπει

2016 606 2154 655 tem.
2175 601 2458 656 Clibanus
2481 616 2618 655 vero
2635 601 2800 656 locus
2819 606 2905 656 est
2920 602 2996 656 ad
3015 602 3396 673 coquendum
3415 618 3657 672 panem.

2014 689 2371 754 Pronomen,
2417 691 2543 752 Vos,
2595 694 2656 744 ut
2708 690 2951 745 honoris
2980 689 3518 747 demonstrativum
3568 692 3661 755 sit,

2017 778 2286 848 accipito.
2320 779 2470 833 Nam
2511 778 2767 834 amantis
2798 794 2963 834 more
3007 779 3289 851 loquitur,
3321 795 3390 834 ac
3423 780 3472 834 si
3499 779 3660 836 dicat

2013 865 2099 936 (π’)
2128 881 2146 921 :
2175 869 2378 922 Nonne
2405 867 2578 936 longe
2597 869 2784 937 magis
2802 884 2931 931 vos,
2951 868 3053 938 qui
3077 875 3218 923 estis
3247 870 3509 940 pretiosa
3529 869 3657 938 ejus

2013 955 2313 1025 possessio
2345 955 2454 1024 (ῃ),
2481 955 2702 1026 quibus
2747 970 2983 1026 corpus,
3029 955 3316 1021 animam,
3378 972 3446 1011 ac
3496 972 3660 1012 men-

2013 1046 2132 1099 tem
2159 1043 2339 1112 gratis
2369 1044 2634 1104 contulit,
2665 1049 2906 1115 propter
2935 1060 3085 1115 quos
3112 1044 3408 1099 mundum
3440 1045 3658 1100 forma-

2013 1131 2114 1196 vit,
2145 1137 2385 1203 propter
2426 1148 2581 1204 quos
2636 1133 2954 1203 prophetas
2987 1133 3153 1197 misit,
3208 1139 3450 1204 propter
3505 1149 3658 1206 quos

2017 1220 2383 1290 unigenitum
2408 1237 2648 1293 quoque
2679 1222 2884 1277 Filium
2909 1238 3086 1277 suum
3128 1222 3365 1278 tradidit
3395 1224 3422 1278 Ἰ

2087 1309 2244 1364 Vers.
2271 1314 2363 1366 30.
2405 1311 2452 1364 0
2488 1310 2742 1366 homines
2799 1311 3034 1366 modicae
3083 1312 3242 1379 ﬁdei.
3279 1343 3344 1350 -—
3379 1312 3654 1384 Increpa-

2015 1397 2195 1452 tivum
2229 1398 2480 1454 esthoc.
2518 1401 2836 1471 Postquam
2865 1399 3014 1454 enim
3055 1400 3338 1462 ostendit,
3375 1401 3540 1472 quod
3565 1417 3664 1456 vo-

2012 1485 2189 1550 lebat,
2245 1486 2528 1560 deinceps
2586 1489 2748 1559 ipsos
2794 1489 3075 1558 objurgat
3135 1506 3348 1560 parum
3413 1489 3664 1545 fidentes

2011 1575 2303 1646 appelans
2336 1593 2349 1630 :
2382 1581 2584 1648 utpote
2610 1578 2714 1649 qui
2733 1592 2853 1633 non
2872 1577 3101 1649 absque
3129 1577 3518 1649 ambiguitate
3542 1594 3667 1634 cre-

2012 1664 2235 1728 derent,
2265 1665 2428 1736 quod
2460 1665 2613 1721 Deus
2643 1666 2910 1736 ipsorum
2938 1682 3136 1721 curam
3181 1666 3449 1731 haberet,
3483 1673 3539 1722 et
3581 1667 3664 1722 id-

2013 1755 2167 1809 circo
2194 1754 2425 1810 solliciti
2451 1761 2663 1811 essent.
2693 1757 2777 1811 lta
2806 1756 3160 1826 objurgans,
3185 1772 3287 1811 eos
3326 1756 3662 1822 confundit,

305 1836 398 1881 τοῦ
449 1829 689 1902 ῥηθέντος
739 1823 1178 1899 παραδείγματος,
1234 1833 1320 1879 καὶ
1377 1831 1434 1879 τό
1483 1834 1551 1900 μὴ
1594 1833 1729 1900 μέγα
1786 1849 1900 1902 φρο-

2020 1858 2081 1898 ac
2110 1842 2453 1899 fidentiores
2506 1844 2724 1900 reddit.
2784 1823 3259 1917 Docuitiquoque
3281 1844 3438 1900 dicto
3468 1861 3665 1900 exem-

303 1925 405 1970 νεῖν
454 1919 533 1968 ἐπι
589 1924 650 1988 τῇ
706 1914 1005 1988 πολυτελείᾳ
1055 1924 1152 1967 τῶν
1211 1919 1444 1989 ἱματίων,
1498 1917 1564 1967 ὧν
1619 1921 1904 1991 ὼραιότερα

302 2011 394 2059 καὶ
444 2005 687 2058 καλλίονα
739 2008 803 2056 τά
849 2006 978 2062 ἄνθη
1023 2012 1114 2056 τοῦ
1161 2010 1381 2078 χόρτου.
1429 2005 1626 2081 ⁴Ωσπερ
1677 2003 1735 2059 δε
1778 2006 1903 2058 ἀνω-

307 2100 434 2168 τέρω
482 2097 599 2168 περὶ
643 2101 741 2145 τῶν
785 2101 1023 2146 πετεινῶν
1083 2094 1256 2160 εἰπὼν,
1317 2097 1397 2147 ὅτι
1465 2095 1524 2147 οὗ
1577 2100 1900 2168 σπείρουσιν,

308 2185 400 2236 οὐκ
457 2183 683 2236 ἐκώλυσε
759 2185 816 2234 τό
891 2187 1135 2257 σπείρειν,
1211 2186 1280 2244 ὡς
1362 2182 1525 2236 ἐκεῖσε
1605 2185 1898 2259 εἰρήκαμενο

310 2273 471 2335 οὓτως
525 2267 642 2324 οὐδ’
699 2270 919 2323 ἐνταῦθα
965 2275 1022 2323 τό
1079 2278 1264 2342 κοπιᾴν
1333 2277 1422 2323 καὶ
1474 2275 1645 2330 νήθειν
1718 2273 1902 2325 ἐκωλυ-

309 2381 413 2432 σεν,
461 2360 570 2413 ἀλλ’
601 2357 734 2412 εἶπεν
785 2361 939 2426 οὕτω,
973 2357 1140 2423 δεῖξαι
1181 2365 1334 2432 μόνον
1381 2361 1553 2430 θελων,
1607 2363 1687 2414 61:
1716 2365 1741 2414 ό
1775 2367 1901 2426 Θεὸς

305 2452 440 2504 αὐτὰ
471 2449 716 2522 ἀμφιέννυ
725 2468 800 2504 σι.

379 2545 480 2593 Καὶ
545 2536 692 2591 διατί
747 2534 993 2590 τοσοῦτον
1049 2537 1233 2600 κάλλος
1283 2547 1392 2601 τοῖς
1462 2539 1641 2592 ἄνθεσι
1706 2546 1902 2615 περιτί-

308 2632 478 2695 θεικε;
512 2628 627 2699 (30)
671 2632 812 2680 Διότι
863 2625 1103 2700 βούλεταί
1152 2647 1208 2680 σε
1254 2634 1341 2680 καὶ
1395 2628 1494 2680 ἀπὸ
1548 2633 1731 2682 τούτου
1778 2651 1902 2703 μαν-

311 2721 475 2771 θάνειν
517 2720 576 2769 τό
618 2718 833 2790 μέγεθος
887 2723 981 2778 τῆς
1032 2716 1190 2767 αὑτοῦ
1239 2722 1423 2789 σοφίας
1465 2723 1553 2770 καὶ
1611 2715 1898 2792 δυνάμεως,

309 2808 369 2861 Εἰ
414 2811 582 2859 τοίνυν
637 2809 704 2857 τὰ
757 2801 851 2858 διὰ
910 2808 966 2857 σε
1003 2811 1248 2877 γενόμενα
1293 2811 1445 2880 κρίνα
1481 2808 1757 2880 φιλοτίμως
1802 2809 1899 2863 ἐνί-

314 2894 463 2961 δυσε,
518 2903 625 2957 πῶς
671 2894 765 2947 οὐκ
814 2891 1020 2946 ἐνδόσει
1075 2895 1308 2966 μάλιστά
1356 2915 1431 2961 σε,
1493 2893 1566 2948 δι’
1625 2902 1676 2948 ὅν
1736 2897 1902 2951 ἐκεῖνα

316 2990 592 3050 πεποίηκε;
672 2987 995 3056 Δημιουργός
1052 2979 1110 3036 δὲ
1180 2989 1269 3036 καὶ
1335 2992 1622 3059 προνοητὴς
1697 2990 1900 3040 πάντων

316 3074 468 3135 αὐτὸς
525 3073 610 3139 ὧν,
671 3075 811 3146 ὅμως
865 3080 938 3142 τῷ
1005 3077 1169 3146 Πατρὶ
1235 3079 1326 3132 τὴν
1395 3071 1747 3148 δημιουργίαν
1812 3083 1901 3130 καὶ

306 3167 546 3236 πρόνοιαν
592 3164 794 3215 πάντων
839 3160 1140 3227 ἀνατίθησι,
1185 3159 1429 3214 δεικνύων
1479 3183 1532 3216 τε
1579 3165 1802 3218 ἐντεῦθεν
1843 3170 1898 3218 τό

301 3256 428 3326 πρὸς
475 3252 631 3304 αὐτὸν
665 3253 968 3323 όμόγνωμόν
1012 3270 1066 3304 τε
1108 3256 1198 3303 καὶ
1245 3249 1594 3324 όμοδύναμον,
1640 3260 1729 3306 καὶ
1781 3256 1898 3326 (31)

303 3338 447 3394 διότι
493 3339 637 3392 οὔπω
678 3343 858 3412 καιρός
906 3337 986 3405 ἦν,
1039 3339 1328 3411 ἐκκαλύψαι
1375 3351 1600 3416 φανερῶς
1637 3347 1755 3416 περὶ
1805 3353 1899 3405 τῆς

303 3429 493 3482 ἑαυτοῦ
549 3430 799 3494 θεότητος,
850 3431 914 3490 ὡς
974 3432 1370 3501 ἡρμηνεύσαμεν
1433 3431 1770 3504 ἐξηγούμενοι
1816 3438 1894 3485 τό’

305 3517 599 3569 Ἠκούσατε
664 3517 744 3569 ὅτι
811 3515 981 3591 ἐρρέθη
1051 3525 1156 3578 τοῖς
1229 3519 1493 3593 ἀρχαίοις·

305 3625 436 3668 σεις.

371 3699 460 3754 Μὴ
518 3723 586 3736 -
646 3694 1056 3769 περιϐαλώμεθα.
1113 3695 1554 3770 Ἐπαναλαμϐάνει
1605 3698 1758 3750 πάλιν
1812 3703 1898 3752 τόν

299 3790 418 3858 περὶ
466 3790 559 3837 τοῦ
604 3789 676 3856 μὴ
727 3785 839 3857 (32)
895 3791 1144 3860 μεριμνᾷν
1192 3785 1368 3858 λόγον,
1415 3783 1508 3839 διὰ
1558 3791 1614 3840 τό
1667 3790 1758 3848 τῆς
1814 3808 1898 3862 με·

303 3880 482 3948 ρίμνης
537 3873 712 3947 βίαιόν
760 3894 815 3928 τε
860 3880 950 3927 καὶ
1000 3872 1455 3934 δυσαπάλλακτον.
1500 3881 1566 3930 Σὺ
1617 3874 1676 3930 δε
1731 3876 1898 3937 ἐννόη·

313 3981 416 4028 σον,
464 3967 542 4015 ὅτι
574 3959 647 4016 ὀἱ
692 3964 1044 4026 κελευσθέντες
1101 3961 1240 4037 μηδὲ
1287 3970 1404 4038 περὶ
1447 3974 1545 4017 τῶν
1604 3965 1896 4039 ἀναγκαίων

1577 3519 1654 3577 Οὐ
1730 3525 1900 3594 φονεύ-

308 4058 568 4127 μεριμνᾴν,
642 4056 760 4104 τίνα
857 4058 1166 4124 συγγνώμην
1259 4054 1454 4127 ἕξομεν,
1559 4066 1897 4128 μεριμνῶντες

305 4146 393 4192 καὶ
420 4147 536 4214 περὶ
559 4150 657 4194 τῶν
688 4142 782 4194 οὐκ
815 4140 1109 4214 ἀναγκαίων
1134 4159 1146 4208 ;

371 4233 550 4283 Πάντα
596 4262 666 4271 —-
702 4230 958 4292 ἐπιζητεῖ.
1013 4238 1082 4284 Το
1139 4231 1427 4299 Ἐπιζητεῖ,
1478 4233 1590 4286 ἀντὶ
1621 4242 1732 4301 τοῦ,
1796 4243 1896 4289 Με·

296 4328 545 4391 ριμνῶσι,
594 4325 808 4378 νόησον.
857 4323 933 4373 Td:
980 4322 1096 4379 ἔθνη
1141 4323 1264 4395 γάρ,
1307 4321 1500 4394 ἀλόγων
1552 4320 1726 4392 δίκην,
1769 4330 1898 4399 πρός

294 4413 457 4480 μόνην
500 4407 753 4480 βλέπουσι
780 4413 870 4468 τὴν
903 4407 1228 4482 φιληδονίαν.
1276 4410 1436 4463 ’Ὀταν
1493 4409 1551 4465 δὲ
1600 4414 1713 4484 (33)
1758 4412 1897 4487 μηδὲ

292 4505 396 4548 τῶν
448 4497 655 4550 ἐθνικῶν
709 4500 1080 4572 ὑπερτερῶμεν,
1149 4503 1197 4552 οί
1244 4509 1342 4552 τῶν
1400 4507 1746 4574 Γραμματέων
1809 4510 1897 4556 καὶ

295 4592 598 4661 Φαρισαίων
659 4589 948 4662 ὑπερτερεῖν
1022 4596 1135 4651 ταῖς
1211 4588 1414 4663 ἀρεταῖς
1491 4591 1892 4664 κεκελευσμένοι,

293 4680 448 4737 ποίας
474 4676 570 4727 οὐκ
593 4677 654 4727 οἷν
685 4680 856 4749 εῐημεν
884 4677 1143 4739 κολάσεως
1169 4677 1304 4741 ἆξιοι
1330 4695 1343 4744 ;

374 4850 506 4908 Οἵδε
558 4887 626 4895 -
696 4855 957 4915 ἁπάντων.
1024 4857 1404 4931 Καθαψάμενος
1465 4859 1634 4911 αὐτῶν
1709 4861 1896 4924 ἱκανῶς

292 4943 686 5020 παραθαρῥύνει
749 4945 900 4999 πάλιν
987 4946 1252 5021 ἑτέρωθεν.
1335 4948 1522 5024 Ἔργον
1579 4952 1678 5025 γὰρ
1739 4947 1894 5003 6:60:-

2013 1931 2112 2003 plo
2141 1946 2263 1987 non
2307 1932 2661 1988 insolescere
2691 1933 2765 1988 de
2792 1933 3069 2005 pretiosis
3101 1933 3382 1998 vestibus,
3444 1933 3664 2006 quibus

2012 2019 2189 2089 longe
2212 2021 2590 2092 pretiosiores
2614 2027 2770 2084 sunt,
2797 2023 3110 2094 magisque
3123 2023 3319 2079 decari
3339 2022 3664 2079 herbarum

2012 2109 2217 2166 ﬂores.
2255 2110 2779 2176 Quemadmodum
2809 2118 3008 2168 autem
3035 2113 3330 2184 superius,
3363 2113 3436 2168 de
3453 2111 3662 2169 avibus

2011 2197 2249 2264 diceret,
2281 2198 2444 2270 quod
2470 2214 2591 2254 non
2625 2200 2940 2265 seminent,
2977 2216 3090 2255 non
3119 2200 3432 2270 prohibuit
3495 2199 3666 2255 semi-

2013 2302 2173 2352 nare,
2203 2287 2589 2344 sicutibidem
2606 2287 2867 2344 diximus
2892 2305 2904 2343 :
2934 2289 3218 2360 itaneque
3247 2288 3660 2358 hicjlaborare,

2013 2381 2116 2433 aut
2145 2392 2284 2432 nere
2312 2378 2450 2442 ;sed
2480 2377 2559 2433 ita
2572 2377 2803 2434 locutus
2835 2383 2944 2444 est,
2970 2377 3176 2434 volens
3203 2382 3432 2433 tantum
3477 2383 3664 2433 osten-

2012 2463 2172 2531 dere,
2205 2465 2370 2537 quod
2413 2467 2567 2521 Deus
2601 2465 2700 2521 illa
2726 2466 2950 2522 vestiat.

2085 2555 2276 2620 Quare
2307 2560 2507 2611 autem
2541 2558 2704 2610 tanto
2732 2555 2944 2611 decore
2980 2555 3156 2610 flores
3185 2555 3440 2610 amicivit
3459 2554 3487 2608 ‘1‘
3517 2555 3666 2620 Quia

2013 2643 2153 2709 vult,
2203 2648 2263 2700 ut
2293 2659 2364 2699 ex
2394 2644 2507 2699 hoc
2559 2644 2756 2700 discas
2801 2644 3106 2716 sapientiae
3134 2660 3205 2700 ac
3233 2645 3508 2716 potentias
3541 2659 3664 2698 suae

2013 2733 2516 2802 magnitudinem.
2546 2733 2602 2788 Si
2635 2749 2776 2803 ergo
2813 2732 2956 2801 lilia,
2989 2749 3126 2806 quae
3167 2739 3408 2805 propter
3435 2738 3487 2789 te
3510 2733 3666 2788 facta

2013 2826 2167 2887 sunt,
2199 2822 2453 2893 pretiose
2481 2821 2693 2891 induit,
2726 2822 3036 2894 quomodo
3085 2838 3204 2878 non
3239 2822 3426 2878 multo
3471 2821 3665 2891 magis

2014 2915 2066 2964 te
2105 2911 2329 2974 vestiet,
2357 2916 2597 2983 propter
2615 2927 2798 2983 quem
2826 2911 2924 2968 illa
2953 2911 3228 2968 formavit
3263 2915 3289 2968 ‘2
3313 2914 3377 2966 Et
3401 2910 3534 2966 licet
3579 2911 3663 2965 Fi-

2008 2997 2128 3054 lius
2157 2999 2282 3071 ipse
2307 2999 2579 3055 omnium
2593 3001 2906 3058 sitcreator
2931 3017 3001 3057 ac
3016 3003 3310 3073 provisor,
3337 3000 3416 3056 ad
3435 3001 3662 3056 Patrem

2013 3092 2230 3154 tamen,
2260 3088 2622 3145 creationem
2645 3106 2714 3145 ac
2743 3089 3179 3162 providentiam
3212 3090 3386 3146 refert
3417 3095 3658 3146 :osten-

2009 3175 2158 3230 dens
2184 3177 2321 3232 hinc
2342 3177 2619 3233 eamdem
2646 3193 2783 3233 cum
2816 3178 2916 3233 illo
2948 3178 3064 3233 sibi
3097 3194 3224 3233 esse
3259 3178 3570 3234 scientiam
3593 3192 3663 3233 ac

2011 3264 2444 3336 providentiam
2477 3265 2571 3335 (z).
2601 3267 2876 3321 Nondum
2899 3266 3059 3321 enim
3079 3271 3314 3336 tempus
3341 3272 3465 3321 erat
3493 3281 3664 3322 suam

2010 3352 2318 3409 manifeste
2332 3354 2606 3422 detegere
2626 3355 2992 3410 divinitatem
3004 3395 3016 3419 ,
3034 3355 3551 3426 quemadmodum
3566 3355 3663 3409 de-

2009 3441 2389 3507 claravimus,
2414 3448 2778 3511 exponentes
2803 3448 3032 3514 partem
3060 3443 3158 3498 illa
3185 3459 3196 3497 :
3231 3443 3492 3497 Audistis
3511 3443 3662 3512 quod

2007 3529 2236 3588 dictum
2265 3531 2339 3585 sit
2371 3530 2619 3600 antiquis
2653 3547 2664 3586 ε
2698 3532 2830 3588 Non
2860 3531 3100 3588 occides.

2081 3619 2242 3674 Vers.
2275 3623 2362 3675 31.
2395 3621 2479 3676 Ne
2500 3650 2570 3662 —
2616 3621 2941 3690 aperientur
2963 3625 2990 3676 ?
3046 3623 3300 3677 Rursum
3334 3620 3567 3676 iteravit
3590 3620 3665 3677 de

2009 3707 2401 3764 sollicitudine
2432 3725 2795 3772 sermonem.
2823 3715 3066 3783 propter
3091 3727 3247 3766 curas
3296 3711 3665 3776 violentiam,

2008 3811 2143 3868 quae
2168 3797 2260 3852 vix
2288 3797 2468 3870 abjici
2519 3804 2729 3870 potest.
2760 3803 2841 3856 Tu
2885 3815 3026 3856 vero
3058 3800 3392 3866 considera,
3417 3800 3580 3872 quod
3617 3800 3666 3856 si

2006 3886 2182 3942 nobis
2208 3886 2446 3957 jussum
2477 3893 2585 3952 est,
2638 3903 2711 3943 ne
2741 3889 2816 3944 de
2865 3889 3045 3945 rebus
3087 3891 3265 3946 etiam
3311 3889 3666 3945 necessariis

2008 3976 2195 4031 simus
2248 3975 2497 4046 solliciti,
2556 3993 2742 4049 quam
2795 3978 3166 4050 sperabimus
3216 3980 3473 4045 veniam,
3526 3995 3666 4035 cum

2007 4063 2082 4119 de
2129 4063 2223 4119 his
2274 4065 2452 4121 etiam
2495 4081 2623 4137 quae
2667 4067 3002 4123 necessaria
3047 4083 3171 4124 non
3221 4074 3360 4124 sunt
3397 4068 3551 4125 anxii
3592 4067 3662 4123 si-

2009 4168 2143 4208 mus
2173 4151 2201 4207 ?

2082 4243 2219 4296 Vers
2251 4241 2338 4296 32.
2362 4242 2573 4298 Omnia
2600 4273 2667 4282 —
2694 4244 3029 4314 inquirunt.
3057 4243 3388 4316 lnquirunt,
3421 4244 3534 4299 hoc
3556 4250 3661 4308 est,

2009 4329 2236 4386 solliciti
2281 4335 2418 4385 sunt
2458 4331 2533 4385 de
2561 4331 2670 4386 his.
2719 4331 3038 4386 Considera
3067 4347 3078 4385 :
3104 4334 3314 4386 Gentes
3352 4331 3667 4388 irrationa-

2006 4418 2154 4474 lium
2207 4434 2392 4483 more,
2457 4419 2583 4474 solo
2634 4424 2948 4474 moventur
2989 4418 3365 4490 voluptatum
3437 4435 3662 4476 amore.

2007 4505 2260 4575 Quando
2277 4520 2418 4575 ergo
2448 4521 2644 4578 neque
2659 4507 2937 4578 gentibus
2963 4509 3395 4579 przestantiores
3434 4523 3662 4574 sumus,

2006 4596 2224 4670 quibus
2241 4595 2481 4667 jussum
2503 4601 2607 4659 est,
2640 4602 2781 4651 utet
2812 4595 3028 4654 Scribis
3066 4602 3121 4653 et
3149 4597 3456 4654 Pharisaais
3487 4596 3666 4655 virtu-

2009 4690 2060 4740 te
2095 4685 2282 4739 simus
2331 4683 2772 4749 eminentiores,
2813 4700 2936 4757 quo
2981 4686 3272 4759 supplicio
3320 4685 3488 4758 digni
3542 4703 3666 4744 non

2007 4774 2228 4831 erimus
2257 4773 2284 4828 ?

2078 4865 2242 4919 Vers.
2292 4864 2378 4920 32.
2422 4861 2536 4918 Scit
2561 4893 2628 4903 —
2658 4863 2952 4922 omnibus.
2984 4867 3306 4940 Postquam
3332 4866 3474 4922 satis
3503 4866 3664 4939 ipsos

2008 4951 2310 5023 corripuit,
2344 4967 2546 5008 rursus
2571 4951 2814 5011 aliunde
2836 4968 2938 5011 eos
2979 4954 3349 5013 adhortatur.
3382 4958 3480 5012 Est
3503 4953 3664 5012 enim

1522 5126 1748 5197 Variae
1785 5128 2114 5198 lectiones
2145 5140 2210 5197 et
2237 5135 2439 5198 notas.

391 5267 482 5410 3οζ
521 5268 843 5340 περιτίθεται
874 5275 934 5324 Α.

391 5338 453 5393 31
522 5343 635 5409 καὶ,
669 5339 836 5396 abest
869 5342 934 5395 A.

391 5338 482 5409 3t)
522 5338 635 5409 καὶ,
669 5339 836 5396 abest
869 5342 942 5395 A.

367 5517 453 5591 (ιτ)
486 5520 760 5576 Amantis
799 5535 948 5591 more
979 5549 1047 5560 —
1073 5520 1252 5578 dicat.
1288 5523 1612 5591 lnterrogat
1633 5520 1791 5577 enim
1813 5520 1898 5576 di-

287 5590 455 5665 cens.
486 5590 1031 5665 Interpresividetur
1059 5592 1270 5660 legisse
1302 5590 1573 5665 ἐρωτικῶς.

367 5661 454 5734 (y)
469 5661 766 5734 possessio.
786 5662 1026 5718 Videtur
1038 5678 1178 5734 ergo
1199 5661 1510 5720 Hentenius
1533 5662 1712 5719 etiam
1736 5679 1898 5734 repe-

2081 5273 2196 5348 (32)
2226 5278 2322 5347 μή,
2347 5273 2520 5330 abest
2548 5275 2614 5348 Α.

2082 5341 2190 5417 (33)
2223 5341 2321 5419 μή,
2353 5361 2462 5418 pro
2485 5341 2625 5418 μηδέ
2657 5351 2717 5400 Α.

2008 5521 2151 5596 tisse
2209 5530 2411 5596 3:15pm.
2437 5520 2632 5578 Malim
2651 5525 2854 5579 tamen
2881 5529 3098 5596 κτίσμα.
3132 5522 3333 5596 Jacob.
3371 5528 3422 5578 1.
3480 5524 3561 5579 18.

2079 5593 2154 5661 (z)
2204 5593 2504 5648 Scientiam
2558 5609 2624 5649 ac
2685 5593 3144 5664 providentiam.
3203 5595 3578 5652 Voluntatem
3610 5596 3666 5648 et

2007 5669 2383 5735 potestatem.
