4170 6444
537 359 646 415 255

1863 355 2153 414 EUTHYM
2165 357 2208 413 ll
2249 357 2410 414 ZIGA
2419 358 2551 414 BEN
2561 363 2578 415 l

3802 366 3919 422 256

537 484 914 558 praeceptoris
965 482 1254 549 ofﬁcium,
1303 484 1357 538 et
1391 481 1713 552 objurgare
1769 481 1912 536 dum
1934 482 2187 554 expedit,

2310 485 2468 537 καλου
2520 489 2609 538 καὶ
2653 485 2996 556 ἐπιπλήττειν,
3041 488 3089 540 ίν
3136 485 3213 551 οἶς
3254 491 3380 560 χρὴ,
3422 494 3512 541 καὶ
3560 491 3904 564 παρακαλεῖν,

537 581 594 632 et
623 573 935 636 consolari,
957 589 1028 628 ac
1054 573 1330 644 utrinque
1349 572 1627 626 excitare.
1643 572 1771 626 Non
1794 571 1941 626 dixit
1959 577 2159 628 autem
2184 590 2196 629 :

535 665 654 721 Scit
676 665 850 728 Deus,
871 663 997 728 sed,
1024 662 1140 718 Scit
1163 664 1334 716 Pater
1356 667 1568 725 vester;
1604 675 1726 732 quo
1751 661 2068 716 maximam
2097 662 2202 718 ha-

532 752 1030 810 beantﬁduciam.
1050 753 1130 806 Ex
1149 767 1265 822 quo
1279 751 1439 805 enim
1456 753 1624 805 Pater
1651 753 1759 813 est,
1777 749 1981 805 ettalis
2001 751 2196 809 Pater,

528 842 680 898 ﬁlios
711 842 1011 912 despicere
1056 854 1178 896 non
1227 839 1456 911 poterit,
1491 843 1548 894 et
1577 838 1700 910 pati
1741 842 1806 894 ut
1864 854 2065 895 rerum
2097 855 2197 896 ne-

533 930 932 988 cessariarum
981 927 1312 997 indigentia
1336 926 1637 990 deﬁciant,
1667 943 1804 983 cum
1844 943 2041 1000 neque
2083 934 2201 984 ter-

537 1021 661 1076 reni
687 1022 889 1092 patres
919 1017 978 1072 id
1009 1017 1363 1073 sustineant.
1393 1019 1458 1072 Et
1486 1017 1630 1088 quia
1653 1017 1936 1072 omnibus
1969 1018 2060 1073 bis
2092 1017 2202 1077 scit

530 1124 640 1165 vos
672 1107 958 1177 indigere,
987 1106 1154 1162 dabit
1185 1107 1410 1178 utique.
1447 1108 1573 1160 Non
1604 1110 1743 1161 sunt
1788 1106 1949 1161 enim
1993 1123 2199 1178 super-

534 1198 658 1253 ﬂua
687 1197 880 1261 edere,
909 1195 1124 1262 bibere,
1157 1200 1258 1250 aut
1293 1194 1512 1259 vestiri,
1549 1198 1610 1249 ut
1635 1194 1826 1264 possit
1869 1195 2193 1265 negligere,

533 1287 639 1343 sed
665 1286 900 1358 corpori
959 1285 1142 1351 utilia,
1196 1288 1373 1356 atque
1421 1288 1647 1340 natura!
1698 1284 1901 1356 ipsius‘
1930 1300 2200 1342 necessa-

533 1378 640 1433 ria.
675 1377 879 1448 Itaque
909 1391 1093 1447 quam
1120 1373 1218 1430 tibi
1276 1373 1581 1429 existimas
1611 1388 1746 1428 esse
1803 1389 2050 1430 causam
2089 1373 2198 1430 sol-

532 1465 881 1528 licitudinis,
915 1464 1108 1533 magis
1136 1478 1319 1518 causa
1346 1466 1434 1518 est
1461 1462 1822 1518 securitatis.
1857 1463 2008 1527 Quia
2036 1463 2197 1518 enim

532 1555 658 1610 haec
688 1553 1024 1609 necessaria
1055 1556 1210 1616 sunt,
1253 1551 1386 1606 ideo
1440 1551 1634 1620 magis
1687 1551 1989 1606 conﬁdere
2018 1565 2198 1623 opor-

532 1648 627 1701 tet.
653 1643 795 1709 Quis
827 1641 975 1698 enim
1021 1647 1208 1714 pater,
1241 1640 1420 1698 etiam
1448 1640 1798 1697 necessaria
1845 1640 1982 1696 ﬁliis
2013 1641 2198 1697 dene-

533 1732 696 1804 gabit
723 1735 750 1788 7

594 1823 753 1878 Vers.
809 1825 894 1878 33.
944 1818 1198 1888 Quaerite
1248 1851 1316 1859 —
1358 1819 1543 1876 vobis.
1589 1818 1859 1874 Primum
1900 1819 2014 1875 hoc
2089 1823 2195 1879 est.
2235 1836 2276 1890 Β

528 1915 662 1967 ante
692 1925 764 1966 ea
784 1926 913 1982 quas
936 1909 1172 1980 corpori
1199 1913 1335 1964 sunt
1366 1908 1706 1964 necessaria
1737 1923 1748 1961 :
1785 1907 1876 1963 vel
1899 1909 2199 1980 prmcipue

527 1998 655 2054 sive
686 2000 965 2055 maxime.
996 2001 1266 2067 Regnum
1290 2012 1424 2052 vero
1455 1997 1555 2051 Dei
1577 2000 1750 2053 vocat
1776 1997 1870 2052 hic
1897 1997 2198 2056 bonorum

525 2091 879 2143 aeternorum
907 2085 1249 2141 fruitionem
1278 2101 1290 2149 ;
1321 2085 1614 2154 justitiam
1649 2089 1852 2140 autem
1884 2086 2035 2156 ejus,
2085 2087 2196 2142 hoc

524 2181 610 2232 est
631 2175 1118 2248 justiﬁcationem
1150 2189 1285 2246 quae
1318 2189 1353 2229 a
1381 2174 1499 2228 Deo
1554 2178 1664 2239 est,
1703 2178 1763 2229 ut
1791 2189 1896 2229 vos
1925 2173 2051 2245 ipse
2076 2175 2198 2245 jus"

525 2265 722 2331 tiﬁcet,
756 2264 844 2320 vel
871 2263 1285 2336 operationem
1326 2262 1589 2333 justitite,
1625 2262 1747 2318 sive
1791 2262 2015 2318 virtutis
2067 2263 2194 2318 uni-

522 2354 785 2420 versalis,
823 2369 928 2425 per
975 2367 1162 2424 quam
1207 2351 1621 2422 justiﬁeamur.
1653 2350 1714 2406 Si
1745 2352 1907 2407 enim
1947 2352 2068 2408 haec
2094 2367 2193 2424 pe-

525 2445 726 2500 tieritis
790 2459 926 2516 quae
977 2447 1115 2498 sunt
1169 2443 1385 2499 animae
1459 2441 1825 2507 necessaria,
1883 2441 2060 2498 etiam
2117 2457 2186 2498 ea

525 2533 692 2590 dabit
744 2537 800 2588 et
849 2531 1105 2604 adjiciet,
1149 2547 1284 2604 quas
1343 2532 1578 2603 corpori
1632 2529 1970 2587 necessaria
2025 2536 2186 2588 sunt.

525 2626 675 2679 Nam
707 2621 983 2693 superius
1009 2636 1270 2693 quoque,
1305 2621 1407 2676 ubi
1433 2620 1632 2676 docuit
1671 2619 1982 2693 quomodo
2018 2636 2189 2678 orare

523 2713 815 2783 oporteat,
861 2710 1124 2782 primum
1175 2709 1421 2783 quidem
1470 2709 1664 2765 dicere
1710 2709 2033 2780 prtecepit:
2083 2710 2187 2765 Pa-

525 2807 616 2856 ter
661 2805 884 2865 noster,
953 2800 1058 2870 qui
1095 2815 1150 2856 es
1196 2801 1254 2854 in
1314 2799 1498 2863 uelis,
1549 2798 1941 2865 sancti/iretur
1983 2814 2185 2854 nomen

527 2895 695 2945 tuum
730 2888 1034 2946 :adveniat
1081 2904 1333 2959 regnum
1380 2895 1587 2944 tuum:
1619 2888 1724 2956 ﬁat
1767 2887 2030 2943 voluntas
2082 2895 2186 2944 tua

520 2979 676 3035 sicut
705 2978 764 3032 in
793 2979 934 3034 creto
958 2983 1007 3033 et
1036 2978 1098 3033 in
1129 2986 1310 3035 terra.
1369 2975 1588 3032 Deinde
1619 2990 1760 3031 vero
1791 2991 1808 3029 :
1839 2975 2057 3032 Panem
2084 2991 2181 3032 no-

524 3073 712 3123 strum
743 3067 1366 3138 supersubstanlialem
1394 3063 1468 3120 da
1501 3063 1654 3117 nobis
1680 3063 1845 3119 hodie
1869 3065 1940 3120 ’⁵.
1983 3067 2182 3137 Neque

2310 580 2398 626 καὶ
2447 574 2799 647 ἀμφοτέρωθεν
2854 573 3141 652 διεγείρειν.
3193 578 3303 629 Ούκ
3352 575 3460 631 εἷπε
3501 576 3578 646 δε,
3624 581 3704 632 ὃτι
3753 577 3912 634 Οἶδεν

2310 666 2335 715 6
2382 668 2528 728 Θεὸς,
2592 664 2697 715 ἀλλ’
2753 667 2832 717 ὅτι
2889 663 3042 718 Οἶδεν
3100 669 3126 718 6
3184 671 3364 742 Πατὴρ
3421 669 3582 738 ὑμῶν,
3630 671 3764 722 ὥστε
3811 673 3914 742 μά-

2309 752 2464 805 λιστα
2519 753 2718 828 θαρρεῖν
2771 754 2978 816 αὐτούς.
3039 755 3172 808 Ἐπεὶ
3238 759 3335 830 γὰρ
3393 762 3567 830 Πατὴρ
3625 757 3758 825 ἐστι,
3823 764 3915 812 καὶ

2315 847 2491 915 Πατήρ
2542 851 2790 911 τοιοῦτος,
2838 843 2896 894 ού
2955 840 3236 902 δυνήσεται
3283 841 3536 918 περιιδεῖν
3584 850 3700 907 τοὺς
3760 850 3912 912 υἱοὺς

2311 927 2481 1002 ἐνδείᾳ
2567 940 2665 983 τῶν
2748 931 3040 1004 ἀναγκαίων
3139 929 3610 1005 διαφθειρομένους,
3710 939 3911 1009 ὃτουγε

2311 1016 2434 1071 οὐδε
2504 1017 2815 1092 ἀνθρώπινοι
2888 1027 3098 1095 πατέρες
3171 1029 3324 1073 τοῦτο
3388 1025 3722 1095 ὑπομένουσι.
3809 1033 3913 1080 Καὶ

2312 1106 2420 1159 ἐπεὶ
2485 1105 2621 1160 οἶδεν
2702 1112 2780 1161 ὅτι
2846 1115 3073 1183 χρῄζετε
3142 1115 3335 1162 τούτων
3413 1112 3671 1180 ἀπάντων,
3740 1111 3911 1169 δώσει

2311 1199 2530 1257 πάντως.
2572 1197 2646 1248 Ou’
2677 1201 2774 1272 γὰρ
2823 1203 3061 1271 περιττὸν
3092 1203 3148 1250 τὸ
3182 1200 3371 1252 ἐσθίειν
3402 1207 3489 1253 καὶ
3519 1207 3681 1255 πίνειν
3713 1210 3802 1256 καὶ
3835 1204 3913 1256 ἐν-

2315 1281 2685 1358 διδύσκεσθαι,
2729 1287 2811 1338 ἱνα
2849 1293 2936 1340 καὶ
2979 1285 3202 1363 παρίδηο
3247 1288 3373 1341 ἀλλά
3415 1295 3667 1365 χρήσιμα
3695 1300 3767 1362 τῷ
3802 1299 3909 1344 σώ-

2313 1395 2458 1446 ματι,
2515 1381 2603 1427 καὶ
2652 1375 2906 1448 ἀναγκαῖα
2961 1387 3021 1449 τῇ
3071 1381 3250 1429 τούτου
3309 1382 3477 1450 φύσει.
3529 1379 3708 1447 Ὥστε,
3765 1382 3792 1433 ὃ
3831 1402 3914 1434 νο-

2312 1465 2482 1537 μιζεις
2531 1468 2694 1517 α’ίτιον
2743 1462 2871 1518 εἷναί
2929 1486 3012 1518 σοι
3062 1476 3158 1529 τῆς
3203 1473 3474 1540 μερίμνης,
3522 1477 3674 1521 τοῦτο
3717 1470 3912 1541 μᾶλλον

2314 1552 2450 1606 ἐστιν
2507 1557 2670 1606 αἰτιον
2737 1563 2830 1616 τῆς
2896 1555 3214 1630 ἀμεριμνίας.
3285 1557 3425 1609 Ἐπεὶ
3485 1561 3582 1632 φάρ
3649 1556 3914 1630 ἀναγκαῖα

2312 1649 2495 1710 ταῦτα,
2529 1639 2622 1694 διά
2664 1651 2815 1695 τοῦτο
2841 1644 3070 1715 μάλιστα
3098 1650 3206 1719 χρὴ
3244 1645 3461 1720 Θαρῥεῖν.
3500 1653 3648 1707 Ποῖος
3677 1651 3777 1722 γάρ
3813 1669 3910 1701 πα·

2312 1736 2408 1804 τηρ
2459 1731 2685 1794 ἀνέξεται
2727 1738 2860 1804 pm
2889 1736 2954 1785 τά
3002 1734 3260 1805 ἀναγκαῖα
3287 1744 3538 1809 χορηγεῖν
3570 1744 3675 1797 τοῖς
3711 1743 3907 1807 παισίς

2381 1829 2591 1879 Ζητεῖτε
2649 1853 2715 1862 -—
2781 1824 2918 1894 ὑμῖν.
2996 1829 3225 1896 Πρῶτον,
3291 1827 3403 1876 ἀντὶ
3475 1832 3586 1896 τοῦ,
3645 1830 3746 1898 πρὸ
3809 1837 3908 1880 τῶν

2312 1909 2603 1980 ἀναγκαίων
2678 1919 2768 1962 τοῦ
2841 1918 3098 1983 σώματος,
3158 1917 3188 1970 ἦ
3251 1911 3363 1965 ἀντὶ
3426 1922 3537 1980 τοῦ,
3613 1913 3906 1989 ἐξαιρέτως,

2787 2000 3057 2052 Βασιλείαν
3127 1997 3186 2054 δι
3255 2010 3388 2055 Θεοῦ
3448 2002 3581 2073 λέγει
3637 2011 3744 2073 νῦν,
3813 2011 3908 2064 τὴν

3439 2095 3781 2151 Δικαιοσύνην
3848 2091 3908 2148 δε

2308 2177 2487 2245 αὐτοῦ,
2536 2181 2629 2235 τὴν
2681 2173 2959 2229 δικαίωσιν
3005 2182 3098 2236 τὴν
3144 2178 3262 2252 παρ’
3308 2188 3490 2251 αυτοῦ,
3521 2183 3604 2232 ἶνα
3640 2177 3900 2255 δικαιώσῃ

2309 2004 2397 2050 καὶ
2450 1999 2700 2071 μάλιστα.

2309 2087 2595 2139 ἀπόλαυσιν
2660 2097 2760 2140 τῶν
2841 2090 3058 2141 αἰωνίων
3129 2089 3355 2161 ἀγαθῶν.

2307 2267 2440 2337 ὑμᾶς
2476 2266 2649 2328 αὐτὸς·
2705 2266 2758 2338 [ἦ
2810 2271 2904 2323 τὴν
2955 2268 3073 2337 (34)
3120 2271 3443 2342 κατόρθωσιν
3491 2278 3587 2331 τῆς
3628 2267 3903 2322 δικαίοσύ-

2303 2375 2409 2420 νης,
2465 2359 2580 2413 ἤτοι
2609 2364 2697 2415 τῆς
2729 2356 2950 2408 καθόλου
3005 2356 3211 2430 ἀρετῆς,
3250 2353 3306 2409 δί
3355 2359 3414 2416 ἣν
3467 2355 3658 2410 δίκαιοι
3696 2363 3891 2428 γινόμε-

2307 2445 2387 2497 θα.
2415 2443 2436 2516 ]
2474 2445 2530 2497 Εἰ
2559 2447 2659 2519 γὰρ
2693 2450 2805 2519 περὶ
2840 2448 3033 2497 τούτων
3064 2447 3273 2516 αἰτεῖτε,
3303 2451 3458 2499 ὄντων
3486 2447 3766 2516 ἀναγκαίων
3798 2452 3891 2506 τῆς

2306 2532 2514 2604 ψυχῆς,
2548 2535 2713 2585 ταῦτά
2743 2553 2796 2585 τε
2841 2532 3023 2601 δώσει,
3067 2540 3156 2586 καὶ
3196 2537 3489 2609 προσθήσει
3518 2539 3603 2588 ακὶ
3626 2537 3692 2587 τὰ
3737 2537 3897 2606 ἀναγ-

2299 2630 2423 2673 καῖα
2449 2630 2538 2674 τοῦ
2573 2628 2832 2694 σώματος.
2879 2629 2977 2676 Καὶ
3007 2626 3107 2698 γὰρ
3139 2629 3227 2677 καὶ
3259 2624 3447 2689 ὀπίσω,
3484 2624 3530 2676 ἐν
3562 2621 3632 2685 οἷς
3665 2620 3896 2691 ἐδίδαξε,

2297 2720 2406 2772 πῶς
2447 2708 2817 2782 δεῖεύχεσθαι,
2852 2721 3050 2786 πρῶτον
3076 2716 3165 2785 μεν
3197 2711 3304 2766 εἶπε
3332 2713 3514 2785 λέγειν,
3545 2715 3712 2788 Πάτερ
3749 2715 3894 2785 ἡμῶν

2299 2801 2324 2852 6
2388 2799 2434 2851 ἐν
2502 2808 2610 2863 τοῖς
2683 2801 2938 2875 οὐρανοῖς,
3023 2803 3328 2873 ἁγιασθήτω
3399 2807 3456 2855 τὸ
3532 2802 3694 2875 ὄνομά
3781 2823 3896 2869 σου,

3703 2891 3900 2965 Θὶλημοί

2303 2998 2416 3048 σου,
2473 2982 2541 3040 ὡς
2593 2979 2642 3031 ἐν
2697 2980 2895 3055 οὐρανῷ
2955 2986 3043 3032 καὶ
3106 2979 3188 3032 ἰπὶ
3257 2990 3349 3042 τῆς
3404 2989 3528 3052 γῆς’
3578 2983 3756 3034 ἔπειτα
3808 2979 3886 3053 δε,

2297 2888 2476 2941 ἐλθέτω
2548 2892 2577 2947 ἠ
2662 2889 2908 2963 βασιλεία
2978 2911 3092 2957 σου,
3171 2893 3440 2963 γενηθήτω
3551 2897 3610 2944 τὸ

2292 3072 2392 3121 Τὸν
2445 3067 2598 3141 ἄρτον
2656 3069 2801 3141 ἡμῶν
2854 3071 2939 3121 τὸν
2993 3069 3252 3121 ἐπιούσιον
3314 3066 3402 3130 δὸς
3455 3071 3580 3142 ἡμῖν
3649 3076 3892 3145 σήμερον.

525 3156 684 3212 enim
703 3155 779 3212 ad
804 3157 916 3212 hoc
935 3155 1070 3212 facti
1096 3171 1328 3224 sumus,
1352 3158 1415 3208 ut
1441 3153 1692 3208 edamus
1712 3156 1767 3208 et
1798 3152 2080 3209 bibamus
2113 3170 2181 3210 ac

2300 3158 2371 3214 Ού
2423 3161 2524 3232 γὰρ
2576 3154 2669 3210 διὰ
2741 3166 2893 3210 τοῦτο
2964 3163 3264 3230 γεγόναμεν,
3323 3160 3404 3210 ἱνα
3460 3157 3730 3232 ἐσθίωμεν,
3803 3180 3894 3212 και

520 3247 880 3306 vestiamur:
915 3245 1018 3302 sed
1051 3249 1115 3301 ut
1141 3248 1256 3300 Deo
1275 3241 1735 3313 complacentes,
1773 3243 2002 3298 aeternis
2025 3243 2181 3300 frua-

524 3350 658 3391 mur
687 3334 882 3392 bonis.

593 3427 656 3480 Et
680 3425 756 3481 ad
785 3425 900 3480 hoc
950 3422 1212 3479 maxime
1261 3420 1538 3477 convenit
1588 3421 1781 3477 vivere
1813 3421 1957 3493 (aa),
1993 3421 2173 3494 idque

527 3513 722 3585 magis
748 3512 1070 3586 postulare.
1093 3510 1210 3566 Nisi
1237 3510 1394 3565 enim
1421 3510 1534 3565 hoc
1561 3511 1928 3582 petierimus,
1952 3527 2175 3582 nequa-

523 3619 708 3676 quam
739 3602 910 3659 dabit
943 3619 955 3653 :
989 3617 1060 3656 ea
1082 3615 1218 3655 vero
1241 3615 1376 3671 quae
1403 3600 1638 3671 corpori
1661 3599 2000 3654 necessaria
2019 3604 2176 3668 sunt,

521 3697 576 3748 et
604 3698 888 3764 petentes,
923 3694 979 3746 et
1021 3705 1143 3746 non
1177 3693 1442 3760 petentes
1487 3688 1872 3760 accipiemus,
1935 3693 2178 3760 propter

521 3782 786 3854 corporis
804 3780 1328 3843 sustentationem,
1350 3777 1874 3850 quemadmodum
1900 3782 1956 3833 et
1973 3784 2176 3848 gentes

518 3871 855 3928 incredulae.
911 3869 1062 3924 Nam
1124 3867 1344 3924 idcirco
1390 3867 1579 3922 dixit:
1611 3866 2002 3937 Adjicientur.
2049 3871 2175 3924 Non

520 3976 659 4031 ergo
688 3961 763 4016 de
789 3961 904 4014 hoc
935 3956 1252 4012 sollicitum
1306 3973 1432 4011 esse
1463 3961 1709 4028 oportet,
1769 3956 1933 4028 quod
1997 3959 2176 4014 etiam

519 4049 749 4122 absque
771 4045 1162 4103 sollicitudine
1177 4061 1387 4100 sumus
1406 4045 1726 4118 accepturi,
1755 4045 1858 4100 sed
1889 4045 1963 4102 de
1991 4045 2176 4103 altero

518 4139 699 4213 priori
751 4153 821 4193 ac
874 4135 1106 4207 potiori.
1157 4137 1369 4191 Verum
1393 4136 1440 4191 si
1469 4151 1540 4192 ea
1595 4153 1725 4208 quas
1771 4137 2003 4209 corpori
2038 4139 2179 4193 sunt

516 4227 872 4290 necessaria,
921 4224 1092 4282 nobis
1136 4225 1311 4281 etiam
1353 4241 1473 4281 non
1534 4225 1875 4298 petentibus
1929 4226 2174 4298 praebet,

517 4333 702 4390 quare
717 4314 1066 4385 ergojussit,
1089 4319 1150 4370 ut
1172 4330 1390 4386 panem
1411 4320 1676 4386 petemus
1715 4315 2178 4386 supersubstan-

515 4405 717 4462 tialem
750 4405 777 4460 ?
808 4407 933 4459 Non
965 4403 1146 4460 aliam
1173 4403 1251 4460 ob
1282 4420 1551 4470 causam,
1581 4421 1768 4478 quam
1795 4408 1858 4459 ut
1889 4403 1988 4459 tali
2035 4402 2178 4475 peti-

517 4495 678 4551 tione
710 4493 1004 4550 fateamur
1033 4493 1228 4565 ipsum
1275 4509 1423 4562 esse,
1471 4494 1574 4566 qui
1627 4510 1739 4549 nos
1795 4492 1916 4548 alat
1949 4510 1960 4549 :
1996 4496 2176 4562 utque

515 4583 632 4640 hoc
662 4583 1027 4647 conﬁtentes,
1081 4583 1180 4640 tali
1210 4583 1396 4641 animi
1441 4583 1802 4655 gratitudine
1850 4579 2175 4636 familiares

519 4672 859 4730 efﬁciamur.

585 4764 742 4818 Vers.
775 4761 862 4817 34.
923 4761 1096 4818 Ne—
1146 4763 1244 4819 sui
1290 4762 1495 4835 ipsius.
1557 4763 1704 4818 Cum
1737 4757 2009 4831 superius
2040 4758 2176 4814 sim-

516 4849 748 4924 pliciter
771 4849 1047 4908 dixisset:
1079 4853 1162 4908 Ne
1175 4851 1414 4908 solliciti
1430 4851 1577 4915 sitis,
1605 4847 1919 4904 videbatur
1941 4847 2172 4904 univer-

517 4940 715 4997 saliter
744 4956 982 4998 omnem
999 4958 1205 4999 eorum
1220 4957 1358 5014 quae
1385 4937 1621 5010 corpori
1654 4937 1984 4994 necessaria
2011 4942 2168 5005 sunt,

514 5035 857 5104 amputasse
908 5047 1133 5090 curam.
1189 5035 1397 5102 Itaque
1425 5026 1796 5085 manifestius
1842 5027 1937 5084 hic
1976 5027 2166 5096 docet,

590 5210 636 5246 ³⁵
674 5211 869 5270 Matth.
899 5227 978 5282 v1,
1010 5210 1158 5267 9-11.

2291 3251 2538 3320 πινώμεν,
2590 3253 2676 3298 καὶ
2745 3243 3068 3319 ἑνδυὼμεθα,
3128 3247 3234 3299 ἀλλ’
3295 3250 3378 3300 ἵνα
3449 3248 3894 3324 εύαρεστήσαντες

2293 3337 2453 3407 αύτῷ,
2491 3345 2588 3388 τῶν
2621 3336 2836 3388 αἰωνίων
2869 3333 3239 3409 ἀπολαύσωμεν
3267 3338 3494 3408 ἀγαθῶν.

2364 3427 2458 3478 Διά
2503 3433 2654 3477 τοῦτο
2710 3425 2942 3497 μάλιστα
2996 3429 3104 3499 χρὴ
3160 3426 3331 3486 ζητεῖν
3380 3430 3468 3477 καὶ
3521 3425 3646 3500 ύπερ
3707 3427 3890 3478 τούτου

2291 3515 2477 3586 μᾶλλον
2524 3515 2701 3569 αἰτεῖν.
2753 3521 2916 3567 Τοῦτο
2970 3518 3058 3585 μεν
3107 3518 3208 3586 γὰρ
3252 3513 3334 3565 ἐάν
3383 3519 3453 3587 μὴ
3517 3515 3777 3586 ζητῶμεν,
3834 3514 3891 3567 ού

2293 3600 2472 3656 δώσει’
2521 3606 2586 3655 τὰ
2636 3600 2686 3655 δ’
2747 3601 3006 3673 ἀναγκαῖα
3036 3611 3126 3654 τοῦ
3162 3609 3413 3675 σώματος,
3471 3608 3558 3655 καὶ
3607 3603 3887 3670 αἰτοῦντες,

2290 3698 2378 3745 καὶ
2434 3698 2505 3765 μὴ
2575 3691 2837 3753 αἰτοῦντες
2899 3691 3241 3764 λαμϐάνομεν,
3305 3689 3396 3744 διὰ
3465 3697 3559 3750 τὴν
3631 3694 3889 3745 σύστασιν

2287 3789 2377 3834 τοῦ
2438 3787 2697 3853 σώματος,
2763 3783 2826 3841 ὡς
2879 3786 2968 3833 καὶ
3018 3783 3082 3832 τὰ
3139 3779 3336 3833 ἂπιστα
3392 3783 3537 3840 ἔθνη.
3586 3784 3679 3834 Διά
3735 3790 3885 3835 τοῦτο

2287 3873 2388 3944 γὰρ
2453 3866 2607 3939 εἶπεν,
2683 3871 2762 3922 ὅτι
2837 3871 3278 3944 Προστεθήσεται.
3351 3869 3510 3922 *Ωστε
3591 3871 3695 3942 οὐχ
3762 3872 3888 3945 ὑπὲρ

2288 3962 2474 4011 τούτου
2526 3963 2634 4030 χρὴ
2691 3965 2963 4030 μεριμνᾴν,
3017 3960 3043 4010 ὃ
3093 3962 3182 4009 καὶ
3241 3963 3311 4030 μὴ
3363 3959 3701 4032 μεριμνῶντες
3750 3958 3891 4030 λαμ-

2289 4047 2526 4120 ϐάνομεν,
2599 4046 2702 4098 ἀλλ’
2779 4049 2905 4120 ὑπὲρ
2978 4046 3190 4100 ἐκείνου.
3259 4051 3358 4100 Καὶ
3413 4048 3454 4099 εἰ
3514 4051 3577 4098 τὰ
3631 4045 3892 4118 ἀναγκαῖα

2287 4145 2377 4189 τοῦ
2448 4142 2687 4208 σώματος
2755 4140 2997 4209 παρέχει,
3054 4140 3143 4187 καὶ
3211 4140 3283 4208 μὴ
3363 4136 3638 4188 αἰτούντων
3720 4138 3890 4208 ἡμῶν,

2289 4223 2434 4278 διατί
2507 4225 2791 4299 προσέταξε
2851 4225 3022 4285 ζητεῖν
3092 4228 3177 4276 τὸν
3237 4226 3391 4299 ἄρτον
3445 4228 3532 4277 τὸν
3583 4228 3886 4298 ﬁmoﬁmo»;

2289 4315 2517 4377 Πάντως,
2575 4321 2658 4365 ἵνα
2711 4310 2804 4366 διὰ
2873 4322 2966 4375 τῆς
3013 4316 3256 4375 τοιαύτης
3326 4314 3576 4374 αἰτήσεως
3632 4314 3891 4387 ὁμολογῶ

2285 4422 2394 4476 μεν,
2461 4405 2539 4454 ὅτι
2595 4403 2745 4464 αὐτὸς
2803 4402 2944 4455 ἐστιν
3005 4403 3029 4454 6
3088 4407 3277 4476 τρέφων
3328 4405 3486 4475 ἡμᾶς,
3541 4408 3630 4454 καί
3699 4403 3803 4474 οὐχ
3855 4405 3886 4462 ἠ

2289 4488 2496 4550 σπουδὴ
2553 4495 2718 4564 ἡμῶν,
2778 4496 2866 4544 καὶ
2925 4494 3008 4543 ’ίνα
3064 4499 3214 4544 τοῦτο
3273 4492 3436 4552 οὕτως
3502 4491 3887 4565 ὁμολογοῦντες,

2285 4580 2585 4655 οἰκειότεροι
2643 4581 2909 4652 γινῳμεθα
2963 4576 3056 4632 διὰ
3120 4581 3228 4652 (35)
3291 4584 3384 4639 τὴν
3455 4581 3878 4654 εὐγνωμοσύνην.

3665 4760 3746 4811 ὅτι
3798 4763 3884 4818 Μὴ

2283 4851 2654 4921 μεριμνήσητε,
2715 4843 2885 4900 ἐδόκει
2959 4846 3214 4908 παντελῶς
3282 4846 3543 4900 ἐκκόπτειν
3624 4852 3718 4906 τὴν
3790 4851 3884 4920 μέ-

2281 4957 2467 5011 ριμναν

2282 5025 2500 5080 ἐνταῦθα
2555 5021 2806 5080 διδάσκει
2859 5031 3220 5100 φανερώτερον,
3274 5028 3354 5079 ὅτι
3397 5031 3485 5086 τὴν
3545 5028 3634 5099 μὲν
3687 5025 3772 5079 ἐπί
3820 5033 3884 5098 τῇ

2355 4762 2440 4817 Μὴ
2494 4789 2563 4798 -
2633 4757 2838 4819 ἑαυτῆς.
2903 4758 3109 4810 Ὀπίσω
3181 4758 3331 4811 εἰπών
3395 4757 3586 4829 ἀπλῶς,

2544 4944 2642 4989 τῶν
2715 4935 3005 5008 ἀναγκαίων
3065 4944 3156 4988 τοῦ
3231 4941 3486 5010 σώματος·
3561 4937 3738 4990 λοιπόν
3797 4936 3886 4989 οὗν

1719 5303 1942 5373 Varia
1975 5303 2299 5372 lectiones
2332 5311 2400 5372 et
2437 5313 2638 5372 notae.

585 5452 699 5525 (34)
722 5451 959 5525 Inclusa
1008 5445 1220 5525 omittit
1257 5447 1314 5525 β.
1351 5446 1656 5525 Eademin
1694 5447 1966 5525 margine
1995 5448 2176 5525 ἀργε-

514 5519 680 5581 nerat
711 5519 1054 5578 Ilentenius.
1079 5521 1230 5589 Ergo
1259 5519 1320 5575 in
1348 5519 1466 5575 ﬁne
1489 5520 1671 5591 hujus
1693 5519 1900 5577 scholii
1931 5520 2176 5578 addide-

2285 5450 2396 5504 rat.
2431 5445 2858 5504 Revocavimus
2887 5459 3029 5516 ergo
3059 5444 3138 5502 ad
3167 5459 3345 5502 suum
3373 5444 3597 5503 locum.

2359 5519 2471 5590 (35)
2509 5527 2597 5578 τῆς
2627 5518 3048 5590 εὐγνωμοσύνης.
3085 5523 3151 5574 Α.

593 5698 716 5770 (αα)
745 5696 820 5752 Et
859 5695 941 5753 ad
965 5695 1074 5754 hoc
1097 5729 1164 5739 --
1186 5700 1405 5759 vivere.
1446 5698 1767 5774 Propterea
1793 5699 1906 5757 hoc
1933 5697 2194 5757 maxime
2221 5700 2454 5772 oportet
2480 5711 2766 5772 quaerere.
