4170 6462
252 390 359 456 257

1282 381 1648 440 COMMENT.
1694 377 1761 437 ΙΝ
1801 376 2245 435 MATTHABUM.
2289 405 2354 415 —
2395 374 2550 430 CAP.
2593 373 2712 427 VII.

3521 366 3623 421 258

268 524 519 593 ἐνεστώσῃ
569 521 743 591 ἡμέρᾳ
784 521 1076 588 συγχωρεῖ,
1126 517 1194 577 ὡς
1242 513 1546 584 ἀναγκαίαν,
1604 504 1696 560 διὰ
1768 510 1893 564 τὴν.

2016 503 2131 559 uod
2164 517 2299 557 eam
2339 515 2503 564 sane,
2542 513 2679 570 quae
2710 497 2785 552 de
2819 497 3100 552 hodierno
3142 496 3237 552 die
3277 500 3387 558 est,
3417 511 3626 550 curam

279 613 536 665 ἀσθένειαν
584 615 672 660 τοῦ
732 612 968 678 σώματος
1025 610 1118 663 τὴν
1177 601 1236 656 δε
1288 610 1380 662 τῆς
1434 605 1610 671 αὔριον
1661 598 1858 666 ἀπαγο-

284 703 436 778 ρεύει,
496 702 559 758 ὠς
615 700 881 769 περιττήν.
921 693 978 746 Ἠ
1033 697 1131 768 γὰρ
1183 696 1359 764 αὔριον
1399 692 1566 763 ἡμέρα
1619 687 1715 748 ἔξει
1770 689 1860 736 καὶ

287 790 413 846 αὐτὴ
466 787 611 839 πάλιν
659 789 754 842 τήν
811 787 1059 857 μέριμναν
1111 790 1210 833 τῶν
1272 781 1478 842 ἑαυτῆς,
1545 780 1726 846 ἤγουν,
1795 774 1861 823 ὧν

285 877 333 930 ἓν
364 876 489 946 αὐτῇ
519 873 716 948 χρηζει
765 873 790 923 ό
835 872 1123 945 ἄνθρωπος.
1173 871 1312 928 Τινὲς
1361 864 1420 920 δέ
1467 885 1643 938 φασιν,
1695 864 1862 915 ὀπίσω

279 985 366 1039 μεν
405 963 663 1023 παντελῶς
700 960 920 1030 ἐκκόψαι
976 965 1069 1017 τὴν
1128 963 1396 1032 μέριμναν,
1457 952 1550 1007 διὰ
1602 958 1719 1014 τοὺς
1773 949 1864 1004 δυ-

272 1056 457 1113 νατούς
481 1070 494 1082 ⁸
529 1051 752 1103 ἐνταῦθα
790 1046 870 1117 δι,
918 1056 1272 1120 συγχωρῆσαι
1306 1051 1399 1104 τὴν
1437 1053 1528 1104 τῆς
1579 1042 1867 1102 ἐνεστώσης

269 1145 488 1216 ἡμέρας,
527 1137 623 1193 διὰ
649 1142 767 1199 τοὺς
796 1137 1205 1212 ἀσθενεστέρους.

348 1380 592 1453 ’Δρκετὸν
630 1409 699 1419 —
749 1374 928 1437 αὐτῆς.
1000 1379 1195 1428 Κακίαν
1267 1371 1486 1426 ἐνταῦθα
1552 1372 1704 1443 λέγει,
1779 1375 1872 1429 τὴν

282 1475 554 1544 μέριμναν,
621 1471 705 1520 τόν
786 1473 965 1530 κόπον,
1043 1467 1135 1524 τὰς
1197 1461 1550 1534 ἕπιγινομένας
1632 1461 1876 1516 ἑκάστοτε

281 1560 577 1632 συμφορὰς,
626 1557 754 1629 ἅπερ
805 1553 1053 1628 ἀρκοῦσιν
1103 1553 1254 1624 αὐτῇ,
1306 1556 1396 1603 καὶ
1445 1551 1503 1602 οὐ
1553 1556 1662 1623 χρὴ
1711 1571 1874 1624 προσ-

280 1651 447 1701 θεῖναι
502 1651 592 1698 καὶ
650 1650 742 1702 τὴν
799 1648 1050 1716 μέριμναν
1102 1651 1198 1702 τῆς
1256 1643 1454 1714 αὔριον,
1511 1646 1599 1692 καὶ
1647 1641 1876 1693 καταϐα-

272 1740 449 1811 ρύνειν
493 1735 678 1803 αὐτὴν,
729 1735 794 1792 ὡς
823 1735 894 1804 μὴ
939 1728 1198 1783 δύνασθαι
1237 1731 1582 1802 χρησιμεύειν
1634 1731 1758 1802 ἡμῖν
1812 1730 1879 1790 εἰς

1968 591 2288 664 permittat,
2305 596 2584 660 tanquam
2609 592 2849 658 propter
2872 585 3134 657 corporis
3155 584 3627 640 imbecillitatem

1970 680 2376 737 necessariam
2407 695 2419 732 :
2449 694 2584 733 eam
2616 692 2751 731 vero
2782 692 2917 748 quae
2960 675 3033 729 de
3068 675 3326 730 crastino
3357 679 3466 738 est,
3504 680 3630 729 tan-

1970 785 2154 841 quam
2188 767 2552 839 superﬂuam
2579 765 2855 833 denegat.
2885 764 3188 818 Crastinus
3224 764 3384 819 enim
3402 764 3549 827 dies,
3576 767 3631 818 et

1971 862 2102 931 ipse
2132 874 2336 914 rursus
2369 856 2460 911 sui
2491 855 2678 927 ipsius
2720 869 2927 909 curam
2963 852 3229 919 habebit,
3268 852 3392 907 sive
3423 869 3628 908 eorum

1972 947 2196 1019 quibus
2226 947 2285 1001 in
2321 946 2451 1016 ipso
2482 960 2637 1015 opus
2689 943 2796 998 erit
2829 942 3070 997 homini.
3123 941 3376 1006 Quidam
3432 946 3632 998 autem

1974 1035 2196 1100 dicunt,
2239 1033 2511 1105 superius
2538 1031 2778 1103 quidem
2803 1046 3042 1086 omnem
3073 1029 3479 1085 universaliter
3510 1046 3634 1084 am-

1977 1131 2216 1196 putasse
2260 1138 2483 1184 curam,
2537 1120 2716 1192 idque
2748 1120 2823 1175 ad
2875 1118 3248 1190 perfectiores
3291 1118 3485 1189 dirigi.
3535 1118 3634 1173 llic

1979 1217 2180 1269 autem
2199 1227 2332 1268 eam
2356 1209 2700 1272 concedere,
2727 1224 2860 1281 quae
2890 1208 3192 1281 praesentis
3225 1214 3307 1264 est
3331 1206 3468 1272 diei,
3501 1222 3635 1279 pro-

1980 1307 2110 1375 pter
2141 1300 2491 1356 imbecilles.

2057 1393 2215 1446 Vers.
2244 1391 2338 1446 34.
2377 1387 2615 1457 Sufﬁcit
2648 1419 2714 1428 --
2739 1402 2930 1442 suum.
2965 1385 3178 1442 Malum
3207 1385 3303 1443 hic
3336 1392 3499 1441 vocat
3537 1401 3641 1442 cu-

1983 1497 2136 1545 ram,
2167 1479 2459 1535 miseriam
2485 1484 2539 1533 et
2570 1477 2923 1533 calamitates
2957 1492 3091 1548 qua:
3125 1477 3389 1548 undique
3439 1492 3643 1546 prove-

1986 1571 2176 1634 niunt,
2212 1568 2444 1641 ipsique
2477 1567 2798 1629 sufﬁciunt,
2839 1581 2948 1621 nec
2981 1570 3206 1637 Oportet
3232 1565 3347 1619 diei
3383 1566 3642 1621 crastino

1988 1659 2157 1716 etiam
2189 1657 2409 1713 addere
2440 1655 2915 1720 sollicitudinem,
2945 1654 3265 1725 ipsumque
3292 1669 3642 1722 aggravare,

1990 1764 2129 1803 cum
2148 1747 2206 1803 id
2241 1746 2415 1802 nobis
2447 1745 2586 1800 utile
2615 1760 2748 1801 esse
2779 1758 2901 1798 non
2943 1743 3130 1814 possit
3153 1742 3228 1798 ad
3261 1757 3501 1812 operam
3531 1743 3646 1813 spi-

273 1827 532 1900 ἐργασίαν
585 1825 959 1893 πνευματικήν.
1018 1823 1188 1872 Κακία
1215 1822 1314 1892 γὰρ
1381 1818 1604 1889 λέγεται,
1659 1819 1717 1870 οὗ
1779 1818 1879 1891 μό-

2007 1836 2283 1893 τὶῐυιιιεω.
2321 1835 2540 1889 Dicitur
2569 1834 2728 1889 enim
2779 1832 3007 1887 malum
3038 1837 3093 1885 et
3141 1831 3306 1902 quod
3349 1831 3445 1885 hic
3489 1836 3648 1884 κακία

272 1935 368 1967 νον
415 1915 446 1970 ἡ
505 1915 752 1984 πονηρία,
794 1908 922 1961 ἀλλὰ
986 1913 1074 1959 καὶ
1123 1909 1187 1959 τὰ
1231 1907 1472 1979 ῥηθέντα.
1515 1912 1613 1960 Καὶ
1643 1911 1740 1981 γὰρ
1793 1913 1882 1959 καὶ

274 2003 327 2056 ἐν
375 1999 546 2059 ἄλλοις
600 2002 802 2072 εἴρηται
853 2002 1032 2061 κακία,
1087 1998 1115 2054 ὴ
1180 1995 1424 2057 θεήλατος
1474 1996 1602 2069 ὀργὴ
1656 2001 1745 2047 καὶ
1785 1998 1883 2067 μά·

277 2090 427 2151 στιξ.
488 2088 599 2140 Οὐκ
655 2089 766 2140 ἔστι
826 2089 947 2159 γὰρ,
1002 2090 1152 2157 φησὶ,
1219 2090 1381 2138 κακία
1443 2083 1490 2136 ἐν
1575 2084 1736 2151 πόλει,
1825 2084 1883 2142 ἢν

279 2182 481 2253 Κύριος
531 2176 623 2228 οὐκ
678 2175 908 2232 ἐποίησε.
946 2180 1044 2226 Kal
1088 2174 1238 2235 αὖθις
1269 2188 1283 2202 ⁸
1321 2173 1472 2244 Ἐγὼ,
1526 2177 1674 2245 φησι,
1727 2181 1886 2225 ποιῶν

277 2269 502 2342 εἰρήνην
562 2269 652 2317 καὶ
709 2265 900 2324 κτίζων
971 2266 1126 2329 κακὰ,
1192 2261 1304 2314 ἀντὶ
1369 2271 1480 2327 τοῦ,
1558 2262 1742 2334 λιμοὺς
1799 2267 1887 2314 καὶ

276 2357 503 2428 λοιμοὺς
560 2358 650 2405 καὶ
703 2355 769 2404 τὰ
835 2359 1068 2405 τοιαῦτα.
1130 2355 1228 2404 Kal
1282 2353 1379 2425 γὰρ
1445 2350 1692 2423 εἰώθαμεν
1755 2354 1890 2403 κακὰ

279 2444 587 2515 όνομέζειν,
619 2447 708 2494 καὶ
737 2445 802 2494 τὰ
825 2441 1035 2515 λυπηρὰ
1073 2445 1162 2492 καὶ
1199 2442 1490 2498 κακωτικοί,

364 2624 451 2679 Μὴ
487 2650 557 2660 —
587 2619 819 2694 κριθῆτε.
876 2616 1066 2690 [Φησιν
1104 2619 1219 2688 (36)
1251 2618 1276 2668 ό
1313 2620 1714 2691 Χρυσόστομος,
1747 2616 1794 2668 ἐν
1826 2626 1885 2690 τῇ

289 2710 538 2783 ἑρμηνείᾳ
598 2715 693 2781 τῇς
749 2710 875 2780 πρὸς
929 2705 1198 2781 Ἐϐραίους
1254 2705 1580 2771 Ἐπιστολῆς,
1641 2708 1723 2758 ὃτι
1788 2711 1886 2758 τό·

289 2804 379 2856 Μὴ
440 2802 652 2872 κρίνετε,
713 2797 795 2848 ἱνα
854 2800 924 2868 μή
987 2797 1221 2870 κριθῆτε,
1275 2801 1392 2868 περὶ
1438 2793 1560 2868 βίου
1622 2794 1782 2862 ἐστὶν,
1833 2796 1891 2847 οὐ

297 2892 414 2960 περὶ
477 2892 721 2947 πίστεως.
777 2883 994 2957 Ὀμοίως
1057 2881 1116 2937 δε
1182 2889 1270 2936 καὶ
1318 2888 1397 2955 τὸ,
1464 2886 1640 2937 Πάντα
1683 2887 1784 2937 ὅσα
1834 2883 1893 2936 ἆν

303 2975 516 3045 λέγωσιν
541 2977 662 3048 ὑμῖν
707 2981 894 3043 ποιεῖν,
945 2980 1162 3030 ποιεῖτε.
1209 2976 1278 3027 T6
1326 2975 1451 3048 γὰρ,
1500 2980 1684 3042 ποιεῖν,
1735 2975 1894 3047 ἔργων

314 3062 467 3130 ἐστὶν,
500 3062 604 3116 ἀλλ’
632 3063 692 3116 οὐ
722 3061 1012 3136 πίστεως.]

375 3247 560 3322 Κρίσιν
606 3239 664 3298 δε
716 3239 954 3315 ἐνταῦθα,
991 3247 1082 3304 τὴν
1111 3244 1421 3320 κατάκρισιν
1445 3249 1652 3304 νόησον.
1693 3248 1896 3305 Ταύτην

303 3338 401 3408 γὰρ
457 3335 861 3407 ἐφερμηνεύωνό
908 3340 1116 3396 Λουκᾶς
1173 3331 1314 3387 εἶπε*
1349 3339 1434 3392 Μὴ
1495 3330 1895 3401 καταδικάζετε,

309 3429 400 3476 καὶ
451 3423 510 3475 οὐ
562 3428 629 3494 μὴ
681 3419 1130 3481 καταδικασθῆτε.
1175 3427 1274 3476 Kal
1328 3424 1371 3475 εἰ
1420 3428 1491 3496 μὴ
1552 3419 1899 3476 καταδικάσει

315 3531 391 3572 τις
448 3515 536 3562 τόν
585 3511 955 3586 ἁμαρτάνοντα,
1013 3509 1118 3565 οἷον
1163 3514 1345 3584 ἄρχων
1390 3515 1480 3584 μεν
1534 3515 1618 3564 τόν
1673 3510 1901 3586 ἀρχόμε-

314 3621 418 3671 νον,
463 3605 631 3674 πατὴρ
685 3598 741 3654 δε
796 3606 878 3654 τόν
939 3604 1073 3673 υἱόν,
1129 3597 1392 3662 δεσπότης
1447 3598 1505 3654 δε
1556 3605 1640 3654 τὸν
1692 3598 1899 3668 δοῦλον,

311 3687 562 3744 ἐπιδώσει
603 3692 801 3751 πάντως
833 3693 862 3749 ἠ
904 3695 1081 3756 κακία,
1123 3695 1212 3742 καὶ
1255 3694 1402 3743 ἔσται
1443 3694 1733 3762 σύγχυσις,
1764 3690 1900 3742 Ἀλλ’

310 3781 368 3834 οὐ
399 3784 516 3854 περὶ
559 3783 756 3842 ταύτης
805 3789 893 3840 τᾶς
939 3785 1294 3854 κατακρίσεως
1345 3780 1478 3851 λέγει
1529 3788 1638 3847 νῦνς
1687 3789 1783 3842 τῆς
1826 3801 1904 3852 φι.

311 3870 538 3941 λαγάθου
594 3875 684 3922 καὶ
743 3865 1092 3943 διορθωτικῆς
1134 3885 1148 3898 ⁸
1203 3873 1394 3940 προῖὼν
1451 3871 1548 3941 γὰρ
1606 3869 1902 3936 ἐνετείλατο,

321 3965 404 4013 καὶ
430 3959 658 4030 ἐλέγχειν
699 3958 855 4027 οὕτω,
911 3963 997 4010 καί
1056 3955 1266 4030 δεσμεῖν
1296 3975 1308 3988 ⁸
1341 3957 1536 4030 ’Υπαγε
1578 3962 1699 4032 γὰρ,
1755 3964 1906 4031 φησὶ,

324 4054 405 4103 καὶ
468 4048 670 4119 ἔλεγξον
729 4047 883 4100 αὐτόν
917 4064 928 4076 ⁸
985 4053 1072 4100 καὶ
1132 4043 1283 4108 αὖθις
1321 4064 1333 4078 ⁸
1394 4055 1534 4101 Ὅσα
1593 4047 1653 4100 ἄν
1708 4046 1910 4107 δήσητε

318 4137 398 4191 ἐπὶ
449 4145 545 4199 τῆς
595 4145 718 4208 γῆς,
777 4138 925 4188 ἔσται
988 4132 1239 4208 δεδεμένα
1283 4136 1333 4189 ἐν
1390 4146 1462 4208 τῷ
1527 4137 1748 4212 οὐρανῷ.
1803 4145 1910 4192 Νῦν

316 4223 427 4278 δὲό
457 4226 612 4297 λόγος
660 4225 719 4277 οὐ
758 4229 882 4299 πρὸς
933 4226 1044 4296 (37)
1099 4229 1219 4285 τοὺς
1270 4227 1533 4300 ἄρχοντάς
1579 4228 1738 4295 ἐστιν,
1785 4226 1912 4280 ἀλλὰ

312 4316 448 4386 πρὸς
503 4316 624 4373 τοὺς
674 4310 1018 4385 ἀρχομένους,
1063 4320 1325 4386 παραινῶν
1364 4317 1435 4384 μὴ
1490 4311 1602 4366 ἀντὶ
1654 4322 1745 4365 τοῦ
1791 4312 1912 4386 βλέ-

311 4423 431 4458 πειν
491 4404 560 4454 τὰ
599 4401 779 4465 οἰκεῖα,
829 4405 917 4452 καὶ
960 4397 1335 4461 καταδικάζειν
1389 4401 1624 4470 ἑαυτοὺς,
1675 4405 1798 4478 όρᾲν
1850 4408 1916 4457 τὰ

311 4491 585 4564 ἀλλότρια,
616 4494 704 4543 καὶ
731 4495 1055 4563 κατακρίνειν
1096 4489 1322 4564 ἑτέρους.

1992 1925 2226 1988 dicitur,
2240 1938 2360 1979 non
2392 1922 2587 1978 solum
2617 1921 2843 1983 vitium,
2878 1922 2983 1974 sed
3015 1924 3070 1975 et
3092 1934 3162 1975 ea
3191 1935 3327 1990 quas
3359 1920 3540 1976 modo
3566 1921 3648 1975 di-

1994 2019 2092 2069 cta
2121 2016 2284 2067 sunt.
2315 2010 2625 2083 Siquidem
2657 2009 2718 2063 in
2747 2007 2875 2064 aliis
2907 2023 3143 2080 quoque
3187 2007 3334 2063 locis
3355 2008 3568 2063 dicitur
3593 2014 3648 2064 et

1996 2105 2175 2165 κακία,
2228 2099 2337 2161 ira,
2395 2099 2516 2154 sive
2569 2097 2938 2168 ﬂagelluma
2997 2097 3648 2153 DeoincitatumuYon

1997 2189 2330 2260 est,inquit,
2368 2190 2610 2256 malum,
2653 2187 2811 2256 quod
2865 2185 3151 2240 Dominus
3205 2202 3319 2241 non
3345 2188 3552 2254 fecerit
3582 2189 3647 2240 ³⁵.

2001 2281 2064 2334 Et
2095 2294 2298 2333 rursus
2335 2294 2344 2329 :
2379 2276 2513 2346 Ego,
2555 2275 2653 2340 ait,
2697 2276 2919 2343 [aciem
2959 2289 3159 2343 pacem
3199 2281 3251 2330 et
3287 2290 3488 2330 creatis
3531 2291 3653 2330 ma-

2001 2367 2120 2422 lum
2152 2368 2220 2433 ³⁷,
2276 2366 2388 2422 hoc
2433 2369 2537 2431 est,
2575 2365 2783 2429 fames,
2819 2368 3011 2434 pestes
3048 2379 3119 2419 ac
3154 2363 3388 2418 similia.
3440 2364 3654 2419 Tristia

2001 2455 2160 2512 enim
2210 2459 2268 2511 et
2295 2454 2679 2511 afﬂictionem
2731 2451 3056 2517 aﬁ'erentia,
3113 2453 3533 2508 consuevimus
3567 2453 3652 2507 di-

2002 2560 2132 2602 cere
2158 2543 2338 2600 mala.

2075 2636 2217 2706 Cap.
2240 2633 2354 2699 VII,
2375 2647 2525 2688 vers.
2549 2633 2600 2686 l.
2620 2630 3239 2699 Notite—judicemini.
3271 2633 3311 2700 -ξ-
3330 2631 3658 2703 DicitChry-

2005 2727 2308 2780 sostomus
2368 2722 2428 2777 in
2487 2720 2852 2792 expositione
2913 2720 3185 2791 Epistolm
3243 2720 3322 2776 ad
3382 2721 3657 2776 Hebraeos

2007 2812 2196 2868 illud:
2231 2811 2431 2868 Nolite
2463 2810 2742 2880 judicare
2787 2824 2857 2865 ne
2899 2809 3254 2880 judicemini
3297 2811 3367 2875 ³⁸,
3420 2810 3494 2866 de
3543 2812 3661 2866 vita

2006 2901 2137 2966 diei,
2209 2916 2332 2956 non
2393 2899 2469 2956 de
2500 2900 2642 2956 ﬁde.
2675 2898 2952 2954 Similiter
3006 2903 3063 2954 et
3109 2898 3256 2954 illud
3311 2916 3324 2955 :
3375 2900 3662 2966 Quaem:-

2005 3005 2112 3061 que
2158 2989 2428 3046 dixerint
2477 2988 2630 3045 vobis
2662 2993 2726 3044 ut
2773 2988 3023 3054 servetis,
3073 2995 3307 3045 servate
3351 2996 3404 3045 et
3453 2990 3658 3058 facile,

2007 3081 2054 3116 ²⁹
2085 3080 2352 3145 verbum,
2379 3083 2449 3134 ut
2497 3078 2759 3141 servetis,
2793 3077 2867 3133 de
2908 3077 3186 3148 operibus
3224 3093 3372 3144 esse,
3427 3094 3550 3135 non
3588 3079 3662 3134 de

2007 3169 2149 3225 ﬁde.

2081 3257 2380 3313 Judicium
2405 3256 2520 3312 hoc
2545 3255 2676 3311 loco
2715 3270 2825 3326 pro
2855 3255 3351 3312 condemnatione
3389 3256 3661 3328 accipito.

2011 3347 2106 3402 Sic
2137 3345 2295 3401 enim
2328 3345 2746 3415 interpretatur
2784 3343 2996 3409 Lucas,
3027 3343 3230 3397 dicens
3264 3362 3276 3399 :
3309 3345 3502 3399 Nolite
3531 3361 3666 3401 eun-

2009 3435 2299 3499 demnare,
2352 3438 2406 3489 et
2464 3448 2581 3488 non
2617 3430 3153 3488 condemnabimini
3185 3432 3257 3485 ³ο.
3293 3434 3506 3487 Verum
3548 3434 3664 3488 nisi

2010 3521 2374 3579 condemnet
2407 3520 2537 3592 quis
2585 3535 2722 3575 eum
2768 3519 2871 3591 qui
2924 3519 3202 3590 peccavit,
3239 3519 3410 3576 veluti
3459 3520 3505 3576 is
3563 3522 3665 3592 qui

2012 3613 2221 3682 praeest
2238 3607 2560 3674 subditum,
2578 3610 2745 3679 pater
2758 3604 2960 3671 ﬁlium,
2980 3606 3372 3662 autdominus
3391 3623 3628 3663 servum
3650 3625 3663 3661 :

2014 3697 2394 3768 augebuntur
2422 3696 2670 3752 omnino
2697 3696 2860 3761 vitia,
2894 3696 3120 3768 eritque
3148 3710 3344 3752 rerum
3372 3696 3665 3753 confusio.

2017 3789 2130 3846 Sed
2150 3787 2245 3844 hic
2275 3802 2398 3843 non
2429 3786 2690 3858 loquitur
2705 3785 2780 3842 de
2801 3786 3138 3857 hujusmodi
3165 3786 3669 3844 condemnatione

2016 3893 2153 3950 quas
2174 3876 2403 3932 bonum
2435 3880 2616 3940 amat,
2639 3879 2696 3932 et
2723 3875 2883 3948 quod
2909 3891 3164 3947 pravum
3201 3880 3290 3932 est
3318 3878 3574 3947 corrigit.
3610 3880 3671 3932 In

2019 3965 2406 4038 sequentibus
2428 3965 2586 4021 enim
2612 3964 2975 4036 jubetetiam
3000 3979 3245 4035 arguere
3264 3967 3377 4023 hoc
3403 3968 3587 4023 modo
3601 3983 3672 4023 ac

2019 4053 2240 4124 ligare:
2283 4053 2413 4118 Abi,
2446 4053 2659 4125 inquit,
2697 4057 2749 4109 et
2800 4068 2982 4124 argue
3024 4069 3148 4110 eum
3181 4056 3222 4090 ³¹
3261 4060 3354 4119 ;et
3394 4071 3666 4111 rursum:

2023 4143 2386 4213 Quwcunque
2438 4142 2757 4212 ligaveritis
2812 4157 2992 4210 super
3021 4147 3229 4198 terram
3261 4151 3434 4198 erunt
3485 4144 3676 4213 ligata

2020 4230 2081 4285 in
2121 4230 2255 4286 caelo
2286 4233 2352 4282 ³³.
2388 4228 2490 4284 Hic
2529 4235 2730 4285 autem
2761 4245 2958 4285 sermo
2989 4245 3112 4284 non
3143 4230 3219 4284 ad
3252 4245 3348 4284 eos
3382 4231 3485 4300 qui
3530 4247 3678 4301 prte-

2024 4324 2162 4374 sunt
2217 4317 2508 4386 dirigitur,
2551 4317 2656 4374 sed
2708 4317 2786 4374 ad
2841 4317 3423 4372 subditoszmonens
3469 4334 3536 4374 ne
3571 4321 3673 4391 qui

2023 4406 2268 4480 propria
2295 4405 2516 4462 debent
2544 4405 2854 4477 inspicere,
2887 4420 2956 4461 ac
2979 4405 3204 4476 seipsos
3234 4405 3312 4476 dij
3325 4405 3578 4475 udicare,
3594 4409 3679 4464 in-

2026 4497 2282 4570 spiciant
2311 4495 2524 4561 aliena,
2551 4511 2621 4552 ac
2661 4495 2988 4566 dijudicent
3008 4495 3178 4550 alios.

394 4584 534 4637 Φησὶ
589 4582 687 4652 γὰρ
743 4585 832 4632 καί
885 4579 1079 4640 Παῦλος
1114 4581 1138 4630 ό
1189 4578 1495 4649 ἀπόστολος,
1551 4581 1630 4632 ὅτι
1679 4581 1739 4632 Εἰ
1786 4581 1893 4658 ἐκρί

2058 4560 2078 4570 ⁸
2099 4589 2243 4641 Nam
2274 4589 2330 4640 et
2355 4560 2572 4640 Paulus
2595 4560 2902 4656 apostolus
2931 4584 3071 4639 dicit
3103 4599 3114 4638 :
3140 4585 3321 4642 Sinos
3343 4586 3497 4656 ipsos
3522 4587 3681 4659 diju-

313 4688 474 4742 νομεν
554 4668 780 4734 ἑαυτοὺς,
856 4668 950 4720 οὐκ
1020 4667 1079 4719 ἂν
1163 4666 1482 4740 ἐκρινόμεθα.
1561 4667 1716 4722 Ἔστι
1774 4667 1834 4724 δε
1893 4674 1918 4724 ό

311 4759 480 4829 λόγος
507 4762 597 4810 καὶ
644 4760 774 4832 πρὸς
821 4760 936 4818 τοὺς
990 4755 1188 4829 μεγαλα
1235 4759 1326 4829 μεν
1377 4756 1782 4832 ἁμαρτάνοντας,
1831 4781 1922 4814 κα.

312 4850 662 4920 τακρίνοντας
692 4842 750 4899 δε
789 4849 910 4907 τοὺς
960 4846 1124 4919 μικρὰ
1169 4845 1565 4918 σφαλλομένους.
1614 4852 1768 4920 Λέγει
1818 4853 1918 4924 γὰρ

316 4935 504 5009 ἑφεξῆς
535 4950 550 4964 ⁸
583 4939 643 4988 Τί
705 4933 914 5008 βλέπεις
973 4937 1029 4987 τό
1086 4936 1282 5008 κάρφος
1336 4937 1394 4988 τὸ
1449 4933 1497 4987 ἕν
1551 4945 1625 5008 τῷ
1679 4936 1924 5012 ὀφθαλμῷ

317 5031 424 5080 τοῦ
453 5019 678 5098 ἀδελφοῦ
732 5043 848 5093 σου,
889 5027 981 5084 τὴν
1041 5020 1100 5078 δε
1143 5023 1191 5078 ἐν
1233 5032 1306 5097 τῷ
1351 5031 1427 5096 σῷ
1479 5024 1725 5100 ὀφθαλμῷ
1767 5024 1924 5082 δοκὸν

404 5205 453 5241 ³⁸
494 5205 676 5260 Amos
715 5218 797 5270 ω,
858 5206 908 5258 6.
993 5203 1037 5239 ’τ
1097 5202 1212 5260 Isa.
1267 5219 1396 5273 ην,
1458 5205 1514 5262 7.

331 5274 423 5334 15.
452 5277 500 5313 ⁸³
527 5275 674 5333 ibid.
708 5279 792 5332 l8.
821 5275 867 5312 ³³
901 5277 923 5331 Ι
953 5273 1088 5334 Cor.
1109 5291 1193 5343 ιι,
1227 5278 1318 5332 31.

1592 5205 1640 5243 ³⁸
1671 5207 1876 5269 Matth.
1928 5224 2092 5282 nm,
2115 5211 2169 5267 3.

2027 4677 2371 4738 dicaremus,
2399 4690 2774 4746 nequaquam
2805 4675 3271 4744 dijudicaremur
3301 4680 3371 4730 ³³.
3403 4678 3683 4748 Dirigitur

2027 4781 2270 4838 quoque
2295 4780 2492 4820 sermo
2525 4768 2584 4819 et
2612 4764 2691 4820 ad
2722 4780 2824 4820 eos
2851 4764 2949 4836 qui
2981 4781 3118 4820 cum
3149 4765 3210 4820 in
3240 4767 3570 4838 majoribus
3600 4768 3685 4824 of-

2029 4854 2295 4925 fendant,
2338 4853 2740 4910 condemnant
2763 4869 2866 4910 eos
2912 4854 3016 4926 qui
3054 4855 3115 4910 in
3146 4857 3346 4927 parvis
3384 4856 3680 4914 labuntur.

2032 4942 2180 4999 Dicit
2221 4941 2380 4998 enim
2428 4943 2628 5000 statim
2677 4943 2740 4999 in
2784 4942 3218 5016 sequentibus:
3253 4946 3401 5012 Quid
3442 4947 3684 5016 inspicis

2031 5032 2318 5104 festucam
2357 5032 2420 5088 in
2472 5033 2642 5090 oculo
2665 5034 2876 5103 fratris
2909 5033 3012 5102 tui,
3058 5033 3285 5092 trabem
3323 5043 3514 5093 autem
3556 5051 3684 5108 quae

2248 5213 2295 5248 ²⁹
2324 5210 2476 5271 ibid.
2535 5213 2588 5268 7.

2665 5212 2713 5250 ⁸ο
2744 5213 2881 5270 Luc.
2905 5227 2986 5282 γι,
3019 5218 3108 5274 37.
3187 5217 3230 5254 ἰ
3259 5215 3467 5277 Matth.
3525 5233 3686 5290 xvni,

1532 5418 1756 5494 Variae
1790 5423 2122 5494 lectiones
2171 5437 2236 5496 et
2272 5437 2472 5497 notas.

411 5614 525 5689 (36)
556 5611 790 5689 Inclusa
816 5610 877 5689 in
902 5616 1170 5688 margine
1194 5616 1373 5674 habet
1392 5621 1458 5675 Α.
1486 5619 1705 5676 Eadem
1729 5619 1792 5677 in
1809 5619 1930 5677 ﬁne

334 5687 525 5760 hujus
545 5688 747 5744 scholii
763 5687 1415 5760 adjeceratHentenius,
1435 5690 1644 5748 itidem
1668 5707 1744 5748 ex
1773 5707 1933 5751 mar-

2038 5621 2174 5694 gine
2205 5623 2296 5678 sui
2325 5623 2567 5682 codicis.

2109 5695 2225 5768 (37)
2258 5700 2394 5766 τοίς,
2431 5695 2611 5754 abest
2645 5698 2714 5758 A.
2740 5697 2828 5756 Ita
2853 5713 3096 5772 quoque
3123 5700 3308 5771 paulo
3336 5705 3496 5774 post.
