4170 6440
538 368 645 422 259

1851 365 2194 423 EUTHYMII
2249 367 2582 426 ZIGABANI

3797 379 3907 436 260

535 492 600 548 in
639 493 801 548 oculo
823 498 920 548 tuo
947 498 1038 557 est,
1086 507 1203 547 non
1259 491 1589 548 consideras
1618 491 1664 525 ³⁴
1695 489 1722 544 ?
1753 495 1951 565 Κάρφος
1981 499 2181 549 autem

2301 495 2358 547 ού
2416 504 2714 564 κατανοεῖςς
2776 499 2888 552 ἔστι
2948 497 3006 553 δὲ
3063 520 3276 575 καρφος,
3338 502 3668 575 ἀπόσπασμα
3744 503 3904 566 ξύλου

535 580 722 652 (quod
746 581 1226 652 vertitinterpres
1256 583 1542 651 festucam
1589 581 2006 652 autstipulam)
2059 598 2190 654 prov

534 671 813 742 prieligni
831 671 1124 742 particula
1154 671 1514 728 brevissima
1539 675 1646 738 est,
1679 676 1734 727 et
1759 670 2006 743 pulchre
2036 671 2193 728 trabi

533 761 875 832 opponitur.

603 848 768 904 Vers.
797 851 857 906 2.
881 850 1005 916 Quo
1029 880 1099 891 --
1118 849 1545 920 judicabimini.
1571 850 1794 905 Eadem
1832 849 2192 904 condemna-

530 938 708 1002 tione,
735 954 857 1010 qua
872 938 1306 994 condemnabis
1327 938 1584 1004 fratrem,
1612 938 2109 994 condemnaberis
2136 942 2193 993 et

531 1031 595 1082 tu
631 1028 778 1082 :hoc
808 1033 914 1095 est,
947 1029 1000 1083 Si
1022 1027 1212 1083 levem
1245 1028 1371 1096 ejus
1400 1028 1637 1099 lapsum
1665 1027 2190 1098 curioseinquisie-

530 1116 632 1182 ris,
667 1117 845 1171 etiam
866 1121 922 1172 et
951 1121 1012 1171 tu
1052 1116 1574 1185 condemnaberis,
1609 1123 1664 1170 et
1692 1115 1846 1170 levia
1872 1121 2062 1170 errata
2092 1123 2193 1170 tua

533 1204 707 1261 anxie
746 1205 1169 1277 disquirentur,
1225 1221 1296 1260 ac
1343 1210 1603 1276 tempore
1650 1204 1944 1260 tremendi
1986 1204 2188 1275 judicii

531 1293 1114 1349 condemnabuntur.

600 1384 760 1437 Vers.
807 1382 861 1436 2.
917 1384 993 1437 Et
1025 1381 1283 1438 ——vobis.
1341 1385 1408 1438 Et
1447 1398 1726 1437 mensura
1781 1397 1903 1454 qua
1953 1381 2189 1437 curiosa

533 1470 843 1526 exactione
870 1471 1110 1539 metiris,
1138 1476 1282 1542 puta
1312 1471 1479 1542 quod
1505 1478 1620 1526 tuae
1651 1470 1916 1526 utilitatis
1949 1469 2183 1525 debuis-

531 1564 619 1615 set
645 1558 866 1614 habere
892 1563 1247 1630 respectum,
1277 1565 1380 1614 aut
1403 1573 1612 1614 cavere
1635 1574 1709 1613 ne
1733 1564 1786 1614 te
1829 1558 2182 1616 offenderet:

529 1647 736 1703 eadem
768 1663 1048 1704 mensura
1069 1649 1452 1704 remetientur
1469 1653 1524 1702 et
1549 1647 1650 1702 tibi
1677 1653 1843 1702 tuam
1875 1662 2187 1702 conversa-

529 1737 770 1793 tionem.
801 1737 930 1792 Vult
952 1743 1153 1792 autem
1184 1752 1400 1802 sermo,
1430 1735 1593 1808 quod
1615 1739 1904 1807 quantam
1961 1735 2186 1806 expetis

527 1826 606 1881 ob
663 1842 733 1881 eo
767 1827 1159 1890 exactionem,
1205 1830 1434 1881 tantam
1489 1829 1545 1880 et
1597 1827 1751 1879 Deus
1781 1828 2012 1895 expetet
2044 1829 2180 1879 ate.
2215 1848 2254 1902 Β

530 1915 842 1970 Advertere
871 1921 1056 1970 autem
1087 1919 1330 1985 Oportet,
1366 1914 1529 1986 quod
1581 1913 2104 1985 quemadmodum
2135 1914 2183 1967 si

525 2003 934 2059 remiserimus
961 2003 1326 2058 debitoribus
1351 2003 1588 2068 nostris,
1624 2003 1879 2058 remittet
1901 2001 2078 2058 nobis
2129 2006 2184 2056 et

529 2092 798 2160 Deus,ita
816 2091 864 2145 si
891 2091 1129 2147 fratrem
1160 2106 1281 2146 non
1325 2091 1946 2156 condemnaverimus,
1988 2105 2182 2162 neque

527 2182 678 2235 Deus
696 2196 800 2234 nos
819 2179 1266 2235 condemnabit.
1301 2181 1344 2235 Ο
1373 2179 1728 2234 admiranda
1748 2185 2183 2250 praeceptorum

525 2268 728 2334 virtus,
759 2283 896 2340 quas
919 2267 1117 2323 facilia
1141 2267 1385 2339 quidem
1427 2273 1570 2323 sunt
1599 2267 1677 2323 ad
1708 2268 2180 2337 exsequendum,

525 2372 813 2426 magnam
841 2363 1038 2412 tamen
1069 2357 1243 2412 nobis
1270 2356 1578 2412 conciliant
1607 2355 1849 2412 salutem
1882 2355 1896 2411 ι

597 2445 748 2512 Quid
775 2446 953 2514 igitur
979 2445 1006 2498 ?
1035 2445 1083 2499 si
1115 2445 1292 2500 frater
1314 2444 1642 2501 fornicatus
1673 2443 1844 2500 fuerit
1893 2447 1996 2500 aut
2021 2443 2186 2498 aliud

524 2535 639 2594 tale
667 2535 982 2607 quidpiam
1025 2533 1358 2606 deliquerit,
1399 2551 1475 2590 an
1505 2536 1664 2589 hunc
1705 2549 1824 2588 non
1865 2532 2183 2614 corrigam,

525 2624 631 2680 sed
662 2624 869 2679 tacebo
897 2625 925 2680 ?
957 2625 1191 2692 Corrige
1218 2639 1360 2679 sane
1383 2623 1714 2682 salubriter,
1759 2626 1816 2676 et
1859 2619 2034 2692 quasi
2063 2636 2186 2674 me-

527 2712 710 2768 dicus.
778 2711 978 2783 Neque
1033 2712 1194 2768 enim
1255 2711 1401 2766 dixit
1437 2727 1449 2765 :
1483 2731 1506 2761 α
1542 2713 1619 2766 Ne
1659 2708 1944 2764 cohibeas
1999 2707 2188 2762 delin-

525 2807 828 2876 quentem,
856 2823 884 2854 »
907 2802 1029 2867 sed,
1072 2803 1158 2858 Ne
1190 2801 1446 2871 judices.
1489 2799 1643 2854 Dixit
1683 2802 1884 2854 autem
1937 2802 1993 2853 et
2041 2797 2188 2852 Pau-

525 2892 618 2946 lus
647 2908 658 2946 :
693 2893 776 2947 Tu
794 2892 1134 2961 curjudicas
1146 2892 1403 2960 fratrem
1423 2893 1606 2952 tuum,
1631 2895 1729 2942 aut
1748 2893 1811 2942 tu
1837 2902 1944 2942 cur
1961 2885 2188 2956 spernis

517 2982 771 3050 fratrem
785 2988 948 3036 tuum
966 2982 1011 3015 ³⁵
1025 2981 1051 3035 ?
1068 2983 1296 3034 Etcerte
1310 2991 1431 3032 non
1445 2975 1742 3031 subditum
1757 2974 2180 3040 condemnare,

522 3070 738 3126 animas
768 3075 856 3124 est
883 3068 1258 3139 pharisaicae,
1291 3071 1346 3121 et
1373 3063 2056 3136 seipsumjustiﬁcantis.

2304 583 2663 658 βραχύτατον,

2373 831 2456 883 Ἐν
2509 854 2548 903 ῳ
2587 863 2655 871 —
2709 834 3043 904 κριθήσεσθε.
3099 835 3176 888 Ἐν
3208 837 3344 908 ᾗτινι
3400 835 3664 913 καταδίκη
3730 863 3905 896 κατα-

2303 917 2536 980 δικάζεις
2593 925 2678 972 τὸν
2738 919 2975 994 ἀδελφὸν,
3027 924 3078 976 ἐν
3125 928 3286 998 ταύτῃ
3348 930 3571 1001 κριθήση
3632 936 3720 983 καὶ
3784 937 3896 984 σύ·

2299 1014 2588 1070 τουτέστιν.
2631 1017 2690 1062 Ei.
2720 1014 2778 1062 τὸ
2825 1011 3005 1064 λεπτὸν
3056 1014 3214 1066 αὐτοῦ
3264 1015 3474 1087 σφάλμα
3529 1018 3903 1092 πολυπραγμο-

2300 1106 2395 1158 νεῖς
2443 1104 2532 1150 καὶ
2581 1106 2928 1172 κατακρίνεις,
2960 1107 3050 1153 καὶ
3087 1105 3152 1154 τὰ
3199 1103 3357 1156 λεπτὰ
3395 1108 3461 1157 τὰ
3516 1110 3585 1158 σὰ
3633 1109 3904 1185 πολυπρα-

2298 1189 2721 1258 γμονηθήσονται
2782 1195 2870 1242 καὶ
2939 1193 3417 1264 κατακριθησονται
3481 1193 3530 1246 ἐν
3588 1206 3753 1272 καιρῷ
3809 1208 3904 1262 τῆς

2301 1274 2519 1349 φοϐερᾶς
2551 1282 2790 1349 κρίσεως.

2374 1371 2472 1417 Καὶ
2517 1397 2582 1408 ——
2631 1369 2770 1438 ύμῖν.
2827 1373 2925 1421 Καὶ
2978 1369 3026 1421 ἐν
3160 1375 3329 1444 μέτρῳ
3391 1371 3658 1448 ἀκριϐείας
3696 1386 3904 1451 μετρεῖς

2298 1453 2434 1524 αύτῷ
2473 1459 2567 1512 τὴν
2615 1455 2893 1522 πολιτείαν,
2947 1459 3073 1526 οἷον,
3128 1461 3206 1511 ὃτι
3258 1467 3412 1513 τόσον
3475 1463 3653 1535 ὤφειλε
3709 1473 3902 1540 προσέ-

2297 1561 2414 1612 χειν
2445 1542 2594 1614 (38)·
2631 1543 2678 1595 ἐν
2713 1548 2872 1616 τούτῳ
2921 1549 3305 1620 μετρηθήσεται
3335 1555 3422 1602 καὶ
3466 1557 3549 1603 σοὶ
3579 1554 3607 1610 ἡ
3654 1558 3720 1612 ση
3753 1555 3903 1607 πολι-

2297 1636 2425 1683 τεία.
2466 1632 2622 1689 Δηλοῖ
2655 1629 2712 1685 δε
2751 1636 2776 1684 6
2815 1634 2986 1705 λόγος,
3029 1638 3109 1688 ὅτι
3136 1637 3304 1694 Ὀσην
3345 1638 3609 1712 ἀκρίϐειαν
3659 1641 3899 1708 ἀπαιτεῖς

2297 1721 2470 1785 αὐτὸν,
2507 1725 2768 1778 τοσαύτην
2806 1721 3148 1797 ἁπαιτηθήση
3190 1732 3278 1778 καὶ
3323 1732 3387 1778 σὺ
3428 1732 3568 1803 παρά
3605 1739 3695 1783 τοῦ
3737 1740 3893 1789 Θεοῦ.

2301 1815 2408 1882 Χρὴ
2472 1807 2530 1861 δὲ
2587 1815 2887 1882 προσέχειν,
2949 1815 3028 1866 ὁτι
3091 1818 3260 1889 ὥσπερ
3321 1815 3404 1868 ἰὰν
3465 1819 3610 1890 ἡμεῖς
3667 1819 3896 1894 ἀφίωμεν

2296 1905 2402 1958 τοῖς
2465 1897 2741 1969 ὀφειλέταις
2797 1902 2964 1971 ἡμῶν,
3045 1901 3235 1974 ἀφίησι
3316 1910 3404 1957 καὶ
3460 1908 3485 1958 6
3545 1912 3675 1970 Θεὸς
3728 1912 3892 1982 ἡμῖν·

2296 1986 2454 2046 οὕτως
2530 1986 2612 2037 ἐὰν
2679 1990 2825 2059 ἡμεῖς
2886 1989 2944 2041 ού
3023 1998 3404 2066 κατακρίνωμεν
3483 1999 3569 2047 τὸν
3651 1995 3893 2071 ἀδελφὸν,

2296 2072 2418 2127 οὐδὲ
2467 2078 2491 2126 6
2546 2080 2673 2137 Θεὸς
2734 2080 2890 2148 ἡμᾶς.
2941 2078 3009 2130 Ὠ
3053 2081 3360 2152 θαυμαστῆς
3419 2082 3629 2136 ἐντολῶν
3676 2082 3892 2154 Ῑυάδος,

2293 2161 2492 2238 ῥαδίων
2533 2168 2622 2235 μὲν
2664 2165 2734 2226 εἱς
2772 2171 2829 2218 τὸ
2881 2171 3294 2240 κατορθωθῆναι,
3332 2172 3562 2243 μεγάλης
3615 2172 3672 2227 δὲ
3727 2195 3893 2235 σωτη-

2295 2258 2414 2326 ρίας
2442 2254 2696 2326 προξένων
2722 2254 2734 2306 l

2367 2439 2429 2487 Τί
2461 2431 2586 2500 οὗνς
2619 2434 2701 2487 ἐὰν
2734 2437 2760 2486 ὁ
2792 2432 3009 2507 ἀδελφὸς
3042 2440 3282 2512 πορνεύη,
3315 2440 3345 2498 ἦ
3379 2449 3604 2493 τοιοῦτον
3653 2441 3774 2493 ἄλλο
3829 2461 3881 2494 τι

2297 2523 2610 2596 πλημμελῇ;
2670 2529 2881 2596 πότερον
2934 2525 2992 2576 ού
3051 2523 3327 2600 διορθώσω
3388 2538 3582 2596 τοῦτον,
3631 2529 3759 2582 ἀλλά
3808 2550 3887 2583 σι-

2295 2619 2488 2682 γησω;
2550 2615 2840 2685 Διὸρθωσον
2892 2616 2982 2685 μεν
3061 2614 3320 2687 ἰατρικῶς,
3377 2621 3442 2678 ὡς
3503 2615 3716 2690 ἀδελφόν
3744 2633 3758 2648 '
3816 2624 3887 2690 μὴ

2296 2704 2572 2773 κατάκρινε
2604 2699 2662 2754 δὲ
2693 2701 2952 2774 ἀπεχθῶς,
2990 2706 3059 2764 ὡς
3101 2711 3469 2778 μεμισημένον.
3525 2707 3600 2760 Ού
3630 2711 3730 2780 γάρ
3763 2705 3888 2774 εἶπε,

2299 2797 2380 2849 Μὴ
2441 2794 2648 2862 παύσῃς
2691 2793 3089 2863 ἁμαρτάνοντα·
3134 2793 3278 2859 ἀλλὰ,
3332 2801 3415 2853 Μὴ
3485 2801 3687 2871 κρίνῃς,
3758 2805 3892 2856 Φησι

2294 2882 2395 2952 γάρ
2423 2885 2511 2931 καὶ
2542 2882 2737 2939 Παῦλος
2762 2898 2772 2910 ·
2817 2885 2882 2932 Σύ
2935 2886 3016 2941 τίς
3069 2879 3115 2933 εἶ
3141 2883 3166 2933 ὀ
3205 2887 3388 2955 κρίνων
3445 2883 3710 2960 ἀλλότριον
3765 2887 3893 2940 οἰκέ-

2294 2989 2388 3027 την
2415 2986 2426 3035 ;
2458 2978 2528 3039 τῷ
2563 2965 2682 3040 ἰδίῳ
2712 2976 2872 3042 κυρίῳ
2912 2976 3092 3028 στήκει
3123 2973 3150 3030 ἦ
3198 2979 3397 3028 πίπτει.
3442 2975 3541 3027 Καὶ
3570 2976 3721 3028 πάλιν
3753 2995 3764 3006 °
3826 2982 3891 3030 Σύ

2297 3057 2356 3111 δε
2404 3063 2453 3109 τί
2511 3063 2703 3129 κρίνεις
2753 3062 2839 3109 τὸν
2891 3055 3106 3131 ἀδελφὸν
3147 3078 3279 3126 σου;
3312 3063 3340 3120 ἣ
3384 3067 3472 3116 καὶ
3532 3068 3620 3129 σὺ,
3651 3071 3702 3117 τί
3747 3066 3892 3129 ἐξου-

523 3160 677 3219 θενεῖς
717 3163 802 3211 τὸν
835 3155 1054 3228 ἀδελφόν
1092 3175 1186 3208 σου
1218 3172 1231 3221 ;
1266 3159 1367 3208 Καὶ
1416 3158 1569 3214 ὄντως
1622 3157 1678 3206 τὸ
1713 3159 2040 3226 κατακρίνειν
2092 3154 2178 3204 τὸν
2224 3153 2294 3222 μὴ
2334 3147 2661 3216 ὑπεξθύσθονθ
2695 3146 2878 3219 Ψυχῆς
2909 3147 3021 3200 ἔστι
3069 3159 3404 3221 Ψαρίσαίκῆςν
3441 3158 3530 3205 καὶ
3571 3151 3893 3217 δίκαιονσης

524 3247 722 3306 ἑαυτήν.

595 3338 751 3392 Vers.
795 3340 846 3392 3.
883 3335 1038 3403 Quid
1079 3341 1273 3391 autem
1301 3364 1365 3375 -—
1428 3333 1755 3390 consideras
1787 3333 1815 3387 ἵ
1839 3332 1948 3388 Per
2000 3330 2181 3386 festu-

2362 3329 2423 3381 Τί
2454 3323 2512 3378 δι
2542 3356 2608 3365 -
2639 3332 2905 3387 κατανοεῖς
2937 3341 2948 3389 ;
2982 3328 3074 3377 Διά
3137 3335 3226 3379 τοῦ
3255 3330 3485 3401 κάρφους
3513 3333 3624 3403 μὲν,
3678 3335 3736 3384 τό
3777 3332 3890 3385 ἐλάα

521 3441 650 3482 cam
688 3430 1004 3498 peccatum
1060 3423 1378 3479 minimum
1429 3422 1710 3478 indicavit
1741 3439 1754 3488 ;
1788 3437 1896 3493 per
1947 3419 2178 3476 trabem

520 3530 655 3570 vero
687 3514 1041 3569 maximum.
1073 3514 1168 3569 Est
1187 3512 1345 3568 enim
1371 3512 1532 3567 trabs
1559 3512 1791 3580 lignum
1822 3510 2175 3577 oblongum.

519 3602 651 3658 Vult
681 3607 879 3657 autem
898 3601 1096 3656 dicere
1131 3618 1144 3655 :
1169 3600 1484 3664 Quomodo
1515 3600 1752 3670 lapsum
1780 3596 2179 3652 minimumin

518 3691 722 3748 anima
754 3689 946 3744 fratris
973 3690 1059 3742 tui
1085 3695 1258 3743 acute
1279 3686 1606 3757 conspicis,
1627 3686 2050 3756 gravissimum
2085 3700 2180 3739 ve-

517 3795 585 3835 ro
628 3779 692 3833 in
741 3783 842 3833 tua
881 3793 1002 3832 non
1033 3777 1276 3831 intueris
1303 3775 1331 3829 7
1361 3776 1624 3848 Quisque
1670 3775 1829 3830 enim
1889 3789 2028 3845 quae
2069 3789 2178 3830 sua

521 3873 658 3922 sunt
689 3866 881 3936 magis
910 3864 1090 3930 videt,
1141 3880 1325 3935 quam
1356 3879 1427 3920 ea
1475 3879 1604 3936 quas
1635 3863 1872 3919 alterius
1915 3879 1928 3917 :
1962 3866 2018 3918 et
2046 3879 2173 3919 ma-

514 3957 651 4027 jora
696 3955 889 4026 magis
924 3953 1100 4019 videt,
1131 3969 1315 4025 quam
1343 3969 1415 4009 ea
1443 3969 1579 4025 quae
1612 3953 1843 4008 minora
1873 3956 2031 4008 sunt.

592 4043 757 4098 Vers.
784 4046 838 4099 4.
857 4043 964 4098 Aut
993 4073 1060 4082 —
1091 4049 1210 4098 tuo.
1243 4043 1396 4107 Sive,
1424 4042 1731 4114 quomodo
1761 4040 2010 4098 tentabis
2035 4055 2169 4096 eum

519 4147 746 4198 curare,
779 4148 915 4188 cum
958 4131 1080 4203 ipse
1122 4131 1382 4188 maxime
1431 4131 1702 4201 indigeas
1752 4129 1940 4187 salute
1969 4129 1997 4185 ‘2
2025 4132 2171 4185 Ecce

518 4221 676 4277 enim
709 4221 872 4278 trabs
902 4221 963 4276 in
993 4219 1168 4276 oculo
1190 4226 1292 4276 tuo
1322 4224 1436 4277 est.

591 4312 746 4368 Vers.
799 4312 857 4368 5.
925 4310 1483 4381 Hypocrita—lui.
1537 4308 1919 4382 Hypocritam
1978 4305 2170 4363 nomi-

515 4401 677 4458 navit
728 4401 926 4469 talem,
971 4405 1173 4471 utpote
1217 4399 1430 4454 medici
1471 4415 1691 4454 munus
1739 4397 2164 4459 vindicantem,

515 4491 721 4559 aegroti
754 4504 896 4544 vero
924 4488 1123 4543 locum
1153 4488 1521 4553 retinentem,
1554 4487 1665 4554 vel,
1701 4492 1987 4557 tanquam
2020 4500 2169 4554 prae-

512 4584 673 4634 textu
703 4576 1084 4632 correctionis
1125 4575 1386 4632 alienum
1438 4577 1678 4649 lapsum
1735 4576 1966 4630 curiose
1998 4571 2165 4628 inda-

2289 3435 2480 3488 χιστον
2529 3414 2813 3488 ἁμάρτημα
2869 3413 3068 3487 ἐνέφηνε
3105 3431 3117 3445 ³
3170 3412 3264 3468 διὰ
3310 3425 3404 3479 τῆς
3453 3415 3614 3472 δοκοῦ
3679 3417 3757 3487 δε,
3824 3426 3880 3475 τὸ

2289 3510 2570 3576 μέγιστον·
2629 3503 2777 3565 ξύλον
2827 3505 2928 3576 γὰρ
2974 3501 3221 3576 ἐπίμηκες
3271 3507 3301 3563 ἡ
3356 3502 3530 3568 δοκὸς.
3591 3513 3744 3578 Λέγει
3799 3507 3878 3577 δὲ,

2289 3596 2368 3646 ὅτι
2412 3597 2557 3646 Διατί
2607 3597 2663 3644 τὸ
2694 3596 2782 3664 μὲν
2815 3590 2862 3642 ἐν
2914 3600 2971 3663 τῇ
3023 3591 3175 3665 ψυχῇ
3223 3602 3314 3645 τοῦ
3364 3591 3586 3668 ἀδελφοῦ
3640 3616 3732 3649 σου
3774 3597 3883 3651 ἐλα-

2289 3688 2535 3756 φρότατον
2569 3680 2779 3752 σφάλμα
2811 3679 3012 3751 βλέπεις
3044 3681 3194 3743 ὀξέως
3224 3700 3235 3711 ·
3269 3686 3326 3734 τὸ
3350 3679 3409 3735 δι
3443 3683 3491 3735 ἓν
3518 3693 3579 3757 τῇ
3617 3693 3681 3757 σῇ
3719 3685 3882 3761 βαρύ-

2284 3792 2432 3824 τατον
2480 3771 2584 3841 οὐχ
2632 3773 2792 3844 ὀρᾲς;
2834 3775 2943 3830 Πᾶς
2993 3772 3090 3845 γὰρ
3132 3774 3197 3822 τά
3243 3771 3428 3824 ἑαυτοῦ
3483 3773 3672 3845 μᾶλλον
3719 3772 3878 3842 οἶδεν,

2285 3862 2314 3920 ἦ
2366 3863 2430 3913 τὰ
2484 3859 2674 3932 ἐτέρου,
2739 3862 2824 3909 καὶ
2893 3861 2955 3910 τὰ
3011 3862 3173 3930 μείζω
3231 3858 3411 3932 βλέπει
3467 3862 3678 3934 μᾶλλον,
3734 3864 3762 3922 ἢ
3816 3867 3883 3918 τὰ

2285 3949 2475 4002 ἐλάττω
2488 3993 2500 4004 .

2352 4037 2420 4090 Ἢ
2449 4068 2517 4078 -
2549 4044 2662 4090 σοῦ.
2697 4035 2764 4088 Ἦ
2812 4045 2919 4097 πῶς
2972 4035 3324 4112 ἐπιχειρήσεις
3385 4039 3655 4112 ἰατρεῦσαι
3699 4042 3877 4113 αὐτὸν,

2281 4127 2439 4186 αὐτὸς
2487 4124 2715 4196 μάλιστα
2759 4120 2992 4196 δεόμενος
3043 4126 3298 4198 ἰατρείας;
3332 4123 3471 4180 Ἰδοὺ
3501 4132 3602 4204 γὰρ
3644 4132 3673 4188 ἠ
3725 4127 3884 4195 δοκὸς

2281 4213 2328 4267 ἓν
2365 4223 2436 4285 τῷ
2468 4213 2712 4286 ὀφθαλμῷ
2749 4231 2840 4266 σου
2875 4213 3036 4269 ἔστὶν.

2349 4303 2625 4376 ’Υποκριτὰ
2710 4333 2780 4343 -
2860 4321 2974 4356 σου.
3057 4303 3386 4376 Ὑποκριτην,
3468 4310 3554 4359 τὸν
3648 4317 3882 4363 τοιοῦτον

2281 4393 2564 4464 ὠνόμασεν,
2609 4395 2676 4453 ὡς
2738 4393 2915 4466 ἰατροῦ
2956 4412 3044 4464 μεν
3097 4394 3242 4456 τάξιν
3297 4394 3615 4466 ἁρπάζοντα,
3670 4408 3883 4451 νοσοῦν-

3057 4302 3242 4377 Ὑποκρ
3252 4308 3386 4373 ιτην,
3468 4310 3554 4359 τὸν

2280 4501 2360 4541 τος
2413 4478 2470 4533 δὲ
2517 4487 2672 4532 τόπον
2731 4480 3028 4551 ἐπέχοντα·
3091 4483 3119 4541 ἡ
3164 4486 3234 4544 ὡς
3287 4487 3543 4557 προφάσει
3597 4489 3685 4559 μὲν
3734 4485 3882 4563 διορ·

2282 4572 2482 4630 Odiosa);
2555 4573 2612 4621 τὸ
2691 4569 2953 4644 ἀλλότριον
3039 4571 3251 4642 σφάλμα
3323 4573 3877 4648 πολυπραγμονοῦντα,

513 4670 778 4738 gantem,
811 4664 915 4720 sed
947 4664 1006 4719 id
1039 4665 1345 4736 proposito
1384 4662 1833 4722 condemnandi
1865 4667 2162 4730 agentem.

2290 4668 2458 4728 τκοπῲ
2530 4655 2588 4710 δε
2645 4663 2996 4730 κοτακρίσεῶς
3078 4669 3230 4712 τοῦτο
3315 4670 3588 4719 παιοῦντα.
3667 4664 3728 4716 Εἰ
3779 4668 3878 4742 γὰρ

515 4756 569 4812 Si
603 4755 764 4812 enim
816 4753 1062 4810 curandi
1086 4753 1278 4810 fratris
1328 4753 1626 4810 desiderio
1669 4752 1784 4806 hoc
1836 4749 1984 4821 agis,
2025 4764 2168 4806 cura

511 4843 682 4914 prius
711 4843 986 4915 teipsum,
1046 4843 1148 4915 qui
1192 4842 1328 4915 plus
1370 4843 1465 4898 illo
1504 4838 1807 4911 deliquisti
1847 4855 1862 4904 ;
1902 4837 2064 4910 quod
2118 4837 2168 4893 si

509 4933 891 5006 temetipsum
921 4931 1202 5005 despicis,
1238 4931 1610 4987 manifestum
1643 4931 1751 4995 est,
1779 4927 1944 4999 quod
1972 4942 2167 5000 neque

511 5024 682 5081 illum
713 5039 882 5080 amas
911 5040 924 5090 ;
957 5022 1150 5094 magis
1180 5022 1340 5078 enim
1388 5019 1650 5090 seipsum
1690 5017 1942 5090 quisque
1981 5022 2162 5084 amat,

512 5129 698 5188 quam
718 5111 979 5170 fratrem.
1011 5116 1212 5184 Itaque
1230 5125 1350 5166 non
1368 5107 1445 5165 ad
1471 5105 1942 5172 emendandum,
1971 5105 2076 5162 sed
2088 5105 2168 5162 ad

593 5293 638 5328 3‘
663 5293 858 5350 Matth.
893 5308 989 5348 v11.
1027 5294 1082 5347 3.
1160 5288 1207 5324 ³³
1234 5289 1406 5345 Rom.
1437 5300 1554 5354 xw,
1586 5285 1746 5352 4,40.

2275 4744 2562 4819 κηδόμενος
2628 4754 2721 4799 τοῦ
2793 4743 3018 4819 ἀδελφοῦ
3082 4767 3176 4800 σου
3231 4757 3384 4802 τοῦτο
3435 4759 3617 4818 ποιεῖς,
3676 4762 3879 4827 πρῶτον

2275 4833 2444 4895 κήδου
2497 4842 2736 4907 σεαυτοῦ,
2793 4837 2969 4908 μεῖζον
3024 4836 3218 4890 ἐκείνου
3269 4837 3680 4912 πλημμελήσας·
3734 4843 3778 4895 εἰ
3821 4839 3881 4897 δι

2278 4932 2496 4978 σεαυτοῦ
2544 4933 2903 4999 καταφρονεῖς,
2943 4921 3231 4998 πρόδηλον,
3275 4930 3343 4990 ὡς
3394 4925 3510 4981 οὐδ’
3557 4927 3745 4983 ἕκείνον
3798 4952 3878 5004 φι-

2273 5014 2396 5077 λεῖς.
2440 5021 2544 5076 Πᾶς
2591 5017 2693 5090 γὰρ
2754 5013 2933 5067 ἑαυτὸν
2978 5014 3111 5086 φιλεῖ
3153 5015 3364 5088 μᾶλλον,
3413 5018 3442 5076 ἢ
3494 5021 3582 5070 τὸν
3634 5016 3876 5092 ἀδελφόν.

2279 5109 2381 5158 Καὶ
2432 5103 2612 5158 λοιπὸν
2642 5107 2701 5157 οὐ
2756 5100 3138 5178 διορθούμενος,
3181 5104 3308 5160 ἀλλὰ
3335 5112 3656 5183 κατακρίνων
3688 5107 3878 5182 ἕκπομ-

1720 5409 1944 5480 Variae
1973 5410 2302 5479 lectiones
2328 5417 2396 5476 et
2427 5419 2628 5476 notae.

586 5563 699 5635 (38)
730 5563 861 5635 πρὸς
885 5562 979 5616 τήν
1025 5554 1210 5608 ἑαυτοῦ
1263 5554 1518 5608 πολιτείαν
1567 5558 1656 5608 καὶ
1715 5552 1850 5627 ϐίον.
1905 5553 2181 5611 Henteniu

2290 5550 2500 5624 iuplici
2560 5551 2728 5608 modo
2770 5551 3047 5619 reddidit,
3101 5567 3211 5610 nec
3260 5556 3461 5612 tamen
3527 5555 3877 5614 sententiam

514 5640 815 5693 assecutus
841 5635 952 5687 est.
