4170 6458
251 403 358 458 261

1228 399 1594 455 COMMENT.
1636 398 1709 454 IN
1747 397 2190 454 MATTHIEUM.
2231 427 2303 440 —
2341 398 2502 454 CAP.
2543 397 2666 456 νη.

3528 408 3632 462 262

265 529 438 586 πευεις
483 526 612 595 (39).
662 523 836 598 Ὁρᾷς,
887 524 979 577 οὐκ
1031 524 1256 578 ἐκώλυσε
1305 527 1599 598 θεραπεύειν
1645 524 1862 597 ἐτέρους,

1999 522 2503 578 :ondemnandum
2535 524 2874 580 convitiaris
2923 527 3062 597 (bb),
3098 527 3267 584 Vides
3293 544 3436 599 ergo
3464 531 3631 603 quod

279 615 318 665 εἰ
377 621 557 666 τοῦτου
620 616 828 675 πάντως
898 613 1182 687 ἐπιθυμεῖς⁹
1244 613 1348 666 ἀλλ’
1418 613 1646 666 ἐκεὶευσε
1723 615 1867 685 θερα-

282 706 452 755 πεύειν
502 705 704 754 σεαυτὸν
776 706 877 778 πρὸ
937 701 1157 756 ἐκείνων.
1217 708 1331 776 Χρὴ
1385 705 1485 777 γάρ
1552 707 1636 754 τὸν
1697 703 1868 774 ἰατρὸν

283 794 546 860 ὑγιαίνειν.
612 798 792 844 Ταῦτα
835 788 895 844 δὲ
949 797 1040 844 καὶ
1095 795 1159 844 τὰ
1202 800 1420 844 τοιαῦτα
1461 793 1866 863 νενομοθέτηκεν,

281 880 370 932 οὐκ
426 879 743 954 ἀνατρέπων,
789 883 852 941 ὡς
901 885 1121 954 εἴρηται,
1187 884 1245 933 τό
1313 877 1555 955 διορθοῦν
1604 880 1868 941 ἀλλήλους·

277 967 382 1019 ἀλλ’

267 1056 492 1128 ἀμελεῖν.
548 1058 719 1117 Λιπλῆ
755 1061 854 1130 γὰρ
912 1055 1202 1122 καταδίκη,
1258 1063 1316 1110 τὸ
1348 1062 1434 1110 τὸν
1487 1058 1730 1131 μεγάλοις
1761 1058 1874 1110 ἀτο-

485 967 808 1022 ἀναστεἿλων
895 974 952 1021 τὸ
1046 979 1146 1021 τῶν
1219 970 1417 1022 οἰκείων
1489 970 1873 1042 ἁμαρτημάτων

261 1152 510 1218 πήμασιν
568 1148 871 1216 ὑπεύθυνον,
926 1146 1179 1210 ἐξετάζειν
1240 1150 1305 1200 τὰ
1361 1147 1541 1222 ἑτέρων
1594 1147 1872 1220 ἐλάχιστα.

337 1328 425 1383 Μὴ
469 1357 539 1365 -
591 1329 810 1400 χοίρων.
862 1325 1043 1398 Ἀγιον
1097 1331 1186 1379 καὶ
1241 1332 1569 1400 μαργαρίτας
1624 1329 1877 1401 ὠνόμασε,

271 1417 332 1466 τὸ
391 1421 682 1489 μυστήριον
739 1423 830 1477 τῆς
907 1419 1132 1478 πίστεως
1188 1417 1354 1488 ἡμώνο
1434 1418 1585 1488 οἷγιον
1641 1421 1754 1488 μεν,
1811 1421 1879 1479 ὡς

275 1505 428 1554 θεῖον·
476 1509 810 1576 μαργαρίτας
845 1500 924 1572 δε,
958 1500 1052 1556 διὰ
1081 1507 1146 1556 τὰ
1175 1507 1223 1556 εν
1255 1505 1395 1556 αὐτῶ
1425 1510 1576 1577 τίμια
1602 1503 1871 1578 δόγματα.

273 1592 378 1646 Καὶ
428 1591 606 1658 πάλιν,
679 1595 834 1652 κύνας
887 1596 977 1664 μὲν
1031 1598 1119 1645 καὶ
1193 1599 1406 1667 χοίρους
1482 1594 1596 1666 (40)
1654 1595 1884 1654 ἐκάλεσε,

269 1685 397 1743 τοὺς
445 1680 685 1741 ἀνιάτους
723 1680 772 1732 ἐν
824 1678 1128 1753 δυσσεϐείᾳ*
1186 1686 1340 1743 κύνας
1395 1685 1506 1754 μεν,
1556 1686 1621 1744 ὡς
1658 1685 1888 1754 καθυλαξ

267 1779 522 1831 κτοῦντας
549 1778 642 1822 τοῦ
668 1777 924 1843 Χριστοῡ“
953 1775 1173 1846 χοίρους
1202 1768 1279 1836 δὲ,
1315 1774 1379 1832 ὡς
1408 1780 1479 1823 τῶ
1508 1771 1750 1847 βορϐόρῳ
1789 1746 1889 1825 των

1977 611 2126 668 alios
2147 627 2352 667 curare
2387 628 2508 667 non
2545 613 2869 683 prohibuit,
2907 616 2954 670 si
2978 616 3038 670 id
3062 617 3310 672 omnino
3336 619 3438 674 tibi
3466 620 3633 676 cordi

1978 706 2068 756 est
2089 719 2102 769 ;
2123 700 2227 756 sed
2249 701 2577 768 admonuit,
2611 707 2673 757 ut
2699 707 2750 757 te
2780 702 2947 775 prius
2983 721 3174 769 cures,
3198 705 3424 774 deinde,
3449 707 3579 763 illos
3609 725 3622 773 ;

1981 789 2282 845 medicum
2305 806 2568 862 namque
2601 807 2819 849 sanum
2851 809 2982 849 esse
2997 801 3248 866 oportet.
3285 795 3418 850 Haec
3451 802 3630 869 atque

1983 878 2197 934 similia
2228 880 2444 943 statuit,
2480 894 2598 934 non
2633 887 2930 948 avertens,
2965 884 3274 938 utdictum
3297 890 3401 949 est,
3437 901 3473 940 a
3501 902 3635 941 mu-

1985 971 2086 1022 tua
2124 968 2507 1031 correctione,
2561 968 2665 1022 sed
2699 970 3074 1040 propriorum
3125 972 3476 1029 delictorum
3529 990 3628 1030 ne-

1986 1055 2334 1125 gligentiam
2378 1055 2725 1126 reprimens.
2758 1058 2981 1129 Duplex
3024 1059 3183 1116 enim
3214 1063 3635 1119 condemnatio

1986 1142 2152 1198 illum
2200 1149 2521 1214 exspectat,
2568 1145 2672 1215 qui
2724 1161 2862 1200 cum
2902 1149 3135 1216 magnis
3181 1165 3318 1205 reus
3371 1155 3638 1208 teneatur

1989 1231 2186 1296 malis,
2226 1231 2377 1288 levia
2407 1232 2661 1288 aliorum
2701 1241 2894 1290 errata
2925 1238 3154 1292 curiose
3192 1245 3505 1295 scrutatur.

2061 1322 2225 1385 Vers,
2253 1323 2306 1374 6.
2332 1322 2423 1377 Ne
2452 1352 2517 1362 —
2535 1338 2755 1392 porcos.
2775 1324 3059 1380 Sanctum
3077 1332 3135 1382 et
3161 1330 3518 1398 margaritas
3538 1347 3638 1386 vo-

1994 1411 2147 1466 cavit
2177 1409 2315 1465 ﬁdei
2380 1415 2599 1466 nostras
2643 1414 2989 1483 mysterium
3017 1430 3028 1469 :
3056 1422 3325 1472 sanctum
3368 1419 3635 1490 quidem,

1997 1502 2200 1571 utpote
2225 1499 2523 1567 divinum;
2550 1502 2901 1570 margaritas
2923 1519 3084 1572 vero,
3115 1513 3353 1578 propter
3378 1509 3640 1579 pretiosa

1997 1603 2134 1660 quas
2154 1587 2216 1642 in
2246 1602 2317 1642 eo
2340 1588 2644 1644 recondita
2670 1595 2807 1645 sunt
2831 1589 3135 1662 dogmata.
3171 1595 3236 1649 Et
3269 1611 3516 1661 rursum,
3541 1613 3637 1654 ca-

1999 1691 2105 1731 nes
2125 1680 2176 1730 et
2206 1691 2422 1747 porcos
2465 1677 2794 1733 nominavit
2845 1694 2948 1734 eos
2977 1680 3078 1751 qui
3112 1681 3534 1739 immedicabili
3562 1691 3641 1742 te-

1997 1764 2563 1836 nenturimpietate;
2595 1781 2775 1821 canes
2797 1768 3061 1837 quidem,
3094 1774 3379 1840 tanquam
3414 1774 3640 1830 Christo

269 1862 454 1914 παθῶν
512 1855 1036 1930 ἐγκαλινδουμένους.
1095 1859 1295 1912 Κελεύιι
1347 1865 1536 1928 τοίνυν,
1591 1867 1661 1933 μη
1718 1882 1880 1937 παρα-

1999 1853 2364 1909 oblatrantes
2399 1871 2411 1920 ;
2445 1869 2662 1924 porcos
2701 1870 2862 1922 vero,
2907 1857 3080 1926 quari
3122 1860 3641 1929 perturbationum

270 1946 492 2002 διδόναι
545 1956 651 2008 τοῖς
707 1950 959 2010 τοιούτοις
1012 1952 1069 2000 τό
1125 1955 1418 2021 μυστήριον
1465 1958 1565 2001 τῶν
1613 1947 1886 2022 δογμάτων

265 2047 365 2100 τῆς
404 2041 647 2099 πίστεως.
689 2042 772 2095 Μὴ
801 2035 998 2109 βάλητε
1033 2033 1114 2101 δὲ,
1157 2036 1270 2089 ἀντὶ
1296 2045 1407 2104 τοῦ,
1448 2043 1530 2096 Μὴ
1573 2039 1686 2109 (41)
1715 2059 1884 2112 παρα-

272 2129 465 2187 θῆσθε.
499 2126 723 2188 Ἀνάξιοι
776 2127 877 2199 γάρ
929 2126 1032 2177 εἱσι
1083 2128 1332 2188 τοιαύτης
1387 2129 1522 2200 ἱερᾶς
1554 2125 1873 2199 ἀκροάσεως,

269 2213 410 2269 Εἶτα
437 2216 762 2287 προστίθησι
786 2218 875 2266 καὶ
902 2213 1094 2269 αἰτίαν.

349 2309 570 2362 Μήποτε
634 2335 682 2344 -
776 2306 930 2376 ὑμᾶς.

270 2403 450 2447 ταῦτα
475 2394 601 2466 παρ’
655 2393 844 2458 αὐτῶν,
896 2393 924 2450 ἣ
984 2395 1357 2465 γνωρισθῆναι,
1413 2399 1614 2466 μήποτε
1671 2396 1884 2467 ὑποκρι-

1017 2308 1258 2378 Κρεῖττόν
1331 2304 1490 2372 ἔστιν,
1567 2305 1883 2377 ἀγνοηθῆναι

277 2486 450 2544 θέντες
509 2482 802 2547 ἐπιείκειαν,
871 2486 960 2533 καὶ
1016 2483 1266 2552 μαθόντες
1350 2482 1485 2534 αὐτὰ
1539 2483 1661 2557 παρ’
1715 2485 1880 2556 ἡμῶν,

275 2571 738 2645 ὶμπαροινήσωσιν
795 2569 970 2632 αὐτοῖς
1030 2575 1118 2622 καὶ
1182 2567 1503 2645 διασύρωσι.
1565 2579 1728 2624 Τοῦτο
1783 2576 1881 2648 γὰρ

278 2657 441 2718 δηλοῖ
463 2663 521 2712 τὸ
577 2665 1028 2717 Καταπατήσωσι.
1075 2655 1252 2720 Πόδας
1299 2655 1358 2710 δι
1406 2660 1572 2711 αὐτῶν
1610 2660 1761 2731 λέγει,
1789 2666 1883 2719 τὴν

279 2747 535 2801 ἀπιστίαν
593 2748 782 2813 αὐτῶν,
859 2744 931 2799 δι’
975 2749 1038 2808 ἧς
1111 2744 1431 2820 βαδίζουσιν
1489 2748 1556 2809 εἰς
1610 2747 1880 2805 ἀπώλειαν.

280 2835 408 2891 Εἶτα
456 2842 758 2910 στραφέντες
813 2835 913 2888 ἀπὸ
971 2846 1062 2898 τῆς
1124 2835 1444 2889 ἕπιπλάστου
1494 2835 1766 2900 ἐπιεικείας
1813 2838 1884 2899 εἱς

289 2929 501 3000 φανερὰν
559 2925 875 2993 ἐναντίωσιν,
929 2925 1158 2999 ῥήξωσιν
1215 2928 1374 2997 ὑμᾶς,
1430 2931 1691 2995 τουτέστι,
1725 2946 1884 3002 προσ-

291 3013 531 3084 ϐάλωσιν,
589 3013 893 3068 ἀντιστώσι.
959 3018 1042 3071 Μὴ
1097 3011 1372 3085 δυνάμενοι
1427 3035 1527 3090 γαρ
1595 3016 1882 3088 θεοπρεπῶς

289 3110 417 3155 νοεῖν
463 3109 524 3156 τὰ
578 3106 690 3156 θεῖα
757 3099 1019 3175 δόγματα,
1077 3105 1471 3176 προσάπτουσιν
1521 3103 1699 3165 αὐτοῖς
1747 3104 1883 3177 ἐμπά

1996 1941 2468 2009 Ιυιοξοὺγοιιιιοε.
2485 1943 2510 1996 J
2519 1941 2845 2012 ubetigitur
2856 1960 2928 2000 ne
2941 1945 3160 2001 talibus
3175 1949 3483 2005 tradamus
3499 1951 3640 2021 dog—

1994 2037 2225 2085 malum
2257 2030 2394 2085 ﬁdei
2425 2031 2728 2101 mysteria.
2761 2033 2848 2088 Ne
2899 2035 3230 2104 proﬁciatis
3261 2044 3482 2103 autem,
3529 2040 3642 2096 hoc

1994 2124 2098 2174 est.
2123 2121 2200 2173 Ne
2231 2119 2570 2190 apponatis.
2607 2119 2838 2189 lndigni
2864 2127 3002 2177 sunt
3027 2125 3187 2180 enim
3226 2127 3328 2197 qui
3363 2128 3501 2184 talia
3540 2145 3644 2184 au-

1993 2207 2175 2262 diant.
2211 2207 2429 2262 Deinde
2462 2206 2629 2262 addit
2656 2213 2710 2262 et
2741 2225 3009 2266 causam.

2067 2298 2219 2351 Vers.
2255 2300 2306 2350 6.
2340 2296 2429 2351 Ne
2479 2297 2714 2368 quando
2740 2329 2807 2337 —-
2839 2315 2952 2355 vos.
2982 2301 3180 2356 Melius
3228 2304 3385 2360 enim
3414 2311 3499 2361 est
3541 2321 3645 2362 eos

1991 2385 2119 2440 haec
2157 2383 2449 2456 ignorare,
2483 2401 2669 2457 quam
2701 2402 3080 2455 cognoscere,
3114 2406 3188 2446 ne
3210 2392 3456 2463 quando
3486 2401 3645 2466 post-

1991 2489 2176 2546 quam
2209 2473 2486 2530 simulata
2515 2474 2806 2545 probitate
2845 2492 2881 2532 a
2911 2477 3075 2532 vobis
3105 2495 3175 2535 ea
3199 2481 3529 2550 didicerint,
3560 2483 3646 2539 lu-

1993 2563 2186 2619 dibrio
2216 2563 2479 2620 habeant
2500 2580 2570 2620 ac
2590 2565 2906 2622 detrahant
2937 2568 3100 2638 ipsis.
3133 2570 3193 2624 ld
3224 2571 3383 2626 enim
3422 2573 3647 2631 indicat

1992 2652 2158 2724 quod
2181 2651 2420 2708 additur
2451 2669 2464 2718 ;
2501 2653 3068 2712 Conculcent.Pedes
3096 2674 3237 2714 vero
3268 2660 3536 2731 ipsorum
3553 2664 3643 2718 di-

1993 2741 2068 2796 cit
2090 2740 2501 2797 inﬁdelitatem
2521 2757 2752 2809 eorum,
2773 2759 2896 2814 qua
2919 2745 2997 2800 ad
3025 2746 3419 2817 perditionem
3451 2751 3647 2821 gradi-

1993 2835 2194 2884 untur.
2227 2829 2448 2885 Deinde
2478 2831 2748 2886 conversi
2789 2848 2825 2887 a
2855 2831 2994 2889 ﬁcta
3016 2835 3310 2905 probitate
3337 2838 3414 2893 ad
3459 2841 3644 2896 mani-

1993 2916 2204 2974 festam
2230 2920 2709 2990 repugnantiam,
2737 2919 2997 2978 lacerent
3020 2939 3145 2988 vos,
3196 2925 3306 2982 hoc
3356 2928 3647 3001 estimpe.

1994 3011 2120 3063 tum
2157 3006 2375 3063 faciant
2404 3023 2473 3064 ac
2495 3009 2774 3066 resistant
2799 3011 2997 3067 vobis.
3031 3015 3151 3069 Non
3181 3019 3448 3086 potentes
3480 3034 3644 3074 nam-

1993 3111 2111 3167 que
2134 3096 2336 3151 divina
2360 3096 2668 3165 dogmata,
2697 3114 2871 3155 sacra
2899 3102 3179 3171 quadam,
3207 3109 3272 3160 ut
3299 3105 3491 3171 docet,
3523 3124 3646 3164 ma-

285 3195 446 3263 θειαν,
495 3193 764 3246 κάντεῦθεν
813 3193 1160 3266 όπλιζὸμενοι,
1213 3190 1531 3266 κωμῳδοῦσι
1589 3199 1678 3267 μεν
1727 3195 1880 3262 αὐτὰ,

1999 3185 2195 3256 iestate
2229 3184 2549 3254 intelligere
2571 3186 2818 3242 affectus
2838 3188 3140 3245 humanos
3164 3191 3275 3246 illis
3297 3196 3638 3260 attribuunt,

277 3283 725 3355 προσαράσσουσι
756 3279 814 3335 δὲ
843 3284 990 3355 ἡμῖν.

363 3458 561 3512 Αἰτεῖτε
632 3491 683 3501 -
736 3461 879 3532 ὑμῖν,
934 3456 1143 3517 Ἐπειδή
1205 3459 1404 3531 μεγάλα
1457 3462 1572 3513 τινὰ
1628 3464 1715 3512 καὶ
1763 3462 1885 3513 θαυ-

287 3551 477 3624 μαστὰ
531 3549 824 3620 προσέταξε,
904 3551 1108 3600 πάντων
1173 3551 1262 3621 μὲν
1315 3557 1416 3600 τῶν
1465 3551 1642 3601 παθῶν
1696 3548 1886 3602 ἀνωτέ-

281 3659 415 3714 ρους
443 3640 676 3710 γίνεσθαι
730 3642 850 3699 τοὺς
897 3639 1150 3710 μαθητὰς,
1208 3640 1517 3710 ομοιουσθαι
1549 3635 1607 3691 δε
1654 3647 1724 3710 τῷ
1755 3644 1880 3709 Θεῷ,

283 3726 572 3802 διακρίνειν
603 3724 662 3779 δὲ
715 3731 831 3787 τους
879 3725 1138 3792 ἀναξίους,
1171 3728 1253 3779 ἵνα
1302 3732 1372 3799 μὴ
1409 3724 1535 3800 δόξῃ
1588 3729 1795 3799 χαλεπά
1821 3729 1884 3779 τὰ

282 3818 690 3892 προστάγματα,
755 3818 946 3868 τέθεικε
997 3820 1086 3888 μὲν
1147 3816 1351 3877 ἱκανοὺς
1411 3820 1712 3888 λογισμοὺς,
1770 3821 1885 3870 πεί-

295 3908 592 3969 θοντας,ὅτι
639 3902 805 3979 ῥᾴδια
852 3913 1032 3958 ταῦτα*
1065 3904 1297 3977 μάλιστα
1349 3901 1408 3957 δὲ
1456 3907 1747 3979 προσέθηκε
1790 3909 1882 3964 τὴν

295 3992 548 4070 κορωνίδα
587 4003 683 4056 τῆς
729 3993 979 4064 εὐκολίας,
1024 3989 1275 4066 φημιδὴ,
1314 3998 1407 4052 τὴν
1455 3991 1554 4045 ἀπὸ
1585 4002 1682 4045 τῶν
1710 3994 1882 4066 εὑχῷν

294 4090 602 4157 συμμαχίαν
614 4126 628 4140 .

354 4179 468 4249 Χρὴ
497 4177 598 4246 γὰρ
626 4176 698 4246 μὴ
732 4177 884 4245 μόνον
932 4169 1251 4233 σπουδάζειν
1284 4176 1404 4235 τοὺς
1451 4171 1878 4244 ἀγωνιζομένους,

280 4262 414 4315 ἀλλὰ
455 4267 545 4315 καὶ
609 4267 701 4321 τὴν
750 4263 939 4314 ἄνωθεν
1009 4260 1368 4314 ἐπικαλεῖσθαι
1442 4260 1711 4334 βοήθειαν.
1784 4266 1882 4314 Καὶ

276 4354 485 4414 πάντως
535 4351 663 4419 ἣξει,
739 4356 830 4402 καὶ
884 4349 1162 4424 παρέσται,
1217 4355 1301 4402 καὶ
1367 4348 1735 4421 συνεφάψεται,
1794 4354 1883 4402 καὶ

277 4443 455 4494 πάντα
482 4445 692 4498 ποιήσει
716 4435 900 4514 ῥᾴδια.
955 4442 1049 4492 Διά
1100 4447 1252 4491 τοῦτο
1291 4444 1380 4490 καὶ
1429 4439 1588 4490 αἰτεῖν
1630 4437 1878 4508 ἐκέλευσε,

1995 3279 2049 3329 et
2074 3273 2212 3328 inde
2243 3276 2475 3338 armati,
2509 3273 2604 3329 illa
2633 3274 2880 3346 quidem
2906 3278 3244 3348 suggillant,
3279 3296 3386 3336 vos
3446 3290 3646 3342 autem

1994 3361 2282 3430 afﬂigunt.

2068 3452 2228 3505 Vers.
2253 3455 2304 3504 7.
2347 3449 2537 3506 Petile
2561 3480 2630 3490 —
2659 3451 2839 3505 vobis.
2878 3452 3201 3524 Postquam
3230 3471 3453 3525 magna
3479 3475 3645 3532 quas-

1994 3538 2137 3595 dam
2165 3544 2220 3594 et
2250 3539 2610 3595 admiranda
2628 3540 2912 3610 jusserat,
2946 3548 3090 3614 puta
3110 3548 3171 3598 ut
3200 3544 3475 3618 discipuli
3505 3565 3646 3606 cun-

1994 3629 2105 3684 ctis
2144 3627 2331 3684 animi
2369 3627 2683 3684 affectibus
2705 3631 3040 3701 superiores
3071 3632 3284 3699 effecti,
3326 3635 3446 3692 Deo
3468 3638 3529 3693 in
3561 3639 3646 3694 di-

1989 3717 2332 3789 judicandis
2359 3717 2554 3787 dignis
2581 3718 3006 3789 assimilentur,
3025 3721 3134 3792 (cc)
3157 3724 3300 3779 nein
3329 3729 3534 3795 gravia
3560 3731 3647 3785 vi-

1993 3807 2248 3862 deantur
2287 3807 2592 3872 mandata,
2625 3814 2796 3881 aptas
2839 3809 3068 3867 addidit
3117 3815 3642 3887 considerationes,

1993 3912 2126 3968 quae
2154 3897 2284 3952 haec
2316 3913 2446 3953 esse
2486 3897 2687 3954 facilia
2717 3902 3139 3970 persuadeant.
3174 3905 3422 3961 Maxime
3445 3914 3646 3964 autem

1991 3984 2286 4042 facilitatis
2326 3987 2606 4058 apposuit
2655 3987 3001 4044 coronidem
3047 3990 3169 4046 sive
3208 3992 3439 4064 apicem
3471 4012 3483 4050 :
3512 3996 3645 4052 dico

1992 4089 2158 4142 sane,
2190 4074 2354 4146 quod
2380 4075 2458 4130 ab
2490 4075 2866 4131 orationibus
2899 4082 2987 4133 est
3009 4080 3321 4136 auxilium.

2063 4165 2362 4218 Certantes
2387 4164 2545 4219 enim
2576 4180 2696 4220 non
2730 4168 2962 4220 tantum
2987 4172 3253 4236 satagere
3277 4176 3523 4241 oportet,
3550 4190 3646 4229 ve-

1991 4265 2126 4305 rum
2144 4251 2322 4306 etiam
2338 4267 2594 4322 superne
2612 4252 2899 4308 auxilium
2915 4269 3160 4323 poscere
3182 4271 3192 4308 :
3214 4257 3376 4326 quod
3397 4261 3644 4318 omnino

1990 4339 2208 4404 veniet,
2237 4346 2292 4394 et
2316 4339 2524 4405 aderit,
2544 4357 2613 4395 ac
2639 4340 2969 4410 adjuvabit,
2991 4341 3315 4414 omniaque
3336 4345 3645 4406 reddelfa-

1994 4425 2124 4482 cilia
2160 4442 2173 4480 :
2198 4426 2454 4499 ideoque
2479 4427 2660 4484 etiam
2687 4433 2884 4500 petere
2905 4428 3104 4499 jussit,
3131 4436 3187 4485 et
3212 4432 3377 4502 quod
3403 4433 3644 4494 dabitur

279 4534 375 4582 καὶ
412 4534 509 4586 τὴν
540 4525 690 4580 δόσιν
730 4530 1010 4600 ὑπέσχετο.
1046 4527 1184 4586 Πλὴν
1215 4532 1285 4600 μὴ
1319 4527 1488 4587 ἁπλῶς
1526 4526 1701 4591 αἰτεῖν,
1758 4525 1880 4578 ἀλλὰ

1999 4514 2284 4588 promisit,
2320 4532 2441 4572 non
2497 4521 2697 4573 tamen
2751 4522 3051 4589 utcunque
3084 4524 3300 4590 petere,
3359 4523 3465 4579 sed
3505 4541 3642 4585 cum

281 4618 396 4692 μετ’
453 4617 700 4690 ἐπιμονῆς
760 4623 848 4670 καὶ
915 4617 1161 4679 εὐτονίας.
1233 4624 1393 4669 Τοῦτο
1448 4617 1546 4690 γὰρ
1608 4612 1762 4673 δηλοῖ
1825 4619 1884 4668 τὸ

286 4713 516 4772 ζητεῖτε.
552 4711 652 4759 Καὶ
701 4711 772 4779 μὴ
827 4710 979 4779 μόνον
1017 4706 1127 4779 μετ’
1195 4705 1438 4778 ἐπιμονῆς
1489 4709 1578 4757 καὶ
1632 4704 1881 4773 εὐτονίας,

285 4796 420 4849 ἀλλὰ
447 4801 537 4847 καὶ
597 4799 726 4868 μετὰ
779 4797 1088 4869 θερμότητος
1136 4799 1225 4848 καὶ
1275 4790 1657 4868 σφοδρότητος.
1721 4800 1884 4847 Τοῦτο

281 4889 389 4960 γὰρ
412 4883 680 4958 βούλεται,
702 4890 758 4938 τὸ
781 4888 1007 4959 κρούετε.

359 5069 468 5126 Πᾶς
519 5094 588 5106 -
640 5064 993 5137 ἀνοιγήσεται.
1060 5062 1081 5136 [
1131 5062 1190 5116 Ὀ
1247 5061 1364 5135 (42)
1424 5065 1595 5136 χωρὶς
1681 5061 1883 5123 πάθους

1994 4606 2432 4677 perseverantia
2457 4611 2511 4662 et
2540 4606 2915 4664 assiduitate.
2943 4610 3090 4664 Nam
3129 4609 3243 4666 hoc
3277 4614 3639 4684 manifestat,

1994 4694 2156 4766 quod
2179 4695 2416 4750 additur
2448 4713 2460 4751 :
2497 4697 2774 4763 Quaerite.
2807 4699 2920 4752 Nec
2973 4698 3166 4755 solum
3194 4716 3331 4756 cum
3371 4719 3645 4776 perseve-

1993 4784 2186 4840 rantia
2217 4785 2655 4850 etassiduitate,
2684 4785 2788 4840 sed
2819 4786 2990 4841 etiam
3021 4803 3158 4844 cum
3192 4789 3419 4848 fervore
3447 4811 3517 4850 ac
3552 4812 3645 4852 ve-

1990 4870 2317 4930 hementia.
2339 4875 2400 4930 ld
2421 4862 2596 4931 enim.
2607 4873 2831 4932 indicat
2859 4876 3025 4948 quod
3045 4878 3367 4952 subjungit,
3391 4881 3594 4942 dicens
3619 4899 3636 4951 ζ

1992 4959 2251 5020 Pulsate.

2063 5057 2227 5113 Vers.
2269 5057 2300 5109 8
2339 5053 2533 5111 Omnis
2557 5086 2626 5096 —
2671 5055 2976 5126 aperietur
3004 5055 3051 5124 ’τ
3082 5058 3190 5123 Qui
3246 5059 3478 5135 absque
3517 5063 3641 5121 ani-

1514 5240 1730 5312 Variae
1759 5238 2088 5309 lectiones
2120 5246 2186 5305 et
2215 5243 2417 5305 notae.

356 5389 473 5535 E39)
512 5389 695 5448 intell.
721 5392 790 5444 τὰ
815 5389 1090 5464 σφάλματα
1110 5394 1200 5442 τοῦ
1227 5383 1452 5460 ἀδελφοῦ
1482 5405 1596 5442 σου.

382 5467 474 5535 40)
514 5463 768 5535 ὠνόμασε.
795 5467 856 5517 Α.
1235 5533 1244 5535 _
1469 5529 1507 5535 __

382 5463 474 5535 40)
514 5463 768 5535 ὠνόμασε.
795 5467 856 5517 Α.

358 5467 449 5535 (40
514 5467 768 5535 ὠνόμασε.
795 5467 856 5517 Α.

358 5467 475 5607 (41)
516 5538 662 5600 lmo,
695 5536 983 5607 παραθῆτε.
1011 5537 1124 5590 Nec
1154 5533 1314 5589 enim
1351 5529 1552 5588 medio
1580 5533 1668 5586 est
1694 5543 1873 5603 opus.

383 5660 466 5727 bb)
503 5659 886 5716 Conviciaris.
920 5657 1225 5716 Patefacis.
1263 5656 1559 5728 divulgas.

357 5661 464 5806 ξιτ)
493 5731 606 5788 Deo
627 5761 696 5772 —
725 5730 1146 5788 assimilentur.
1173 5727 1508 5786 Assimilari
1536 5744 1559 5786 ε

1993 5383 2181 5455 Atque
2206 5381 2287 5438 ita
2309 5381 2503 5455 etiam
2539 5379 2869 5455 respondet
2892 5387 2963 5455 τῷ
2991 5380 3208 5454 βάλητε.

2065 5451 2174 5526 (3.2)
2204 5454 2435 5509 Inclusa
2463 5453 2524 5508 in
2553 5451 2827 5523 margine
2854 5451 3039 5511 habet
3067 5457 3143 5512 A.

382 5722 464 5805 cc)
493 5731 606 5788 Deo
627 5761 696 5772 —
725 5730 1146 5788 assimilentur.
1173 5722 1508 5786 Assimilari
1536 5729 1738 5786 autem
1765 5725 1888 5785 Deo
1907 5725 1964 5784 et
1997 5723 2077 5797 dij
2091 5722 2328 5783 udicare
2355 5723 2656 5798 indignos.
