4170 6448
192 373 306 434 265

208 503 238 553 ό
269 493 488 560 παλαιὸς
543 502 716 569 νόμος,
767 502 856 550 καὶ
911 499 961 550 οἱ
1009 502 1291 569 προφῆται.
1319 495 1377 547 Ὀ
1397 497 1486 568 μεν
1515 497 1616 570 γὰρ
1655 498 1810 566 νόμος
1843 494 1885 548 Α

222 594 402 661 φησίν
451 588 767 658 ’Δγαπήσεις
827 589 914 638 τόν
974 584 1196 641 πλησὶον
1266 603 1380 648 σου,
1441 585 1505 642 ὡς
1573 588 1806 635 σεοὶυτόν·

231 681 280 730 οἱ
330 686 579 750 προφῆται
638 671 697 727 δέ
730 674 884 726 mat»
942 673 1103 726 πολλὰ
1142 678 1259 748 περὶ
1322 669 1658 744 φιλαδελφῖας
1710 679 1812 732 τοῖς

233 764 504 825 Ἰουδαίοις
559 769 873 838 παρῄνεσαν.
935 762 1090 816 Ἀλλὰ
1146 766 1232 813 καὶ
1288 764 1417 835 πρός
1467 765 1554 812 τόν
1603 764 1812 833 νομικόν

233 857 439 928 ὕστερον
467 855 574 923 (46)
611 855 636 904 ό
681 856 929 924 Χριστός,
985 849 1402 924 ἐπερωτήσαντα,
1466 855 1592 901 ποία
1647 848 1814 906 ἐντολὴ

229 944 420 1017 μεγάλη
477 941 526 993 ἐν
578 950 652 1012 τῷ
700 947 858 1013 νόμῳ,
895 939 1210 1013 ἀποκριθεὶς,
1243 943 1359 1011 περί
1389 957 1440 990 τε
1466 947 1553 998 τῆς
1594 938 1660 998 εἰς
1687 941 1815 990 Θεὸν

223 1033 446 1104 ἀγάπης,
477 1036 568 1082 καὶ
605 1035 723 1104 περὶ
761 1038 855 1090 τῆς
880 1029 952 1091 εἰς
998 1032 1084 1080 τόν
1134 1027 1374 1092 πλησίον,
1424 1025 1683 1098 ἐπήνεγκε,
1737 1031 1816 1078 ὅτι

218 1124 300 1178 Ἐν
355 1123 581 1181 ταύταις
620 1125 731 1179 ταῖς
778 1115 934 1170 δυσὶν
978 1116 1200 1179 έντολαῖς
1241 1112 1267 1168 ὅ
1312 1134 1461 1186 νομός
1504 1114 1613 1176 ὅλος
1653 1115 1818 1167 κοίὶοὶ

208 1217 506 1285 προφῆται,
531 1212 837 1281 κρέμανται,
865 1210 1128 1273 τουτέστι,
1149 1214 1248 1257 τῶν
1283 1202 1380 1256 δύο
1409 1207 1602 1256 τούτων
1630 1203 1818 1276 μᾶλλον

213 1298 583 1373 ἐκκρέμανται,
615 1302 732 1370 περὶ
770 1304 868 1347 τῶν
919 1291 1016 1347 δύο
1057 1297 1250 1347 τούτων
1306 1289 1649 1366 διαφερόντως
1697 1289 1816 1345 δια-

216 1386 570 1460 λαμϐάνουσι,
612 1389 703 1437 καί
735 1387 1118 1458 προηγούμενον
1169 1385 1362 1434 σκοπόν
1417 1383 1604 1453 ἔχουσι
1665 1377 1817 1434 διδά-

223 1477 310 1538 ξαι
372 1479 490 1536 τοὺς
553 1473 856 1548 ἀνθρώπους
909 1471 1115 1544 ἀγαπᾷν
1149 1474 1239 1543 μεν
1296 1473 1382 1522 τὸν
1424 1473 1570 1534 Θεὸν,
1636 1489 1684 1521 εν
1749 1477 1818 1540 τῷ

220 1563 471 1618 εὐσεϐεῖν·
740 1558 800 1614 δέ
819 1566 908 1614 καὶ
935 1560 1182 1622 ἁλλάλους
1211 1558 1258 1611 έν
1278 1567 1348 1630 τῷ
1396 1564 1466 1631 μή
1502 1555 1702 1612 ἀδικεῖν
1734 1563 1819 1611 τόν

215 1654 309 1705 πλν
316 1658 454 1706 σίον.

289 1742 453 1794 Ἐστι
485 1737 546 1792 δε
577 1744 666 1792 καὶ
705 1738 890 1814 ἑτέρως
941 1737 1116 1804 εἰπεῖν,
1157 1737 1238 1788 ὅτι
1267 1735 1378 1797 ὅλος
1409 1736 1434 1788 ό
1485 1741 1636 1810 νόμος
1663 1741 1751 1790 καὶ
1771 1739 1819 1790 οἱ

210 1839 487 1904 προφῆται
515 1832 609 1889 τὰς
639 1824 736 1880 δύο
766 1826 969 1888 ἐντολὰς
1006 1829 1196 1886 ταύτας
1224 1830 1498 1884 κέκτηνται
1526 1825 1698 1899 ῥίζαν,
1731 1831 1819 1878 καὶ
1851 1846 1894 1902 B

207 1921 415 1984 αἰτίαν,
447 1923 536 1970 καὶ
563 1917 817 1990 ἀφορμήν.

293 2008 565 2063 Εὶσέλθετε
628 2037 695 2046 -
781 2003 966 2066 πύλης.
1029 2008 1210 2062 Στενήν
1275 2003 1440 2061 πύλὴν
1502 2002 1665 2067 καλεῖ,
1726 2007 1819 2062 τὴν

209 2101 458 2157 ἄσκησιν
516 2103 615 2148 τῶν
666 2095 876 2168 ἀρετῶν·
937 2091 1102 2150 πύλην
1133 2097 1245 2165 μὲν,
1292 2094 1362 2153 ὡς
1414 2092 1728 2163 εἰσάγουσαν
1754 2093 1820 2153 εἰς

207 2194 314 2246 τήν
348 2189 493 2248 ζωήν
524 2189 612 2241 τὴν
657 2183 880 2235 αἰώνιον
932 2187 1104 2239 στενὴν
1164 2177 1243 2247 δε,
1276 2183 1346 2242 ὡς
1390 2181 1820 2253 παρασκευάζου-

211 2297 322 2330 σαν
353 2279 475 2334 τοὺς
505 2273 900 2347 εἰσερχομένους
964 2277 1154 2336 πονεῖν,
1213 2274 1301 2322 καὶ
1352 2265 1552 2343 ἱδροῡν,
1597 2273 1683 2321 καὶ
1715 2270 1821 2322 θλί-

209 2366 434 2428 ϐεσθαι,
489 2366 675 2435 μέχρις
719 2359 779 2412 ἂν
821 2356 1088 2423 διέλθωσι,
1146 2363 1233 2410 καὶ
1291 2361 1361 2420 ὡς
1415 2361 1486 2430 μὴ
1538 2364 1821 2432 χωροῦσαν

209 2459 347 2514 τοὺς
405 2459 594 2522 παχεῖς
635 2457 744 2510 ταῖς
789 2449 1086 2521 ἁμαρτίαις,
1147 2444 1239 2500 διὰ
1281 2451 1374 2505 τὴν
1423 2445 1710 2504 λεπτότητα
1733 2453 1823 2506 τῆς

214 2541 497 2618 ἀκριϐείας
563 2539 744 2609 αὐτῆς,
790 2538 884 2598 ἔως
939 2537 999 2588 ἂν
1054 2535 1347 2589 ἀπόθωνται
1399 2539 1456 2588 τό
1508 2538 1684 2606 πάχος
1734 2543 1824 2596 τῆς

217 2633 510 2707 ἁμαρτίας.

297 2817 422 2863 ’Θτι
451 2839 513 2849 —
547 2805 731 2868 αὐτῆς.
775 2803 934 2857 Πάλιν
966 2804 1200 2875 ὠνόμασε
1237 2801 1403 2860 πύλην
1441 2806 1531 2854 καὶ
1563 2798 1708 2867 ὁδόν,
1733 2804 1824 2859 τὴν

236 2895 556 2971 φιληδονίαν·
580 2895 746 2952 πύλην
780 2896 869 2966 μεν
896 2896 985 2944 καὶ
1016 2889 1162 2957 ὁδόν,
1190 2894 1258 2953 ὡς
1302 2890 1607 2962 ἀπάγουσαν
1639 2891 1706 2950 εἰς
1734 2894 1825 2947 τὴν

241 2987 466 3037 κόλασιν
501 2987 695 3040 ταύτην
742 2983 844 3054 ⁹Ῑοίρ
882 2989 968 3034 νῦν
1017 2980 1270 3033 ἀπωλειαν
1298 2979 1459 3051 λέγει’
1504 2978 1745 3032 πλατεῖαν
1768 2974 1826 3031 δε

245 3081 332 3126 καὶ
398 3073 710 3147 εὐρύχωρον,
770 3073 840 3132 ὡς
885 3067 1088 3143 μηδένα
1139 3074 1290 3121 πόνον
1329 3067 1667 3141 παρέχουσαν
1723 3074 1827 3128 τοῖς

237 3167 617 3239 εἰσερχομένοις
674 3157 747 3212 δι’
777 3159 956 3223 αὐτῆς,
1012 3155 1190 3212 διὰτὸ
1249 3156 1486 3211 ἁόοιστον
1537 3161 1699 3218 αὐτῆς
1737 3160 1826 3208 καὶ

230 3255 406 3307 ἄνετον
433 3256 524 3303 καὶ
552 3249 972 3322 ἀπαρατὴρητον.

301 3433 372 3485 Τί
411 3432 562 3484 στενή
594 3457 652 3465 -
683 3426 840 3488 ζωήν.
886 3427 956 3478 Τό
1000 3429 1072 3493 τί,
1105 3423 1218 3476 ἀντὶ
1259 3424 1370 3495 (Η)
1401 3430 1493 3476 τοῦ
1543 3423 1696 3475 πάνυ.
1729 3428 1828 3474 Με-

237 3517 454 3591 γαλύνει
482 3518 582 3586 γὰρ
619 3521 704 3573 τήν
760 3519 1043 3572 στενότητα
1074 3519 1160 3564 καί
1200 3517 1258 3564 τὸ
1288 3511 1514 3587 θλιϐερόν
1539 3511 1666 3570 αύτῆ
1681 3531 1718 3576 ς,
1747 3511 1829 3562 ἵνα

237 3607 604 3682 προμαθόντες
627 3605 758 3656 αύτὰ
788 3601 1129 3678 διεγερθῶμεν
1157 3602 1228 3664 εἰς
1259 3600 1457 3673 ἀγῶνας
1504 3605 1592 3652 καὶ
1629 3619 1829 3674 παρασ-

230 3697 570 3766 κευασθῶμεν
598 3693 663 3754 εἰς
692 3695 954 3762 ὑπομονὴν
993 3695 1082 3743 καὶ
1107 3695 1379 3764 καρτερίαν
1408 3699 1508 3742 τῶν
1530 3693 1722 3746 πόνων.
1759 3692 1829 3741 Τό

233 3789 330 3860 γὰρ
395 3787 823 3858 προεγνωσμένου
885 3785 975 3833 καὶ
1039 3775 1530 3855 προσδεδοκημένον
1577 3777 1829 3851 λυπηρόν,

247 3875 606 3947 ὠχερέστερον
643 3875 731 3923 καὶ
777 3874 1082 3944 κουφότερον
1128 3869 1272 3921 εἴωθε
1309 3871 1675 3941 προσπίπτειν.
1709 3873 1829 3918 Βου-

247 3960 439 4032 λόμενος
470 3964 560 4033 μὲν
602 3956 691 4011 οὖν
731 3957 1034 4030 ἐναγωνίους
1063 3962 1152 4009 καὶ
1181 3959 1513 4030 καρτερικούς
1543 3952 1670 4008 εἶναι
1712 3959 1834 4018 τοὺς

249 4051 490 4122 μαθητὰς,
545 4044 781 4106 ἐδήλωσε
821 4051 880 4100 τὸ
941 4051 1262 4119 στενόχωρον
1313 4050 1403 4098 καὶ
1451 4040 1714 4121 ἐπώδυνον
1742 4052 1834 4106 τῆς

242 4137 509 4214 εἰρημένης
537 4133 690 4190 ὁδοῦ.

302 4314 778 4389 Παραμυθοᾶμενος
829 4307 888 4364 δί
933 4314 1024 4370 την
1077 4310 1300 4364 ἐντεῦθεν
1344 4311 1710 4376 κακοπάθειαν,
1744 4315 1834 4364 καὶ

233 4405 500 4477 κουφίζων
531 4406 589 4454 τό
637 4401 874 4454 ἐπίπονον
899 4399 1030 4459 αύτῆ
1041 4420 1081 4467 ς,
1125 4395 1355 4464 ἐδίδαξε,
1384 4407 1482 4452 ποῦ
1510 4398 1719 4471 ἀπὰογει,
1757 4401 1834 4452 ὅτι

229 4495 300 4557 εἰς
333 4498 431 4551 τὴν
466 4492 628 4556 ζωὴν,
678 4486 889 4549 δηλαδὴ
940 4494 1033 4548 τὴν
1063 4489 1285 4541 αἰώνιονο
1323 4489 1425 4554 ἶνα,
1478 4490 1595 4541 ὅταν
1632 4486 1833 4561 βλέπων

227 4584 296 4644 εἰς
317 4586 442 4642 τοὺς
476 4584 682 4643 πόνους,
719 4579 963 4650 ἰλιγγιᾷς,
1005 4577 1297 4649 ἀποϐλέψας
1327 4577 1392 4638 εἰς
1414 4580 1470 4630 τό
1497 4577 1636 4638 τέλος
1667 4577 1834 4630 αὐτῶν
1866 4556 1912 4611 D

225 4669 586 4744 παροξυνθῇς,
618 4675 732 4730 ταῖς
768 4675 856 4728 τῆς
909 4661 1219 4728 ἀντιδόσεως
1267 4665 1438 4720 έλπίσι
1480 4670 1830 4742 νευρούμενος.

226 4760 307 4813 Οὐ
362 4760 533 4831 μικρὰ
591 4753 650 4810 δε
693 4761 1012 4830 παρηγορία,
1064 4760 1153 4809 καὶ
1234 4759 1292 4808 τό
1355 4754 1571 4808 καλέσαι
1638 4758 1833 4814 ταύτην

222 4848 402 4906 πύλην
433 4851 526 4900 καὶ
550 4842 692 4901 όδόν.
728 4851 828 4900 Καὶ
871 4845 1024 4918 ἄμφω
1063 4849 1164 4921 γὰρ
1204 4840 1615 4921 παροδευόμενὰ,
1657 4848 1746 4897 καὶ
1774 4843 1832 4896 ού

223 4942 445 5013 μόνιμο.

307 5205 352 5245 ⁸⁷
386 5205 580 5267 Levit.
610 5221 719 5278 nx,
756 5205 823 5262 18
899 5205 946 5241 ³⁸
972 5203 1176 5263 Matth.
1222 5217 1362 5270 xxii,
1392 5201 1480 5270 36,
1510 5201 1599 5258 40.

1177 368 1545 429 COMMENT.
1585 368 1654 426 IN
1692 363 2146 428 MATTH/EUM.
2196 400 2264 410 —
2302 368 2456 425 CAP.
2498 368 2617 425 VII.

3467 368 3572 424 266

1922 493 2109 565 pheta
2152 491 2568 550 determinant.
2609 492 2719 548 Lex
2777 491 3073 565 siquidem
3114 491 3296 548 dicit:
3346 491 3572 564 Diliges

1920 584 2260 650 proximum
2285 589 2436 637 tuum
2456 582 2603 638 sicut
2625 589 2678 638 te
2704 583 2892 651 ipsum
2923 583 2989 636 ³⁷.
3011 581 3313 652 Prophetas
3330 597 3573 655 quoque

1924 669 2110 724 multa
2139 669 2212 725 de
2241 670 2498 726 fraterno
2529 686 2730 726 amore
2778 670 3012 726 Iudaeos
3061 669 3351 726 exhortati
3389 678 3528 727 sunt
3557 689 3570 739 ;

1923 757 2028 812 sed
2055 763 2112 814 et
2149 758 2410 814 Christus
2462 760 2520 814 in
2554 759 2941 831 sequentibus
2988 759 3373 829 interroganti
3403 759 3576 829 legis-

1927 847 2136 918 perito,
2156 848 2320 920 quod
2338 854 2491 904 esset
2519 849 2869 904 mandatum
2898 864 3184 918 magnum
3217 850 3274 904 in
3307 848 3454 918 lege,
3473 849 3575 905 ubi

1925 935 1998 989 de
2023 936 2120 990 Dei
2142 952 2209 990 ac
2230 936 2480 1008 proximi
2502 952 2706 991 amore
2728 937 3157 1008 respondisset,
3185 935 3447 993 subdidit
3476 954 3487 992 :
3511 938 3576 992 In

1929 1023 2020 1079 his
2049 1023 2259 1079 duobus
2304 1025 2600 1081 mandatis
2639 1026 2902 1081 universa
2957 1026 3056 1082 (ea:
3085 1026 3299 1095 pendet
3347 1032 3400 1081 et
3430 1042 3569 1095 pro-

1925 1112 2114 1182 pheta
2137 1115 2182 1147 ³⁸
2212 1112 2324 1168 boc
2355 1120 2460 1177 est,
2487 1114 2574 1168 his
2605 1114 2840 1170 duobus
2871 1114 3064 1184 magis
3086 1130 3357 1186 appensa
3406 1119 3576 1170 sunt:

1929 1201 2082 1255 circa
2110 1201 2235 1256 hinc
2265 1202 2387 1258 duo
2415 1205 2606 1272 magis
2633 1204 2862 1275 egregie
2903 1208 3154 1258 tractant
3192 1220 3261 1259 ac
3294 1208 3574 1260 narrant:

1928 1287 1987 1343 id
2016 1304 2124 1360 pro
2155 1306 2332 1362 sc0po
2360 1290 2673 1358 habentes,
2715 1297 2774 1347 ut
2807 1292 3078 1348 homines
3113 1291 3368 1348 doceant
3395 1295 3580 1348 Deum

1929 1377 2178 1434 colendo
2209 1396 2432 1446 amare,
2473 1396 2543 1437 ac
2574 1397 2636 1437 se
2667 1381 2944 1453 invicem,
2978 1380 3038 1437 in
3088 1381 3251 1439 nullo
3281 1381 3444 1439 alteri
3479 1397 3582 1437 no-

1929 1466 2142 1525 cendo.

2001 1739 2194 1793 Potest
2222 1752 2464 1810 quoque
2501 1736 2703 1793 etalio
2757 1737 2939 1794 modo
2999 1736 3133 1800 dici,
3183 1737 3345 1809 quod
3384 1737 3583 1796 omnis

1930 1825 2016 1881 lex
2057 1841 2128 1881 ac
2172 1826 2478 1897 praplietee
2521 1826 2649 1881 haec
2679 1825 2801 1882 duo
2832 1832 3131 1898 praecepta
3175 1825 3399 1883 habent
3447 1832 3579 1885 tau-

1927 1930 2108 1986 quam
2139 1913 2423 1980 radicem,
2447 1929 2697 1969 causam
2719 1919 2774 1969 et
2798 1923 3242 1984 argumentum.

2003 2004 2160 2057 Vers.
2199 2002 2278 2056 13.
2326 2003 2554 2058 Intrate
2591 2009 2924 2073 —portam.
2973 2004 3302 2076 Angustam
3343 2010 3581 2077 portam

1928 2095 2100 2145 vocat
2166 2090 2449 2145 virtutum
2515 2092 2944 2162 operationem.
3015 2095 3251 2148 Portam
3312 2093 3577 2166 quidem,

1929 2182 2221 2250 tanquam
2251 2178 2329 2234 ad
2373 2182 2556 2235 vitam
2597 2184 2874 2236 aeternam
2929 2181 3399 2238 introducentem
3432 2199 3445 2249 ;
3479 2198 3582 2239 an-

1930 2272 2168 2338 gustam
2200 2282 2357 2334 vero,
2406 2273 2470 2323 ut
2523 2284 2656 2340 quae
2699 2268 3099 2340 ingredientes
3159 2274 3453 2343 praeparet
3503 2271 3581 2327 ad

1929 2355 2168 2411 labores
2230 2371 2300 2411 ac
2357 2354 2709 2412 at‘ﬂictiones
2759 2361 2952 2414 donec
3003 2360 3077 2414 ad
3153 2358 3336 2414 ﬁnem
3381 2373 3583 2431 perve-

1933 2447 2118 2500 niant.
2143 2445 2292 2510 Quia
2323 2445 2473 2500 enim
2502 2451 2666 2502 arcta
2695 2450 2782 2502 est
2826 2446 2905 2502 ob
2932 2463 3104 2502 suam
3133 2445 3576 2520 perfectionem,

1932 2533 2209 2590 dicuntur
2273 2532 2430 2589 illam
2489 2549 2611 2590 non
2682 2551 2861 2608 posse
2923 2534 3171 2605 ingredi,
3236 2536 3336 2608 qui
3393 2537 3582 2594 crassi

1934 2617 2073 2678 sunt
2099 2621 2376 2692 peccatis,
2423 2622 2610 2679 donec
2663 2628 3046 2696 peccatorum
3078 2641 3113 2681 a
3161 2641 3222 2682 se
3275 2625 3581 2698 pinguedi-

1932 2727 2069 2767 nem
2101 2710 2414 2782 expellant.

2005 2802 2162 2855 Vers.
2199 2800 2282 2854 13.
2320 2799 2465 2867 Quia
2507 2831 2576 2843 —
2614 2816 2764 2859 eam.
2800 2801 3077 2860 Similiter
3119 2803 3278 2860 viam
3335 2819 3406 2861 ac
3451 2819 3586 2877 por-

1935 2893 2059 2945 tam
2103 2889 2426 2945 nominavit
2480 2890 2847 2963 voluptatum
2885 2908 3151 2949 amorem
3206 2897 3492 2966 tanquam
3525 2894 3585 2951 in

1937 2978 2300 3050 supplicium
2331 2978 2768 3035 sbducentem:
2804 2981 2864 3035 id
2913 2982 3073 3037 enim
3127 2987 3298 3038 vocat
3323 2983 3421 3038 hic
3461 2999 3588 3056 per.

1936 3067 2241 3122 ditionem.
2304 3069 2506 3123 Latam
2541 3074 2739 3124 autem
2786 3074 2841 3124 et
2889 3072 3236 3142 spatiosam,
3269 3073 3412 3144 quia
3459 3073 3588 3129 ηυι-

1935 3155 2061 3211 lum
2093 3156 2318 3228 praebet
2341 3156 2607 3212 laborem
2641 3157 3109 3227 ingredientibus
3135 3176 3237 3229 per
3258 3176 3414 3226 eam,
3448 3177 3586 3218 cum

1934 3244 2251 3314 indulgens
2272 3244 2360 3310 sit,
2383 3245 2545 3300 nullo
2567 3245 2776 3302 clausa
2795 3247 3064 3314 termino,
3085 3247 3246 3304 nullo
3273 3248 3589 3308 observata

1935 3333 2202 3390 custode.

2007 3423 2164 3476 Vers.
2221 3425 2298 3477 14.
2359 3422 2543 3488 Quam
2574 3430 2826 3492 angusta
2882 3455 2948 3463 —
2996 3424 3197 3480 vitam.
3257 3427 3348 3490 Τὸ,
3381 3440 3586 3498 quam,

1936 3525 2044 3584 pro
2075 3509 2245 3564 valde
2280 3510 2542 3581 ponitur.
2587 3511 2916 3580 Exaggerat
2945 3511 3103 3567 enim
3132 3512 3477 3583 angustiam
3515 3529 3587 3570 ac

1937 3597 2416 3654 constrictionem
2434 3599 2641 3671 ipsius,
2669 3600 2835 3655 uthis
2861 3600 3156 3671 congnitis
3179 3601 3258 3657 ad
3290 3607 3591 3658 certamen

1938 3689 2283 3752 excitemur,
2302 3692 2358 3744 et
2379 3703 2771 3760 praaparemur
2801 3689 2879 3746 ad
2904 3689 3178 3747 laborum
3214 3689 3593 3750 tolerantiam

1940 3791 2008 3832 ac
2055 3776 2473 3833 constantiam.
2528 3777 2676 3834 Nam
2719 3777 2883 3850 quod
2938 3793 3010 3834 ex
3060 3795 3123 3835 se
3178 3779 3338 3836 triste
3393 3785 3504 3847 est,
3543 3781 3595 3837 si

1939 3865 2367 3939 prtecognitum
2400 3865 2568 3922 fuerit
2597 3883 2666 3922 ac
2692 3867 3165 3940 praecogitatum,
3200 3869 3305 3925 ubi
3333 3869 3598 3942 contige-

1939 3955 2031 4019 rit,
2064 3953 2294 4010 facilius
2329 3970 2400 4010 ac
2448 3955 2638 4011 levius
2668 3955 2900 4012 tolerari
2951 3957 3119 4014 solet.
3153 3957 3365 4015 Volens
3395 3959 3596 4033 itaque

1941 4043 2286 4116 discipulos,
2315 4045 2709 4100 certaminum
2729 4046 3084 4118 prtevalidos
3112 4047 3235 4103 ﬂeri
3263 4049 3593 4120 praefectos,

1941 4131 2344 4189 manifestavit
2365 4132 2522 4188 viam
2542 4134 2883 4204 praedictam
2906 4150 3034 4190 esse
3053 4141 3373 4208 angustam
3403 4153 3472 4194 ac
3491 4137 3594 4195 do-

1939 4219 2057 4276 lore
2087 4220 2348 4292 plenam.

2013 4309 2271 4381 Cupiens
2301 4314 2501 4364 autem
2524 4325 2626 4365 eos
2659 4311 2976 4378 consolari,
3021 4310 3098 4366 ob
3129 4326 3264 4366 eam
3291 4328 3427 4385 quas
3459 4313 3597 4371 inde

1942 4397 2210 4470 sequitur
2251 4395 2674 4453 aﬂlictionem:
2729 4404 2787 4453 et
2825 4397 3111 4454 allevians
3173 4402 3337 4472 quod
3404 4401 3464 4458 in
3525 4418 3598 4461 ea

1939 4485 2310 4543 laboriosum
2363 4490 2472 4550 est,
2537 4485 2873 4545 manifestat
2901 4503 3022 4560 quo
3098 4489 3287 4556 ducat,
3329 4495 3471 4564 puta
3518 4493 3598 4549 ad

1941 4577 2148 4646 vitam,
2192 4575 2464 4632 videlicet
2521 4579 2822 4644 teternam,
2881 4583 2942 4634 ut
2999 4579 3145 4636 dum
3185 4579 3326 4636 visis
3384 4581 3596 4639 labori-

1939 4664 2055 4722 bus
2107 4664 2390 4732 anxiaris,
2451 4665 2507 4721 in
2554 4665 2729 4722 ﬁnem
2784 4667 3049 4738 ipsorum
3115 4669 3438 4742 respiciens
3501 4687 3600 4728 ex-

1942 4755 2160 4824 citeris,
2262 4754 2485 4812 viribus
2571 4771 2607 4812 a
2693 4771 2800 4829 spe
2867 4757 3265 4814 retributionis
3358 4760 3596 4817 additis.

1940 4846 2144 4916 Neque
2221 4845 2468 4902 minima
2543 4845 2869 4903 consolatio
2935 4851 3046 4914 est,
3117 4863 3325 4906 vocare
3405 4849 3601 4922 ipsam

1940 4938 2181 5008 portam
2210 4949 2280 4992 ac
2310 4934 2472 4992 viam
2507 4951 2519 4991 :
2547 4939 2762 4993 neutra
2805 4936 3101 5010 siquidem
3134 4947 3464 5012 permanet,
3498 4941 3602 4997 sed

1943 5023 2178 5081 transit.

1457 5322 1685 5397 Variae
1724 5326 2052 5396 lectiones
2097 5336 2388 5396 etnotae.

231 5528 338 5605 jor
363 5532 454 5605 est
491 5527 626 5605 hoc,
647 5526 823 5605 loco,
846 5526 1010 5605 quod
1041 5542 1078 5583 a
1107 5525 1522 5605 Cbrysostomo
1553 5524 1844 5605 dissentit,

234 5594 515 5678 cuipam
547 5599 768 5678 intulit.
804 5594 1096 5678 t..’v1_1,_p.
1136 5594 1242 5655 291'
1274 5615 1288 5668 ;
1316 5597 1431 5666 v11,
1457 5613 1518 5672 ρ.
1552 5598 1678 5656 451.

302 5674 422 5753 (46)
455 5674 484 5728 ὁ
511 5674 776 5746 Χριστός,
810 5669 981 5727 abest
1010 5669 1077 5724 Ᾰ.

453 5761 711 5819 Psmoa.
754 5759 870 5817 GR.
915 5756 1180 5818 CXXIX.

1953 5525 2200 5602 (47)}1‘6
2274 5529 2327 5578 τί
2399 5524 2595 5602 possit
2675 5525 2847 5586 etiam
2925 5524 3110 5602 accipi

3195 5541 3306 5604 pro
3389 5527 3474 5597 ὡς,
3539 5532 3606 5594 ὡς

1957 5600 2131 5666 στενή,
2162 5610 2348 5671 quam
2377 5601 2660 5670 angusta.

3284 5760 3324 5814 9
3401 5767 3405 5771 .
