4170 6456
591 376 695 430 267

581 587 847 661 jucunda
903 591 990 642 est
1042 590 1097 643 et
1141 587 1267 643 sine
1310 587 1551 644 labore:
1619 587 1716 642 hic
1775 591 1975 642 autem
2037 588 2236 658 pauci,

588 675 731 748 quia
759 674 1015 731 difﬁcilis
1059 682 1150 732 est
1188 692 1258 733 ac
1308 676 1624 733 laboriosa.
1677 675 1837 732 Scire
1871 679 2071 731 autem
2103 690 2238 730 con-

584 764 761 830 venit,
811 764 977 837 quod
1042 781 1203 821 nunc
1264 771 1576 837 angustam
1633 780 1704 821 ac
1765 764 2025 820 strictam
2078 763 2239 818 viam

585 852 837 910 ccelestis
886 854 1019 909 vitae
1090 853 1254 922 dixit,
1294 859 1529 926 prOpter
1577 854 2006 926 temporariam
2049 852 2237 924 ipsius

588 941 1015 1011 aﬂlictiouem;
1057 942 1198 998 alibi
1237 959 1379 999 vero
1410 959 1593 999 suave
1636 942 1777 998 dicit
1811 942 2027 1014 jugum
2069 956 2238 996 man-

587 1030 869 1087 datorum
911 1047 1178 1102 suorum,
1228 1035 1285 1088 et
1314 1047 1467 1088 onus
1519 1037 1956 1105 praeceptorum
1991 1044 2238 1085 suorum

587 1118 714 1190 leve
758 1121 827 1186 ³ο,
883 1119 963 1176 ob
1015 1136 1183 1193 spem
1233 1126 1594 1178 aeternorum
1650 1120 1964 1176 bonorum.
2049 1117 2239 1173 Virtus

587 1207 746 1264 enim
788 1208 984 1278 gravis
1034 1208 1280 1280 quidem
1330 1213 1417 1265 est
1489 1216 1733 1282 propter
1795 1208 2062 1264 laborum
2115 1220 2239 1261 mo-

583 1297 836 1362 lestiam,
868 1297 1011 1354 levis
1041 1303 1236 1355 autem
1276 1303 1520 1372 propter
1555 1298 1997 1355 retributionem
2032 1313 2044 1352 :
2108 1309 2236 1350 sen-

587 1402 838 1458 sumque
862 1385 1088 1443 doloris
1125 1388 1357 1460 mitigat
1385 1403 1456 1446 ac
1485 1391 1764 1445 extenuat
1814 1385 1991 1442 futuri
2019 1399 2238 1457 exspe-

589 1475 766 1531 ctatio
791 1475 1017 1546 gaudii.

659 1563 822 1620 Vers.
858 1569 950 1624 15.
987 1565 1284 1623 Cavete—
1328 1580 1592 1636 rapaces.
1653 1567 1971 1637 Postquam
2023 1563 2098 1619 de
2144 1562 2242 1619 via

589 1651 751 1719 dixit,
795 1652 963 1710 addit
1002 1657 1060 1710 et
1109 1654 1185 1710 de
1225 1653 1318 1710 his
1370 1669 1507 1726 quas
1537 1669 1643 1725 per
1685 1653 1844 1710 viam
1895 1652 1956 1707 in
2008 1651 2240 1707 insidiis

586 1745 892 1815 ponuntur
953 1746 1018 1799 ut
1056 1743 1397 1799 attentiores
1448 1758 1518 1798 ac
1575 1741 1976 1814 vigilantiores
2030 1740 2236 1795 simus.

1904 369 2263 431 EUTHYMII
2299 368 2627 428 ZIGABENI

661 499 822 554 Vers.
870 500 952 553 14.
1004 498 1084 554 Et
1121 528 1190 537 —
1238 513 1388 555 eam.
1448 496 1536 554 Ibi
1581 496 1828 570 quidem
1881 496 2054 554 multi
2092 497 2241 569 quia
2272 499 2319 552 A

2429 500 2529 548 Καὶ
2557 526 2617 535 -
2650 494 2828 553 αὐτὴν.
2860 495 2995 548 Ἐκιῖ
3011 497 3102 567 μὲν
3131 493 3332 563 πολλοὶ,
3359 488 3454 545 διὰ
3473 494 3530 544 τὸ
3561 487 3668 550 ἡδύ
3703 495 3794 543 καὶ
3819 491 3957 543 ἄπο-

2349 604 2450 638 νον·
2481 584 2699 637 ἐνταῦθα
2723 581 2780 636 δε
2812 583 2994 655 ὀλίγοι,
3030 581 3122 636 διὰ
3181 587 3238 636 τὸ
3288 587 3472 656 πικρὸν
3505 587 3593 633 καὶ
3630 579 3950 652 ἐπίμοχθον.

2351 679 2613 749 Προσήκιι
2645 669 2704 725 δε
2731 679 3026 744 γινώσκειν,
3054 674 3132 725 ὅτι
3161 680 3248 724 νῦν
3281 675 3370 744 μὲν
3399 675 3580 730 στενὴν
3603 674 3693 722 καὶ
3743 667 3957 741 τεθλιμ-

2348 767 2502 835 μένην
2527 766 2620 820 τὴν
2650 761 2815 820 πύλην
2843 767 2932 814 καὶ
2971 766 3064 820 τήν
3094 759 3216 813 ὀὸὀν
3262 769 3351 821 τῆς
3399 764 3608 811 αἰωνίου
3641 759 3776 820 ζωῆς
3806 761 3953 829 εἶρηο

2347 872 2423 916 κε,
2469 848 2562 904 διὰ
2612 855 2706 908 τὴν
2750 853 3072 925 πύοσκαιρον
3105 850 3267 912 αὐτῆς
3290 850 3657 902 κακοπάθειαν·
3705 844 3951 918 ἀλλοιχοῦ

2348 937 2408 993 δε
2427 943 2667 1015 χρηστὸν
2710 940 2841 1012 λέγει
2890 944 2975 992 τὸν
3016 941 3173 1011 ζυγὸν
3227 947 3327 990 τῶν
3381 937 3590 991 ἐντολῶν
3647 937 3806 989 αύτοῦ
3855 942 3950 988 xui

2346 1033 2404 1082 τὸ
2437 1035 2641 1105 φορτίον
2672 1038 2770 1081 τῶν
2825 1028 3186 1102 ἐπιταγμάτων
3231 1028 3390 1081 αὐτοῦ
3432 1026 3667 1100 ἐλαφρὸν,
3712 1022 3806 1078 διά
3849 1031 3948 1083 τήν

2345 1121 2520 1191 χαρὰν
2577 1114 2672 1180 τῆς
2713 1114 2917 1178 ἐλπίδος
2968 1127 3068 1170 τῶν
3107 1117 3325 1169 αἰωνίων
3386 1115 3619 1189 ἀγαθῶν.
3670 1114 3728 1166 Ἠ
3782 1112 3942 1186 ἀρετή

2345 1211 2444 1280 γὰρ
2501 1205 2688 1281 βαρεῖα
2737 1211 2824 1280 μεν
2879 1206 3008 1272 ἐστι,
3075 1203 3169 1259 διά
3214 1210 3272 1258 τὸ
3328 1207 3552 1277 ἐπαχθες
3601 1213 3701 1256 τῶν
3750 1207 3944 1255 πόνων·

2347 1297 2537 1370 ἐλαφρὰ
2569 1293 2644 1362 δι,
2678 1292 2770 1348 διὰ
2812 1301 2905 1353 τὴν
2953 1291 3244 1362 ἀντίδοσιν,
3291 1299 3380 1347 καὶ
3428 1299 3520 1353 τήν
3569 1295 3820 1351 αἴσθησιν
3850 1301 3947 1354 τῆς

2349 1383 2669 1460 δριμύτητος
2699 1385 2912 1459 πραΰνει
2937 1390 3027 1438 καὶ
3055 1384 3241 1438 λεαίνει
3278 1386 3308 1443 ἠ
3355 1379 3654 1458 προσδοκία
3693 1389 3788 1444 τῆς
3826 1381 3947 1454 μελ-

2346 1474 2545 1536 λούσης
2571 1482 2765 1550 χαρᾶς.

2423 1567 2716 1639 Προσέχετε
2779 1595 2846 1606 —-
2911 1563 3158 1638 ἅρπαγες.
3225 1563 3395 1617 Εἰπὼν
3454 1566 3571 1638 περὶ
3630 1570 3723 1623 τῆς
3789 1556 3940 1626 ὀδοῦ,

2347 1654 2670 1726 προστίθησι
2697 1657 2784 1704 καὶ
2809 1657 2926 1726 περὶ
2950 1660 3047 1703 τῶν
3073 1651 3500 1704 ἐπιϐουλευόντων
3518 1653 3649 1702 κατὰ
3670 1653 3762 1708 τὴν
3793 1645 3941 1719 ὁδὸν,

2349 1742 2434 1794 ἱνα
2498 1747 2963 1814 προσεκτικωτεροι
3043 1747 3130 1794 καὶ
3200 1741 3568 1813 νηφαλιωτεροι
3626 1737 3776 1811 ὦμεν·
3835 1739 3943 1790 ἀλλ’

589 1829 656 1887 Ει
701 1831 762 1888 in
787 1832 1258 1903 praecedentibus
1288 1832 1554 1906 quidem,
1595 1831 1670 1887 de
1701 1831 1952 1887 canibus
1989 1846 2059 1886 ac
2114 1845 2242 1901 por-

2352 1830 2520 1884 ὀπίσω
2572 1832 2662 1902 μεν
2710 1834 2827 1901 περὶ
2887 1838 3051 1881 κυνῶν
3089 1834 3178 1881 xui
3207 1833 3404 1902 χοίρων
3435 1826 3693 1891 ἐδίδαξεν⁸
3723 1826 3946 1880 ἐνταῦθα

590 1920 674 1976 cis
726 1920 930 1977 docuit
963 1935 976 1986 ;
1007 1920 1103 1976 hic
1153 1937 1294 1977 vero
1341 1920 1505 1978 aliud
1568 1936 1808 1994 quoque
1853 1935 2040 1990 genus
2092 1918 2243 1991 peri-

592 2009 850 2066 culosius
896 2009 1145 2075 inducit,
1201 2011 1484 2083 luporum
1549 2009 1823 2066 videlicet
1873 2008 2050 2066 ovina
2089 2007 2241 2080 pelle

592 2101 984 2157 contectorum
1018 2118 1031 2158 :
1063 2098 1208 2171 quia
1233 2099 1318 2154 illi
1360 2102 1512 2156 certe
1565 2097 1888 2166 manifesti,
1948 2097 2007 2153 hi
2040 2101 2242 2154 autem

595 2187 926 2246 absconditi
956 2191 1088 2244 sunt
1116 2191 1171 2244 et
1205 2186 1436 2244 occulti.

665 2278 875 2333 Dicunt
895 2292 1036 2348 ergo
1065 2277 1307 2349 quidam
1333 2277 1444 2333 hos
1473 2292 1599 2332 esse
1630 2275 1974 2348 prodigiosa
2007 2279 2062 2332 et
2093 2274 2245 2331 falsa

591 2365 923 2439 loquentes,
977 2381 1048 2421 ac
1103 2365 1378 2420 homines
1427 2365 1723 2437 quosdam
1777 2365 1903 2421 sine
1954 2365 2095 2432 Deo,
2143 2368 2247 2435 qui

592 2455 860 2514 fallendo
903 2454 1211 2527 plurimos,
1255 2453 1692 2523 obambulant;
1725 2451 2061 2524 nuncupari
2104 2467 2247 2508 vero

596 2544 781 2604 falsos
821 2543 1162 2617 prophetas,
1198 2548 1396 2614 utpote
1447 2543 1647 2600 futura
1689 2541 2135 2598 subindicantes
2175 2556 2246 2597 ac

595 2632 1026 2707 praadicentes;
1058 2631 1250 2688 venire
1282 2636 1483 2689 autem
1533 2631 1594 2687 in
1625 2629 1988 2687 vestimentis
2018 2630 2243 2697 ovium,

597 2727 887 2795 tanquam
941 2721 1003 2777 in
1031 2721 1225 2792 ﬁgura
1273 2719 1654 2778 rationalium
1695 2719 1922 2788 ovium,
1968 2735 2101 2791 quas
2133 2717 2245 2774 sub

600 2812 830 2868 Christo
880 2815 1114 2883 pastore
1157 2811 1526 2884 procedunt;
1576 2826 1708 2866 esse
1752 2825 1894 2865 vero
1938 2808 2114 2882 lupos
2155 2824 2245 2865 ra-

598 2917 804 2976 paces,
844 2899 959 2956 hoc
989 2904 1094 2969 est,
1127 2900 1303 2956 tacite
1342 2904 1397 2956 et
1421 2898 1691 2955 clanculo
1721 2897 2086 2968 simplicium
2125 2897 2248 2954 ani-

601 3006 734 3047 mas
771 2988 1053 3056 fallentes,
1089 2993 1146 3045 et
1170 2990 1229 3044 in
1261 2987 1654 3059 perditionem
1687 2985 2105 3058 subripientes.

673 3079 1125 3152 Chrysostomus
1141 3083 1341 3134 autem
1371 3074 1483 3131 hoc
1513 3074 1654 3130 dicit
1690 3091 1822 3132 esse
1862 3075 2246 3140 Christianos,

601 3167 777 3225 vitam
805 3167 1049 3240 quidem
1077 3165 1364 3222 habentes
1393 3163 1671 3220 nocivam
1699 3180 1769 3220 ac
1827 3163 2245 3236 perniciosam,

601 3255 947 3314 simulantes
975 3260 1178 3312 autem
1203 3253 1535 3310 bonitatem
1566 3269 1636 3310 ac
1665 3254 1960 3326 pietatem,
1988 3269 2249 3327 quorum

600 3346 896 3420 colloquia
947 3347 1344 3416 corrumpunt
1389 3359 1587 3400 mores
1633 3342 1848 3400 bonos.
1897 3343 2251 3415 Exprimens

597 3431 799 3509 itaque
829 3435 1088 3492 Christus
1131 3431 1528 3490 differentiam
1576 3449 1614 3489 a
1659 3432 1959 3505 praedictis
1999 3430 2251 3488 canibus

598 3541 668 3584 ac
699 3527 918 3598 porcis,
954 3522 1130 3594 jussit
1185 3522 1301 3578 illis
1354 3521 1602 3594 quidem
1660 3521 1913 3593 mystica
1966 3521 2253 3590 dogmata

596 3629 722 3671 non
761 3611 1140 3676 concredere,
1198 3611 1273 3667 ab
1302 3610 1395 3664 his
1440 3613 1642 3665 autem
1693 3624 1901 3665 cavere
1956 3623 2032 3664 ne
2057 3607 2250 3681 perni-

599 3702 752 3758 ciem
819 3701 1084 3772 ipsorum
1176 3699 1602 3770 participemus,
1674 3701 1965 3769 tanquam
2017 3713 2054 3754 a
2113 3696 2250 3754 feris

599 3788 932 3848 venenatis.
997 3790 1076 3844 Ne
1153 3785 1467 3843 turbentur
1520 3790 1722 3843 autem
1793 3786 2116 3854 auditores,
2179 3802 2250 3844 eo

601 3877 764 3952 quod
805 3892 923 3933 non
968 3872 1136 3932 facile
1187 3878 1618 3946 cognoscantur
1667 3875 2012 3947 hujusmodi
2059 3875 2250 3933 homi-

599 3982 728 4033 nes,
784 3964 956 4022 docet
1007 3964 1187 4022 etiam
1244 3979 1368 4037 quo
1429 3966 1608 4036 pacto
1659 3963 1820 4038 ipsos
1864 3970 2245 4038 cognoscant,

602 4054 807 4110 dicens
835 4077 847 4110 :

671 4150 831 4208 Vers.
874 4153 960 4209 16.
991 4153 1040 4208 Α
1062 4151 1360 4222 fructibus
1389 4183 1458 4194 —
1487 4166 1598 4210 eos.
1634 4153 2009 4225 Quanquam,
2037 4152 2248 4227 inquit,

599 4241 782 4300 latere
837 4241 1170 4308 videantur,
1236 4246 1500 4298 attamen
1554 4241 1722 4299 facile
1781 4248 2122 4316 arguentur.
2172 4245 2254 4299 Ea

601 4329 760 4386 enim
785 4330 880 4386 via
926 4347 1042 4403 qua
1079 4345 1245 4387 meos
1276 4329 1593 4402 discipulos
1636 4331 1909 4388 incedere
1946 4332 2118 4403 jussi,
2171 4331 2254 4387 la-

599 4413 837 4476 boriosa
883 4424 969 4475 est
1012 4435 1082 4475 ac
1120 4418 1396 4487 difﬁcilis,
1454 4435 1562 4476 nec
1619 4423 1874 4492 possunt
1918 4417 2252 4492 hypocrita

601 4522 703 4580 per
733 4522 866 4563 eam
895 4506 1191 4564 incedere.
1224 4507 1743 4572 Quemadmodum
1786 4507 1946 4564 enim
1979 4507 2143 4564 bona
2183 4521 2254 4563 ac

601 4611 893 4668 generosa
913 4595 1111 4664 arbor,
1143 4611 1265 4652 non
1295 4612 1330 4653 a
1387 4595 1660 4667 ﬂoribus,
1700 4596 1801 4652 sed
1846 4613 1882 4652 a
1930 4594 2124 4651 fructu
2155 4611 2251 4651 co-

601 4683 906 4758 gnoscitur
939 4700 950 4738 :
983 4685 1066 4741 ita
1089 4701 1229 4742 sane
1260 4690 1316 4743 et
1350 4685 1460 4743 hos
1493 4702 1614 4742 non
1647 4702 1683 4742 a
1716 4683 2112 4752 sermonibus,
2147 4684 2254 4742 sed

602 4774 680 4832 ab
719 4774 1002 4846 operibus
1054 4791 1261 4833 eorum
1302 4790 1766 4846 cognoscemus.
1809 4776 1888 4829 De
1936 4773 2158 4846 quibus
2197 4779 2254 4832 et

606 4862 829 4920 Paulus
854 4865 1164 4938 apostolus
1212 4866 1375 4936 dixit,
1426 4863 1578 4936 quod
1618 4879 1724 4936 per
1779 4862 1984 4920 dulces
2031 4879 2252 4921 sermo-

603 4967 710 5009 nes
739 4951 1045 5027 decipiunt
1089 4951 1267 5012 corda
1305 4950 1672 5026 simplicium
1727 4952 1793 5008 ‘°.
1827 4951 2045 5012 Deinde
2082 4952 2253 5032 ponit

675 5131 722 5168 '9
751 5131 944 5190 Matth.
968 5149 1050 5200 χι,
1079 5133 1168 5190 30.
1249 5131 1298 5167 ἰο
1326 5128 1496 5185 Rom.
1521 5144 1632 5199 xvi,
1667 5130 1756 5188 18.

2353 1917 2412 1973 δι
2451 1921 2618 1992 ἕτερον
2649 1915 2790 1979 εἶδος
2819 1918 3178 1993 χαλεπώτερον
3223 1919 3439 1990 εἰσάγιι,
3489 1921 3547 1970 τὸ
3597 1926 3701 1970 τῶν
3752 1917 3941 1982 λύκων,

2351 2019 2450 2062 τῶν
2481 2007 2960 2080 ἐπικεκάλυμμένων
2998 2015 3108 2068 ταῖς
3138 2017 3237 2060 τῶν
3285 2007 3559 2082 προϐάτων
3587 2003 3786 2080 δοραῖς
3822 2009 3944 2060 ὅσον

2353 2102 2534 2152 έκεῖνοι
2561 2101 2672 2172 μεν,
2699 2102 2908 2174 φανεροί
2939 2097 3088 2164 εἰσιν,
3119 2097 3262 2150 οὗτοι
3294 2094 3352 2150 δι
3389 2103 3612 2171 κρυπτοὶ
3641 2103 3730 2150 xui
3758 2097 3944 2150 λανθά-

2353 2207 2538 2248 νοντες-

2426 2280 2559 2330 Φασὶ
2590 2273 2650 2328 δέ
2678 2295 2826 2344 τινες,
2862 2279 3077 2338 τούτους
3107 2273 3235 2329 εἶναι
3264 2275 3632 2351 τερατολόγους
3648 2283 3733 2330 καὶ
3761 2276 3943 2338 ἀθέους

2353 2367 2490 2425 τινὰς
2517 2362 2833 2439 ἀνθρώπους,
2861 2369 3152 2439 περιιόντας
3177 2370 3262 2416 καὶ
3284 2363 3673 2425 ἀποπλανῶντας
3696 2364 3928 2424 πολλούς·

2356 2453 2710 2525 ὀνομασθῆναι
2734 2449 2792 2505 δε
2820 2449 3257 2529 ψευδοπροφήτας
3277 2457 3389 2526 μεν,
3416 2454 3482 2516 ὡς
3512 2455 3935 2526 ὑποκρινομένους

2355 2547 2444 2594 καὶ
2469 2541 2732 2616 προλέγειν
2771 2545 2837 2594 τά
2882 2541 3144 2615 μέλλονταο
3171 2540 3482 2616 ἐρχομένους
3514 2539 3567 2595 δε
3607 2540 3653 2593 ἐν
3680 2537 3942 2614 ἐνδύμασι

2353 2629 2646 2703 προϐάτων,
2705 2634 2793 2695 ὡς,
2837 2629 2884 2682 ἐν
2927 2636 3172 2704 σχήματι
3223 2631 3494 2706 προϐάτων
3544 2630 3780 2702 λογικῶν,
3834 2637 3946 2691 ταῖς

2351 2725 2444 2774 τοῦ
2507 2727 2741 2792 Χριστοῦ
2792 2724 3034 2792 ποίμναις
3098 2725 3570 2795 προσερχομένους
3637 2719 3822 2782 λύκους
3889 2717 3947 2774 δι

2355 2810 2612 2883 ἅρπαγας,
2666 2812 2728 2870 ὡς
2781 2810 2948 2882 ἠρέμα
2999 2815 3086 2863 καὶ
3147 2809 3430 2872 λεληθότως
3482 2812 3574 2873 τὰς
3622 2807 3804 2882 ψυχάς
3850 2818 3948 2861 τῶν

2357 2899 2716 2973 ἁπλουστέρων
2744 2899 3125 2967 ἐξαπατῶντας,
3153 2904 3242 2953 καὶ
3269 2901 3668 2974 ὑφαρπάζοντας
3707 2899 3773 2960 εἰς
3813 2897 3948 2951 ἀπώ-

2356 2989 2514 3043 λειαν.

2427 3075 2485 3129 Ὀ
2540 3074 2598 3130 δε
2645 3082 3019 3149 Χρυσόστομος
3079 3075 3189 3148 (48)
3239 3079 3454 3139 τούτους
3508 3075 3641 3148 λέγει
3695 3085 3948 3152 Χριστια-

2289 3210 2327 3263 C
2359 3170 2495 3231 νούς,
2526 3165 2641 3238 βίον
2681 3169 2770 3237 μεν
2824 3167 3043 3237 ἔχοντας
3095 3169 3316 3238 πονηρὸν
3372 3171 3460 3218 καὶ
3510 3165 3785 3239 βλαϐερὸν,
3827 3166 3950 3219 131:6-

2360 3260 2686 3331 κρινομένους
2731 3251 2789 3308 δε
2834 3254 3054 3307 ἀκακίαν
3100 3260 3189 3307 καὶ
3232 3254 3516 3322 εὐλάϐειαν,
3573 3254 3642 3306 ὧν
3671 3258 3727 3308 αἱ
3751 3255 3952 3328 ὁμιλίαι

2363 3347 2657 3418 φθείρουσιν
2685 3346 2787 3403 ἤθη
2814 3345 3054 3418 χρηστά.
3079 3343 3366 3417 Ἐμφαίνων
3390 3341 3448 3397 δὲ
3469 3348 3526 3397 τὸ
3553 3340 3804 3419 διάφορον
3834 3348 3949 3398 τού-

2359 3454 2458 3486 των
2486 3453 2538 3486 τε
2566 3438 2655 3485 καὶ
2675 3430 2771 3485 τῶν
2803 3437 3181 3507 προειρημένων
3212 3442 3375 3486 κυνῶν
3397 3438 3484 3486 καὶ
3505 3437 3704 3508 χοίρῶν
3731 3435 3756 3487 ὁ
3785 3443 3951 3510 Χρισ-

2360 3528 2462 3590 τὸς,
2499 3521 2708 3584 ἐκιίνοις
2747 3526 2857 3595 μεν,
2913 3527 2984 3595 μὴ
3025 3526 3423 3576 καταπιστεύειν
3452 3526 3687 3596 μυστικὰ
3710 3519 3954 3598 δόγματα

2358 3611 2687 3686 προσέταξεν⁸
2720 3610 2819 3664 ἀπὸ
2858 3614 3047 3664 τούτων
3088 3607 3146 3666 δε
3185 3617 3486 3687 προσέχειν,
3526 3615 3660 3666 ὥστε
3701 3618 3773 3686 μὴ
3801 3633 3952 3686 μετα-

2357 3700 2530 3755 λαϐεῖν
2563 3701 2752 3773 λύμης,
2775 3703 2844 3763 ὡς
2870 3699 2970 3753 ἀπὸ
3001 3702 3191 3774 θηρίων
3219 3701 3446 3759 ἰοϐόλων.
3473 3701 3584 3756 Ἰνα
3615 3697 3673 3754 δε
3693 3707 3766 3775 μὴ
3795 3704 3954 3774 θορυ-

2361 3790 2593 3852 ϐηθῶσιν
2619 3792 2667 3843 οἱ
2719 3789 2970 3866 ἀκροαταὶ
3030 3787 3207 3844 διὰτὸ
3241 3786 3676 3863 δυσδιάγνωστον
3724 3800 3824 3844 τῶν
3872 3790 3957 3844 ἀν-

2362 3883 2600 3955 θρώπων,
2674 3875 2924 3933 διδάσκει
2983 3884 3073 3933 καὶ
3136 3888 3244 3944 πῶς
3303 3879 3491 3944 αύτούς
3556 3880 3955 3953 ἐπιγνώσονται,

2359 3970 2515 4042 λέγων
2524 3989 2536 4002 ⁶

2435 4147 2565 4203 Ἀπὸ
2624 4156 2721 4200 τῶν
2775 4157 2985 4222 καρπῶν
3035 4179 3102 4189 -
3163 4148 3371 4211 αύτούς.
3442 4147 3502 4204 Ei
3557 4153 3646 4202 xui
3713 4139 3950 4216 δοκοῦσι,

2364 4242 2512 4311 φησὶ,
2574 4239 2854 4303 λανθάνειν,
2924 4236 3029 4289 ἀλλ’
3093 4239 3227 4310 ὅμως
3290 4236 3486 4313 ρᾳδίως
3524 4237 3950 4311 ἐλεγχθήσονται.

2362 4329 2587 4384 Τοιαύτη
2615 4328 2716 4399 γὰρ
2817 4321 2961 4393 ὁδὸς,
2993 4327 3053 4384 ἣν
3098 4324 3339 4380 ἐκέλευσα
3381 4322 3625 4400 βαδίζειν
3664 4331 3784 4390 τούς
3812 4325 3962 4399 ἐμοὺς

2363 4416 2614 4488 μαθητὰς,
2657 4414 2895 4476 ἐπίπονος
2951 4421 3040 4468 καὶ
3085 4411 3463 4489 δυσπρόσιτος,
3495 4418 3563 4478 ὡς
3591 4421 3663 4489 μὴ
3694 4413 3965 4475 δύνασθαι

2363 4509 2480 4566 τούς
2527 4506 2812 4580 ὑποκριτὰς
2862 4501 3107 4577 βαδίζειν
3155 4500 3230 4557 δι’
3284 4514 3462 4568 αυτῆς·
3514 4513 3692 4582 Ωσπερ
3745 4509 3848 4581 γὰρ
3901 4512 3964 4560 τὸ

2465 4562 2478 4566 ⁷
2662 4562 2672 4580 ι
2797 4562 2810 4566 ⁷
2862 4562 2872 4577 ι
3010 4562 3025 4566 ⁷
3395 4562 3444 4568 ’⁷
3663 4562 3672 4582 ι
3753 4562 3766 4578 ι
3817 4562 3827 4581 ι

2285 4562 2332 4617 D
2365 4593 2557 4666 ἀγαθὸν
2602 4590 2837 4670 δένδρον,
2868 4597 3054 4663 εῖτουν,
3113 4597 3171 4648 τὸ
3211 4595 3424 4667 εὐγενὲς,
3475 4595 3568 4647 οὐκ
3626 4593 3681 4647 ἐκ
3739 4604 3838 4649 τῶν
3871 4594 3966 4648 ἀν-

2365 4686 2508 4750 θέων,
2555 4682 2661 4736 ἀλλ’
2722 4682 2821 4736 ἀπὸ
2870 4692 2968 4736 τῶν
3022 4693 3230 4758 καρπῶν
3281 4683 3612 4759 γνωρίζεται·
3656 4685 3816 4745 οὕτως
3855 4687 3970 4758 ἄρα

2361 4780 2451 4827 καὶ
2490 4776 2726 4840 τούτους,
2783 4773 2876 4826 ούκ
2914 4771 2968 4824 ἐκ
3027 4782 3127 4826 τῶν
3177 4773 3362 4845 λόγων,
3419 4773 3526 4826 ἀλλ’
3560 4771 3661 4827 ἀπὸ
3701 4784 3798 4827 τῶν
3844 4775 3965 4849 (49)

2362 4865 2522 4937 ἔργων
2566 4861 2959 4936 πέιγνωσόμεθα
2997 4862 3129 4936 (50).
3186 4866 3312 4938 Περὶ
3351 4864 3419 4915 ὧν
3478 4868 3566 4917 καὶ
3614 4865 3640 4917 6
3669 4865 3969 4929 ἀπόστολος

2363 4951 2563 5016 Παῦλος
2619 4951 2805 5025 ἔλεγεν,
2849 4953 2926 5006 ὅτι
2983 4960 3046 5025 τῇ
3113 4952 3478 5026 χρηστολογίᾳ
3504 4954 3624 5026 (51)
3658 4953 3970 5017 ἐξαπατῶσι

1841 5251 2064 5326 Variae
2101 5257 2422 5330 lectiones
2455 5269 2520 5331 et
2540 5271 2742 5332 notae.

669 5457 780 5530 (48)
805 5454 972 5530 Tom.
1010 5449 1125 5530 V_ll_,
1155 5467 1216 5530 p_.
1248 5447 1374 5530 293.

567 5516 579 5558 ῖ
1028 5490 1500 5600 ’ᾗῖᾏέῖθξέίροωιξ
1545 5490 1775 5600 καρπῶν.
1807 5526 2101 5600 Rescripsi
2149 5543 2260 5600 ego

597 5595 781 5673 ἔργων,
816 5597 894 5650 uti
923 5595 1242 5673 Hentenius
1275 5595 1454 5651 etiam
1484 5595 1686 5654 habet.

671 5667 783 5740 (50)
814 5666 1121 5738 γνωσόμεθα
1145 5671 1208 5724 Δ.

2443 5458 2554 5537 (5t)
2584 5457 2950 5537 Euthymius.
2967 5459 3430 5537 ergo,u_t_multis
3454 5463 3742 5537 exemplis
3762 5463 3972 5524 doceri

2368 5535 2705 5601 potest,non
2723 5530 2796 5585 ex
2823 5530 3562 5590 codicibusN.Testamenti
3582 5530 3695 5591 is'ta
3724 5537 3973 5594 Littera-

2369 5617 2505 5682 rum
2535 5617 2841 5682 sacrarum
2866 5601 3450 5682 localaudat,_sede_x_
3449 5602 3757 5682 codicibus
3783 5606 3974 5682 (ξιπ-

2372 5673 2643 5730 sostomi.
2674 5673 2758 5730 Ita
2786 5674 2945 5731 enim
2967 5672 3265 5748 Chrysost.
3298 5678 3338 5732 t.
3384 5674 3498 5748 VII,
3538 5692 3604 5750 p.
3641 5678 3766 5736 293.
3801 5672 3971 5739 [dein
