4170 6474
218 445 324 506 269
1235 440 1600 503 COMMENT.
1640 445 1712 500 IN
1752 438 2181 501 MATTHIEUM.
2219 471 2287 482 —
2317 440 2473 498 CAP.
2514 440 2642 497 VII.
3485 441 3590 498 270

237 577 332 636 τὰς
379 569 602 648 καρδίας
632 579 736 624 τῶν
771 570 996 627 ἀκάκων.
1039 569 1171 628 Εἶτα
1211 575 1393 630 τίθησι
1426 576 1515 623 καὶ
1560 571 1833 643 λογισμὸν,
1867 578 1884 626 l

1971 567 2124 624 etiam
2153 565 2698 624 considerationem
2723 563 2803 622 ab
2853 563 3146 638 exemplo,
3186 567 3252 622 ut
3272 563 3336 622 hi
3362 562 3593 624 facilius

249 662 351 715 ἀπὸ
413 658 851 736 παραδείγματος,
906 661 978 722 εἰς
1051 661 1422 736 εύχερεστέραν
1477 660 1643 712 αὐτῶν
1720 656 1836 712 διά-

1971 657 2397 728 lignoscantur.

252 771 458 824 γνωσιν,

321 846 403 898 Μή
435 859 485 891 τι
511 868 580 880 —
623 840 808 905 σύκα;
854 843 941 897 Μή
1001 857 1072 904 τι,
1121 837 1236 891 ἀντὶ
1273 846 1385 892 τοῦ.
1437 837 1594 912 Ἀρα,
1650 837 1837 912 έρωτη·

2020 835 2181 890 Vers.
2206 835 2276 892 16
2305 834 2604 906 Numquid
2633 863 2698 876 —
2723 835 2868 906 ﬁcus
2891 832 2922 888 7
2949 837 3035 892 Μή
3077 852 3149 901 τι,
3179 834 3502 908 numquid,
3534 834 3598 892 id

250 937 492 1002 ματικῶς.
523 931 678 998 Λέγει
730 930 850 1001 γὰρ,
884 929 964 979 ὅτι
993 927 1128 1000 ’Λρα
1182 935 1445 1000 τρυγῶσιν
1499 927 1548 978 οἰ
1579 928 1841 998 ἄνθρωποι

1971 928 2054 988 εει,
2090 928 2310 988 utrum,
2344 923 2528 980 modo
2551 923 2994 993 interrogativo.
3016 923 3160 979 Dicit
3179 938 3322 995 ergo
3353 942 3365 982 :
3392 926 3597 980 Utrum

246 1017 344 1069 ἀπὸ
372 1017 610 1069 ἀκανθῶν
643 1016 908 1088 σταφυλήν
936 1033 950 1082 ;
982 1021 1072 1068 καὶ
1101 1019 1168 1068 τὰ
1218 1016 1303 1078 ἐξῆ
1316 1035 1353 1077 ς.
1392 1011 1548 1077 Εἶδος
1579 1011 1639 1068 δε
1687 1016 1842 1066 άκάνυ

1971 1011 2239 1080 zolligunt
2262 1012 2539 1067 homines
2559 1011 2633 1067 de
2663 1010 2850 1084 spinis
2872 1026 3054 1068 uvam
3078 1011 3107 1066 τ
3134 1015 3244 1068 etc.
3279 1013 3375 1069 Est
3397 1015 3598 1070 autem

241 1108 336 1168 οης
365 1107 480 1158 ἐστὶ
503 1109 596 1157 καὶ
623 1105 740 1177 (52)
779 1108 808 1164 ἠ
843 1104 1093 1180 τρίϐολος.

1971 1106 2009 1156 ιι
2040 1099 2293 1156 tribulus
2323 1101 2633 1172 spinarum
2663 1114 2880 1170 genus.

306 1195 497 1255 Οὕτως
529 1225 600 1236 -
650 1201 808 1247 ποιεῖ.
855 1194 1156 1268 Ἐρωτήσας
1207 1199 1427 1268 πρᾶγμα
1467 1195 1611 1266 παρὰ
1667 1195 1843 1264 φύσιν,

2023 1191 2162 1245 Vers
2189 1191 2276 1244 17.
2309 1189 2403 1245 Sic
2432 1221 2500 1230 —
2519 1190 2687 1259 facit.
2743 1190 2849 1246 Ubi
2890 1204 3017 1247 rem
3048 1194 3265 1262 prater
3297 1195 3600 1258 naturam,

227 1289 322 1336 καὶ
374 1280 472 1336 διὰ
512 1291 667 1336 τοῦτο
726 1279 1001 1349 ἀδύνατον,
1061 1283 1262 1354 ἐπάγει.
1325 1284 1405 1334 ὅτι
1457 1284 1629 1355 ὥσπερ
1689 1280 1846 1333 έκεῖνο

1971 1277 2236 1350 ’actuque
2265 1278 2701 1351 impossibilem
2733 1279 3175 1350 interrogasset,
3195 1280 3398 1338 subdit
3436 1281 3606 1354 quod

234 1375 482 1445 γενέσθαι
531 1373 627 1424 οὐκ
665 1369 956 1444 ἐνδέχεται,
990 1368 1083 1424 διὰ
1130 1376 1190 1424 τὸ
1239 1369 1366 1424 εἶναι
1413 1373 1502 1430 τὰς
1554 1374 1644 1443 μεν
1687 1369 1847 1421 ἀκάν-

1971 1367 2107 1422 ιὶουι
2132 1366 2276 1422 illud
2303 1367 2430 1422 ﬁeri
2479 1383 2600 1423 non
2628 1372 2840 1439 potest,
2892 1383 2965 1424 eo
2993 1368 3156 1441 quod
3185 1369 3374 1442 spina
3405 1385 3477 1427 ac
3505 1371 3606 1427 tri-

246 1463 336 1522 θας
388 1466 483 1513 καὶ
527 1460 796 1535 τριϐόλους
848 1463 1074 1536 σαπρὰς,
1134 1463 1161 1512 ὃ
1205 1459 1364 1529 ἔστιν,
1417 1459 1721 1534 ἀχρήστους
1778 1458 1849 1521 εἰς

1971 1455 2081 1511 suli
2110 1455 2346 1512 inutilia
2405 1456 2541 1521 sint,
2583 1456 2698 1512 hoc
2756 1461 2866 1521 est,
2921 1457 3125 1527 inepta
3160 1457 3240 1514 ad
3295 1458 3609 1516 ferendum

236 1555 606 1625 καρποφορίαν
638 1546 916 1622 ἐδώδιμον·
949 1555 1044 1608 τήν
1076 1547 1135 1602 δὲ
1189 1548 1454 1622 σταφυλὴν
1483 1567 1572 1600 και
1601 1550 1667 1600 τὰ
1712 1551 1850 1600 σύκα

1971 1542 2216 1599 Fructum
2274 1544 2378 1615 qui
2436 1544 2508 1600 sit
2539 1548 2715 1616 aptus
2744 1545 2871 1601 esui
2906 1561 2919 1611 ;
2953 1560 3068 1602 uva
3114 1550 3315 1603 autem
3345 1561 3417 1604 ac
3457 1547 3610 1604 licus

238 1643 369 1713 πρὸς
425 1637 630 1713 βρῶσιν
687 1635 982 1697 ἐπιτήδειαο
1028 1640 1163 1690 οὕτω
1221 1639 1332 1709 (53)
1373 1642 1461 1690 καὶ
1494 1643 1599 1690 Πᾶν
1633 1633 1848 1710 δένδρον

1971 1631 2037 1688 ad
2081 1631 2286 1689 cibum
2331 1633 2694 1690 conveniunt
2731 1649 2744 1699 ;
2802 1634 2884 1690 ita
2910 1649 3153 1707 quoque
3200 1639 3382 1693 omnis
3433 1638 3614 1694 arbor

237 1726 464 1799 ἀγαθὸν,
499 1731 731 1800 καρποὺς
778 1727 966 1789 καλοὺς
1013 1733 1168 1794 ποιεῖ,
1219 1732 1308 1779 καὶ
1354 1729 1419 1778 τὰ
1466 1725 1602 1789 έξῆς.
1646 1729 1846 1798 Σαπρὸν

1971 1719 2110 1776 bona
2158 1720 2389 1790 fructus
2419 1720 2592 1777 bonos
2647 1721 2824 1790 facit,
2878 1727 2990 1779 etc.
3046 1726 3246 1794 Σαπρόν
3309 1723 3448 1794 (pro
3487 1739 3613 1797 quo

234 1821 345 1892 γὰρ
390 1816 594 1888 λέγεται
633 1815 691 1868 ού
747 1821 900 1888 μόνον
950 1820 1006 1869 τὸ
1071 1820 1412 1889 σεσημμένον,
1471 1814 1598 1867 ἀλλά
1653 1819 1742 1866 καὶ
1791 1818 1848 1866 τό

1971 1808 2213 1877 Vulgata
2233 1808 2415 1866 editio
2441 1808 2626 1865 habet
2674 1811 2919 1875 malum,
2971 1814 3028 1866 et
3056 1810 3256 1882 potius
3285 1812 3616 1870 marcidum

231 1907 545 1978 ἄχρηστον.
587 1909 742 1977 Λέγει
787 1902 847 1958 δὲ
875 1912 963 1957 νῦν
1006 1901 1201 1978 δένδρα
1233 1907 1430 1977 σαπρὰ,
1464 1907 1584 1966 τούς
1611 1922 1851 1977 προειρηο
1879 1937 1884 1990 1

1971 1896 2257 1967 signiﬁcat
2286 1902 2390 1953 aut
2415 1897 2758 1969 putridum)
2783 1912 2906 1953 non
2957 1897 3150 1955 solum
3176 1898 3392 1956 dicitur
3433 1903 3616 1974 putri-

230 2000 433 2061 μένους
461 1996 766 2067 ὑποκριτὰς,
792 1995 860 2046 ὧν
904 1997 954 2046 οἱ
991 1999 1204 2067 καρποὶ,
1237 1997 1526 2062 τουτέστιν,
1555 1994 1611 2046 αἱ
1641 1991 1852 2066 πράξεις

1971 1985 2131 2050 dum,
2189 2001 2394 2042 verum
2451 1985 2628 2042 etiam
2711 1985 3013 2060 quidquid
3065 1987 3348 2046 vitiosum
3411 1995 3468 2046 et
3529 1991 3618 2048 in-

230 2084 390 2146 ἄξιαι
418 2092 518 2145 τῆς
549 2083 712 2136 αὐτῶν
743 2088 986 2158 σαπρίας.

1971 2072 2124 2130 utile.
2158 2076 2323 2129 Nunc
2373 2088 2516 2145 ergo
2571 2078 2748 2132 vocat
2776 2074 3022 2133 arbores
3067 2077 3368 2135 marcidas
3399 2083 3504 2136 aut
3532 2080 3615 2137 vi-

228 2174 430 2230 tiosas
459 2173 773 2244 praedictos
810 2171 1179 2245 hypocritas,
1210 2187 1471 2245 quorum
1503 2171 1749 2233 fructus,
1791 2167 1906 2224 hoc
1934 2166 2040 2228 est,
2072 2161 2342 2220 actiones
2371 2161 2640 2236 aequales
2659 2168 2806 2221 sunt
2833 2180 2894 2221 m
2913 2165 3186 2222 arcedini
3220 2171 3325 2224 aut
3347 2166 3629 2227 inutilitat

227 2277 514 2317 meorum
525 2303 539 2314 .

303 2277 539 2317 eorum.

252 2277 396 2404 ΡΟΰ
425 2380 495 2391 -
523 2355 707 2403 ποιεῖν.
753 2355 864 2403 Ἵνα
908 2353 980 2422 μὴ
1014 2349 1246 2422 ὑπολάϐῃ
1283 2368 1377 2420 τις,
1427 2351 1507 2402 ὅτι
1539 2345 1761 2401 δύναται
1789 2349 1847 2399 τὸ

2025 2341 2185 2396 Vers.
2235 2343 2318 2396 18.
2358 2341 2482 2397 Non
2521 2372 2590 2383 —
2621 2342 2845 2412 facere.
2896 2344 2978 2399 Ne
3014 2342 3151 2415 quis
3201 2343 3604 2418 suspicaretur

235 2437 447 2510 ἀγαθὸν
478 2434 696 2513 δένδρον
726 2443 816 2490 καὶ
862 2441 1091 2513 καρπούς
1140 2442 1418 2513 πονηροὺς,
1466 2442 1646 2510 ἤγουν,
1675 2436 1848 2511 ἀχρή-

1971 2427 2122 2501 quod
2147 2433 2349 2501 posset
2374 2429 2537 2488 bona
2560 2429 2738 2488 arbor
2751 2431 2945 2489 malos
2974 2431 3201 2489 fructus
3227 2437 3333 2491 aut
3367 2434 3604 2492 inutiles

241 2547 404 2589 στους
433 2534 602 2580 ποιεῖν
629 2571 646 2597 ,
678 2531 768 2580 καί
806 2530 865 2580 τὸ
897 2531 1096 2601 σαπρὸν
1134 2527 1341 2598 καλούς,
1385 2525 1736 2600 ἀποφαίνεται,
1773 2528 1854 2578 ὃτι

1971 2516 2314 2590 producere,
2361 2523 2419 2576 et
2474 2519 2656 2576 arbor
2700 2520 2912 2578 vitiosa
2961 2520 3159 2579 bonos
3193 2539 3208 2578 :
3262 2523 3626 2591 manifestat,

241 2617 304 2670 οὐ
337 2613 584 2672 δύναται.

1971 2605 2130 2678 quod
2159 2606 2272 2663 hoc
2305 2606 2432 2664 ﬁeri
2460 2624 2583 2666 non
2614 2610 2823 2682 possit.

324 2710 426 2759 Καὶ
462 2713 576 2767 πῶς
599 2705 625 2756 ὁ
786 2701 972 2773 Δαυῖδ,
1008 2703 1202 2777 ἆγαθὸν
1244 2701 1462 2779 δένδρον
1507 2706 1596 2775 ὧν,
1626 2710 1856 2780 καρποὺς

2039 2697 2254 2751 Verum
2285 2697 2490 2768 David,
2524 2714 2661 2754 cum
2685 2698 2851 2756 bona
2876 2702 3030 2756 esset
3080 2699 3276 2766 arbor,
3308 2701 3618 2774 quomodo

249 2798 505 2867 πονηροὺς
553 2792 784 2860 έποίησε,
843 2799 1083 2866 ιιοιχείαν
1133 2799 1225 2847 καὶ
1281 2798 1429 2866 φόνον
1468 2811 1482 2862 ;
1528 2796 1554 2846 ὁ
1609 2791 1668 2847 δέ
1722 2801 1862 2847 Παῡ-

1971 2783 2196 2840 fructus
2221 2785 2418 2843 malos
2463 2786 2769 2859 produxit,
2802 2787 3161 2846 adulterium
3223 2791 3498 2849 videlicet
3553 2808 3626 2850 ac

256 2882 366 2952 λος,
408 2879 619 2957 δένδρον
669 2886 868 2956 σαπρὸν
914 2885 1191 2956 ὑπάρχων,
1232 2884 1424 2945 καλοὺς
1455 2887 1686 2958 καρποὺς
1717 2886 1860 2955 ἣνεγσ

1972 2872 2406 2930 homicidium?
2437 2875 2654 2932 Paulus
2685 2882 2898 2943 autem,
2929 2892 3068 2933 cum
3097 2879 3316 2936 vitiosa
3347 2886 3506 2937 esset
3535 2896 3628 2938 ur-

268 2989 345 3038 κι,
405 2979 580 3032 σκεῦος
629 2971 847 3043 ἐκλογῆς
918 2981 991 3042 τῷ
1048 2980 1265 3046 Χριστῷ
1321 2977 1638 3044 γενόμενος;
1695 2980 1862 3050 "dig;

1971 2960 2098 3028 bor,
2125 2959 2352 3018 fructus
2381 2962 2575 3020 bonos
2593 2964 2856 3035 protulit,
2875 2964 3118 3021 effectus
3133 2967 3360 3024 Christo
3383 2985 3486 3026 vas
3507 2969 3625 3026 ele-

274 3064 414 3112 Διότι
462 3060 862 3131 μετεϐλήθησαν,
895 3062 921 3112 ὁ
969 3065 1078 3134 μεν,
1131 3060 1233 3114 ἀπὸ
1281 3069 1376 3122 τῆς
1433 3060 1617 3135 ἀρετῆς
1669 3062 1742 3123 εἰς
1771 3081 1865 3114 κα-

1973 3053 2134 3106 ctum
2161 3051 2204 3086 ‘1
2229 3050 2258 3105 ?
2288 3051 2604 3116 Quomodo
2629 3052 2656 3107 ?
2673 3051 2826 3120 Quia
2846 3055 3056 3110 mutati
3077 3060 3234 3122 sunt,
3259 3055 3358 3112 hic
3379 3057 3626 3130 quidem

268 3151 400 3200 κεανο
453 3147 481 3199 ὁ
534 3145 611 3213 δε,
646 3147 748 3200 ἀπὸ
800 3157 896 3210 τῆς
948 3154 1132 3210 κακίας
1183 3149 1255 3212 εἰς
1305 3149 1504 3222 ἀρετήν.
1556 3151 1688 3210 Ἐως
1746 3146 1862 3202 δ’ἆν

1971 3153 2007 3194 a
2037 3139 2326 3209 pravitate
2378 3141 2456 3195 ad
2511 3142 2812 3206 virtutem,
2872 3141 2966 3198 ille
3023 3157 3164 3198 vero
3211 3159 3250 3200 a
3301 3145 3517 3202 virtute
3546 3147 3628 3204 ad

259 3234 500 3309 ἐνέμενον,
525 3239 552 3289 ὁ
584 3235 752 3290 Δαυίδ
907 3246 967 3310 τῇ
1003 3236 1183 3311 ἀρετῇ,
1217 3240 1243 3290 ὁ
1270 3235 1329 3291 δε
1361 3239 1562 3302 Παῦλος
1585 3247 1647 3312 τῇ
1677 3244 1856 3311 κακία,

1971 3227 2346 3298 pravitatem.
2366 3231 2558 3284 Donec
2598 3235 2797 3284 autem
2813 3236 3162 3286 manserunt
3177 3231 3364 3288 David
3380 3234 3629 3305 quidem

253 3325 350 3379 οὐκ
379 3322 646 3386 ἠδύναντο
674 3330 906 3400 καρποὺς
941 3329 1205 3388 τοιούτους
1239 3334 1425 3384 ποιεῖν.
1457 3326 1617 3381 Ὥστε
1637 3331 1695 3382 τό
1725 3324 1859 3380 ἀδύ-

1972 3313 2291 3379 invirtute,
2351 3315 2568 3372 Paulus
2595 3332 2738 3373 vero
2781 3317 2844 3372 in
2897 3318 3202 3389 pravitate,
3254 3335 3377 3376 non
3412 3327 3626 3393 potue-

246 3434 398 3468 νατον
425 3417 516 3469 έπὶ
542 3423 647 3468 τῶν
678 3415 1041 3488 ἀμεταϐλήτων
1072 3419 1260 3492 εἴρηκε.

1971 3406 2115 3492 runt
2160 3403 2498 3476 hujusmodi
2552 3405 2778 3492 fructus
2833 3405 3186 3477 producere.
3254 3407 3407 3464 Dixit
3486 3425 3629 3482 ergo

1971 3491 2088 3548 hoc
2117 3507 2247 3549 esse
2272 3491 2640 3565 impossibile
2671 3493 2734 3549 in
2764 3493 2854 3550 his
2871 3494 2977 3567 qui
3000 3494 3300 3554 immutati
3317 3511 3633 3569 permane-

1971 3583 2121 3637 rent.

321 3681 434 3729 Πᾶν
485 3704 555 3716 —
613 3672 884 3747 βάλλεται.
937 3671 1149 3734 Ἐπειδὴ
1211 3675 1446 3737 κολάζειν
1507 3679 1598 3748 μεν
1677 3675 1864 3738 αύτούς

2047 3671 2204 3726 Vers.
2237 3671 2326 3728 19.
2352 3670 2555 3728 Omnis
2583 3702 2652 3713 —
2671 3671 2948 3730 mittitur.
2978 3671 3112 3730 Illos
3140 3673 3391 3748 quidem
3418 3677 3634 3750 punire

252 3763 312 3816 οὐ
371 3763 688 3838 προσέταξε,
738 3767 1020 3839 προσέχειν
1070 3760 1130 3816 δε
1183 3768 1336 3837 μόνον
1391 3763 1476 3818 ἀπ’
1527 3764 1714 3833 αὐτῶν,
1752 3766 1862 3836 (54)

1971 3773 2096 3816 non
2150 3759 2348 3830 jussit,
2381 3759 2489 3817 sed
2519 3764 2753 3818 tantum
2778 3761 2857 3819 ab
2889 3761 2972 3819 eis
3001 3777 3228 3821 cavere.
3254 3764 3398 3838 Ipsis
3429 3771 3635 3826 tamen

248 3851 526 3926 ἐπήρτησε
571 3854 772 3913 τούτοις
824 3856 919 3910 τήν
985 3849 1364 3924 ἆφειδεστάτην
1421 3854 1637 3926 ἐκτομὴν
1667 3862 1758 3915 τῆς
1791 3853 1864 3906 έν-

1973 3852 2202 3904 metum
2258 3847 2506 3907 incussit
2569 3851 2960 3908 atrocissima
3022 3868 3095 3909 ex
3147 3853 3264 3911 hac
3309 3856 3432 3914 vita
3485 3857 3634 3914 exci-

251 3942 432 3994 ταῦθα
475 3941 637 4005 ζωῆς,
675 3945 763 3992 καὶ
809 3945 905 3999 τὴν
949 3949 1040 3994 τοῦ
1097 3939 1354 3996 ἀσϐέστου
1411 3946 1574 4018 πυρὸς
1626 3942 1861 4011 κόλασιν,

1973 3937 2161 3994 sionis
2218 3938 2646 4010 impendentis,
2691 3956 2764 3998 ac
2809 3941 3085 4014 supplicii
3134 3942 3291 4013 ignis
3355 3945 3636 4004 inexstin-

251 4031 390 4101 ὁμοῦ
434 4033 553 4090 τοὺς
581 4032 673 4101 μὲν
703 4028 1142 4103 έπηρεαζομένους
1185 4031 1272 4084 ὑπ’
1316 4032 1484 4085 αὐτῶν
1528 4033 1865 4106 παραμυθού-

1973 4025 2264 4095 guibilis;
2313 4026 2493 4084 simul
2548 4028 2794 4101 quidem
2868 4029 2999 4088 illos
3045 4031 3149 4104 qui
3199 4033 3355 4090 male
3408 4035 3488 4093 ab
3549 4035 3636 4092 eis

251 4137 431 4192 μενος,
458 4117 678 4178 ἐκείνους
708 4114 767 4171 δε
795 4116 1042 4190 ἐκφοϐῶν.

1973 4115 2347 4187 accipiuntur
2404 4117 2798 4184 consolando,
2853 4125 2909 4175 et
2981 4119 3159 4175 simul
3204 4121 3372 4193 ipsos
3453 4129 3637 4181 exter-

1973 4202 2181 4260 rendo.

326 4292 532 4368 ’Δραγε
584 4323 638 4334 --
701 4293 909 4355 αύτούς.
967 4296 1126 4346 Τουτὶ
1181 4294 1238 4343 τὸ
1296 4288 1448 4364 Ἄρα,
1500 4288 1864 4346 ἀποδεικτικὸν

2046 4293 2206 4348 Vers.
2239 4293 2328 4347 20.
2359 4293 2661 4364 Itaque—
2711 4308 2824 4351 eos.
2877 4293 3098 4369 Ἄραγε,
3145 4295 3361 4366 itaque,
3406 4297 3633 4370 utique,

252 4383 425 4449 ἐστιν,
463 4380 580 4436 ἀντὶ
610 4389 721 4448 τοῦ,
774 4384 1004 4444 Πάντως.
1062 4385 1180 4442 ea;
1224 4383 1324 4453 γὰρ
1368 4379 1647 4453 λογισμοὺς
1693 4402 1868 4456 παρα-

1972 4395 2137 4449 sane,
2193 4381 2677 4439 conﬂrmativum
2708 4389 2814 4445 est.
2847 4399 2918 4440 ac
2947 4384 2996 4438 si
3021 4383 3334 4455 diceretur,
3356 4389 3624 4449 omnino.

253 4469 586 4542 δηγμάτων,
643 4475 732 4522 καὶ
794 4467 1096 4539 ἀποδείξας,
1170 4470 1250 4522 ὅτι
1319 4467 1691 4541 έπιγνώσονται
1747 4475 1865 4534 τοὺς

1977 4469 2188 4526 Positis
2236 4469 2398 4528 enim
2441 4471 2856 4543 exemplorum
2904 4471 3506 4543 considerationibus,
3563 4493 3636 4536 ac

249 4562 552 4627 τοιούτους,
611 4558 811 4631 έπάγει,
879 4561 962 4612 ὃτι
1027 4561 1254 4630 Πάντως,
1325 4561 1394 4622 ὡς
1467 4556 1861 4632 ἀποδέδεικται,

1974 4558 2387 4617 demonstrato
2433 4560 2744 4633 quomodo
2794 4561 2944 4618 tales
2967 4564 3364 4633 cognoscendi
3405 4572 3634 4634 essent,

251 4650 596 4720 πίγνὼσεσθε
655 4648 867 4715 αὐτούς,
927 4647 1029 4702 ἀπὸ
1085 4657 1182 4702 τῶν
1230 4647 1434 4721 φαύλων
1494 4647 1726 4721 πράξεων
1768 4648 1861 4704 αύ-

1974 4648 2179 4706 subdit
2219 4665 2232 4705 :
2283 4649 2541 4707 Omnino
2583 4649 2739 4707 sicut
2785 4650 2954 4723 prius
3002 4651 3467 4713 demonstratum
3523 4661 3634 4723 est,

252 4747 386 4795 τῶν.
1973 4738 2349 4810 cognoscetis
2379 4738 2546 4812 ipsos
2575 4755 2614 4798 a
2642 4739 2841 4813 pravis
2860 4741 3196 4798 actionibus
3221 4759 3450 4802 eorum.

335 4945 380 4981 “
415 4946 543 5002 Act.
568 4957 645 5012 ιι,
683 4943 770 4999 15.

1490 5039 1717 5112 Variae
1742 5040 2075 5111 lectiones
2103 5051 2169 5112 et
2199 5053 2404 5113 notae.

260 5237 1875 5319 con‘veuitinThepphyactum.SimiliterChrysostomus
1982 5239 2098 5296 bus
2128 5245 2336 5319 contra
2367 5241 2614 5319 codices
2645 5242 3100 5319 N.'l:estamen_ti
3143 5244 3470 5319 disputant.
3521 5245 3636 5306 Sed

258 5312 571 5394 multoﬁes
595 5310 879 5394 caprimit‘
902 5311 1214 5394 Qrigenem
1240 5312 1314 5394 in‘
1345 5310 1723 5394 recensendis
1744 5310 1875 5394 istis
1983 5313 2254 5394 nonnulli
2274 5314 2661 5394 negligentia
2687 5318 2744 5370 et
2772 5315 3006 5394 levitate
3030 5310 3638 5394 APatrumpromuni-

256 5384 427 5462 locis,
447 5399 587 5462 cum
613 5382 1608 5462 ejusAsequiturinterpretationem.
1629 5382 1876 5454 Cyrillus
1985 5386 2202 5462 mentis
2230 5382 2409 5458 atque
2440 5382 2623 5442 armis
2646 5385 2964 5458 impietatis
2988 5391 3044 5444 et
3071 5382 3350 5462 nequitias
3381 5390 3637 5450 abutun-

259 5456 405 5512 item
427 5454 611 5511 modo
631 5453 703 5510 ex
722 5453 995 5524 Origene,
1011 5453 1277 5510 modo’ex
1296 5453 1725 5524 Chrysostomo
1738 5468 1879 5524 pen-
1988 5460 2102 5524 tur.

259 5527 380 5582 det.
397 5528 602 5602 Quam
619 5522 934 5602 diligentes
955 5526 1292 5602 autemsint
1314 5522 1599 5595 Origenes
1623 5531 1679 5581 et
1700 5522 1878 5594 Chry-

2061 5522 2172 5602 (52)
2205 5524 2318 5602 ξίᾳ.
2357 5526 2559 5602 vulgo,
2597 5529 2624 5580 ὁ
2653 5527 2906 5602 τρίϐολος.

259 5603 567 5654 sostomus
590 5597 655 5653 in
677 5595 951 5668 notandis
982 5596 1130 5652 locis
1164 5597 1515 5668 Litterarum
1547 5613 1876 5668 sacrarum,
2062 5595 2174 5668 (53)
2208 5597 2397 5668 Etiam
2426 5595 2523 5654 hic
2551 5595 2886 5668 erat'oﬁma

259 5670 443 5726 etiam
471 5675 632 5750 tum,
666 5683 805 5724 cum
835 5667 1192 5750 da‘ta‘opera
1224 5667 1424 5750 locum
1469 5667 1791 5750 esplicant,
1823 5665 1881 5750 id

1992 5665 2175 5750 ΛΑΜ)
2217 5671 2299 5726 "ﬂ
2351 5667 2573 5744 έπκρτᾲν
2623 5671 2776 5744 φόϐον
2833 5665 2954 5741 τινί,
3011 5673 3315 5732 Eschines
3339 5678 3540 5734 orator
3573 5691 3635 5750 ρ.

259 5744 488 5798 norunt
507 5755 744 5804 omnes,
763 5739 867 5810 qui
888 5737 1200 5802 diligenter
1219 5739 1299 5794 ad
1323 5738 1454 5794 illos
1477 5737 1878 5810 attenderunt,
1991 5737 2115 5794 287.

259 5812 505 5873 Vanum
526 5825 670 5881 ergo
694 5809 958 5883 profecto
973 5810 1240 5867 studium
1259 5825 1466 5867 eorum
1489 5809 1594 5886 qui
1613 5825 1684 5866 ex
1707 5809 1884 5866 Patri-
