4170 6442
596 409 698 466 271

595 620 774 676 dicat.
802 621 929 674 Non
951 619 1152 675 omnis
1180 620 1284 691 qui
1315 620 1503 677 credit
1528 620 1590 676 in
1623 637 1736 685 me,
1782 621 2150 691 ingredietur
2179 624 2256 680 ad

593 709 888 766 bonorum
918 709 1258 766 caelestium
1289 710 1654 777 fruitionem,
1685 711 1797 766 nisi
1837 713 2015 767 etiam
2055 711 2258 768 fecerit

593 814 730 871 quae
771 798 952 866 dico;
999 799 1084 855 ita
1134 799 1363 872 quippe
1403 799 1626 856 addidit
1680 801 1866 857 Lucas
1917 801 1983 855 ‘3.
2058 803 2256 872 Neque

593 888 758 945 enim
787 887 918 944 sola
953 888 1103 945 ﬁdes
1147 889 1225 944 ad
1274 889 1527 946 salutem
1576 888 1818 955 sufﬁcit,
1864 891 1978 946 nisi
2025 895 2079 947 et
2138 891 2256 946 vita

593 977 715 1036 ﬁde
757 978 942 1049 digna
991 978 1399 1049 adiungatur;
1435 994 1627 1050 neque
1655 980 1776 1036 vita
1825 979 2013 1035 solum
2055 978 2255 1035 virtuti

596 1066 944 1131 conformis,
1002 1068 1050 1122 si
1106 1083 1230 1124 non
1280 1067 1463 1124 etiam
1519 1068 1637 1124 ﬁde
1685 1068 2094 1135 ditescamus;
2147 1067 2255 1124 sed

595 1161 918 1230 utrumque
965 1155 1141 1212 simul
1176 1155 1468 1227 adjunxit,
1530 1162 1594 1213 ut
1640 1173 1764 1213 non
1821 1161 2128 1229 separetur
2175 1155 2254 1212 al-

594 1250 786 1305 terum
815 1246 895 1304 ab
921 1246 1124 1304 altero.
1166 1249 1307 1304 Nam
1333 1247 1536 1319 ipsum
1561 1247 1864 1319 appellare
1904 1245 2248 1312 Dominum,

592 1336 734 1393 ﬁdei
759 1339 990 1393 tantum
1019 1339 1125 1393 est.
1179 1335 1497 1404 Quomodo
1547 1342 1747 1394 autem
1778 1351 1900 1393 non
1933 1335 2099 1392 dixit.
2134 1335 2252 1392 Sed

592 1425 701 1498 qui
727 1425 1242 1484 facitvoluntatem
1265 1441 1465 1483 meam
1493 1425 1521 1480 ‘i
1541 1428 1608 1483 Ut
1635 1427 1870 1482 Patrem
1891 1426 2214 1482 honoraret
2237 1447 2248 1480 :

594 1519 654 1572 et
717 1515 859 1587 quia
929 1530 1053 1572 non
1124 1515 1245 1572 alia
1290 1519 1379 1572 est
1442 1515 1628 1572 Patris
1697 1514 1976 1572 voluntas
2039 1514 2119 1571 ab
2180 1529 2254 1571 ea

593 1620 727 1678 quae
753 1603 880 1661 Filii
896 1608 984 1662 est
1015 1605 1326 1672 ;voluntas
1347 1607 1550 1662 autem
1572 1604 1785 1668 Patris,
1810 1603 1933 1660 Filii
1955 1608 2252 1676 praecepta

595 1711 755 1750 sunt.

628 1699 823 1841 uille“.
883 1788 971 1841 22.
1023 1783 1208 1841 Multi
1262 1813 1332 1826 -—
1392 1785 1552 1840 Vers.
1616 1787 1683 1840 23
1739 1782 2128 1854 iniquitatem.
2187 1781 2251 1838 In

1915 405 2261 465 EUTHYMII
2301 405 2632 466 ZIGABENI

672 533 832 587 Vers.
859 530 949 584 21.
973 530 1104 587 Non
1134 528 1320 600 —-qm'
1337 527 1401 587 in
1424 530 1574 588 cretis
1598 535 1700 588 est.
1733 530 1873 588 Vide
1907 532 2055 604 quid
2097 548 2259 590 nunc
2288 535 2333 588 A

3857 404 3972 464 272

2441 534 2516 586 Ού
2556 565 2623 574 —
2676 540 2767 584 τοῦ
2819 530 2867 584 ἐν
2915 538 3023 593 τοῖς
3069 532 3323 605 οὐρανοῖς.
3375 531 3511 607 Ὀρα
3553 537 3604 586 τί
3663 532 3801 604 λέγει
3851 539 3967 599 νῦν,

2367 623 2444 675 ὃτι
2492 623 2566 674 Ού
2620 629 2720 684 πᾶς
2759 623 2784 674 ὁ
2837 625 3092 675 πιστεύων
3128 622 3200 683 εἰς
3252 622 3340 694 ἐμὲ
3391 622 3735 676 εἰσελεύσεται
3771 622 3838 682 εἰς
3869 626 3968 681 τήν

2367 711 2656 764 ἀπόλαυσιν
2703 720 2802 763 τῶν
2867 711 3115 786 οὐρανίων
3168 711 3392 782 ἀγαθῶν,
3454 712 3496 764 εἰ
3549 715 3619 784 μὴ
3679 716 3770 764 καὶ
3826 720 3970 765 ποιεῖ

2364 798 2399 851 ἆ
2456 800 2606 872 λέγω,
2666 801 2817 853 Οὕτω
2868 804 2966 873 γὰρ
3042 803 3360 873 προσέθηκεν
3435 802 3460 852 ὁ
3538 806 3768 861 Λουκᾶς.
3828 802 3970 854 οὔτε

2363 891 2461 962 γὰρ
2517 893 2693 950 πίστις
2741 895 2894 960 μόνον
2953 888 3098 962 ἀρκεῖ
3143 892 3271 962 πρὸς
3322 893 3607 958 σωτηρίαν,
3658 888 3700 941 εἰ
3746 894 3818 961 μὴ
3871 895 3966 942 καὶ

2365 976 2484 1049 βίος
2536 978 2679 1041 οῐξιος
2726 987 2820 1040 τῆς
2867 983 3083 1039 πίστεως
3137 984 3437 1053 πρόσεστιν,
3477 982 3593 1032 οὔτε
3643 976 3760 1049 βίος
3808 983 3965 1050 μόνον

2364 1065 2615 1140 ἐνάρετος,
2676 1068 2717 1120 εἰ
2769 1073 2840 1140 μὴ
2906 1073 2995 1119 καὶ
3055 1073 3233 1120 πίστιν
3285 1067 3513 1121 πλουτεῖ.
3577 1073 3834 1142 Προσήκει
3905 1065 3966 1122 δέ

2361 1153 2628 1230 ἀμφότερα
2682 1156 3066 1228 συζευχθῆναι,
3125 1162 3214 1208 καὶ
3273 1161 3344 1229 μὴ
3393 1155 3761 1228 ἀπολειφθῆναι
3817 1158 3965 1210 θατέ-

2360 1265 2456 1320 ρου
2509 1247 2737 1319 θάτερον.
2794 1250 2863 1298 Τὸ
2915 1249 3014 1320 γὰρ
3071 1245 3340 1317 ὀνομάζειν
3392 1247 3548 1298 αὐτὸν
3607 1249 3815 1321 Κύριον,
3871 1252 3966 1300 πί-

2363 1353 2520 1396 στεως
2549 1339 2708 1407 μόνης
2738 1333 2872 1390 ἔστί.
2916 1340 3017 1388 Καὶ
3059 1343 3166 1397 πῶς
3194 1335 3288 1386 οῦκ
3313 1331 3448 1387 εἶπεν
3500 1352 3512 1364 ·
3566 1333 3694 1389 Ἀλλ’
3725 1336 3752 1386 ὁ
3798 1345 3964 1389 ποιῶν

2361 1427 2418 1476 τὸ
2451 1423 2649 1497 θελημα
2694 1427 2752 1476 τὸ
2793 1423 2956 1496 ἐμόν;
3005 1426 3099 1476 Διά
3151 1427 3209 1476 τὸ
3261 1429 3417 1496 τιμᾴν
3468 1426 3555 1476 τὸν
3615 1427 3840 1497 Πατέρα,
3869 1431 3964 1478 καὶ

2362 1509 2457 1565 διὰ
2491 1518 2550 1566 τὸ
2579 1518 2651 1586 μή
2696 1515 2866 1587 ἕτερον
2910 1510 3039 1566 εἶναι
3085 1516 3142 1566 τό
3174 1520 3266 1565 τοῦ
3315 1516 3521 1587 Πατρός
3569 1513 3785 1586 θέλημα,
3816 1517 3964 1589 παρὰ

2361 1605 2420 1654 τὸ
2451 1609 2541 1655 τοῦ
2571 1605 2712 1656 Υὶοῦ.
2759 1602 2967 1675 Θελημα
3015 1597 3074 1656 δὲ
3124 1610 3217 1654 τοῦ
3263 1605 3482 1676 Πατρός,
3534 1604 3588 1654 αἱ
3629 1601 3827 1656 ἐντολαὶ
3868 1611 3962 1656 τοῦ

2363 1694 2510 1748 Υίοῦ.

2435 1779 2617 1832 Πολλοὶ
2671 1778 2904 1852 ἀνομίαν.
2953 1779 3076 1838 Ὀτι
3121 1782 3210 1851 μὲν
3268 1779 3478 1840 κόλασις
3533 1775 3798 1843 ἐκδέξεται
3844 1787 3961 1843 τοὺς

592 1873 1064 1946 praecedentibus
1102 1873 1346 1946 quidem
1378 1873 1653 1930 docendo
1675 1873 1886 1938 innuit,
1920 1872 2088 1945 quod
2117 1887 2251 1944 pec-

2366 1867 2715 1941 ἁμαρτωλούς,
2743 1867 3011 1941 προλαϐὼν
3047 1863 3259 1929 ἐδίδαξε
3289 1883 3302 1897 ⁸
3332 1875 3421 1919 νῦν
3465 1863 3526 1920 δι
3575 1867 3730 1940 λέγει,
3758 1875 3849 1923 καὶ
3880 1878 3961 1932 τίς

597 1967 828 2020 catores
874 1965 1256 2034 excepturum
1314 1962 1388 2019 sit
1441 1962 1850 2035 supplicium:
1892 1977 2053 2018 nunc
2107 1977 2250 2018 vero

596 2052 863 2125 apertius
893 2051 956 2108 id
997 2051 1162 2109 dicit.
1195 2051 1338 2117 Quis
1387 2054 1479 2107 est
1521 2055 1721 2107 autem
1780 2051 1884 2123 qui
1914 2051 2087 2122 punit
2143 2050 2251 2107 im-

599 2141 755 2215 pios,
807 2140 924 2198 nisi
969 2141 1098 2214 ipse
1129 2142 1158 2198 7
1214 2140 1330 2198 Sed
1377 2156 1513 2197 cum
1553 2146 1730 2198 antea
1772 2141 2016 2197 dixisset
2057 2157 2071 2196 :
2123 2142 2251 2196 Non

597 2233 795 2288 omnis
819 2231 924 2304 qui
955 2231 1144 2288 credit
1172 2231 1233 2287 in
1263 2245 1360 2287 me
1414 2230 1780 2301 ingredietur
1830 2245 2085 2300 regnum
2135 2245 2252 2284 cce-

595 2319 811 2388 lorum,
843 2320 957 2377 nisi
987 2325 1048 2377 et
1073 2321 1256 2377 vitam
1289 2319 1658 2390 condignam
1679 2319 1903 2375 habere
1933 2318 2247 2384 curaverit,

595 2425 761 2468 nunc
803 2413 860 2467 et
903 2409 1068 2466 aliud
1123 2409 1291 2481 quod
1330 2407 1664 2466 mirabilius
1703 2411 1811 2474 est,
1863 2407 2048 2476 addit,
2085 2406 2252 2479 quod

575 2514 792 2572 neque
821 2499 997 2569 signa
1035 2503 1090 2554 et
1120 2497 1414 2555 miracula
1449 2497 1710 2564 edentes,
1762 2512 1832 2554 eo
1853 2512 2039 2568 regno
2087 2494 2252 2565 digni

597 2587 1002 2654 habebuntur,
1026 2586 1139 2642 nisi
1169 2588 1347 2643 etiam
1369 2590 1426 2642 et
1455 2587 1578 2644 vita
1603 2585 2066 2659 correspondeat
2090 2583 2250 2640 fidei.

607 2680 754 2734 Ecce
777 2677 937 2734 enim
967 2680 1026 2732 et
1068 2675 1131 2732 hi
1186 2676 1372 2732 multa
1403 2676 1544 2733 talia
1587 2676 1817 2749 operati
1864 2674 2117 2739 fuerant,
2151 2671 2255 2728 ab-

599 2765 882 2837 jicientur
910 2769 1134 2834 tamen,
1161 2779 1231 2821 eo
1257 2764 1420 2837 quod
1444 2765 1626 2822 vitam
1661 2780 1834 2821 suam
1863 2763 2250 2832 neglexerint.

607 2853 788 2925 Multi,
821 2853 1033 2927 inquit,
1070 2853 1144 2910 ab
1193 2869 1262 2911 eo
1284 2855 1448 2927 quod
1499 2859 1724 2911 rectum
1754 2857 1844 2909 est
1891 2851 2251 2917 excidentes,

606 2942 736 3001 haec
766 2947 823 3000 et
845 2943 944 3000 illa
988 2943 1128 2999 mihi
1159 2942 1373 3000 dicent.
1433 2944 1604 3000 Illum
1643 2941 1889 3015 quidem
1935 2941 2118 3008 diem,
2171 2940 2256 2996 di-

608 3033 692 3090 xit
720 3032 880 3089 diem
904 3031 1112 3107 judicii
1137 3053 1149 3088 :
1182 3048 1396 3104 nempe
1413 3039 1719 3102 cognitum
1735 3035 1791 3086 et
1820 3033 2251 3102 exspectatum.

2362 1961 2508 2011 ἔσται
2538 1959 2564 2008 ὁ
2593 1956 2846 2021 κολάζων,
2880 1959 2961 2008 ὃτι
2990 1956 3159 2016 αὐτὸς.
3190 1958 3363 2008 Εἰπὼν
3386 1953 3467 2020 δὲ,
3489 1958 3570 2008 ὅτι
3593 1957 3669 2009 Οὐ
3690 1964 3790 2019 πᾶς
3821 1961 3848 2011 ὅ
3877 1979 3961 2012 πι-

2365 2049 2556 2099 στεύων
2589 2045 2661 2106 εἰς
2711 2044 2797 2117 ἔμε
2841 2045 3181 2098 εἰσελεύσεται
3224 2045 3288 2104 εἰς
3317 2050 3411 2103 την
3443 2044 3715 2117 βασιλείαν
3746 2056 3847 2100 τῶν
3871 2048 3956 2100 ού·

2363 2145 2549 2211 ρανῶν,
2577 2137 2620 2190 εὶ
2651 2140 2721 2207 μὴ
2756 2141 2845 2188 καὶ
2886 2134 3006 2208 βίου
3037 2139 3328 2208 κρείττονος
3352 2134 3714 2208 ἐπιμελήσεται
3744 2159 3756 2171 ο
3785 2158 3959 2212 παρα-

2365 2222 2638 2298 δοξότερον
2669 2227 2744 2277 ἔτι
2773 2229 2948 2296 φησὶν,
2980 2227 3061 2276 ὅτι
3089 2221 3229 2277 Ούδε
3277 2226 3324 2277 οἰ
3370 2231 3562 2296 σημεῖα
3585 2231 3674 2280 καὶ
3718 2228 3962 2299 θαύματι

2362 2321 2628 2376 ποιοῦντες
2699 2313 3084 2376 ἀξιωθήσονται
3160 2321 3250 2374 τῆς
3330 2316 3574 2374 τοιαύτης
3661 2314 3953 2387 βασίλείας,

2363 2402 2448 2456 ἰοίν
2489 2403 2694 2466 ἀνάξιον
2726 2401 2842 2474 βίον
2873 2405 3097 2473 ἔχωσιν.
3135 2398 3278 2456 Ἰδού
3309 2404 3412 2475 γὰρ
3443 2407 3532 2454 καὶ
3577 2403 3735 2461 οὗτοι,
3789 2401 3949 2453 πολλά

2364 2500 2581 2547 τοιαῦτα
2652 2497 2985 2557 ποιήσαντες,
3070 2492 3203 2562 ὅμως
3279 2489 3783 2564 ἀποπεμφθήσονται,
3857 2486 3954 2543 διὰ

2365 2585 2450 2634 τὸν
2510 2581 2825 2654 ἠμελημένον
2895 2579 3012 2653 βίον
3079 2580 3261 2633 αὐτῶν.
3333 2581 3538 2646 Πολλοὶ,
3596 2582 3771 2651 φησὶν,
3812 2577 3954 2630 ἰκπί-

2365 2689 2572 2732 πτοντες
2603 2669 2779 2744 ἕροῦσί
2806 2688 2896 2741 μοι
2925 2665 3054 2722 τάδε
3100 2673 3189 2722 καὶ
3219 2665 3347 2721 τάδε
3386 2669 3498 2739 (55)
3533 2686 3546 2700 ·
3593 2667 3788 2740 ἡμέραν
3841 2667 3959 2739 (56)

2368 2756 2455 2813 οὖν
2486 2759 2680 2817 ἐκείνην
2712 2761 2818 2812 εἰπε
2847 2758 3009 2829 (56‘),
3049 2762 3143 2816 τὴν
3188 2766 3281 2819 τῆς
3315 2762 3555 2830 κρίσεως,
3610 2759 3678 2819 ὤς
3708 2756 3961 2828 ἄγνωσμέ-

2363 2868 2456 2906 νην
2511 2852 2601 2901 καὶ
2674 2843 3196 2923 προσδεδόκημίνην.
3268 2849 3514 2918 Δυνάμεις
3573 2843 3632 2899 δε
3705 2847 3962 2919 ὡνομασε,

2367 2941 2431 2991 τὰ
2483 2944 2675 3010 σημεῖα
2720 2942 2808 2989 καὶ
2853 2939 2915 2988 τὰ
2947 2938 3210 2998 θαύματα.
3267 2939 3335 2988 Τὸ
3386 2932 3445 2989 δι
3487 2935 3830 3008 Ὀμολογήσω
3877 2936 3963 2988 αύ-

2369 3033 2494 3090 τοῖς,
2531 3025 2640 3078 ἀντὶ
2665 3033 2758 3079 τοῦ
2799 3024 3272 3099 ’Δποκριθησομαμ

609 3128 758 3181 tum.
805 3121 1058 3179 Virtutes
1101 3125 1302 3180 autem
1369 3120 1699 3180 nominavit
1752 3119 1927 3190 signa
1977 3123 2034 3176 et
2100 3116 2406 3176 miracula.
2467 3115 2794 3183 Conﬁtebor
2846 3129 2992 3169 sane
3043 3115 3123 3171 eis
3169 3113 3282 3170 hoc
3339 3118 3449 3178 est,
3531 3113 3959 3170 Condemnabo

608 3227 732 3270 COS.

680 3301 827 3358 Cum
845 3303 1046 3360 autem
1069 3300 1246 3358 etiam
1262 3315 1367 3373 per
1385 3312 1609 3355 nomen
1623 3297 1672 3369 ej
1685 3296 2257 3362 us'multafecissent,

2445 3299 2547 3350 Καὶ
2590 3291 2769 3352 ἔπειδή
2827 3293 2876 3346 ἒν
2930 3302 3002 3365 τῷ
3055 3293 3266 3367 ὀνόματι
3311 3293 3471 3347 αὐτοῦ
3508 3295 3678 3347 πάντα
3733 3291 3964 3367 ἐποίουν,

607 3391 915 3464 quomodo
938 3406 1041 3447 eos
1053 3391 1288 3463 ignorat
1303 3389 1330 3443 ?
1344 3387 1492 3453 Quia
1505 3389 1688 3444 vitam
1706 3387 2014 3444 habebant
2034 3394 2267 3444 contra-

607 3481 781 3537 riam.
815 3479 974 3536 Scire
999 3479 1158 3536 enim
1186 3481 1436 3550 oportet,
1465 3476 1628 3548 quod
1657 3477 1818 3549 apud
1839 3479 2023 3533 Deum
2044 3477 2267 3548 duplex

611 3574 696 3626 est
727 3569 969 3625 scientia
1002 3588 1014 3627 :
1043 3584 1162 3625 una
1179 3566 1426 3639 quidem
1453 3565 1766 3632 naturalis,
1793 3581 1910 3636 qua
1939 3566 2143 3620 omnia
2165 3581 2271 3626 no-

609 3659 709 3723 vit,
742 3661 935 3730 utpote
965 3658 1238 3714 omnium
1259 3658 1616 3726 conspector
1649 3656 2044 3726 omniumque
2075 3655 2266 3726 prius-

610 3763 796 3820 quam
824 3747 1032 3805 ﬁerent
1063 3746 1334 3816 cognitor
1362 3762 1379 3815 ;
1413 3743 1601 3799 altera
1619 3759 1758 3799 vero
1782 3742 1975 3813 magis
2004 3744 2270 3814 peculia-

577 3875 580 3878 -
609 3837 713 3907 ris,
736 3853 858 3910 qua
883 3837 1044 3895 solos
1087 3837 1282 3907 justos
1311 3833 1634 3904 cognoscit.
1668 3833 1863 3896 Novit,
1896 3831 2111 3905 inquit,
2159 3835 2268 3890 Do-

607 3928 802 3984 minus
812 3923 1330 3996 viamjustorum”
1343 3926 1460 3986 ;et:
1484 3922 1796 3993 Cognoscit
1824 3922 2107 3978 Dominus
2142 3924 2266 3981 vias

605 4016 984 4074 innocentum
1007 4017 1053 4050 “
1083 4030 1096 4080 ;
1129 4017 1212 4068 et:
1237 4011 1416 4068 Novit
1430 4011 1714 4068 Dominus
1738 4013 1844 4083 qui
1865 4018 2002 4068 sunt
2032 4014 2159 4082 ejus
2191 4014 2263 4069 ‘5.

607 4108 718 4164 Eos
749 4110 951 4164 autem
979 4103 1082 4176 qui
1108 4101 1293 4158 vitam
1317 4100 1544 4158 habent
1571 4102 2064 4169 contaminatam,
2092 4101 2263 4171 igno-

606 4209 739 4253 rare
801 4211 865 4250 se
917 4190 1176 4258 simulat,
1219 4194 1422 4263 utpote
1473 4191 1810 4264 cognitione
1865 4207 1975 4248 sua
2019 4191 2262 4262 indigne

605 4285 1052 4343 conversantes.

675 4373 826 4429 Alibi
842 4384 1089 4443 quoque
1106 4373 1284 4441 negat
1303 4370 1453 4437 illos,
1481 4375 1545 4427 ut
1569 4371 1673 4444 qui
1690 4386 1826 4426 eum
1856 4369 2139 4443 operibus
2161 4383 2261 4425 ne-

605 4465 914 4532 gaverunt.
948 4459 1098 4515 Dixit
1120 4461 1274 4516 enim
1307 4476 1411 4533 per
1438 4461 1792 4532 prophetam
1818 4475 1829 4512 :
1854 4459 2112 4530 Papulus
2165 4457 2260 4515 hic

606 4550 777 4608 labiis
788 4563 878 4605 me
900 4548 1174 4617 honorat,
1193 4555 1497 4606 corautem
1511 4564 1712 4606 eorum
1738 4550 1904 4618 longe
1923 4553 2008 4603 est
2023 4563 2058 4603 a
2079 4562 2170 4604 me
2184 4547 2254 4603 ⁴⁶.

2372 3394 2482 3447 πῶς
2511 3383 2682 3456 ἀγνοεῖ
2732 3384 2916 3444 αύτούς
2949 3403 2962 3447 ;
2996 3389 3136 3437 Διότι
3189 3382 3306 3456 βίον
3353 3380 3499 3455 εἶχον
3552 3382 3794 3440 ἐναντίον.
3848 3389 3964 3460 Χρὴ

2373 3478 2470 3548 γὰρ
2525 3479 2817 3545 γινώσκειν,
2869 3475 2948 3525 ὅτι
2998 3470 3146 3531 διττή
3202 3471 3340 3525 ἐστιν
3384 3475 3414 3530 ἠ
3459 3482 3653 3545 γνῶσις
3700 3475 3843 3548 παρὰ
3894 3481 3967 3544 τῷ

2377 3571 2490 3632 Θεῷ
2524 3579 2535 3592 ·
2570 3564 2599 3620 ἡ
2632 3565 2740 3634 μὲν,
2791 3564 2925 3614 κατά
2977 3564 3154 3634 φύσιν,
3197 3561 3314 3614 καθ’
3370 3561 3432 3620 ἣν
3487 3559 3600 3614 οἶδε
3649 3565 3840 3630 πάντα,
3899 3565 3968 3624 ὡς

2375 3656 2760 3716 παντεπόπτης,
2818 3654 2908 3702 καὶ
2960 3653 3028 3712 ὡς
3083 3652 3250 3702 πάντα
3308 3647 3478 3719 εἰδὼς,
3550 3655 3673 3723 πρὶν
3721 3655 3969 3722 γενέσεως

2376 3742 2544 3794 αὐτῶν
2574 3759 2585 3770 ·
2619 3743 2649 3798 ἡ
2683 3737 2760 3811 δε,
2806 3740 2917 3792 κατ’
2970 3740 3229 3793 οἰκείωσιν
3273 3785 3287 3810 ,
3332 3740 3445 3793 καθ’
3501 3740 3562 3799 ἣν
3617 3736 3730 3793 οἶδε
3782 3746 3969 3813 μόνους

2373 3837 2491 3893 τούς
2547 3828 2805 3892 δικαίους.
2861 3830 3001 3898 Ὀτι,
3056 3836 3204 3904 φησὶ.
3255 3836 3500 3903 γινώσκει
3570 3833 3760 3906 Κύριος
3841 3828 3970 3884 ὁδὸν

2373 3919 2592 3976 δικαίων
2647 3937 2660 3950 ·
2719 3925 2809 3973 καὶ
2859 3937 2874 3952 ⁶
2935 3925 3182 3973 Γινώσκει
3235 3923 3422 3993 Κύριος
3491 3923 3585 3983 τὰς
3658 3916 3812 3980 ὀδοὺς
3865 3930 3970 3975 τῶν

2372 4014 2597 4084 ἁμώμων
2659 4028 2670 4040 ⁸
2721 4015 2810 4063 καί
2854 4028 2868 4042 ·
2922 4009 3091 4082 Ἔγνω
3155 4012 3343 4084 Κύριος
3400 4013 3515 4070 τοὺς
3584 4013 3727 4070 ὄντας
3768 4009 3960 4067 αὐτοῦ.

2369 4105 2501 4162 Τοὺς
2540 4097 2599 4154 δε
2657 4099 2774 4173 βίον
2833 4103 3047 4172 ἔχοντας
3125 4097 3495 4173 διεφθαρμένον
3549 4097 3748 4171 ἀγνοεῖν
3802 4119 3968 4175 προσ-

2369 4198 2614 4259 ποιεῖται,
2674 4192 2738 4250 ὡς
2811 4189 3275 4261 πολιτευσαμένους
3355 4187 3572 4251 ἀναξίως
3641 4197 3736 4251 τῆς
3805 4188 3961 4241 αὐτοῦ

2367 4285 2620 4353 γνώσεως.

2440 4375 2539 4422 Καὶ
2586 4368 2765 4442 ἑτέρως
2821 4364 2880 4421 δὲ
2931 4366 3159 4443 ἀρνεῖται
3206 4366 3414 4431 αὐτούς,
3456 4367 3526 4428 ὡς
3577 4365 3972 4442 ἀρνησαμένους

2366 4459 2518 4511 αὐτὸν
2570 4464 2682 4520 τοῖς
2736 4460 2924 4532 ἔργοις.
2986 4459 3172 4531 Εῖρηκε
3218 4454 3320 4530 γὰρ
3388 4453 3481 4509 διὰ
3531 4463 3624 4508 τοῦ
3671 4461 3968 4530 προφήτου,

2365 4550 2442 4602 ὅτι
2487 4547 2546 4600 Ὀ
2596 4546 2715 4607 λαός
2767 4546 2917 4607 οὗτος
2982 4553 3093 4607 τοίς
3160 4544 3363 4617 χείλεσί
3428 4563 3491 4618 με
3563 4549 3711 4617 τιμᾷ,
3778 4552 3842 4617 τῇ
3908 4543 3974 4601 δ¹ε

603 4637 712 4706 Qui
739 4637 900 4694 enim
929 4642 1226 4710 praecepta
1251 4637 1439 4710 ipsius
1472 4638 1719 4710 spernit,
1765 4638 1966 4710 ipsum
1994 4637 2251 4709 spernit:

2366 4633 2562 4710 καρδίᾳ
2623 4634 2800 4709 πόρῥω
2869 4633 3058 4706 ἀπέχει
3128 4632 3214 4686 ἀπ’
3293 4632 3438 4706 ἐμοῦ.
3493 4633 3553 4686 Ὀ
3604 4636 3705 4708 γὰρ
3770 4631 3972 4687 ἀθετῶν

601 4726 738 4782 ideo
770 4741 1012 4798 quoque
1031 4725 1245 4782 merito
1276 4726 1592 4798 spernitur.

673 4905 881 4961 Verum
903 4905 951 4961 si
979 4903 1212 4977 indigni
1227 4907 1414 4969 erant,
1445 4901 1753 4976 quomodo
1771 4902 1832 4959 in
1859 4901 1943 4959 eis
1965 4903 2253 4974 operaba-

601 4997 694 5052 tur
725 4994 970 5067 Spiritus
994 4999 1234 5052 sanctus
1263 4993 1291 5048 ‘i’
1328 4993 1585 5048 Omnino
1607 4996 1847 5065 propter
1875 4993 1996 5051 duo
2024 4993 2253 5051 ﬁebant

597 5083 710 5141 ista
741 5087 919 5155 :puta
940 5082 1220 5155 utgratiae
1246 5080 1679 5140 Deiliberalitas
1692 5081 1944 5141 etiamin
1961 5082 2250 5154 indignos

667 5253 714 5295 "
737 5260 871 5315 Luc.
900 5274 979 5330 v1,
1009 5256 1100 5314 46.
1214 5258 1258 5294 ⁴³
1289 5256 1444 5315 Psal.
1478 5258 1600 5326 1,6.

1714 5260 1760 5294 “
1786 5258 1940 5314 Psal.
1975 5273 2162 5326 xxxv1,
2197 5257 2283 5316 18.

2363 4724 2568 4785 ἐντολὰς
2637 4723 2818 4788 αὐτοῦ,
2893 4721 3048 4774 αὐτὸν
3120 4719 3289 4775 ἀθετεῖ
3363 4718 3450 4775 διὸ
3522 4727 3614 4774 καὶ
3703 4720 3972 4777 ἁθετεῖται

2365 4811 2608 4875 δικαίως.

2435 4906 2536 4955 Καὶ
2595 4900 2703 4954 ἐπεὶ
2761 4899 2961 4964 ἀνάξιοι
3014 4899 3168 4966 ἦσαν,
3229 4908 3339 4962 πῶς
3394 4897 3676 4974 ἐνήργησεν
3750 4897 3818 4959 εἰς
3874 4899 3975 4954 αὖ-

2360 4994 2477 5052 τοὺς
2508 4993 2565 5044 τὸ
2616 4997 2824 5063 Πνεῦμα
2871 4993 2930 5042 τό
2973 4989 3120 5062 ἅγιον
3165 4994 3423 5057 ;Πάντως
3483 4986 3576 5043 διὰ
3642 4985 3740 5042 δύο
3773 4996 3971 5059 ταῦτα,

2363 5081 2445 5134 ἵνα
2472 5080 2586 5154 (57)
2643 5075 2701 5132 δι
2753 5080 2784 5138 ἡ
2842 5077 3111 5152 φιλοτιμία
3155 5086 3249 5141 τῆς
3281 5080 3503 5152 χάριτος
3552 5086 3644 5133 τοῦ
3693 5083 3822 5133 Θεοῦ
3858 5074 3973 5132 δει-

2397 5257 2443 5293 ⁴⁸
2479 5253 2526 5312 II
2553 5254 2699 5312 Tim.
2723 5269 2785 5323 ιι,
2818 5255 2905 5310 19.
3017 5255 3065 5292 ⁴⁶
3087 5255 3201 5314 Isa.
3234 5270 3433 5324 xxnx,
3461 5255 3556 5315 15.

1803 5433 2027 5507 Variae
2055 5435 2384 5506 lectiones
2426 5445 2720 5504 etnotae.

665 5633 777 5785 255‘
809 5641 898 5692 καὶ
926 5635 1053 5720 τάδε
1082 5637 1298 5696 omittit
1333 5635 1402 5694 Β.

690 5709 755 5766 56
803 5713 895 5785 μέν
914 5711 1082 5769 addit
1118 5711 1186 5767 Α.

690 5709 777 5783 56)
803 5713 895 5785 μέν
914 5711 1082 5769 addit
1118 5711 1186 5767 Α.

2451 5633 2556 5707 56')
2597 5633 2759 5707 Idem
2785 5633 2960 5707 είπῴν.

2451 5634 2556 5707 56')
2597 5634 2759 5690 Idem
2785 5634 2960 5688 εἰπών.

2425 5634 2540 5784 ξεῖ)
2575 5704 2774 5766 Malim
2792 5723 2872 5776 τε,
2900 5705 3034 5767 loco
3059 5702 3141 5762 δέ·
