4170 6456
224 393 342 453 273

1187 387 1568 448 COMMENT.
1615 383 1686 442 IN
1724 374 2174 440 MATTHEUM.
2217 407 2281 421 -
2325 378 2486 435 CAP.
2535 378 2654 436 VII.

3494 377 3600 435 274

241 521 421 597 χθείη,
469 523 698 594 χεομένη
735 524 825 574 καὶ
868 519 939 582 εἰς
976 520 1097 582 τοὺς
1143 514 1401 585 ἀναξίους,
1443 519 1533 567 καὶ
1565 514 1647 566 ἵνα
1675 513 1831 585 ἕτεροι

1948 506 2207 563 diﬁ'undi
2231 505 2778 575 demonstraretur;
2806 506 2860 560 et
2883 506 2947 560 ut
2975 516 3084 576 per
3114 499 3314 576 ipsum
3340 503 3470 562 aliis
3501 504 3601 563 be-

254 610 330 666 δι’
381 611 532 663 αὐτῶν
592 609 946 682 ὠφεληθῶσιν,
997 610 1110 662 ὅσοι
1164 627 1217 660 τε
1273 606 1395 679 παρ’
1448 603 1613 656 αὐτῶν
1662 601 1836 676 ἀθερα-

257 704 484 762 πεύοντο,
526 705 616 752 καὶ
664 702 780 752 ὅσοι
831 697 1100 772 βλέποντες
1154 699 1241 758 τὰς
1311 697 1553 756 τοιαύτας
1609 694 1839 763 θαυματ-

261 795 478 864 ουργίας,
533 787 802 842 ἐπίστευον
853 796 924 859 τῷ
972 793 1216 863 Χριστῷ.
1277 785 1352 838 Οὐ
1407 790 1516 859 χρὴ
1569 782 1655 835 οὖν
1715 782 1836 833 θαυ-

258 881 432 954 μάζειν
481 878 664 940 αὐτοὺς
736 880 1280 952 θαυματουργοῡντας.
1341 872 1508 928 006'»
1557 877 1658 948 γὰρ
1712 871 1835 947 παρ’

254 970 432 1023 ἑαυτῶν
492 968 815 1038 εἰσήνεγκαν,
877 965 1003 1019 ἀλλὰ
1052 970 1138 1018 τόν
1193 968 1342 1035 Θιέν,
1399 966 1485 1016 τόν
1542 959 1832 1027 δεδωκότα,

243 1060 494 1120 τοιούτοις
550 1053 702 1110 οὖσιν
762 1057 954 1121 αὐτοῖς,
1009 1060 1103 1114 τὴν
1153 1057 1336 1130 χάριν.
1401 1059 1645 1114 Τοιοῦτος
1695 1047 1757 1109 ἦν
1809 1048 1835 1102 ό

236 1149 300 1199 τὰ
357 1142 614 1219 δαιμόνια
682 1144 956 1214 ἕκϐάλλων,
1031 1148 1122 1197 καὶ
1173 1149 1244 1218 μὴ
1321 1144 1389 1195 ὧν
1467 1143 1577 1216 μετ’
1653 1140 1830 1194 αὐτοῦ.

229 1242 478 1296 Τοιοῦτος
537 1235 744 1294 ἦνκαὶ
787 1235 812 1286 0
858 1229 1123 1308 προδότης
1179 1229 1405 1294 Ἰούδας.
1454 1231 1680 1294 Ἀνάξιοι
1731 1235 1831 1302 γὰρ

234 1324 392 1390 ὄντες,
440 1324 624 1377 ἔλαϐον
681 1329 1014 1397 χαρίσματα.
1058 1327 1159 1376 Καὶ
1199 1322 1249 1376 ἓν
1303 1330 1365 1395 τῇ
1425 1320 1630 1392 Παλαιᾷ
1670 1317 1728 1372 δὲ
1764 1320 1834 1380 εἰς

240 1413 454 1476 πολλοὺς
519 1412 761 1476 ἀναξίους
817 1413 847 1472 ἠ
899 1415 1009 1466 θεία
1072 1414 1231 1486 χάρις
1271 1410 1576 1486 ίνήργησεν,
1630 1412 1712 1461 ἶνα
1759 1406 1833 1461 δι’

233 1503 402 1556 αὐτῶν
455 1501 644 1564 ἄλλους
704 1502 1039 1578 εὐεργετήσῃ.
1095 1500 1231 1555 Ἀλλ’
1302 1500 1444 1554 οὗτοι
1505 1504 1593 1572 μίν
1652 1499 1835 1560 πάντες

229 1596 414 1644 πίστιν
456 1594 585 1652 τέως
617 1597 781 1662 εἶχον,
823 1589 868 1642 εἰ
917 1595 1005 1642 καὶ
1045 1588 1168 1664 βίου
1209 1587 1344 1648 ἦσαν
1388 1592 1829 1662 κατεγνῶσμένου.

229 1678 451 1752 Βαλαὰμ
499 1677 557 1732 0':
584 1684 674 1731 καὶ
720 1683 939 1739 πίστεως
986 1684 1071 1732 καὶ
1135 1677 1391 1739 πολιτείας
1431 1677 1646 1753 ἀρίστης
1691 1676 1833 1729 αλλό-

1944 596 2224 653 neﬁcium
2253 595 2635 660 conferretur,
2660 595 2764 667 qui
2796 593 3067 650 videlicet
3085 592 3165 649 ab
3191 594 3276 649 eis
3306 595 3602 654 curaban-

1944 690 2059 754 tur,
2117 686 2209 742 vel
2277 685 2376 756 qui
2446 699 2633 756 opera
2713 683 2812 739 illa
2878 681 3237 739 admiranda
3305 683 3599 742 intuentes

1945 775 2268 832 credebant
2312 776 2369 830 in
2422 773 2740 829 Christum.
2793 775 2918 828 Non
2965 785 3109 841 ergo
3165 787 3268 828 eos
3316 773 3599 831 admirari

1943 868 2196 937 oportet,
2237 863 2340 936 qui
2387 862 2682 919 miracula
2719 860 3149 934 operabantur,
3197 877 3388 933 neque
3438 864 3600 920 enim

1943 955 2281 1028 quidquam
2312 969 2348 1010 a
2374 968 2435 1009 se
2484 952 2631 1025 ipsis
2660 950 3045 1008 conferebant
3075 967 3088 1016 ;
3119 951 3223 1007 sed
3252 954 3458 1020 Deum,
3497 953 3601 1026 qui

1944 1059 2076 1100 cum
2109 1043 2190 1099 illi
2237 1042 2381 1099 tales
2419 1044 2635 1106 essent,
2663 1040 2918 1112 gratiam
2949 1043 3151 1095 tamen
3185 1038 3299 1096 illis
3327 1042 3601 1112 praastite-

1940 1136 2053 1190 rat.
2085 1133 2238 1190 Talis
2268 1136 2410 1198 erat,
2444 1131 2547 1204 qui
2585 1129 2888 1187 daemonia
2934 1128 3225 1200 ejiciebat,
3256 1145 3367 1186 nec
3397 1134 3600 1189 tamen

1940 1223 2136 1289 ipsum
2191 1220 2597 1293 sequebatur;
2632 1218 2767 1275 talis
2797 1223 2923 1275 erat
2969 1222 3026 1274 et
3062 1217 3250 1274 Judas
3297 1219 3590 1291 proditor.

1942 1312 2091 1368 Nam
2106 1310 2235 1366 licet
2256 1309 2707 1380 indigniessent,
2729 1308 2982 1378 gratiam
3000 1311 3199 1364 tamen
3223 1317 3595 1382 acceperant.

1940 1402 2003 1456 In
2056 1400 2242 1456 Veteri
2271 1415 2514 1472 quoque
2569 1401 2945 1454 Testamento
2985 1397 3046 1452 in
3078 1398 3279 1453 multis
3332 1399 3598 1469 indignis

1943 1489 2132 1560 gratia
2152 1488 2529 1561 operabatur,
2558 1491 2622 1543 ut
2637 1502 2744 1559 per
2768 1502 2870 1541 eos
2903 1485 3032 1542 aliis
3064 1487 3422 1543 beneﬁcium
3453 1503 3601 1560 prae-

1943 1582 2144 1634 staret.
2195 1578 2307 1633 Sed
2342 1577 2402 1633 hi
2452 1576 2698 1649 quidem
2761 1575 2942 1631 ﬁdem
2989 1575 3226 1631 interim
3272 1576 3597 1646 habebant,

1940 1680 2295 1739 quanquam
2355 1664 2475 1720 vita
2523 1662 3022 1736 reprehensibiles
3070 1668 3288 1720 essent.
3358 1665 3600 1722 Balaam

227 1788 365 1842 τριος
429 1769 522 1836 ὢν,
582 1772 954 1841 προεφήτευσε.
1013 1773 1113 1820 Καὶ
1151 1776 1223 1839 τῷ
1281 1771 1464 1841 Φαραὼ
1507 1764 1584 1832 δι,
1617 1770 1704 1818 καὶ
1761 1774 1831 1836 τῷ

1945 1758 2142 1811 autem
2189 1753 2530 1810 cumaﬂde
2589 1757 2646 1809 et
2699 1752 3151 1808 conversatione
3222 1752 3384 1808 bona
3449 1757 3602 1811 esset

223 1853 746 1930 Ναϐουχοδονόσορ,
785 1860 877 1908 καὶ
919 1864 989 1926 τῷ
1031 1859 1128 1926 υἱῷ
1159 1856 1317 1909 αὐτοῦ
1366 1855 1657 1927 Βαλτάσαρ,
1709 1853 1833 1907 ἀσε-

224 1946 338 1999 ϐέσι
395 1952 492 2000 καὶ
541 1947 997 2020 παρανομωτάτοις
1051 1942 1214 2010 οὖσιν,
1269 1941 1458 2008 ἔδειξεν
1514 1946 1539 1996 ὁ
1593 1947 1722 2006 Θεὸς
1769 1945 1835 1996 τὰ

223 2035 487 2108 μέλλοντα
544 2032 637 2088 διὰ
675 2039 768 2093 τὴν
821 2034 1000 2107 ἑτέρων
1051 2034 1371 2107 οἰκονομίαν.
1441 2038 1540 2086 Καὶ
1598 2038 1649 2085 τί
1700 2031 1834 2104 λέγω

223 2129 338 2199 περὶ
406 2122 730 2198 ἀνθρώπων;
770 2123 861 2184 Εἰς
905 2126 998 2180 τήν
1049 2126 1159 2174 ὄνον
1206 2129 1297 2174 τοῦ
1352 2120 1564 2194 Βαλαὰμ
1606 2123 1636 2179 ἠ
1675 2122 1834 2194 χάρις

223 2219 285 2273 τὰ
373 2214 575 2277 ἑαυτῆς
658 2209 979 2281 ἐπεδείξατο,
1059 2215 1228 2283 φωνὴν
1304 2210 1624 2286 ἀνθρωπίνην
1699 2209 1829 2282 αὐτῇ

225 2305 613 2384 δωρησαμένη,
682 2303 803 2379 ηρός
849 2304 908 2356 τὸ
963 2305 1229 2356 συνετίσαι
1288 2303 1373 2353 τόν
1432 2299 1683 2358 ἐπιϐάτην
1744 2299 1832 2351 αὐ-

223 2406 333 2459 τῆς.

295 2487 455 2540 Ἐπεὶ
535 2489 726 2551 τοίνυν,
814 2485 968 2558 ὀρθοῦ
1051 2481 1172 2555 βίου
1240 2485 1310 2554 μὴ
1385 2484 1656 2554 παρόντος,
1718 2479 1834 2532 οὔτε

225 2581 405 2636 πίστις
448 2577 565 2627 οὔτε
615 2575 857 2646 θαύματα
916 2576 1097 2637 σώζειν
1164 2567 1436 2636 δύνανται,
1479 2569 1600 2643 βίου
1646 2568 1834 2642 μᾶλλον

235 2663 572 2736 ἕπιμελητέον
652 2663 798 2735 ἡμῖν.
874 2664 950 2715 Τὰ
1017 2657 1076 2715 δι
1163 2663 1424 2732 θαύματα,
1501 2663 1836 2732 παρεχόμενα

238 2756 322 2824 μὶν
363 2748 699 2816 ἀποδεκτέον,
755 2755 828 2824 μὴ
884 2754 1250 2824 παρεχομένων
1290 2745 1348 2800 δὲ
1399 2752 1469 2820 μὴ
1524 2746 1833 2820 ἀθυμητέον.

534 2843 784 2915 ὶνάρετος,
870 2844 958 2892 καὶ
1024 2844 1094 2912 μὴ
1161 2841 1590 2911 θαυματουργῶν,
1677 2833 1834 2889 οὐδὲν

254 2927 469 2982 ἐντεῦθεν
521 2929 834 2988 ἠλάττωται.
897 2933 998 2982 Καί
1046 2931 1146 3000 γὰρ
1206 2928 1231 2979 0
1286 2929 1377 2999 μὶν
1437 2924 1632 2998 ἁγαθός
1695 2925 1831 2998 βίος,

246 2848 286 2892 Ο
355 2844 460 2914 γὰρ

1941 1841 2626 1914 e1ienus,prophetabat.
2642 1841 2795 1906 Quin
2815 1845 2871 1897 et
2895 1840 3182 1896 Pharaoni
3209 1845 3266 1897 et
3295 1841 3600 1899 Nabucho-

1940 1930 2204 1987 donosor
2219 1935 2273 1985 et
2293 1929 2415 1986 ﬁlio
2427 1931 2555 2001 ejus
2582 1929 2861 1992 Baltasar,
2888 1944 3027 1984 cum
3049 1934 3244 1985 essent
3259 1929 3601 2002 impiissimi

1944 2034 2014 2076 ac
2039 2018 2500 2083 sceleratissimi,
2548 2019 2714 2076 Deus
2744 2018 2945 2074 futura
2975 2019 3428 2085 demonstravit,
3466 2035 3602 2092 pro-

1941 2112 2074 2182 pter
2085 2107 2333 2164 aliorum
2349 2106 2860 2178 gubernationem.
2881 2106 2993 2164 Sed
3005 2107 3155 2180 quid
3168 2108 3242 2164 de
3257 2108 3600 2165 hominibus

1944 2198 2096 2268 dico,
2123 2212 2261 2253 cum
2286 2199 2342 2253 et
2370 2197 2430 2252 in
2457 2197 2630 2253 asina
2647 2195 2886 2253 Balaam
2917 2211 3091 2253 suam
3107 2197 3602 2255 demonstraverit

1942 2287 2236 2350 virtutem,
2264 2301 2407 2342 voce
2436 2286 2705 2342 humana
2733 2285 2848 2359 ipsi
2877 2285 3110 2351 collata,
3155 2290 3218 2343 ut
3251 2301 3386 2344 eam
3419 2285 3600 2359 ipsius

1945 2391 2228 2434 ascensor
2256 2374 2653 2446 intelligeret?

2016 2473 2164 2540 Quia
2203 2487 2344 2544 ergo
2374 2480 2536 2530 recta
2563 2473 2662 2530 via
2686 2471 3018 2545 deﬁciente,
3053 2488 3248 2547 neque
3298 2473 3468 2540 ﬁdes,
3496 2489 3603 2532 ne-

1943 2578 2061 2636 que
2092 2561 2379 2618 miracula
2411 2562 2613 2619 salvos
2657 2562 2851 2619 facere
2873 2566 3142 2635 possunt,
3179 2561 3358 2620 nobis
3386 2562 3462 2620 de
3479 2565 3604 2622 vita.

1945 2652 2139 2725 magis
2171 2652 2506 2709 curandum
2520 2654 2608 2707 est
2638 2650 2831 2723 :quod
2855 2651 2901 2707 si
2934 2650 3126 2708 facere
3143 2667 3388 2724 quoque
3428 2653 3604 2723 signa

1946 2741 2134 2807 detur,
2211 2740 2652 2813 suscipiendum
2704 2743 2832 2807 est;
2887 2739 2936 2795 si
2987 2746 3183 2797 autem
3243 2757 3365 2798 non
3411 2742 3601 2810 detur,

1947 2831 2314 2888 constristari
2357 2845 2479 2886 non
2510 2833 2762 2902 oportet.
2792 2832 2940 2886 Nam
2979 2830 3083 2902 qui
3123 2830 3331 2887 virtute
3385 2831 3603 2904 praedi-

1947 2926 2038 2975 tus
2069 2924 2180 2987 est,
2205 2921 2312 2976 etsi
2357 2919 2641 2976 miracula
2666 2933 2789 2976 non
2817 2919 2973 2984 edat,
3027 2918 3172 2975 nihil
3217 2920 3353 2976 inde
3383 2921 3605 2993 patitur

259 3019 459 3079 πάντως
503 3019 650 3080 σώζει
686 3021 774 3070 τόν
827 3022 1011 3070 πιστόν
1041 3033 1052 3047 ⁸
1094 3020 1160 3070 τὰ
1209 3019 1453 3088 θαύματα
1497 3013 1555 3069 δε
1613 3015 1670 3068 00’
1710 3017 1831 3068 πάν-

1945 3009 2302 3074 detrimenti,
2347 3009 2510 3065 bona
2554 3008 2852 3081 siquidem
2900 3009 3022 3066 vita
3058 3008 3299 3066 ﬁdelem
3355 3011 3604 3069 omnino

258 3124 364 3167 τως.
432 3112 524 3160 Καὶ
589 3114 680 3160 τοῦ
761 3109 850 3180 μὶν
907 3109 1140 3179 ἐναρέτου
1221 3104 1342 3177 βίου
1419 3103 1636 3177 ἀμοιϐὰς
1710 3106 1833 3175 ἡμῖν

242 3203 503 3270 χροωστεί
565 3200 730 3257 Θεὸς·
790 3203 890 3246 τῶν
945 3191 1004 3247 δι
1079 3197 1354 3266 θαυμάτων
1423 3195 1572 3266 ἡμεῖς
1645 3192 1833 3266 μᾶλλον

240 3287 399 3357 αὐτῷ.
457 3289 563 3348 Τὰς
602 3285 775 3348 αἰτίας
822 3280 900 3349 δι,
956 3280 1027 3336 δι’
1077 3283 1137 3347 ἃς
1181 3287 1292 3336 οὔτε
1333 3289 1464 3336 πᾶσι
1513 3289 1616 3342 τοῖς
1664 3281 1835 3353 ἁγίοις

235 3383 458 3450 παρέχει
485 3380 581 3434 τὴν
629 3377 790 3447 χάριν
819 3381 919 3425 τῶν
976 3374 1252 3445 θαυμάτων
1282 3373 1308 3424 0
1340 3375 1483 3436 Θεὸς,
1538 3373 1654 3424 οὔτε
1700 3377 1834 3423 πᾶσι

230 3473 334 3528 τοῖς
401 3463 659 3528 ἀναξίοις,
730 3467 887 3536 μόνος
942 3462 1094 3524 αὐτὸς
1157 3457 1301 3515 οἶδεν
1356 3461 1535 3536 ὀρθῶς,
1592 3461 1617 3512 0
1666 3461 1834 3513 πάντα

227 3559 358 3607 κατὰ
395 3554 557 3626 λόγον
586 3561 744 3605 ποιῶν
757 3596 769 3608 .

291 3739 406 3794 Πᾶς
463 3762 534 3772 -
587 3751 836 3805 φρονιμῳ.
894 3731 1220 3804 ’Δπαρτίσας
1291 3733 1384 3789 τὴν
1455 3721 1831 3794 διδασκαλίαν,

218 3823 399 3875 λοιπόν
457 3819 848 3895 παραθαρῥύνει
905 3824 1023 3882 τοὺς
1063 3821 1320 3891 μαθητὰς,
1376 3817 1448 3880 εἰς
1493 3822 1552 3871 τό
1603 3813 1833 3890 βαδίσαι

216 3917 309 3969 τὴν
387 3914 579 3968 στενὴν
646 3914 736 3961 καὶ
806 3907 1146 3981 τεθλιμμένην
1205 3905 1348 3976 ὀδόν,
1418 3908 1835 3979 ὑπισχνούμενος

215 4003 472 4072 γενέσθαι
533 3999 705 4060 αὐτοῖς
760 3997 1024 4071 ἀρκοῦσαν
1082 3995 1384 4069 ἀσφάλειαν,
1448 4001 1541 4055 τὴν
1605 3995 1833 4068 φυλακὴν

213 4099 313 4140 τῶν
366 4086 592 4142 ἐντολῶν
624 4087 802 4141 αὑτοῦ.
857 4093 983 4155 Πᾶς,
1038 4092 1220 4158 φησιν,
1263 4089 1288 4138 ὁ
1339 4084 1536 4138 ἁκούων
1567 4105 1668 4158 μου
1715 4091 1837 4150 τοὺς

211 4179 398 4250 λόγους
448 4179 685 4242 τούτους,
728 4181 845 4235 ἤτοι
897 4179 986 4237 τὰς
1043 4175 1267 4242 ἐντολάς,
1300 4174 1363 4236 ἃς
1413 4173 1652 4238 ίπίταξα.
1712 4177 1838 4230 Τινὰ

1943 3099 2174 3156 salvum
2220 3098 2377 3162 facit,
2413 3097 2702 3156 miracula
2732 3113 2866 3154 vero
2905 3113 3028 3154 non
3082 3114 3337 3170 semper.
3367 3100 3603 3158 Praeter-

1941 3203 2014 3244 ea
2042 3187 2218 3243 boum
2249 3189 2383 3242 vitm
2401 3187 2950 3242 remunerationem
2997 3186 3177 3242 nobis
3209 3187 3387 3243 debet
3411 3189 3562 3245 Deus
3587 3205 3601 3256 ;

1942 3275 2368 3332 miraculorum
2421 3279 2641 3340 autem,
2687 3289 2798 3330 nos
2853 3275 3052 3347 potius
3095 3274 3212 3346 ipsi
3287 3275 3602 3336 debemus.

1943 3366 2166 3422 Causas
2215 3379 2354 3420 vero
2397 3369 2632 3435 propter
2655 3378 2826 3434 quas,
2875 3378 3070 3435 neque
3117 3363 3338 3420 sanctis
3409 3367 3601 3422 omni-

1941 3453 2058 3510 bus
2089 3451 2317 3525 praebet
2343 3451 2499 3507 Deus
2545 3450 2800 3522 gratiam
2843 3451 3293 3519 miraculorum,
3346 3466 3542 3524 neque
3568 3469 3599 3510 e

1941 3542 2178 3599 diverso
2207 3540 2490 3598 omnibus
2529 3539 2814 3608 indignis,
2866 3539 3031 3596 solus
3083 3540 3207 3612 ipse
3248 3540 3430 3608 novit,
3459 3541 3603 3614 quia

1941 3631 2143 3690 omnia
2172 3630 2333 3702 justa
2361 3628 2592 3686 ratione
2621 3628 2779 3685 facit.

2013 3733 2175 3788 Vers.
2228 3732 2317 3786 24.
2363 3729 2566 3785 Omnis
2597 3759 2665 3768 —
2691 3727 2993 3798 prudenti.
3040 3727 3290 3802 Expleta
3328 3727 3600 3789 doctrina

1941 3821 2295 3879 adhortatur
2331 3819 2611 3892 deinceps
2649 3818 2995 3891 discipulos,
3040 3824 3104 3876 ut
3143 3834 3248 3891 per
3298 3818 3462 3878 viam
3492 3835 3602 3878 an—

1943 3915 2177 3982 gustam
2231 3912 2288 3965 et
2340 3909 2602 3965 strictam
2659 3907 3006 3978 gradientur
3037 3910 3428 3982 :promittens
3485 3909 3601 3966 illis

1945 3999 2336 4056 sufﬁcientem
2359 3996 2563 4053 adfore
2592 3996 3221 4069 securitatem,nempe
3240 3997 3436 4070 ipsam
3453 4012 3600 4071 prte-

1945 4095 2253 4162 ceptorum
2284 4087 2784 4145 observationem.
2837 4088 3062 4154 Omnis,
3100 4087 3307 4163 inquit,
3362 4087 3465 4161 qui
3495 4104 3600 4146 au-

1946 4178 2032 4234 dit
2060 4178 2171 4234 hos
2203 4191 2512 4233 sermones
2551 4191 2731 4244 meos,
2763 4175 2886 4230 sive
2933 4175 3061 4231 haec
3089 4191 3221 4246 quae
3246 4175 3402 4245 jussi
3448 4191 3598 4247 prte-

211 4273 302 4343 μὲν
352 4265 450 4323 οὖν
518 4275 617 4318 τῶν
672 4265 786 4338 (58)
831 4264 1178 4341 ἀντιγράφων,
1225 4264 1645 4338 Ὁμοιωθήσεται
1711 4267 1831 4339 γρά-

1946 4271 2116 4339 cepta
2145 4287 2157 4322 :
2183 4264 2470 4338 quaedam
2495 4263 2789 4337 siquidem
2807 4263 3171 4334 exemplaria
3191 4265 3593 4336 ὁμοιωθήσεται,

1481 4390 1701 4458 Varia
1727 4391 2054 4460 lectiones
2079 4399 2366 4457 etnotae.

281 4537 410 4621 (δβ)
435 4531 1824 4621 οίεθδυίέίὲίὶἓίέέὲίέείέτὶξὶτέδρῗίῗεὲἕὲἒΐὲθξιὲίτίξιξξν

211 4603 318 4666 ubi
341 4603 684 4679 ἀντιγρέφων
705 4603 769 4679 ﬁt
786 4604 1030 4679 mentio,
1046 4603 1276 4679 ubique
1289 4604 1554 4679 cogitant
1573 4604 1648 4679 de
1661 4603 1826 4679 codi-

212 4682 390 4736 cibus
419 4675 978 4748 N.‘T._Cujusmodi
999 4689 1138 4745 ergo
1167 4675 1404 4748 codices
1443 4677 1826 4748 ὁμοιωθήσεται

212 4695 390 4736 cibus
419 4695 492 4735 Π.
539 4695 594 4733 ι.
627 4695 978 4748 υιῃυεωοαι
999 4695 1138 4745 ergo
1167 4695 1404 4730 coulces
1443 4695 1468 4726 0
1513 4695 1817 4732 οιωυησεται

209 4752 450 4808 habent
474 4747 508 4802 7
533 4745 754 4802 scilicet
800 4745 1225 4818 Chrysostomi.
1266 4752 1414 4802 tom.
1465 4695 1579 4814 δη,
1632 4763 1687 4816 p.
1723 4751 1817 4818 301

212 4823 330 4879 bis.
365 4819 532 4887 Quid
580 4824 780 4875 autem
821 4816 1174 4888 Euthymius
1204 4816 1234 4871 7
1261 4821 1411 4873 Num
1441 4817 1822 4888 examinavit,

213 4891 567 4977 αρξεὶςοείο
591 4905 698 4977 Per
709 4887 1048 4977 909109523:
1069 4891 1110 4977 τ
1113 4887 1828 4977 θεεθωςηξὲηρνθηξξεξτθράα

214 4959 334 5021 sit?
359 4959 776 5033 Minime'vero.
797 4959 908 5015 Sed
932 4963 1232 5033 utramque
1247 4960 1507 5033 admittit.
1532 4959 1828 5033 Theophyf

215 5037 439 5102 lactus,
497 5033 602 5106 qui
628 5031 1106 5106 etiam_tra_ctav_it
1139 5030 1386 5106 codices
1403 5030 1828 5106 Chrysostomi

216 5108 278 5163 in
307 5111 484 5164 textu
517 5102 589 5176 ὀι
632 5104 692 5159 in
728 5102 996 5176 ,scholio,
1047 5103 1290 5176 ὁμοιωσω
1329 5102 1521 5166 habet,
1566 5116 1711 5176 pag.
1735 5103 1827 5176 41.

217 5180 368 5244 Quae
420 5175 588 5232 crisis
615 5179 700 5231 est
727 5174 788 5229 h.
821 5173 859 5229 l.
907 5173 1214 5244 Wetstenii
1239 5173 1266 5228 ?
1307 5180 1387 5229 Ex
1434 5189 1609 5229 versu
1649 5173 1718 5228 26
1749 5173 1832 5227 in-

217 5243 372 5322 quit.
398 5251 577 5304 Recte
599 5245 890 5322 profecto,
920 5247 1067 5301 Nam
1085 5243 1543 5322 Chrysostpmus
1562 5248 1618 5322 et
1637 5244 1829 5322 ορίοῇ

216 5315 582 5392 interpretes
602 5315 816 5392 millies
835 5315 1066 5392 diversa
1082 5315 1222 5392 loca
1229 5315 1630 5392 confundunt.
1648 5315 1830 5392 _Upde

221 5385 433 5448 autem
455 5389 518 5445 in
539 5388 874 5445 versionem
895 5389 1106 5459 Syram
1127 5391 1185 5443 et
1204 5387 1512 5459 Vulgatam
1528 5387 1687 5443 venit
1703 5385 1830 5459 ‘iiAc

223 5463 270 5518 si
299 5462 432 5518 ista
453 5459 758 5517 versiones
779 5473 898 5514 non
925 5458 1148 5531 centies
1170 5473 1242 5515 ac
1265 5458 1477 5531 saepius
1497 5474 1570 5514 ex
1592 5458 1832 5531 scholiis

222 5534 452 5591 Graecis
478 5535 678 5588 essent
707 5529 1092 5600 corruptm.Si
1118 5534 1318 5587 autem
1341 5529 1542 5600 postea
1564 5529 1832 5599 Origenis

223 5603 714 5663 Commentarius
731 5601 807 5657 ad
821 5602 976 5658 hunc
989 5600 1189 5658 locum
1203 5617 1274 5658 ex
1287 5600 1652 5658 bibliothecis
1667 5615 1828 5657 erue-

223 5682 342 5749 tur,
396 5680 460 5732 et
507 5674 606 5731 ille
660 5688 904 5748 quoque
955 5672 1374 5748 comprobabit
1425 5674 1830 5748 ὁμοιωθήσεται,

1935 4530 2154 4587 scilicet
2176 4535 2319 4587 tunc
2344 4528 2662 4586 accesseris
2688 4527 2767 4586 ad
2793 4527 3017 4585 fontem
3067 4528 3307 4587 erroris.
3349 4531 3428 4586 Ex
3458 4530 3592 4588 cod.

1937 4604 2147 4660 Wetst.
2176 4607 2222 4666 i,
2239 4600 2984 4674 propemodumsuspicor,
3001 4603 3081 4658 ita
3093 4601 3255 4674 illum
3270 4603 3590 4674 scripsisse.

1936 4675 2075 4741 Quis
2102 4672 2370 4730 vero'hic'
2396 4689 2466 4728 ex
2497 4672 2820 4728 editoribus
2852 4676 2917 4728 N.
2946 4676 3006 4729 Τ.
3049 4689 3117 4729 ex
3161 4672 3595 4745 Chryso'stomo

1936 4747 2405 4819 notavitépomezi
2418 4763 2562 4819 σεται
2583 4745 2609 4798 ?
2636 4745 3171 4819 Dixeritquispiam
3202 4763 3215 4800 :
3252 4747 3595 4819 Sedparum

1935 4818 2215 4889 interest,
2253 4824 2450 4873 utrum
2509 4818 2770 4889 ὁμοιώσω,
2803 4832 2880 4889 an
2930 4818 3316 4889 ὁμοιωθήσεται
3366 4818 3596 4887 legatur

1938 4888 2154 4944 Criticae
2181 4904 2365 4944 sacrm
2397 4887 2745 4944 sine'dubio
2798 4887 3058 4944 interest.
3110 4888 3225 4946 Sed
3279 4889 3595 4959 theologia:

1935 4960 2293 5028 dogmaticae
2318 4960 2412 5014 hic
2444 4975 2661 5029 parum
2697 4960 2952 5015 interest.
3015 4960 3198 5029 Igitur
3226 4962 3406 5017 etiam
3432 4962 3595 5018 hunc

1936 5032 2138 5087 locum
2169 5031 2410 5101 arripui.
2437 5030 2490 5087 Si
2525 5031 2684 5086 enim
2728 5030 2817 5102 de,
2846 5030 3078 5088 Christo
3110 5037 3331 5102 ageret,
3363 5033 3596 5090 silentio

1936 5102 2467 5176 praetermisissem.
2495 5103 2767 5176 Sedame
2806 5101 3123 5176 impetrare
3142 5101 3411 5176 nequeo,
3449 5105 3596 5176 quin

1937 5173 2060 5230 duo
2108 5173 2329 5232 inedita
2379 5174 2457 5229 ad
2525 5173 2684 5230 hunc
2739 5173 2940 5231 locum
2991 5175 3219 5233 scholia
3252 5173 3340 5232 ὀι
3390 5173 3596 5232 codice

1939 5245 2349 5317 Mosquensie.
2371 5244 2476 5302 fol.
2503 5245 2593 5312 63,
2615 5244 2857 5317 addam.
2912 5248 3171 5304 Alterum
3213 5247 3402 5303 Photii
3429 5252 3517 5303 est
3541 5250 3599 5305 et

1939 5315 2200 5374 defendit
2248 5317 2565 5374 lectionem
2612 5315 2918 5387 vulgatam
2953 5318 3241 5385 ;alterum
3300 5318 3594 5388 Origenis,

1939 5389 2105 5460 quod
2117 5390 2347 5463 ineptas
2363 5389 2411 5460 ej
2424 5405 2491 5444 us
2517 5388 2962 5463 explicationes,
2983 5405 3055 5463 ex
3070 5389 3473 5463 parallelismo
3490 5405 3599 5448 seu

1938 5475 2008 5515 ex
2037 5476 2160 5516 sum
2191 5460 2374 5516 aetatis
2406 5460 2846 5516 concordantiis
2874 5460 3156 5519 declarat.
3231 5513 3258 5516 .,

2013 5536 2230 5607 Φω-τίου·
2289 5537 2604 5607 ξημείωσαι,
2663 5532 2742 5584 ὅτι
2791 5535 2847 5586 τό
2896 5537 2985 5606 μὲν
3037 5535 3279 5606 ’γενέσθαι
3322 5537 3596 5607 φρόνιμον,

1941 5601 2035 5653 οὐκ
2086 5605 2224 5654 ἔστιν
2273 5601 2390 5678 ἄνευ
2418 5612 2510 5665 τῆς
2557 5609 2645 5654 τοῦ
2679 5611 2812 5678 Θιού
2864 5601 3136 5678 συνεργίας
3179 5625 3268 5659 και
3311 5601 3594 5678 ἐπιπνοίαςξ

1941 5677 2027 5728 Διό
2085 5693 2263 5748 φησιν,
2335 5675 2608 5748 Ὁμοιώσω
2692 5675 2846 5729 αὐτόν
2928 5675 3084 5752 ἀνδρὶ
3163 5681 3414 5751 φρονίμῳ,
3483 5675 3599 5732 ἀντί
