4170 6464
227 368 341 426 277
1228 361 1603 421 COMMENT.
1652 359 1726 416 IN
1765 357 2213 418 MATTHEUM-
2252 389 2322 403 —
2360 359 2525 418 CAP.
2571 361 2697 420 VII.
3506 364 3612 420 278

233 495 427 559 λοντες,
485 491 547 545 ού
606 489 856 546 δύνανται
916 490 1224 548 καταϐαλεῖν
1301 495 1388 544 καὶ
1453 487 1706 543 διαλῦσαι
1761 489 1880 545 τὴν.

1964 487 2232 552 nitantes,
2285 502 2406 544 non
2459 491 2774 560 potuerunt
2827 488 3078 560 dejicere
3129 492 3232 547 aut
3288 489 3611 550 dissolvere

251 579 530 656 οἰκοδομήν
612 582 776 643 αὐτῆς
847 623 862 648 ,
952 578 1094 634 διότι
1172 579 1531 654 τεθεμελίωται
1627 567 1891 652 στερρῶί

1963 592 2116 643 eam,
2141 577 2281 650 quia
2302 575 2553 634 fundata
2577 582 2702 633 erat
2724 578 2972 634 ﬁrmiter
2998 593 3178 651 super
3205 583 3458 652 petram,
3490 581 3610 640 sive

262 672 342 726 ἱπί
400 677 584 747 πέτραν
642 714 657 739 ,
731 675 892 744 ἤγουν
952 713 965 738 ,
1017 670 1102 726 έπὶ
1155 668 1437 744 ἀσφάλειαν
1484 708 1500 733 ,
1569 671 1636 730 ὡς
1716 669 1853 740 εἶρηε⁸

1411 690 1437 720 ν
1484 708 1500 733 ,
1569 671 1636 730 ὡς
1716 669 1853 740 εἶρηο
1961 681 2144 740 super
2181 666 2559 731 soliditatem,
2591 672 2653 723 ut
2683 666 2912 724 dictum
2950 671 3058 724 est.

267 781 369 816 ται.

337 854 427 904 Καὶ
491 851 585 924 ὅρα
640 869 732 924 μοι
785 853 907 913 τοὺς
972 848 1294 911 ἀποστόλους
1365 847 1562 913 εύθέως,
1638 845 1711 920 ἔφ’
1765 846 1853 908 ούς

2033 845 2245 902 Statim
2285 844 2484 918 itaque
2537 845 2841 916 apostolos
2872 845 3016 901 mihi
3065 845 3310 912 intuere,
3343 846 3403 903 in
3459 861 3613 920 quos

263 939 432 992 πολλαὶ
489 942 579 1010 μεν
631 938 905 992 έπιϐουλαὶ
951 941 1214 1012 χεθεῖσαι,
1269 941 1450 1012 μυρίοι
1494 933 1553 989 δε
1606 945 1854 1008 χειμῶνες

1970 934 2225 1006 plurimas
2251 933 2628 990 deﬂuxerunt
2649 933 2901 1001 insidiae,
2933 949 3003 990 ac
3027 934 3352 990 innumerze
3378 935 3617 992 calami-

257 1037 532 1102 συμφορῶν
590 1027 1021 1104 καταρῥαγέντες,
1093 1028 1186 1081 οὐκ
1252 1031 1490 1098 ἴσχυσαν
1549 1025 1855 1099 περιτρέψαι

1967 1028 2151 1081 latum
2202 1023 2430 1079 hiemes
2453 1021 2812 1078 deciderunt
2855 1038 2867 1078 :
2901 1037 3011 1078 nec
3042 1021 3359 1080 valuerunt
3388 1024 3614 1082 anima-

248 1122 329 1170 τόν
385 1120 590 1193 πύργον
625 1127 719 1181 τῆς
764 1117 948 1191 ψυχῆς
999 1117 1188 1174 αὐτῶν.
1242 1115 1393 1182 ἀλλὰ,
1448 1123 1548 1167 τῶν
1604 1116 1853 1185 σωμάτων

1966 1130 2092 1169 rum
2143 1128 2351 1170 eorum
2407 1111 2617 1168 turrim
2669 1112 2951 1174 evertere;
3009 1112 3113 1168 sed
3165 1112 3412 1185 perditis
3458 1117 3613 1168 certe

241 1208 422 1268 αὐτοῖς
455 1205 898 1283 διαφθειρομένων
933 1250 948 1266 .
976 1211 1300 1281 μεμενήκασι
1347 1207 1442 1266 τὰς
1484 1210 1689 1277 γνώμας
1739 1205 1853 1254 ἀνέ-

1964 1218 2063 1259 cor
2069 1202 2313 1276 poribus
2331 1201 2533 1259 animo
2545 1205 3011 1273 permanserunt
3029 1199 3522 1276 inexpugnabiles
3541 1217 3611 1258 ac

238 1296 400 1349 λωτοι
430 1300 519 1349 καὶ
556 1296 829 1356 ἀήττητοι.

772 1317 829 1353 η.
1962 1290 2419 1363 insuperabiles.

318 1391 424 1440 Καὶ
459 1417 523 1427 -—
577 1395 756 1460 μωρῷ.
813 1383 1025 1444 Ἐπειδὴ
1079 1405 1205 1446 τινες
1253 1393 1351 1437 τῶν
1400 1382 1662 1458 ἀκροατῶν
1711 1379 1853 1453 ἴμελ-

2033 1381 2194 1437 Vers.
2217 1380 2302 1436 26.
2319 1381 2396 1436 Et
2416 1380 2840 1451 —fatuo.0uia
2853 1379 3127 1437 nonnulli
3141 1379 3617 1458 auditoru‘mlau-

235 1473 328 1526 λον
373 1473 601 1527 ἐπαινεῖν
654 1477 745 1549 μεν
806 1477 871 1527 τὰ
923 1475 1187 1548 εἰρημένα,
1237 1477 1307 1546 μὴ
1363 1478 1526 1525 ποιεῖν
1579 1467 1637 1523 δε
1697 1469 1848 1533 αύτὰ,

1967 1468 2158 1526 daturi
2199 1473 2366 1526 erant
2405 1485 2540 1541 qua:
2572 1469 2824 1536 dixerat,
2873 1486 2982 1526 nec
3022 1474 3225 1526 tamen
3255 1485 3325 1526 ea
3355 1469 3567 1526 {acturi
3599 1484 3614 1526 :

238 1563 764 1638 προκαταλαμϐάνων
832 1563 1033 1636 έκφοϐεῖ
1099 1566 1310 1624 τούτους
1379 1557 1470 1614 διὰ
1534 1557 1850 1633 παραϐολῆς.

1972 1574 2068 1632 per
2090 1557 2460 1632 iparabolam
2508 1559 2616 1614 bos
2659 1558 3044 1631 anticipando
3085 1558 3357 1615 deterret.
3403 1558 3619 1636 Positis

236 1639 424 1725 Ἔργα
462 1649 522 1706 δε
571 1657 820 1726 φρονίμου
869 1659 956 1705 καὶ
999 1659 1177 1726 μωροῦ
1226 1653 1348 1715 θεὶς,
1390 1657 1479 1703 τοῦ
1521 1652 1610 1722 μὶν
1645 1650 1849 1712 συνετὰ,

1972 1653 2164 1706 autem
2196 1647 2503 1720 prudentis
2534 1651 2712 1719 atque
2748 1646 2891 1704 fatui
2923 1647 3206 1720 operibus
3254 1664 3268 1702 :
3306 1647 3461 1703 illius
3491 1648 3619 1720 qui-

238 1748 342 1796 τού
400 1737 460 1794 δι
529 1744 729 1814 μάταια
797 1783 810 1807 ,
873 1741 1228 1816 ἀμφοτέρωθεν
1298 1738 1680 1799 κατασκευάζει
1746 1743 1856 1798 τοῖς

1972 1737 2104 1794 dem
2168 1736 2384 1793 rationi
2427 1735 2704 1793 consonis
2764 1740 2820 1792 et
2863 1736 3151 1800 honestis,
3193 1736 3376 1807 hujus
3417 1740 3619 1792 autem

236 1834 520 1904 μαθηταῖς
565 1835 660 1889 τὴν
708 1835 990 1906 σωτηρίαν,
1039 1827 1131 1882 διά
1160 1849 1213 1882 τε
1255 1836 1345 1881 τοῦ
1401 1827 1560 1888 ζήλου
1610 1835 1702 1888 τῆς
1733 1845 1851 1878 συνο

1970 1825 2132 1882 vanis
2158 1843 2171 1880 :
2197 1824 2475 1898 utrinque
2501 1825 2936 1896 discipulorum
2949 1824 3324 1880 conﬁrmavit
3344 1825 3617 1888 salutem,

236 1925 431 1986 έσεως,
485 1925 575 1973 καὶ
625 1927 717 1972 τοῦ
760 1926 948 1993 μίσους
999 1927 1093 1981 τῆς
1145 1921 1539 1992 ματαιοπονίας.
1589 1921 1752 1968 Τοῦτο
1797 1911 1856 1967 δι

1969 1918 2022 1970 et
2051 1929 2157 1986 per
2184 1913 2374 1969 zelum
2402 1912 2740 1984 prudentiae,
2769 1917 2823 1969 et
2848 1928 2954 1985 per
2978 1911 3186 1970 odium
3210 1912 3351 1970 vani
3374 1912 3616 1970 laboris.

232 2010 495 2071 πολλάκις
555 2017 694 2062 ποιεῖ
744 2052 758 2074 ,
806 2012 1102 2082 προτρέπων
1164 2008 1231 2068 εἰς
1309 2006 1493 2080 ἀρετὴν
1549 2047 1563 2072 ,
1642 2002 1741 2056 ἀπό
1803 2021 1857 2056 τε

1974 2003 2082 2058 iloc
2119 2006 2320 2058 autem
2355 2001 2694 2074 frequenter
2731 2001 2870 2058 facit
2914 2018 2927 2056 :
2961 2001 3035 2057 ad
3079 2001 3355 2062 virtutem
3408 2001 3621 2058 adhor-

235 2103 530 2172 μιμήσεως
582 2107 682 2151 τῶν
749 2098 942 2162 καλῶν,
989 2102 1079 2150 καὶ
1132 2097 1232 2149 ἀπὸ
1291 2101 1483 2169 μίσους
1535 2103 1634 2146 τῶν
1681 2097 1856 2166 χειρό-

1975 2096 2118 2157 tans,
2160 2095 2217 2148 et
2256 2091 2330 2147 ab
2366 2089 2697 2148 imitatione
2739 2090 3061 2163 bonorum,
3096 2095 3153 2147 et
3196 2091 3270 2148 ab
3319 2091 3456 2152 odio
3489 2107 3622 2151 ma-

237 2210 354 2241 νων
368 2233 382 2245 ο

1964 2179 2181 2237 lorum.

324 2277 512 2340 Ὀστις
564 2309 632 2319 —
684 2280 857 2334 ἔπεσε.
919 2280 1140 2338 Δικαίως
1189 2278 1361 2349 μωρὸν
1417 2273 1572 2326 αὐτὸν
1627 2270 1853 2325 ἓκάλεσε.

2036 2271 2192 2324 Vers.
2225 2268 2313 2324 26.
2349 2268 2462 2337 Qui
2490 2300 2558 2310 ——
2588 2270 2747 2326 Vers.
2778 2268 2865 2326 27.
2896 2268 3116 2325 cecidit.
3150 2268 3352 2326 Merito
3375 2268 3622 2326 stultum

239 2371 316 2421 Τί
374 2370 476 2440 γὰρ
533 2365 866 2439 ἀνοητότερον
937 2372 1030 2418 τοῦ
1089 2365 1353 2426 κτίζοντος
1409 2362 1576 2414 οἰκίαν
1630 2360 1713 2413 ἰπὶ
1769 2364 1857 2418 τὴν

1975 2357 2131 2415 illum
2156 2357 2509 2415 nominavit.
2534 2357 2685 2424 Quid
2711 2357 2873 2414 enim
2896 2357 3276 2430 insipientius
3303 2373 3374 2414 eo
3391 2358 3497 2431 qui
3517 2357 3622 2415 do-

243 2459 447 2530 ᾶμμον,
509 2462 599 2508 καὶ
654 2458 741 2508 τὸν
794 2458 883 2529 μὲν
935 2459 1087 2506 πόνον
1143 2456 1504 2526 ὑπομένοντος,
1560 2457 1654 2512 τῆς
1697 2445 1754 2502 δε
1787 2448 1861 2500 ένο

1974 2464 2136 2504 mum
2159 2463 2332 2504 suam
2356 2463 2534 2520 super
2551 2462 2799 2504 arenam
2820 2447 3099 2513 aediﬁcat,
3118 2451 3174 2503 et
3190 2463 3329 2503 cum
3350 2447 3621 2505 laborem

245 2547 430 2599 τεύθεν
482 2543 816 2606 ἀπολαύσεως
882 2542 1346 2616 ἀποστερουμένου.
1407 2547 1572 2593 Τοῦτο
1622 2535 1679 2591 δε
1730 2536 1860 2612 βού-

1976 2537 2275 2603 sustineat,
2332 2537 2599 2610 privatur
2657 2542 2858 2594 tamen
2886 2535 3080 2592 fructu
3123 2551 3307 2609 quem
3337 2536 3476 2593 inde
3506 2536 3623 2593 col-

247 2637 398 2688 λεται
446 2644 534 2688 νῦν
579 2635 753 2701 εἰπεῖν,
812 2636 887 2686 ὅτι
947 2639 1055 2696 Πᾶς
1105 2635 1130 2684 ό
1174 2634 1354 2706 μαθὼν
1385 2634 1474 2691 τὰς
1503 2628 1708 2690 ἐντολάς
1736 2648 1858 2702 μου,

1981 2627 2146 2698 ligere
2176 2627 2501 2701 oportuit?
2548 2629 2648 2682 Est
2676 2642 2818 2698 ergo
2847 2625 3247 2693 tantumdem,
3290 2642 3360 2682 ac
3392 2627 3440 2682 si
3470 2626 3628 2683 dice-

253 2731 344 2778 καὶ
393 2729 465 2798 μή
518 2723 602 2777 έπὶ
665 2726 902 2788 ταύταις,
964 2725 1034 2785 ὡς
1093 2725 1177 2774 έπὶ
1234 2720 1445 2792 θεμελίῳ
1506 2718 1717 2794 στερρῷ,
1773 2720 1861 2779 τὰς

1974 2720 2057 2774 ret
2107 2735 2120 2773 :
2157 2717 2360 2774 Omnis
2397 2716 2495 2789 qui
2528 2719 2851 2789 postquam
2889 2719 3191 2788 praecepta
3229 2730 3364 2773 mea
3394 2715 3621 2782 didicit,

261 2815 448 2868 ἑαυτοῦ
498 2814 710 2887 πράξεις
766 2809 1076 2884 οἰκοδομῶν,
1132 2815 1391 2875 τουτέστι,
1442 2813 1514 2882 μή
1581 2811 1647 2869 ὡς
1707 2807 1862 2859 αὗται

1977 2821 2150 2879 super
2205 2821 2276 2863 ea
2338 2805 2519 2879 quasi
2575 2820 2758 2878 super
2812 2804 3074 2862 solidum
3113 2804 3624 2874 'fundamentum,

267 2912 573 2974 παραινοῦσι
618 2903 1028 2975 πολιτευόμενος,
1083 2899 1188 2952 ἁλλ’
1232 2900 1403 2975 ἑτέραν
1435 2894 1556 2950 ὁδόν
1596 2894 1860 2970 βαδίζων,

1980 2912 2112 2952 suas
2146 2895 2409 2952 actiones
2449 2909 2571 2952 non
2603 2894 2869 2966 aediﬁcat,
2902 2894 3017 2951 hoc
3047 2899 3135 2951 est
3163 2907 3285 2954 non
3317 2910 3627 2952 conversa-

275 2995 442 3065 μωρός
487 2990 604 3058 ἐστι,
659 2994 830 3064 μάτην
887 2992 1114 3062 κάμνων.
1177 2992 1448 3048 Παντοίοις
1520 2990 1620 3060 γὰρ
1688 3004 1865 3058 πειρα-

1981 2989 2065 3042 tur
2089 2986 2264 3058 juxta
2298 2984 2359 3040 id
2404 2984 2570 3057 quod
2602 2983 2701 3039 illa
2732 2984 3080 3046 admonent,
3118 2983 3223 3039 sed
3253 2983 3370 3040 alia
3409 2982 3628 3040 incedit

277 3087 425 3152 σμοῖς
467 3079 513 3132 έν
562 3089 727 3155 καιρῷ
783 3081 1132 3154 περιστάσεως
1173 3077 1422 3136 εὐάλωτος
1451 3073 1670 3148 γίνεταὶ.
1721 3073 1863 3126 Ἐπεὶ

1978 3074 2091 3144 via,
2122 3074 2336 3131 stultus
2363 3077 2539 3130 estet
2588 3088 2742 3129 vane
2789 3072 3044 3136 laborat,
3107 3071 3223 3128 hoc
3282 3078 3391 3142 est,
3446 3071 3625 3130 variis

266 3166 322 3223 δι
367 3172 393 3222 ό
443 3179 668 3231 τοιοῦτος
725 3165 798 3222 δι’
845 3165 994 3220 οὐδὲν
1039 3167 1206 3240 ἕτερον
1258 3168 1580 3238 παρατρέχει
1625 3164 1720 3224 τὰς
1771 3168 1862 3214 τού
1901 3170 1913 3222 4

1981 3162 2418 3225 tentationibus,
2453 3160 2789 3218 atﬂictionis
2822 3166 3089 3233 tempore
3121 3160 3290 3216 facile
3321 3161 3628 3234 superabi-

251 3267 487 3332 Σωτῆρος
540 3257 758 3326 έντολὰς,
802 3257 830 3315 ἦ
879 3253 969 3310 διὰ
998 3261 1158 3326 μόνην
1199 3259 1286 3312 τὴν
1327 3258 1506 3311 στενὴν
1537 3256 1626 3304 καὶ
1659 3251 1866 3325 τεθλιμ,

1981 3255 2085 3306 tur.
2129 3252 2273 3307 Cum
2309 3255 2511 3307 autem
2549 3249 2683 3305 talis
2723 3248 2802 3304 ob
2842 3247 3006 3304 aliud
3046 3247 3186 3302 nihil
3216 3250 3628 3332 praetermittat

249 3355 405 3423 μένην
434 3345 560 3401 ὁδόν
609 3347 797 3414 αὐτῶν,
849 3349 924 3404 εἴη
966 3344 1026 3397 ἂν
1077 3346 1245 3417 ἄμμος
1277 3344 1305 3401 ἡ
1343 3338 1640 3415 φιληδονία,
1696 3338 1770 3413 ἐφ’
1802 3340 1864 3397 ἣν

1979 3338 2184 3394 salutis
2226 3341 2547 3410 praecepta,
2593 3341 2780 3408 quam
2829 3340 3073 3423 propter
3106 3334 3266 3390 viam
3308 3325 3533 3392 arctam
3568 3339 3626 3393 et

251 3435 526 3511 οἰκοδομεῖ
578 3441 669 3496 τήν
720 3437 901 3490 ἑαυτοῦ
953 3433 1239 3487 πολιτείαν.
1281 3435 1366 3484 Διὸ
1415 3436 1504 3483 καὶ
1567 3447 1864 3511 πειρασμοὕ

1978 3430 2312 3496 angustam,
2345 3425 2451 3481 erit
2481 3439 2623 3481 sane
2677 3438 2855 3482 arena
2894 3422 3267 3496 voluptatum
3296 3439 3487 3493 amor,
3529 3439 3625 3480 su-

257 3490 266 3492 ⁷
345 3490 352 3491 7
437 3491 449 3511 Δ
625 3490 635 3496 ⁷
1654 3490 1661 3501 ι
1759 3490 1768 3500 Ι

243 3526 682 3604 προσϐάλλοντος,
746 3530 924 3578 πίπτει
977 3523 1043 3584 εἰς
1107 3523 1347 3596 ἄρνησιν,
1405 3525 1477 3593 μὴ
1562 3523 1722 3591 φέρων
1760 3490 1864 3594 τηῖ

1976 3529 2078 3587 per
2092 3529 2279 3588 quam
2303 3529 2476 3569 suam
2502 3511 2752 3572 tediﬂcat
2779 3511 3290 3569 conversationem
3320 3527 3332 3566 :
3368 3511 3623 3584 ideoque

244 3601 485 3692 πικρίαν,
517 3613 603 3668 οἶα
649 3619 720 3689 μὴ
775 3615 1159 3684 συνειθισμένος
1206 3615 1376 3671 πόνοις
1415 3613 1504 3662 καὶ
1553 3607 1856 3682 σκληραγω.

1978 3604 2280 3675 ingruente
2308 3605 2647 3671 tentatlone,
2677 3603 2735 3658 in
2767 3601 3152 3673 negationem
3183 3601 3359 3667 cadit,
3391 3616 3514 3658 non
3545 3601 3625 3659 fe-

243 3691 408 3779 yicttg.
1963 3710 2102 3751 rens
2140 3693 2546 3758 acerbitatem,
2575 3708 2645 3750 eo
2677 3692 2843 3768 quod
2881 3692 3184 3751 laboribus
3213 3691 3495 3766 durisque
3533 3707 3624 3750 as-

1962 3782 2314 3857 peritatibus
2361 3797 2481 3838 non
2522 3782 2594 3840 sit
2625 3786 2922 3839 assuetus.

322 3888 428 3937 Καὶ
477 3913 543 3922 -
585 3880 804 3954 μεγάλη.
863 3881 1073 3940 Πάντως
1138 3876 1357 3950 μεγάλη.
1423 3879 1523 3928 Καὶ
1601 3876 1704 3948 γὰρ
1758 3873 1851 3926 ούκ

2033 3876 2196 3930 Vers.
2237 3875 2326 3928 2'7.
2367 3873 2446 3929 Et
2496 3903 2564 3913 —
2616 3887 2858 3944 magna.
2896 3871 3110 3942 Magna
3154 3872 3378 3947 utique.
3420 3874 3621 3946 Neque

245 3973 353 4026 ἀπὸ
408 3968 570 4035 δόξης
613 3973 896 4034 πέπτωκεν,
956 3964 1072 4020 ούδ¹
1118 3969 1216 4018 ἀπὸ
1266 3965 1507 4028 πλούτου,
1539 3969 1629 4016 καὶ
1677 3965 1852 4016 τοιαύ-

1975 3963 2116 4021 anim
2157 3962 2236 4020 ab
2274 3962 2500 4018 honore
2550 3962 2765 4019 excidit
2793 3966 2899 4018 aut
2929 3961 3162 4028 divitiis,
3221 3978 3327 4019 seu
3358 3961 3475 4019 alia
3513 3961 3622 4018 hu-

246 4080 341 4120 της
394 4059 550 4119 ἄλλης
608 4056 934 4130 ἀνθρωπίνης
986 4055 1283 4128 εὐημερίας,
1333 4052 1441 4104 ἀλλ’
1496 4052 1595 4104 ἀπὸ
1636 4059 1726 4111 τῆς
1779 4050 1851 4112 εἰς

1973 4052 2223 4119 iusmodi
2253 4051 2522 4109 humana
2549 4051 2935 4124 prosperitate
2965 4068 2978 4107 :
3008 4051 3114 4108 sed
3144 4067 3180 4108 a
3216 4051 3334 4108 ﬁde
3365 4051 3424 4108 in
3456 4050 3620 4109 Chri-

245 4151 484 4223 Χριστόν
540 4165 776 4206 πιστεως.
834 4144 894 4196 Ὀ
944 4147 1034 4217 μεν
1091 4145 1192 4218 γὰρ
1250 4141 1488 4210 ἁπιστος,
1544 4140 1600 4193 ού
1649 4155 1845 4192 πιπτει·

1973 4147 2140 4199 stum.
2209 4143 2356 4196 Nam
2421 4139 2526 4213 qui
2594 4139 2854 4196 inﬁdelis
2909 4143 3013 4207 est,
3073 4155 3193 4194 non
3255 4140 3431 4204 cadit,
3515 4140 3620 4196 sed

241 4246 421 4290 κεῖται
473 4238 574 4308 γὰρ
630 4231 722 4286 διὰ
760 4236 944 4294 παντὸς
973 4237 1022 4285 ἐν
1079 4239 1150 4301 τῷ
1207 4229 1382 4303 βόθρῳ
1430 4238 1520 4290 τῆς
1566 4227 1781 4289 πλάνηςο
1824 4227 1850 4279 ό

1970 4233 2114 4302 iacet
2141 4230 2376 4303 penitus
2425 4229 2486 4286 in
2521 4228 2694 4285 fovea
2734 4229 2948 4286 erroris
2982 4245 2996 4294 ;
3044 4229 3147 4301 qui
3199 4244 3340 4284 vero
3382 4229 3455 4284 ab
3501 4228 3617 4285 hac

246 4323 309 4378 δε
359 4327 552 4384 ταύτης
588 4325 908 4397 ὑπεραρθεὶς,
960 4326 1050 4374 καὶ
1106 4318 1352 4391 ἀναχθεὶς
1405 4323 1488 4371 έπὶ
1544 4321 1602 4370 τό
1647 4325 1737 4377 τῆς
1768 4320 1851 4368 πίο

1967 4324 2281 4387 extractus,
2308 4323 2363 4374 et
2385 4320 2463 4374 ad
2500 4317 2641 4373 ﬁdei
2670 4317 3041 4376 altitudinem
3066 4315 3426 4382 sublevatus,
3453 4321 3614 4388 post-

247 4433 416 4474 στεως
441 4411 589 4483 ὕψος,
623 4409 731 4465 εἶτα
755 4409 1100 4486 μετακλιθεὶς,
1133 4407 1282 4471 οὗτος
1308 4412 1504 4473 πίπτει,
1544 4411 1634 4459 καὶ
1672 4404 1853 4458 ἐκπίπ-

1966 4425 2035 4466 ea
2063 4410 2378 4466 revocatur
2410 4426 2421 4467 :
2455 4406 2552 4462 hic
2582 4405 2757 4472 cadit,
2788 4409 2844 4462 et
2874 4420 2912 4463 a
2955 4404 3078 4466 vita
3116 4404 3330 4462 excidit
3369 4407 3613 4463 aeterna.

241 4521 323 4556 τει
356 4511 449 4562 τῆς
475 4501 682 4553 αἰωνίου
714 4501 868 4562 ζωῆς,
1887 4521 1932 4576 D

323 4595 426 4644 Καὶ
481 4619 545 4631 -
603 4589 788 4644 αὐτοῦ.
866 4587 1018 4650 Ἐθος
1089 4586 1231 4640 ἐστὶν
1280 4583 1566 4660 Ἑϐραίοις,
1637 4583 1686 4637 έν
1743 4590 1855 4644 ταῖς

2033 4589 2190 4645 Vers.
2223 4588 2311 4643 28.
2347 4586 2428 4643 Et
2459 4615 2531 4630 —
2558 4585 2770 4655 ipsius.
2823 4585 3053 4643 Habent
3079 4584 3307 4648 Hebraei
3337 4600 3446 4662 pro
3476 4600 3613 4644 con-

245 4679 446 4755 ἁρχαῖς
491 4677 737 4741 πολλάκις
785 4687 885 4731 τῶν
939 4674 1238 4748 διηγήσεων
1296 4673 1466 4734 ἁπλῶς
1521 4675 1718 4727 τιθέναι
1770 4677 1850 4740 τὸ,

1967 4677 2271 4734 suetudine
2298 4676 2358 4732 in
2386 4675 2678 4750 principio
2712 4675 2967 4747 alicujus
2997 4676 3358 4734 narrationis
3388 4676 3614 4750 simpli-

235 4770 496 4841 Ἐγένετο.
553 4772 618 4820 Σύ
677 4763 736 4821 δέ
785 4787 875 4840 μοι
929 4769 1197 4838 θαύμασον
1251 4767 1308 4817 τό
1363 4763 1582 4836 φλήκοον
1634 4772 1736 4816 τῶν
1801 4768 1853 4816 ὅσ

1964 4766 2106 4822 citer
2134 4781 2354 4840 ponere
2412 4781 2424 4820 :
2453 4767 2532 4821 Et
2567 4766 2797 4836 factum
2839 4771 2941 4822 est.
2966 4768 3052 4822 Tu
3084 4768 3284 4822 autem
3312 4765 3611 4824 admirare

241 4859 412 4931 χλων,
448 4863 537 4910 καὶ
566 4860 625 4910 τό
650 4859 950 4930 καρτερικὸν
972 4854 1020 4906 έν
1045 4861 1159 4916 ταῖς
1191 4852 1522 4926 ἀκροάσεσιν.
1552 4852 1728 4928 Ἀχρι
1747 4855 1854 4924 γὰρ

1965 4856 2108 4911 mihi
2131 4855 2440 4912 turbarum
2463 4855 2849 4911 attentionem
2875 4871 2945 4912 ac
2971 4854 3343 4912 tolerantiam
3366 4856 3426 4912 in
3449 4855 3611 4913 audi-

245 4947 616 5022 συνεπλήρωσε
693 4951 814 5008 τούς
887 4945 1070 5016 λόγους
1141 4951 1228 5003 τῆς
1291 4938 1662 5007 διδασκαλίας,
1722 4949 1856 5015 παρ’

1963 4944 2118 5002 endo
2165 4961 2176 5000 :
2219 4960 2354 5016 quae
2397 4943 2590 5000 donec
2638 4943 3078 5017 complerentur
3131 4945 3338 5002 omnia
3388 4945 3608 5003 doctri-

243 5043 421 5109 έμενον
466 5033 631 5096 ἡδέως
685 5035 970 5094 ἀκούοντες.
1022 5032 1424 5095 Ἐξεπλήσσοντο
1471 5027 1548 5096 δε,
1601 5035 1669 5093 ὡς
1709 5030 1850 5083 ἐλεύ-

1962 5049 2053 5090 naa
2118 5032 2319 5103 verba,
2397 5032 2647 5089 libenter
2717 5033 3245 5106 perseverabant.‘
3282 5033 3609 5108 Obstupue-

248 5131 390 5201 θεροι
437 5129 623 5198 φθόνου
651 5130 741 5178 καὶ
774 5129 1049 5197 πονηρίας.
1092 5120 1218 5176 Εἶτα
1263 5121 1398 5193 λέγει
1428 5125 1517 5172 καὶ
1554 5126 1648 5179 τήν
1677 5121 1848 5173 αἰτίαν

1956 5126 2096 5179 runt
2120 5137 2283 5186 vero,
2324 5125 2616 5194 tanquam
2646 5121 2724 5178 ab
2769 5122 2996 5180 invidia
3034 5137 3105 5178 ac
3142 5121 3371 5182 malitia
3409 5123 3603 5182 alieni.

241 5225 304 5275 τῆ
319 5239 340 5278 ς
370 5214 674 5277 ἐκπλήξεως.

1959 5211 2177 5268 Deinde
2203 5227 2455 5267 causam
2479 5225 2718 5285 quoque
2743 5211 2914 5283 ponit
2944 5210 3225 5284 stuporis.

319 5305 416 5358 Ἦν
487 5335 541 5344 -
591 5310 933 5378 γραμματεῖς.
989 5301 1085 5355 Ἦν
1135 5297 1408 5354 διδάσκων
1451 5302 1582 5372 μετὰ
1636 5299 1845 5375 παρῥη-

2025 5301 2186 5358 Vers.
2220 5301 2309 5356 29.
2351 5301 2499 5357 Erat
2539 5331 2610 5342 —
2646 5299 2886 5358 Scriba.
2934 5300 3196 5359 Docebat
3235 5289 3375 5358 cum
3420 5301 3605 5362 incre-

246 5399 385 5459 σίας,
440 5397 530 5446 καὶ
560 5393 618 5445 ού
649 5392 762 5464 μεθ’
811 5390 1122 5454 ὑποστολῆς,
1178 5393 1243 5450 ὡς
1299 5391 1348 5441 οἱ
1393 5395 1736 5462 Γραμματείς.
1785 5390 1843 5442 Ἠ

1960 5389 2138 5462 pandi
2161 5389 2400 5455 ﬁducia,
2435 5393 2491 5447 et
2523 5405 2645 5446 non
2676 5405 2815 5446 cum
2861 5393 3044 5458 metu,
3086 5389 3607 5463 quemadmodum

245 5481 392 5537 διότι
433 5483 484 5534 οἱ
523 5487 851 5556 Γραμματεῖς
889 5484 992 5554 μὲν
1028 5479 1098 5539 εἰς
1146 5482 1232 5531 τόν
1279 5483 1431 5550 νόμον
1473 5498 1563 5530 και
1616 5478 1682 5539 εἰς
1731 5482 1846 5539 τοὺς

1961 5477 2194 5534 Scribee.
2232 5477 2346 5544 Vel,
2381 5477 2524 5551 quia
2555 5478 2773 5535 Scriba
2813 5493 2850 5538 a
2877 5478 3009 5552 lege
3057 5483 3114 5536 et
3140 5480 3447 5553 prophetis
3477 5497 3608 5554 pro-

244 5575 519 5646 προφήτας
565 5568 798 5644 ἀνέφερον
850 5567 886 5622 ἂ
940 5565 1246 5632 ἐδίδασκον,
1301 5568 1405 5620 οἷον
1461 5569 1541 5620 ὅτι
1589 5567 1648 5620 '0
1697 5571 1848 5640 νόμος

1959 5565 2218 5624 ferebant
2246 5581 2318 5623 ea
2358 5584 2495 5641 quae
2536 5567 2854 5636 docebant,
2896 5572 3096 5641 utpote
3128 5568 3388 5625 dicentes
3425 5587 3438 5626 :
3472 5573 3606 5630 Haec

242 5660 440 5715 κελεύει
512 5653 661 5727 τάδε,
726 5663 818 5712 καὶ
874 5661 924 5714 οἱ
985 5665 1249 5734 προφῆται
1303 5653 1431 5710 τάδε
1487 5661 1662 5730 φασίν·
1712 5658 1737 5708 ό
1789 5652 1848 5708 δὲ

1957 5654 2127 5713 Jubet
2164 5654 2258 5712 lex
2298 5672 2312 5712 :
2360 5657 2474 5714 ista
2514 5656 2722 5715 dicunt
2749 5657 3054 5732 prophetas
3085 5672 3101 5725 ;
3149 5657 3416 5715 Christus
3463 5674 3604 5720 vero
