4170 6448
612 385 720 442 279
1913 380 2269 438 EUTHYMlI
2309 383 2636 443 ZIGABENI
3869 403 3974 460 230

613 515 861 584 accepta
906 525 944 567 a
989 507 1192 580 seipso
1245 504 1614 572 auctoritate,
1655 504 1930 574 docebat,
1961 521 2032 563 ac
2067 507 2260 579 legem

2326 500 2598 586 ΑΧριστός
2659 513 2742 591 ἀφ’
2803 516 3005 593 ἐαυτοῦ,
3060 524 3177 576 κατ’
3249 523 3484 588 ἐξουσίαν
3542 518 3816 594 ἐδίδασκε,
3878 534 3973 583 καὶ

613 601 852 667 ferebat,
911 601 968 655 et
1027 596 1310 654 continue
1369 594 1676 652 addebat:
1710 595 1839 689 Ego
1890 601 2082 653 autem
2138 598 2260 689 dico

2375 599 2682 675 ἐνομοθέτει,
2712 614 2800 662 καὶ
2833 622 3067 684 συνεχῶς
3114 616 3408 686 προσετίθει
3454 617 3533 664 τό·
3593 612 3728 686 Ἐγὼ
3762 617 3877 689 (63)
3913 615 3974 672 δε

613 690 793 754 vobis,
827 692 884 744 et
907 691 1201 760 tanquam
1233 686 1413 742 futuri
1438 685 1623 756 judex
1650 684 1866 751 saeculi,
1918 685 2095 740 bonis
2135 686 2260 758 qui-

2373 689 2504 764 λέγω
2541 697 2680 767 ύμῖν·
2733 704 2820 750 καὶ
2867 703 2935 761 ὡς
2969 684 3161 775 κριτὴς
3183 711 3274 755 τοῦ
3320 704 3580 776 μέλλοντος
3610 684 3814 771 αέῶνος,
3859 684 3972 770 τοῖς

607 779 746 835 dem
759 775 1142 850 promittebat
1153 773 1614 846 salutem,malis
1625 789 1764 830 vero
1777 773 2254 832 comminabatur

2375 787 2465 856 μεν
2501 783 2715 856 ἀγαθοῖς
2760 773 3095 862 ἐπηγγέλλετο
3148 773 3424 867 σωτηρίαν
3473 801 3577 856 τοῖς
3609 803 3856 869 πονηροῖς
3912 793 3974 850 δε

607 865 1001 941 supplicium.

2375 871 2404 929 ἡ
2416 873 2571 926 mihi
2608 875 2839 933 κόλασιν.

1073 954 1224 1012 CAP.
1260 953 1350 1010 VI.
1383 952 1467 1009 De
1498 952 1754 1022 leproso.
2111 1043 2148 1046 υ

2111 1043 2148 1046 υ
2768 973 2917 1024 ΚΕΦ.
2958 988 3021 1032 ς’.
3058 973 3182 1044 Περὶ
3228 976 3319 1022 τοῦ
3366 969 3573 1046 λεπροῦ.

677 1044 832 1101 CAP.
881 1045 1032 1101 Vill.
1097 1045 1260 1100 Vers.
1321 1042 1372 1098 1.
1433 1041 1578 1098 Cum
1631 1049 1828 1100 autem
1883 1043 2261 1101 descendisset

2449 1051 2743 1107 Καταϐάντι
2789 1051 2847 1108 δὲ
2899 1056 3039 1128 αύτῷ
3094 1041 3161 1099 έ-
3217 1058 3418 1118 πολλοί.
3459 1041 3604 1114 "Anci
3664 1069 3760 1125 τῆς
3813 1058 3971 1117 διδα-

607 1136 914 1194 -ηιαιικ,
943 1133 1273 1190 Adoctrina
1284 1132 1493 1188 transit
1509 1132 1587 1188 ad
1604 1133 1914 1190 miracula.
1932 1135 2081 1200 Quia
2099 1134 2254 1190 enim

2377 1139 2608 1206 σκαλίας,
2673 1141 2755 1196 ἐπὶ
2810 1146 2876 1196 τά
2934 1147 3176 1218 θαύματα
3245 1147 3556 1220 μεταϐαίνει.
3625 1148 3767 1204 Ἐπεὶ
3840 1151 3967 1228 γάρ,

605 1231 894 1298 tanquam
923 1222 1334 1280 auctoritatem
1375 1221 1608 1277 habens
1650 1221 1926 1288 docebat,
1973 1239 2049 1279 ne
2073 1223 2252 1295 jacta-

2373 1229 2442 1289 ὡς
2499 1229 2732 1292 ἐξουσίαν
2785 1235 2920 1305 ἔχων
2965 1232 3263 1302 ἐδίδασκεν,
3319 1238 3401 1290 ἶνα
3456 1243 3526 1311 μὴ
3581 1242 3803 1313 νομισθῇ
3841 1221 3968 1315 κομ-

601 1313 847 1372 bundus
871 1327 1000 1368 esse
1024 1315 1265 1385 putetur
1289 1315 1346 1366 et
1370 1325 1680 1378 arrogans,
1709 1311 1990 1384 operibus
2015 1327 2248 1385 quoque

2370 1320 2554 1381 παίζειν
2615 1326 2704 1373 καὶ
2763 1321 3182 1393 ἀλαζονεύεσθαι,
3247 1322 3480 1380 δείκνυσι
3558 1332 3651 1388 τὴν
3726 1327 3969 1392 ἐξουσίαν

588 1418 781 1492 :suam
828 1401 1086 1460 ostendit
1124 1402 1499 1473 potestatem,
1553 1403 1609 1456 et
1658 1415 1964 1457 sermones
2021 1417 2084 1457 re
2126 1401 2235 1474 ipsa

2371 1406 2528 1460 αὑτοῦ
2570 1414 2660 1461 καὶ
2713 1409 2757 1462 ἐν
2813 1419 2918 1473 τοῖς
2974 1416 3166 1486 ἔργοις,
3206 1419 3295 1468 καὶ
3347 1415 3554 1489 βεϐαιοῖ
3609 1422 3730 1479 τοὺς
3781 1419 3971 1492 λόγους

585 1482 940 1551 ὀοῑιῆτωαῐ-
989 1490 1311 1548 Considera
1336 1489 1517 1546 etiam
1560 1489 1872 1546 turbarum
1903 1488 2230 1546 benevolen

2370 1494 2470 1548 ἀπὸ
2523 1507 2621 1549 τῶν
2688 1501 2935 1574 πράξεων.
2994 1509 3175 1557 Σκόπει
3232 1501 3290 1558 δε
3352 1511 3440 1558 καὶ
3488 1510 3580 1565 τὴν
3637 1515 3738 1559 τῶν
3794 1508 3967 1582 ὄχλων

603 1582 746 1638 tiam
773 1597 788 1638 τ
818 1581 935 1654 ipsi
975 1579 1272 1653 siquidem
1298 1577 1631 1634 doctrinam
1663 1577 1982 1668 sublimem
2008 1578 2120 1668 7(ee)
2153 1595 2250 1635 au-

2371 1585 2783 1660 εὐγνωμοσύνην,
2825 1593 2902 1644 ὅτι
2941 1593 3088 1645 αύτοὶ
3138 1596 3245 1666 μὶν,
3309 1594 3489 1666 ψιλούς
3535 1595 3721 1668 λόγους
3778 1598 3965 1656 ἠνωτι-

599 1669 767 1729 ribus
797 1669 1204 1743 percipiebant
1233 1672 1288 1724 et
1317 1666 1787 1732 admirabantur,
1826 1667 2152 1723 credebant
2184 1683 2246 1724 ac

2371 1677 2603 1746 σάμενοι,
2635 1684 2724 1730 καὶ
2772 1678 3070 1753 ἐθαύμασαν
3115 1687 3203 1734 καὶ
3259 1681 3576 1742 ἐπείσθησαν
3627 1691 3715 1738 καὶ
3749 1687 3964 1745 ἠκολού-

598 1760 1028 1835 sequebantur.
1072 1757 1377 1830 Principes
1406 1760 1606 1812 autem
1639 1756 1909 1828 ipsorum
1941 1761 1999 1812 et
2034 1757 2245 1814 Scriba:

2372 1765 2556 1821 θησανο
2591 1770 2639 1819 οἱ
2695 1770 2946 1840 ἄρχοντες
2997 1767 3055 1823 δε
3095 1771 3260 1823 αὐτῶν
3289 1778 3380 1824 καὶ
3411 1776 3459 1825 οἱ
3516 1780 3842 1848 Γραμματείς
3877 1783 3966 1831 καὶ

580 1847 1124 1932 promulgantibus
1141 1861 1385 1920 quoque
1409 1845 1684 1902 virtutem
1698 1843 1825 1918 ejus
1843 1845 2048 1916 signis,
2070 1845 2227 1903 offen

2318 1866 2330 1917 ι
2367 1861 2464 1904 τῶν
2493 1860 2717 1928 σημείων
2745 1857 3193 1934 ἀνακηρυττόντων
3219 1865 3312 1919 τὴν
3336 1861 3492 1914 αὑτοῦ
3514 1859 3757 1937 δύναμιν,
3783 1866 3965 1919 ἐσκαν-

600 1939 893 1996 debantur
917 1953 988 1995 ac
1013 1935 1419 1993 irritabantur.

2368 1938 2642 2005 δαλίζοντο
2673 1951 2761 1999 καὶ
2787 1948 3072 2022 ὴγρίαινον.

673 2028 838 2085 Vers.
868 2031 923 2084 2.
963 2027 1042 2082 Et
1086 2041 1217 2083 ecce
1265 2055 1335 2066 —
1395 2023 1708 2081 mundare.
1768 2027 1898 2081 Non
1943 2024 2086 2082 dixit
2139 2044 2152 2082 :
2197 2027 2254 2085 Si

2439 2037 2540 2084 Καὶ
2579 2030 2695 2086 ἰδού
2732 2067 2790 2076 -
2828 2039 3139 2109 καθαρίσαι.
3203 2038 3313 2090 Ούκ
3362 2038 3517 2105 εἶπεν,
3567 2041 3683 2094 Ἐἀν
3729 2063 3965 2109 παρακα-

603 2118 793 2173 Deum
817 2114 1184 2171 invocaveris
1215 2132 1228 2173 :
1266 2112 1394 2177 sed,
1427 2113 1486 2168 Si
1509 2114 1609 2176 vis,
1634 2113 1798 2185 quod
1830 2118 2250 2183 argumentum

2364 2118 2517 2192 λέσης
2569 2125 2654 2174 τὸν
2712 2128 2839 2176 Θεὸν
2899 2124 3024 2195 ἀλλ’,
3081 2125 3193 2180 Ἐὰν
3269 2126 3435 2199 θέλης,
3494 2130 3614 2203 ὅπερ
3695 2095 3965 2194 ἀπόόειξίς

601 2211 688 2264 est
706 2205 1055 2262 indubitata
1067 2203 1226 2260 ﬁdei.
1255 2203 1400 2260 Cum
1426 2203 1588 2260 enim
1604 2203 1869 2260 audisset
1888 2204 1962 2261 de
1983 2204 2248 2262 doctrina

2367 2209 2505 2261 ἐστιν
2551 2208 2872 2265 ἀδιστάκτου
2924 2220 3168 2275 πίστεως.
3231 2218 3422 2269 Μαθὼν
3451 2220 3552 2292 γὰρ
3603 2225 3718 2291 περὶ
3751 2229 3842 2280 τῆς
3877 2218 3963 2273 δι-

601 2313 673 2354 ac
706 2295 974 2370 potentia
1015 2294 1162 2366 ejus,
1215 2293 1465 2350 credidit
1507 2294 1694 2348 Deum
1730 2308 1860 2349 esse
1906 2294 2012 2365 qui
2051 2295 2248 2352 omnia

2369 2295 2662 2362 δασκαλίας
2698 2306 2783 2353 καὶ
2814 2299 3081 2374 δυνάμεως
3113 2303 3290 2370 αὐτοῦ,
3341 2305 3662 2376 ἐπίστευσεν,
3710 2307 3788 2359 ὁτι
3830 2313 3961 2370 Θεὸς

598 2390 817 2460 posset.
875 2383 1005 2440 ideo
1063 2382 1243 2438 etiam
1303 2397 1441 2436 cum
1499 2380 1724 2436 fervore
1777 2383 2047 2438 accessit.
2107 2386 2245 2440 Nam

2367 2387 2511 2448 οὗτός
2564 2389 2675 2441 ἐστι
2728 2387 3142 2465 παντοδύναμος.
3198 2397 3283 2445 Διὸ
3340 2399 3429 2446 καὶ
3472 2397 3597 2466 μετά
3638 2397 3950 2467 θερμότητος

597 2475 762 2548 quod
786 2472 1135 2545 simpliciter
1177 2471 1320 2526 dixit
1357 2469 1666 2526 Matthaaus
1699 2487 1712 2524 :
1756 2471 2087 2538 Adorabat,
2129 2488 2244 2528 ma-

2367 2478 2680 2549 προσῆλθεν.
2741 2479 2798 2532 Ὀ
2855 2483 2942 2552 μὶν
2990 2484 3087 2555 γὰρ
3145 2485 3408 2543 Ματθαῖος
3464 2483 3629 2543 ἁπλῶς
3668 2479 3820 2548 εἶπεν,
3873 2485 3957 2536 ὅτι

565 2630 570 2636 _
597 2563 870 2622 nifestius
901 2562 980 2619 ait
1003 2562 1235 2618 Marcus
1271 2575 1282 2614 :
1319 2559 1566 2616 Genibus
1595 2563 1943 2632 provolutus
1967 2564 2033 2618 ⁸⁸.
2069 2565 2212 2618 Luca

2371 2569 2698 2639 Προσεκύνει·
2732 2569 2756 2620 ὀ
2796 2564 2855 2621 δέ
2886 2571 3110 2643 Μάρκος,
3147 2578 3510 2645 φανερώτερον,
3561 2573 3636 2623 ὅτι
3663 2580 3959 2640 γονυπετῶν

600 2669 742 2711 vero
767 2651 1058 2716 similiter,
1097 2648 1264 2722 quod
1288 2649 1546 2721 procidit
1572 2649 1634 2706 in
1662 2650 1872 2722 faciem
1903 2656 1957 2708 et
1983 2652 2247 2721 depreca-

2368 2654 2448 2712 ἦν·
2474 2661 2562 2708 καὶ
2594 2658 2618 2707 ό
2649 2662 2848 2718 Λουκᾶς
2879 2654 2956 2723 δε,
3002 2660 3206 2732 ὁμοίως,
3236 2661 3313 2712 ὃτι
3343 2663 3517 2713 Πεσών
3549 2658 3631 2712 ἐπὶ
3683 2664 3961 2737 πρόσωπον

611 2743 790 2801 batur
819 2742 1082 2812 ipsum".

2369 2740 2552 2803 ἐδεήθη
2587 2744 2764 2803 αὐτοῦ.

567 2899 570 2902 _
678 2831 847 2890 Vers.
879 2831 932 2884 3.
965 2830 1045 2886 Et
1077 2857 1148 2871 —
1188 2829 1356 2898 lepra
1397 2829 1544 2900 ejus.
1589 2827 1802 2886 Volens
1844 2844 1991 2886 sane
2040 2829 2214 2902 lepro:

2440 2839 2538 2886 Καὶ
2596 2863 2662 2877 —
2719 2837 2878 2890 αὐτοῦ
2937 2840 2964 2897 ἠ
3025 2839 3205 2914 λέπρα.
3276 2841 3579 2914 Βουλόμενος
3662 2840 3963 2895 ἐπιϐεϐαιώ-

608 2920 967 2978 conﬁrmare
1009 2917 1323 2991 judicium,
1368 2919 1527 2992 quod
1576 2922 1732 2976 recte
1779 2919 2061 2991 opinatus
2109 2923 2255 2976 esset

2369 2941 2460 2974 σαι
2510 2926 2598 2994 μεν
2651 2930 2739 2977 καὶ
2788 2934 2878 2978 τοῦ
2925 2926 3112 3001 λεπροῦ
3159 2935 3251 2987 την
3303 2927 3610 3001 διάγνωσιν,
3661 2931 3739 2984 ὁτι
3799 2931 3965 3006 ὀρθῶς

605 3010 806 3082 ipsum
852 3023 981 3066 esse
1026 3007 1213 3064 Deum
1266 3007 1760 3081 omnipotentem,
1809 3007 2118 3080 turbisque
2165 3025 2252 3065 os-

2367 3011 2634 3077 ὑπέλαϐεν,
2691 3011 2818 3066 εἶναι
2858 3016 3010 3068 αὑτὸν
3077 3021 3204 3070 Θεὸν
3262 3021 3432 3071 πάντα
3499 3016 3801 3092 δυνάμενον
3856 3023 3965 3074 ἐπι-

607 3098 850 3156 tendere
875 3097 1202 3172 potentiam
1234 3113 1429 3164 suam,
1461 3097 1615 3153 sicut
1635 3095 1919 3165 diximus,
1949 3097 2063 3153 ait:
2105 3097 2254 3164 Volo.

2370 3097 2538 3164 δεῖξαι
2570 3099 2628 3155 δέ
2665 3109 2754 3156 καὶ
2797 3113 2904 3166 τοὶς
2951 3105 3134 3178 ὄχλοις
3164 3112 3256 3165 τὴν
3305 3108 3543 3170 ἐξουσίαν
3581 3110 3762 3178 αὑτοῦ,
3794 3111 3963 3170 καθὼς

605 3189 913 3246 mundare.
941 3188 1041 3245 Hic
1066 3192 1267 3245 autem
1313 3208 1326 3243 :
1364 3188 1525 3253 Volo,
1560 3185 1942 3257 benignitatis
1970 3186 2252 3246 indicium

2314 3217 2332 3274 3
2370 3188 2664 3265 εἰρήκαμεν,
2697 3188 2824 3262 εἶπε,
2878 3195 3034 3261 Θελω,
3062 3198 3434 3270 καθαρίσθητι.
3468 3197 3722 3252 Ἐνταῦθα
3769 3195 3850 3268 δέ,
3904 3202 3961 3251 τὸ

608 3282 698 3336 est
722 3295 738 3348 ;
767 3278 1070 3337 Mundare
1097 3292 1234 3336 vero
1267 3275 1573 3351 potentiae.

2369 3282 2480 3351 μὶν,
2511 3280 2672 3350 eum,
2696 3281 3077 3358 φιλανθρωπίας
3104 3283 3240 3337 ἐστὶν
3275 3283 3558 3350 ἀπόδειξις
3584 3290 3642 3340 τὸ
3675 3283 3753 3353 δε,
3791 3289 3966 3341 Καθα-

2367 3369 2604 3442 ρίσθητι,
2632 3367 2919 3443 δυνάμεως.

680 3459 826 3516 Cum
855 3459 1056 3515 autem
1084 3456 1247 3513 hunc
1275 3454 1458 3512 verbo
1497 3459 1756 3525 sanaret,
1797 3470 1982 3529 quam
2013 3459 2092 3515 ob
2123 3474 2258 3516 cau-

2445 3463 2543 3510 Καὶ
2582 3457 2687 3512 ἐπεὶ
2735 3459 2869 3531 λόγῳ
2926 3461 3110 3514 ἰάσατο
3163 3471 3362 3532 τοῦτον,
3415 3468 3545 3524 τίνος
3602 3465 3758 3518 ἕνεκεν
3811 3463 3969 3518 ἐκτεί-

606 3563 738 3606 sam
770 3563 957 3605 manu
985 3562 1228 3621 quoque
1259 3548 1499 3602 extenta
1534 3545 1720 3615 tetigit
1751 3561 1888 3602 eum
1920 3547 1947 3602 ?
1989 3547 2138 3615 Quia
2167 3548 2253 3604 lex

2369 3566 2458 3608 νας
2505 3550 2595 3604 τὴν
2641 3554 2800 3621 χεῖρα
2848 3548 3019 3619 ἣψατό
3067 3551 3276 3616 αύτούς
3333 3555 3473 3604 Διότι
3521 3557 3676 3625 νόμος
3724 3553 3809 3621 ἦν,
3867 3573 3966 3604 κω⁶

607 3641 734 3695 erat
746 3654 874 3710 quae
885 3637 1183 3710 leprosum
1201 3640 1444 3704 tangere
1458 3633 1835 3706 prohibebat.
1847 3634 2056 3690 Volens
2069 3640 2254 3692 autem

2368 3633 2498 3686 λύων
2534 3635 2791 3688 ἅπτεσθαι
2828 3636 3035 3710 λεπροῦ.
3079 3639 3249 3702 Διῖξαι
3303 3637 3361 3694 δὲ
3397 3639 3702 3714 βουλόμενος
3749 3643 3774 3694 ὁ
3836 3650 3965 3715 Χρι-

609 3727 872 3784 Christus
883 3727 1188 3784 ostendere
1205 3723 1368 3806 quod
1390 3727 1680 3795 tanquam
1701 3723 1854 3779 Deus
1872 3739 2055 3796 supra
2071 3724 2256 3796 legem

2372 3729 2509 3790 στὸς,
2563 3728 2640 3777 ὅτι
2686 3727 2750 3786 ὡς
2783 3731 2907 3788 Θεὸς
2963 3729 3261 3800 ὑπέρκειται
3307 3739 3397 3782 τοῦ
3448 3735 3627 3802 νόμου·
3683 3734 3816 3782 κατά
3861 3734 3964 3804 γὰρ

610 3821 764 3873 esset
805 3817 969 3888 (nam
1008 3815 1138 3872 haec
1181 3813 1468 3870 adversus
1505 3809 1704 3866 nudos
1733 3811 2008 3868 homines
2045 3817 2257 3871 statuta

2367 3822 2466 3865 τῶν
2505 3814 2667 3885 ψιλῶν
2722 3814 3000 3890 ἀνθρώπων
3054 3818 3198 3879 οὗτος
3243 3821 3628 3892 νενομοθέτητο·
3674 3819 3967 3894 θαρραλέως

565 3965 580 3972 _
607 3905 774 3979 erat),
817 3905 1098 3962 audacter
1138 3901 1347 3971 tetigit,
1393 3915 1504 3956 nec
1551 3899 1707 3955 ullus
1747 3914 1778 3956 e
1821 3900 1996 3959 turba
2033 3906 2212 3961 contr:

2369 3902 2562 3974 ἣψατό,
2602 3908 2690 3955 καὶ
2723 3901 2896 3967 οὐδεὶς
2941 3904 3168 3959 ἀντεῖπεν
3207 3905 3308 3959 ἀπὸ
3363 3917 3461 3960 τῶν
3511 3913 3680 3981 ὄχλων
3711 3926 3722 3938 ·
3775 3908 3971 3968 πεπλη-

607 3995 772 4052 dixit.
796 3997 875 4052 Ex
905 3991 1232 4068 praemissis
1263 3988 1424 4045 enim
1455 3989 1597 4045 certi
1625 3993 1813 4056 erant,
1845 3991 2009 4063 quod
2054 3993 2254 4051 omnia

2366 3997 2651 4066 ροφόρηντο
2707 3997 2805 4068 γὰρ
2860 3993 2913 4046 ἐκ
2961 4004 3058 4048 τῶν
3098 3996 3475 4068 προλαϐόντων,
3525 4000 3606 4051 ὅτι
3649 4000 3784 4051 κατά
3813 3998 3968 4070 λόγον

607 4085 868 4156 legitime
914 4083 1154 4139 faceret.
1198 4077 1387 4136 Simul
1431 4077 1607 4134 etiam
1655 4077 1928 4146 docebat,
1960 4096 2082 4138 non
2114 4083 2254 4140 abo-

2368 4085 2536 4135 πάντα
2574 4091 2727 4151 ποιεῖ,
2772 4089 2860 4136 καὶ
2909 4085 3018 4156 οἶμα
3049 4081 3278 4151 ἐδίδαξε,
3320 4091 3391 4159 μὴ
3449 4084 3832 4160 βδελύττεσθαι
3874 4093 3968 4146 τὴν

608 4173 962 4232 minandam
1007 4185 1141 4225 esse
1191 4166 1563 4240 corporalem
1616 4167 1846 4239 lepram
1897 4185 2104 4227 eorum
2155 4172 2255 4244 qui

2371 4177 2674 4243 σωματικὴν
2727 4171 2915 4247 λέπραν
2964 4183 3062 4224 τῶν
3119 4175 3404 4246 ὁμοφύλων,
3463 4180 3573 4246 Χρὴ
3647 4178 3746 4249 γὰρ
3805 4180 3960 4247 μόνην

607 4264 880 4336 ejusdem
894 4256 1300 4328 suntgeneris.
1317 4255 1517 4314 Solam
1529 4272 1791 4330 namque
1803 4257 2028 4332 lepram
2042 4259 2254 4317 anima!

2371 4257 2640 4330 φοϐεῖσθαι
2687 4265 2780 4319 τὴν
2829 4262 2939 4333 (64)
2989 4262 3247 4334 ψυχικὴν,
3298 4267 3408 4324 ἣτις
3461 4263 3600 4316 ἐστὶν
3648 4266 3676 4322 ἠ
3717 4265 3962 4338 ἁμαρτία.

609 4351 887 4412 convenit
913 4346 1226 4414 exsecrari,
1261 4361 1398 4420 quas
1429 4349 1516 4403 est
1539 4352 1870 4420 peccatum.
1902 4350 2029 4405 Non
2060 4349 2256 4405 solum

2374 4353 2472 4401 Καὶ
2513 4352 2614 4422 γάρ
2664 4349 2722 4401 ού
2770 4354 2921 4421 μόνον
2975 4351 3032 4402 ού
3090 4351 3357 4424 μετέλαϐε)
3405 4351 3730 4428 ἀκαθαρσίας
3764 4355 3792 4411 η
3851 4355 3969 4404 τού-

571 4428 578 4438 ’
611 4444 771 4500 enim
797 4452 1017 4496 manus
1046 4435 1235 4508 ipsius
1261 4436 1660 4508 impuritatem
1685 4453 1806 4493 non
1848 4437 2144 4494 contraxit
2183 4455 2218 4494 a

2370 4456 2460 4488 του
2508 4437 2650 4508 χεὶρ,
2706 4436 2942 4510 ἁψαμένη
2997 4448 3088 4492 τοῦ
3131 4440 3318 4512 λεπροῦ
3379 4447 3638 4514 σώματος,
3694 4441 3819 4493 ἀλλά
3876 4447 3973 4494 καὶ

569 4531 956 4600 contactum
1023 4524 1287 4597 corporis
1350 4524 1590 4596 leprosi,
1658 4526 1808 4599 quin
1862 4527 2058 4599 potius
2109 4526 2216 4582 illu

2325 4580 2336 4625 ι
2370 4525 2558 4598 μᾶλλον
2607 4524 2884 4599 ἐκαθάρισε
2913 4536 3088 4584 τοῦτο.
3149 4529 3283 4581 Ἐπεὶ
3335 4533 3502 4580 τοίνυν
3547 4534 3636 4581 καὶ
3683 4537 3754 4600 τῷ
3792 4529 3972 4583 κάλλει

609 4613 980 4678 emundavit.
997 4612 1336 4684 Quiaigitur
1350 4613 1788 4686 pulchritudine
1807 4616 2024 4670 animae
2043 4620 2256 4671 nostrai

2329 4612 2462 4675 ’τῆς
2490 4613 2675 4686 ψυχῆς
2728 4616 2873 4687 ἡμῶν
2920 4618 2948 4674 ἡ
2999 4616 3162 4690 λέπρα
3217 4627 3312 4679 τῆς
3361 4617 3618 4691 ἁμαρτίας
3660 4616 3976 4689 ἐλυμήνατο,

606 4708 776 4780 lepra
795 4703 1024 4760 deletur
1041 4701 1268 4776 peccati
1286 4703 1412 4775 (ff),
1435 4703 1795 4768 accedamus
1821 4702 1898 4759 ad
1921 4717 2253 4760 sermonem

2370 4704 2729 4778 προσέλθωμεν
2772 4713 2844 4774 τῷ
2874 4704 3009 4777 λόγῳ
3058 4715 3155 4758 τῶν
3187 4704 3396 4757 ἐντολῶν
3428 4714 3519 4758 τοῦ
3575 4713 3830 4780 Χριστοῦ,
3883 4713 3980 4760 καὶ

607 4797 1044 4870 praceptorum
1089 4791 1313 4859 Christi,
1356 4798 1421 4850 ut
1464 4798 1788 4867 postquam
1828 4807 1942 4848 nos
1988 4791 2254 4862 tetigerit,

1692 4807 1788 4848 am
1828 4807 1942 4848 nos
1988 4791 2258 4862 tetigerit,
2372 4793 2631 4866 ἁψάμενος
2652 4795 2795 4866 ἡμῶν
2826 4796 3098 4868 καθαρίσει
3127 4797 3339 4851 ταύτην.

609 4887 806 4960 ipsam
846 4883 1154 4941 emundet.

681 4975 841 5032 Vers.
889 4972 944 5030 3.
983 4974 1063 5030 Et
1098 5001 1168 5018 --
1203 4971 1438 5030 dixeris.
1494 4969 1771 5042 Praecepit
1818 4973 1880 5026 ut
1936 4973 2169 5036 taceret,
2207 4976 2262 5028 et

2445 4977 2543 5024 Καὶ
2581 5002 2650 5014 —
2696 4975 2861 5046 εἴπης.
2914 4972 3259 5045 Παρήγγειλεν
3299 4973 3438 5043 αύτῷ
3495 4978 3668 5043 σιγᾷν,
3711 4970 3863 5033 αύτός
3918 4993 3981 5030 τι

611 5067 739 5138 ipse
758 5062 995 5122 laudem
1007 5062 1242 5138 fugiens
1265 5060 1432 5135 apud
1452 5058 1748 5124 homines,
1769 5062 1823 5116 et
1844 5074 1945 5116 eos
1963 5059 2258 5116 instruens

2373 5064 2571 5134 φεύγων
2623 5065 2708 5114 τόν
2755 5064 2898 5136 παρὰ
2949 5070 3047 5113 τῶν
3105 5061 3382 5136 ἀνθρώπων
3437 5065 3662 5131 ἔπαινον,
3719 5066 3809 5113 καὶ
3854 5083 3981 5116 παι-

682 5217 936 5284 δ’,ὶίδτα
965 5191 1101 5285 ιίο,
1179 5215 1226 5252 ⁸⁸
1270 5215 1405 5269 Luc.
1433 5226 1494 5277 v,
1532 5207 1620 5266 l2.

1293 5323 1296 5326 ‘
1888 5306 2108 5374 Variae
2133 5306 2461 5377 lectiones
2498 5320 2556 5377 et
2588 5318 2790 5378 notae.

675 5489 791 5564 (63)
826 5484 906 5555 δέ,
945 5480 1165 5542 omittit
1198 5480 1264 5536 A.

2445 5479 2560 5552 (6i)
2602 5480 2688 5536 Ita
2717 5479 2967 5549 correxi,
3000 5477 3130 5537 loco
3160 5480 3365 5554 ψυχήν.

671 5641 776 5714 (ιβ)
804 5627 1502 5714 rotringm_sublimem.
1535 5627 1671 5714 Sola
1702 5629 1905 5687 verba.
2022 5700 2037 5714 ‘
2077 5701 2090 5714 ‘
2149 5700 2159 5711 ο
2216 5704 2226 5714 ι
2371 5629 2742 5714 dinimentis
2793 5633 3011 5688 nostra
3063 5627 3227 5706 lepra
3273 5631 3495 5708 peccati
3544 5631 3990 5695 detrimentosa

809 5701 1262 5763 Pulchritudine
1277 5701 1593 5776 —peccati.
1614 5700 1761 5760 Cum
1779 5717 1920 5775 ergo
1937 5700 2260 5775 pulchriut-
2367 5700 2572 5760 fuerit.
