4170 6460
247 443 343 498 221

1241 436 1610 495 ΟΟΜΜΕΝΤ.
1665 436 1731 490 IN
1773 431 2216 490 MATTH/EUM.
2257 462 2324 471 —
2363 427 2522 488 CAP.
2574 429 2728 487 VIII.

3521 427 3628 482 282

260 563 415 620 δώωι
507 571 629 630 τοὺς
709 567 1119 642 εὐεργετοῦντας,
1191 573 1363 639 μισεῖν
1439 567 1497 616 τὸ
1569 561 1855 636 φιλότιμονο

1989 558 2071 631 ιιιὶ
2106 555 2400 613 beneﬁcia
2438 555 2498 610 in
2532 554 2764 626 aliquen
2793 551 3125 619 conferunt,
3159 555 3222 608 ut
3243 551 3627 610 ambitionem

267 663 439 708 καίτοι
482 665 668 730 σαφῶς
721 656 1016 729 ἐγίνωσκεν,
1068 658 1148 708 ὅτι
1205 655 1263 708 ού
1309 659 1542 726 σιγήσει,
1593 651 1720 704 ἀλλὰ
1772 653 1860 703 καὶ

275 754 469 818 τρανῶς
523 745 829 822 ἁνακηρύξει
895 749 980 798 τόν
1047 745 1334 819 εὐεργέτην
1421 745 1555 813 ὅμως
1640 744 1698 792 τὸ
1790 740 1860 791 οἰ-

275 842 406 886 κεῖον
464 843 596 886 ποιεῖ
645 835 737 887 καὶ
791 833 1159 909 παραγγέλλει.
1191 838 1302 908 Χρὴ
1357 834 1458 904 γὰρ
1494 835 1580 883 τόν
1604 833 1694 902 μεν
1721 828 1862 902 εὔερ-

271 930 513 992 γετοῦντα
606 923 978 998 παραγγέλλειν
1064 929 1238 994 σιγᾷν,
1331 917 1424 974 διὰ
1489 920 1861 992 μετριοφροσύ-

267 1028 373 1068 νην·
396 1014 482 1063 τόν
516 1007 575 1065 6's
607 1011 1024 1088 εὐεργετούμενον
1061 1015 1333 1088 κηρύττειν
1366 1007 1438 1063 δι’
1469 1009 1861 1082 εὐγνωμοσύνην

263 1099 396 1172 (65).

327 1275 472 1330 Ἀλλ’
540 1306 610 1322 -ι
664 1282 910 1338 Μωῡσῆς,
973 1275 1224 1330 Ἐκελευεν
1267 1277 1292 1329 6
1343 1280 1516 1348 νόμος,
1576 1277 1661 1327 τόν
1703 1274 1863 1326 καθα-

251 1366 517 1439 ρισθέντα
563 1364 744 1439 λεπρὸν
789 1370 861 1438 μὴ
897 1373 998 1426 τοὶς
1045 1366 1228 1418 ίάυτοῡ
1268 1368 1527 1417 πιστεύειν
1559 1362 1860 1435 ὀφθαλμοῖς,

252 1453 388 1506 ἀλλὰ
419 1461 534 1516 τοῖς
564 1461 655 1506 τοῦ
690 1456 854 1526 ἱερέως
879 1452 1140 1506 ἀναθεῖναι
1160 1459 1253 1512 τὴν
1283 1457 1458 1526 κρίσιν
1487 1461 1578 1504 τοῦ
1608 1453 1863 1524 καθαρισ-

251 1550 380 1616 μοῦ,
417 1542 513 1595 καί
541 1548 612 1614 μὴ
645 1546 892 1618 πρότερον
921 1541 1232 1616 ἀναμιγῆναι
1278 1549 1386 1605 τοῖς
1424 1545 1691 1615 καθαροῖς,
1728 1542 1860 1612 εἰμὴ

253 1632 561 1705 ἐμφανισθῇ
594 1635 779 1704 τούτῳ,
826 1632 915 1686 καί
947 1633 1088 1705 παρὰ
1131 1636 1316 1684 τούτου
1345 1632 1564 1704 λογισθῇ
1603 1632 1856 1704 καθαρός⁶

254 1717 377 1774 εἶτα
436 1721 720 1795 προσάγειν
775 1717 942 1794 δῶρον
986 1723 1110 1792 ὑπὲρ
1164 1718 1463 1793 ἓξιλασμοῡ,
1518 1721 1683 1778 καθὼς
1719 1716 1766 1769 ἐν
1799 1724 1858 1790 τῇ

255 1809 437 1883 βίϐλῳ
491 1817 582 1862 τοῦ
624 1817 900 1863 Λευίτικοῡ
941 1815 1251 1882 γέγραπται.
1307 1817 1420 1870 Πῶς
1467 1805 1553 1860 οὖν
1586 1805 1740 1871 εἶπεν,
1782 1808 1864 1858 ὅτι

1968 650 2364 703 exsecrentur.
2450 645 2624 716 Atqui
2705 643 3011 699 manifeste
3071 642 3295 698 sciebat
3342 642 3623 707 Christus,

1967 737 2129 809 quod
2161 735 2444 790 taciturus
2466 749 2580 788 non
2608 738 2783 797 esset,
2818 733 2925 788 sed
2950 731 3384 788 benefactorem
3423 731 3627 802 palam

1967 825 2445 899 praedicaturus;
2500 828 2762 878 attamen
2792 821 2956 895 quod
3001 838 3176 877 suum
3223 827 3345 876 este
3402 821 3541 876 facit
3573 826 3630 876 et

1969 914 2257 985 prmcipit.
2301 913 2542 984 Oportet
2593 911 2751 966 enim
2797 927 2899 966 eos
2948 911 3050 983 qui
3099 910 3387 966 beneficia
3427 909 3630 965 confe-

1971 1008 2126 1068 runt,
2176 1001 2479 1057 modestiae
2539 1016 2724 1056 causa
2762 1000 3081 1072 prmeipere
3135 998 3478 1064 silentium;
3526 1014 3630 1054 eos

1969 1109 2131 1158 vero,
2155 1091 2259 1165 qui
2285 1089 2577 1146 beneﬁcio
2606 1094 2746 1146 sunt
2789 1088 3001 1154 aﬂ‘ecti,
3037 1088 3360 1161 praedicare
3393 1092 3632 1160 propter

1970 1179 2420 1252 gratitudinem.

2041 1271 2205 1326 Vers.
2246 1268 2426 1324 4.Sed
2467 1299 2535 1308 —
2564 1266 2767 1324 Moses.
2811 1266 2991 1322 Iussit
3047 1265 3157 1331 lex,
3212 1281 3286 1322 ne
3340 1265 3388 1320 is
3438 1266 3542 1338 qui
3593 1279 3630 1320 ο.

1968 1357 2134 1431 lepra
2183 1356 2506 1412 mundatus
2545 1361 2698 1412 esset
2755 1355 3041 1428 suiipsius
3089 1354 3274 1410 oculis
3344 1355 3628 1422 crederet,

1973 1447 2075 1502 sed
2102 1445 2288 1503 oculis
2320 1445 2647 1501 sacerdotis
2673 1445 2965 1516 judicium
3004 1444 3444 1500 emendationis
3471 1459 3633 1499 com-

1972 1536 2246 1602 mitteret,
2280 1550 2467 1607 ueque
2499 1535 2664 1607 prius
2703 1534 2793 1589 his
2819 1535 2919 1607 qui
2977 1534 3186 1589 muudi
3227 1538 3425 1589 essent
3472 1548 3632 1588 com-

1974 1624 2340 1688 misceretur,
2371 1639 2556 1697 quam
2603 1640 2665 1678 se
2720 1622 2796 1678 illi
2831 1622 3282 1684 manifestasset,
3338 1626 3393 1676 et
3434 1621 3512 1676 ab
3563 1637 3632 1677 eo

1974 1712 2460 1769 fuissetmundus
2480 1712 2784 1782 judicatus
2812 1731 2828 1781 ;
2857 1711 3073 1767 deinde
3093 1727 3314 1766 munus
3339 1725 3446 1782 pro
3476 1711 3632 1782 puri-

1975 1802 2248 1858 ﬂcatione
2268 1801 2610 1865 adduceret,
2645 1802 2793 1855 sicut
2815 1801 2872 1855 in
2901 1800 3050 1855 libro
3087 1799 3320 1854 Levitici
3354 1799 3631 1869 scriptum

249 1908 327 1953 '0
353 1900 640 1974 προσέταξε
669 1907 898 1961 Μωύσῆς
929 1916 943 1968 ;
995 1902 1020 1953 6
1053 1904 1176 1961 Θεὸς
1222 1903 1320 1973 γὰρ
1373 1907 1525 1952 τούτο
1558 1898 1857 1974 προσέταξε.

1989 1898 2084 1949 ast.
2130 1891 2440 1957 Quomodo
2493 1907 2634 1962 ergo
2675 1889 2861 1945 dicit:
2917 1891 3116 1944 Munus
3170 1889 3329 1974 quod
3355 1887 3632 1958 praecepit

252 1994 411 2042 Διότι
454 1991 730 2062 νομοθέτης
778 1989 981 2060 λέγεται
1029 1990 1173 2041 καὶὸ
1206 1995 1454 2053 Μωύσῆς,
1511 1991 1578 2050 ὡς
1634 1986 1862 2062 γράψας,

251 2081 369 2132 ὅσα
427 2079 454 2129 6
509 2082 638 2139 Θεὸς
710 2076 1064 2151 ἐνομοθέτησε.
1119 2083 1222 2134 Την
1288 2080 1378 2149 μεν
1442 2074 1528 2128 οὖν
1597 2078 1868 2149 θεραπείαν

257 2167 428 2229 αὐτὸς
475 2167 774 2240 εἰργάσατο,
822 2171 915 2225 τὴν
971 2163 1287 2238 δοκιμασίαν
1322 2163 1380 2218 δε
1411 2168 1600 2226 ταύτης
1647 2162 1718 2237 τῷ
1751 2173 1872 2237 ιερεί

255 2255 624 2331 παρέπεμψεν,
674 2257 756 2310 ἱνα
820 2261 893 2328 μὴ
939 2251 1066 2319 δόξη
1110 2259 1166 2307 τό
1198 2264 1296 2306 τῶν
1331 2258 1498 2331 ίερίων
1551 2255 1870 2327 ὑφαρπάζειν

260 2345 506 2418 ἀξίωμα.

344 2529 437 2588 Είς
474 2557 536 2566 --
572 2526 766 2588 αὐτοῖς.
820 2523 906 2586 Εἰς
963 2524 1178 2596 ἔλεγχον
1217 2524 1405 2586 αὐτῶν,
1458 2528 1590 2597 φημὶ
1639 2519 1731 2589 δὴ,
1772 2531 1871 2576 τῶν

271 2618 468 2689 ἱερέων.
531 2618 827 2690 Μαρτύριον
856 2617 956 2687 γαρ
996 2621 1103 2678 νῦν,
1150 2618 1235 2665 τὸν
1287 2612 1500 2686 ἔλεγχον
1543 2613 1697 2686 λέγει.
1729 2613 1870 2664 Ἐπεὶ

270 2708 372 2778 γὰρ
409 2704 555 2756 οὗτοι
606 2705 904 2778 παράνομον
958 2703 1112 2754 αὐτόν
1167 2703 1452 2775 ὠνόμαζον,
1504 2707 1762 2776 παρῄνεσε
1800 2699 1870 2774 τῷ

273 2795 648 2868 καθαρισθέντι
673 2793 840 2864 λεπρῴ
883 2801 1114 2864 τηρῆσαι
1144 2796 1228 2843 τόν
1285 2797 1455 2863 νόμον,
1498 2797 1587 2842 καὶ
1625 2800 1867 2856 ποιῆσαι,

280 2885 381 2934 ὅσα
409 2883 594 2944 ἐκεῖνος
623 2881 930 2956 προσέταξε.
961 2888 1124 2934 Τοῦτο
1155 2877 1213 2932 δι
1243 2899 1528 2954 παρηνεσεν
1559 2879 1630 2941 εἰς
1655 2880 1869 2951 ἔλεγχον

291 2971 611 3034 «homno;
644 2973 747 3045 γὰρ
798 2970 858 3022 ἀν
914 2975 1173 3046 παρῄνεσε
1222 2979 1452 3043 τηρῆσαι
1498 2973 1583 3021 τόν
1613 2975 1788 3041 νόμον,
1827 2969 1869 3021 εὶ

296 3061 570 3134 παράνομος
602 3057 665 3119 ἦν
697 3081 711 3128 ;

342 3243 458 3312 Χρὴ
519 3242 579 3292 οἱ
616 3245 952 3312 παρατηρεῖν,
1010 3247 1121 3301 πῶς
1177 3241 1298 3290 ποτε
1349 3241 1438 3310 μὲν
1482 3236 1733 3312 παραλύει
1783 3241 1868 3289 τόν
1907 3271 1948 3327 C

1977 1981 2173 2043 Moses,
2210 1996 2348 2035 cum
2383 1979 2438 2034 id
2477 1979 2719 2050 jusserit
2751 1982 2900 2035 Deus
2929 1979 2956 2034 ?
2987 1979 3140 2044 Quia
3169 1973 3358 2034 Moses
3404 1977 3634 2047 legisla-

1980 2076 2070 2128 tor
2095 2069 2328 2138 dicitur,
2371 2073 2572 2140 utpote
2603 2068 2704 2141 qui
2737 2068 2996 2140 scripsit,
3041 2085 3175 2141 quas
3211 2070 3361 2123 Deus
3417 2072 3634 2123 statue-

1980 2165 2087 2216 rat.
2123 2159 2449 2215 Sanitatem
2498 2159 2699 2230 itaque
2749 2158 2873 2230 ipse
2931 2161 3212 2230 operatus
3257 2162 3362 2224 est,
3415 2172 3632 2229 appro-

1980 2249 2280 2304 bationem
2333 2263 2474 2303 vero
2537 2247 2748 2319 ipsius,
2813 2247 3105 2302 sacerdoti
3171 2245 3487 2310 commisit,
3559 2261 3633 2300 ne

1980 2339 2360 2394 sacerdotum
2412 2353 2629 2392 munus
2683 2335 2791 2390 sibi
2849 2336 3098 2391 latenter
3164 2350 3366 2407 rapere
3408 2333 3633 2390 videre-

1979 2431 2096 2483 tur.

2051 2518 2216 2572 Vers.
2242 2519 2291 2572 4.
2327 2517 2389 2571 In
2413 2547 2479 2555 —
2509 2513 2652 2571 illis.
2688 2514 2772 2570 Ad
2830 2512 3317 2584 redargutionem
3348 2511 3581 2567 illorum
3617 2530 3630 2579 ;

1981 2605 2112 2662 dico
2158 2619 2301 2661 sane
2352 2602 2786 2660 sarcerdotum.
2855 2603 2998 2658 Nam
3044 2604 3348 2676 μαρτύριον,
3408 2600 3465 2655 id
3522 2604 3633 2662 est,

1983 2693 2410 2759 testimonium,
2443 2697 2617 2748 vocat
2645 2691 3136 2764 redargutiouem.
3182 2691 3328 2756 Quia
3362 2689 3521 2744 enim
3554 2687 3632 2744 illi

1980 2788 2484 2855 transgressorem
2516 2781 2663 2853 legis
2695 2796 2827 2836 eum
2884 2779 3201 2836 dicebant:
3237 2778 3630 2835 emundatum

1977 2873 2270 2945 leprosum
2310 2873 2593 2928 admonet
2632 2875 2696 2927 ut
2743 2874 3008 2926 servaret
3053 2869 3271 2940 legem,
3319 2873 3377 2924 et
3421 2867 3635 2923 faceret

1977 2977 2351 3036 quascunque
2381 2960 2471 3015 lex
2498 2966 2880 3033 praeceperat.
2926 2958 3047 3014 Hoc
3079 2964 3276 3014 autem
3330 2956 3408 3013 ad
3439 2956 3634 3012 redar-

1978 3051 2284 3121 gutionem
2315 3048 2549 3105 illorum
2578 3050 2876 3104 admonet.
2907 3051 3054 3104 Nam
3102 3046 3412 3120 quomodo
3439 3046 3634 3116 legem

1977 3154 2213 3195 servare
2241 3137 2607 3194 admoneret.
2643 3137 2691 3191 si
2727 3136 2872 3206 legis
2903 3141 3267 3205 trangressor
3290 3140 3463 3190 esset.

2049 3226 2496 3286 Observandum
2528 3242 2667 3280 vero
2703 3242 2824 3297 quo
2856 3231 3030 3297 pacto
3061 3225 3359 3279 interdum
3387 3223 3634 3295 quidem

270 3333 446 3401 νόμον,
502 3324 762 3380 ὁδοποιῶν
812 3335 874 3400 τῇ
929 3331 1060 3400 μετὰ
1114 3329 1329 3380 Θάνατον
1387 3327 1547 3380 αὐτοῦ
1594 3326 1870 3399 φιλοσοφῐᾳ

1989 3318 2168 3388 legem
2220 3314 2403 3380 solvit,
2461 3313 2621 3370 viam
2678 3314 2948 3384 aperiens
3008 3312 3404 3384 philosophiae
3459 3317 3635 3384 atque

270 3422 358 3469 καὶ
425 3416 666 3488 πολιτείᾳ
708 3425 806 3469 τῶν
867 3422 1214 3490 Χριστιανῶν,
1273 3420 1361 3468 καὶ
1408 3419 1872 3489 προοιμιαζόμενος

269 3511 364 3564 τήν
423 3505 511 3559 ἐπὶ
566 3508 764 3569 ταύτης
819 3505 1108 3558 ἀνάπαυσιν
1166 3513 1257 3556 τοῦ
1311 3504 1533 3557 παλαιοῦ
1582 3509 1668 3556 καὶ
1721 3523 1873 3576 γεγη-

269 3599 501 3669 ρακότος
549 3598 729 3666 νόμουσ
785 3599 907 3647 ποτε
957 3591 1015 3646 δε
1068 3593 1303 3665 φυλάττει
1363 3602 1563 3659 τοῦτον,
1612 3611 1876 3665 συγκαταο

275 3684 470 3737 ϐαίνων
491 3692 555 3758 τῇ
596 3682 834 3756 ἀσθενείᾳ
861 3692 960 3736 τῶν
993 3679 1283 3748 Ἰουδαίων,
1320 3685 1401 3735 ἱνα
1437 3688 1508 3756 μὴ
1546 3679 1871 3755 σκανδαλίσῃ

273 3774 491 3835 αὐτούς.

607 3865 754 3917 ΚΕΦ.
785 3861 854 3917 Ζ’.
886 3867 1012 3937 Περὶ
1045 3869 1136 3915 τοῦ
1160 3862 1554 3934 ἐκατοντάρχον.

346 3950 650 4005 Εἰσελθόντι
680 3947 737 4004 δὲ
765 3951 907 4023 αὐτῷ
937 3983 1004 3993 -
1037 3950 1474 4026 βασανιζόμενος.
1507 3979 1571 3993 ——
1607 3949 1875 4017 Βίϐληται,

282 4038 400 4091 ἀντὶ
434 4046 551 4104 τοῦ,
584 4037 873 4113 Ἐῤῥιπται.

350 4133 454 4182 Καὶ
482 4157 548 4168 -
571 4127 745 4181 αὐτόν.
771 4133 919 4181 Διατί
947 4131 1019 4200 μὴ
1053 4127 1257 4188 κληθεὶς
1283 4128 1353 4190 είς
1382 4133 1476 4187 τήν
1516 4129 1706 4198 οὶκίαν,
1735 4129 1877 4180 αύτεο

277 4216 571 4288 πάγγελτος
601 4215 758 4270 ἕλθεῖν
807 4217 984 4289 λίγει;
1018 4221 1158 4270 Διότι
1220 4222 1450 4289 προέγνω
1497 4219 1649 4271 αὐτὸν
1694 4237 1880 4271 πεπισ-

280 4310 525 4368 τευκότα,
561 4307 639 4358 ὅτι
666 4309 794 4366 Θεός
816 4304 947 4377 ἔστι,
998 4310 1087 4358 καὶ
1121 4304 1296 4358 λοιπόν
1321 4307 1540 4364 ἠθελησε
1569 4312 1662 4365 τὴν
1689 4307 1878 4367 πολλὴν

281 4394 446 4446 αὐτοῦ
498 4398 676 4446 πίστιν
727 4393 1108 4466 ἐκκαλυφθῆναι
1139 4399 1229 4446 καὶ
1257 4403 1366 4457 τοῖς
1396 4393 1762 4462 ἀκολουθοῦσι,
1790 4400 1880 4448 καὶ

276 4487 520 4557 πρόσχες
545 4491 655 4544 τοῖς
681 4482 818 4546 ἑξῆς.

354 4664 461 4713 Καὶ
502 4690 571 4700 ———
616 4679 736 4732 μουο
780 4689 847 4702 -ο
887 4663 998 4714 Οὔκ
1054 4661 1179 4733 εἰμι,
1233 4667 1412 4734 φησιν,
1470 4663 1632 4729 ἄξιος,
1690 4660 1783 4716 διὰ
1820 4667 1878 4716 τό

282 4745 420 4801 εἶναί
454 4766 512 4799 σε
544 4751 653 4800 θεόν
704 4764 718 4778 ’
766 4746 874 4801 ἀλλ’
908 4752 978 4810 ὡς
1019 4746 1430 4820 παντοδύναμος,
1467 4751 1587 4804 ἐἰπέ
1657 4751 1704 4804 ἐν
1743 4753 1878 4825 λόγῳ

277 4837 443 4908 ψιλῷ,
477 4835 503 4888 ὃ
533 4835 728 4908 βούλει,
756 4842 845 4889 καὶ
884 4837 1076 4890 αὐτίκα
1123 4840 1148 4889 ό
1188 4837 1340 4910 λόγος
1395 4842 1542 4912 ἔργον
1571 4845 1872 4912 γενήσεται.

275 4925 438 5001 Ὀρᾲς
484 4927 697 4997 μέγεθος
750 4931 994 4989 πίστεως.
1055 4929 1150 4979 Διὰ
1185 4935 1338 4980 τοῦτο
1386 4934 1553 4982 τοίνυν
1593 4930 1618 4980 ό
1652 4933 1882 5005 Χριστὸς

278 5011 440 5084 εἶπεν,
531 5015 614 5066 ὅτι
708 5014 840 5086 Ἐγὼ
925 5013 1080 5068 ἐλθὼν
1169 5018 1472 5091 θεραπεύσω
1562 5018 1738 5084 αὐτὸν,
1801 5029 1882 5071 ἱνα

277 5107 398 5176 εῖπῃ
451 5103 479 5154 6
528 5103 928 5176 ἑκατόνταρχος,
988 5106 1085 5170 ὃτι,
1143 5109 1252 5158 Οὔκ
1302 5107 1410 5179 εἰμι
1463 5107 1625 5173 ἄξιος,
1679 5113 1766 5161 καὶ
1816 5112 1882 5161 τὰ

278 5192 417 5257 ἑξῆς,
483 5195 574 5243 καὶ
626 5193 760 5244 οὕτω
831 5194 1096 5267 φανερωθῇ
1153 5199 1314 5247 πᾶσιν
1379 5198 1409 5254 ἡ
1474 5196 1635 5256 πολλὴ
1700 5202 1882 5262 πίστις

277 5279 462 5334 αὐτοῦ.
504 5279 565 5334 Εἰ
597 5282 699 5354 γὰρ
747 5286 817 5354 μὴ
861 5283 886 5334 ό
915 5286 1149 5355 Χριστὸς
1192 5282 1349 5337 ἐκεῖνο
1394 5282 1548 5351 εἶπεν,
1595 5287 1689 5339 οὐκ
1740 5288 1801 5340 ἄν
1855 5289 1880 5340 6

278 5368 667 5443 ἑκατόνταρχος
699 5377 850 5423 τοῦτο
907 5374 1098 5444 εἴρηκε,
1167 5378 1256 5427 καὶ
1322 5376 1524 5437 πάντως
1584 5375 1760 5430 ἔλαθεν
1819 5379 1881 5430 ἄν

279 5462 399 5519 τοὺς
457 5458 730 5531 ἑπομένους
769 5461 1057 5519 ἡτοσαύτη
1113 5468 1203 5514 τοῦ
1246 5459 1437 5539 ἀνδρὸς
1489 5469 1695 5528 πίστις.
1761 5471 1880 5519 Σκό-

1982 3403 2413 3462 conversatioai
2441 3403 2802 3467 Christiante,
2828 3417 3006 3473 quam
3029 3407 3161 3474 post
3189 3406 3439 3457 mortem
3467 3415 3637 3455 suam

1982 3495 2180 3565 vigere
2210 3492 2542 3566 oportebat,
2586 3507 2654 3546 ac
2702 3506 3044 3564 praeparans
3089 3489 3482 3544 cessationem
3522 3486 3638 3556 legi

1984 3583 2181 3649 veteri,
2211 3583 2460 3655 jamque
2493 3581 2816 3636 senescenti
2844 3597 2856 3646 ;
2888 3578 3254 3652 quandoque
3286 3593 3426 3633 vero
3473 3576 3638 3632 illam

1987 3679 2202 3740 servat,
2235 3670 2531 3727 demitens
2564 3686 2625 3726 se
2652 3669 2730 3726 ad
2761 3668 3228 3725 imbecillitatem
3265 3667 3635 3730 Judaeorum,

1985 3777 2060 3819 ne
2086 3777 2188 3819 eos
2211 3760 2554 3816 offenderet.

2412 3856 2568 3913 CAP.
2603 3855 2722 3912 VII.
2753 3857 2836 3914 De
2860 3856 3215 3914 centurione.

2056 3960 2215 4014 Vers.
2250 3961 2307 4014 5.
2338 3955 2392 4012 6.
2427 3956 2575 4012 Cum
2605 3962 2802 4014 autem
2823 3957 3120 4026 ingressus
3146 3961 3290 4012 esset
3313 3986 3381 3994 —
3411 3953 3644 4010 discru-

1987 4047 2199 4105 ciatur.
2231 4048 2421 4112 Jacet,
2464 4045 2576 4102 hoc
2609 4050 2716 4109 est,
2749 4046 3049 4116 projectus
3081 4049 3187 4100 est.

2059 4136 2221 4192 Vers.
2250 4140 2303 4190 7.
2340 4135 2423 4190 Et
2474 4164 2542 4174 —
2574 4149 2725 4190 eum.
2771 4135 2961 4198 Quare
2993 4149 3113 4189 non
3160 4138 3410 4188 vocatus
3448 4132 3508 4186 in
3542 4131 3646 4186 do-

1988 4239 2179 4289 mum,
2204 4239 2310 4278 sua
2335 4226 2544 4294 sponte
2565 4227 2885 4277 venturum
2913 4237 2976 4276 se
3007 4221 3146 4275 dicit
3170 4221 3196 4275 ‘t
3247 4221 3395 4285 Quia
3423 4235 3644 4290 praeco-

1990 4313 2194 4383 gnovit
2226 4311 2393 4366 illum
2415 4311 2542 4381 jam
2583 4311 2822 4365 credere
2855 4309 3018 4381 quod
3067 4309 3218 4362 Deus
3247 4313 3402 4363 esset
3435 4323 3446 4360 :
3484 4312 3539 4361 et
3566 4306 3647 4364 ita

1988 4399 2176 4456 voluit
2217 4414 2503 4468 magnam
2544 4398 2674 4469 ejus
2721 4395 2902 4451 ﬁdem
2950 4395 3042 4451 bis
3075 4396 3256 4452 etiam
3304 4395 3408 4467 qui
3437 4409 3642 4466 seque-

1987 4490 2228 4555 bantur,
2279 4488 2575 4557 detegere.
2625 4485 2868 4543 lntende
2898 4499 3039 4556 ergo
3079 4485 3152 4542 iis
3198 4481 3338 4559 quae
3388 4498 3644 4558 sequun-

1993 4583 2102 4636 tur.

2064 4668 2226 4723 Vers.
2253 4667 2305 4722 8.
2359 4667 2437 4723 Et
2468 4679 2732 4722 —meus.
2773 4668 2901 4721 Non
2947 4681 3105 4731 sum,
3137 4663 3346 4737 inquit,
3401 4663 3644 4735 dignus,

1989 4755 2133 4828 quia
2151 4759 2213 4811 tu
2229 4755 2378 4810 Deus
2400 4770 2463 4810 es
2486 4773 2497 4810 :
2519 4754 2623 4810 sed
2641 4757 2931 4827 tanquam
2953 4754 3333 4825 omnipotens
3355 4754 3450 4809 dic
3481 4753 3647 4809 nudo

1989 4845 2175 4900 verbo
2205 4843 2370 4917 quod
2391 4843 2494 4907 vis,
2524 4847 2579 4900 et
2595 4843 2786 4914 ipsum
2809 4857 3053 4915 quoque
3081 4842 3332 4898 verbum
3351 4858 3507 4914 opus
3525 4843 3647 4901 ﬁet.

1988 4933 2165 4988 Vides
2194 4931 2331 4988 ﬁdei
2365 4931 2874 5002 magnitudinem?
2894 4933 3133 5004 Propter
3172 4933 3285 4987 hoc
3315 4948 3456 5002 ergo
3501 4931 3650 4987 dixit

1989 5021 2252 5078 Christus
2279 5038 2292 5076 :
2319 5021 2441 5092 Ego
2473 5023 2697 5078 veniam
2732 5025 2785 5078 et
2811 5021 3027 5078 curabo
3060 5036 3206 5091 eum,
3234 5027 3298 5076 ut
3322 5021 3481 5076 dicat
3518 5035 3649 5076 cen-

1989 5110 2141 5167 turio
2177 5111 2340 5167 :Non
2361 5126 2489 5166 sum
2542 5110 2778 5180 dignus,
2841 5114 2974 5172 etc.,
3009 5115 3064 5165 et
3116 5109 3196 5166 ita
3239 5109 3648 5166 manifestetur

1988 5201 2272 5258 omnibus
2325 5215 2552 5271 magna
2606 5199 2760 5256 ﬁdes
2817 5200 2965 5270 ejus.
3027 5199 3144 5255 Nisi
3192 5201 3352 5256 enim
3383 5200 3645 5256 Christus

1986 5289 2134 5346 illud
2159 5288 2422 5360 dixisset,
2455 5303 2843 5362 nequaquam
2870 5288 2984 5344 hoc
3008 5289 3272 5345 centurio
3311 5287 3648 5361 respondis-

1988 5384 2078 5436 set
2097 5383 2154 5437 et
2175 5396 2276 5437 eos
2297 5380 2399 5453 qui
2423 5378 2830 5452 sequebantur
2858 5377 3105 5436 omnino
3125 5378 3392 5436 latuisset
3418 5381 3648 5451 quanta

1989 5472 2116 5526 erat
2141 5468 2252 5525 viri
2275 5469 2444 5526 ﬁdes.
2467 5468 2613 5525 Vide
2643 5483 2882 5541 quoque
2926 5467 3288 5525 centurionis
3304 5467 3490 5525 verba
3516 5483 3647 5540 quas

1508 5642 1728 5713 Variae
1757 5639 2088 5713 leCtiones
2122 5653 2185 5712 et
2227 5651 2433 5734 notae.

359 5778 479 5854 (65)
523 5776 935 5853 εὐγνωμοσύνης.
965 5780 1032 5838 Δ.
