4170 6450
585 353 694 408 283

1892 351 2243 410 EUTYHMII
2281 353 2613 412 ZIGABENI

3845 361 3950 420 284

588 479 914 550 sequuntur
953 475 1033 534 ad
1061 475 1122 533 id
1147 475 1392 541 directa,
1421 477 1585 551 quod
1636 478 1801 536 nudo
1830 478 2013 536 etiam
2053 479 2235 538 verbo

2345 501 2430 534 πει
2461 477 2519 533 δε
2560 485 2648 534 καὶ
2672 483 2737 534 τὰ
2767 479 2944 554 ἑφεξῆς
3000 489 3092 536 τοῦ
3132 482 3519 562 ἑκατοντάρχου
3561 487 3793 562 ῥήματα,
3822 506 3950 541 κατ-

588 582 805 624 sanare
832 569 1050 639 posset.

654 655 817 711 Vers.
863 656 916 709 9.
953 653 1108 711 Nam
1157 659 1214 712 et
1243 685 1312 695 —
1341 659 1396 712 et
1437 655 1612 725 facit.
1664 655 1754 711 Ab
1804 656 2071 730 exemplo
2109 657 2239 728 ejus

582 742 744 816 quod
764 743 922 799 circa
940 759 1002 799 se
1037 743 1441 814 contingebat,
1476 745 1883 812 confirmabat,
1917 746 2084 819 quod
2111 747 2237 803 solo

570 833 760 904 etiam
778 831 960 888 verbo
979 847 1194 889 sanare
1213 837 1435 904 posset.
1458 835 1774 906 Postquam
1793 835 1951 891 enim
1974 835 2234 892 dixerat:

579 921 688 978 Dic
715 921 912 989 verbo,
955 921 1300 993 subjunxit:
1340 923 1491 978 Nam
1522 928 1577 979 et
1606 938 1708 993 ego
1756 924 1915 980 homo
1945 940 2098 993 sum,
2127 925 2237 980 sub

579 1010 742 1067 ducis
763 1010 1058 1068 exercitus
1084 1017 1372 1080 potestate
1392 1012 1764 1075 constitutus,
1789 1012 2012 1070 habens
2023 1013 2130 1069 sub
2148 1029 2239 1070 me

580 1099 797 1156 milites
827 1105 880 1156 et
907 1114 1117 1164 servos,
1137 1105 1191 1156 et
1215 1099 1376 1172 quod
1391 1100 1598 1172 cuique
1623 1101 1774 1165 dico,
1810 1103 1859 1158 is
1888 1102 2238 1159 incunctan-

581 1195 674 1246 ter
692 1189 795 1246 hoc
819 1188 981 1258 facit.
1017 1188 1149 1244 Haec
1179 1193 1380 1245 autem
1406 1188 1664 1255 dicebat,
1698 1191 2042 1256 ostendens,
2071 1191 2235 1264 quod

581 1277 638 1335 Si
659 1291 768 1347 ego
790 1277 974 1333 homo
1002 1276 1165 1333 alteri
1217 1276 1520 1348 subjectus
1550 1278 1630 1334 ob
1661 1278 1966 1336 modicam
2019 1281 2233 1352 princi-

576 1371 753 1440 patus
787 1365 1160 1437 dignitatem,
1194 1365 1321 1422 solo
1345 1366 1530 1423 verbo
1583 1372 1796 1440 potens
1850 1385 2006 1434 sum,
2051 1369 2234 1427 multo

578 1455 770 1525 magis
800 1462 875 1520 tu,
909 1455 1013 1526 qui
1039 1455 1194 1510 Deus
1215 1471 1297 1518 es,
1324 1454 1568 1512 inﬁnitae
1608 1457 1919 1528 potestatis
1949 1474 2019 1515 ac
2047 1459 2236 1529 digni~

579 1545 736 1602 tatis.
758 1544 964 1617 Itaque
978 1544 1026 1600 si
1047 1544 1263 1600 dixeris
1285 1545 1457 1601 morti
1482 1551 1543 1601 ut
1562 1545 1754 1612 abeat,
1779 1545 1998 1614 abibit;
2027 1549 2075 1603 si
2095 1564 2235 1606 vero

578 1639 643 1691 ut
666 1634 874 1699 veniat,
916 1633 1129 1690 veniet.
1162 1632 1364 1706 Neque
1403 1633 1565 1690 enim
1619 1634 1958 1706 simpliciter
1995 1636 2237 1695 subdita

578 1727 684 1790 est,
707 1738 917 1779 verum
947 1723 1126 1780 etiam
1143 1721 1375 1787 ancilla,
1413 1739 1550 1796 qum
1576 1723 1872 1795 majorem
1897 1724 2076 1782 habet
2103 1727 2236 1782 sub-

571 1811 920 1885 jectionem.

647 1902 814 1956 Vers.
845 1900 928 1956 10.
956 1900 1086 1957 Hoc
1115 1900 1322 1958 audito
1364 1931 1432 1940 —
1459 1900 1676 1958 inveni.
1728 1900 2071 1958 Admiratus
2122 1907 2228 1959 est.

579 1989 726 2046 Cum
754 1989 914 2046 enim
944 2003 1139 2060 neque
1169 1988 1431 2046 Israelita
1466 1994 1640 2055 esset,
1670 2005 1865 2062 neque
1901 1991 2234 2064 Scripturas

581 2093 712 2150 qum
745 2077 819 2132 de
852 2077 982 2148 ipso
1021 2080 1188 2132 erant
1226 2076 1481 2147 legisset,
1513 2077 1665 2134 adeo
1710 2078 1886 2135 facile
1937 2080 2232 2136 credebat.

581 2169 697 2224 Nec
727 2165 922 2222 solum
956 2165 1290 2222 admiratus
1317 2170 1422 2231 est,
1455 2182 1655 2223 verum
1683 2169 1862 2224 etiam
1894 2168 2076 2225 ﬁdem
2109 2169 2236 2241 ejus

580 2255 871 2328 praeconio
903 2253 1316 2326 promulgavit,
1358 2259 1422 2310 ut
1461 2255 1559 2311 alii
1606 2255 1768 2313 hunc
1819 2256 2233 2314 imitarentur:

583 2344 782 2416 Neque
796 2347 954 2400 inter
972 2343 1297 2408 Israelitas,
1325 2343 1542 2416 inquit,
1567 2349 1793 2401 tantam
1819 2347 2016 2402 inveni
2039 2347 2233 2418 ﬁdem,

585 2432 688 2505 qui
718 2432 982 2506 quotidie
1013 2432 1456 2504 Scripturarum
1493 2431 1698 2505 legunt
1719 2435 2075 2502 testimonia,
2108 2452 2238 2508 quas

586 2520 660 2578 de
677 2534 774 2578 me
792 2521 1132 2594 loquuntur.
1150 2521 1215 2576 In
1234 2521 1705 2593 praecedentibus
1731 2531 1931 2580 autem
1952 2524 2235 2591 diximus,

589 2611 747 2683 quod
775 2611 962 2667 Amen
1017 2609 1180 2677 dico;
1214 2611 1586 2668 tantumdem
1631 2616 1722 2670 est
1751 2628 1821 2669 ac
1871 2613 1918 2668 si
1960 2613 2232 2670 dicatur:

589 2699 737 2756 Vere
783 2715 850 2754 ac
877 2699 1126 2758 ﬁrmiter
1150 2697 1282 2756 dico
1307 2715 1322 2767 ;
1352 2715 1548 2775 neque
1583 2717 1738 2776 opus
1802 2707 1890 2759 est
1936 2702 2050 2760 hoc
2080 2701 2239 2759 dein-

589 2804 731 2861 ceps
751 2787 1138 2861 interpretari.

661 2880 828 2936 Vers.
857 2880 1109 2937 it.Dico
1138 2911 1206 2920 —
1229 2880 1557 2938 Abraham.
1589 2881 1751 2938 Multi
1780 2880 1950 2948 tales,
1978 2880 2092 2938 hoc
2128 2886 2234 2951 est,

589 2981 622 3024 θ
651 2967 949 3038 gentibus.
999 2969 1098 3024 Per
1141 2968 1344 3027 Oriens
1396 2987 1536 3027 vero
1576 2976 1632 3026 et
1670 2969 1978 3035 Occidens,
2033 2973 2238 3029 omnia

586 3055 722 3114 loca
751 3057 928 3113 totius
953 3059 1210 3115 universi
1247 3060 1624 3131 signiﬁcavit.
1657 3059 1906 3114 Venient
1934 3064 2131 3118 autem
2159 3061 2235 3118 ad

589 3161 686 3202 me
720 3145 987 3238 videlicet
1023 3163 1128 3220 per
1166 3147 1366 3238 tidem.
1422 3149 1712 3238 Praeterea
1751 3149 2127 3238 accumbent,
2172 3151 2232 3206 id
2267 3184 2306 3238 ο

587 3241 697 3304 est,
727 3235 1115 3309 requiescent.
1148 3235 1454 3294 Abraham
1485 3252 1622 3292 vero
1662 3237 1723 3293 in
1748 3237 2011 3294 medium
2046 3239 2234 3296 addu-

583 3324 686 3394 xit,
704 3341 827 3398 quo
851 3325 1118 3383 maxime
1145 3326 1384 3383 Iudaeos
1408 3326 1724 3395 morderet,
1755 3327 2098 3401 adoptando
2127 3329 2236 3385 sci-

582 3413 714 3472 licet
744 3415 859 3487 ipsi
901 3413 1204 3471 Abraham
1250 3431 1351 3472 eos
1394 3415 1498 3488 qui
1554 3433 1588 3472 a
1618 3417 1894 3487 gentibus
1953 3419 2233 3490 procede-

585 3508 732 3561 rent.
758 3504 932 3562 Sinus
967 3504 1108 3560 item
1129 3504 1457 3572 Abraham,
1481 3504 1905 3580 dixitrequiem
1920 3523 1990 3563 ac
2008 3507 2231 3563 {ruitio-

581 3608 710 3650 nem
719 3593 1045 3665 justorum,
1064 3597 1458 3667 mutuamque
1474 3595 1816 3652 societatem
1839 3599 1896 3652 et
1919 3610 2232 3652 conversa-

581 3682 828 3748 tionem,
867 3697 1002 3754 quas
1023 3697 1271 3752 regnum
1293 3687 1382 3739 est
1407 3683 1716 3740 caelorum.

657 3769 804 3836 Quia
828 3775 1026 3827 autem
1051 3771 1177 3844 jam
1201 3771 1526 3829 credebant
1550 3771 1856 3828 Abraham
1882 3769 1942 3827 in
1975 3769 2232 3827 ineffabi-

584 3859 744 3916 libus
768 3859 982 3930 degere
998 3860 1192 3928 bonis,
1211 3877 1321 3934 pro
1346 3876 1533 3930 regno
1547 3860 1832 3917 caelorum
1864 3859 2026 3915 sinus
2046 3859 2230 3917 Abra-

583 3948 728 4004 ham
755 3950 970 4020 posuit,
1007 3955 1296 4024 tanquam
1326 3965 1453 4006 rem
1478 3949 1769 4004 notiorem
1790 3966 1808 4020 ;
1838 3947 2015 4003 simul
2050 3949 2228 4006 etiam

585 4054 661 4096 ne
691 4038 784 4094 his
812 4040 1140 4097 contrarius
1178 4055 1308 4096 esse
1336 4039 1647 4104 videretur,
1679 4038 1782 4110 qui
1810 4037 1870 4094 in
1909 4037 2096 4094 Veteri
2126 4041 2228 4095 Te-

585 4133 878 4185 stamento
903 4128 1176 4186 virtutem
1205 4127 1408 4184 sectati
1431 4132 1586 4181 sunt.
1620 4129 1765 4182 Nam
1796 4127 1898 4200 qui
1931 4127 2226 4185 Abraham

582 4218 664 4276 ita
692 4219 1051 4287 honorabat,
1086 4224 1151 4276 ut
1178 4217 1355 4275 etiam
1385 4216 1550 4271 sinus
1585 4215 1741 4272 illius
1771 4217 2032 4290 requiem
2066 4223 2228 4274 aeter-

582 4325 724 4365 nam
745 4309 1100 4377 nominaret,
1121 4323 1285 4364 omni
1301 4305 1402 4378 huj
1416 4305 1650 4362 usmodi
1673 4307 2008 4382 suspicione
2027 4323 2228 4365 carere

583 4398 856 4456 debebat.

657 4488 904 4554 Quidam
934 4486 1138 4544 dicunt
1159 4483 1326 4558 quod
1355 4481 1506 4541 sicut
1533 4485 1813 4559 quaedam
1841 4484 2229 4559 profundiore
2259 4483 2305 4538 D

2265 1829 2310 1885 Β

2347 570 2721 641 ασκευάζοντα,
2758 572 2837 623 ότι
2871 576 2958 625 καὶ
2989 570 3044 624 ix
3076 571 3232 644 ψιλοῦ
3260 573 3417 645 λόγου
3451 571 3694 632 δύναται.

2418 664 2518 712 Καὶ
2565 663 2666 734 γὰρ
2723 690 2791 700 -
2873 665 2963 712 καὶ
3019 669 3174 714 ποιεῖ.
3233 663 3360 717 ’Δπό
3414 673 3504 718 τοῦ
3580 666 3697 718 καθ’
3759 665 3948 718 ἑαυτὸν

2345 745 2729 820 ὖποδείγματος
2783 751 3182 818 κατασκευάζει,
3241 754 3438 806 ὄτικαὶ
3493 754 3625 826 λόγω
3681 758 3820 828 μόνῳ
3849 752 3950 808 δύ-

2344 858 2522 894 ναται.
2589 839 2822 911 Εἰρηκὼς
2877 843 2998 912 γὰρ,
3061 841 3142 892 ὄτι
3200 841 3323 895 Εἰπὲ
3377 842 3534 915 λόγῳ,
3592 848 3950 918 προσεπήγα-

2342 946 2450 999 γεν,
2515 928 2594 979 ὅτι
2651 929 2753 983 Καὶ
2801 931 2898 1004 γάρ
2948 928 3047 1001 ἐγὼ
3105 931 3375 1002 ἅνθρωπός
3427 932 3527 1003 εἰμι
3566 933 3665 984 ὑπὸ
3704 932 3950 996 ἐξουσίαν

2345 1022 2435 1067 τοῦ
2536 1024 2856 1090 στρατηγοῦ,
2927 1020 3063 1089 ἔχων
3147 1019 3231 1071 ὑπ’
3313 1019 3530 1093 ἐμαυτόν
3617 1029 3952 1096 στρατιώτας

2344 1108 2432 1155 καὶ
2507 1100 2741 1167 δούλους⁸
2818 1111 2906 1159 καὶ
2969 1108 2995 1158 ὁ
3061 1107 3192 1180 λέγω
3272 1108 3491 1181 ἑκάστῳ,
3561 1109 3954 1187 ἀναντιῤῥήτως

2343 1200 2495 1244 τοῦτο
2560 1202 2715 1250 ποιεῖ.
2770 1201 2946 1248 Ταῦτα
3013 1192 3072 1250 δε
3152 1197 3324 1265 εἰπὼν,
3387 1197 3632 1272 ἐνέφηνεν,
3689 1202 3770 1253 ότι
3825 1201 3952 1256 Ἐὰν

2345 1280 2443 1354 έγὼ
2474 1284 2744 1357 ἄνθρωπος
2795 1285 3121 1350 ὑπεξοὺσιος,
3179 1282 3273 1338 διὰ
3318 1291 3411 1342 τὴν
3461 1286 3638 1360 ὀλίγην
3675 1290 3951 1364 ὑπεροχὴν

2342 1379 2438 1433 τῆς
2479 1370 2672 1446 ἀρχῆς,
2731 1373 2864 1446 λόγῳ
2917 1378 3054 1446 μόνῳ
3107 1371 3354 1448 δύναμαι.
3405 1375 3574 1447 μολλῷ
3622 1377 3810 1431 πᾶλλον
3854 1385 3945 1449 σὺ,

2345 1463 2472 1523 Θεὸς
2521 1461 2587 1512 ὧν
2645 1462 3012 1526 παντεξούσιος
3066 1468 3156 1516 καὶ
3195 1469 3579 1539 πανυπέροχος.
3621 1471 3711 1520 καὶ
3739 1466 3942 1537 λοιπόν,

2345 1548 2388 1601 εἰ
2418 1552 2508 1622 μεν
2548 1553 2691 1623 εἴπης
2750 1555 3064 1625 πορευθῆναι
3113 1555 3197 1606 τόν
3249 1555 3486 1623 θάνατον,
3544 1558 3944 1628 πορωθήσεται,

2344 1637 2387 1689 εἰ
2444 1635 2502 1690 δε
2551 1638 2729 1706 ἐλθεῖν,
2780 1639 3060 1695 ἐλεύσεται.
3122 1646 3216 1696 Καὶ
3267 1644 3368 1716 γάρ
3423 1643 3528 1716 οὐχ
3582 1643 3755 1708 ἁπλῶς
3802 1645 3943 1700 ἔστιν

2344 1727 2588 1797 ὑπήκοος,
2622 1727 2750 1781 ἀλλά
2779 1735 2867 1782 καὶ
2916 1726 3120 1796 δοῦλος,
3155 1730 3179 1782 ὁ
3209 1732 3448 1804 μείζονός
3495 1731 3635 1786 ἔστιν
3673 1734 3932 1798 ὑπακοῆς.

2414 1902 2673 1967 Ἀκούσας
2757 1935 2823 1945 --
2893 1905 3058 1980 εὖρον,
3148 1906 3494 1981 Ἐθαύμασεν,
3565 1910 3646 1961 ότι
3712 1915 3784 1983 μὴ
3878 1912 3942 1964 ὧν

2345 1993 2696 2066 Ἰσραηλείτης,
2741 1990 2881 2067 μηδὶ
2936 1997 3027 2056 τάς
3056 2000 3173 2069 περὶ
3229 1996 3386 2050 αὐτοῦ
3433 2001 3638 2071 Γραφάς
3685 2007 3786 2050 τῶν
3818 1999 3944 2054 Ἰου-

2345 2077 2507 2134 δαίων
2552 2079 2722 2145 εἰδὼς,
2778 2080 2978 2157 ῥᾳδίως
3031 2082 3325 2140 έπίστευσε.
3382 2091 3470 2138 καὶ
3501 2087 3560 2138 οὐ
3599 2092 3750 2160 μόνον
3798 2087 3942 2142 έθαύ-

2343 2189 2528 2243 μασεν,
2578 2170 2706 2223 ἀλλά
2762 2177 2849 2224 καὶ
2909 2171 3185 2246 ἀνεκήρυξε
3237 2179 3331 2232 τὴν
3394 2179 3574 2229 πίστιν
3625 2177 3802 2244 αὑτοῦ,
3863 2180 3942 2230 ἱνα

2344 2265 2432 2311 καὶ
2481 2259 2624 2312 illo:
2680 2268 2859 2313 τοῦτον
2917 2261 3245 2325 ζηλώσωσιν.
3290 2260 3430 2317 οάδι
3488 2268 3536 2317 εν
3594 2273 3702 2327 τοῖς
3733 2268 3939 2339 Ἰσραη-

2343 2346 2524 2414 λίταις,
2553 2354 2731 2421 φησὶν,
2787 2351 2930 2422 εὗρον
2989 2355 3250 2410 τοσαύτην
3303 2358 3504 2417 πίστιν,
3556 2363 3662 2415 τοῖς
3690 2353 3935 2425 ἀναγινώ·

2347 2456 2564 2490 σκουσιν
2646 2437 2892 2491 έκάστοτε
2968 2441 3058 2502 τὰς
3136 2444 3248 2516 περὶ
3303 2440 3426 2514 ἐμοῦ
3494 2446 3778 2516 μαρτυρίας
3831 2449 3925 2493 τῶν

2347 2531 2576 2601 Γραφῶν.
2643 2533 2955 2601 Ιιροείρηται
3005 2525 3064 2582 δι
3121 2531 3266 2601 ἡμῖν,
3335 2533 3416 2584 ὅτι
3455 2535 3530 2595 τὸ,
3568 2530 3730 2602 Ἀμὴν
3775 2529 3930 2602 λέγω,

2347 2617 2460 2667 ἀντὶ
2499 2623 2611 2680 τοῦ,
2661 2616 2892 2680 Ἀληθῶς
2932 2622 3021 2670 καὶ
3073 2616 3293 2690 βεϐαίως
3349 2619 3498 2693 λέγω,
3532 2621 3771 2674 τέθειται.
3838 2623 3936 2673 Καὶ

2345 2703 2436 2756 ουκ
2463 2707 2537 2758 in
2560 2709 2670 2780 χρὴ
2693 2714 2842 2758 τοῦτο
2875 2702 3244 2781 διερμηνιύειν.

2417 2885 2566 2953 Λέγω
2623 2913 2690 2923 —
2735 2881 2989 2956 Ἀϐραάμ.
3034 2883 3219 2936 Πολλοὶ
3270 2891 3513 2949 τοιοῦτοι,
3564 2887 3851 2954 τουτέστιν,
3892 2884 3943 2948 έξ

2344 2969 2522 3026 έθνῶν,
2591 2973 2684 3023 Διά
2735 2968 2793 3024 ὁὶ
2843 2980 2931 3032 τῆς
2991 2972 3262 3033 ’Δνατολῆς
3292 2978 3380 3024 καὶ
3435 2974 3546 3045 (66)
3601 2982 3695 3034 τῆς
3725 2976 3940 3039 Δύσεως,

2344 3062 2513 3112 πάντα
2548 3064 2702 3113 τόπον
2757 3069 2849 3122 τῆς
2910 3060 3210 3134 οἰκουμένης
3273 3059 3551 3120 έδηλωσεν.
3610 3061 3831 3125 Ἠξουσι
3885 3057 3945 3116 δε

2343 3153 2471 3223 πρός
2526 3168 2608 3221 με,
2693 3145 2787 3200 διά
2849 3154 3093 3210 πίστεως.
3160 3150 3624 3208 Ἀνακλιθήσονται
3683 3147 3762 3217 δέ,
3828 3149 3943 3204 ἀντὶ

2341 3245 2452 3302 τοῦ,
2511 3238 2947 3293 ’Δναπαύσονται.
3002 3242 3100 3292 Τὸν
3141 3238 3376 3312 Ἀϐραὰμ
3430 3235 3489 3292 δὲ
3548 3240 3619 3300 εἰς
3670 3243 3728 3292 τὸ
3785 3244 3945 3312 μέσον

2343 3331 2552 3399 ἤγαγεν,
2619 3329 2699 3378 ἵνα
2746 3327 2977 3400 μάλιστα
3016 3328 3322 3400 καθάψηται
3374 3337 3472 3380 τῶν
3529 3325 3824 3390 Ἰουδαίων,
3879 3331 3946 3390 ὡς

2342 3417 2584 3468 υἰοθετῶν
2613 3415 2752 3486 αὐτῷ
2794 3420 2908 3478 τοὺς
2944 3417 2999 3480 έξ
3054 3415 3226 3470 έθνῶν.
3263 3417 3494 3479 κολπους
3530 3413 3588 3470 δέ
3617 3425 3707 3469 τοῦ
3747 3415 3945 3488 Ἀϐρα-

2343 3508 2414 3578 ἀμ
2473 3506 2729 3577 ὠνόμασε,
2781 3510 2902 3576 ’τὴν
2987 3505 3278 3559 ἀνάπαυσιν
3355 3511 3444 3559 καὶ
3498 3505 3782 3558 ἀπόλαυσιν
3842 3514 3944 3558 τῶν

2343 3590 2577 3660 δικαίων,
2647 3598 2736 3646 καὶ
2783 3599 2876 3653 τὴν
2929 3598 3052 3669 πρὸς
3118 3595 3306 3657 αὐτοὺς
3350 3598 3615 3648 κοινωνίάν
3673 3599 3762 3648 καὶ
3821 3613 3943 3647 συν·

2342 3679 2632 3754 διαγωγὴν,
2667 3685 2783 3746 ἣτις
2808 3682 2950 3736 ἐστὶν
2981 3686 3010 3743 ἠ
3046 3683 3292 3757 βασιλεία
3321 3693 3418 3736 τῶν
3440 3685 3685 3757 οὐρανῶν.

2412 3768 2624 3830 Ἐπειδή
2709 3776 2809 3848 γὰρ
2891 3771 3158 3826 έπίστευον
3237 3772 3285 3826 έν
3364 3773 3676 3849 ἀπορρήτοις
3727 3771 3947 3845 ἀγαθοῖς

2342 3858 2542 3933 διάγειν
2581 3865 2668 3913 τόν
2735 3860 2990 3937 Ἀϐραὰμ,
3049 3863 3163 3915 ἀντὶ
3213 3863 3328 3934 (67)
3357 3865 3465 3924 ’τῆς
3525 3861 3788 3936 βασιλείας
3843 3872 3944 3915 τῶν

2340 3949 2584 4022 οὐρανῶν,
2647 3954 2768 4012 τοὺς
2816 3950 3036 4014 κόλπους
3093 3960 3184 4004 τοῦ
3235 3951 3474 4026 Ἀϐραὰμ
3520 3953 3691 4019 ἔθηκε,
3732 3947 3826 4003 διά
3885 3956 3946 4005 τὸ

2338 4045 2742 4114 γνωριμώτερον·
2805 4039 2914 4112 οἶμα
2967 4037 3025 4093 δι
3076 4045 3190 4107 καὶ,
3268 4042 3350 4092 ἵνα
3405 4045 3475 4112 μή
3521 4037 3649 4112 δόξῃ
3719 4038 3946 4102 έναντίος

2337 4137 2396 4200 τῇ
2432 4127 2628 4199 παλαιᾷ
2684 4128 2916 4200 πολιτείᾳ
2971 4137 3071 4180 τῶν
3131 4127 3408 4204 φιλαρέτων
3476 4125 3702 4201 ἀνδρῶν.
3748 4127 3807 4180 '0
3838 4132 3940 4203 γὰρ

2339 4219 2472 4270 οὕτω
2527 4219 2806 4290 θαυμάζων
2863 4220 2949 4270 τὸν
3008 4215 3263 4292 ’Δϐραόμ,
3312 4221 3375 4278 ὡς
3431 4221 3519 4270 καὶ
3566 4221 3684 4279 τοὺς
3746 4215 3937 4270 ἐκείνου

2338 4306 2576 4371 κόλπους,
2637 4305 2927 4358 ἀνάπαυσιν
2974 4306 3178 4359 αἰώνιον
3241 4305 3530 4380 όνομάζειν,
3587 4305 3734 4368 ἕκτὸς
3795 4311 3941 4378 γίνε-

2337 4415 2423 4447 ται
2451 4397 2698 4456 τοιαύτης
2719 4394 2983 4457 ὑπονοίας,

2406 4484 2566 4558 [Φασὶ
2648 4485 2760 4556 (68)
2813 4481 2872 4536 δέ
2935 4503 3083 4550 τινες,
3138 4485 3218 4537 ὅτι
3265 4485 3496 4558 καθάπερ
3565 4486 3681 4537 τινὰ
3734 4482 3942 4556 πελάγη

1796 4661 2021 4732 Variae
2059 4661 2386 4732 lectiones
2417 4672 2480 4730 et
2519 4671 2720 4729 notae.

651 4865 760 4934 (66)
785 4870 878 4925 τῆς
903 4860 1116 4934 omittit
1145 4863 1211 4916 A.

655 4929 764 5006 (67)
779 4935 996 5006 Parum
1010 4933 1104 5006 hic
1124 4933 1381 5006 attentus
1401 4930 1508 4987 fuit
1527 4929 1868 5006 Euthymius
1899 4929 1975 4987 ad
2001 4934 2223 4988 textum

581 5003 1029 5079 Evangeliiéed
1047 5008 1206 5079 totus
1222 5003 1532 5079 pendete}:
1566 5003 2006 5079 ChArysostomo,
2040 5017 2222 5079 quem

581 5018 903 5088 Evangelii,
923 5018 1029 5059 sed
1047 5018 1446 5127 tomsgienaet
1462 5019 1532 5057 ex
1566 5018 2006 5085 unrysostomo,
2040 5018 2222 5084 quem

579 5079 713 5134 Vide
765 5084 823 5147 ε.Δ
862 5075 976 5139 VII,
1031 5093 1085 5147 p_.
1144 5078 1269 5147 20_.
1328 5075 1390 5131 C.
1441 5074 1564 5128 361.
1625 5075 1964 5147 Qum_1mo
2011 5078 2226 5129 omittit

579 5149 762 5204 etiam
815 5144 1271 5210 ’Iaaa‘m,"laxcb6,
1326 5161 1463 5218 quas
1510 5152 1728 5218 tamen
1761 5145 2224 5218 Chrysostomus

577 5219 775 5290 habet.
814 5218 1297 5290 _Chry_sostomu_s
1347 5215 1425 5272 ad
1485 5232 1547 5273 se
1596 5216 1762 5290 redit
1803 5215 1891 5290 rp.’
1941 5216 2066 5290 315,
2123 5215 2224 5272 ubi

582 5289 778 5362 solum
807 5287 854 5340 έν
877 5287 1104 5362 rigato.
1144 5307 1189 5342 τ.
1221 5287 1447 5362 adponam
1485 5289 1717 5362 omittit.
1754 5287 2223 5362 Th‘eophylactus

580 5360 640 5417 in
714 5365 877 5415 textu
914 5358 1066 5416 'nihi]
1104 5358 1312 5415 mutat.
1373 5361 1436 5414 In
1477 5360 1700 5417 scholio
1746 5358 1942 5415 autem
1980 5358 2054 5413 de
2096 5358 2225 5414 solo

581 5430 926 5502 Abrahamo
946 5432 1089 5488 dicit
1107 5448 1166 5502 p.
1199 5431 1288 5487 43.
1327 5430 1649 5501 Vulgatum
1674 5431 1841 5488 etiam
1863 5429 2226 5502 propagavit

582 5500 825 5590 Cyrilzt.
877 5503 968 5568 IV,
1018 5519 1072 5576 p.
1108 5500 1249 5559 140.
1315 5500 1554 5558 omissis
1610 5508 1810 5559 tamen
1853 5501 1903 5554 έν
1958 5500 2020 5575 τῇ
2171 5520 2220 5556 τ.

582 5592 823 5628 ουοανων.
883 5573 1198 5628 Ouomodo
1238 5579 1433 5628 autem
1483 5574 1950 5628 Chrvsostomus
1991 5575 2065 5628 de
2090 5577 2220 5628 atus

577 5573 823 5647 οὗρανῷν.
883 5573 1198 5647 Quomodo
1238 5579 1433 5631 autem
1483 5573 2224 5647 Chrysostomusdelatus
2275 5609 2278 5612 λ

581 5643 670 5701 est
724 5644 789 5708 εἰς
861 5650 979 5708 τοὺς
1045 5646 1264 5708 κόλπους
1323 5654 1414 5700 τοῦ
1489 5643 1782 5721 Ἀϐραᾶμῖ
1848 5643 2073 5702 Scilicet
2120 5658 2228 5715 per

2335 4859 2504 4914 Lucas
2535 4857 2839 4913 Lazarum.
2873 4857 3021 4930 Nam
3054 4870 3198 4930 pag.
3237 4859 3360 4930 209,
3386 4855 3489 4930 ubi
3522 4855 3788 4930 primum
3808 4855 3948 4930 haec

2331 4934 2565 4995 tractat,
2596 4934 2917 5001 utrumque
2942 4927 3142 5001 locum
3163 4928 3372 5001 junxit,
3407 4927 3570 5001 hunc
3602 4927 3851 4984 Matthaei
3887 4935 3950 4988 et

2335 5003 2503 5057 Lucas
2532 5016 2650 5066 va,
2678 5004 2766 5055 22.
2793 4999 3060 5055 Hmrebat
3081 4999 3222 5067 ergo
3253 4999 3452 5055 adhuc
3474 4999 3527 5054 ei
3554 4999 3613 5054 in
3641 5003 3948 5058 memoria

2333 5070 2496 5128 locus
2543 5074 2728 5128 Luem.
2764 5074 2910 5127 Nam
2959 5072 3255 5142 correctio
3292 5087 3353 5142 p.
3386 5075 3511 5142 315,
3542 5069 3708 5142 haud
3752 5070 3948 5142 dubie

2335 5143 2601 5226 protecta
2625 5147 2714 5226 est
2735 5158 2771 5197 a
2792 5141 3022 5226 scribis,
3047 5140 3735 5226 calamoexcipientibus
3757 5141 3949 5226 thy-

2335 5211 2582 5270 sostomi
2609 5214 2859 5269 dicentis
2881 5213 3084 5285 verba.
3116 5213 3418 5285 Scholium
3440 5211 3848 5285 Anepigraphi
3878 5211 3947 5271 in

2333 5285 2640 5342 codicibus
2670 5284 3144 5358 Mosquensibus,
3167 5284 3331 5358 quod
3353 5283 3588 5358 incipit;
3605 5283 3808 5358 Πολλοὶ,
3843 5305 3950 5356 φη-

2335 5363 2439 5423 σὶν,
2485 5359 2573 5424 ὡς,
2636 5355 2835 5412 servat
2877 5355 3203 5427 vulgatam‘
3249 5355 3564 5413 lectionem
3619 5355 3946 5427 integram.

2333 5429 2522 5484 Etiam
2551 5427 2833 5498 Origenes
2862 5426 2950 5490 IV,
2993 5443 3051 5498 p.
3079 5429 3208 5498 A210,
3250 5430 3374 5498 258.

2403 5443 2522 5484 iam
2551 5443 2833 5553 ungenes
2865 5443 2950 5490 IV,
2993 5443 3051 5498 p.
3085 5443 3208 5494 2w,
3250 5443 3374 5483 κου.

2403 5500 2516 5570 (68)
2549 5499 2647 5554 Inc
2668 5514 2782 5570 fusa
2807 5498 2866 5570 in
2901 5496 3168 5570 margine
3193 5497 3376 5570 habet
3403 5501 3467 5555 A.
3499 5497 3820 5555 Hentenius
3846 5512 3948 5555 ea-

2333 5569 2471 5627 dem
2499 5568 2564 5626 in
2589 5568 2883 5645 principio
2913 5569 3122 5626 scholii
3143 5568 3399 5627 exhibet.
