4170 6458
201 391 323 448 285

1207 392 1578 453 COMMENT.
1619 393 1688 450 IN
1731 391 2170 452 MATTILEUM.
2202 424 2269 436 --
2303 393 2465 451 CAP.
2504 392 2656 451 VIII.

3484 393 3590 449 286

206 525 315 570 τῶν
361 516 677 588 θαλασσῶν,
741 517 923 571 κόλποι
965 515 1160 573 τοιοίδε
1200 522 1229 578 ἦ
1267 516 1463 573 τοιοίδε
1523 520 1830 592 ὠνομάσθηο

1949 520 2126 578 maris
2155 519 2308 586 loca,
2351 524 2454 576 aut
2497 535 2674 576 curva
2705 518 2905 576 littora
2942 518 3088 575 tales
3126 517 3219 575 vel
3249 518 3396 576 tales
3425 519 3591 575 sinus

229 626 327 659 σαν
352 621 366 636 ⁸
408 607 581 669 οὕτως
624 609 729 682 ἄρα
774 613 862 660 καὶ
897 610 962 660 τὰ
1008 608 1204 680 πελάγη
1244 617 1341 661 τῶν
1388 607 1739 674 ἀπολαύσεων,
1782 606 1831 661 ἐν

241 696 328 756 αἷς
368 694 497 747 ἐστιν
540 697 567 747 ὁ
623 695 882 770 Ἀϐραὰμ,
932 695 1113 749 κόλποι
1157 693 1247 749 τοῦ
1305 696 1547 770 Ἀϐραὰμ
1605 696 1830 756 ἐκλήθη-

251 804 365 836 σαν.
423 783 503 846 Ὠς
548 783 932 860 ἐπισημοτέρου
993 781 1052 838 δε
1109 787 1310 838 πάντων
1379 786 1501 861 παρ’
1572 785 1832 860 Ἑϐραίοις

247 878 384 935 ὄντος
444 880 537 924 τού
596 872 859 947 ’Δϐραὰμ,
916 870 1093 936 ἰδικῶς
1157 881 1249 927 τοῦ
1322 873 1560 950 ’Δϐραὰμ
1623 878 1831 936 τούτους

243 963 515 1033 ὠνόμασεν.
550 960 573 1034 ]

302 1052 363 1102 Οἱ
413 1046 474 1103 δὲ
523 1053 625 1104 οἱοὶ
673 1082 740 1092 -
789 1047 1037 1108 ὀδόντων.
1093 1051 1393 1106 Βασιλλείαν
1437 1060 1544 1119 νῦν,
1579 1056 1664 1106 τὸν
1703 1056 1832 1108 Θεὸν

223 1147 437 1211 νοοῦμεν
467 1157 480 1168 ’
513 1141 658 1202 υἱούς
699 1136 758 1193 δε
787 1141 967 1209 αὐτοῦ,
1010 1145 1132 1202 τοὺς
1174 1141 1520 1215 Ἰσραηλίτας.
1560 1147 1679 1204 Υίὸς
1706 1146 1830 1216 γὰρ,

218 1233 376 1301 φησὶ,
431 1233 765 1304 πρωτότοκός
811 1250 911 1302 μου
967 1229 1199 1305 Ἰσραήλ.
1255 1230 1322 1284 ἰι
1383 1229 1656 1304 βασιλείαν
1719 1237 1831 1303 μεν,

214 1322 309 1375 τὴν
357 1317 575 1370 αἰώνιον
620 1317 950 1372 ἀνάπαυσιν·
985 1321 1124 1380 υἱοὺς
1160 1315 1219 1373 δε
1266 1320 1449 1391 αὐτῆς,
1497 1328 1587 1374 νῦν
1633 1320 1835 1380 κληθῆ-

218 1425 305 1457 ναι
335 1410 470 1467 τοὺς
517 1404 828 1474 Ἰόυδαίους,
881 1410 950 1470 ὡς
977 1405 1383 1483 προσδοκῶντας
1427 1417 1599 1468 τοῦτο.
1646 1406 1739 1462 διὰ
1777 1413 1835 1462 τό

219 1493 357 1546 εἶναι
409 1500 625 1569 σπέρμα
671 1503 763 1549 τοῦ
807 1495 1061 1571 ’Δϐραοίμ⁸
1115 1500 1180 1551 Οἱ
1212 1494 1480 1560 δοκοῦντες
1524 1495 1600 1570 δε,
1655 1504 1832 1571 φησιν,

221 1581 359 1638 εἶναι
415 1586 530 1636 υἱοὶ
594 1593 691 1648 τῆς
748 1583 1042 1658 βασιλείας,
1098 1585 1510 1645 ἐκϐληθήσονται
1584 1584 1676 1640 διὰ
1742 1592 1835 1646 τὴν

217 1671 488 1725 ἀπιστίαν
539 1673 729 1729 αὐτῶν.
782 1678 852 1727 Τό
911 1671 970 1727 δε
1027 1673 1499 1738 Ἐκϐ).ηθήσονται,
1560 1674 1673 1728 ἀντὶ
1720 1683 1835 1743 τού,

218 1762 705 1820 ’Δπελαθήσονται.
758 1767 939 1824 Σκότος
993 1760 1050 1816 δε
1097 1767 1155 1816 τό
1208 1763 1470 1838 ἐξώτερον,
1518 1769 1669 1825 τόπος
1722 1764 1835 1817 ἐστὶ

216 1851 498 1914 κολάσεως
536 1851 883 1924 χαλεπωτάτη
895 1872 939 1914 ς.

288 1947 486 1992 Ταῦτα
545 1936 603 1992 δε
653 1941 760 1994 εἶπε
807 1941 1161 1994 καταστελλων
1213 1944 1304 2014 μεν
1360 1946 1450 1994 καὶ
1520 1945 1607 1995 τὸν
1679 1949 1834 2012 τῦφον

216 2037 326 2080 τῶν
381 2025 680 2098 Ἰουδαίων,
741 2028 1182 2102 ἀλαζονευομένων
1241 2029 1322 2083 ἐπὶ
1396 2038 1465 2100 τῷ
1515 2031 1641 2083 εἶναι
1692 2035 1836 2102 γένος

214 2124 311 2169 τοῦ
355 2115 635 2190 Ἀϐραοίμο
679 2127 990 2192 παρηγορῶν
1041 2115 1098 2171 δε
1141 2124 1230 2170 καὶ
1273 2123 1392 2180 τοὺς
1434 2117 1486 2182 ἐξ
1531 2118 1705 2183 ἐθνῶν,
1747 2122 1836 2170 καὶ

216 2210 357 2281 πρὸς
405 2209 506 2263 τὴν
555 2205 621 2266 εἰς
670 2205 823 2258 αὐτόν
865 2211 1044 2258 πίστιν
1092 2205 1434 2280 ἐφελκόμενος.
1493 2206 1835 2260 Ἠκολούθουν

214 2297 326 2370 γὰρ
397 2294 544 2363 αύτῷ
597 2293 774 2347 πολλοὶ
831 2301 920 2346 καὶ
977 2294 1077 2347 ἀπὸ
1123 2305 1221 2347 τῶν
1283 2295 1334 2358 ἐξ
1394 2294 1569 2359 ἐθνῶν,
1625 2291 1714 2347 διὰ
1773 2298 1837 2347 τὰ

221 2389 453 2456 σημεῖα.
515 2387 615 2437 Καὶ
658 2387 861 2444 τούτοις
909 2380 987 2452 δε,
1043 2383 1296 2446 κάκείνοις
1345 2384 1515 2436 πλέκει
1562 2390 1654 2443 τὴν
1708 2384 1835 2456 ὡφέο

218 2473 388 2537 λειαν,
466 2472 551 2523 ἵνα
627 2477 759 2543 μήτε
834 2472 977 2524 οὗτοι
1059 2472 1319 2547 θαρρῶσιν
1397 2473 1631 2541 ἑστῶτες,
1704 2477 1836 2545 μήτε

225 2561 415 2614 ἐκεῖνοι
446 2559 908 2632 ἆπογινὼσκωσιν,
937 2564 1004 2624 ὡς
1033 2566 1276 2634 κείμενοι.

300 2655 586 2723 Θεὼρησον
630 2645 712 2718 δε,
753 2651 835 2702 ὅτι
878 2650 904 2701 ὁ
943 2653 1033 2722 μὲν
1085 2649 1466 2723 ἐκατόνταρχος
1513 2649 1661 2723 λόγον
1709 2648 1836 2710 ἐζή-

233 2757 424 2796 τησεν·
487 2740 514 2790 ὁ
563 2734 625 2791 δε
669 2737 871 2810 λεπρὸς,
931 2738 1123 2811 θέλημα
1176 2745 1350 2809 μόνον,
1399 2739 1425 2792 ὃ
1482 2741 1660 2812 μεῖζόν
1699 2737 1836 2791 ἐστιν

240 2827 310 2888 εἰς
335 2834 539 2882 πίστιν.
595 2833 712 2888 Πῶς
758 2825 847 2879 οὖν
893 2825 1198 2900 ἐθαυμάσθη
1238 2827 1427 2901 μᾶλλον
1458 2829 1484 2880 ό
1531 2828 1838 2900 ἑκατόνταρ-

249 2935 376 2985 χος;
415 2921 556 2969 Διότι
601 2917 627 2968 ὁ
668 2919 759 2987 μὲν
801 2915 1007 2990 λεπρὸς,
1054 2912 1310 2978 Ἰουδαῖος
1352 2917 1440 2985 ὧν,
1491 2919 1728 2989 ἐμπειρος
1776 2911 1836 2975 ἧν

258 3012 349 3054 τῶν
402 3010 510 3077 περὶ
577 3012 673 3056 τού
732 3012 965 3078 Χριστοῦ
1039 3015 1413 3079 μαρτυρουσῶν
1473 3005 1686 3078 βίϐλων,
1745 3010 1833 3056 καὶ

262 3091 435 3150 πολλὴν
461 3092 684 3146 ἐντεῦθεν
721 3091 862 3165 εἶχεν
911 3093 1176 3166 εὐχέρειαν
1227 3095 1296 3155 εὶς
1344 3099 1402 3147 τό
1455 3103 1773 3148 πιστεύσαι·
1811 3095 1835 3145 ό

254 3176 308 3234 ἃ
353 3181 754 3256 ἑκατόνταρχος,
810 3181 1008 3244 ἐθνικὸς
1065 3184 1340 3257 ύπςίρχων,
1395 3184 1654 3246 παντελῶς
1704 3182 1834 3254 ἀμύ-

244 3289 354 3333 ητος
408 3274 608 3323 τούτων
667 3267 748 3341 ἦν,
805 3276 894 3324 καὶ
957 3268 1244 3345 οὐδαμόθεν
1298 3272 1504 3326 ἄλλοθεν
1577 3269 1832 3344 ὼδηγήθη

233 3364 359 3432 πρὸς
406 3365 504 3418 τὴν
551 3364 751 3430 πίστιν,
804 3361 832 3418 ἦ
885 3358 986 3412 ἀπὸ
1041 3366 1202 3432 μόνης
1247 3368 1454 3434 γνώμης
1506 3361 1689 3435 ὀρθῆς.
1749 3365 1836 3414 Διὸ

230 3456 316 3501 καὶ
364 3451 651 3521 ύπερετέθη
709 3457 808 3500 τῶν
859 3454 1246 3502 πιστευσάντων
1305 3449 1357 3514 ἐξ
1409 3450 1642 3523 Ἰσραήλ.
1696 3450 1837 3503 Ἰἰπεῦ⁵

233 3535 288 3590 δὲ
324 3541 387 3589 τό
419 3543 543 3611 περὶ
582 3546 677 3598 τῆς
721 3535 1109 3610 ἁντεισαγωγῆς
1153 3549 1249 3590 τῶν
1299 3538 1353 3602 ἐξ
1391 3537 1544 3592 ἐθνῶν
1583 3543 1672 3592 καὶ
1703 3538 1837 3591 απο-

230 3626 392 3688 ϐολῆς
441 3635 543 3678 τῶν
574 3623 863 3693 Ἰουδαίων,
913 3625 1175 3699 ἀπόφασις
1207 3624 1284 3692 ἦν,
1331 3626 1537 3700 βεϐαιοῖ
1566 3638 1714 3680 τούτο
1747 3625 1840 3681 διὰ

231 3721 485 3789 σημείου.
514 3719 697 3767 Σκόπει
725 3718 849 3787 γάρ.

304 3810 411 3858 Καὶ
466 3801 602 3856 εἶπεν
658 3834 725 3844 —
773 3823 877 3858 σοι.
946 3801 1176 3867 Ἐδειξεν
1229 3806 1255 3857 ὁ
1312 3810 1535 3879 Χριστὸς
1588 3805 1835 3874 ἐντεῦθεν,

227 3896 309 3946 ὅτι
397 3891 604 3966 μεγάλα
684 3891 1029 3965 συμϐάλλεται
1107 3897 1236 3966 πρὸς
1312 3896 1734 3969 θαυματουργίαν
1803 3898 1833 3954 ἠ

225 3988 419 4044 πίστις
466 3988 559 4034 τοῦ
611 3977 852 4054 δεομένου
919 3981 1107 4044 αὐτῆς.
1163 3982 1245 4044 Ὠς
1298 3983 1628 4051 ἐπίστευσας,
1683 3991 1832 4058 φησὶ,

224 4074 620 4145 γενηθήτωσοι,
673 4075 962 4136 τουτέστιν,
1027 4077 1245 4145 Επείπερ
1292 4071 1621 4143 ἐπίστευσας,
1675 4069 1836 4126 δύνα-

229 4163 364 4214 σθαί
405 4178 494 4232 με,
540 4163 627 4212 καὶ
671 4163 740 4217 μὴ
793 4158 1003 4212 ἐλθόντα
1055 4160 1127 4222 εἰς
1182 4164 1267 4212 τόν
1325 4158 1463 4214 οἶκόν
1510 4181 1624 4230 σου,
1688 4165 1838 4236 θερα-

226 4258 434 4302 πεύσαι
462 4251 552 4300 τὸν
581 4250 881 4320 πάσχοντα,
907 4251 1178 4320 γενηθήτω
1203 4250 1384 4312 οὕτως.

308 4343 414 4391 Καὶ
486 4336 605 4393 ἰάθη
669 4367 731 4378 —-
803 4336 988 4410 ἐκείνῃ.
1072 4337 1272 4413 Ὠσπερ
1340 4337 1420 4391 ἐπὶ
1498 4348 1589 4394 τοῦ
1648 4340 1838 4415 λεπροῦ

230 4424 371 4480 εἶπεν
424 4426 452 4476 ὀ
495 4424 878 4496 εύαγγελιστής,
926 4428 1005 4479 ότι
1059 4426 1243 4489 εὐθέως
1290 4426 1612 4500 ἐκαθαρίσθη
1641 4446 1654 4459 ‘
1703 4430 1837 4482 οὕτω

232 4520 323 4568 καὶ
348 4522 462 4585 νῦν,
506 4515 586 4566 ὅτι
629 4514 747 4572 ἰάθη
779 4513 826 4567 ἐν
873 4523 935 4588 τῇ
970 4518 1078 4591 ὥρᾳ
1113 4516 1302 4590 ἐκείνῃ,
1356 4519 1534 4572 Ταῦτα
1565 4514 1623 4570 δε
1669 4537 1836 4592 προσ-

1941 609 2225 682 appellati
2245 614 2381 666 sunt
2409 626 2422 664 :
2446 609 2527 665 ita
2557 624 2700 665 sane
2729 613 2786 665 et
2810 608 2995 664 abditi
3021 607 3364 664 fruitionum
3390 624 3591 664 reces-

1942 715 2064 770 sus,
2099 702 2159 754 in
2188 698 2409 771 quibus
2441 704 2528 754 est
2558 698 2885 764 Abraham,
2919 697 3084 754 sinus
3113 697 3414 753 Abraham
3447 697 3588 754 dicti

1941 794 2096 844 sunt.
2128 790 2274 845 Nam
2304 788 2446 860 quia
2477 786 2767 857 insignior
2797 791 2923 842 erat
2951 786 3254 843 Abraham
3284 787 3446 858 apud
3480 789 3588 843 lle-

1939 875 2150 940 braaos,
2179 876 2313 933 ideo
2334 892 2434 932 eos
2451 875 2690 948 proprie
2710 875 2898 948 ipsius
2918 875 3219 932 Abraham
3239 875 3586 932 nominavit.

2012 968 2173 1023 Vers.
2211 967 2297 1020 12.
2325 966 2468 1022 Filii
2495 973 2692 1022 autem
2724 996 2788 1005 —
2814 965 3094 1021 dentium.
3132 966 3398 1036 Regnum
3429 979 3591 1022 nunc

1942 1058 2129 1112 Deum
2170 1054 2552 1125 intelligimus
2593 1070 2607 1109 ;
2649 1053 2797 1110 filios
2844 1059 3044 1110 autem
3091 1054 3242 1124 ejus,
3281 1054 3586 1110 lsraelitas.

1941 1145 2157 1210 Filius,
2199 1143 2411 1217 inquit,
2455 1143 2885 1214 primogenitus
2924 1157 3074 1200 meus
3108 1142 3300 1199 Israel
3339 1145 3421 1210 l‘°;
3475 1141 3588 1208 vel,

1942 1249 2197 1305 regnum
2246 1232 2512 1306 quidem,
2562 1236 2848 1289 aeternam
2891 1232 3200 1304 requiem:
3258 1232 3410 1289 ﬁlios
3451 1246 3592 1290 vero

1945 1323 2077 1394 ejus
2105 1323 2305 1378 vocari
2332 1337 2492 1378 nunc
2511 1320 2769 1387 Judteos,
2794 1326 3082 1394 tanquam
3102 1321 3218 1377 hoc
3243 1320 3595 1378 existiman-

1948 1416 2030 1468 tes
2061 1412 2205 1484 (gg),
2237 1426 2308 1468 eo
2337 1409 2502 1484 quod
2532 1425 2737 1466 semen
2763 1416 2963 1467 essent
2986 1409 3307 1466 Abraham.
3341 1409 3468 1476 Qui,
3504 1410 3593 1465 in-

1944 1501 2093 1574 quit,
2150 1515 2278 1557 sese
2334 1504 2546 1572 putant
2592 1515 2724 1555 esse
2777 1497 2951 1564 ﬁlios,
3004 1500 3302 1570 ejacicntur
3354 1503 3596 1571 propter

1945 1605 2119 1647 suam
2145 1589 2632 1646 incredulitatem.
2659 1589 2999 1659 Ejicientur
3023 1593 3244 1654 autem,
3277 1587 3449 1653 idest,
3483 1590 3594 1644 Ex-

1945 1678 2260 1754 pellentur.
2335 1678 2610 1735 T8118me
2664 1692 2806 1734 vero
2871 1677 3206 1743 exteriores,
3277 1675 3446 1732 locus
3507 1681 3596 1734 est

1945 1767 2219 1841 supplicii
2247 1765 2631 1823 miserrimus.

1946 1944 2080 1999 Haec
2118 1946 2318 1998 autem
2349 1940 2514 2006 dixit,
2545 1940 2767 1997 fastum
2807 1940 3212 2013 comprimens
3248 1939 3595 1998 Judaaorum

1945 2031 2050 2103 qui
2072 2045 2202 2086 sese
2215 2029 2542 2101 jactabant,
2561 2028 2726 2102 quod
2743 2045 2775 2085 e
2797 2044 3011 2100 genere
3029 2034 3229 2086 essent
3245 2028 3550 2086 Abraham
3579 2045 3593 2085 :

1945 2125 2003 2176 et
2026 2118 2339 2175 consolans
2375 2134 2480 2175 eos
2519 2117 2624 2190 qui
2661 2133 2692 2174 e
2720 2118 2998 2187 gentibus
3041 2124 3230 2185 erant,
3272 2118 3598 2176 attrahens-

1945 2224 2062 2281 que
2101 2208 2174 2263 ad
2215 2223 2388 2264 suam
2426 2205 2628 2262 ﬁdem.
2673 2210 2820 2263 Nam
2858 2207 3028 2262 multi
3072 2222 3309 2280 quoque
3348 2205 3598 2276 gentiles

1945 2302 2186 2369 propter
2218 2299 2392 2364 signa
2423 2295 2830 2366 sequebantur
2868 2310 3026 2351 eum.
3072 2297 3137 2350 Et
3175 2295 3261 2349 his
3300 2299 3500 2350 autem
3539 2298 3599 2350 et

1944 2386 2056 2443 illis
2115 2383 2427 2441 utilitatem
2492 2382 2874 2456 procurabat,
2937 2398 3011 2440 ne
3072 2382 3149 2439 illi
3207 2381 3594 2448 conﬁderent,

1943 2475 2119 2548 quasi
2148 2478 2390 2539 stantes,
2430 2487 2625 2545 neque
2656 2472 2713 2529 hi
2749 2472 3155 2544 desperarent,
3195 2471 3368 2543 quasi
3399 2470 3598 2541 jacen-

1945 2568 2048 2621 tes.

2016 2651 2335 2710 Considera
2357 2665 2500 2708 vero
2523 2649 2688 2723 quod
2713 2650 2978 2707 centurio
3004 2648 3256 2706 verbum
3282 2647 3550 2722 exposcit
3575 2664 3589 2705 :

1943 2741 2216 2816 leprosus
2253 2748 2454 2798 autem
2491 2739 2681 2796 solam
2714 2738 3104 2805 voluntatem,
3146 2737 3312 2812 quod
3351 2737 3595 2810 majoris

1945 2838 2031 2890 est
2051 2831 2210 2888 ﬁdei.
2236 2832 2429 2895 Quare
2453 2845 2596 2902 ergo
2621 2828 2813 2899 magis
2833 2827 3216 2886 admirationi
3241 2827 3481 2885 habitus
3505 2831 3598 2884 est

1945 2920 2248 2979 centurio?
2269 2920 2419 2983 Quia
2434 2920 2726 2993 leprosus,
2744 2935 2882 2975 cum
2904 2923 3056 2976 esset
3073 2917 3336 2983 Judaius,
3350 2920 3597 2974 noverat

1943 3011 2141 3077 libros,
2169 3011 2272 3082 qui
2301 3010 2375 3065 de
2400 3009 2628 3065 Christo
2649 3008 3128 3074 testiﬁcabantur,
3155 3012 3214 3063 et
3241 3007 3381 3063 inde
3407 3006 3596 3064 multa

1944 3099 2226 3162 habebat,
2257 3097 2480 3171 quibus
2511 3096 2677 3154 facile
2705 3095 2782 3150 ad
2811 3095 2992 3151 ﬁdem
3026 3095 3418 3152 induceretur.
3451 3094 3594 3150 Cen-

1945 3188 2094 3245 turio
2122 3203 2261 3243 vero
2291 3203 2430 3243 cum
2460 3185 2729 3241 ethnicus
2769 3188 2944 3248 esset,
2989 3199 3026 3239 a
3056 3183 3220 3240 nullo
3251 3182 3490 3240 aliunde
3519 3181 3598 3240 ad

1945 3276 2127 3334 ﬁdem
2157 3275 2508 3340 ducebatur,
2541 3288 2728 3344 quam
2757 3288 2793 3328 a
2831 3271 2959 3327 sola
2994 3275 3152 3328 recta
3184 3276 3380 3327 mente
3413 3289 3426 3323 :
3459 3270 3597 3327 ideo

1946 3365 2124 3422 etiam
2152 3363 2502 3435 prmpositus
2523 3365 2610 3416 est
2625 3359 2995 3417 credentibus
3010 3375 3082 3415 ex
3102 3358 3297 3416 Israel.
3321 3358 3467 3415 Cum
3495 3373 3598 3415 au-

1945 3459 2066 3510 tem
2093 3453 2167 3508 de
2192 3449 2627 3508 introductione
2654 3448 2919 3518 gentium
2948 3453 3004 3504 et
3030 3447 3346 3518 rejectione
3369 3447 3598 3503 ιιιιὰωο-

1944 3558 2079 3598 rum
2107 3544 2262 3597 facta
2291 3540 2364 3596 sit
2393 3538 2636 3605 mentio,
2668 3536 2984 3595 conﬁrmat
3010 3537 3167 3596 hanc
3197 3552 3304 3610 per
3333 3536 3593 3609 signum.

1946 3630 2089 3688 Vide
2119 3644 2261 3700 ergo
2291 3628 2439 3702 quid
2465 3631 2772 3701 sequatur.

2019 3807 2187 3865 Vers.
2236 3810 2316 3863 13.
2350 3807 2425 3862 Et
2455 3804 2537 3862 ait
2570 3835 2638 3846 —
2669 3804 2800 3862 tibi.
2842 3803 2991 3862 Hinc
3022 3805 3284 3863 ostendit
3310 3805 3598 3877 Christus,

1947 3898 2102 3973 quod
2137 3896 2458 3970 plurimum
2490 3893 2753 3951 conferat
2783 3895 2861 3950 ad
2892 3895 3163 3952 miraculi
3191 3895 3599 3969 operationem

1947 3987 2091 4044 ﬁdes
2120 3985 2494 4057 deprecantis
2524 3983 2675 4056 (ἡὴ).
2709 3984 2876 4040 Sicut
2907 3985 3228 4050 credidisti,
3257 3984 3472 4058 inquit,
3495 3986 3600 4054 ﬁat

1949 4077 2091 4144 tibi;
2131 4075 2245 4130 hoc
2279 4081 2387 4138 est,
2427 4073 2577 4139 Quia
2615 4073 2914 4129 credidisti
2955 4090 3049 4129 me
3090 4089 3271 4145 posse
3307 4080 3598 4144 aagrotum

1947 4179 2170 4230 curare,
2228 4162 2360 4218 licet
2414 4161 2666 4217 domum
2725 4165 2891 4218 tuam
2947 4176 3070 4217 non
3125 4160 3449 4229 ingrediar,
3519 4162 3600 4217 ita

1946 4253 2183 4396 ﬁaifers.
2231 4341 2314 4395 l3.
2354 4337 2433 4393 Et
2473 4342 2716 4393 sanatus
2755 4366 2826 4377 —
2861 4335 2994 4392 illa.
3041 4335 3196 4390 Sicut
3241 4335 3316 4390 de
3356 4334 3599 4407 leproso

1947 4429 2090 4486 dixit
2110 4427 2494 4499 evangelista,
2522 4426 2688 4499 quod
2708 4425 3016 4483 confestim
3039 4424 3368 4482 mundatus
3391 4429 3495 4493 est,
3519 4425 3600 4482 ita

1948 4524 2003 4578 et
2034 4533 2192 4575 nunc
2223 4517 2386 4589 quod
2418 4519 2663 4572 sanatus
2694 4519 2780 4572 est
2819 4515 2878 4571 in
2909 4513 3008 4573 illa
3036 4513 3206 4571 hora.
3241 4517 3373 4571 Haec
3402 4519 3599 4573 autem

235 4607 440 4671 έθηκεν,
501 4602 572 4662 εἰς
625 4602 845 4666 αὔξησιν
889 4612 985 4655 τῶν
1045 4607 1342 4676 θαυμάτων.
1402 4607 1476 4657 0:3
1526 4612 1679 4678 μόνον
1735 4610 1835 4682 γὰρ

1949 4609 2021 4667 ad
2051 4585 2440 4677 augmentum
2469 4605 2700 4662 addidit
2728 4603 3178 4662 miraculorum.
3213 4607 3411 4679 Neque
3439 4605 3600 4662 enim

236 4689 392 4742 ἔπλει
454 4687 751 4762 παράδοξα,
822 4690 950 4744 ἀλλὰ
1015 4699 1103 4745 καὶ
1152 4692 1198 4745 ἐν
1261 4693 1576 4768 βραχυτάτῃ
1651 4703 1836 4770 καιροῦ

234 4780 368 4853 ῥοπῇ
404 4782 494 4836 τὴν
526 4778 717 4831 οἰκείαν
755 4776 976 4853 δύναμιν
1016 4778 1364 4834 ἐπεδείκνυτο.
1409 4789 1544 4836 Φασὶ
1580 4779 1637 4836 δε
1681 4803 1832 4849 τινες,

237 4869 410 4940 ἕτερον
468 4863 597 4920 εἶναι
653 4871 737 4920 τὸν
807 4868 1188 4942 ἑκατόνταρχον
1234 4879 1438 4941 τοῦτον,
1511 4878 1600 4925 καὶ
1668 4873 1834 4946 ἕτερον

235 4959 320 5008 τόν
350 4958 500 5028 παρὰ
533 4965 605 5028 τῷ
654 4964 834 5030 Λουκᾷ
864 4959 975 5030 (69)
1007 4965 1465 5033 μνημονευόμενον.
1508 4964 1704 5014 Τούτου
1745 4965 1834 5034 μεν

305 5135 353 5171 ⁵ο
382 5133 572 5191 Exod.
602 5149 682 5201 ιν,
715 5137 806 5192 22.
922 5136 965 5172 ⁵¹
998 5136 1136 5192 Luc.
1168 5151 1270 5201 vn,
1301 5141 1334 5194 2
1364 5152 1538 5211 seqq.

1947 4697 2140 4754 solum
2159 4695 2511 4752 admiranda
2534 4699 2812 4767 operatus
2837 4699 2946 4759 est,
2973 4694 3075 4750 sed
3102 4693 3280 4751 etiam
3305 4693 3365 4750 in
3381 4693 3602 4750 brevis-

1946 4787 2099 4842 simo
2122 4784 2405 4858 temporis
2437 4789 2741 4840 momento
2759 4799 2932 4840 suam
2949 4783 3377 4840 demonstravit
3396 4788 3601 4857 poten-

1944 4873 2112 4932 tiam.
2147 4873 2401 4939 Quidam
2429 4877 2620 4929 autem
2651 4871 2856 4928 dicunt
2889 4871 3074 4928 alium
3107 4887 3237 4928 eese
3266 4871 3428 4928 hunc
3457 4886 3601 4928 cen-

1944 4963 2261 5027 turionem,
2303 4967 2359 5018 et
2389 4961 2572 5018 alium
2619 4977 2756 5017 eum
2798 4960 2874 5018 de
2911 4976 3034 5033 quo
3077 4961 3239 5032 apud
3272 4960 3484 5018 Lucam
3516 4962 3590 5018 ⁵¹.

1480 5289 1706 5359 Variae
1738 5290 2065 5360 lectiones
2097 5301 2162 5360 et
2202 5300 2381 5360 notae

304 5433 417 5507 (69)
451 5439 545 5486 τοῦ
576 5437 776 5489 Λουκᾶ.
807 5433 875 5492 Α.
910 5435 1237 5507 Utrumque
1266 5433 1468 5491 locum
1496 5433 1721 5493 habere
1750 5439 1965 5509 potest.

302 5613 430 5761 ἕνα)
457 5612 902 5694 Existimant”.
936 5614 1370 5696 Exspectantes.

327 5685 434 5760 ΙιΙι)
468 5684 873 5754 Deprecantzs.
907 5684 1100 5757 Αὐτῆς,
1128 5701 1166 5742 ι.
1197 5701 1249 5742 e.
1272 5693 1365 5750 τῆς

327 5684 434 5760 ἦῆ)
468 5684 873 5754 Deprecantis.
907 5684 1100 5757 Αὐτῆς,
1128 5685 1166 5742 ἱ.
1197 5701 1249 5742 θ.
1272 5693 1365 5750 τῆς
1394 5685 1834 5763 θαυματουργίας,

1947 5613 2198 5669 fortasse
2239 5613 2299 5670 in
2343 5629 2453 5670 suo
2492 5613 2696 5671 codice
2734 5628 2856 5670 non
2901 5612 3207 5668 invenerat
3246 5611 3600 5679 Hentenius,

1947 5685 2146 5742 Redde
2170 5685 2314 5756 fides
2353 5687 2496 5758 ejus,
2537 5686 2643 5758 qui
2680 5699 2749 5744 ea
2779 5683 3216 5759 (θαυματουργία)
3241 5690 3387 5754 eget.
