4170 6444
635 386 742 441 287

1945 381 2282 459 EU‘I‘HYMII
2321 380 2652 437 ZlGABENl

3866 386 3968 444 288

603 511 793 583 Hujus
823 508 1122 582 siquidem
1147 507 1306 565 ﬁlius
1335 511 1460 566 erat
1483 508 1864 581 paralyticus,
1893 508 2030 565 ilius
2059 512 2258 566 autem

2373 509 2495 581 γὰρ,
2552 515 2671 569 παῖς
2734 505 2794 567 ἦν
2866 506 3310 582 παραλελυμένοςο
3364 506 3552 562 ἑκείνου
3603 504 3684 576 δι,
3757 503 3965 575 δοῦλος.

605 616 832 656 servus.
867 602 932 655 Et
959 598 1056 654 hic
1096 599 1256 654 venit
1285 598 1364 655 ad
1395 600 1634 665 Jesum;
1667 598 1764 655 ille
1805 614 1949 658 vero
1995 601 2259 673 primum

603 689 848 762 quidem
881 688 1044 744 misit
1074 689 1336 744 seniores
1379 690 1739 755 Iudaeorum,
1786 689 2002 745 deinde
2033 689 2260 746 amicos

603 795 765 835 suos.
781 779 1068 834 Praeterea
1094 778 1201 834 iste
1225 794 1345 834 non
1369 778 1562 835 solum
1586 779 1646 834 in
1669 779 1920 834 domum
1939 795 2114 834 suam
2136 794 2258 834 non

595 868 834 925 vocavit
859 867 1180 934 Christum,
1205 868 1310 923 sed
1325 872 1382 924 et
1395 869 1595 924 venire
1612 867 1909 923 volentem
1932 867 2253 940 prohibuit.

599 957 700 1015 Ille
732 962 933 1015 autem
962 957 1225 1030 primum
1269 957 1510 1030 quidem
1555 972 1662 1030 per
1695 957 1960 1014 seniores
2005 957 2256 1025 vocavit,

597 1049 990 1122 postmodum
1021 1063 1162 1103 vero
1201 1063 1307 1119 per
1342 1047 1570 1104 amicos
1610 1046 1938 1120 prohibuit.
1975 1048 2122 1102 Cum
2154 1063 2258 1104 au-

600 1142 725 1195 tem
752 1136 1104 1208 hujusmodi
1143 1137 1326 1192 insint
1349 1135 1745 1201 diversitates,
1790 1136 2084 1193 accedunt
2112 1153 2258 1210 quo-

603 1242 719 1300 que
733 1230 788 1283 et
805 1225 1001 1282 multa:
1020 1225 1455 1282 similitudines.
1473 1227 1668 1282 Ambo
1682 1226 1841 1282 enim
1857 1227 2257 1291 centuriones,

603 1320 659 1372 et
679 1317 1052 1388 Capernaum
1075 1319 1538 1379 commorantes,
1561 1319 1616 1370 et
1637 1331 1745 1388 pro
1767 1315 2096 1388 paralytico
2116 1332 2258 1372 mce-

600 1408 797 1460 rentes
810 1404 1030 1468 animo,
1049 1403 1444 1476 eamdemque
1466 1403 1644 1459 ﬁdem
1661 1404 1781 1459 suis
1797 1404 1995 1460 verbis
2013 1405 2260 1460 demon-

605 1497 880 1558 strantes,
923 1495 977 1546 et
1017 1492 1231 1564 aequali
1280 1492 1563 1547 beneficio
1617 1491 1830 1548 affecti.
1876 1492 2020 1548 Dicit
2057 1498 2259 1549 autem

606 1581 1070 1654 Chrysostomus
1096 1581 1377 1636 eumdem
1405 1596 1530 1637 esse
1559 1585 1616 1637 et
1643 1582 1804 1652 apud
1833 1581 2177 1637 Matthaeum
2203 1587 2262 1637 et

605 1670 768 1744 apud
809 1672 1051 1727 Lucam.
1109 1669 1418 1742 Siquidem
1475 1669 1666 1725 Lucas
1718 1669 2033 1739 diligentiae
2072 1685 2260 1726 causa

603 1760 808 1817 omnia
837 1757 1131 1814 minutula
1161 1762 1474 1814 exsecutus
1512 1763 1620 1822 est,
1657 1759 1863 1828 praeter
1891 1756 2258 1813 centurionis

2372 603 2472 650 Καὶ
2525 597 2673 660 οὗτος
2729 600 2818 670 μὲν
2862 594 2984 656 ἦλθε
3030 601 3153 671 πρὸς
3209 600 3294 648 τόν
3347 603 3576 672 Χριστόν
3607 615 3620 628 ·
3671 597 3868 662 ἐκεῖνος
3912 598 3969 655 δε

2368 685 2579 759 ἔπεμψε,
2658 694 2859 762 πρῶτον
2917 689 3006 759 μὶν
3070 684 3447 760 πρεσϐυτέρους
3511 696 3608 738 τῶν
3670 684 3968 758 Ἰουδαίων,

2369 774 2480 828 εἶτα
2518 775 2694 848 φίλους
2726 775 2902 828 αὐτοῦ.
2958 780 3057 829 Καὶ
3086 771 3230 837 οὗτος
3255 778 3344 849 μὶν
3393 776 3452 828 ού
3495 780 3647 848 μόνον
3696 777 3797 828 ούκ
3846 776 3966 830 ἑκά-

2367 864 2482 918 λεσε
2528 869 2613 917 τὸν
2668 870 2895 940 Χριστόν
2954 865 3026 926 εἰς
3077 870 3168 923 τὴν
3219 865 3403 917 ἑαυτοῦ
3451 865 3641 932 οἰκίαν,
3694 865 3831 918 ἀλλά
3882 872 3968 921 καὶ

2369 953 2678 1028 βουλόμενον
2731 953 2888 1007 ἑλθιῖθ
2942 952 3191 1006 ἐκώλυσεν
3221 970 3234 984 ⁸
3273 954 3457 1015 ἑκεῖνος
3507 950 3566 1008 δι
3619 963 3830 1027 πρῶτον
3878 959 3964 1030 μὲν

2367 1041 2601 1097 ἐκάλεσεν
2648 1043 2802 1096 αύτόν
2851 1040 2945 1096 διὰ
2991 1051 3088 1096 τῶν
3137 1042 3510 1118 πρεσϐυτέρων,
3555 1040 3665 1097 εἶτα
3716 1040 3819 1097 διὰ
3872 1055 3964 1098 τῶν

2368 1131 2522 1204 φίλων
2555 1131 2825 1186 ἐκώλυσεν.
2860 1131 3105 1205 Ἔχοντες
3135 1128 3194 1185 δὶ
3221 1135 3468 1195 τοιαύτας
3507 1129 3788 1208 διαφορὰς,
3836 1137 3966 1209 ὅμως

2366 1223 2558 1292 έχουσι
2608 1227 2696 1274 καὶ
2755 1221 2944 1284 πολλὰς
3012 1223 3364 1294 ὁμοιότητας·
3427 1221 3812 1297 ἑκατόνταρχοι
3867 1227 3964 1300 γὰρ

2366 1311 2540 1382 ἄμφω,
2588 1314 2677 1363 καὶ
2724 1309 2771 1362 ἑν
2814 1314 3154 1384 Καπερναούμ
3204 1309 3475 1376 οἰκοῦντες,
3524 1316 3614 1364 καὶ
3660 1309 3743 1363 ἑπί
3793 1333 3966 1387 παρα-

2365 1398 2558 1471 λυτικῷ
2607 1398 2913 1472 θλιϐόμενοι,
2952 1404 3041 1451 καὶ
3093 1403 3186 1458 τὴν
3241 1398 3399 1458 αὐτὴν
3456 1403 3634 1451 πίστιν
3687 1405 3820 1473 μετὰ
3873 1410 3966 1454 τῶν

2368 1487 2530 1541 αύτῶν
2577 1489 2739 1560 λόγων
2788 1484 3216 1561 ἑπιδεικνύμενοι,
3273 1492 3361 1540 καὶ
3408 1496 3508 1540 τῶν
3550 1490 3678 1541 ἴσων
3728 1487 3966 1563 ἀξιούμε-

2365 1596 2460 1629 νοι.
2496 1582 2630 1636 Φησὶ
2663 1573 2722 1630 δε
2751 1579 2776 1629 6
2807 1577 3336 1652 Χρυσόστόμος(70),
3371 1579 3450 1629 ὃτι
3483 1579 3506 1630 ό
3537 1577 3692 1640 αύτός
3713 1577 3851 1649 ἔστι,
3883 1584 3962 1631 καὶ

2367 1669 2510 1741 παρὰ
2552 1674 2623 1737 τῷ
2666 1668 2918 1738 Ματθαίῳ
2961 1671 3050 1718 καὶ
3097 1669 3240 1739 παρὰ
3277 1673 3347 1737 τῷ
3397 1672 3594 1737 Λουκᾴ.
3649 1671 3748 1720 Καὶ
3789 1670 3890 1744 γὰρ
3939 1669 3962 1720 6

2368 1758 2456 1827 μὶν
2527 1761 2753 1822 Λουκᾶς,
2828 1754 3094 1830 ἀκριϐείας
3153 1757 3332 1822 ἕνεκεν,
3407 1757 3576 1807 πάντα
3643 1754 3962 1832 λεπτομερῶς

601 1847 984 1922 praesentiam
1018 1865 1034 1902 :
1065 1847 1370 1903 Mattheus
1399 1861 1540 1902 vero
1579 1845 1883 1902 brevitatis
1925 1846 2137 1916 gratia,
2173 1862 2257 1902 se-

2373 1842 2670 1915 ἀπήγγειλε,
2716 1843 2848 1903 πλὴν
2897 1853 2990 1906 τῆς
3045 1852 3137 1896 τοῦ
3186 1844 3572 1919 ἑκατοντάρχου
3631 1851 3956 1918 παρουσίας·

601 1938 843 1994 niorum
888 1940 1066 2008 atque
1116 1936 1448 1990 amicorum
1494 1933 1814 1991 missiones
1862 1935 2257 2007 praetermisit,

605 2025 785 2098 quasi
819 2039 943 2081 non
983 2023 1390 2090 necessarias;
1431 2023 1618 2080 solam
1658 2028 1858 2080 autem
1900 2024 2260 2080 centurionis

604 2115 810 2180 ﬁdem,
859 2119 915 2169 et
951 2112 1196 2169 laudem
1235 2128 1420 2180 quam
1458 2116 1702 2185 propter
1743 2128 1876 2170 eam
1909 2113 2256 2185 promeruit,

605 2207 661 2260 et
690 2201 1046 2259 miraculum
1085 2201 1145 2256 in
1188 2201 1516 2274 paralytico
1556 2203 1774 2258 factum
1815 2207 2016 2275 aperte
2046 2202 2260 2258 descri-

650 2291 742 2348 sit.

603 2309 919 2448 pmotportet
945 2378 1148 2431 tamen
1175 2390 1277 2432 eas
1299 2389 1434 2447 qum
1471 2374 1768 2445 videntur,
1799 2378 1863 2432 ut
1891 2375 2119 2432 dictum
2152 2379 2259 2441 est,

588 2465 836 2521 ‘solvere
866 2464 1260 2522 diversitates.
1291 2464 1416 2525 παῖς
1445 2465 1575 2537 (pro
1605 2480 1728 2538 quo
1753 2465 1849 2521 hic
1873 2480 2130 2538 puerum
2158 2465 2262 2521 ha-

603 2554 836 2626 bemus)
901 2554 1114 2609 dicitur
1175 2569 1298 2610 non
1357 2554 1552 2610 solum
1617 2555 1796 2620 ﬁlius,
1865 2554 1970 2610 sed
2031 2559 2088 2610 et
2147 2570 2264 2610 ser-

597 2637 740 2699 'vus.
814 2642 1080 2698 Habebat
1137 2642 1316 2708 enim,
1374 2643 1587 2715 inquit,
1662 2639 1861 2705 παῖδας
1924 2647 2011 2695 καὶ
2077 2641 2261 2696 παιδί-

610 2751 763 2799 σκας,
795 2732 911 2788 hoc
942 2736 1050 2796 est,
1096 2746 1292 2788 servos
1341 2735 1401 2791 et
1448 2733 1700 2789 ancillas
1730 2733 1798 2786 δ’.
1847 2733 2016 2798 Quod
2061 2737 2260 2790 autem

605 2820 914 2878 Matthseus
965 2819 1108 2876 dixit
1155 2822 1476 2877 accessisse
1526 2823 1930 2877 centurionem
1981 2822 2060 2878 ad
2105 2823 2263 2879 Chri-

610 2915 795 2978 stum,
840 2910 1025 2966 Lucas
1068 2926 1210 2966 vero
1258 2911 1493 2966 misisse
1537 2910 1614 2966 ad
1658 2911 1854 2982 ipsum
1897 2911 2160 2968 seniores
2206 2918 2263 2970 et

605 2999 992 3072 postmodum
1048 3000 1298 3070 amicos,
1352 3003 1587 3072 oportet
1641 2999 1963 3071 intelligere
2015 3007 2070 3058 et
2123 3002 2258 3070 hoc,

609 3092 666 3144 et
711 3087 852 3144 illud
915 3088 1138 3145 factum
1204 3089 1407 3145 fuisse.
1480 3089 1741 3144 Primum
1806 3090 2050 3162 quidem
2104 3091 2262 3147 misit

2370 1934 2395 1984 6
2427 1929 2486 1986 δὲ
2530 1935 2817 2004 Ματθαίος,
2872 1939 3144 2006 συντομίας
3196 1934 3378 2006 χάριν,
3409 1935 3502 1995 τὰς
3547 1935 3636 2004 μὶν
3677 1934 3789 2006 (Ἠ)
3841 1932 3955 1986 ἀπο·

2373 2021 2559 2082 στολάς
2610 2030 2708 2074 τῶν
2764 2021 3120 2096 πρεσϐυτέρων
3177 2027 3267 2074 καὶ
3321 2030 3420 2074 τῶν
3474 2021 3629 2094 φίλων
3668 2023 3956 2098 παρελιπεν,

2370 2114 2434 2172 ὡς
2478 2111 2570 2164 ούκ
2619 2109 2923 2183 ἀναγκαίας,
2971 2115 3129 2183 μόνην
3171 2107 3230 2164 δὶ
3268 2115 3362 2170 τὴν
3408 2116 3586 2164 πίστιν
3627 2119 3718 2164 τοῦ
3761 2111 3958 2165 ἑκατον-

2369 2203 2598 2272 τάρχου,
2639 2203 2843 2253 καὶτὸν
2897 2197 2987 2253 διὰ
3018 2203 3210 2259 ταύτην
3257 2202 3480 2269 ἔπαινον,
3535 2206 3623 2254 καὶ
3661 2205 3718 2254 τό
3763 2201 3844 2255 ἑπὶ
3887 2207 3956 2254 τῶ

2370 2289 2705 2363 παραλυτικῷ
2738 2292 2912 2362 θαῦμα
2952 2299 3129 2363 σαφῶς
3165 2288 3441 2362 ἀνέγραψε.

2441 2384 2554 2452 Χρὴ
2616 2375 2674 2433 δε
2723 2375 2974 2432 διαλύσαι
3030 2383 3243 2440 καὶτὰς
3287 2376 3568 2446 δοκούσας,
3622 2381 3689 2441 ὡς
3734 2384 3951 2452 εἴρηται,

2373 2465 2647 2544 διαφοράς.
2701 2466 2878 2522 Παίδα
2923 2468 3153 2541 λέγομεν,
3205 2468 3263 2521 ού
3307 2473 3461 2541 μόνον
3514 2473 3596 2520 τόν
3647 2471 3775 2539 υἱόν,
3830 2465 3956 2519 ἀλλά

2370 2562 2574 2611 καὶτὸν
2606 2554 2810 2611 δοῦλον.
2864 2555 2992 2630 Εἶχε
3028 2561 3153 2632 γὰρ,
3200 2562 3347 2630 φησι,
3391 2554 3590 2620 Παῖδας
3636 2561 3727 2610 καὶ
3772 2549 3956 2610 παιδί-

2373 2667 2522 2713 σκας,
2580 2647 2712 2718 ἀντὶ,
2765 2646 2986 2709 Δούλους
3028 2652 3117 2699 καὶ
3168 2643 3376 2707 δούλας.
3411 2646 3552 2700 Ἐπεὶ
3597 2643 3655 2700 δί
3699 2647 3961 2706 Ματθαΐος

2369 2740 2458 2809 μὲν
2507 2736 2664 2808 λέγει,
2709 2737 3092 2811 παραγενέσθαι
3137 2739 3224 2789 τόν
3279 2737 3660 2810 ἑκατόνταρχον
3705 2739 3830 2811 πρὸς
3874 2738 3960 2787 τὸν

2373 2830 2631 2900 Χριστόν·
2684 2825 2888 2896 πέμψαι
2946 2822 3004 2879 δε
3050 2829 3176 2897 πρὸς
3215 2825 3368 2878 ἀύτόν
3413 2827 3438 2877 6
3478 2830 3683 2885 Λουκᾶς
3741 2821 3955 2899 πρεσϐυ·

2368 2919 2563 2986 τέρους,
2611 2910 2720 2966 εἶτα
2763 2914 2937 2987 φᾶους
2970 2931 2981 2944 ·
3015 2920 3124 2987 χρὴ
3201 2921 3349 2979 νοεῖν,
3407 2915 3487 2966 ὅτι
3529 2919 3619 2966 καὶ
3674 2921 3824 2966 τοῦτο
3869 2909 3958 2964 κᾶ-

2369 2999 2503 3054 κεῖνο
2567 3007 2764 3074 γέγονε.
2841 3010 3050 3078 Πρῶτον
3101 3006 3192 3076 μὶν
3260 3006 3360 3077 γὰρ
3425 3002 3620 3076 ἔπεμψε
3670 3005 3790 3064 τοὺς
3842 3019 3955 3074 πρε-

2373 3089 2668 3165 σϐυτέρους⁹
2717 3091 3027 3164 παρακαλῶν
3075 3091 3229 3144 αὐτὸν
3273 3091 3430 3144 ἑλθεῖν
3463 3108 3475 3120 ⁸
3507 3089 3618 3144 εἶτα
3645 3093 3844 3162 μαθὼν,
3880 3091 3956 3141 ὅτι

610 3179 875 3234 seniores
925 3178 1316 3251 deprecantes
1367 3178 1568 3249 ipsum
1617 3183 1680 3233 ut
1731 3182 1972 3236 veniret.
2040 3180 2260 3236 Deinde

2373 3180 2605 3252 ἔρχεται,
2663 3185 2752 3232 καὶ
2804 3179 2982 3233 ἑαυτὸν
3052 3186 3231 3254 κρίνας
3286 3178 3490 3244 ἀνάξιον
3546 3187 3640 3242 τῆς
3690 3175 3957 3252 ὑποδοχῆς

609 3268 798 3324 sciens
829 3284 966 3324 eum
995 3269 1216 3333 venire,
1248 3272 1305 3324 et
1330 3282 1458 3322 sese
1487 3266 1799 3337 indignum
1825 3269 2103 3341 judicans
2133 3271 2262 3341 ejus

608 3357 1006 3432 susceptione,
1051 3373 1292 3414 rursum
1339 3356 1568 3413 amicos
1609 3359 1788 3425 misit,
1823 3359 2152 3432 prohibens
2188 3374 2264 3415 ne

607 3447 848 3513 veniret,
869 3463 938 3503 ac
959 3446 1306 3518 signiﬁcans
1325 3461 1462 3518 quae
1488 3446 1632 3503 dixit
1652 3451 1858 3507 Lucas.
1877 3448 2264 3505 Postmodum

597 3552 746 3592 cum
774 3536 1138 3609 paralyticus
1162 3535 1574 3592 vehementius
1601 3537 2022 3594 dissolveretur
2048 3538 2133 3609 (ii)
2161 3537 2263 3593 do-

608 3625 835 3682 loribus
875 3625 1114 3697 (etenim
1153 3624 1302 3681 sicut
1344 3625 1526 3682 Lucas
1569 3627 1739 3691 dixit,
1787 3631 1912 3682 erat
1943 3626 2069 3696 jam
2111 3625 2266 3696 jam-

610 3730 728 3787 que
774 3715 1137 3780 moriturus),
1181 3729 1303 3770 non
1343 3714 1538 3772 ferens
1577 3714 1864 3779 centurio,
1907 3715 2165 3771 cucurrit
2213 3718 2270 3771 et

611 3803 739 3876 ipse
763 3808 898 3876 post
924 3804 1168 3870 amicos,
1201 3819 1450 3876 sperans
1481 3820 1588 3877 per
1613 3805 1870 3875 seipsum
1900 3802 2178 3859 obnixius
2207 3818 2268 3859 se

611 3893 1092 3965 deprecaturum.
1136 3895 1456 3966 Postquam
1494 3897 1696 3949 autem
1737 3891 1915 3948 amici
1955 3891 2270 3948 nuntiave-

611 3985 750 4038 rant
787 3997 923 4053 quas
964 3982 1048 4036 eis
1083 3986 1467 4054 praeceperat,
1504 3981 1651 4036 dum
1689 3979 2076 4051 responderet
2111 3980 2271 4036 Chri-

615 4074 744 4125 stus
775 4085 911 4142 quas
943 4070 1177 4143 scripsit
1210 4072 1419 4138 Lucas,
1471 4068 1667 4124 statim
1699 4068 2040 4140 supervenit
2067 4074 2267 4126 centu-

612 4159 724 4225 rio,
758 4163 811 4214 et
836 4157 1192 4231 priusquam
1219 4158 1428 4216 amicis
1469 4157 1838 4221 occurrisset,
1867 4157 1995 4212 viso
2021 4156 2268 4224 Christo,

614 4247 842 4304 fervore
881 4263 1167 4304 accensus
1206 4252 1312 4311 est,
1361 4250 1416 4302 et
1455 4260 1660 4300 rursus
1702 4244 1876 4317 quasi
1915 4245 1992 4302 ab
2027 4247 2272 4304 exordio

615 4336 973 4393 obsecrabat
1011 4353 1167 4403 eum,
1211 4336 1414 4391 dicens
1459 4349 1471 4388 :
1514 4334 1779 4401 Domine,
1812 4350 1964 4404 puer
1990 4351 2150 4392 meus
2174 4339 2270 4407 ja-

617 4433 703 4485 cet
757 4425 821 4483 in
879 4427 1048 4484 domo
1102 4424 1503 4497 paralyticus,
1563 4427 1672 4480 etc.
1735 4425 1959 4482 Deinde
2012 4425 2275 4482 Christus

614 4517 822 4573 volens
869 4517 1129 4590 amplius
1179 4512 1547 4570 manifestari
1591 4514 1770 4571 ﬁdem
1821 4515 1971 4587 ejus,
2024 4531 2271 4588 respon-
2306 4543 2350 4599 θ

617 4606 704 4662 dit
737 4628 750 4663 :
789 4607 916 4678 Ego
956 4605 1182 4665 veniam
1224 4610 1276 4661 et
1312 4603 1533 4660 curabo
1577 4619 1727 4661 eum.
1771 4607 2026 4660 Rursum
2072 4604 2274 4660 subin-

616 4696 749 4753 tulit
792 4697 1056 4753 centurio
1091 4711 1102 4748 :
1149 4693 1415 4764 Domine,
1458 4709 1578 4749 non
1617 4709 1744 4750 sum
1785 4693 2022 4764 dignus,
2066 4699 2128 4749 ut
2167 4694 2274 4750 sub

618 4792 835 4842 tectum
864 4801 1053 4841 meum
1084 4782 1290 4848 intres,
1324 4786 1379 4838 et
1408 4781 1525 4838 alia
1550 4798 1684 4855 quae
1713 4786 2062 4854 sequuntur,
2097 4782 2274 4840 veluti

615 4875 918 4932 Matthaaus
948 4871 1318 4944 conscripsit.
1367 4871 1743 4929 Manifestum
1787 4875 1875 4926 est
1913 4886 2076 4943 ergo,
2109 4872 2273 4946 quod

689 5052 736 5086 δ’
768 5050 909 5104 Gen.
941 5065 1082 5115 xxx,
1113 5048 1202 5102 43.

2372 3268 2554 3334 αύτοῦ,
2627 3267 2957 3322 ἑπαπέστειλε
3042 3269 3160 3332 τούς
3245 3269 3442 3342 φίλους,
3515 3268 3722 3321 κωλύων
3807 3268 3959 3320 αὐτόν

2371 3363 2460 3410 καὶ
2497 3361 2724 3431 μηνύων,
2758 3360 2860 3411 ὅσα
2900 3364 3053 3431 φησὶν
3085 3361 3110 3411 6
3141 3364 3348 3421 Λουκᾶς
3372 3375 3386 3388 ·
3444 3360 3618 3410 ἔπειτα
3671 3365 3761 3410 τοῦ
3803 3376 3962 3432 παρα-

2371 3445 2583 3500 λυτικού
2623 3443 2968 3523 σφοδρότερον
3011 3450 3383 3509 καταταθέντος
3424 3455 3540 3507 ταῖς
3585 3443 3828 3508 ὀδύναιςο
3880 3449 3963 3497 καὶ

2373 3539 2494 3609 γὰρ,
2547 3539 2614 3599 ὡς
2663 3538 2688 3588 6
2739 3543 2944 3599 Λουκᾶς
2998 3537 3110 3610 (⁸72)
3162 3533 3314 3607 εἶπεν,
3366 3535 3534 3609 ἔμελλε
3585 3535 3857 3606 τελευτᾷν·
3901 3537 3964 3607 μὴ

2377 3630 2536 3697 φέρων
2580 3627 2605 3678 6
2651 3625 3052 3699 ἑκατόνταρχος,
3099 3622 3292 3699 ἔδραμε
3332 3628 3423 3676 καὶ
3464 3624 3617 3686 αὐτὸς
3666 3624 3833 3677 ὀπίσω
3876 3631 3967 3678 τῶν

2377 3714 2551 3785 φίλων,
2612 3713 2830 3776 ἑλπίςων
2887 3711 2960 3768 δι’
3015 3715 3198 3768 ἑαυτοῦ
3261 3713 3452 3787 μᾶλλον
3515 3716 3809 3766 ἱκετεῦσαι·
3868 3712 3970 3766 ἐπεὶ

2379 3800 2437 3856 δε
2487 3805 2536 3856 οἶ
2590 3823 2643 3856 τι
2705 3803 2841 3877 φίλοι
2890 3802 3229 3877 ἀπήγγειλαν,
3287 3806 3388 3856 ὅσα
3443 3801 3970 3876 παρηγγελθησαν,ὃ

2376 3912 2428 3946 τε
2470 3895 2696 3969 Χριστός
2750 3890 2904 3962 εἶπεν,
2958 3894 3058 3945 ὅσα
3104 3893 3130 3944 6
3170 3898 3378 3956 Λουκᾶς
3436 3891 3693 3967 ἴγραψεν·
3746 3889 3975 3943 ἑπικατέ-

2377 3981 2526 4036 λαϐεν
2579 3982 2722 4044 εύθύς
2770 3983 2794 4034 6
2853 3981 3252 4056 ἑκατόνταρχος,
3307 3986 3396 4036 καὶ
3443 3984 3542 4055 πρὸ
3595 3987 3684 4032 τοῦ
3744 3978 3972 4051 ἐντυχεῖν

2379 4079 2482 4132 τοίς
2545 4071 2726 4143 φίλοις,
2776 4069 2899 4124 ἰδὼν
2974 4073 3060 4123 τὸν
3121 4073 3352 4144 Χριστὸν
3409 4075 3499 4122 καὶ
3564 4065 3969 4144 διαθερμωθεὶς,

2383 4162 2636 4213 ἱκέτευσεν
2698 4159 2851 4212 αὐτόν
2918 4157 2970 4222 ἑξ
3047 4158 3242 4234 ἀρχῆς,
3306 4159 3478 4225 εἰπὼν,
3539 4160 3715 4233 Κύριε,
3775 4159 3800 4209 ὀ
3857 4163 3971 4215 παῖς

2381 4269 2479 4322 μου
2544 4246 2793 4322 βέϐληται
2856 4246 2905 4300 ἐν
2972 4254 3032 4321 τῇ
3109 4247 3247 4320 οἰκίᾳ
3314 4245 3677 4322 παραλυτικὸς,
3753 4249 3842 4298 καὶ
3912 4245 3972 4296 τὰ.

2383 4338 2497 4401 ἑξῆς
2530 4355 2542 4368 °
2596 4335 2708 4390 εἶτα
2765 4338 2788 4388 ό
2846 4340 3094 4412 Χριστός,
3156 4336 3307 4389 θέλων
3361 4334 3618 4388 ἑπιπλιίον
3685 4342 3977 4408 φανερῶσαι

2381 4432 2474 4486 τὴν
2531 4431 2710 4479 πίστιν
2768 4425 2946 4479 αὐτοῦ.
3017 4423 3364 4500 ἀπεκρίνατο’
3413 4425 3541 4496 Ἐγὼ
3593 4422 3745 4477 ἐλθὼν
3819 4425 3974 4496 θερα-

2383 4519 2558 4569 πεύσω
2603 4516 2756 4568 αύτόν
2785 4535 2796 4546 ·
2841 4518 3016 4566 ἔπειτα
3057 4513 3209 4565 πάλιν
3254 4515 3280 4566 6
3322 4513 3744 4587 ἑκατόνταρχος’
3799 4515 3979 4588 Κύριε,

2383 4605 2476 4657 οὐκ
2541 4603 2646 4676 εἰμὶ
2705 4606 2893 4668 ἱκανός,
2951 4605 3033 4655 ἶνα
3083 4622 3182 4674 μου
3233 4603 3332 4654 ὑπὸ
3392 4605 3484 4659 τὴν
3558 4605 3745 4672 στέγην
3823 4599 3980 4654 εἰσέλ-

2385 4697 2500 4767 θῃς,
2545 4699 2633 4746 καὶ
2677 4696 2741 4745 τὰ
2787 4692 2960 4756 λοιπὰ,
3007 4693 3176 4754 καθὼς
3217 4692 3243 4742 6
3287 4692 3548 4751 MarOozio;
3592 4688 3978 4762 συνεγράψατο.

2385 4783 2542 4842 Δῆλον
2592 4779 2698 4836 οὖν.
2749 4781 2828 4834 ὅτι
2881 4785 2944 4833 τὰ
2994 4784 3084 4853 μὲν
3134 4782 3269 4854 ἄχρι
3325 4787 3414 4832 τοῦ
3462 4777 3620 4831 ἑλθεῖν
3659 4781 3745 4830 τὸν
3802 4777 3980 4831 ἑκατόν

2385 4892 2606 4947 ταρχον,
2648 4869 2780 4925 εἶπεν
2820 4873 2845 4922 6
2897 4875 3103 4932 Λουκᾶς
3131 4887 3143 4899 °
3192 4870 3258 4921 τὰ
3301 4864 3360 4922 δε
3404 4867 3624 4921 ἐντεῦθεν
3672 4862 3914 4932 ἐδίδαξεν
3957 4869 3982 4919 6

1602 5145 1817 5214 Variae
1855 5147 2182 5214 lectiones
2225 5155 2292 5214 et
2329 5155 2530 5215 notae.

689 5341 802 5414 (70)
832 5339 998 5396 Tom.
1035 5341 1143 5406 VII,
1177 5355 1236 5413 p.
1268 5342 1390 5396 315.
1421 5341 1564 5397 Vide
1594 5343 1874 5400 eumdem
1909 5348 1947 5400 t.
1983 5345 2095 5410 VII,
2127 5361 2269 5418 pag.

620 5416 806 5557 20:5“)
837 5486 935 5540 τήτ
964 5487 1058 5555 μέν
1087 5482 1378 5542 ἀποστολήν
1406 5485 1466 5540 Β.

2451 5344 2566 5416 (72)
2614 5350 2822 5406 Λουκᾶς
2879 5339 2956 5416 δέ,
3017 5340 3223 5410 addit;
3275 5356 3416 5400 mox
3471 5336 3532 5394 δέ
3585 5344 3642 5397 et
3689 5341 3715 5393 6
3774 5344 3980 5401 Λουκᾶς

2375 5416 2595 5474 omittit
2619 5417 2684 5472 A.

691 5635 779 5708 (ii)
805 5633 1254 5716 pissolveijetar.
1286 5637 1675 5694 Cruciaretur.
1712 5637 2033 5714 Aliquoties
2061 5641 2121 5698 in
2151 5639 2268 5700 hoc
2305 5638 2602 5700 vocabulo
2640 5636 2890 5696 offendit
2917 5636 3225 5710 interpres.
3262 5633 3365 5692 Vix
3394 5648 3538 5707 ergo
3568 5636 3773 5707 putem
3803 5631 3978 5691 illum

619 5707 1142 5781 ἱῐινθῠὶεεθῄκαταλυ
1150 5711 1290 5763 θέντο
1299 5727 1340 5772 ς.
