  <div class='ocr_page' id='page_1' title='image "/cluster/home/n/w/nwhite01/storage/ocr_20150623/129/hvd.32044019208511/160.png"; bbox 0 0 4170 6450; ppageno 0'>
   <div class='ocr_carea' id='block_1_1' title="bbox 207 413 327 471">
    <p class='ocr_par' dir='ltr' id='par_1_1' title="bbox 207 413 327 471">
     <span class='ocr_line' id='line_1_1' title="bbox 207 413 327 471; baseline 0 0"><span class='ocrx_word' id='word_1_1' title='bbox 207 413 327 471; x_wconf 83' lang='grc'><strong>289</strong></span> 
     </span>
    </p>
   </div>
   <div class='ocr_carea' id='block_1_2' title="bbox 1210 409 2634 470">
    <p class='ocr_par' dir='ltr' id='par_1_2' title="bbox 1210 409 2634 470">
     <span class='ocr_line' id='line_1_2' title="bbox 1210 409 2634 470; baseline -0.003 -1"><span class='ocrx_word' id='word_1_2' title='bbox 1210 410 1567 470; x_wconf 74' lang='lat' dir='ltr'><strong>COMMENT.</strong></span> <span class='ocrx_word' id='word_1_3' title='bbox 1609 411 1677 468; x_wconf 86' lang='lat' dir='ltr'><strong>IN</strong></span> <span class='ocrx_word' id='word_1_4' title='bbox 1718 409 2156 468; x_wconf 69' lang='lat' dir='ltr'><strong>MATTHEUM.</strong></span> <span class='ocrx_word' id='word_1_5' title='bbox 2196 439 2265 450; x_wconf 90' lang='lat'><strong><em>—</em></strong></span> <span class='ocrx_word' id='word_1_6' title='bbox 2296 409 2452 466; x_wconf 81' lang='lat' dir='ltr'><strong>CAP.</strong></span> <span class='ocrx_word' id='word_1_7' title='bbox 2487 409 2634 465; x_wconf 86' lang='lat' dir='ltr'><strong>VIII.</strong></span> 
     </span>
    </p>
   </div>
   <div class='ocr_carea' id='block_1_3' title="bbox 3495 415 3600 471">
    <p class='ocr_par' dir='ltr' id='par_1_3' title="bbox 3495 415 3600 471">
     <span class='ocr_line' id='line_1_3' title="bbox 3495 415 3600 471; baseline 0.019 -2"><span class='ocrx_word' id='word_1_8' title='bbox 3495 415 3600 471; x_wconf 82' lang='lat'><strong>290</strong></span> 
     </span>
    </p>
   </div>
   <div class='ocr_carea' id='block_1_4' title="bbox 214 532 1841 612">
    <p class='ocr_par' dir='ltr' id='par_1_4' title="bbox 214 536 1838 612">
     <span class='ocr_line' id='line_1_4' title="bbox 214 536 1838 612; baseline -0.005 -16"><span class='ocrx_word' id='word_1_9' title='bbox 214 542 522 606; x_wconf 73' lang='grc' dir='ltr'>Ματθαῖος,</span> <span class='ocrx_word' id='word_1_10' title='bbox 580 543 670 591; x_wconf 84' lang='grc' dir='ltr'>καὶ</span> <span class='ocrx_word' id='word_1_11' title='bbox 719 538 770 592; x_wconf 73' lang='grc' dir='ltr'>ἐν</span> <span class='ocrx_word' id='word_1_12' title='bbox 818 537 1027 599; x_wconf 73' lang='grc' dir='ltr'>ἐκείνοις</span> <span class='ocrx_word' id='word_1_13' title='bbox 1074 538 1198 612; x_wconf 76' lang='grc' dir='ltr'>γὰρ,</span> <span class='ocrx_word' id='word_1_14' title='bbox 1268 544 1357 590; x_wconf 82' lang='grc' dir='ltr'>καὶ</span> <span class='ocrx_word' id='word_1_15' title='bbox 1387 536 1436 590; x_wconf 72' lang='grc' dir='ltr'>ἓν</span> <span class='ocrx_word' id='word_1_16' title='bbox 1470 538 1672 599; x_wconf 82' lang='grc' dir='ltr'><strong>τούτοις</strong></span> <span class='ocrx_word' id='word_1_17' title='bbox 1722 538 1755 596; x_wconf 68' lang='grc' dir='ltr'>ἦ</span> <span class='ocrx_word' id='word_1_18' title='bbox 1785 554 1838 588; x_wconf 89' lang='grc' dir='ltr'><strong>τε</strong></span> 
     </span>
    </p>
   </div>
   <div class='ocr_carea' id='block_1_5' title="bbox 1956 532 3600 612">
    <p class='ocr_par' dir='ltr' id='par_1_5' title="bbox 1956 532 3600 607">
     <span class='ocr_line' id='line_1_5' title="bbox 1956 532 3600 607; baseline 0.004 -17"><span class='ocrx_word' id='word_1_19' title='bbox 1956 549 2019 590; x_wconf 77' lang='lat' dir='ltr'><strong>ea</strong></span> <span class='ocrx_word' id='word_1_20' title='bbox 2045 549 2183 607; x_wconf 74' lang='lat' dir='ltr'><strong>qum</strong></span> <span class='ocrx_word' id='word_1_21' title='bbox 2233 532 2610 604; x_wconf 86' lang='lat' dir='ltr'><strong>contigerunt</strong></span> <span class='ocrx_word' id='word_1_22' title='bbox 2639 533 2991 606; x_wconf 76' lang='lat' dir='ltr'><strong>priusquam</strong></span> <span class='ocrx_word' id='word_1_23' title='bbox 3035 535 3262 593; x_wconf 80' lang='lat' dir='ltr'><strong>veniret</strong></span> <span class='ocrx_word' id='word_1_24' title='bbox 3307 539 3600 605; x_wconf 90' lang='lat' dir='ltr'><strong>centurio,</strong></span> 
     </span>
    </p>
   </div>
   <div class='ocr_carea' id='block_1_6' title="bbox 229 624 1836 703">
    <p class='ocr_par' dir='ltr' id='par_1_6' title="bbox 229 624 1836 703">
     <span class='ocr_line' id='line_1_6' title="bbox 229 624 1836 703; baseline -0.002 -21"><span class='ocrx_word' id='word_1_25' title='bbox 229 636 412 690; x_wconf 81' lang='grc' dir='ltr'>πίστις</span> <span class='ocrx_word' id='word_1_26' title='bbox 475 635 572 680; x_wconf 88' lang='grc' dir='ltr'><strong>τοῦ</strong></span> <span class='ocrx_word' id='word_1_27' title='bbox 613 627 1003 703; x_wconf 75' lang='grc' dir='ltr'><strong>ἑκατοντάρχου</strong></span> <span class='ocrx_word' id='word_1_28' title='bbox 1055 624 1340 693; x_wconf 73' lang='grc' dir='ltr'><strong>δείκνυται,</strong></span> <span class='ocrx_word' id='word_1_29' title='bbox 1394 631 1483 679; x_wconf 79' lang='grc' dir='ltr'><strong>καί</strong></span> <span class='ocrx_word' id='word_1_30' title='bbox 1531 629 1560 685; x_wconf 77' lang='grc' dir='ltr'><strong>ἠ</strong></span> <span class='ocrx_word' id='word_1_31' title='bbox 1597 629 1836 698; x_wconf 87' lang='grc' dir='ltr'>θαυματ-</span> 
     </span>
    </p>
   </div>
   <div class='ocr_carea' id='block_1_7' title="bbox 244 714 1836 792">
    <p class='ocr_par' dir='ltr' id='par_1_7' title="bbox 244 714 1836 792">
     <span class='ocr_line' id='line_1_7' title="bbox 244 714 1836 792; baseline -0.004 -20"><span class='ocrx_word' id='word_1_32' title='bbox 244 725 430 792; x_wconf 80' lang='grc' dir='ltr'>ουργία</span> <span class='ocrx_word' id='word_1_33' title='bbox 474 725 564 770; x_wconf 88' lang='grc' dir='ltr'><strong>τοῦ</strong></span> <span class='ocrx_word' id='word_1_34' title='bbox 618 717 813 777; x_wconf 82' lang='grc' dir='ltr'><strong>Ἰησοῦ.</strong></span> <span class='ocrx_word' id='word_1_35' title='bbox 863 718 999 770; x_wconf 81' lang='grc' dir='ltr'>Ἐπεὶ</span> <span class='ocrx_word' id='word_1_36' title='bbox 1059 714 1118 770; x_wconf 68' lang='grc' dir='ltr'><strong>δι</strong></span> <span class='ocrx_word' id='word_1_37' title='bbox 1153 719 1178 770; x_wconf 96' lang='lat'><strong>6</strong></span> <span class='ocrx_word' id='word_1_38' title='bbox 1228 723 1438 778; x_wconf 81' lang='grc' dir='ltr'>Λουκᾶς</span> <span class='ocrx_word' id='word_1_39' title='bbox 1491 719 1712 791; x_wconf 80' lang='grc' dir='ltr'>εἴρηκεν,</span> <span class='ocrx_word' id='word_1_40' title='bbox 1756 717 1836 766; x_wconf 84' lang='grc' dir='ltr'>ὅτι</span> 
     </span>
    </p>
   </div>
   <div class='ocr_carea' id='block_1_8' title="bbox 251 804 1836 882">
    <p class='ocr_par' dir='ltr' id='par_1_8' title="bbox 251 804 1836 882">
     <span class='ocr_line' id='line_1_8' title="bbox 251 804 1836 882; baseline -0.003 -22"><span class='ocrx_word' id='word_1_41' title='bbox 251 805 650 882; x_wconf 67' lang='grc' dir='ltr'><strong>ὑποστρέψαντες</strong></span> <span class='ocrx_word' id='word_1_42' title='bbox 719 809 769 860; x_wconf 82' lang='grc' dir='ltr'>οἱ</span> <span class='ocrx_word' id='word_1_43' title='bbox 818 809 1147 880; x_wconf 74' lang='grc' dir='ltr'>πεμφθέντες,</span> <span class='ocrx_word' id='word_1_44' title='bbox 1198 807 1343 881; x_wconf 81' lang='grc' dir='ltr'>εὖρον</span> <span class='ocrx_word' id='word_1_45' title='bbox 1394 809 1479 859; x_wconf 88' lang='grc' dir='ltr'>τὸν</span> <span class='ocrx_word' id='word_1_46' title='bbox 1523 804 1836 858; x_wconf 74' lang='grc' dir='ltr'><strong>ἀσθενοῦντα</strong></span> 
     </span>
    </p>
   </div>
   <div class='ocr_carea' id='block_1_9' title="bbox 252 894 1837 970">
    <p class='ocr_par' dir='ltr' id='par_1_9' title="bbox 252 894 1837 970">
     <span class='ocr_line' id='line_1_9' title="bbox 252 894 1837 970; baseline -0.003 -20"><span class='ocrx_word' id='word_1_47' title='bbox 252 895 424 950; x_wconf 82' lang='grc' dir='ltr'>δοῦλον</span> <span class='ocrx_word' id='word_1_48' title='bbox 472 899 793 968; x_wconf 71' lang='grc' dir='ltr'><strong>ὑγιαίνοντα·</strong></span> <span class='ocrx_word' id='word_1_49' title='bbox 849 901 957 970; x_wconf 73' lang='grc' dir='ltr'>χρὴ</span> <span class='ocrx_word' id='word_1_50' title='bbox 1007 895 1345 967; x_wconf 87' lang='grc' dir='ltr'>λογίσασθαι,</span> <span class='ocrx_word' id='word_1_51' title='bbox 1396 897 1476 946; x_wconf 87' lang='grc' dir='ltr'>ὅτι</span> <span class='ocrx_word' id='word_1_52' title='bbox 1523 897 1548 946; x_wconf 93' lang='lat'><strong>6</strong></span> <span class='ocrx_word' id='word_1_53' title='bbox 1596 897 1684 966; x_wconf 66' lang='grc' dir='ltr'>μὲν</span> <span class='ocrx_word' id='word_1_54' title='bbox 1723 894 1837 946; x_wconf 72' lang='grc' dir='ltr'>ἐκα-</span> 
     </span>
    </p>
   </div>
   <div class='ocr_carea' id='block_1_10' title="bbox 242 982 1833 1061">
    <p class='ocr_par' dir='ltr' id='par_1_10' title="bbox 242 982 1833 1061">
     <span class='ocr_line' id='line_1_10' title="bbox 242 982 1833 1061; baseline -0.001 -23"><span class='ocrx_word' id='word_1_55' title='bbox 242 993 527 1061; x_wconf 79' lang='grc' dir='ltr'>τάνταρχος</span> <span class='ocrx_word' id='word_1_56' title='bbox 576 982 684 1044; x_wconf 76' lang='grc' dir='ltr'>ἤδη</span> <span class='ocrx_word' id='word_1_57' title='bbox 746 984 1093 1060; x_wconf 73' lang='grc' dir='ltr'><strong>πληροφορίαν</strong></span> <span class='ocrx_word' id='word_1_58' title='bbox 1135 989 1254 1059; x_wconf 83' lang='grc' dir='ltr'>περὶ</span> <span class='ocrx_word' id='word_1_59' title='bbox 1303 994 1400 1045; x_wconf 80' lang='grc' dir='ltr'>τῆς</span> <span class='ocrx_word' id='word_1_60' title='bbox 1456 985 1628 1055; x_wconf 89' lang='grc' dir='ltr'>ὑγείας</span> <span class='ocrx_word' id='word_1_61' title='bbox 1675 983 1833 1036; x_wconf 87' lang='grc' dir='ltr'>αύτοῦ</span> 
     </span>
    </p>
   </div>
   <div class='ocr_carea' id='block_1_11' title="bbox 230 1069 1833 1146">
    <p class='ocr_par' dir='ltr' id='par_1_11' title="bbox 230 1069 1833 1146">
     <span class='ocr_line' id='line_1_11' title="bbox 230 1069 1833 1146; baseline -0.002 -19"><span class='ocrx_word' id='word_1_62' title='bbox 230 1075 414 1142; x_wconf 78' lang='grc' dir='ltr'>λαϐὼν,</span> <span class='ocrx_word' id='word_1_63' title='bbox 451 1075 825 1146; x_wconf 82' lang='grc' dir='ltr'>σχολαιότερον</span> <span class='ocrx_word' id='word_1_64' title='bbox 870 1071 1128 1135; x_wconf 74' lang='grc' dir='ltr'>ὶϐάδιζεν·</span> <span class='ocrx_word' id='word_1_65' title='bbox 1175 1076 1356 1128; x_wconf 73' lang='grc' dir='ltr'>ἃκεῖνοι</span> <span class='ocrx_word' id='word_1_66' title='bbox 1391 1070 1450 1126; x_wconf 67' lang='grc' dir='ltr'><strong>δι</strong></span> <span class='ocrx_word' id='word_1_67' title='bbox 1480 1069 1515 1125; x_wconf 89' lang='grc' dir='ltr'><strong>δ</strong></span> <span class='ocrx_word' id='word_1_68' title='bbox 1520 1079 1833 1125; x_wconf 87' lang='grc' dir='ltr'>υσπιστοῦν-</span> 
     </span>
    </p>
   </div>
   <div class='ocr_carea' id='block_1_12' title="bbox 221 1161 1580 1240">
    <p class='ocr_par' dir='ltr' id='par_1_12' title="bbox 221 1161 1580 1240">
     <span class='ocr_line' id='line_1_12' title="bbox 221 1161 1580 1240; baseline -0.003 -24"><span class='ocrx_word' id='word_1_69' title='bbox 221 1183 299 1226; x_wconf 79' lang='grc' dir='ltr'><strong>τες</strong></span> <span class='ocrx_word' id='word_1_70' title='bbox 328 1161 690 1240; x_wconf 75' lang='grc' dir='ltr'>προέδραμον,</span> <span class='ocrx_word' id='word_1_71' title='bbox 721 1164 1028 1236; x_wconf 85' lang='grc' dir='ltr'>γλιχόμενοι</span> <span class='ocrx_word' id='word_1_72' title='bbox 1062 1164 1260 1236; x_wconf 78' lang='grc' dir='ltr'>μαθεῖν,</span> <span class='ocrx_word' id='word_1_73' title='bbox 1305 1162 1350 1215; x_wconf 87' lang='grc' dir='ltr'><strong>εί</strong></span> <span class='ocrx_word' id='word_1_74' title='bbox 1384 1163 1580 1233; x_wconf 84' lang='grc' dir='ltr'>ὑγίανε.</span> 
     </span>
    </p>
   </div>
   <div class='ocr_carea' id='block_1_13' title="bbox 487 1415 1580 1488">
    <p class='ocr_par' dir='ltr' id='par_1_13' title="bbox 487 1415 1580 1488">
     <span class='ocr_line' id='line_1_13' title="bbox 487 1415 1580 1488; baseline -0.001 -20"><span class='ocrx_word' id='word_1_75' title='bbox 487 1420 635 1470; x_wconf 72' lang='grc' dir='ltr'>ΚΕΦ.</span> <span class='ocrx_word' id='word_1_76' title='bbox 667 1415 756 1471; x_wconf 79' lang='lat' dir='ltr'><strong>II’.</strong></span> <span class='ocrx_word' id='word_1_77' title='bbox 795 1417 920 1488; x_wconf 87' lang='grc' dir='ltr'>Περὶ</span> <span class='ocrx_word' id='word_1_78' title='bbox 950 1421 1044 1476; x_wconf 80' lang='grc' dir='ltr'>τῆς</span> <span class='ocrx_word' id='word_1_79' title='bbox 1080 1415 1326 1488; x_wconf 78' lang='grc' dir='ltr'><strong>πενθερᾶς</strong></span> <span class='ocrx_word' id='word_1_80' title='bbox 1365 1417 1580 1485; x_wconf 67' lang='grc' dir='ltr'>Πέτρου.</span> 
     </span>
    </p>
   </div>
   <div class='ocr_carea' id='block_1_14' title="bbox 295 1499 1833 1578">
    <p class='ocr_par' dir='ltr' id='par_1_14' title="bbox 295 1499 1833 1578">
     <span class='ocr_line' id='line_1_14' title="bbox 295 1499 1833 1578; baseline -0.001 -20"><span class='ocrx_word' id='word_1_81' title='bbox 295 1508 406 1558; x_wconf 74' lang='grc' dir='ltr'>Καὶ</span> <span class='ocrx_word' id='word_1_82' title='bbox 439 1503 598 1556; x_wconf 78' lang='grc' dir='ltr'>ἐλθὼν</span> <span class='ocrx_word' id='word_1_83' title='bbox 653 1534 723 1545; x_wconf 89' lang='grc'><strong><em>-</em></strong></span> <span class='ocrx_word' id='word_1_84' title='bbox 773 1503 931 1556; x_wconf 82' lang='grc' dir='ltr'>αὑτῶ.</span> <span class='ocrx_word' id='word_1_85' title='bbox 972 1501 1029 1556; x_wconf 75' lang='grc' dir='ltr'><strong>Ὀ</strong></span> <span class='ocrx_word' id='word_1_86' title='bbox 1083 1499 1142 1556; x_wconf 68' lang='grc' dir='ltr'><strong>δί</strong></span> <span class='ocrx_word' id='word_1_87' title='bbox 1194 1505 1405 1578; x_wconf 76' lang='grc' dir='ltr'>Μάρκος</span> <span class='ocrx_word' id='word_1_88' title='bbox 1451 1508 1541 1556; x_wconf 85' lang='grc' dir='ltr'>καὶ</span> <span class='ocrx_word' id='word_1_89' title='bbox 1570 1504 1595 1555; x_wconf 98' lang='lat'><strong>6</strong></span> <span class='ocrx_word' id='word_1_90' title='bbox 1625 1507 1833 1566; x_wconf 81' lang='grc' dir='ltr'>Λουκᾶς</span> 
     </span>
    </p>
   </div>
   <div class='ocr_carea' id='block_1_15' title="bbox 222 1591 1834 1664">
    <p class='ocr_par' dir='ltr' id='par_1_15' title="bbox 222 1591 1834 1664">
     <span class='ocr_line' id='line_1_15' title="bbox 222 1591 1834 1664; baseline -0.001 -17"><span class='ocrx_word' id='word_1_91' title='bbox 222 1591 390 1658; x_wconf 81' lang='grc' dir='ltr'>εἷπον,</span> <span class='ocrx_word' id='word_1_92' title='bbox 453 1597 548 1645; x_wconf 84' lang='grc' dir='ltr'>καὶ</span> <span class='ocrx_word' id='word_1_93' title='bbox 593 1594 746 1646; x_wconf 86' lang='grc' dir='ltr'>πόθεν</span> <span class='ocrx_word' id='word_1_94' title='bbox 799 1592 948 1651; x_wconf 79' lang='grc' dir='ltr'>ἦλθεν</span> <span class='ocrx_word' id='word_1_95' title='bbox 1003 1591 1126 1657; x_wconf 78' lang='grc' dir='ltr'>ίκεῖ,</span> <span class='ocrx_word' id='word_1_96' title='bbox 1181 1594 1260 1645; x_wconf 87' lang='grc' dir='ltr'>ὅτι</span> <span class='ocrx_word' id='word_1_97' title='bbox 1307 1591 1407 1645; x_wconf 82' lang='grc' dir='ltr'>ἀπὸ</span> <span class='ocrx_word' id='word_1_98' title='bbox 1456 1601 1550 1655; x_wconf 81' lang='grc' dir='ltr'>τῆς</span> <span class='ocrx_word' id='word_1_99' title='bbox 1604 1612 1834 1664; x_wconf 85' lang='grc' dir='ltr'>συναγω-</span> 
     </span>
    </p>
   </div>
   <div class='ocr_carea' id='block_1_16' title="bbox 219 1678 1824 1756">
    <p class='ocr_par' dir='ltr' id='par_1_16' title="bbox 219 1678 1824 1756">
     <span class='ocr_line' id='line_1_16' title="bbox 219 1678 1824 1756; baseline 0.001 -22"><span class='ocrx_word' id='word_1_100' title='bbox 219 1691 320 1756; x_wconf 74' lang='grc' dir='ltr'>γῆς</span> <span class='ocrx_word' id='word_1_101' title='bbox 348 1690 457 1734; x_wconf 84' lang='grc' dir='ltr'><strong>τῶν</strong></span> <span class='ocrx_word' id='word_1_102' title='bbox 500 1678 800 1748; x_wconf 78' lang='grc' dir='ltr'>Ἰουδαίων,</span> <span class='ocrx_word' id='word_1_103' title='bbox 832 1681 883 1734; x_wconf 76' lang='grc' dir='ltr'>εν</span> <span class='ocrx_word' id='word_1_104' title='bbox 945 1683 976 1740; x_wconf 80' lang='grc' dir='ltr'>ἧ</span> <span class='ocrx_word' id='word_1_105' title='bbox 1021 1678 1294 1748; x_wconf 74' lang='grc' dir='ltr'>ἐδίδασκε,</span> <span class='ocrx_word' id='word_1_106' title='bbox 1356 1680 1620 1735; x_wconf 77' lang='grc' dir='ltr'>Σαϐϐάτου</span> <span class='ocrx_word' id='word_1_107' title='bbox 1661 1686 1824 1743; x_wconf 86' lang='grc' dir='ltr'>ὄντος.</span> 
     </span>
    </p>
   </div>
   <div class='ocr_carea' id='block_1_17' title="bbox 220 1768 1836 1847">
    <p class='ocr_par' dir='ltr' id='par_1_17' title="bbox 220 1768 1836 1847">
     <span class='ocr_line' id='line_1_17' title="bbox 220 1768 1836 1847; baseline -0.001 -21"><span class='ocrx_word' id='word_1_108' title='bbox 220 1774 542 1847; x_wconf 81' lang='grc' dir='ltr'>Προσέθηκε</span> <span class='ocrx_word' id='word_1_109' title='bbox 600 1768 659 1824; x_wconf 76' lang='grc' dir='ltr'><strong>δε</strong></span> <span class='ocrx_word' id='word_1_110' title='bbox 719 1771 746 1824; x_wconf 90' lang='lat'><strong>6</strong></span> <span class='ocrx_word' id='word_1_111' title='bbox 812 1773 1042 1845; x_wconf 77' lang='grc' dir='ltr'>Μάρκος,</span> <span class='ocrx_word' id='word_1_112' title='bbox 1113 1773 1193 1823; x_wconf 86' lang='grc' dir='ltr'>ὅτι</span> <span class='ocrx_word' id='word_1_113' title='bbox 1257 1774 1387 1844; x_wconf 80' lang='grc' dir='ltr'>μετὰ</span> <span class='ocrx_word' id='word_1_114' title='bbox 1446 1770 1693 1825; x_wconf 77' lang='grc' dir='ltr'>Ἰακώϐου</span> <span class='ocrx_word' id='word_1_115' title='bbox 1746 1777 1836 1824; x_wconf 78' lang='grc' dir='ltr'>καὶ</span> 
     </span>
    </p>
   </div>
   <div class='ocr_carea' id='block_1_18' title="bbox 1947 623 3603 698">
    <p class='ocr_par' dir='ltr' id='par_1_18' title="bbox 1947 623 3603 698">
     <span class='ocr_line' id='line_1_18' title="bbox 1947 623 3603 698; baseline 0.004 -20"><span class='ocrx_word' id='word_1_116' title='bbox 1947 623 2247 695; x_wconf 81' lang='lat' dir='ltr'><strong>scripserit</strong></span> <span class='ocrx_word' id='word_1_117' title='bbox 2294 625 2499 687; x_wconf 87' lang='lat' dir='ltr'><strong>Lucas,</strong></span> <span class='ocrx_word' id='word_1_118' title='bbox 2552 627 2608 678; x_wconf 90' lang='lat' dir='ltr'><strong>et</strong></span> <span class='ocrx_word' id='word_1_119' title='bbox 2659 623 2798 679; x_wconf 92' lang='lat' dir='ltr'><strong>inde</strong></span> <span class='ocrx_word' id='word_1_120' title='bbox 2851 623 3178 692; x_wconf 75' lang='lat' dir='ltr'><strong>Matthaeus,</strong></span> <span class='ocrx_word' id='word_1_121' title='bbox 3239 641 3373 698; x_wconf 66' lang='lat' dir='ltr'><strong>quae</strong></span> <span class='ocrx_word' id='word_1_122' title='bbox 3401 633 3603 685; x_wconf 89' lang='lat' dir='ltr'><strong>secuta</strong></span> 
     </span>
    </p>
   </div>
   <div class='ocr_carea' id='block_1_19' title="bbox 1947 712 3603 777">
    <p class='ocr_par' dir='ltr' id='par_1_19' title="bbox 1947 712 3603 777">
     <span class='ocr_line' id='line_1_19' title="bbox 1947 712 3603 777; baseline 0.003 -9"><span class='ocrx_word' id='word_1_123' title='bbox 1947 719 2085 768; x_wconf 89' lang='lat' dir='ltr'><strong>sunt</strong></span> <span class='ocrx_word' id='word_1_124' title='bbox 2113 713 2397 768; x_wconf 76' lang='lat' dir='ltr'><strong>docuerit.</strong></span> <span class='ocrx_word' id='word_1_125' title='bbox 2429 713 2578 768; x_wconf 84' lang='lat' dir='ltr'><strong>Nam</strong></span> <span class='ocrx_word' id='word_1_126' title='bbox 2607 716 2664 768; x_wconf 89' lang='lat' dir='ltr'><strong>et</strong></span> <span class='ocrx_word' id='word_1_127' title='bbox 2692 712 2752 767; x_wconf 91' lang='lat' dir='ltr'><strong>in</strong></span> <span class='ocrx_word' id='word_1_128' title='bbox 2785 713 2897 777; x_wconf 90' lang='lat' dir='ltr'><strong>his,</strong></span> <span class='ocrx_word' id='word_1_129' title='bbox 2917 718 2973 768; x_wconf 92' lang='lat' dir='ltr'><strong>et</strong></span> <span class='ocrx_word' id='word_1_130' title='bbox 2997 713 3056 769; x_wconf 90' lang='lat' dir='ltr'><strong>in</strong></span> <span class='ocrx_word' id='word_1_131' title='bbox 3087 713 3199 769; x_wconf 89' lang='lat' dir='ltr'><strong>illis</strong></span> <span class='ocrx_word' id='word_1_132' title='bbox 3226 714 3373 771; x_wconf 83' lang='lat' dir='ltr'><strong>fides</strong></span> <span class='ocrx_word' id='word_1_133' title='bbox 3404 732 3603 772; x_wconf 90' lang='lat' dir='ltr'><strong>mons-</strong></span> 
     </span>
    </p>
   </div>
   <div class='ocr_carea' id='block_1_20' title="bbox 1947 801 3603 874">
    <p class='ocr_par' dir='ltr' id='par_1_20' title="bbox 1947 801 3603 874">
     <span class='ocr_line' id='line_1_20' title="bbox 1947 801 3603 874; baseline 0.002 -16"><span class='ocrx_word' id='word_1_134' title='bbox 1947 806 2135 858; x_wconf 89' lang='lat' dir='ltr'><strong>tratur</strong></span> <span class='ocrx_word' id='word_1_135' title='bbox 2187 801 2554 858; x_wconf 81' lang='lat' dir='ltr'><strong>centurionis</strong></span> <span class='ocrx_word' id='word_1_136' title='bbox 2608 817 2678 857; x_wconf 93' lang='lat' dir='ltr'><strong>ac</strong></span> <span class='ocrx_word' id='word_1_137' title='bbox 2739 801 3010 858; x_wconf 81' lang='lat' dir='ltr'><strong>miraculi</strong></span> <span class='ocrx_word' id='word_1_138' title='bbox 3059 805 3328 874; x_wconf 83' lang='lat' dir='ltr'><strong>operatio</strong></span> <span class='ocrx_word' id='word_1_139' title='bbox 3378 822 3414 861; x_wconf 89' lang='lat' dir='ltr'><strong>a</strong></span> <span class='ocrx_word' id='word_1_140' title='bbox 3463 807 3603 862; x_wconf 81' lang='lat' dir='ltr'><strong>Jesu</strong></span> 
     </span>
    </p>
   </div>
   <div class='ocr_carea' id='block_1_21' title="bbox 1946 890 3602 968">
    <p class='ocr_par' dir='ltr' id='par_1_21' title="bbox 1946 890 3602 968">
     <span class='ocr_line' id='line_1_21' title="bbox 1946 890 3602 968; baseline 0.002 -21"><span class='ocrx_word' id='word_1_141' title='bbox 1946 891 2125 948; x_wconf 87' lang='lat' dir='ltr'><strong>facta.</strong></span> <span class='ocrx_word' id='word_1_142' title='bbox 2174 891 2345 957; x_wconf 84' lang='lat' dir='ltr'><strong>Quod</strong></span> <span class='ocrx_word' id='word_1_143' title='bbox 2372 897 2576 946; x_wconf 92' lang='lat' dir='ltr'><strong>autem</strong></span> <span class='ocrx_word' id='word_1_144' title='bbox 2622 890 2812 946; x_wconf 86' lang='lat' dir='ltr'><strong>Lucas</strong></span> <span class='ocrx_word' id='word_1_145' title='bbox 2838 891 3005 954; x_wconf 80' lang='lat' dir='ltr'><strong>dixit,</strong></span> <span class='ocrx_word' id='word_1_146' title='bbox 3038 891 3204 962; x_wconf 91' lang='lat' dir='ltr'><strong>quod</strong></span> <span class='ocrx_word' id='word_1_147' title='bbox 3239 895 3458 950; x_wconf 86' lang='lat' dir='ltr'><strong>reversi</strong></span> <span class='ocrx_word' id='word_1_148' title='bbox 3499 895 3602 968; x_wconf 86' lang='lat' dir='ltr'><strong>qui</strong></span> 
     </span>
    </p>
   </div>
   <div class='ocr_carea' id='block_1_22' title="bbox 1944 978 3605 1050">
    <p class='ocr_par' dir='ltr' id='par_1_22' title="bbox 1944 978 3605 1050">
     <span class='ocr_line' id='line_1_22' title="bbox 1944 978 3605 1050; baseline 0.003 -15"><span class='ocrx_word' id='word_1_149' title='bbox 1944 980 2114 1035; x_wconf 84' lang='lat' dir='ltr'><strong>missi</strong></span> <span class='ocrx_word' id='word_1_150' title='bbox 2142 979 2394 1043; x_wconf 89' lang='lat' dir='ltr'><strong>fuerant,</strong></span> <span class='ocrx_word' id='word_1_151' title='bbox 2419 978 2773 1034; x_wconf 83' lang='lat' dir='ltr'><strong>invenerunt</strong></span> <span class='ocrx_word' id='word_1_152' title='bbox 2809 984 3198 1050; x_wconf 58' lang='lat' dir='ltr'><strong>aegrotantem</strong></span> <span class='ocrx_word' id='word_1_153' title='bbox 3230 997 3468 1038; x_wconf 90' lang='lat' dir='ltr'><strong>servum</strong></span> <span class='ocrx_word' id='word_1_154' title='bbox 3507 1001 3605 1041; x_wconf 91' lang='lat' dir='ltr'><strong>sa-</strong></span> 
     </span>
    </p>
   </div>
   <div class='ocr_carea' id='block_1_23' title="bbox 1944 1067 3607 1144">
    <p class='ocr_par' dir='ltr' id='par_1_23' title="bbox 1944 1067 3607 1144">
     <span class='ocr_line' id='line_1_23' title="bbox 1944 1067 3607 1144; baseline 0.003 -20"><span class='ocrx_word' id='word_1_155' title='bbox 1944 1067 2110 1125; x_wconf 89' lang='lat' dir='ltr'><strong>nitati</strong></span> <span class='ocrx_word' id='word_1_156' title='bbox 2154 1068 2513 1136; x_wconf 87' lang='lat' dir='ltr'><strong>restitutum,</strong></span> <span class='ocrx_word' id='word_1_157' title='bbox 2562 1067 2932 1138; x_wconf 86' lang='lat' dir='ltr'><strong>perpendere</strong></span> <span class='ocrx_word' id='word_1_158' title='bbox 2967 1074 3216 1141; x_wconf 84' lang='lat' dir='ltr'><strong>oportet,</strong></span> <span class='ocrx_word' id='word_1_159' title='bbox 3262 1072 3430 1144; x_wconf 88' lang='lat' dir='ltr'><strong>quod</strong></span> <span class='ocrx_word' id='word_1_160' title='bbox 3471 1089 3607 1129; x_wconf 86' lang='lat' dir='ltr'><strong>cen-</strong></span> 
     </span>
    </p>
   </div>
   <div class='ocr_carea' id='block_1_24' title="bbox 1944 1155 3606 1228">
    <p class='ocr_par' dir='ltr' id='par_1_24' title="bbox 1944 1155 3606 1228">
     <span class='ocr_line' id='line_1_24' title="bbox 1944 1155 3606 1228; baseline 0.002 -12"><span class='ocrx_word' id='word_1_161' title='bbox 1944 1158 2092 1216; x_wconf 89' lang='lat' dir='ltr'><strong>lurio</strong></span> <span class='ocrx_word' id='word_1_162' title='bbox 2108 1163 2303 1216; x_wconf 88' lang='lat' dir='ltr'><strong>certus</strong></span> <span class='ocrx_word' id='word_1_163' title='bbox 2313 1157 2441 1228; x_wconf 90' lang='lat' dir='ltr'><strong>jam</strong></span> <span class='ocrx_word' id='word_1_164' title='bbox 2469 1156 2544 1213; x_wconf 93' lang='lat' dir='ltr'><strong>de</strong></span> <span class='ocrx_word' id='word_1_165' title='bbox 2563 1155 2755 1213; x_wconf 87' lang='lat' dir='ltr'><strong>salute</strong></span> <span class='ocrx_word' id='word_1_166' title='bbox 2780 1157 2958 1226; x_wconf 91' lang='lat' dir='ltr'><strong>illius,</strong></span> <span class='ocrx_word' id='word_1_167' title='bbox 2986 1158 3211 1215; x_wconf 81' lang='lat' dir='ltr'><strong>tardior</strong></span> <span class='ocrx_word' id='word_1_168' title='bbox 3236 1175 3306 1216; x_wconf 92' lang='lat' dir='ltr'><strong>ac</strong></span> <span class='ocrx_word' id='word_1_169' title='bbox 3344 1163 3606 1220; x_wconf 88' lang='lat' dir='ltr'><strong>securior</strong></span> 
     </span>
    </p>
   </div>
   <div class='ocr_carea' id='block_1_25' title="bbox 1940 1246 3604 1326">
    <p class='ocr_par' dir='ltr' id='par_1_25' title="bbox 1940 1246 3604 1326">
     <span class='ocr_line' id='line_1_25' title="bbox 1940 1246 3604 1326; baseline 0.003 -22"><span class='ocrx_word' id='word_1_170' title='bbox 1940 1247 2380 1313; x_wconf 74' lang='lat' dir='ltr'><strong>revertebatur;</strong></span> <span class='ocrx_word' id='word_1_171' title='bbox 2415 1247 2494 1304; x_wconf 88' lang='lat' dir='ltr'><strong>illi</strong></span> <span class='ocrx_word' id='word_1_172' title='bbox 2523 1252 2712 1302; x_wconf 88' lang='lat' dir='ltr'><strong>autem</strong></span> <span class='ocrx_word' id='word_1_173' title='bbox 2744 1246 3062 1304; x_wconf 90' lang='lat' dir='ltr'><strong>difﬁculter</strong></span> <span class='ocrx_word' id='word_1_174' title='bbox 3102 1248 3428 1318; x_wconf 88' lang='lat' dir='ltr'><strong>credentes,</strong></span> <span class='ocrx_word' id='word_1_175' title='bbox 3458 1268 3604 1326; x_wconf 76' lang='lat' dir='ltr'><strong>prte-</strong></span> 
     </span>
    </p>
   </div>
   <div class='ocr_carea' id='block_1_26' title="bbox 1941 1335 3363 1408">
    <p class='ocr_par' dir='ltr' id='par_1_26' title="bbox 1941 1335 3363 1408">
     <span class='ocr_line' id='line_1_26' title="bbox 1941 1335 3363 1408; baseline 0.002 -16"><span class='ocrx_word' id='word_1_176' title='bbox 1941 1341 2332 1393; x_wconf 85' lang='lat' dir='ltr'><strong>cucurrerunt</strong></span> <span class='ocrx_word' id='word_1_177' title='bbox 2369 1336 2518 1391; x_wconf 87' lang='lat' dir='ltr'><strong>scire</strong></span> <span class='ocrx_word' id='word_1_178' title='bbox 2557 1335 2862 1408; x_wconf 90' lang='lat' dir='ltr'><strong>cupientes</strong></span> <span class='ocrx_word' id='word_1_179' title='bbox 2892 1351 2969 1392; x_wconf 89' lang='lat' dir='ltr'><strong>an</strong></span> <span class='ocrx_word' id='word_1_180' title='bbox 2987 1352 3170 1392; x_wconf 90' lang='lat' dir='ltr'><strong>sanus</strong></span> <span class='ocrx_word' id='word_1_181' title='bbox 3191 1346 3363 1396; x_wconf 82' lang='lat' dir='ltr'><strong>esset.</strong></span> 
     </span>
    </p>
   </div>
   <div class='ocr_carea' id='block_1_27' title="bbox 2328 1425 3170 1484">
    <p class='ocr_par' dir='ltr' id='par_1_27' title="bbox 2328 1425 3170 1484">
     <span class='ocr_line' id='line_1_27' title="bbox 2328 1425 3170 1484; baseline 0.005 -5"><span class='ocrx_word' id='word_1_182' title='bbox 2328 1425 2477 1480; x_wconf 85' lang='lat' dir='ltr'><strong>CAP.</strong></span> <span class='ocrx_word' id='word_1_183' title='bbox 2513 1425 2647 1480; x_wconf 90' lang='lat' dir='ltr'><strong>Vlll.</strong></span> <span class='ocrx_word' id='word_1_184' title='bbox 2671 1426 2758 1481; x_wconf 88' lang='lat' dir='ltr'><strong>De</strong></span> <span class='ocrx_word' id='word_1_185' title='bbox 2784 1440 2958 1481; x_wconf 82' lang='lat' dir='ltr'><strong>socru</strong></span> <span class='ocrx_word' id='word_1_186' title='bbox 2981 1427 3170 1484; x_wconf 75' lang='lat' dir='ltr'><strong>Petri.</strong></span> 
     </span>
    </p>
   </div>
   <div class='ocr_carea' id='block_1_28' title="bbox 2017 1513 3602 1586">
    <p class='ocr_par' dir='ltr' id='par_1_28' title="bbox 2017 1513 3602 1586">
     <span class='ocr_line' id='line_1_28' title="bbox 2017 1513 3602 1586; baseline 0.004 -18"><span class='ocrx_word' id='word_1_187' title='bbox 2017 1516 2180 1572; x_wconf 86' lang='lat' dir='ltr'><strong>Vers.</strong></span> <span class='ocrx_word' id='word_1_188' title='bbox 2220 1513 2309 1584; x_wconf 80' lang='grc' dir='ltr'>Η,</span> <span class='ocrx_word' id='word_1_189' title='bbox 2342 1513 2428 1569; x_wconf 78' lang='grc'><strong>15.</strong></span> <span class='ocrx_word' id='word_1_190' title='bbox 2481 1514 2737 1586; x_wconf 80' lang='lat' dir='ltr'><strong>Cumque</strong></span> <span class='ocrx_word' id='word_1_191' title='bbox 2781 1515 3029 1572; x_wconf 77' lang='lat' dir='ltr'><strong>venisset</strong></span> <span class='ocrx_word' id='word_1_192' title='bbox 3084 1547 3150 1556; x_wconf 91' lang='lat'><strong><em>—</em></strong></span> <span class='ocrx_word' id='word_1_193' title='bbox 3181 1519 3255 1574; x_wconf 77' lang='lat' dir='ltr'><strong>ei.</strong></span> <span class='ocrx_word' id='word_1_194' title='bbox 3302 1519 3529 1575; x_wconf 71' lang='lat' dir='ltr'><strong>Marcus</strong></span> <span class='ocrx_word' id='word_1_195' title='bbox 3556 1521 3602 1556; x_wconf 71' lang='grc'><strong>⁵³</strong></span> 
     </span>
    </p>
   </div>
   <div class='ocr_carea' id='block_1_29' title="bbox 1943 1602 3602 1666">
    <p class='ocr_par' dir='ltr' id='par_1_29' title="bbox 1943 1602 3602 1666">
     <span class='ocr_line' id='line_1_29' title="bbox 1943 1602 3602 1666; baseline 0.004 -6"><span class='ocrx_word' id='word_1_196' title='bbox 1943 1607 2146 1661; x_wconf 88' lang='lat' dir='ltr'><strong>autem</strong></span> <span class='ocrx_word' id='word_1_197' title='bbox 2171 1607 2228 1660; x_wconf 91' lang='lat' dir='ltr'><strong>et</strong></span> <span class='ocrx_word' id='word_1_198' title='bbox 2253 1602 2444 1660; x_wconf 87' lang='lat' dir='ltr'><strong>Lucas</strong></span> <span class='ocrx_word' id='word_1_199' title='bbox 2469 1605 2514 1639; x_wconf 72' lang='grc'>⁸³</span> <span class='ocrx_word' id='word_1_200' title='bbox 2543 1602 2824 1660; x_wconf 89' lang='lat' dir='ltr'><strong>dixerunt</strong></span> <span class='ocrx_word' id='word_1_201' title='bbox 2843 1604 3023 1660; x_wconf 87' lang='lat' dir='ltr'><strong>etiam</strong></span> <span class='ocrx_word' id='word_1_202' title='bbox 3055 1605 3214 1660; x_wconf 92' lang='lat' dir='ltr'><strong>unde</strong></span> <span class='ocrx_word' id='word_1_203' title='bbox 3262 1606 3399 1664; x_wconf 90' lang='lat' dir='ltr'><strong>illuc</strong></span> <span class='ocrx_word' id='word_1_204' title='bbox 3432 1624 3602 1666; x_wconf 86' lang='lat' dir='ltr'><strong>vene-</strong></span> 
     </span>
    </p>
   </div>
   <div class='ocr_carea' id='block_1_30' title="bbox 1942 1691 3604 1768">
    <p class='ocr_par' dir='ltr' id='par_1_30' title="bbox 1942 1691 3604 1768">
     <span class='ocr_line' id='line_1_30' title="bbox 1942 1691 3604 1768; baseline 0.002 -18"><span class='ocrx_word' id='word_1_205' title='bbox 1942 1699 2052 1763; x_wconf 90' lang='lat' dir='ltr'><strong>rat,</strong></span> <span class='ocrx_word' id='word_1_206' title='bbox 2083 1691 2349 1748; x_wconf 77' lang='lat' dir='ltr'><strong>videlicet</strong></span> <span class='ocrx_word' id='word_1_207' title='bbox 2382 1708 2420 1748; x_wconf 89' lang='lat' dir='ltr'><strong>a</strong></span> <span class='ocrx_word' id='word_1_208' title='bbox 2441 1707 2752 1764; x_wconf 79' lang='lat' dir='ltr'><strong>synagoga</strong></span> <span class='ocrx_word' id='word_1_209' title='bbox 2796 1691 3158 1756; x_wconf 65' lang='lat' dir='ltr'><strong>Judteorum,</strong></span> <span class='ocrx_word' id='word_1_210' title='bbox 3202 1695 3262 1750; x_wconf 95' lang='lat' dir='ltr'><strong>in</strong></span> <span class='ocrx_word' id='word_1_211' title='bbox 3303 1711 3427 1768; x_wconf 88' lang='lat' dir='ltr'><strong>qua</strong></span> <span class='ocrx_word' id='word_1_212' title='bbox 3454 1698 3604 1754; x_wconf 90' lang='lat' dir='ltr'><strong>Sab-</strong></span> 
     </span>
    </p>
   </div>
   <div class='ocr_carea' id='block_1_31' title="bbox 1948 1779 3604 1855">
    <p class='ocr_par' dir='ltr' id='par_1_31' title="bbox 1948 1779 3604 1855">
     <span class='ocr_line' id='line_1_31' title="bbox 1948 1779 3604 1855; baseline 0.003 -18"><span class='ocrx_word' id='word_1_213' title='bbox 1948 1781 2088 1837; x_wconf 90' lang='lat' dir='ltr'><strong>bato</strong></span> <span class='ocrx_word' id='word_1_214' title='bbox 2116 1779 2421 1837; x_wconf 82' lang='lat' dir='ltr'><strong>docuerat.</strong></span> <span class='ocrx_word' id='word_1_215' title='bbox 2453 1779 2692 1836; x_wconf 83' lang='lat' dir='ltr'><strong>Addidit</strong></span> <span class='ocrx_word' id='word_1_216' title='bbox 2720 1795 2963 1852; x_wconf 91' lang='lat' dir='ltr'><strong>quoque</strong></span> <span class='ocrx_word' id='word_1_217' title='bbox 2987 1781 3245 1846; x_wconf 87' lang='lat' dir='ltr'><strong>Marcus,</strong></span> <span class='ocrx_word' id='word_1_218' title='bbox 3271 1783 3438 1855; x_wconf 90' lang='lat' dir='ltr'><strong>quod</strong></span> <span class='ocrx_word' id='word_1_219' title='bbox 3464 1802 3604 1842; x_wconf 92' lang='lat' dir='ltr'><strong>cum</strong></span> 
     </span>
    </p>
   </div>
   <div class='ocr_carea' id='block_1_32' title="bbox 218 1857 1841 1943">
    <p class='ocr_par' dir='ltr' id='par_1_32' title="bbox 218 1857 1838 1936">
     <span class='ocr_line' id='line_1_32' title="bbox 218 1857 1838 1936; baseline -0.001 -20"><span class='ocrx_word' id='word_1_220' title='bbox 218 1864 474 1916; x_wconf 79' lang='grc' dir='ltr'>Ἰωάννού</span> <span class='ocrx_word' id='word_1_221' title='bbox 526 1857 700 1920; x_wconf 79' lang='grc' dir='ltr'>ἦλθεν.</span> <span class='ocrx_word' id='word_1_222' title='bbox 778 1860 928 1922; x_wconf 85' lang='grc' dir='ltr'>Εἰκὸς</span> <span class='ocrx_word' id='word_1_223' title='bbox 981 1864 1103 1935; x_wconf 78' lang='grc' dir='ltr'>γὰρ,</span> <span class='ocrx_word' id='word_1_224' title='bbox 1180 1864 1266 1912; x_wconf 88' lang='grc' dir='ltr'><strong>τόν</strong></span> <span class='ocrx_word' id='word_1_225' title='bbox 1317 1865 1528 1936; x_wconf 78' lang='grc' dir='ltr'>Πέτρον,</span> <span class='ocrx_word' id='word_1_226' title='bbox 1608 1863 1838 1934; x_wconf 78' lang='grc' dir='ltr'>μαθόντα</span> 
     </span>
    </p>
   </div>
   <div class='ocr_carea' id='block_1_33' title="bbox 1956 1857 3602 1943">
    <p class='ocr_par' dir='ltr' id='par_1_33' title="bbox 1956 1868 3602 1930">
     <span class='ocr_line' id='line_1_33' title="bbox 1956 1868 3602 1930; baseline 0.004 -6"><span class='ocrx_word' id='word_1_227' title='bbox 1956 1868 2169 1925; x_wconf 90' lang='lat' dir='ltr'><strong>Iacobo</strong></span> <span class='ocrx_word' id='word_1_228' title='bbox 2197 1873 2255 1924; x_wconf 91' lang='lat' dir='ltr'><strong>et</strong></span> <span class='ocrx_word' id='word_1_229' title='bbox 2281 1868 2510 1926; x_wconf 79' lang='lat' dir='ltr'><strong>Joanne</strong></span> <span class='ocrx_word' id='word_1_230' title='bbox 2559 1869 2801 1924; x_wconf 87' lang='lat' dir='ltr'><strong>venerit.</strong></span> <span class='ocrx_word' id='word_1_231' title='bbox 2835 1869 3165 1926; x_wconf 86' lang='lat' dir='ltr'><strong>Verisimile</strong></span> <span class='ocrx_word' id='word_1_232' title='bbox 3194 1875 3285 1927; x_wconf 89' lang='lat' dir='ltr'><strong>est</strong></span> <span class='ocrx_word' id='word_1_233' title='bbox 3309 1873 3468 1928; x_wconf 90' lang='lat' dir='ltr'><strong>enim</strong></span> <span class='ocrx_word' id='word_1_234' title='bbox 3500 1873 3602 1930; x_wconf 88' lang='lat' dir='ltr'><strong>Pe-</strong></span> 
     </span>
    </p>
   </div>
   <div class='ocr_carea' id='block_1_34' title="bbox 216 1946 1839 2024">
    <p class='ocr_par' dir='ltr' id='par_1_34' title="bbox 216 1946 1839 2024">
     <span class='ocr_line' id='line_1_34' title="bbox 216 1946 1839 2024; baseline 0.001 -22"><span class='ocrx_word' id='word_1_235' title='bbox 216 1957 406 2017; x_wconf 85' lang='grc' dir='ltr'>τοῦτο,</span> <span class='ocrx_word' id='word_1_236' title='bbox 477 1946 821 2024; x_wconf 84' lang='grc' dir='ltr'>προδραμεῖν.</span> <span class='ocrx_word' id='word_1_237' title='bbox 899 1955 997 2003; x_wconf 81' lang='grc' dir='ltr'><strong>Καὶ</strong></span> <span class='ocrx_word' id='word_1_238' title='bbox 1044 1952 1256 2022; x_wconf 76' lang='grc' dir='ltr'>Μάρκος</span> <span class='ocrx_word' id='word_1_239' title='bbox 1323 1953 1412 2023; x_wconf 71' lang='grc' dir='ltr'><strong>μεν</strong></span> <span class='ocrx_word' id='word_1_240' title='bbox 1477 1956 1567 2004; x_wconf 80' lang='grc' dir='ltr'>καὶ</span> <span class='ocrx_word' id='word_1_241' title='bbox 1633 1957 1839 2013; x_wconf 86' lang='grc' dir='ltr'>Λουκᾶς</span> 
     </span>
    </p>
   </div>
   <div class='ocr_carea' id='block_1_35' title="bbox 216 2039 1837 2114">
    <p class='ocr_par' dir='ltr' id='par_1_35' title="bbox 216 2039 1837 2114">
     <span class='ocr_line' id='line_1_35' title="bbox 216 2039 1837 2114; baseline 0 -22"><span class='ocrx_word' id='word_1_242' title='bbox 216 2059 409 2112; x_wconf 65' lang='grc' dir='ltr'>φασιν,</span> <span class='ocrx_word' id='word_1_243' title='bbox 470 2041 554 2091; x_wconf 87' lang='grc' dir='ltr'>ὄτι</span> <span class='ocrx_word' id='word_1_244' title='bbox 607 2039 964 2114; x_wconf 81' lang='grc' dir='ltr'>παρεκάλεσαν</span> <span class='ocrx_word' id='word_1_245' title='bbox 1015 2041 1171 2091; x_wconf 83' lang='grc' dir='ltr'>αὑτὸν</span> <span class='ocrx_word' id='word_1_246' title='bbox 1223 2041 1272 2091; x_wconf 81' lang='grc' dir='ltr'>οἱ</span> <span class='ocrx_word' id='word_1_247' title='bbox 1323 2041 1556 2111; x_wconf 80' lang='grc' dir='ltr'>μαθηταὶ</span> <span class='ocrx_word' id='word_1_248' title='bbox 1598 2045 1837 2113; x_wconf 81' lang='grc' dir='ltr'>περὶτῆς</span> 
     </span>
    </p>
   </div>
   <div class='ocr_carea' id='block_1_36' title="bbox 215 2124 1834 2200">
    <p class='ocr_par' dir='ltr' id='par_1_36' title="bbox 215 2124 1834 2200">
     <span class='ocr_line' id='line_1_36' title="bbox 215 2124 1834 2200; baseline 0 -19"><span class='ocrx_word' id='word_1_249' title='bbox 215 2128 626 2200; x_wconf 79' lang='grc' dir='ltr'>κατακειμένης⁹</span> <span class='ocrx_word' id='word_1_250' title='bbox 682 2129 708 2180; x_wconf 94' lang='lat'><strong>6</strong></span> <span class='ocrx_word' id='word_1_251' title='bbox 766 2130 1036 2190; x_wconf 79' lang='grc' dir='ltr'>Ματθαῖος</span> <span class='ocrx_word' id='word_1_252' title='bbox 1108 2124 1166 2181; x_wconf 75' lang='grc' dir='ltr'><strong>δε</strong></span> <span class='ocrx_word' id='word_1_253' title='bbox 1217 2133 1306 2180; x_wconf 87' lang='grc' dir='ltr'>καὶ</span> <span class='ocrx_word' id='word_1_254' title='bbox 1368 2136 1519 2181; x_wconf 78' lang='grc' dir='ltr'>τοῦτο</span> <span class='ocrx_word' id='word_1_255' title='bbox 1572 2126 1834 2200; x_wconf 72' lang='grc' dir='ltr'>ἐσίγησεν.</span> 
     </span>
    </p>
   </div>
   <div class='ocr_carea' id='block_1_37' title="bbox 219 2213 1836 2290">
    <p class='ocr_par' dir='ltr' id='par_1_37' title="bbox 219 2213 1836 2290">
     <span class='ocr_line' id='line_1_37' title="bbox 219 2213 1836 2290; baseline -0.001 -20"><span class='ocrx_word' id='word_1_256' title='bbox 219 2218 343 2275; x_wconf 77' lang='grc' dir='ltr'><strong>Ούκ</strong></span> <span class='ocrx_word' id='word_1_257' title='bbox 373 2220 494 2270; x_wconf 81' lang='grc' dir='ltr'>ἔστι</span> <span class='ocrx_word' id='word_1_258' title='bbox 545 2213 603 2269; x_wconf 72' lang='grc' dir='ltr'><strong>δε</strong></span> <span class='ocrx_word' id='word_1_259' title='bbox 644 2223 798 2269; x_wconf 87' lang='grc' dir='ltr'>τοῦτο</span> <span class='ocrx_word' id='word_1_260' title='bbox 861 2213 1168 2289; x_wconf 62' lang='grc' dir='ltr'>διαφωνίας</span> <span class='ocrx_word' id='word_1_261' title='bbox 1219 2215 1348 2269; x_wconf 78' lang='grc' dir='ltr'>ἀλλὰ</span> <span class='ocrx_word' id='word_1_262' title='bbox 1383 2221 1442 2269; x_wconf 85' lang='grc' dir='ltr'>τὸ</span> <span class='ocrx_word' id='word_1_263' title='bbox 1495 2220 1584 2290; x_wconf 73' lang='grc' dir='ltr'><strong>μεν</strong></span> <span class='ocrx_word' id='word_1_264' title='bbox 1615 2220 1836 2288; x_wconf 72' lang='grc' dir='ltr'>ἐκείνων,</span> 
     </span>
    </p>
   </div>
   <div class='ocr_carea' id='block_1_38' title="bbox 221 2301 1838 2382">
    <p class='ocr_par' dir='ltr' id='par_1_38' title="bbox 221 2301 1838 2382">
     <span class='ocr_line' id='line_1_38' title="bbox 221 2301 1838 2382; baseline 0 -23"><span class='ocrx_word' id='word_1_265' title='bbox 221 2304 528 2382; x_wconf 71' lang='grc' dir='ltr'>ἀκριϐείαςο</span> <span class='ocrx_word' id='word_1_266' title='bbox 569 2309 628 2357; x_wconf 77' lang='grc' dir='ltr'><strong>⁴¹’ὁ</strong></span> <span class='ocrx_word' id='word_1_267' title='bbox 669 2301 728 2358; x_wconf 71' lang='grc' dir='ltr'>δὲ</span> <span class='ocrx_word' id='word_1_268' title='bbox 756 2308 963 2373; x_wconf 86' lang='grc' dir='ltr'>τούτου,</span> <span class='ocrx_word' id='word_1_269' title='bbox 1026 2311 1320 2378; x_wconf 73' lang='grc' dir='ltr'>συντομίας.</span> <span class='ocrx_word' id='word_1_270' title='bbox 1363 2307 1584 2366; x_wconf 83' lang='grc' dir='ltr'>Εἰσῆλθε</span> <span class='ocrx_word' id='word_1_271' title='bbox 1639 2304 1695 2359; x_wconf 75' lang='grc' dir='ltr'><strong>δε</strong></span> <span class='ocrx_word' id='word_1_272' title='bbox 1722 2326 1838 2379; x_wconf 84' lang='grc' dir='ltr'>τρο·</span> 
     </span>
    </p>
   </div>
   <div class='ocr_carea' id='block_1_39' title="bbox 224 2390 1836 2469">
    <p class='ocr_par' dir='ltr' id='par_1_39' title="bbox 224 2390 1836 2469">
     <span class='ocr_line' id='line_1_39' title="bbox 224 2390 1836 2469; baseline 0.002 -23"><span class='ocrx_word' id='word_1_273' title='bbox 224 2405 327 2469; x_wconf 68' lang='grc' dir='ltr'><strong>φῆς</strong></span> <span class='ocrx_word' id='word_1_274' title='bbox 415 2394 861 2468; x_wconf 72' lang='grc' dir='ltr'>μεταληψόμενος.</span> <span class='ocrx_word' id='word_1_275' title='bbox 923 2390 1028 2453; x_wconf 75' lang='grc' dir='ltr'><strong>ἤδη</strong></span> <span class='ocrx_word' id='word_1_276' title='bbox 1119 2402 1210 2446; x_wconf 86' lang='grc' dir='ltr'><strong>τοῦ</strong></span> <span class='ocrx_word' id='word_1_277' title='bbox 1276 2402 1460 2469; x_wconf 80' lang='grc' dir='ltr'>καιροῦ</span> <span class='ocrx_word' id='word_1_278' title='bbox 1539 2395 1836 2468; x_wconf 78' lang='grc' dir='ltr'>καλοῦντος.</span> 
     </span>
    </p>
   </div>
   <div class='ocr_carea' id='block_1_40' title="bbox 225 2481 1396 2559">
    <p class='ocr_par' dir='ltr' id='par_1_40' title="bbox 225 2481 1396 2559">
     <span class='ocr_line' id='line_1_40' title="bbox 225 2481 1396 2559; baseline -0.003 -20"><span class='ocrx_word' id='word_1_279' title='bbox 225 2486 546 2559; x_wconf 78' lang='grc' dir='ltr'>Ἐγερθεῖσα</span> <span class='ocrx_word' id='word_1_280' title='bbox 574 2487 675 2556; x_wconf 81' lang='grc' dir='ltr'>γὰρ</span> <span class='ocrx_word' id='word_1_281' title='bbox 702 2485 731 2542; x_wconf 77' lang='grc' dir='ltr'><strong>ἠ</strong></span> <span class='ocrx_word' id='word_1_282' title='bbox 765 2487 970 2557; x_wconf 77' lang='grc' dir='ltr'>κειμένη</span> <span class='ocrx_word' id='word_1_283' title='bbox 1004 2481 1238 2542; x_wconf 87' lang='grc' dir='ltr'>διηκόνει</span> <span class='ocrx_word' id='word_1_284' title='bbox 1259 2484 1396 2537; x_wconf 76' lang='grc' dir='ltr'>αύτῶ</span> 
     </span>
    </p>
   </div>
   <div class='ocr_carea' id='block_1_41' title="bbox 306 2748 1840 2826">
    <p class='ocr_par' dir='ltr' id='par_1_41' title="bbox 306 2748 1840 2826">
     <span class='ocr_line' id='line_1_41' title="bbox 306 2748 1840 2826; baseline -0.001 -18"><span class='ocrx_word' id='word_1_285' title='bbox 306 2758 376 2808; x_wconf 82' lang='grc' dir='ltr'>Σύ</span> <span class='ocrx_word' id='word_1_286' title='bbox 418 2748 482 2807; x_wconf 78' lang='grc' dir='ltr'>δέ</span> <span class='ocrx_word' id='word_1_287' title='bbox 531 2771 625 2825; x_wconf 87' lang='grc' dir='ltr'><strong>μοι</strong></span> <span class='ocrx_word' id='word_1_288' title='bbox 683 2753 952 2826; x_wconf 81' lang='grc' dir='ltr'>θαύμασον</span> <span class='ocrx_word' id='word_1_289' title='bbox 1011 2757 1104 2813; x_wconf 76' lang='grc' dir='ltr'><strong>την</strong></span> <span class='ocrx_word' id='word_1_290' title='bbox 1160 2752 1551 2826; x_wconf 75' lang='grc' dir='ltr'>συγκαταϐασιν</span> <span class='ocrx_word' id='word_1_291' title='bbox 1606 2761 1697 2807; x_wconf 88' lang='grc' dir='ltr'><strong>τοῦ</strong></span> <span class='ocrx_word' id='word_1_292' title='bbox 1755 2760 1840 2807; x_wconf 76' lang='lat' dir='ltr'><strong>As-</strong></span> 
     </span>
    </p>
   </div>
   <div class='ocr_carea' id='block_1_42' title="bbox 240 2841 1843 2916">
    <p class='ocr_par' dir='ltr' id='par_1_42' title="bbox 240 2841 1843 2916">
     <span class='ocr_line' id='line_1_42' title="bbox 240 2841 1843 2916; baseline -0.001 -20"><span class='ocrx_word' id='word_1_293' title='bbox 240 2849 463 2911; x_wconf 82' lang='grc' dir='ltr'>σπότου,</span> <span class='ocrx_word' id='word_1_294' title='bbox 521 2851 633 2904; x_wconf 81' lang='grc' dir='ltr'>πῶς</span> <span class='ocrx_word' id='word_1_295' title='bbox 701 2842 796 2895; x_wconf 88' lang='grc' dir='ltr'><strong>ούκ</strong></span> <span class='ocrx_word' id='word_1_296' title='bbox 849 2841 1142 2905; x_wconf 79' lang='grc' dir='ltr'>ἀπηξίωσεν</span> <span class='ocrx_word' id='word_1_297' title='bbox 1209 2842 1451 2896; x_wconf 81' lang='grc' dir='ltr'>εἰσελθεῖν</span> <span class='ocrx_word' id='word_1_298' title='bbox 1521 2843 1592 2904; x_wconf 86' lang='grc' dir='ltr'><strong>εἰς</strong></span> <span class='ocrx_word' id='word_1_299' title='bbox 1648 2843 1843 2916; x_wconf 75' lang='grc' dir='ltr'>φαύλην</span> 
     </span>
    </p>
   </div>
   <div class='ocr_carea' id='block_1_43' title="bbox 244 2928 1844 3005">
    <p class='ocr_par' dir='ltr' id='par_1_43' title="bbox 244 2928 1844 3005">
     <span class='ocr_line' id='line_1_43' title="bbox 244 2928 1844 3005; baseline 0.001 -21"><span class='ocrx_word' id='word_1_300' title='bbox 244 2933 411 2984; x_wconf 73' lang='grc' dir='ltr'>οἰκίαν</span> <span class='ocrx_word' id='word_1_301' title='bbox 453 2931 654 2997; x_wconf 79' lang='grc' dir='ltr'>ἁλιέως,</span> <span class='ocrx_word' id='word_1_302' title='bbox 709 2932 821 3004; x_wconf 78' lang='grc' dir='ltr'>ἅμα</span> <span class='ocrx_word' id='word_1_303' title='bbox 846 2935 936 3004; x_wconf 68' lang='grc' dir='ltr'><strong>μεν</strong></span> <span class='ocrx_word' id='word_1_304' title='bbox 988 2941 1150 3005; x_wconf 83' lang='grc' dir='ltr'>τιμῶν</span> <span class='ocrx_word' id='word_1_305' title='bbox 1199 2936 1286 2985; x_wconf 89' lang='grc' dir='ltr'><strong>τόν</strong></span> <span class='ocrx_word' id='word_1_306' title='bbox 1337 2934 1598 3004; x_wconf 79' lang='grc' dir='ltr'>μαθητὴν,</span> <span class='ocrx_word' id='word_1_307' title='bbox 1625 2931 1734 3004; x_wconf 78' lang='grc' dir='ltr'>ἅμα</span> <span class='ocrx_word' id='word_1_308' title='bbox 1784 2928 1844 2985; x_wconf 75' lang='grc' dir='ltr'><strong>δε</strong></span> 
     </span>
    </p>
   </div>
   <div class='ocr_carea' id='block_1_44' title="bbox 256 3015 1842 3093">
    <p class='ocr_par' dir='ltr' id='par_1_44' title="bbox 256 3015 1842 3093">
     <span class='ocr_line' id='line_1_44' title="bbox 256 3015 1842 3093; baseline 0.003 -23"><span class='ocrx_word' id='word_1_309' title='bbox 256 3015 516 3072; x_wconf 74' lang='grc' dir='ltr'>διδάσκων</span> <span class='ocrx_word' id='word_1_310' title='bbox 570 3022 732 3090; x_wconf 78' lang='grc' dir='ltr'>ἡμᾶς,</span> <span class='ocrx_word' id='word_1_311' title='bbox 789 3025 861 3093; x_wconf 76' lang='grc' dir='ltr'>μὴ</span> <span class='ocrx_word' id='word_1_312' title='bbox 932 3017 1236 3084; x_wconf 83' lang='grc' dir='ltr'>κενοδοξεῖν·</span> <span class='ocrx_word' id='word_1_313' title='bbox 1305 3020 1592 3092; x_wconf 73' lang='grc' dir='ltr'>’Δψάμενος</span> <span class='ocrx_word' id='word_1_314' title='bbox 1639 3018 1697 3074; x_wconf 72' lang='grc' dir='ltr'><strong>δε</strong></span> <span class='ocrx_word' id='word_1_315' title='bbox 1749 3029 1842 3083; x_wconf 82' lang='grc' dir='ltr'>τῆς</span> 
     </span>
    </p>
   </div>
   <div class='ocr_carea' id='block_1_45' title="bbox 247 3108 1844 3185">
    <p class='ocr_par' dir='ltr' id='par_1_45' title="bbox 247 3108 1844 3185">
     <span class='ocr_line' id='line_1_45' title="bbox 247 3108 1844 3185; baseline 0.001 -25"><span class='ocrx_word' id='word_1_316' title='bbox 247 3112 422 3183; x_wconf 70' lang='grc' dir='ltr'>χειρὸς</span> <span class='ocrx_word' id='word_1_317' title='bbox 467 3109 644 3176; x_wconf 74' lang='grc' dir='ltr'>αὐτῆς,</span> <span class='ocrx_word' id='word_1_318' title='bbox 697 3110 756 3161; x_wconf 77' lang='grc' dir='ltr'><strong>ού</strong></span> <span class='ocrx_word' id='word_1_319' title='bbox 808 3113 960 3182; x_wconf 89' lang='grc' dir='ltr'>μόνον</span> <span class='ocrx_word' id='word_1_320' title='bbox 1016 3113 1102 3162; x_wconf 88' lang='grc' dir='ltr'><strong>τόν</strong></span> <span class='ocrx_word' id='word_1_321' title='bbox 1153 3112 1371 3185; x_wconf 86' lang='grc' dir='ltr'>πυρετὸν</span> <span class='ocrx_word' id='word_1_322' title='bbox 1423 3108 1652 3174; x_wconf 78' lang='grc' dir='ltr'>ἔσϐεσεν,</span> <span class='ocrx_word' id='word_1_323' title='bbox 1715 3108 1844 3162; x_wconf 77' lang='grc' dir='ltr'>ἀλλὰ</span> 
     </span>
    </p>
   </div>
   <div class='ocr_carea' id='block_1_46' title="bbox 238 3197 1840 3275">
    <p class='ocr_par' dir='ltr' id='par_1_46' title="bbox 238 3197 1840 3275">
     <span class='ocr_line' id='line_1_46' title="bbox 238 3197 1840 3275; baseline 0.001 -25"><span class='ocrx_word' id='word_1_324' title='bbox 238 3203 328 3250; x_wconf 87' lang='grc' dir='ltr'>καὶ</span> <span class='ocrx_word' id='word_1_325' title='bbox 400 3201 638 3275; x_wconf 78' lang='grc' dir='ltr'>καθαρὰν</span> <span class='ocrx_word' id='word_1_326' title='bbox 709 3198 858 3260; x_wconf 76' lang='grc' dir='ltr'>εὐθὺς</span> <span class='ocrx_word' id='word_1_327' title='bbox 924 3197 1187 3253; x_wconf 76' lang='grc' dir='ltr'>ἀπέδωκεν</span> <span class='ocrx_word' id='word_1_328' title='bbox 1262 3198 1388 3257; x_wconf 83' lang='grc' dir='ltr'>αύτῆ</span> <span class='ocrx_word' id='word_1_329' title='bbox 1475 3204 1568 3258; x_wconf 75' lang='grc' dir='ltr'>τὴν</span> <span class='ocrx_word' id='word_1_330' title='bbox 1643 3200 1840 3270; x_wconf 81' lang='grc' dir='ltr'>ὑγείαν.</span> 
     </span>
    </p>
   </div>
   <div class='ocr_carea' id='block_1_47' title="bbox 237 3286 1844 3362">
    <p class='ocr_par' dir='ltr' id='par_1_47' title="bbox 237 3286 1844 3362">
     <span class='ocr_line' id='line_1_47' title="bbox 237 3286 1844 3362; baseline -0.001 -22"><span class='ocrx_word' id='word_1_331' title='bbox 237 3289 469 3362; x_wconf 77' lang='grc' dir='ltr'>Ἠγέρθη</span> <span class='ocrx_word' id='word_1_332' title='bbox 504 3291 630 3361; x_wconf 80' lang='grc' dir='ltr'>γὰρ,</span> <span class='ocrx_word' id='word_1_333' title='bbox 661 3293 752 3340; x_wconf 84' lang='grc' dir='ltr'>καὶ</span> <span class='ocrx_word' id='word_1_334' title='bbox 803 3288 991 3340; x_wconf 68' lang='grc' dir='ltr'>αὐτίκα</span> <span class='ocrx_word' id='word_1_335' title='bbox 1037 3286 1288 3347; x_wconf 89' lang='grc' dir='ltr'>διηκόνει.</span> <span class='ocrx_word' id='word_1_336' title='bbox 1347 3292 1530 3340; x_wconf 74' lang='grc' dir='ltr'>Καίτοι</span> <span class='ocrx_word' id='word_1_337' title='bbox 1584 3289 1715 3359; x_wconf 85' lang='grc' dir='ltr'>μετὰ</span> <span class='ocrx_word' id='word_1_338' title='bbox 1751 3291 1844 3346; x_wconf 77' lang='grc' dir='ltr'>τὴν</span> 
     </span>
    </p>
   </div>
   <div class='ocr_carea' id='block_1_48' title="bbox 237 3373 1845 3450">
    <p class='ocr_par' dir='ltr' id='par_1_48' title="bbox 237 3373 1845 3450">
     <span class='ocr_line' id='line_1_48' title="bbox 237 3373 1845 3450; baseline -0.001 -21"><span class='ocrx_word' id='word_1_339' title='bbox 237 3376 552 3448; x_wconf 71' lang='grc' dir='ltr'>ἀπαλλαγὴν</span> <span class='ocrx_word' id='word_1_340' title='bbox 630 3383 723 3428; x_wconf 88' lang='grc' dir='ltr'><strong>τοῦ</strong></span> <span class='ocrx_word' id='word_1_341' title='bbox 777 3384 1022 3449; x_wconf 81' lang='grc' dir='ltr'>πυρετοῦ,</span> <span class='ocrx_word' id='word_1_342' title='bbox 1084 3377 1272 3429; x_wconf 83' lang='grc' dir='ltr'>πολλοῦ</span> <span class='ocrx_word' id='word_1_343' title='bbox 1335 3373 1420 3428; x_wconf 86' lang='grc' dir='ltr'><strong>δεῖ</strong></span> <span class='ocrx_word' id='word_1_344' title='bbox 1489 3380 1684 3450; x_wconf 90' lang='grc' dir='ltr'>χρόνου</span> <span class='ocrx_word' id='word_1_345' title='bbox 1740 3383 1845 3436; x_wconf 88' lang='grc' dir='ltr'>τοῖς</span> 
     </span>
    </p>
   </div>
   <div class='ocr_carea' id='block_1_49' title="bbox 237 3463 1843 3540">
    <p class='ocr_par' dir='ltr' id='par_1_49' title="bbox 237 3463 1843 3540">
     <span class='ocr_line' id='line_1_49' title="bbox 237 3463 1843 3540; baseline -0.001 -22"><span class='ocrx_word' id='word_1_346' title='bbox 237 3469 557 3540; x_wconf 80' lang='grc' dir='ltr'>κάμνουσιν,</span> <span class='ocrx_word' id='word_1_347' title='bbox 630 3467 762 3526; x_wconf 82' lang='grc' dir='ltr'>ὥστε</span> <span class='ocrx_word' id='word_1_348' title='bbox 816 3469 910 3524; x_wconf 78' lang='grc' dir='ltr'>τήν</span> <span class='ocrx_word' id='word_1_349' title='bbox 969 3471 1221 3538; x_wconf 82' lang='grc' dir='ltr'>προτέραν</span> <span class='ocrx_word' id='word_1_350' title='bbox 1273 3467 1448 3538; x_wconf 78' lang='grc' dir='ltr'>ὑγείαν</span> <span class='ocrx_word' id='word_1_351' title='bbox 1497 3465 1613 3536; x_wconf 82' lang='lat'><strong>(75)</strong></span> <span class='ocrx_word' id='word_1_352' title='bbox 1665 3463 1843 3517; x_wconf 70' lang='grc' dir='ltr'>ἐπανα-</span> 
     </span>
    </p>
   </div>
   <div class='ocr_carea' id='block_1_50' title="bbox 238 3551 1844 3627">
    <p class='ocr_par' dir='ltr' id='par_1_50' title="bbox 238 3551 1844 3627">
     <span class='ocr_line' id='line_1_50' title="bbox 238 3551 1844 3627; baseline -0.002 -18"><span class='ocrx_word' id='word_1_353' title='bbox 238 3555 436 3609; x_wconf 71' lang='grc' dir='ltr'>λαϐεῖν.</span> <span class='ocrx_word' id='word_1_354' title='bbox 487 3559 588 3608; x_wconf 82' lang='grc' dir='ltr'><strong>Καὶ</strong></span> <span class='ocrx_word' id='word_1_355' title='bbox 649 3553 729 3607; x_wconf 72' lang='grc' dir='ltr'><strong>ἐπὶ</strong></span> <span class='ocrx_word' id='word_1_356' title='bbox 804 3563 900 3616; x_wconf 88' lang='grc' dir='ltr'>τῆς</span> <span class='ocrx_word' id='word_1_357' title='bbox 969 3555 1236 3617; x_wconf 82' lang='grc' dir='ltr'>θαλάσσης</span> <span class='ocrx_word' id='word_1_358' title='bbox 1304 3551 1382 3621; x_wconf 64' lang='grc' dir='ltr'><strong>δι,</strong></span> <span class='ocrx_word' id='word_1_359' title='bbox 1441 3553 1499 3607; x_wconf 83' lang='grc' dir='ltr'><strong>οὑ</strong></span> <span class='ocrx_word' id='word_1_360' title='bbox 1545 3559 1696 3627; x_wconf 87' lang='grc' dir='ltr'>μόνον</span> <span class='ocrx_word' id='word_1_361' title='bbox 1751 3559 1844 3613; x_wconf 76' lang='grc' dir='ltr'>τὴν</span> 
     </span>
    </p>
   </div>
   <div class='ocr_carea' id='block_1_51' title="bbox 246 3643 1847 3717">
    <p class='ocr_par' dir='ltr' id='par_1_51' title="bbox 246 3643 1847 3717">
     <span class='ocr_line' id='line_1_51' title="bbox 246 3643 1847 3717; baseline -0.001 -20"><span class='ocrx_word' id='word_1_362' title='bbox 246 3646 412 3709; x_wconf 78' lang='grc' dir='ltr'>ζάλην</span> <span class='ocrx_word' id='word_1_363' title='bbox 469 3647 706 3708; x_wconf 73' lang='grc' dir='ltr'>ἔστησεν,</span> <span class='ocrx_word' id='word_1_364' title='bbox 766 3643 892 3697; x_wconf 84' lang='grc' dir='ltr'>αλλὰ</span> <span class='ocrx_word' id='word_1_365' title='bbox 941 3647 1029 3696; x_wconf 82' lang='grc' dir='ltr'>καὶ</span> <span class='ocrx_word' id='word_1_366' title='bbox 1082 3647 1169 3696; x_wconf 85' lang='grc' dir='ltr'>τὸν</span> <span class='ocrx_word' id='word_1_367' title='bbox 1245 3643 1398 3697; x_wconf 80' lang='grc' dir='ltr'>σάλον</span> <span class='ocrx_word' id='word_1_368' title='bbox 1450 3652 1548 3696; x_wconf 87' lang='grc' dir='ltr'>τῶν</span> <span class='ocrx_word' id='word_1_369' title='bbox 1605 3643 1847 3717; x_wconf 80' lang='grc' dir='ltr'>κυμάτων</span> 
     </span>
    </p>
   </div>
   <div class='ocr_carea' id='block_1_52' title="bbox 244 3732 1846 3807">
    <p class='ocr_par' dir='ltr' id='par_1_52' title="bbox 244 3732 1846 3807">
     <span class='ocr_line' id='line_1_52' title="bbox 244 3732 1846 3807; baseline -0.002 -19"><span class='ocrx_word' id='word_1_370' title='bbox 244 3736 469 3788; x_wconf 77' lang='grc' dir='ltr'>ἔπαυσε.</span> <span class='ocrx_word' id='word_1_371' title='bbox 522 3739 704 3786; x_wconf 77' lang='grc' dir='ltr'>Καίτοι</span> <span class='ocrx_word' id='word_1_372' title='bbox 765 3736 895 3806; x_wconf 87' lang='grc' dir='ltr'>μετὰ</span> <span class='ocrx_word' id='word_1_373' title='bbox 947 3738 1042 3792; x_wconf 79' lang='grc' dir='ltr'>τήν</span> <span class='ocrx_word' id='word_1_374' title='bbox 1077 3732 1234 3796; x_wconf 80' lang='grc' dir='ltr'>ζάλην</span> <span class='ocrx_word' id='word_1_375' title='bbox 1285 3737 1420 3805; x_wconf 77' lang='grc' dir='ltr'>μένει</span> <span class='ocrx_word' id='word_1_376' title='bbox 1463 3737 1625 3807; x_wconf 80' lang='grc' dir='ltr'>μέχρι</span> <span class='ocrx_word' id='word_1_377' title='bbox 1660 3733 1846 3785; x_wconf 90' lang='grc' dir='ltr'>πολλοῦ</span> 
     </span>
    </p>
   </div>
   <div class='ocr_carea' id='block_1_53' title="bbox 242 3817 1848 3896">
    <p class='ocr_par' dir='ltr' id='par_1_53' title="bbox 242 3817 1848 3896">
     <span class='ocr_line' id='line_1_53' title="bbox 242 3817 1848 3896; baseline -0.002 -20"><span class='ocrx_word' id='word_1_378' title='bbox 242 3827 312 3877; x_wconf 75' lang='grc' dir='ltr'>τὰ</span> <span class='ocrx_word' id='word_1_379' title='bbox 361 3821 542 3876; x_wconf 77' lang='grc' dir='ltr'>ὕδατα</span> <span class='ocrx_word' id='word_1_380' title='bbox 594 3823 922 3895; x_wconf 84' lang='grc' dir='ltr'>σαλευόμενα.</span> <span class='ocrx_word' id='word_1_381' title='bbox 991 3823 1142 3874; x_wconf 87' lang='grc' dir='ltr'>Ούτω</span> <span class='ocrx_word' id='word_1_382' title='bbox 1193 3824 1291 3896; x_wconf 84' lang='grc' dir='ltr'><strong>γὰρ</strong></span> <span class='ocrx_word' id='word_1_383' title='bbox 1349 3817 1487 3874; x_wconf 83' lang='grc' dir='ltr'>οἶδεν</span> <span class='ocrx_word' id='word_1_384' title='bbox 1543 3823 1569 3873; x_wconf 91' lang='lat'><strong>6</strong></span> <span class='ocrx_word' id='word_1_385' title='bbox 1618 3824 1848 3895; x_wconf 80' lang='grc' dir='ltr'>Χριστὸς</span> 
     </span>
    </p>
   </div>
   <div class='ocr_carea' id='block_1_54' title="bbox 243 3907 1848 3986">
    <p class='ocr_par' dir='ltr' id='par_1_54' title="bbox 243 3907 1848 3986">
     <span class='ocr_line' id='line_1_54' title="bbox 243 3907 1848 3986; baseline -0.001 -20"><span class='ocrx_word' id='word_1_386' title='bbox 243 3915 380 3986; x_wconf 85' lang='grc' dir='ltr'>ὁμοῦ</span> <span class='ocrx_word' id='word_1_387' title='bbox 435 3917 525 3965; x_wconf 86' lang='grc' dir='ltr'>καὶ</span> <span class='ocrx_word' id='word_1_388' title='bbox 570 3916 628 3964; x_wconf 90' lang='grc' dir='ltr'><strong>τό</strong></span> <span class='ocrx_word' id='word_1_389' title='bbox 676 3911 916 3984; x_wconf 77' lang='grc' dir='ltr'>ἐνοχλοῦν</span> <span class='ocrx_word' id='word_1_390' title='bbox 968 3907 1134 3964; x_wconf 82' lang='grc' dir='ltr'>δεινὸν</span> <span class='ocrx_word' id='word_1_391' title='bbox 1179 3910 1334 3980; x_wconf 70' lang='grc' dir='ltr'>λύειν,</span> <span class='ocrx_word' id='word_1_392' title='bbox 1383 3915 1472 3964; x_wconf 79' lang='grc' dir='ltr'>καὶ</span> <span class='ocrx_word' id='word_1_393' title='bbox 1521 3915 1617 3969; x_wconf 79' lang='grc' dir='ltr'>τὴν</span> <span class='ocrx_word' id='word_1_394' title='bbox 1669 3915 1848 3985; x_wconf 82' lang='grc' dir='ltr'>προτέ-</span> 
     </span>
    </p>
   </div>
   <div class='ocr_carea' id='block_1_55' title="bbox 240 3997 1067 4076">
    <p class='ocr_par' dir='ltr' id='par_1_55' title="bbox 240 3997 1067 4076">
     <span class='ocr_line' id='line_1_55' title="bbox 240 3997 1067 4076; baseline 0 -21"><span class='ocrx_word' id='word_1_395' title='bbox 240 4023 340 4076; x_wconf 88' lang='grc' dir='ltr'><strong>ραν</strong></span> <span class='ocrx_word' id='word_1_396' title='bbox 369 3997 689 4054; x_wconf 72' lang='grc' dir='ltr'>ἀποδιδόναι</span> <span class='ocrx_word' id='word_1_397' title='bbox 719 4003 1067 4055; x_wconf 80' lang='grc' dir='ltr'>κατάστασιν.</span> 
     </span>
    </p>
   </div>
   <div class='ocr_carea' id='block_1_56' title="bbox 431 4104 1672 4182">
    <p class='ocr_par' dir='ltr' id='par_1_56' title="bbox 431 4104 1672 4182">
     <span class='ocr_line' id='line_1_56' title="bbox 431 4104 1672 4182; baseline -0.004 -19"><span class='ocrx_word' id='word_1_398' title='bbox 431 4115 581 4166; x_wconf 74' lang='grc' dir='ltr'>ΚΕΦ.</span> <span class='ocrx_word' id='word_1_399' title='bbox 611 4109 693 4164; x_wconf 84' lang='grc' dir='ltr'><strong>Θ’.</strong></span> <span class='ocrx_word' id='word_1_400' title='bbox 740 4111 867 4182; x_wconf 84' lang='grc' dir='ltr'>Περὶ</span> <span class='ocrx_word' id='word_1_401' title='bbox 898 4115 996 4160; x_wconf 85' lang='grc' dir='ltr'><strong>τῶν</strong></span> <span class='ocrx_word' id='word_1_402' title='bbox 1025 4107 1263 4160; x_wconf 80' lang='grc' dir='ltr'>ίαθίντων</span> <span class='ocrx_word' id='word_1_403' title='bbox 1297 4104 1399 4159; x_wconf 78' lang='grc' dir='ltr'>ἀπὸ</span> <span class='ocrx_word' id='word_1_404' title='bbox 1427 4106 1672 4160; x_wconf 83' lang='grc' dir='ltr'>ποικίλων</span> 
     </span>
    </p>
   </div>
   <div class='ocr_carea' id='block_1_57' title="bbox 951 4215 1136 4251">
    <p class='ocr_par' dir='ltr' id='par_1_57' title="bbox 951 4215 1136 4251">
     <span class='ocr_line' id='line_1_57' title="bbox 951 4215 1136 4251; baseline 0.011 -3"><span class='ocrx_word' id='word_1_405' title='bbox 951 4215 1136 4251; x_wconf 85' lang='grc' dir='ltr'>νόσων.</span> 
     </span>
    </p>
   </div>
   <div class='ocr_carea' id='block_1_58' title="bbox 313 4303 1851 4378">
    <p class='ocr_par' dir='ltr' id='par_1_58' title="bbox 313 4303 1851 4378">
     <span class='ocr_line' id='line_1_58' title="bbox 313 4303 1851 4378; baseline -0.002 -19"><span class='ocrx_word' id='word_1_406' title='bbox 313 4306 513 4377; x_wconf 73' lang='grc' dir='ltr'>Ὀψίας</span> <span class='ocrx_word' id='word_1_407' title='bbox 545 4337 609 4347; x_wconf 93' lang='lat'><strong>—</strong></span> <span class='ocrx_word' id='word_1_408' title='bbox 641 4305 792 4377; x_wconf 83' lang='grc' dir='ltr'>λόγω.</span> <span class='ocrx_word' id='word_1_409' title='bbox 848 4303 1034 4376; x_wconf 71' lang='grc' dir='ltr'>Ὀψίαν</span> <span class='ocrx_word' id='word_1_410' title='bbox 1061 4303 1196 4376; x_wconf 76' lang='grc'>(74),</span> <span class='ocrx_word' id='word_1_411' title='bbox 1241 4306 1298 4357; x_wconf 85' lang='grc' dir='ltr'>τὸ</span> <span class='ocrx_word' id='word_1_412' title='bbox 1330 4303 1465 4364; x_wconf 75' lang='grc' dir='ltr'>τελος</span> <span class='ocrx_word' id='word_1_413' title='bbox 1506 4311 1602 4367; x_wconf 77' lang='grc' dir='ltr'>τῆς</span> <span class='ocrx_word' id='word_1_414' title='bbox 1653 4306 1851 4378; x_wconf 79' lang='grc' dir='ltr'>ἡμέρας</span> 
     </span>
    </p>
   </div>
   <div class='ocr_carea' id='block_1_59' title="bbox 241 4395 1849 4471">
    <p class='ocr_par' dir='ltr' id='par_1_59' title="bbox 241 4395 1849 4471">
     <span class='ocr_line' id='line_1_59' title="bbox 241 4395 1849 4471; baseline -0.002 -21"><span class='ocrx_word' id='word_1_415' title='bbox 241 4399 513 4471; x_wconf 84' lang='grc' dir='ltr'>ὠνόμασε.</span> <span class='ocrx_word' id='word_1_416' title='bbox 565 4399 652 4449; x_wconf 89' lang='grc' dir='ltr'><strong>Διὸ</strong></span> <span class='ocrx_word' id='word_1_417' title='bbox 697 4400 786 4448; x_wconf 82' lang='grc' dir='ltr'>καὶ</span> <span class='ocrx_word' id='word_1_418' title='bbox 821 4396 847 4447; x_wconf 90' lang='lat'><strong>6</strong></span> <span class='ocrx_word' id='word_1_419' title='bbox 877 4397 1084 4468; x_wconf 81' lang='grc' dir='ltr'>Μάρκος</span> <span class='ocrx_word' id='word_1_420' title='bbox 1135 4398 1220 4446; x_wconf 81' lang='grc' dir='ltr'>καὶ</span> <span class='ocrx_word' id='word_1_421' title='bbox 1263 4396 1288 4446; x_wconf 92' lang='lat'><strong>6</strong></span> <span class='ocrx_word' id='word_1_422' title='bbox 1317 4399 1524 4455; x_wconf 85' lang='grc' dir='ltr'>Λουκᾶς</span> <span class='ocrx_word' id='word_1_423' title='bbox 1552 4395 1849 4468; x_wconf 78' lang='grc' dir='ltr'>προστεθεί-</span> 
     </span>
    </p>
   </div>
   <div class='ocr_carea' id='block_1_60' title="bbox 241 4479 1851 4558">
    <p class='ocr_par' dir='ltr' id='par_1_60' title="bbox 241 4479 1851 4558">
     <span class='ocr_line' id='line_1_60' title="bbox 241 4479 1851 4558; baseline -0.004 -18"><span class='ocrx_word' id='word_1_424' title='bbox 241 4506 426 4553; x_wconf 88' lang='grc' dir='ltr'>κασιν,</span> <span class='ocrx_word' id='word_1_425' title='bbox 487 4487 566 4537; x_wconf 82' lang='grc' dir='ltr'>ὅτι</span> <span class='ocrx_word' id='word_1_426' title='bbox 606 4484 728 4538; x_wconf 88' lang='grc' dir='ltr'>Ὀτε</span> <span class='ocrx_word' id='word_1_427' title='bbox 760 4480 852 4537; x_wconf 76' lang='grc' dir='ltr'>ἔδυ</span> <span class='ocrx_word' id='word_1_428' title='bbox 898 4484 924 4535; x_wconf 92' lang='lat'><strong>6</strong></span> <span class='ocrx_word' id='word_1_429' title='bbox 977 4482 1140 4548; x_wconf 78' lang='grc' dir='ltr'>ἣλιος,</span> <span class='ocrx_word' id='word_1_430' title='bbox 1191 4488 1533 4558; x_wconf 76' lang='grc' dir='ltr'>φανερώτερον</span> <span class='ocrx_word' id='word_1_431' title='bbox 1582 4479 1851 4541; x_wconf 85' lang='grc' dir='ltr'>δηλώσαν-</span> 
     </span>
    </p>
   </div>
   <div class='ocr_carea' id='block_1_61' title="bbox 1947 1956 3604 2029">
    <p class='ocr_par' dir='ltr' id='par_1_61' title="bbox 1947 1956 3604 2029">
     <span class='ocr_line' id='line_1_61' title="bbox 1947 1956 3604 2029; baseline 0.004 -16"><span class='ocrx_word' id='word_1_432' title='bbox 1947 1961 2126 2023; x_wconf 87' lang='lat' dir='ltr'><strong>trum,</strong></span> <span class='ocrx_word' id='word_1_433' title='bbox 2149 1973 2286 2012; x_wconf 88' lang='lat' dir='ltr'><strong>cum</strong></span> <span class='ocrx_word' id='word_1_434' title='bbox 2314 1957 2428 2013; x_wconf 91' lang='lat' dir='ltr'><strong>hoc</strong></span> <span class='ocrx_word' id='word_1_435' title='bbox 2463 1956 2791 2023; x_wconf 86' lang='lat' dir='ltr'><strong>didicisset,</strong></span> <span class='ocrx_word' id='word_1_436' title='bbox 2816 1959 3286 2029; x_wconf 66' lang='lat' dir='ltr'><strong>prmeucurrisse.</strong></span> <span class='ocrx_word' id='word_1_437' title='bbox 3321 1963 3604 2020; x_wconf 61' lang='lat' dir='ltr'><strong>Praeterea</strong></span> 
     </span>
    </p>
   </div>
   <div class='ocr_carea' id='block_1_62' title="bbox 1947 2045 3604 2121">
    <p class='ocr_par' dir='ltr' id='par_1_62' title="bbox 1947 2045 3604 2121">
     <span class='ocr_line' id='line_1_62' title="bbox 1947 2045 3604 2121; baseline 0.003 -17"><span class='ocrx_word' id='word_1_438' title='bbox 1947 2049 2174 2104; x_wconf 81' lang='lat' dir='ltr'><strong>Marcus</strong></span> <span class='ocrx_word' id='word_1_439' title='bbox 2206 2052 2261 2102; x_wconf 90' lang='lat' dir='ltr'><strong>et</strong></span> <span class='ocrx_word' id='word_1_440' title='bbox 2286 2048 2471 2102; x_wconf 89' lang='lat' dir='ltr'><strong>Lucas</strong></span> <span class='ocrx_word' id='word_1_441' title='bbox 2497 2045 2728 2115; x_wconf 90' lang='lat' dir='ltr'><strong>dicunt,</strong></span> <span class='ocrx_word' id='word_1_442' title='bbox 2750 2047 2917 2119; x_wconf 91' lang='lat' dir='ltr'><strong>quod</strong></span> <span class='ocrx_word' id='word_1_443' title='bbox 2939 2047 3216 2121; x_wconf 89' lang='lat' dir='ltr'><strong>discipuli</strong></span> <span class='ocrx_word' id='word_1_444' title='bbox 3237 2056 3604 2120; x_wconf 80' lang='lat' dir='ltr'><strong>rogaverunt</strong></span> 
     </span>
    </p>
   </div>
   <div class='ocr_carea' id='block_1_63' title="bbox 1947 2134 3604 2208">
    <p class='ocr_par' dir='ltr' id='par_1_63' title="bbox 1947 2134 3604 2208">
     <span class='ocr_line' id='line_1_63' title="bbox 1947 2134 3604 2208; baseline 0.004 -17"><span class='ocrx_word' id='word_1_445' title='bbox 1947 2135 2114 2192; x_wconf 91' lang='lat' dir='ltr'><strong>illum</strong></span> <span class='ocrx_word' id='word_1_446' title='bbox 2142 2150 2251 2208; x_wconf 89' lang='lat' dir='ltr'><strong>pro</strong></span> <span class='ocrx_word' id='word_1_447' title='bbox 2281 2150 2353 2191; x_wconf 91' lang='lat' dir='ltr'><strong>ea</strong></span> <span class='ocrx_word' id='word_1_448' title='bbox 2373 2151 2509 2208; x_wconf 67' lang='lat' dir='ltr'><strong>quas</strong></span> <span class='ocrx_word' id='word_1_449' title='bbox 2554 2134 2617 2190; x_wconf 90' lang='lat' dir='ltr'><strong>in</strong></span> <span class='ocrx_word' id='word_1_450' title='bbox 2666 2135 2818 2192; x_wconf 88' lang='lat' dir='ltr'><strong>lecto</strong></span> <span class='ocrx_word' id='word_1_451' title='bbox 2843 2136 3263 2196; x_wconf 87' lang='lat' dir='ltr'><strong>decumbebat.</strong></span> <span class='ocrx_word' id='word_1_452' title='bbox 3288 2141 3604 2198; x_wconf 62' lang='lat' dir='ltr'><strong>Mattheus</strong></span> 
     </span>
    </p>
   </div>
   <div class='ocr_carea' id='block_1_64' title="bbox 1947 2224 3604 2286">
    <p class='ocr_par' dir='ltr' id='par_1_64' title="bbox 1947 2224 3604 2286">
     <span class='ocr_line' id='line_1_64' title="bbox 1947 2224 3604 2286; baseline 0.003 -5"><span class='ocrx_word' id='word_1_453' title='bbox 1947 2239 2090 2282; x_wconf 88' lang='lat' dir='ltr'><strong>vero</strong></span> <span class='ocrx_word' id='word_1_454' title='bbox 2121 2224 2299 2281; x_wconf 85' lang='lat' dir='ltr'><strong>etiam</strong></span> <span class='ocrx_word' id='word_1_455' title='bbox 2329 2225 2442 2281; x_wconf 90' lang='lat' dir='ltr'><strong>hoc</strong></span> <span class='ocrx_word' id='word_1_456' title='bbox 2485 2224 2684 2281; x_wconf 89' lang='lat' dir='ltr'><strong>tacuit.</strong></span> <span class='ocrx_word' id='word_1_457' title='bbox 2729 2228 2857 2281; x_wconf 84' lang='lat' dir='ltr'><strong>Non</strong></span> <span class='ocrx_word' id='word_1_458' title='bbox 2906 2231 2993 2282; x_wconf 91' lang='lat' dir='ltr'><strong>est</strong></span> <span class='ocrx_word' id='word_1_459' title='bbox 3023 2233 3226 2283; x_wconf 85' lang='lat' dir='ltr'><strong>autem</strong></span> <span class='ocrx_word' id='word_1_460' title='bbox 3273 2229 3389 2284; x_wconf 92' lang='lat' dir='ltr'><strong>hoc</strong></span> <span class='ocrx_word' id='word_1_461' title='bbox 3414 2230 3604 2286; x_wconf 87' lang='lat' dir='ltr'><strong>disso-</strong></span> 
     </span>
    </p>
   </div>
   <div class='ocr_carea' id='block_1_65' title="bbox 1947 2313 3601 2388">
    <p class='ocr_par' dir='ltr' id='par_1_65' title="bbox 1947 2313 3601 2388">
     <span class='ocr_line' id='line_1_65' title="bbox 1947 2313 3601 2388; baseline 0.003 -19"><span class='ocrx_word' id='word_1_462' title='bbox 1947 2313 2166 2370; x_wconf 59' lang='lat' dir='ltr'><strong>nantia</strong></span> <span class='ocrx_word' id='word_1_463' title='bbox 2191 2313 2448 2383; x_wconf 87' lang='lat' dir='ltr'><strong>signum,</strong></span> <span class='ocrx_word' id='word_1_464' title='bbox 2482 2313 2589 2369; x_wconf 86' lang='lat' dir='ltr'><strong>sed</strong></span> <span class='ocrx_word' id='word_1_465' title='bbox 2635 2313 2803 2386; x_wconf 89' lang='lat' dir='ltr'><strong>quod</strong></span> <span class='ocrx_word' id='word_1_466' title='bbox 2845 2313 2925 2369; x_wconf 88' lang='lat' dir='ltr'><strong>illi</strong></span> <span class='ocrx_word' id='word_1_467' title='bbox 2957 2315 3242 2383; x_wconf 90' lang='lat' dir='ltr'><strong>fecerunt,</strong></span> <span class='ocrx_word' id='word_1_468' title='bbox 3277 2317 3601 2388; x_wconf 64' lang='lat' dir='ltr'><strong>diligentia</strong></span> 
     </span>
    </p>
   </div>
   <div class='ocr_carea' id='block_1_66' title="bbox 1948 2401 3607 2476">
    <p class='ocr_par' dir='ltr' id='par_1_66' title="bbox 1948 2401 3607 2476">
     <span class='ocr_line' id='line_1_66' title="bbox 1948 2401 3607 2476; baseline 0.003 -17"><span class='ocrx_word' id='word_1_469' title='bbox 1948 2401 2077 2468; x_wconf 85' lang='lat' dir='ltr'><strong>fuit,</strong></span> <span class='ocrx_word' id='word_1_470' title='bbox 2110 2403 2276 2476; x_wconf 89' lang='lat' dir='ltr'><strong>quod</strong></span> <span class='ocrx_word' id='word_1_471' title='bbox 2301 2407 2498 2459; x_wconf 88' lang='lat' dir='ltr'><strong>autem</strong></span> <span class='ocrx_word' id='word_1_472' title='bbox 2526 2403 2644 2468; x_wconf 89' lang='lat' dir='ltr'><strong>hic,</strong></span> <span class='ocrx_word' id='word_1_473' title='bbox 2677 2403 3005 2462; x_wconf 80' lang='lat' dir='ltr'><strong>brevitatis.</strong></span> <span class='ocrx_word' id='word_1_474' title='bbox 3042 2405 3353 2474; x_wconf 85' lang='lat' dir='ltr'><strong>Ingressus</strong></span> <span class='ocrx_word' id='word_1_475' title='bbox 3380 2412 3470 2463; x_wconf 91' lang='lat' dir='ltr'><strong>est</strong></span> <span class='ocrx_word' id='word_1_476' title='bbox 3497 2424 3607 2464; x_wconf 91' lang='lat' dir='ltr'><strong>au-</strong></span> 
     </span>
    </p>
   </div>
   <div class='ocr_carea' id='block_1_67' title="bbox 1951 2492 3607 2564">
    <p class='ocr_par' dir='ltr' id='par_1_67' title="bbox 1951 2492 3607 2564">
     <span class='ocr_line' id='line_1_67' title="bbox 1951 2492 3607 2564; baseline 0.004 -15"><span class='ocrx_word' id='word_1_477' title='bbox 1951 2496 2070 2549; x_wconf 91' lang='lat' dir='ltr'><strong>tem</strong></span> <span class='ocrx_word' id='word_1_478' title='bbox 2096 2492 2213 2548; x_wconf 90' lang='lat' dir='ltr'><strong>cibi</strong></span> <span class='ocrx_word' id='word_1_479' title='bbox 2263 2492 2532 2548; x_wconf 88' lang='lat' dir='ltr'><strong>sumendi</strong></span> <span class='ocrx_word' id='word_1_480' title='bbox 2585 2508 2790 2561; x_wconf 90' lang='lat' dir='ltr'><strong>causa,</strong></span> <span class='ocrx_word' id='word_1_481' title='bbox 2827 2498 3070 2550; x_wconf 85' lang='lat' dir='ltr'><strong>vocante</strong></span> <span class='ocrx_word' id='word_1_482' title='bbox 3109 2494 3238 2564; x_wconf 87' lang='lat' dir='ltr'><strong>jam</strong></span> <span class='ocrx_word' id='word_1_483' title='bbox 3276 2495 3444 2552; x_wconf 90' lang='lat' dir='ltr'><strong>hora.</strong></span> <span class='ocrx_word' id='word_1_484' title='bbox 3503 2497 3607 2555; x_wconf 90' lang='lat' dir='ltr'><strong>llla</strong></span> 
     </span>
    </p>
   </div>
   <div class='ocr_carea' id='block_1_68' title="bbox 1950 2579 3608 2653">
    <p class='ocr_par' dir='ltr' id='par_1_68' title="bbox 1950 2579 3608 2653">
     <span class='ocr_line' id='line_1_68' title="bbox 1950 2579 3608 2653; baseline 0.004 -17"><span class='ocrx_word' id='word_1_485' title='bbox 1950 2595 2092 2636; x_wconf 84' lang='lat' dir='ltr'><strong>vero</strong></span> <span class='ocrx_word' id='word_1_486' title='bbox 2117 2595 2253 2653; x_wconf 70' lang='lat' dir='ltr'><strong>quin</strong></span> <span class='ocrx_word' id='word_1_487' title='bbox 2280 2581 2339 2637; x_wconf 90' lang='lat' dir='ltr'><strong>in</strong></span> <span class='ocrx_word' id='word_1_488' title='bbox 2359 2579 2510 2638; x_wconf 92' lang='lat' dir='ltr'><strong>lecto</strong></span> <span class='ocrx_word' id='word_1_489' title='bbox 2532 2580 2944 2647; x_wconf 88' lang='lat' dir='ltr'><strong>decumbebat,</strong></span> <span class='ocrx_word' id='word_1_490' title='bbox 2964 2583 3217 2639; x_wconf 81' lang='lat' dir='ltr'><strong>surrexit</strong></span> <span class='ocrx_word' id='word_1_491' title='bbox 3239 2589 3294 2640; x_wconf 91' lang='lat' dir='ltr'><strong>et</strong></span> <span class='ocrx_word' id='word_1_492' title='bbox 3316 2585 3608 2643; x_wconf 88' lang='lat' dir='ltr'><strong>ministra-</strong></span> 
     </span>
    </p>
   </div>
   <div class='ocr_carea' id='block_1_69' title="bbox 1950 2667 2148 2725">
    <p class='ocr_par' dir='ltr' id='par_1_69' title="bbox 1950 2667 2148 2725">
     <span class='ocr_line' id='line_1_69' title="bbox 1950 2667 2148 2725; baseline -0.005 0"><span class='ocrx_word' id='word_1_493' title='bbox 1950 2667 2058 2725; x_wconf 89' lang='lat' dir='ltr'><strong>bat</strong></span> <span class='ocrx_word' id='word_1_494' title='bbox 2077 2669 2148 2724; x_wconf 90' lang='lat' dir='ltr'><strong>ei.</strong></span> 
     </span>
    </p>
   </div>
   <div class='ocr_carea' id='block_1_70' title="bbox 2021 2758 3608 2833">
    <p class='ocr_par' dir='ltr' id='par_1_70' title="bbox 2021 2758 3608 2833">
     <span class='ocr_line' id='line_1_70' title="bbox 2021 2758 3608 2833; baseline 0.003 -18"><span class='ocrx_word' id='word_1_495' title='bbox 2021 2760 2107 2815; x_wconf 87' lang='lat' dir='ltr'><strong>Tu</strong></span> <span class='ocrx_word' id='word_1_496' title='bbox 2134 2773 2372 2831; x_wconf 88' lang='lat' dir='ltr'><strong>quoque</strong></span> <span class='ocrx_word' id='word_1_497' title='bbox 2402 2758 2548 2816; x_wconf 88' lang='lat' dir='ltr'><strong>mihi</strong></span> <span class='ocrx_word' id='word_1_498' title='bbox 2577 2759 2897 2828; x_wconf 89' lang='lat' dir='ltr'><strong>admirare,</strong></span> <span class='ocrx_word' id='word_1_499' title='bbox 2925 2764 3223 2833; x_wconf 87' lang='lat' dir='ltr'><strong>quantum</strong></span> <span class='ocrx_word' id='word_1_500' title='bbox 3253 2778 3380 2819; x_wconf 89' lang='lat' dir='ltr'><strong>sese</strong></span> <span class='ocrx_word' id='word_1_501' title='bbox 3405 2764 3608 2820; x_wconf 89' lang='lat' dir='ltr'><strong>Domi-</strong></span> 
     </span>
    </p>
   </div>
   <div class='ocr_carea' id='block_1_71' title="bbox 1951 2848 3607 2925">
    <p class='ocr_par' dir='ltr' id='par_1_71' title="bbox 1951 2848 3607 2925">
     <span class='ocr_line' id='line_1_71' title="bbox 1951 2848 3607 2925; baseline 0.004 -21"><span class='ocrx_word' id='word_1_502' title='bbox 1951 2862 2066 2904; x_wconf 90' lang='lat' dir='ltr'><strong>nus</strong></span> <span class='ocrx_word' id='word_1_503' title='bbox 2087 2848 2384 2919; x_wconf 89' lang='lat' dir='ltr'><strong>dejecerit.</strong></span> <span class='ocrx_word' id='word_1_504' title='bbox 2432 2851 2561 2905; x_wconf 88' lang='lat' dir='ltr'><strong>Non</strong></span> <span class='ocrx_word' id='word_1_505' title='bbox 2591 2848 2954 2919; x_wconf 89' lang='lat' dir='ltr'><strong>dedignatus</strong></span> <span class='ocrx_word' id='word_1_506' title='bbox 2977 2855 3068 2906; x_wconf 86' lang='lat' dir='ltr'><strong>est</strong></span> <span class='ocrx_word' id='word_1_507' title='bbox 3092 2851 3260 2907; x_wconf 89' lang='lat' dir='ltr'><strong>vilem</strong></span> <span class='ocrx_word' id='word_1_508' title='bbox 3283 2852 3607 2925; x_wconf 88' lang='lat' dir='ltr'><strong>piscatoris</strong></span> 
     </span>
    </p>
   </div>
   <div class='ocr_carea' id='block_1_72' title="bbox 1951 2935 3607 3013">
    <p class='ocr_par' dir='ltr' id='par_1_72' title="bbox 1951 2935 3607 3013">
     <span class='ocr_line' id='line_1_72' title="bbox 1951 2935 3607 3013; baseline 0.004 -21"><span class='ocrx_word' id='word_1_509' title='bbox 1951 2935 2202 2994; x_wconf 91' lang='lat' dir='ltr'><strong>domum</strong></span> <span class='ocrx_word' id='word_1_510' title='bbox 2220 2937 2450 3006; x_wconf 89' lang='lat' dir='ltr'><strong>ingredi</strong></span> <span class='ocrx_word' id='word_1_511' title='bbox 2475 2955 2488 2994; x_wconf 86' lang='lat'><strong>:</strong></span> <span class='ocrx_word' id='word_1_512' title='bbox 2518 2937 2656 2994; x_wconf 92' lang='lat' dir='ltr'><strong>hinc</strong></span> <span class='ocrx_word' id='word_1_513' title='bbox 2676 2938 2924 3010; x_wconf 87' lang='lat' dir='ltr'><strong>quidem</strong></span> <span class='ocrx_word' id='word_1_514' title='bbox 2950 2944 3005 2998; x_wconf 89' lang='lat' dir='ltr'><strong>et</strong></span> <span class='ocrx_word' id='word_1_515' title='bbox 3029 2939 3388 3013; x_wconf 86' lang='lat' dir='ltr'><strong>discipulum</strong></span> <span class='ocrx_word' id='word_1_516' title='bbox 3413 2941 3607 2999; x_wconf 88' lang='lat' dir='ltr'><strong>hono-</strong></span> 
     </span>
    </p>
   </div>
   <div class='ocr_carea' id='block_1_73' title="bbox 1951 3026 3607 3101">
    <p class='ocr_par' dir='ltr' id='par_1_73' title="bbox 1951 3026 3607 3101">
     <span class='ocr_line' id='line_1_73' title="bbox 1951 3026 3607 3101; baseline 0.004 -19"><span class='ocrx_word' id='word_1_517' title='bbox 1951 3040 2116 3094; x_wconf 86' lang='lat' dir='ltr'><strong>rans,</strong></span> <span class='ocrx_word' id='word_1_518' title='bbox 2147 3029 2204 3082; x_wconf 90' lang='lat' dir='ltr'><strong>et</strong></span> <span class='ocrx_word' id='word_1_519' title='bbox 2229 3026 2407 3082; x_wconf 87' lang='lat' dir='ltr'><strong>simul</strong></span> <span class='ocrx_word' id='word_1_520' title='bbox 2434 3026 2660 3082; x_wconf 85' lang='lat' dir='ltr'><strong>docens</strong></span> <span class='ocrx_word' id='word_1_521' title='bbox 2686 3042 2797 3084; x_wconf 90' lang='lat' dir='ltr'><strong>nos</strong></span> <span class='ocrx_word' id='word_1_522' title='bbox 2834 3043 2908 3083; x_wconf 93' lang='lat' dir='ltr'><strong>ne</strong></span> <span class='ocrx_word' id='word_1_523' title='bbox 2935 3044 3106 3084; x_wconf 67' lang='lat' dir='ltr'><strong>vanas</strong></span> <span class='ocrx_word' id='word_1_524' title='bbox 3138 3029 3341 3101; x_wconf 84' lang='lat' dir='ltr'><strong>gloriae</strong></span> <span class='ocrx_word' id='word_1_525' title='bbox 3371 3032 3607 3089; x_wconf 88' lang='lat' dir='ltr'><strong>studea-</strong></span> 
     </span>
    </p>
   </div>
   <div class='ocr_carea' id='block_1_74' title="bbox 1951 3113 3608 3188">
    <p class='ocr_par' dir='ltr' id='par_1_74' title="bbox 1951 3113 3608 3188">
     <span class='ocr_line' id='line_1_74' title="bbox 1951 3113 3608 3188; baseline 0.004 -18"><span class='ocrx_word' id='word_1_526' title='bbox 1951 3130 2111 3170; x_wconf 90' lang='lat' dir='ltr'><strong>mus.</strong></span> <span class='ocrx_word' id='word_1_527' title='bbox 2141 3113 2291 3170; x_wconf 89' lang='lat' dir='ltr'><strong>Cum</strong></span> <span class='ocrx_word' id='word_1_528' title='bbox 2318 3121 2518 3170; x_wconf 89' lang='lat' dir='ltr'><strong>autem</strong></span> <span class='ocrx_word' id='word_1_529' title='bbox 2543 3131 2718 3171; x_wconf 87' lang='lat' dir='ltr'><strong>manu</strong></span> <span class='ocrx_word' id='word_1_530' title='bbox 2741 3115 2904 3172; x_wconf 89' lang='lat' dir='ltr'><strong>illam</strong></span> <span class='ocrx_word' id='word_1_531' title='bbox 2920 3117 3226 3188; x_wconf 89' lang='lat' dir='ltr'><strong>tetigisset,</strong></span> <span class='ocrx_word' id='word_1_532' title='bbox 3252 3135 3374 3176; x_wconf 90' lang='lat' dir='ltr'><strong>non</strong></span> <span class='ocrx_word' id='word_1_533' title='bbox 3410 3121 3608 3177; x_wconf 91' lang='lat' dir='ltr'><strong>solum</strong></span> 
     </span>
    </p>
   </div>
   <div class='ocr_carea' id='block_1_75' title="bbox 1952 3201 3609 3275">
    <p class='ocr_par' dir='ltr' id='par_1_75' title="bbox 1952 3201 3609 3275">
     <span class='ocr_line' id='line_1_75' title="bbox 1952 3201 3609 3275; baseline 0.004 -17"><span class='ocrx_word' id='word_1_534' title='bbox 1952 3201 2167 3258; x_wconf 82' lang='lat' dir='ltr'><strong>febrim</strong></span> <span class='ocrx_word' id='word_1_535' title='bbox 2197 3203 2496 3264; x_wconf 79' lang='lat' dir='ltr'><strong>exstinxit,</strong></span> <span class='ocrx_word' id='word_1_536' title='bbox 2528 3219 2737 3259; x_wconf 87' lang='lat' dir='ltr'><strong>verum</strong></span> <span class='ocrx_word' id='word_1_537' title='bbox 2760 3205 2940 3259; x_wconf 89' lang='lat' dir='ltr'><strong>etiam</strong></span> <span class='ocrx_word' id='word_1_538' title='bbox 2966 3205 3261 3275; x_wconf 89' lang='lat' dir='ltr'><strong>integram</strong></span> <span class='ocrx_word' id='word_1_539' title='bbox 3294 3209 3344 3262; x_wconf 89' lang='lat' dir='ltr'><strong>ei</strong></span> <span class='ocrx_word' id='word_1_540' title='bbox 3377 3210 3609 3265; x_wconf 88' lang='lat' dir='ltr'><strong>tradidit</strong></span> 
     </span>
    </p>
   </div>
   <div class='ocr_carea' id='block_1_76' title="bbox 1953 3290 3609 3356">
    <p class='ocr_par' dir='ltr' id='par_1_76' title="bbox 1953 3290 3609 3356">
     <span class='ocr_line' id='line_1_76' title="bbox 1953 3290 3609 3356; baseline 0.005 -10"><span class='ocrx_word' id='word_1_541' title='bbox 1953 3292 2291 3348; x_wconf 89' lang='lat' dir='ltr'><strong>sanitatem.</strong></span> <span class='ocrx_word' id='word_1_542' title='bbox 2323 3291 2587 3347; x_wconf 89' lang='lat' dir='ltr'><strong>Surrexit</strong></span> <span class='ocrx_word' id='word_1_543' title='bbox 2605 3290 2783 3356; x_wconf 87' lang='lat' dir='ltr'><strong>enim,</strong></span> <span class='ocrx_word' id='word_1_544' title='bbox 2816 3296 2872 3348; x_wconf 93' lang='lat' dir='ltr'><strong>et</strong></span> <span class='ocrx_word' id='word_1_545' title='bbox 2901 3294 3185 3349; x_wconf 90' lang='lat' dir='ltr'><strong>continuo</strong></span> <span class='ocrx_word' id='word_1_546' title='bbox 3214 3295 3609 3354; x_wconf 89' lang='lat' dir='ltr'><strong>ministrabat.</strong></span> 
     </span>
    </p>
   </div>
   <div class='ocr_carea' id='block_1_77' title="bbox 1955 3379 3610 3458">
    <p class='ocr_par' dir='ltr' id='par_1_77' title="bbox 1955 3379 3610 3458">
     <span class='ocr_line' id='line_1_77' title="bbox 1955 3379 3610 3458; baseline 0.005 -24"><span class='ocrx_word' id='word_1_547' title='bbox 1955 3380 2125 3451; x_wconf 85' lang='lat' dir='ltr'><strong>Atqui</strong></span> <span class='ocrx_word' id='word_1_548' title='bbox 2153 3379 2355 3435; x_wconf 89' lang='lat' dir='ltr'><strong>ablata</strong></span> <span class='ocrx_word' id='word_1_549' title='bbox 2380 3379 2559 3435; x_wconf 88' lang='lat' dir='ltr'><strong>etiam</strong></span> <span class='ocrx_word' id='word_1_550' title='bbox 2589 3380 2756 3443; x_wconf 83' lang='lat' dir='ltr'><strong>febri,</strong></span> <span class='ocrx_word' id='word_1_551' title='bbox 2782 3379 3396 3452; x_wconf 89' lang='lat' dir='ltr'><strong>laborantibuslongo</strong></span> <span class='ocrx_word' id='word_1_552' title='bbox 3452 3403 3610 3458; x_wconf 90' lang='lat' dir='ltr'><strong>opus</strong></span> 
     </span>
    </p>
   </div>
   <div class='ocr_carea' id='block_1_78' title="bbox 1955 3468 3611 3541">
    <p class='ocr_par' dir='ltr' id='par_1_78' title="bbox 1955 3468 3611 3541">
     <span class='ocr_line' id='line_1_78' title="bbox 1955 3468 3611 3541; baseline 0.003 -15"><span class='ocrx_word' id='word_1_553' title='bbox 1955 3473 2042 3526; x_wconf 86' lang='lat' dir='ltr'><strong>est</strong></span> <span class='ocrx_word' id='word_1_554' title='bbox 2079 3472 2387 3540; x_wconf 89' lang='lat' dir='ltr'><strong>temporet,</strong></span> <span class='ocrx_word' id='word_1_555' title='bbox 2437 3473 2502 3524; x_wconf 91' lang='lat' dir='ltr'><strong>ut</strong></span> <span class='ocrx_word' id='word_1_556' title='bbox 2546 3468 2805 3541; x_wconf 88' lang='lat' dir='ltr'><strong>priorem</strong></span> <span class='ocrx_word' id='word_1_557' title='bbox 2847 3470 3136 3540; x_wconf 90' lang='lat' dir='ltr'><strong>recipiant</strong></span> <span class='ocrx_word' id='word_1_558' title='bbox 3170 3472 3501 3529; x_wconf 87' lang='lat' dir='ltr'><strong>sanitatem.</strong></span> <span class='ocrx_word' id='word_1_559' title='bbox 3546 3477 3611 3532; x_wconf 89' lang='lat' dir='ltr'><strong>In</strong></span> 
     </span>
    </p>
   </div>
   <div class='ocr_carea' id='block_1_79' title="bbox 1955 3557 3612 3630">
    <p class='ocr_par' dir='ltr' id='par_1_79' title="bbox 1955 3557 3612 3630">
     <span class='ocr_line' id='line_1_79' title="bbox 1955 3557 3612 3630; baseline 0.004 -16"><span class='ocrx_word' id='word_1_560' title='bbox 1955 3558 2107 3614; x_wconf 89' lang='lat' dir='ltr'><strong>mari</strong></span> <span class='ocrx_word' id='word_1_561' title='bbox 2137 3572 2376 3630; x_wconf 90' lang='lat' dir='ltr'><strong>quoque</strong></span> <span class='ocrx_word' id='word_1_562' title='bbox 2396 3571 2520 3614; x_wconf 90' lang='lat' dir='ltr'><strong>non</strong></span> <span class='ocrx_word' id='word_1_563' title='bbox 2550 3557 2746 3614; x_wconf 91' lang='lat' dir='ltr'><strong>solum</strong></span> <span class='ocrx_word' id='word_1_564' title='bbox 2774 3563 3178 3630; x_wconf 90' lang='lat' dir='ltr'><strong>tempestatem</strong></span> <span class='ocrx_word' id='word_1_565' title='bbox 3209 3560 3454 3629; x_wconf 82' lang='lat' dir='ltr'><strong>sedavit,</strong></span> <span class='ocrx_word' id='word_1_566' title='bbox 3505 3564 3612 3620; x_wconf 89' lang='lat' dir='ltr'><strong>sed</strong></span> 
     </span>
    </p>
   </div>
   <div class='ocr_carea' id='block_1_80' title="bbox 1957 3645 3611 3715">
    <p class='ocr_par' dir='ltr' id='par_1_80' title="bbox 1957 3645 3611 3715">
     <span class='ocr_line' id='line_1_80' title="bbox 1957 3645 3611 3715; baseline 0.003 -11"><span class='ocrx_word' id='word_1_567' title='bbox 1957 3647 2133 3704; x_wconf 88' lang='lat' dir='ltr'><strong>etiam</strong></span> <span class='ocrx_word' id='word_1_568' title='bbox 2151 3645 2436 3702; x_wconf 88' lang='lat' dir='ltr'><strong>ﬂuctuum</strong></span> <span class='ocrx_word' id='word_1_569' title='bbox 2454 3647 2924 3704; x_wconf 89' lang='lat' dir='ltr'><strong>commotionem</strong></span> <span class='ocrx_word' id='word_1_570' title='bbox 2949 3648 3234 3715; x_wconf 90' lang='lat' dir='ltr'><strong>cohibuit,</strong></span> <span class='ocrx_word' id='word_1_571' title='bbox 3252 3667 3388 3707; x_wconf 90' lang='lat' dir='ltr'><strong>cum</strong></span> <span class='ocrx_word' id='word_1_572' title='bbox 3406 3655 3611 3709; x_wconf 88' lang='lat' dir='ltr'><strong>tamen</strong></span> 
     </span>
    </p>
   </div>
   <div class='ocr_carea' id='block_1_81' title="bbox 1957 3735 3613 3812">
    <p class='ocr_par' dir='ltr' id='par_1_81' title="bbox 1957 3735 3613 3812">
     <span class='ocr_line' id='line_1_81' title="bbox 1957 3735 3613 3812; baseline 0.005 -21"><span class='ocrx_word' id='word_1_573' title='bbox 1957 3740 2092 3809; x_wconf 89' lang='lat' dir='ltr'><strong>post</strong></span> <span class='ocrx_word' id='word_1_574' title='bbox 2121 3740 2535 3808; x_wconf 89' lang='lat' dir='ltr'><strong>tempestatem</strong></span> <span class='ocrx_word' id='word_1_575' title='bbox 2563 3735 2787 3792; x_wconf 88' lang='lat' dir='ltr'><strong>diutius</strong></span> <span class='ocrx_word' id='word_1_576' title='bbox 2839 3742 3083 3795; x_wconf 89' lang='lat' dir='ltr'><strong>maneat</strong></span> <span class='ocrx_word' id='word_1_577' title='bbox 3125 3755 3422 3812; x_wconf 87' lang='lat' dir='ltr'><strong>aquarum</strong></span> <span class='ocrx_word' id='word_1_578' title='bbox 3451 3757 3613 3800; x_wconf 91' lang='lat' dir='ltr'><strong>com-</strong></span> 
     </span>
    </p>
   </div>
   <div class='ocr_carea' id='block_1_82' title="bbox 1957 3824 3613 3902">
    <p class='ocr_par' dir='ltr' id='par_1_82' title="bbox 1957 3824 3613 3902">
     <span class='ocr_line' id='line_1_82' title="bbox 1957 3824 3613 3902; baseline 0.005 -22"><span class='ocrx_word' id='word_1_579' title='bbox 1957 3824 2165 3881; x_wconf 90' lang='lat' dir='ltr'><strong>motio.</strong></span> <span class='ocrx_word' id='word_1_580' title='bbox 2192 3828 2277 3882; x_wconf 91' lang='lat' dir='ltr'><strong>lta</strong></span> <span class='ocrx_word' id='word_1_581' title='bbox 2297 3825 2456 3882; x_wconf 90' lang='lat' dir='ltr'><strong>enim</strong></span> <span class='ocrx_word' id='word_1_582' title='bbox 2473 3827 2636 3882; x_wconf 88' lang='lat' dir='ltr'><strong>novit</strong></span> <span class='ocrx_word' id='word_1_583' title='bbox 2665 3825 2955 3892; x_wconf 88' lang='lat' dir='ltr'><strong>Christus,</strong></span> <span class='ocrx_word' id='word_1_584' title='bbox 2977 3827 3156 3884; x_wconf 89' lang='lat' dir='ltr'><strong>simul</strong></span> <span class='ocrx_word' id='word_1_585' title='bbox 3176 3834 3232 3886; x_wconf 91' lang='lat' dir='ltr'><strong>et</strong></span> <span class='ocrx_word' id='word_1_586' title='bbox 3253 3830 3416 3902; x_wconf 91' lang='lat' dir='ltr'><strong>quod</strong></span> <span class='ocrx_word' id='word_1_587' title='bbox 3445 3833 3613 3902; x_wconf 74' lang='lat' dir='ltr'><strong>aegri-</strong></span> 
     </span>
    </p>
   </div>
   <div class='ocr_carea' id='block_1_83' title="bbox 1958 3912 3614 3990">
    <p class='ocr_par' dir='ltr' id='par_1_83' title="bbox 1958 3912 3614 3990">
     <span class='ocr_line' id='line_1_83' title="bbox 1958 3912 3614 3990; baseline 0.006 -21"><span class='ocrx_word' id='word_1_588' title='bbox 1958 3912 2164 3970; x_wconf 90' lang='lat' dir='ltr'><strong>tudine</strong></span> <span class='ocrx_word' id='word_1_589' title='bbox 2193 3913 2472 3972; x_wconf 79' lang='lat' dir='ltr'><strong>aﬁectum</strong></span> <span class='ocrx_word' id='word_1_590' title='bbox 2499 3920 2587 3972; x_wconf 91' lang='lat' dir='ltr'><strong>est</strong></span> <span class='ocrx_word' id='word_1_591' title='bbox 2616 3914 2863 3988; x_wconf 90' lang='lat' dir='ltr'><strong>solvere,</strong></span> <span class='ocrx_word' id='word_1_592' title='bbox 2896 3920 2955 3973; x_wconf 91' lang='lat' dir='ltr'><strong>et</strong></span> <span class='ocrx_word' id='word_1_593' title='bbox 2996 3917 3057 3974; x_wconf 89' lang='lat' dir='ltr'><strong>in</strong></span> <span class='ocrx_word' id='word_1_594' title='bbox 3105 3919 3363 3990; x_wconf 90' lang='lat' dir='ltr'><strong>priorem</strong></span> <span class='ocrx_word' id='word_1_595' title='bbox 3391 3924 3614 3978; x_wconf 88' lang='lat' dir='ltr'><strong>statum</strong></span> 
     </span>
    </p>
   </div>
   <div class='ocr_carea' id='block_1_84' title="bbox 1956 4015 2267 4074">
    <p class='ocr_par' dir='ltr' id='par_1_84' title="bbox 1956 4015 2267 4074">
     <span class='ocr_line' id='line_1_84' title="bbox 1956 4015 2267 4074; baseline -0.006 -14"><span class='ocrx_word' id='word_1_596' title='bbox 1956 4015 2267 4074; x_wconf 84' lang='lat' dir='ltr'><strong>reponere.</strong></span> 
     </span>
    </p>
   </div>
   <div class='ocr_carea' id='block_1_85' title="bbox 2030 4109 3494 4183">
    <p class='ocr_par' dir='ltr' id='par_1_85' title="bbox 2030 4109 3494 4183">
     <span class='ocr_line' id='line_1_85' title="bbox 2030 4109 3494 4183; baseline 0.005 -18"><span class='ocrx_word' id='word_1_597' title='bbox 2030 4109 2194 4167; x_wconf 84' lang='lat' dir='ltr'><strong>CAP.</strong></span> <span class='ocrx_word' id='word_1_598' title='bbox 2237 4109 2322 4166; x_wconf 88' lang='lat' dir='ltr'><strong>IX.</strong></span> <span class='ocrx_word' id='word_1_599' title='bbox 2369 4111 2455 4167; x_wconf 87' lang='lat' dir='ltr'><strong>De</strong></span> <span class='ocrx_word' id='word_1_600' title='bbox 2479 4111 2704 4168; x_wconf 78' lang='lat' dir='ltr'><strong>curatis</strong></span> <span class='ocrx_word' id='word_1_601' title='bbox 2738 4126 2776 4169; x_wconf 88' lang='grc' dir='ltr'><strong>α</strong></span> <span class='ocrx_word' id='word_1_602' title='bbox 2805 4113 2983 4170; x_wconf 78' lang='lat' dir='ltr'><strong>variis</strong></span> <span class='ocrx_word' id='word_1_603' title='bbox 3024 4113 3494 4183; x_wconf 77' lang='lat' dir='ltr'><strong>inﬁrmilatibus.</strong></span> 
     </span>
    </p>
   </div>
   <div class='ocr_carea' id='block_1_86' title="bbox 2030 4304 3612 4379">
    <p class='ocr_par' dir='ltr' id='par_1_86' title="bbox 2030 4304 3612 4379">
     <span class='ocr_line' id='line_1_86' title="bbox 2030 4304 3612 4379; baseline 0.004 -19"><span class='ocrx_word' id='word_1_604' title='bbox 2030 4305 2173 4360; x_wconf 87' lang='lat' dir='ltr'><strong>Vers</strong></span> <span class='ocrx_word' id='word_1_605' title='bbox 2197 4305 2282 4361; x_wconf 81' lang='grc'><strong>16.</strong></span> <span class='ocrx_word' id='word_1_606' title='bbox 2321 4304 2575 4374; x_wconf 82' lang='lat' dir='ltr'><strong>Vespera</strong></span> <span class='ocrx_word' id='word_1_607' title='bbox 2605 4306 2890 4362; x_wconf 82' lang='lat' dir='ltr'><strong>-verbo.</strong></span> <span class='ocrx_word' id='word_1_608' title='bbox 2925 4308 3246 4379; x_wconf 89' lang='lat' dir='ltr'><strong>Vesperam</strong></span> <span class='ocrx_word' id='word_1_609' title='bbox 3273 4308 3454 4364; x_wconf 89' lang='lat' dir='ltr'><strong>ﬁnem</strong></span> <span class='ocrx_word' id='word_1_610' title='bbox 3495 4310 3612 4367; x_wconf 89' lang='lat' dir='ltr'><strong>diei</strong></span> 
     </span>
    </p>
   </div>
   <div class='ocr_carea' id='block_1_87' title="bbox 1959 4392 3613 4462">
    <p class='ocr_par' dir='ltr' id='par_1_87' title="bbox 1959 4392 3613 4462">
     <span class='ocr_line' id='line_1_87' title="bbox 1959 4392 3613 4462; baseline 0.003 -13"><span class='ocrx_word' id='word_1_611' title='bbox 1959 4393 2308 4450; x_wconf 84' lang='lat' dir='ltr'><strong>nominavit.</strong></span> <span class='ocrx_word' id='word_1_612' title='bbox 2340 4392 2476 4448; x_wconf 86' lang='lat' dir='ltr'><strong>Ideo</strong></span> <span class='ocrx_word' id='word_1_613' title='bbox 2525 4393 2754 4448; x_wconf 88' lang='lat' dir='ltr'><strong>Marcus</strong></span> <span class='ocrx_word' id='word_1_614' title='bbox 2781 4395 2829 4429; x_wconf 75' lang='grc'>⁸⁵</span> <span class='ocrx_word' id='word_1_615' title='bbox 2860 4401 2915 4450; x_wconf 91' lang='lat' dir='ltr'><strong>et</strong></span> <span class='ocrx_word' id='word_1_616' title='bbox 2939 4396 3125 4450; x_wconf 88' lang='lat' dir='ltr'><strong>Lucas</strong></span> <span class='ocrx_word' id='word_1_617' title='bbox 3156 4398 3203 4431; x_wconf 80' lang='grc'><strong>⁸⁸</strong></span> <span class='ocrx_word' id='word_1_618' title='bbox 3239 4397 3613 4462; x_wconf 85' lang='lat' dir='ltr'><strong>mentionem</strong></span> 
     </span>
    </p>
   </div>
   <div class='ocr_carea' id='block_1_88' title="bbox 1959 4481 3615 4555">
    <p class='ocr_par' dir='ltr' id='par_1_88' title="bbox 1959 4481 3615 4555">
     <span class='ocr_line' id='line_1_88' title="bbox 1959 4481 3615 4555; baseline 0.003 -18"><span class='ocrx_word' id='word_1_619' title='bbox 1959 4496 2200 4555; x_wconf 91' lang='lat' dir='ltr'><strong>quoque</strong></span> <span class='ocrx_word' id='word_1_620' title='bbox 2226 4481 2489 4538; x_wconf 87' lang='lat' dir='ltr'><strong>fecerunt</strong></span> <span class='ocrx_word' id='word_1_621' title='bbox 2519 4481 2593 4537; x_wconf 90' lang='lat' dir='ltr'><strong>de</strong></span> <span class='ocrx_word' id='word_1_622' title='bbox 2623 4497 2842 4539; x_wconf 90' lang='lat' dir='ltr'><strong>occasu</strong></span> <span class='ocrx_word' id='word_1_623' title='bbox 2900 4483 3064 4550; x_wconf 90' lang='lat' dir='ltr'><strong>solis,</strong></span> <span class='ocrx_word' id='word_1_624' title='bbox 3114 4483 3486 4541; x_wconf 87' lang='lat' dir='ltr'><strong>manifestius</strong></span> <span class='ocrx_word' id='word_1_625' title='bbox 3514 4485 3615 4544; x_wconf 90' lang='lat' dir='ltr'><strong>de-</strong></span> 
     </span>
    </p>
   </div>
   <div class='ocr_carea' id='block_1_89' title="bbox 240 4568 1841 4652">
    <p class='ocr_par' dir='ltr' id='par_1_89' title="bbox 240 4568 1841 4648">
     <span class='ocr_line' id='line_1_89' title="bbox 240 4568 1841 4648; baseline -0.004 -17"><span class='ocrx_word' id='word_1_626' title='bbox 240 4596 321 4638; x_wconf 81' lang='grc' dir='ltr'><strong>τες</strong></span> <span class='ocrx_word' id='word_1_627' title='bbox 345 4579 437 4628; x_wconf 82' lang='grc' dir='ltr'>τὸν</span> <span class='ocrx_word' id='word_1_628' title='bbox 485 4578 682 4648; x_wconf 85' lang='grc' dir='ltr'>καιρόν’</span> <span class='ocrx_word' id='word_1_629' title='bbox 719 4575 743 4625; x_wconf 94' lang='lat'><strong>6</strong></span> <span class='ocrx_word' id='word_1_630' title='bbox 786 4575 877 4645; x_wconf 72' lang='grc' dir='ltr'>μὶν</span> <span class='ocrx_word' id='word_1_631' title='bbox 913 4575 1014 4646; x_wconf 83' lang='grc' dir='ltr'><strong>γὰρ</strong></span> <span class='ocrx_word' id='word_1_632' title='bbox 1067 4568 1327 4644; x_wconf 83' lang='grc' dir='ltr'>δημώδης</span> <span class='ocrx_word' id='word_1_633' title='bbox 1379 4571 1540 4643; x_wconf 78' lang='grc' dir='ltr'>ὄχλος</span> <span class='ocrx_word' id='word_1_634' title='bbox 1582 4570 1841 4644; x_wconf 76' lang='grc' dir='ltr'>ἀναμείνας</span> 
     </span>
    </p>
   </div>
   <div class='ocr_carea' id='block_1_90' title="bbox 1956 4568 3616 4652">
    <p class='ocr_par' dir='ltr' id='par_1_90' title="bbox 1961 4572 3616 4650">
     <span class='ocr_line' id='line_1_90' title="bbox 1961 4572 3616 4650; baseline 0.003 -22"><span class='ocrx_word' id='word_1_635' title='bbox 1961 4576 2359 4628; x_wconf 86' lang='lat' dir='ltr'><strong>monstrantes</strong></span> <span class='ocrx_word' id='word_1_636' title='bbox 2390 4575 2646 4643; x_wconf 91' lang='lat' dir='ltr'><strong>tempus.</strong></span> <span class='ocrx_word' id='word_1_637' title='bbox 2676 4572 2986 4645; x_wconf 85' lang='lat' dir='ltr'><strong>Popularis</strong></span> <span class='ocrx_word' id='word_1_638' title='bbox 3011 4575 3171 4631; x_wconf 89' lang='lat' dir='ltr'><strong>enim</strong></span> <span class='ocrx_word' id='word_1_639' title='bbox 3200 4575 3375 4632; x_wconf 88' lang='lat' dir='ltr'><strong>turba</strong></span> <span class='ocrx_word' id='word_1_640' title='bbox 3404 4591 3616 4650; x_wconf 82' lang='lat' dir='ltr'><strong>exspe-</strong></span> 
     </span>
    </p>
   </div>
   <div class='ocr_carea' id='block_1_91' title="bbox 242 4657 1851 4735">
    <p class='ocr_par' dir='ltr' id='par_1_91' title="bbox 242 4657 1851 4735">
     <span class='ocr_line' id='line_1_91' title="bbox 242 4657 1851 4735; baseline 0.003 -18"><span class='ocrx_word' id='word_1_641' title='bbox 242 4674 338 4726; x_wconf 66' lang='grc' dir='ltr'>τὸν</span> <span class='ocrx_word' id='word_1_642' title='bbox 367 4661 526 4718; x_wconf 82' lang='grc' dir='ltr'>δύσιν</span> <span class='ocrx_word' id='word_1_643' title='bbox 553 4671 646 4716; x_wconf 89' lang='grc' dir='ltr'><strong>τοῦ</strong></span> <span class='ocrx_word' id='word_1_644' title='bbox 675 4662 846 4729; x_wconf 77' lang='grc' dir='ltr'>ἡλίου,</span> <span class='ocrx_word' id='word_1_645' title='bbox 892 4657 986 4714; x_wconf 79' lang='grc' dir='ltr'>διὰ</span> <span class='ocrx_word' id='word_1_646' title='bbox 1007 4665 1099 4720; x_wconf 82' lang='grc' dir='ltr'>τὴν</span> <span class='ocrx_word' id='word_1_647' title='bbox 1129 4668 1221 4713; x_wconf 85' lang='grc' dir='ltr'><strong>τοῦ</strong></span> <span class='ocrx_word' id='word_1_648' title='bbox 1251 4659 1516 4713; x_wconf 77' lang='grc' dir='ltr'>Σαϐϐάτου</span> <span class='ocrx_word' id='word_1_649' title='bbox 1548 4666 1851 4735; x_wconf 81' lang='grc' dir='ltr'>παρατήρη-</span> 
     </span>
    </p>
   </div>
   <div class='ocr_carea' id='block_1_92' title="bbox 249 4746 1846 4825">
    <p class='ocr_par' dir='ltr' id='par_1_92' title="bbox 249 4746 1846 4825">
     <span class='ocr_line' id='line_1_92' title="bbox 249 4746 1846 4825; baseline -0.004 -17"><span class='ocrx_word' id='word_1_650' title='bbox 249 4775 354 4822; x_wconf 86' lang='grc' dir='ltr'>σιν,</span> <span class='ocrx_word' id='word_1_651' title='bbox 392 4753 528 4805; x_wconf 82' lang='grc' dir='ltr'>ούτω</span> <span class='ocrx_word' id='word_1_652' title='bbox 553 4755 670 4813; x_wconf 78' lang='grc' dir='ltr'>τοὺς</span> <span class='ocrx_word' id='word_1_653' title='bbox 695 4753 1002 4824; x_wconf 74' lang='grc' dir='ltr'>πάσχοντας</span> <span class='ocrx_word' id='word_1_654' title='bbox 1031 4755 1385 4825; x_wconf 77' lang='grc' dir='ltr'>προσήγαγεν·</span> <span class='ocrx_word' id='word_1_655' title='bbox 1424 4752 1473 4802; x_wconf 72' lang='grc' dir='ltr'>οἱ</span> <span class='ocrx_word' id='word_1_656' title='bbox 1507 4746 1565 4802; x_wconf 76' lang='grc' dir='ltr'><strong>δε</strong></span> <span class='ocrx_word' id='word_1_657' title='bbox 1593 4753 1846 4822; x_wconf 84' lang='grc' dir='ltr'>μαθηταί,</span> 
     </span>
    </p>
   </div>
   <div class='ocr_carea' id='block_1_93' title="bbox 246 4836 1846 4917">
    <p class='ocr_par' dir='ltr' id='par_1_93' title="bbox 246 4836 1846 4917">
     <span class='ocr_line' id='line_1_93' title="bbox 246 4836 1846 4917; baseline -0.004 -20"><span class='ocrx_word' id='word_1_658' title='bbox 246 4849 338 4897; x_wconf 76' lang='grc' dir='ltr'>καὶ</span> <span class='ocrx_word' id='word_1_659' title='bbox 386 4845 489 4917; x_wconf 84' lang='grc' dir='ltr'>πρὸ</span> <span class='ocrx_word' id='word_1_660' title='bbox 541 4851 636 4902; x_wconf 80' lang='grc' dir='ltr'>τῆς</span> <span class='ocrx_word' id='word_1_661' title='bbox 687 4849 778 4894; x_wconf 80' lang='grc' dir='ltr'><strong>τοῦ</strong></span> <span class='ocrx_word' id='word_1_662' title='bbox 809 4840 956 4900; x_wconf 77' lang='grc' dir='ltr'>ἡλίου</span> <span class='ocrx_word' id='word_1_663' title='bbox 1003 4836 1224 4906; x_wconf 81' lang='grc' dir='ltr'>δύσεως,</span> <span class='ocrx_word' id='word_1_664' title='bbox 1273 4838 1628 4914; x_wconf 72' lang='grc' dir='ltr'>παρεκάλεσαν</span> <span class='ocrx_word' id='word_1_665' title='bbox 1673 4839 1846 4906; x_wconf 76' lang='grc' dir='ltr'>αὐτὸν,</span> 
     </span>
    </p>
   </div>
   <div class='ocr_carea' id='block_1_94' title="bbox 247 4924 1849 5006">
    <p class='ocr_par' dir='ltr' id='par_1_94' title="bbox 247 4924 1849 5006">
     <span class='ocr_line' id='line_1_94' title="bbox 247 4924 1849 5006; baseline -0.002 -22"><span class='ocrx_word' id='word_1_666' title='bbox 247 4931 512 4984; x_wconf 76' lang='grc' dir='ltr'>ἰάσασθαι</span> <span class='ocrx_word' id='word_1_667' title='bbox 563 4935 655 4990; x_wconf 79' lang='grc' dir='ltr'>τὴν</span> <span class='ocrx_word' id='word_1_668' title='bbox 707 4933 1098 5006; x_wconf 74' lang='grc' dir='ltr'>πυρέσσουσαν,</span> <span class='ocrx_word' id='word_1_669' title='bbox 1137 4928 1227 4982; x_wconf 83' lang='grc' dir='ltr'>οἷτε</span> <span class='ocrx_word' id='word_1_670' title='bbox 1273 4932 1362 4981; x_wconf 77' lang='grc' dir='ltr'>καὶ</span> <span class='ocrx_word' id='word_1_671' title='bbox 1409 4932 1656 5003; x_wconf 82' lang='grc' dir='ltr'>πρότερον</span> <span class='ocrx_word' id='word_1_672' title='bbox 1703 4924 1849 4980; x_wconf 78' lang='grc' dir='ltr'>ἰδόν-</span> 
     </span>
    </p>
   </div>
   <div class='ocr_carea' id='block_1_95' title="bbox 245 5016 1845 5093">
    <p class='ocr_par' dir='ltr' id='par_1_95' title="bbox 245 5016 1845 5093">
     <span class='ocr_line' id='line_1_95' title="bbox 245 5016 1845 5093; baseline -0.003 -19"><span class='ocrx_word' id='word_1_673' title='bbox 245 5039 326 5084; x_wconf 87' lang='grc' dir='ltr'><strong>τες</strong></span> <span class='ocrx_word' id='word_1_674' title='bbox 393 5019 552 5072; x_wconf 85' lang='grc' dir='ltr'>αύτόν</span> <span class='ocrx_word' id='word_1_675' title='bbox 584 5081 588 5084; x_wconf 28' lang='lat'>.</span> <span class='ocrx_word' id='word_1_676' title='bbox 616 5017 1028 5093; x_wconf 79' lang='grc' dir='ltr'>ἀπαρατηρήτως</span> <span class='ocrx_word' id='word_1_677' title='bbox 1084 5016 1132 5070; x_wconf 76' lang='grc' dir='ltr'>ἓν</span> <span class='ocrx_word' id='word_1_678' title='bbox 1183 5016 1430 5070; x_wconf 77' lang='grc' dir='ltr'>Σαϐϐάτω</span> <span class='ocrx_word' id='word_1_679' title='bbox 1481 5017 1845 5090; x_wconf 79' lang='grc' dir='ltr'>θεραπεύοντα,</span> 
     </span>
    </p>
   </div>
   <div class='ocr_carea' id='block_1_96' title="bbox 243 5103 1851 5183">
    <p class='ocr_par' dir='ltr' id='par_1_96' title="bbox 243 5103 1851 5183">
     <span class='ocr_line' id='line_1_96' title="bbox 243 5103 1851 5183; baseline -0.002 -21"><span class='ocrx_word' id='word_1_680' title='bbox 243 5114 335 5163; x_wconf 81' lang='grc' dir='ltr'><strong>καὶ</strong></span> <span class='ocrx_word' id='word_1_681' title='bbox 380 5110 738 5183; x_wconf 81' lang='grc' dir='ltr'>μεμαθηκότες</span> <span class='ocrx_word' id='word_1_682' title='bbox 793 5103 900 5167; x_wconf 82' lang='grc' dir='ltr'><strong>ἤδη</strong></span> <span class='ocrx_word' id='word_1_683' title='bbox 980 5107 1104 5181; x_wconf 89' lang='grc' dir='ltr'>παρ’</span> <span class='ocrx_word' id='word_1_684' title='bbox 1157 5105 1340 5175; x_wconf 80' lang='grc' dir='ltr'>αὐτοῦ,</span> <span class='ocrx_word' id='word_1_685' title='bbox 1397 5109 1557 5159; x_wconf 89' lang='grc' dir='ltr'>ποίων</span> <span class='ocrx_word' id='word_1_686' title='bbox 1609 5107 1700 5179; x_wconf 64' lang='grc' dir='ltr'>μὲν</span> <span class='ocrx_word' id='word_1_687' title='bbox 1768 5107 1851 5177; x_wconf 83' lang='grc' dir='ltr'><strong>ἔρ-</strong></span> 
     </span>
    </p>
   </div>
   <div class='ocr_carea' id='block_1_97' title="bbox 240 5192 1848 5273">
    <p class='ocr_par' dir='ltr' id='par_1_97' title="bbox 240 5192 1848 5273">
     <span class='ocr_line' id='line_1_97' title="bbox 240 5192 1848 5273; baseline -0.002 -23"><span class='ocrx_word' id='word_1_688' title='bbox 240 5218 347 5272; x_wconf 89' lang='grc' dir='ltr'><strong>γων</strong></span> <span class='ocrx_word' id='word_1_689' title='bbox 403 5195 700 5271; x_wconf 75' lang='grc' dir='ltr'>ἀπέχεσθαι</span> <span class='ocrx_word' id='word_1_690' title='bbox 752 5196 1065 5273; x_wconf 77' lang='grc' dir='ltr'>προσέταξεν</span> <span class='ocrx_word' id='word_1_691' title='bbox 1120 5196 1147 5248; x_wconf 91' lang='grc' dir='ltr'><strong>ό</strong></span> <span class='ocrx_word' id='word_1_692' title='bbox 1198 5199 1318 5271; x_wconf 83' lang='grc' dir='ltr'>περὶ</span> <span class='ocrx_word' id='word_1_693' title='bbox 1368 5201 1466 5258; x_wconf 82' lang='grc' dir='ltr'>τῆς</span> <span class='ocrx_word' id='word_1_694' title='bbox 1517 5192 1699 5270; x_wconf 75' lang='grc' dir='ltr'>ἀργίας</span> <span class='ocrx_word' id='word_1_695' title='bbox 1754 5198 1848 5247; x_wconf 88' lang='grc' dir='ltr'><strong>τοῦ</strong></span> 
     </span>
    </p>
   </div>
   <div class='ocr_carea' id='block_1_98' title="bbox 240 5282 1595 5362">
    <p class='ocr_par' dir='ltr' id='par_1_98' title="bbox 240 5282 1595 5362">
     <span class='ocr_line' id='line_1_98' title="bbox 240 5282 1595 5362; baseline -0.004 -20"><span class='ocrx_word' id='word_1_696' title='bbox 240 5285 513 5342; x_wconf 71' lang='grc' dir='ltr'>Σαϐϐαῖον</span> <span class='ocrx_word' id='word_1_697' title='bbox 535 5293 713 5362; x_wconf 87' lang='grc' dir='ltr'>νόμος,</span> <span class='ocrx_word' id='word_1_698' title='bbox 736 5292 864 5342; x_wconf 85' lang='grc' dir='ltr'>ποῖα</span> <span class='ocrx_word' id='word_1_699' title='bbox 887 5282 922 5340; x_wconf 88' lang='grc' dir='ltr'><strong>δ</strong></span> <span class='ocrx_word' id='word_1_700' title='bbox 925 5290 949 5340; x_wconf 64' lang='grc' dir='ltr'><strong>ι</strong></span> <span class='ocrx_word' id='word_1_701' title='bbox 974 5289 1204 5360; x_wconf 76' lang='grc' dir='ltr'>μετιέναι</span> <span class='ocrx_word' id='word_1_702' title='bbox 1221 5288 1595 5360; x_wconf 79' lang='grc' dir='ltr'>παρεχώρησε.</span> 
     </span>
    </p>
   </div>
   <div class='ocr_carea' id='block_1_99' title="bbox 313 5409 1870 5481">
    <p class='ocr_par' dir='ltr' id='par_1_99' title="bbox 313 5409 1870 5481">
     <span class='ocr_line' id='line_1_99' title="bbox 313 5409 1870 5481; baseline -0.003 -10"><span class='ocrx_word' id='word_1_703' title='bbox 313 5415 363 5452; x_wconf 81' lang='grc'><strong><em>³³</em></strong></span> <span class='ocrx_word' id='word_1_704' title='bbox 393 5415 550 5473; x_wconf 81' lang='lat' dir='ltr'><strong>Marc</strong></span> <span class='ocrx_word' id='word_1_705' title='bbox 589 5429 627 5480; x_wconf 85' lang='grc' dir='ltr'><strong>ι,</strong></span> <span class='ocrx_word' id='word_1_706' title='bbox 657 5413 748 5471; x_wconf 77' lang='lat'><strong>29.</strong></span> <span class='ocrx_word' id='word_1_707' title='bbox 860 5412 909 5450; x_wconf 81' lang='grc'><strong>⁵⁴</strong></span> <span class='ocrx_word' id='word_1_708' title='bbox 939 5412 1075 5469; x_wconf 87' lang='lat' dir='ltr'><strong>Luc.</strong></span> <span class='ocrx_word' id='word_1_709' title='bbox 1107 5427 1181 5481; x_wconf 73' lang='grc' dir='ltr'>ιγ,</span> <span class='ocrx_word' id='word_1_710' title='bbox 1216 5409 1306 5467; x_wconf 90' lang='lat'><strong>38.</strong></span> <span class='ocrx_word' id='word_1_711' title='bbox 1419 5411 1468 5448; x_wconf 79' lang='grc'><strong><em>⁸⁵</em></strong></span> <span class='ocrx_word' id='word_1_712' title='bbox 1494 5410 1673 5478; x_wconf 86' lang='lat' dir='ltr'><strong>Marc,</strong></span> <span class='ocrx_word' id='word_1_713' title='bbox 1707 5425 1746 5468; x_wconf 79' lang='grc' dir='ltr'><strong>ι.</strong></span> <span class='ocrx_word' id='word_1_714' title='bbox 1776 5410 1870 5468; x_wconf 87' lang='lat'><strong>32.</strong></span> 
     </span>
    </p>
   </div>
   <div class='ocr_carea' id='block_1_100' title="bbox 1959 4660 3610 4735">
    <p class='ocr_par' dir='ltr' id='par_1_100' title="bbox 1959 4660 3610 4735">
     <span class='ocr_line' id='line_1_100' title="bbox 1959 4660 3610 4735; baseline 0.004 -17"><span class='ocrx_word' id='word_1_715' title='bbox 1959 4667 2119 4719; x_wconf 91' lang='lat' dir='ltr'><strong>ctato</strong></span> <span class='ocrx_word' id='word_1_716' title='bbox 2149 4660 2287 4717; x_wconf 91' lang='lat' dir='ltr'><strong>solis</strong></span> <span class='ocrx_word' id='word_1_717' title='bbox 2312 4675 2536 4716; x_wconf 90' lang='lat' dir='ltr'><strong>occasu</strong></span> <span class='ocrx_word' id='word_1_718' title='bbox 2565 4666 2807 4734; x_wconf 87' lang='lat' dir='ltr'><strong>propter</strong></span> <span class='ocrx_word' id='word_1_719' title='bbox 2830 4663 3076 4721; x_wconf 89' lang='lat' dir='ltr'><strong>Sabbati</strong></span> <span class='ocrx_word' id='word_1_720' title='bbox 3103 4664 3610 4735; x_wconf 88' lang='lat' dir='ltr'><strong>observationem,</strong></span> 
     </span>
    </p>
   </div>
   <div class='ocr_carea' id='block_1_101' title="bbox 1959 4748 3614 4827">
    <p class='ocr_par' dir='ltr' id='par_1_101' title="bbox 1959 4748 3614 4827">
     <span class='ocr_line' id='line_1_101' title="bbox 1959 4748 3614 4827; baseline 0.004 -20"><span class='ocrx_word' id='word_1_721' title='bbox 1959 4750 2186 4808; x_wconf 89' lang='lat' dir='ltr'><strong>morbis</strong></span> <span class='ocrx_word' id='word_1_722' title='bbox 2239 4755 2382 4807; x_wconf 86' lang='lat' dir='ltr'><strong>tunc</strong></span> <span class='ocrx_word' id='word_1_723' title='bbox 2419 4748 2765 4806; x_wconf 88' lang='lat' dir='ltr'><strong>laborantes</strong></span> <span class='ocrx_word' id='word_1_724' title='bbox 2793 4750 3047 4808; x_wconf 88' lang='lat' dir='ltr'><strong>adduxit</strong></span> <span class='ocrx_word' id='word_1_725' title='bbox 3087 4770 3102 4820; x_wconf 91' lang='lat'><strong>;</strong></span> <span class='ocrx_word' id='word_1_726' title='bbox 3139 4754 3418 4827; x_wconf 90' lang='lat' dir='ltr'><strong>discipuli</strong></span> <span class='ocrx_word' id='word_1_727' title='bbox 3474 4772 3614 4814; x_wconf 88' lang='lat' dir='ltr'><strong>vero</strong></span> 
     </span>
    </p>
   </div>
   <div class='ocr_carea' id='block_1_102' title="bbox 1960 4837 3614 4918">
    <p class='ocr_par' dir='ltr' id='par_1_102' title="bbox 1960 4837 3614 4918">
     <span class='ocr_line' id='line_1_102' title="bbox 1960 4837 3614 4918; baseline 0.005 -24"><span class='ocrx_word' id='word_1_728' title='bbox 1960 4841 2140 4896; x_wconf 87' lang='lat' dir='ltr'><strong>etiam</strong></span> <span class='ocrx_word' id='word_1_729' title='bbox 2167 4844 2303 4896; x_wconf 89' lang='lat' dir='ltr'><strong>ante</strong></span> <span class='ocrx_word' id='word_1_730' title='bbox 2325 4837 2470 4896; x_wconf 90' lang='lat' dir='ltr'><strong>solis</strong></span> <span class='ocrx_word' id='word_1_731' title='bbox 2516 4853 2801 4896; x_wconf 88' lang='lat' dir='ltr'><strong>occasum</strong></span> <span class='ocrx_word' id='word_1_732' title='bbox 2832 4840 3134 4913; x_wconf 89' lang='lat' dir='ltr'><strong>deprecati</strong></span> <span class='ocrx_word' id='word_1_733' title='bbox 3163 4849 3298 4900; x_wconf 91' lang='lat' dir='ltr'><strong>sunt</strong></span> <span class='ocrx_word' id='word_1_734' title='bbox 3325 4859 3463 4900; x_wconf 91' lang='lat' dir='ltr'><strong>eum</strong></span> <span class='ocrx_word' id='word_1_735' title='bbox 3503 4860 3614 4918; x_wconf 87' lang='lat' dir='ltr'><strong>pro</strong></span> 
     </span>
    </p>
   </div>
   <div class='ocr_carea' id='block_1_103' title="bbox 1961 4927 3614 5003">
    <p class='ocr_par' dir='ltr' id='par_1_103' title="bbox 1961 4927 3614 5003">
     <span class='ocr_line' id='line_1_103' title="bbox 1961 4927 3614 5003; baseline 0.005 -19"><span class='ocrx_word' id='word_1_736' title='bbox 1961 4928 2151 4986; x_wconf 87' lang='lat' dir='ltr'><strong>salute</strong></span> <span class='ocrx_word' id='word_1_737' title='bbox 2176 4927 2589 4996; x_wconf 83' lang='lat' dir='ltr'><strong>febricitantis,</strong></span> <span class='ocrx_word' id='word_1_738' title='bbox 2613 4933 2676 4986; x_wconf 94' lang='lat' dir='ltr'><strong>ut</strong></span> <span class='ocrx_word' id='word_1_739' title='bbox 2713 4929 2818 5002; x_wconf 92' lang='lat' dir='ltr'><strong>qui</strong></span> <span class='ocrx_word' id='word_1_740' title='bbox 2858 4931 3122 5003; x_wconf 89' lang='lat' dir='ltr'><strong>primum</strong></span> <span class='ocrx_word' id='word_1_741' title='bbox 3152 4932 3428 4990; x_wconf 88' lang='lat' dir='ltr'><strong>viderant</strong></span> <span class='ocrx_word' id='word_1_742' title='bbox 3473 4949 3614 4992; x_wconf 89' lang='lat' dir='ltr'><strong>eum</strong></span> 
     </span>
    </p>
   </div>
   <div class='ocr_carea' id='block_1_104' title="bbox 1963 5015 3613 5094">
    <p class='ocr_par' dir='ltr' id='par_1_104' title="bbox 1963 5015 3613 5094">
     <span class='ocr_line' id='line_1_104' title="bbox 1963 5015 3613 5094; baseline 0.004 -21"><span class='ocrx_word' id='word_1_743' title='bbox 1963 5017 2090 5074; x_wconf 89' lang='lat' dir='ltr'><strong>sine</strong></span> <span class='ocrx_word' id='word_1_744' title='bbox 2114 5015 2346 5074; x_wconf 91' lang='lat' dir='ltr'><strong>delectu</strong></span> <span class='ocrx_word' id='word_1_745' title='bbox 2377 5017 2642 5075; x_wconf 90' lang='lat' dir='ltr'><strong>Sabbato</strong></span> <span class='ocrx_word' id='word_1_746' title='bbox 2669 5024 3000 5087; x_wconf 83' lang='lat' dir='ltr'><strong>curantem,</strong></span> <span class='ocrx_word' id='word_1_747' title='bbox 3034 5035 3104 5078; x_wconf 92' lang='lat' dir='ltr'><strong>ac</strong></span> <span class='ocrx_word' id='word_1_748' title='bbox 3125 5020 3458 5079; x_wconf 89' lang='lat' dir='ltr'><strong>didicerant</strong></span> <span class='ocrx_word' id='word_1_749' title='bbox 3485 5023 3613 5094; x_wconf 86' lang='lat' dir='ltr'><strong>jam</strong></span> 
     </span>
    </p>
   </div>
   <div class='ocr_carea' id='block_1_105' title="bbox 1962 5105 3612 5184">
    <p class='ocr_par' dir='ltr' id='par_1_105' title="bbox 1962 5105 3612 5184">
     <span class='ocr_line' id='line_1_105' title="bbox 1962 5105 3612 5184; baseline 0.004 -20"><span class='ocrx_word' id='word_1_750' title='bbox 1962 5105 2039 5164; x_wconf 90' lang='lat' dir='ltr'><strong>ab</strong></span> <span class='ocrx_word' id='word_1_751' title='bbox 2060 5105 2181 5171; x_wconf 85' lang='lat' dir='ltr'><strong>illo,</strong></span> <span class='ocrx_word' id='word_1_752' title='bbox 2235 5121 2272 5161; x_wconf 90' lang='lat' dir='ltr'><strong>a</strong></span> <span class='ocrx_word' id='word_1_753' title='bbox 2299 5105 2523 5178; x_wconf 89' lang='lat' dir='ltr'><strong>quibus</strong></span> <span class='ocrx_word' id='word_1_754' title='bbox 2552 5106 2838 5180; x_wconf 87' lang='lat' dir='ltr'><strong>operibus</strong></span> <span class='ocrx_word' id='word_1_755' title='bbox 2893 5108 3193 5168; x_wconf 88' lang='lat' dir='ltr'><strong>abstinere</strong></span> <span class='ocrx_word' id='word_1_756' title='bbox 3215 5109 3454 5184; x_wconf 90' lang='lat' dir='ltr'><strong>juberet</strong></span> <span class='ocrx_word' id='word_1_757' title='bbox 3495 5111 3612 5183; x_wconf 87' lang='lat' dir='ltr'><strong>lex,</strong></span> 
     </span>
    </p>
   </div>
   <div class='ocr_carea' id='block_1_106' title="bbox 1960 5194 3617 5275">
    <p class='ocr_par' dir='ltr' id='par_1_106' title="bbox 1960 5194 3617 5275">
     <span class='ocr_line' id='line_1_106' title="bbox 1960 5194 3617 5275; baseline 0.005 -23"><span class='ocrx_word' id='word_1_758' title='bbox 1960 5211 2097 5269; x_wconf 70' lang='lat' dir='ltr'><strong>quin</strong></span> <span class='ocrx_word' id='word_1_759' title='bbox 2125 5194 2202 5252; x_wconf 89' lang='lat' dir='ltr'><strong>de</strong></span> <span class='ocrx_word' id='word_1_760' title='bbox 2239 5194 2485 5254; x_wconf 89' lang='lat' dir='ltr'><strong>Sabbati</strong></span> <span class='ocrx_word' id='word_1_761' title='bbox 2507 5195 2705 5270; x_wconf 88' lang='lat' dir='ltr'><strong>quiete</strong></span> <span class='ocrx_word' id='word_1_762' title='bbox 2734 5199 2955 5258; x_wconf 89' lang='lat' dir='ltr'><strong>statuta</strong></span> <span class='ocrx_word' id='word_1_763' title='bbox 2982 5202 3130 5270; x_wconf 84' lang='lat' dir='ltr'><strong>erat,</strong></span> <span class='ocrx_word' id='word_1_764' title='bbox 3176 5202 3233 5258; x_wconf 91' lang='lat' dir='ltr'><strong>et</strong></span> <span class='ocrx_word' id='word_1_765' title='bbox 3277 5198 3445 5275; x_wconf 82' lang='lat' dir='ltr'><strong>quali</strong></span> <span class='ocrx_word' id='word_1_766' title='bbox 3473 5215 3617 5275; x_wconf 56' lang='lat' dir='ltr'><strong>agas</strong></span> 
     </span>
    </p>
   </div>
   <div class='ocr_carea' id='block_1_107' title="bbox 1961 5283 2546 5360">
    <p class='ocr_par' dir='ltr' id='par_1_107' title="bbox 1961 5283 2546 5360">
     <span class='ocr_line' id='line_1_107' title="bbox 1961 5283 2546 5360; baseline 0.003 -17"><span class='ocrx_word' id='word_1_767' title='bbox 1961 5283 2130 5358; x_wconf 85' lang='lat' dir='ltr'><strong>gredi</strong></span> <span class='ocrx_word' id='word_1_768' title='bbox 2153 5284 2546 5360; x_wconf 81' lang='lat' dir='ltr'><strong>permitteret.</strong></span> 
     </span>
    </p>
   </div>
   <div class='ocr_carea' id='block_1_108' title="bbox 1982 5411 2422 5478">
    <p class='ocr_par' dir='ltr' id='par_1_108' title="bbox 1982 5411 2422 5478">
     <span class='ocr_line' id='line_1_108' title="bbox 1982 5411 2422 5478; baseline 0.002 -11"><span class='ocrx_word' id='word_1_769' title='bbox 1982 5412 2030 5449; x_wconf 76' lang='grc'><strong>⁸⁸</strong></span> <span class='ocrx_word' id='word_1_770' title='bbox 2058 5413 2195 5468; x_wconf 89' lang='lat' dir='ltr'><strong>Luc.</strong></span> <span class='ocrx_word' id='word_1_771' title='bbox 2221 5427 2296 5478; x_wconf 83' lang='lat' dir='ltr'><strong>1v,</strong></span> <span class='ocrx_word' id='word_1_772' title='bbox 2329 5411 2422 5468; x_wconf 78' lang='grc'>40.</span> 
     </span>
    </p>
   </div>
   <div class='ocr_carea' id='block_1_109' title="bbox 1449 5563 2364 5636">
    <p class='ocr_par' dir='ltr' id='par_1_109' title="bbox 1449 5563 2364 5636">
     <span class='ocr_line' id='line_1_109' title="bbox 1449 5563 2364 5636; baseline -0.004 0"><span class='ocrx_word' id='word_1_773' title='bbox 1449 5563 1678 5636; x_wconf 66' lang='lat' dir='ltr'><strong>Varia:</strong></span> <span class='ocrx_word' id='word_1_774' title='bbox 1702 5563 2026 5634; x_wconf 89' lang='lat' dir='ltr'><strong>lectiones</strong></span> <span class='ocrx_word' id='word_1_775' title='bbox 2057 5573 2124 5631; x_wconf 86' lang='lat' dir='ltr'><strong>et</strong></span> <span class='ocrx_word' id='word_1_776' title='bbox 2160 5573 2364 5633; x_wconf 61' lang='lat' dir='ltr'><strong>notae.</strong></span> 
     </span>
    </p>
   </div>
   <div class='ocr_carea' id='block_1_110' title="bbox 314 5711 890 5802">
    <p class='ocr_par' dir='ltr' id='par_1_110' title="bbox 314 5711 890 5802">
     <span class='ocr_line' id='line_1_110' title="bbox 314 5711 890 5802; baseline -0.009 -24"><span class='ocrx_word' id='word_1_777' title='bbox 314 5721 437 5802; x_wconf 75' lang='grc'><strong>(73)</strong></span> <span class='ocrx_word' id='word_1_778' title='bbox 468 5711 789 5796; x_wconf 69' lang='grc' dir='ltr'>παραλαϐεῖν</span> <span class='ocrx_word' id='word_1_779' title='bbox 828 5721 890 5773; x_wconf 78' lang='grc' dir='ltr'>Α.</span> 
     </span>
    </p>
   </div>
   <div class='ocr_carea' id='block_1_111' title="bbox 2035 5705 2430 5785">
    <p class='ocr_par' dir='ltr' id='par_1_111' title="bbox 2035 5705 2430 5785">
     <span class='ocr_line' id='line_1_111' title="bbox 2035 5705 2430 5785; baseline 0 -21"><span class='ocrx_word' id='word_1_780' title='bbox 2035 5705 2152 5785; x_wconf 73' lang='grc'><strong>(74)</strong></span> <span class='ocrx_word' id='word_1_781' title='bbox 2178 5706 2336 5783; x_wconf 74' lang='grc' dir='ltr'>ὀψίας</span> <span class='ocrx_word' id='word_1_782' title='bbox 2358 5708 2430 5765; x_wconf 81' lang='grc' dir='ltr'>Δ.</span> 
     </span>
    </p>
   </div>
  </div>
