4170 6440
611 411 709 469 291

613 629 772 681 tenta
823 637 1008 677 manu
1057 622 1245 682 curat,
1290 622 1356 673 ut
1406 616 1466 672 in
1525 631 1699 672 socru
1746 614 2261 685 Petri;interdum

612 717 807 769 autem
834 709 1020 766 verbo
1061 708 1332 780 loquens,
1366 711 1428 761 ut
1463 705 1522 760 in
1546 719 1733 776 puero
1785 703 2167 768 centurionis,
2207 706 2264 759 et

607 802 669 859 in
698 801 790 857 his
818 797 1205 856 dmmoniacis
1229 813 1242 851 :
1269 794 1639 868 quandoque
1666 798 1986 866 utrumque
2011 791 2257 859 faciens,

609 897 676 947 ut
729 892 792 947 in
823 890 1084 962 leproso.
1154 884 1421 942 Ostendit
1471 883 1630 940 enim
1671 897 1736 938 se
1788 882 2260 954 omnipotentem

610 995 760 1037 esse.

599 1089 616 1095 -
684 1071 846 1126 Vers.
903 1069 990 1124 16.
1035 1067 1115 1122 Et
1170 1095 1239 1138 -_-
1289 1062 1452 1120 Vere.
1488 1063 1574 1116 i7.
1628 1061 1917 1117 Portavt't.
1967 1060 2078 1117 Per
2134 1059 2260 1115 lan-

615 1175 831 1232 guores
882 1161 940 1214 et
990 1154 1232 1212 morbos
1283 1151 1377 1207 hic
1402 1150 1550 1207 mihi
1599 1149 1860 1220 intellige
1904 1149 2257 1220 languorum

613 1266 684 1308 ac
717 1248 1060 1305 morborum
1083 1249 1297 1300 reatus.
1317 1242 1466 1297 Cum
1487 1240 1649 1296 enim
1669 1239 1988 1309 languores
2007 1253 2075 1295 ac
2111 1237 2260 1293 mul-

611 1344 705 1396 tos
735 1338 1027 1411 patientes
1079 1333 1319 1389 morbos
1368 1330 1612 1396 curavit,
1645 1329 1706 1384 in
1753 1329 2018 1401 seipsum
2051 1343 2261 1383 eorum

609 1434 831 1486 reatum
866 1423 1163 1482 transtulit
1194 1440 1208 1489 ;
1241 1421 1376 1476 dico
1417 1435 1561 1476 sane
1605 1417 1842 1474 labores
1868 1424 1926 1474 et
1983 1421 2256 1474 mortem.

612 1518 752 1573 Ideo
780 1517 955 1573 etiam
977 1512 1196 1570 multos
1209 1525 1532 1583 perpessus
1545 1507 1780 1564 labores
1807 1512 2075 1579 tempore
2105 1521 2264 1562 acer-

611 1608 706 1664 bae
738 1603 1036 1663 Passionis
1061 1605 1330 1658 mortuus
1345 1602 1454 1654 est.
1481 1597 1595 1654 Sed
1622 1597 1930 1654 Mattheus
1959 1595 2034 1652 de
2055 1609 2264 1666 corpo-

610 1694 834 1753 ralibus
858 1689 1252 1763 languoribus
1280 1702 1350 1743 ac
1379 1685 1606 1742 morbis
1637 1683 2044 1756 metaphorico
2079 1682 2264 1740 verbo

611 1785 870 1858 loquitur
901 1799 915 1849 ;
944 1781 1128 1837 Isaias
1159 1776 1636 1847 verolanguores
1661 1779 1716 1830 et
1745 1773 1991 1830 morbos
2018 1778 2266 1844 peccata

1926 390 2278 457 EUTHYMII
2315 393 2625 461 ZIGABEN
2633 402 2651 458 Ι

613 560 616 562 ·
689 535 950 594 Observa
972 545 1216 603 quoque
1245 543 1369 602 quo
1392 530 1570 600 pacto
1591 525 1889 582 interdum
1909 525 2155 598 quidem
2167 541 2260 582 ex-

2444 531 2657 598 Παρατή
2663 545 2729 600 ρη
2738 546 2828 580 σον
2886 527 2964 598 δε,

3870 410 3981 472 292

3049 539 3158 594 πῶς
3240 536 3361 587 ποτε
3417 539 3508 608 μεν
3584 536 3824 592 έκτεένων
3883 547 3979 602 τὴν

2370 622 2529 688 χεῖρα
2586 617 2872 689 θεραπεύει,
2941 621 3008 680 ὡς
3062 619 3144 672 έπὶ
3179 629 3264 682 τῆς
3310 630 3401 675 τοῦ
3455 629 3648 699 Πέτρου
3696 631 3975 703 πενθέρᾶς·

2369 707 2493 756 ποτὲ
2545 700 2605 756 δί
2669 704 2820 776 λόγον
2879 706 3057 778 λέγων,
3087 712 3151 770 ὡς
3201 708 3284 763 έπὶ
3341 719 3434 764 τοῦ
3486 711 3674 776 παιδός
3722 726 3822 770 τοῦ
3859 700 3978 772 ’ἐκαο

2369 795 2682 878 τοντάρχου,
2757 802 2847 847 καὶ
2911 795 2994 848 έπὶ
3063 805 3162 849 τῶν
3237 795 3680 875 δαιμονιζομένων
3753 811 3974 860 τούτων’

2369 884 2492 932 ποτὲ
2567 879 2627 934 δὲ
2673 889 2761 934 καὶ
2819 882 3081 958 ἀμφότερα
3135 896 3317 957 ποιῶν,
3371 892 3436 950 ὡς
3477 890 3560 944 ἐπὶ
3611 902 3703 946 τοῦ
3759 895 3974 970 λεπροῦ.

2370 973 2607 1022 Δείκνυσι
2635 974 2757 1044 γὰρ,
2791 974 2868 1024 ὅτι
2896 971 3292 1048 παντοδύναμός
3321 976 3452 1034 ἐστι.

2444 1063 2543 1111 Καὶ
2600 1090 2668 1101 -—
2722 1059 3026 1114 ἐϐάστασεν·
3099 1063 3389 1128 Ἀσθενείας
3456 1073 3544 1122 καὶ
3616 1076 3810 1135 νόσους
3879 1079 3977 1127 νόει

2369 1165 2460 1218 μοι
2514 1156 2623 1216 νῦν,
2680 1151 2768 1210 τὰς
2831 1159 2930 1202 τῶν
3005 1149 3278 1206 ἀσθενειῶν
3351 1161 3440 1209 καὶ
3512 1162 3677 1212 νόσων
3746 1161 3973 1234 ὀφειλάς.

2368 1243 2478 1288 Τῶν
2533 1240 2634 1311 γὰρ
2713 1237 2984 1292 ἀσθενειῶν
3072 1247 3160 1294 καὶ
3212 1248 3375 1296 νόσων
3445 1245 3791 1321 ἐλευθερώσας
3859 1257 3978 1314 τοὺς

2371 1327 2695 1397 πάσχοντας,
2751 1327 2826 1399 ἐφ’
2880 1329 3058 1381 ἑαυτὸν
3112 1336 3398 1402 μετέστησε
3452 1340 3510 1388 τό
3565 1343 3720 1411 χρέος
3783 1341 3971 1408 αὐτῶν,

2370 1413 2502 1485 λέγω
2561 1412 2652 1480 δὴ,
2713 1421 2834 1480 τούς
2890 1423 3075 1480 πόνους
3127 1425 3215 1473 καὶ
3272 1426 3358 1474 τόν
3422 1426 3657 1479 θάνατον.
3719 1433 3812 1482 Διό
3865 1436 3972 1500 καὶ,

2372 1502 2590 1564 πολλοὺς
2641 1510 2831 1568 πόνους
2879 1508 3114 1568 ύποστὰς
3173 1507 3222 1560 έν
3279 1520 3350 1562 τῶ
3416 1522 3581 1586 καιρῷ
3629 1523 3721 1568 τοῦ
3771 1517 3969 1592 ἀχράν-

2373 1611 2464 1644 του
2521 1595 2738 1660 πάθους,
2800 1593 3064 1652 ἀπέθανεν.
3141 1599 3295 1652 Ἀλλὰ
3357 1604 3625 1666 Ματθαῖος
3704 1609 3798 1679 μὶν
3856 1613 3970 1683 περὶ

2377 1691 2684 1754 σωματικῶν
2741 1683 3014 1740 ἀσθενειῶν
3080 1695 3168 1742 καὶ
3241 1696 3406 1742 νόσων
3486 1689 3613 1763 εἶπε,
3670 1697 3967 1767 μεταλαϐὼν

2373 1774 2431 1822 τό
2468 1773 2645 1845 ῥητόν·
2705 1773 2921 1836 Ἠσαίας
2993 1773 3052 1829 δι
3127 1777 3389 1839 ἀσθενείας
3467 1787 3556 1834 καὶ
3613 1787 3821 1850 νόσους,
3881 1788 3970 1848 τὰς

614 1873 949 1947 appellavit,
1002 1885 1139 1942 qua:
1181 1867 1445 1923 Christus
1501 1878 1737 1919 sumere
1778 1878 1848 1918 ac
1893 1867 2129 1934 portare
2178 1861 2260 1917 di-

2375 1859 2632 1935 ἀμαρτίας
2681 1862 2963 1934 ὠνόμασεν,
3016 1865 3075 1926 ἃς
3144 1867 3170 1918 ὁ
3227 1871 3456 1940 Χριστὸς
3512 1869 3682 1924 λαϐεῖν
3735 1880 3825 1927 καὶ
3871 1873 3967 1948 βα·

613 1965 764 2019 citur
791 1963 851 2016 in
906 1959 1154 2016 modum
1197 1956 1468 2010 victimae.
1509 1955 1652 2009 Nam
1701 1951 1925 2008 animal
1949 1950 2115 2023 quod
2153 1965 2264 2023 pro

613 2051 875 2127 peccatis
899 2049 978 2106 ad
990 2048 1287 2103 victimam
1313 2042 1773 2116 producebatur,
1809 2039 2263 2112 quodammodo

615 2145 860 2216 peccata
884 2137 1157 2195 omnium
1177 2135 1236 2190 in
1271 2134 1536 2205 seipsum
1565 2129 1934 2202 suscipiebat
1957 2144 2027 2186 ac
2057 2132 2263 2201 porta-

611 2231 738 2296 bat,
762 2233 818 2285 et
835 2226 1129 2302 populum
1151 2222 1391 2296 quidem
1422 2221 1518 2277 his
1544 2219 1858 2284 liberabat,
1892 2218 2093 2291 ipsum
2120 2233 2263 2274 vero

613 2323 857 2392 propter
882 2317 1007 2371 haec
1027 2311 1440 2386 jugulabatur.
1469 2308 1715 2364 Pulchre
1739 2311 1940 2363 autem
1962 2306 2264 2379 propheti-

614 2423 752 2464 cum
809 2406 1035 2462 dictum
1091 2397 1521 2469 transsumpsit
1579 2394 1962 2466 evangelista.
2018 2393 2262 2450 Plurimi

613 2495 909 2570 siquidem
931 2494 1250 2562 languores
1273 2504 1342 2543 ac
1366 2485 1558 2542 morbi
1580 2483 1919 2556 corporales
1947 2499 1982 2540 a
2007 2484 2263 2556 peccatis

594 2585 903 2648 oriuntur,
937 2582 1092 2637 sicut
1128 2580 1188 2635 in
1219 2590 1542 2650 progressu
1581 2572 1966 2630 docebimur:
1999 2573 2262 2645 nihilque

619 2677 774 2731 vetat
800 2673 929 2728 haec
956 2683 1194 2743 quoque
1220 2664 1421 2722 vocari
1442 2669 1701 2736 peccata.

685 2764 845 2818 Vers.
874 2760 961 2815 18.
992 2759 1135 2815 Cum
1162 2761 1358 2812 autem
1386 2753 1623 2810 vidisset
1643 2782 1712 2794 —
1734 2750 1799 2808 in
1820 2751 2163 2808 ulteriorem
2183 2749 2262 2804 ri-

612 2866 778 2924 pam.
815 2849 995 2905 Jussit
1022 2847 1136 2903 hoc
1173 2842 1500 2915 discipulis.
1548 2840 1732 2898 Simul
1757 2839 1999 2913 quidem
2041 2853 2113 2894 ne
2140 2837 2263 2910 glo-

613 2943 715 2999 riae
747 2938 1003 3010 cupidus
1028 2935 1339 3002 videretur,
1371 2930 1550 2987 simul
1582 2930 1763 2986 etiam
1795 2932 1858 2985 ut
1901 2927 2134 2984 invidiae
2162 2929 2262 2984 Ju-

613 3031 886 3086 daaorum
933 3024 1282 3082 mederetur.
1337 3021 1621 3077 Praeterea
1661 3019 1961 3075 instruens
2006 3031 2138 3084 nos,
2198 3019 2262 3073 ut

614 3116 995 3179 admirationi
1019 3113 1227 3171 haberi
1257 3111 1580 3182 fugiamus.

647 3247 796 3304 CAP.
827 3246 888 3300 X.
914 3242 992 3298 De
1017 3256 1077 3298 eo
1107 3239 1202 3297 cui
1229 3252 1347 3294 non
1384 3233 1650 3307 permisit
1683 3237 1748 3288 ut
1774 3247 1834 3289 se
1861 3237 2222 3304 sequeretur.
2291 3225 2332 3282 C

681 3427 834 3482 Vers.
889 3422 977 3480 19.
1011 3420 1090 3477 Et
1120 3449 1185 3458 —
1217 3417 1381 3474 ieris.
1427 3413 1530 3470 Hic
1560 3409 1786 3482 Scriba,
1813 3425 1950 3468 cum
1987 3410 2259 3484 pecunias

611 3515 825 3575 avidus
855 3515 1027 3576 esset,
1059 3505 1480 3580 suspicabatur
1503 3503 1701 3558 Jesum
1735 3517 1808 3558 ex
1838 3499 2140 3558 miraculis
2172 3499 2258 3556 di-

607 3605 784 3662 vitias
795 3600 1013 3659 multas
1025 3597 1320 3668 colligere,
1334 3590 1698 3664 etsperabat,
1713 3590 1878 3662 quod
1894 3589 1942 3645 si
1953 3588 2013 3644 in
2028 3603 2260 3645 morem

609 3690 882 3764 discipuli
894 3688 1057 3745 illum
1074 3687 1443 3759 sequeretur,
1459 3678 1730 3753 copiosas
1744 3676 2095 3733 collecturus
2107 3680 2261 3732 esset

605 3763 858 3839 divitias.
883 3775 1146 3835 Christus
1167 3787 1309 3843 ergo
1331 3768 1570 3840 cognito
1595 3766 1740 3838 quid
1752 3763 1946 3832 vellet,
1966 3765 2044 3822 ad
2065 3764 2256 3821 inten-

609 3875 738 3930 tum
763 3870 891 3941 ejus
920 3863 1261 3936 respondet.
1295 3863 1362 3916 Et
1389 3857 1525 3915 vide
1554 3855 1700 3928 quid
1732 3853 1910 3911 dicat.

682 3961 846 4015 Vers.
874 3959 962 4011 20.
991 3956 1153 4010 Et—
1197 3949 1468 4006 reclinet.
1511 3948 1578 4001 Et
1617 3943 1921 4016 vulpibus,
1955 3941 2166 4015 inquit,
2202 3946 2260 4000 et

610 4046 952 4106 volucribus
983 4041 1114 4099 coeli
1137 4055 1273 4096 sum
1299 4034 1619 4110 pauperior
1651 4052 1665 4088 :
1694 4047 1888 4104 neque
1921 4031 2078 4088 enim
2101 4047 2258 4088 rece-

607 4136 916 4211 ptaculum
946 4131 1159 4194 habeo,
1192 4142 1302 4183 nec
1330 4127 1627 4197 quantum
1673 4120 1932 4176 sufﬁciat
1961 4119 2040 4211 ad
2083 4126 2258 4192 caput

609 4209 840 4284 tantum
873 4216 1310 4278 reclinandum.
1332 4211 1500 4268 Tales
1531 4214 1731 4266 autem
1753 4224 1881 4264 esse
1912 4209 2040 4264 volo
2070 4214 2126 4266 et
2154 4225 2256 4266 eos

605 4315 711 4388 qui
728 4329 820 4369 me
834 4312 1182 4382 sequuntur.
1209 4304 1410 4373 Itaque
1430 4298 1651 4388 frustra
1665 4297 2001 4388 suspicatus
2025 4312 2106 4388 es,
2128 4298 2257 4388 etin

607 4385 828 4460 vanum
848 4394 1124 4472 sperasti.
1154 4395 1221 4448 Et
1240 4391 1349 4446 hoc
1373 4391 1548 4460 pacto
1569 4385 1882 4458 dupliciter
1901 4385 2066 4441 illum
2082 4387 2252 4457 juvit,

607 4498 662 4550 et
689 4485 1126 4548 manifestando
1156 4479 1318 4553 quod
1348 4476 1563 4534 anima;
1594 4475 1748 4532 illius
1775 4491 1996 4531 arcana
2028 4480 2251 4547 nosset,

2375 1952 2570 2002 στάσαι
2619 1950 2836 2021 λέγεται,
2897 1949 3052 2012 δίκην
3102 1956 3347 2028 θύματος.
3397 1962 3466 2010 Τό
3524 1961 3623 2033 γὰρ
3675 1961 3741 2022 εἰς
3785 1965 3967 2016 θυσίαν

2371 2045 2760 2114 προσαγόμενον
2829 2045 2956 2104 ζῶον
3023 2046 3146 2119 ὑπὲρ
3199 2046 3466 2121 ἁμαρτιῶν
3518 2057 3610 2102 τοῦ
3662 2050 3806 2121 λαοῦ,
3854 2056 3968 2125 τρό-

2372 2147 2466 2180 πον
2532 2131 2648 2181 τινά
2697 2132 2786 2190 τὰς
2835 2131 3090 2206 ἁμαρτίας
3139 2136 3339 2186 πάντων
3386 2136 3452 2196 εἰς
3511 2137 3658 2191 έαυτό
3721 2139 3969 2214 ἐλάμϐανε

2371 2223 2460 2270 καὶ
2497 2217 2770 2282 έϐάσταζε.
2831 2225 2931 2273 Καί
2983 2225 3065 2273 τὸν
3111 2225 3202 2294 μεν
3259 2222 3380 2276 λαόν
3429 2224 3702 2302 ἠλευθέρου
3754 2231 3964 2294 τούτων,

2375 2307 2500 2359 αύτὸ
2561 2304 2621 2360 δὲ
2674 2305 2767 2360 διὰ
2815 2312 3006 2370 ταύτας
3053 2309 3323 2382 ἐσφάζετο.
3380 2313 3557 2377 Καλῶς
3611 2313 3670 2369 δι
3727 2316 3966 2389 μετέλαϐε

2372 2400 2430 2449 τὸ
2487 2400 2804 2472 προφητικὸν
2859 2398 3016 2472 ῥητόν
3070 2401 3096 2451 ὁ
3150 2400 3538 2472 εύαγγελιστής.
3598 2409 3692 2457 Καὶ
3745 2409 3840 2479 γὰρ
3901 2409 3956 2455 αἱ

2373 2485 2578 2547 πλείους
2655 2496 2755 2538 τῶν
2827 2496 3137 2556 σωματικῶν
3216 2489 3488 2544 ἀσθενειῶν
3558 2498 3643 2544 καὶ
3696 2498 3855 2545 νόσων
3904 2489 3956 2554 ἕξ

2373 2575 2638 2650 ἁμαρτιῶν
2694 2579 2925 2648 φύονται,
3022 2580 3195 2641 καθὼς
3256 2581 3599 2653 μαθησόμεθα
3663 2580 3963 2655 προϐαίνον-

2371 2683 2472 2725 τες.
2510 2669 2608 2716 Καὶ
2665 2661 2816 2717 οὐδέν
2871 2666 3056 2718 κωλύει
3083 2667 3252 2720 καλεῖν
3299 2674 3390 2721 καὶ
3433 2672 3621 2730 ταύτας
3673 2670 3952 2746 ἁμαρτίας.

2443 2749 2592 2806 Ἰδὼν
2645 2749 2704 2806 δι
2758 2785 2826 2793 —
2878 2755 2944 2814 εἰς
2971 2757 3027 2806 τό
3089 2760 3270 2828 πέραν.
3342 2756 3606 2812 Ἐκελευσε
3657 2768 3809 2813 τοῦτο
3855 2767 3963 2822 τοῖς

2371 2844 2652 2915 μαθηταῖς,
2703 2843 2812 2915 άμα
2859 2845 2968 2915 μὲν,
3023 2846 3104 2895 ἵνα
3132 2850 3202 2916 μὴ
3251 2841 3376 2918 δόξῃ
3434 2844 3807 2918 φιλενδείκτης,
3857 2849 3965 2922 άμα

2373 2927 2432 2984 δέ
2464 2932 2754 3006 θεραπεύων
2783 2934 2870 2984 τὸν
2923 2934 3104 3004 φθόνον
3155 2942 3254 2985 τῶν
3303 2933 3593 3004 Ἰουδαίων,
3631 2937 3742 3011 άμα
3793 2935 3850 2992 δέ
3879 2943 3964 2991 καὶ

2371 3022 2510 3094 ἡμᾶς
2535 3017 2818 3089 παιδεύων,
2852 3024 3053 3094 φεύγειν
3086 3025 3141 3074 τὸ
3174 3021 3575 3081 ἀποϐλέπεσθαι.

2578 3205 2722 3255 ΚΕΦ.
2752 3199 2805 3254 Ῑ’.
2839 3204 2962 3273 Περὶ
2981 3209 3073 3254 τού
3103 3206 3172 3274 μὴ
3203 3200 3600 3277 έπιτρεπομένου
3625 3205 3746 3260 ἀκο-

3070 3290 3290 3346 λουθεῖν.

2443 3419 2544 3469 Καὶ
2601 3445 2668 3455 —
2709 3411 2941 3489 ἀπέρχῃ.
2988 3414 3154 3478 Οὗτος
3182 3416 3208 3468 ὁ
3265 3421 3624 3491 Γραμματεύς,
3663 3417 3965 3498 φιλάργυρος

2368 3505 2456 3569 ὢν,
2517 3505 2871 3574 ὑπώπτευσεν,
2923 3507 3003 3556 ὅτι
3056 3501 3158 3556 ἀπό
3241 3513 3339 3556 τῶν
3389 3507 3664 3580 θαυμάτων
3711 3517 3966 3585 χρήματα

2367 3591 2532 3645 πολλά
2589 3591 2885 3664 συλλέγειό
2941 3593 3165 3658 Ἰησοῦς,
3222 3598 3312 3646 καὶ
3362 3594 3596 3662 ἤλπισεν,
3638 3599 3738 3663 ὅτι,
3794 3598 3879 3653 έάν
3904 3603 3964 3661 ὡς

2369 3682 2441 3742 εἷς
2485 3689 2584 3732 τῶν
2632 3682 2876 3753 μαθητῶν
2933 3679 3262 3755 ἀκολουθήσῃ
3325 3683 3484 3750 αύτῶ,
3537 3684 3766 3750 συλλέξει
3811 3689 3964 3742 πλού-

2366 3789 2452 3823 τον
2499 3772 2693 3826 ἱκανόν,
2754 3769 2812 3821 Ὀ
2844 3765 2903 3822 δε
2941 3773 3192 3842 Χριστός,
3250 3775 3400 3842 γνοὺς
3456 3772 3482 3824 ὃ
3513 3772 3780 3847 βούλεται,
3835 3781 3964 3854 πρὸς

2367 3861 2453 3912 τὸν
2487 3862 2679 3912 σκοπὸν
2711 3857 2871 3910 αὐτοῦ
2904 3857 3254 3930 ἀποκρίνεται,
3285 3865 3375 3912 καί
3404 3862 3500 3934 ὅρα
3522 3867 3573 3915 τί
3598 3880 3748 3936 φησιο

2441 3952 2540 4001 Καὶ
2590 3978 2660 3990 -
2730 3946 2899 4020 κλίνῃ.
2978 3952 3078 4000 Καὶ
3135 3956 3234 4000 τῶν
3312 3947 3604 4018 ἀλωπέκων,
3661 3958 3810 4025 φησὶ,
3879 3959 3963 4008 καὶ

2365 4045 2463 4088 τῶν
2496 4036 2677 4104 ὀρνέων
2708 4040 3006 4108 πενέστερος
3051 4035 3174 4109 εἰμι·
3237 4033 3360 4090 οὐδὲ
3410 4042 3508 4112 γὰρ
3563 4043 3672 4112 ἔχω
3725 4052 3965 4116 καταγώ-

2364 4145 2498 4198 γιον,
2540 4121 2655 4177 ούδ’
2717 4126 2836 4178 ὅσον
2893 4123 3159 4176 ἀνακλῖναι
3211 4131 3365 4200 μόνον
3418 4133 3506 4185 τὴν
3554 4130 3798 4202 κεφαλήν.
3854 4135 3964 4189 Τοι-

2366 4217 2549 4275 ούτους
2607 4210 2665 4266 δὲ
2745 4212 3024 4284 βούλομαι,
3082 4218 3171 4266 καὶ
3245 4218 3367 4278 τούς
3442 4215 3591 4289 έμούς
3655 4217 3957 4282 ἀκολούθους

2366 4301 2514 4366 εἶναι,
2585 4306 2670 4354 καὶ
2736 4301 2914 4355 λοιπὸν
3002 4305 3172 4376 μάτην
3228 4303 3493 4370 ὑπέλαϐες,
3559 4312 3647 4360 καὶ
3709 4309 3777 4370 εἰς
3827 4313 3961 4364 κενὸν

2365 4392 2607 4452 ἤλπισας.
2643 4392 2793 4443 Ούτω
2852 4388 3047 4452 διπλῶς
3097 4393 3248 4445 αὐτόν
3304 4393 3554 4466 ὠφελησε,
3598 4392 3846 4460 δηλώσας
3891 4416 3962 4464 τε,

2365 4483 2445 4534 ὅτι
2502 4478 2611 4534 οἶδε
2649 4484 2712 4533 τὰ
2765 4479 3035 4554 ἀπόρῥητα
3084 4490 3179 4544 τῆς
3243 4481 3432 4555 ψυχῆς
3487 4483 3670 4555 αὐτοῦ,
3722 4491 3811 4539 καὶ
3874 4488 3967 4540 οὐκ

607 4579 833 4637 etillum
863 4591 985 4634 non
1010 4569 1322 4629 manifeste
1336 4566 1665 4637 arguendo,
1685 4566 1788 4621 sed
1805 4565 1917 4637 ipsi
1939 4563 2046 4621 soli
2062 4579 2256 4637 repre-

2368 4569 2570 4642 ἐλέγξας
2627 4577 2872 4642 φανερῶς,
2941 4568 3050 4622 ἀλλ’
3100 4570 3240 4640 αύτῷ
3284 4576 3423 4643 μόνῳ
3471 4576 3559 4625 τὸν
3611 4574 3824 4647 ἔλεγχον
3881 4576 3967 4650 έμ-

587 4670 957 4728 ‘hensionem
989 4659 1334 4736 aperiendo,
1377 4661 1440 4712 ut
1462 4659 1520 4712 et
1546 4655 1840 4729 pudorem
1869 4653 2170 4725 effugeret,
2202 4659 2257 4713 et

607 4760 657 4816 si
681 4758 847 4817 vellet
871 4753 1283 4821 corrigeretur.
1318 4748 1437 4802 Hoc
1465 4747 1667 4801 autem
1707 4743 1984 4808 dicendo,
2013 4759 2134 4800 non
2161 4760 2257 4801 ve-

606 4849 717 4906 tuit
741 4863 804 4904 se
833 4841 1022 4916 sequi,
1057 4837 1163 4896 sed
1187 4835 1390 4893 docuit
1414 4833 1580 4906 quod
1611 4847 1872 4905 sequens
1901 4848 2024 4890 non
2053 4832 2256 4890 inven-

606 4943 775 4998 turus
800 4936 960 4992 esset
985 4930 1220 4986 lucrum
1254 4923 1414 4999 quod
1445 4922 1776 4996 quaerebat.
1819 4921 2110 4979 Caeterum
2158 4922 2255 4979 ille

605 5024 961 5093 intelligens,
1002 5015 1170 5091 quod
1201 5013 1476 5085 cognitus
1523 5015 1698 5078 esset,
1751 5027 1821 5069 ac
1850 5011 2076 5068 intento
2106 5010 2256 5068 frus-

583 5118 820 5177 ‘tratus,
851 5107 1033 5166 siluit.
1226 5127 1228 5129 ‘

578 5207 590 5219 '
681 5200 937 5268 Quidam
979 5211 1123 5254 vero
1172 5193 1394 5264 dicunt,
1434 5191 1600 5267 quod
1641 5204 2065 5264 prtegnoscens
2114 5203 2256 5247 eum

611 5291 898 5359 Christus,
915 5303 1038 5345 non
1052 5286 1244 5343 solum
1261 5279 1861 5358 pecuniarumamori
1877 5279 2252 5346 servientem,

609 5381 717 5441 sed
742 5379 873 5436 aliis
899 5394 1135 5452 quoque
1157 5373 1487 5441 affectibus,
1512 5371 1845 5442 anagogice
1861 5369 2254 5443 responderit,

609 5470 813 5543 vulpes
827 5485 896 5526 ac
909 5467 1174 5525 volucres
1186 5463 1486 5538 appellans
1498 5462 1790 5518 dmmones
1803 5465 2038 5533 propter
2049 5459 2257 5516 dolum

608 5560 866 5628 illorum,
896 5561 953 5616 et
968 5557 1130 5631 quod
1146 5553 1477 5613 seminibus
1490 5567 1560 5610 ac
1577 5550 1865 5607 fructibus
1881 5549 2151 5606 virtutem
2171 5548 2260 5606 in-

613 5649 940 5718 sidiendur,
958 5665 1026 5707 ac
1040 5648 1090 5705 si
1111 5647 1328 5704 diceret
1344 5660 1357 5700 :
1371 5644 1685 5699 Daemones
1702 5639 1943 5713 quidem
1959 5637 2165 5697 foveas
2188 5653 2260 5696 ac

2367 4658 2554 4725 ϐαλὼν,
2614 4661 2748 4710 ὥστε
2799 4662 2888 4710 καὶ
2946 4663 3038 4716 τὴν
3107 4659 3370 4731 αἰσχύνην
3428 4658 3684 4733 ἐκφυγεῖν,
3739 4669 3851 4734 καὶ,
3923 4665 3965 4719 εἰ

2369 4747 2629 4821 βούλοιτο,
2683 4743 3051 4822 διορθωθῆναι.
3126 4753 3290 4801 Τοῦτο
3348 4745 3408 4802 δι
3465 4750 3639 4818 εἰπὼν,
3694 4751 3789 4804 ούκ
3839 4751 3965 4806 έκὼ-

2364 4836 2516 4890 λυσεν
2567 4835 2720 4888 αὐτόν
2773 4833 3092 4902 ἀκολουθεῖν,
3137 4834 3244 4888 ἀλλ’
3302 4833 3562 4904 έδίδαξεν,
3621 4840 3702 4892 ὅτι
3751 4839 3964 4896 ἀκολου-

2369 4927 2490 4990 θῶν,
2547 4923 2652 4996 ούχ
2697 4925 2904 4998 εύρήσει
2958 4920 3166 4999 κέρδος,
3241 4927 3348 4979 οἷον
3399 4927 3565 4989 ζητεῖ.
3625 4932 3822 4982 Λοιπὸν
3877 4927 3966 4984 οὖν

2366 5013 2553 5076 έκεῖνος
2615 5017 2781 5074 συνεὶς
2848 5014 2929 5066 ὅτι
3007 5010 3320 5086 διηνὼσθη,
3400 5020 3490 5070 καὶ
3543 5015 3826 5090 ἀποτυχὼν
3873 5027 3967 5075 τοῦ

2368 5109 2586 5172 σκοποῦ,
2621 5103 2884 5175 σεσίγηκε.

2435 5195 2580 5255 Τινες
2610 5188 2671 5245 δέ
2721 5211 2897 5265 φασιν,
2929 5193 3010 5245 ὅτι
3047 5199 3418 5272 προγινώσκων
3466 5195 3622 5249 αὐτόν
3654 5198 3680 5249 ὁ
3713 5201 3966 5274 Χριστὸς,

2367 5283 2426 5335 ού
2480 5281 3001 5357 μόνον’φιλαργυρίᾳ
3062 5279 3464 5357 δεδουλωμένον,
3540 5283 3668 5339 ἀλλά
3712 5291 3802 5340 καὶ
3864 5288 3971 5343 έτέ-

2365 5391 2477 5444 ροις
2525 5371 2790 5437 ¹πάθεσιν,
2877 5369 3206 5444 ἀναγοινγικῶς
3285 5371 3616 5448 ἀπεκρίνατο,
3702 5373 3970 5442 ἀλώπεκας

2368 5465 2457 5512 καὶ
2514 5463 2736 5528 πετεινὰ,
2799 5464 2919 5522 τοὺς
2997 5456 3248 5533 δαίμονάς
3313 5465 3594 5536 ὀνομάσας,
3657 5461 3749 5517 διά
3807 5485 3862 5518 τε
3910 5469 3970 5520 τὸ

2319 5545 2576 5622 ,δολερὸν
2621 5547 2813 5614 αὐτῶν,
2873 5553 2960 5602 καὶ
3007 5546 3100 5603 διά
3150 5553 3208 5603 τὸ
3261 5549 3606 5605 ἐπιϐουλεύειν
3659 5560 3761 5614 τοῖς
3811 5560 3968 5630 σπέρο

2367 5657 2501 5712 μασι
2546 5641 2637 5690 καὶ
2689 5646 2909 5714 καρποῖς
2951 5646 3045 5702 τῆς
3111 5637 3316 5712 ἀρετῆς·
3398 5643 3589 5695 ὡσανεὶ
3643 5641 3824 5717 λέγων,
3886 5647 3969 5700 ὅτι
