4170 6444
202 409 313 469 293

1193 400 1558 468 COMMENT.
1601 395 1674 462 IN
1716 383 2158 462 MAT‘I‘HEUM.
2199 432 2266 445 —
2305 401 2465 459 CAP.
2499 401 2648 459 VIII.

3469 395 3576 459 294

204 542 272 592 Οἱ
449 533 695 610 δαίμονες
733 540 950 610 ἔχουσιν
997 535 1045 589 ἓν
1097 541 1181 589 σοὶ
1229 535 1451 608 φῶλεούς
1505 538 1594 586 καὶ
1647 552 1816 584 κατα-

1943 529 2102 585 iidos
2134 528 2193 584 in
2223 530 2278 584 te
2307 526 2530 584 habent
2554 542 2698 599 ;ego
2726 530 2924 583 autem
2947 541 3140 600 neque
3162 526 3576 584 brevissimam

217 627 524 686 σκηνώσειξ
598 629 698 697 ἐγὼ
757 622 815 678 δε
875 622 996 678 οὐδε
1053 623 1313 698 βραχεῖαν
1389 623 1681 675 ἀνάπαυσιν
1740 622 1815 674 εὖ·

230 721 379 791 ρίσκω
415 717 564 786 παρὰ
601 721 664 786 τῇ
721 721 786 787 σῇ
837 711 1012 786 ψυχῇ.
1063 713 1250 766 Φωλεοὶ
1307 709 1364 764 δι
1415 716 1505 764 καὶ
1552 730 1815 767 κατασκη-

234 809 405 863 νώσεις
448 810 546 854 τῶν
607 798 891 875 δαιμόνων,
952 806 1017 854 τὰ
1085 804 1249 867 πάθη,
1309 801 1380 861 οἷς
1445 799 1817 872 ἄγκρύπτονται

235 898 312 944 καὶ
342 891 764 943 ἐναναπαύονταυ
816 893 932 944 Υἱον
981 887 1040 943 δι
1092 889 1363 966 ἀνθρώπου
1416 888 1558 940 καλεί
1615 887 1814 953 ἑαυτὸν,

228 977 464 1051 βεϐαιῶν,
507 981 591 1032 ὅτι
626 982 763 1031 κατά
798 977 1038 1038 ἀλήθειαν
1071 981 1420 1051 σεσάρκωται,
1463 982 1550 1029 καὶ
1590 976 1647 1028 οὐ
1683 976 1818 1027 κατά

222 1073 525 1140 φαντασίαν,
579 1066 650 1130 ὣς
693 1087 821 1129 τινες
864 1067 1242 1141 ὑπελάμϐανον,
1305 1065 1603 1141 Ἀνθρωπον
1636 1060 1694 1117 δι
1731 1071 1817 1114 νῦν

211 1155 367 1227 λὴει,
389 1162 490 1214 τὴν
508 1160 714 1231 μητέρα
744 1156 924 1209 αὑτοῦ·
955 1156 1260 1232 Ἀνθρωπος
1283 1158 1384 1229 γὰρ
1411 1154 1631 1226 λίογεται,
1660 1153 1764 1225 οὐχ
1791 1154 1817 1204 6

206 1244 338 1321 ἀνὴρ
375 1250 561 1317 μόνον.
591 1244 718 1298 ἀλλά
745 1247 884 1304 καὶὴ
917 1250 1046 1318 γυνή
1077 1245 1213 1316 (75).

274 1334 499 1408 Ἕτερος
529 1365 598 1375 —
627 1339 834 1407 Πατέρα
862 1354 982 1406 μου.
1008 1339 1101 1395 Τίς
1129 1338 1218 1406 μεν
1250 1331 1309 1392 ἧν
1339 1333 1483 1393 οὗτος
1513 1334 1538 1384 6
1559 1333 1812 1405 μαθητὴς,

207 1424 299 1476 οὐκ
329 1419 603 1481 ἐδήλωσεν
633 1425 660 1476 6
681 1423 1071 1495 εὐαγγελιστής.
1103 1421 1286 1484 Ὀστις
1319 1419 1376 1475 δε
1395 1428 1484 1475 καὶ
1519 1419 1598 1488 ἧν,
1633 1421 1818 1492 εὔγνω-

205 1515 538 1583 μονέστατος
582 1509 665 1570 ἦν,
713 1520 826 1586 Ορα
875 1516 998 1588 γὰρ,
1045 1515 1143 1577 ὅτι,
1184 1517 1355 1565 καίτοι
1387 1519 1479 1564 τοῦ
1516 1514 1818 1584 πράγματος

208 1598 433 1653 δικαίου
489 1607 582 1654 καὶ
636 1601 921 1673 ἀναγκαίου
977 1599 1270 1667 δοκοῦντος,
1329 1603 1466 1673 ὅμως
1523 1600 1654 1652 αἰτεῖ
1703 1603 1820 1672 περὶ

206 1693 424 1757 τουτου,
483 1695 557 1762 μὴ
626 1690 849 1752 θελήσας
909 1689 1140 1743 ἀπελθεῖν
1199 1689 1282 1762 ἀφ’
1344 1688 1548 1741 ἑαυτοῦ·
1615 1692 1672 1740 τὸ
1739 1684 1818 1754 δι,

207 1785 454 1852 Πρῶτον,
510 1779 640 1849 εἶπε,
673 1776 868 1848 δηλῶν,
913 1781 992 1832 ὃτι
1040 1782 1214 1832 ἔπειτα
1258 1776 1600 1836 ἀκολουθήσει
1630 1797 1821 1829 παντα-

199 1875 336 1939 χοῦ.

281 1957 358 2010 Ὀ
417 1954 482 2010 δί
529 1958 740 2019 Ἰησοῦς
803 1987 872 1998 —
921 1960 1042 2019 τοὺς
1117 1955 1306 2009 ἑαυτῶν
1370 1957 1597 2030 νεκρούς.
1669 1956 1820 2008 Ἐκώ-

207 2045 364 2099 λνσεν
415 2047 596 2113 αὑτὸν,
647 2045 706 2098 οὗ
746 2045 954 2098 κωλύων
994 2049 1051 2098 τὸ
1090 2053 1246 2117 τιμᾷν
1302 2050 1417 2106 τοὺς
1460 2053 1644 2116 γονεῖς,
1697 2045 1823 2097 ἀλλά

218 2132 526 2200 διδάσκων,
596 2137 677 2188 ὅτι
740 2140 849 2207 χρὴ
914 2139 1000 2188 τὸν
1075 2133 1328 2206 ἐφιέμενον
1392 2144 1489 2186 τῶν
1551 2135 1820 2209 οὐρανίων,

213 2231 286 2298 μὴ
369 2223 712 2296 ἀποστρέφειν
767 2223 834 2284 εἰς
889 2227 953 2276 τά
1012 2229 1190 2294 γήινα,
1263 2219 1393 2296 μηδ’
1453 2223 1822 2296 ἀπολιμπάνειν

214 2318 306 2386 μὶν
358 2316 426 2366 τά
489 2315 689 2387 ζωηρά,
737 2309 1105 2387 παλινδρομεῖν
1155 2309 1212 2364 δε
1267 2313 1339 2374 εἰς
1399 2316 1463 2364 τὰ
1517 2316 1820 2384 νεκρωτικά,

214 2400 360 2476 μηδὶ
430 2410 569 2455 Θεοῦ
632 2407 889 2475 προτιμᾲν
952 2407 1138 2472 γονεῖς.
1212 2402 1491 2472 Ἐγίνωσκε
1555 2405 1677 2476 γὰρ,
1746 2403 1825 2454 ὅτι

218 2492 461 2562 θάψουσι
503 2497 682 2543 τοῦτον
720 2489 884 2560 ἄλλοι,
930 2495 1020 2542 καὶ
1060 2489 1153 2542 οὐκ
1204 2489 1360 2555 εἰκὸς,
1404 2498 1582 2543 τοῦτον
1617 2489 1824 2543 ἀπολει-

218 2584 413 2653 φθῆναι
463 2587 566 2631 τῶν
609 2577 1033 2651 ἀναγκαιοτέρων.
1083 2577 1245 2651 Οἶμαι
1291 2575 1369 2648 δε,
1419 2581 1499 2632 ὅτι
1547 2585 1636 2632 καὶ
1697 2581 1825 2632 οἷπι-

222 2689 348 2731 στος
407 2665 471 2727 ἦν
527 2669 553 2719 6
608 2666 929 2728 τελευτήσας.
984 2671 1070 2720 Διὸ
1118 2673 1206 2720 καὶ
1272 2664 1425 2720 εἶπεν·
1486 2667 1642 2741 ’Ἄφες
1707 2673 1828 2730 τοὺς

222 2761 459 2832 νεκροὺς,
535 2761 796 2821 τουτέστι,
865 2761 1266 2830 Παραχώρησον
1333 2764 1437 2818 τοῖς
1518 2764 1827 2834 νενεκρωμὲ-

225 2867 333 2908 νοις
404 2847 475 2907 εἰς
546 2850 745 2912 πίστιν,
815 2845 980 2917 θάψαι
1045 2850 1160 2907 τοὺς
1224 2851 1581 2921 προσήκοντας
1652 2848 1830 2911 αὐτοῖς

234 2941 457 3008 νεκροὺς.
527 2934 589 2987 Ὀ
654 2937 752 3010 γὰρ
815 2937 986 3007 νεκρὸς
1049 2935 1218 3000 οὗτος,
1281 2935 1374 2987 οὐκ
1436 2939 1546 2989 ἔστι
1601 2940 1692 2998 σὸς
1752 2957 1828 2990 νε-

244 3027 391 3094 κρὸς,
451 3020 585 3076 διότι
649 3023 743 3074 οὐκ
809 3025 919 3075 ἔστι
970 3028 1116 3096 μερὶς
1178 3031 1346 3094 πιστῷ
1412 3027 1541 3096 μετὰ
1584 3023 1826 3082 ἀπίστου.

246 3117 312 3164 Σὺ
359 3108 432 3179 δε,
482 3113 526 3164 εἰ
586 3113 888 3183 θαυμάζεις,
939 3121 1043 3174 πῶς
1081 3113 1175 3164 οὐκ
1228 3113 1540 3186 αὐθαιρέτως
1585 3114 1828 3183 ἀπῆλθεν,

235 3201 342 3254 ἀλλ’
368 3202 633 3273 ᾐτῆσατο,
682 3202 968 3272 θαύμασον,
1003 3207 1088 3254 καὶ
1120 3209 1225 3264 πῶς
1253 3202 1500 3264 κωλυθεὶς
1533 3206 1739 3276 ἔμεινεν.
1773 3205 1834 3258 Ei
1868 3239 1910 3298 C

230 3288 284 3344 δ’
313 3291 508 3343 ἐκεῖνον
540 3286 657 3343 οὐδ’
684 3288 768 3342 ἰπὶ
797 3293 981 3364 μικρὸν
1013 3288 1246 3362 ἀφῆκενό
1273 3291 1834 3366 Χριστόςάπολειφθῆ-

228 3401 310 3432 ναι
329 3387 437 3440 τῶς
465 3375 825 3441 διδασκαλίας
849 3378 1030 3446 αὐτοῦ,
1061 3385 1195 3442 τίνος
1217 3379 1277 3431 ἀν
1309 3384 1481 3454 εἴημεν
1508 3384 1651 3454 ἡμεῖς
1673 3382 1830 3455 ἄξιοι,

227 3473 313 3521 τὸν
375 3468 590 3521 ἅπαντα
642 3471 832 3543 χρόνον
908 3465 1247 3542 ἀφιστάμενοι
1308 3477 1408 3522 τῶν
1469 3468 1676 3523 ἐντολῶν
1742 3471 1834 3524 αὖ·

228 3565 340 3612 τοῦ.

493 3651 642 3701 ΚΕΦ.
682 3649 770 3700 1A.
813 3649 937 3719 Περὶ
975 3653 1076 3708 τῶς
1113 3644 1456 3720 ὶπιτιμήσεως
1489 3655 1589 3700 τῶν

916 3731 1128 3787 ὑδάτων
1139 3780 1151 3790 .

307 3829 415 3878 Καὶ
446 3821 662 3896 ἐμϐάντι
691 3853 756 3864 -
803 3824 851 3874 οἱ
887 3825 1122 3895 μαθηταὶ
1153 3823 1333 3876 αὐτοῦ’
1367 3828 1494 3886 Τοὺς
1528 3829 1616 3898 μεν
1648 3826 1840 3900 ὄχλους

235 3923 460 3988 πορῆκε,
505 3906 600 3964 διὰ
628 3914 716 3972 τάς
743 3911 1126 3986 προρῥηθείσας
1152 3910 1338 3974 αἰτίας
1370 3916 1489 3976 τοὺς
1515 3912 1575 3968 δι
1603 3919 1840 3989 μαθητὰς

235 3999 524 4077 παρέλαϐε,
568 3996 662 4053 διὰ
690 4003 748 4052 τὸ
773 3999 953 4073 μέλλον
993 3999 1039 4052 ἓν
1070 4008 1131 4074 τῇ
1165 4000 1402 4075 θαλάσσῃ
1433 4006 1674 4074 γενέσθαι
1710 4007 1840 4058 θαύ-

237 4110 334 4164 μα.
381 4090 528 4142 Ἐπεὶ
584 4091 685 4164 γὰρ
739 4097 838 4141 τῶν
892 4088 1062 4161 ὄχλων
1126 4089 1574 4164 εὐεργετουμενων,
1635 4091 1682 4145 ἓν
1769 4103 1841 4166 τῷ

243 4180 626 4250 θεραπεύεσθαι
681 4178 771 4238 τάς
837 4177 1102 4241 ἀσθενείας
1153 4180 1243 4230 καὶ
1297 4184 1478 4241 νόσους
1543 4182 1732 4251 αὐτῶν,
1794 4185 1843 4235 οἱ

240 4270 484 4342 μαθηταὶ
510 4263 722 4319 ἐδόκουν
758 4271 921 4338 μένειν
954 4265 1360 4340 ἀνευεργέτητοι,
1388 4267 1566 4321 λοιπὸν
1598 4271 1845 4345 εὐεργετεί

239 4361 332 4410 καὶ
400 4359 639 4422 τούτους,
717 4360 806 4408 καὶ
871 4361 1269 4430 παραχωρήσας
1335 4355 1572 4428 ἐμπεσεῖν
1655 4361 1845 4421 αὐτοὺς

242 4446 315 4508 εἰς
433 4440 674 4497 κίνδυνον
775 4452 1223 4517 καταποντισμοῦ,

239 4555 330 4587 ται
339 4576 352 4589 ο

1321 4445 1634 4521 παραδόξως
1731 4449 1846 4522 ῥυέ-

1926 617 2194 689 requiem
2214 616 2373 688 apud
2389 617 2653 673 animam
2677 620 2840 672 tuam
2858 616 3116 672 invenio.
3137 616 3340 671 Favete
3356 632 3491 672 vero
3508 633 3578 672 ac

1927 705 2050 761 nidi
2080 705 2448 770 daemonum,
2479 705 2817 760 atfectiones
2843 710 3002 770 sunt,
3037 704 3095 760 in
3135 705 3349 778 quibus
3380 706 3578 764 occul-

1928 799 2125 851 tantur
2144 810 2212 849 ac
2242 793 2646 866 requiescunt.
2684 791 2894 849 Filium
2910 799 3111 850 autem
3134 794 3398 849 hominis
3428 795 3581 868 seip-

1928 899 2065 938 sum
2079 887 2267 946 vocat,
2285 880 2650 937 conﬁrmans
2663 881 2827 953 quod
2849 897 2983 937 vere
3001 887 3186 938 etnon
3207 882 3580 954 phantastice

1927 973 2004 1028 sit
2029 973 2393 1036 incarnatus,
2410 975 2472 1026 ut
2496 969 2743 1042 quidam
2763 971 3250 1044 suspicabantur:
3271 972 3579 1028 hominem

1927 1061 2128 1118 dicens
2166 1075 2327 1116 nunc
2375 1064 2627 1116 matrem
2668 1075 2864 1116 suam.
2897 1061 3044 1117 Nam
3070 1062 3362 1136 ἄνθρωπος,
3393 1061 3455 1117 id
3492 1067 3581 1118 est

1926 1150 2130 1216 homo,
2199 1153 2440 1206 vocatur
2504 1163 2626 1204 non
2693 1154 2923 1206 tantum
3005 1149 3112 1217 vir,
3175 1150 3279 1207 sed
3333 1155 3391 1207 et
3454 1166 3582 1207 mu-

1925 1237 2049 1295 lier.

1999 1330 2158 1383 Vers.
2187 1330 2276 1383 21.
2297 1327 2468 1383 Alius
2492 1353 2555 1365 —
2576 1332 2808 1396 patrem
2831 1342 3043 1384 meum.
3065 1328 3206 1394 Quis
3229 1333 3382 1385 certe
3407 1328 3581 1386 fuerit

1926 1417 2022 1473 hic
2052 1415 2403 1488 discipulus,
2427 1431 2548 1472 non
2569 1415 2930 1486 signiﬁcavit
2961 1417 3354 1487 evangelista:
3375 1434 3581 1475 verum

1927 1504 2203 1579 quisquis
2241 1504 2431 1575 fuerit,
2473 1505 2870 1578 probissimus
2895 1511 3036 1562 erat.
3055 1507 3198 1563 Vide
3246 1508 3395 1564 enim
3422 1508 3583 1581 quod

1927 1594 1989 1650 id
2022 1610 2084 1649 re
2113 1594 2282 1650 etiam
2313 1609 2448 1667 qum
2475 1595 2635 1666 justa
2659 1610 2729 1650 ac
2760 1595 3092 1652 necessaria
3121 1596 3453 1664 videbatur,
3482 1613 3584 1670 po-

1930 1683 2107 1740 stulat
2136 1687 2200 1738 ut
2231 1682 2342 1738 sibi
2379 1682 2570 1751 liceat,
2625 1681 2834 1739 nolens
2861 1700 2972 1740 sua
2997 1683 3188 1756 ipsius
3236 1689 3584 1743 auctoritate

1931 1771 2278 1830 abscedere.
2341 1772 2486 1828 Dicit
2515 1777 2735 1837 autem,
2771 1773 2952 1839 Prius,
2987 1772 3376 1830 manifestans
3422 1775 3583 1846 quod

1855 1890 1898 1944 B
1932 1859 2323 1934 postmodum
2343 1861 2560 1932 quovis
2599 1866 2965 1932 sequeretur.

2002 1948 2167 2005 Vers.
2186 1951 2274 2003 22.
2305 1948 2468 2003 Jesus
2489 1955 2684 2005 autem
2714 1979 2780 1989 —
2809 1956 3072 2006 mortuos
3095 1965 3243 2008 suos.
3281 1951 3587 2008 Pronibuit

1930 2053 2091 2103 eum,
2122 2053 2241 2093 non
2301 2042 2502 2094 vetans
2548 2037 2845 2095 honorare
2899 2047 3198 2112 parentes,
3229 2043 3334 2098 sed
3364 2043 3584 2098 docens

1930 2130 2206 2200 oportere
2235 2141 2371 2181 eum
2390 2127 2488 2199 qui
2518 2126 2781 2185 coelestia
2807 2130 3047 2202 appetit,
3085 2146 3206 2187 non
3229 2133 3489 2188 converti
3508 2131 3587 2189 ad

1933 2220 2166 2273 terrena
2197 2229 2210 2268 :
2245 2229 2439 2288 neque
2469 2215 2681 2271 vividis
2695 2217 2927 2284 relictis,
2958 2218 3035 2274 ad
3064 2219 3364 2276 mortifera
3387 2236 3589 2276 recur-

1933 2319 2083 2369 rere,
2109 2307 2212 2360 aut
2241 2319 2422 2376 supra
2449 2304 2627 2360 Deum
2675 2305 2971 2362 honorare
3025 2314 3318 2379 parentes.
3354 2308 3590 2365 Sciebat

1934 2394 2085 2451 enim
2115 2393 2278 2467 quod
2303 2393 2399 2449 alii
2425 2393 2596 2450 illum
2624 2400 2823 2451 essent
2850 2396 3132 2467 sepulturi
3163 2416 3180 2468 ;
3214 2414 3322 2454 nec
3348 2414 3588 2469 aequum

1935 2488 2079 2546 erat,
2116 2488 2180 2538 ut
2205 2482 2280 2539 ab
2307 2482 2403 2539 his
2446 2499 2577 2555 qua:
2619 2483 2811 2554 magis
2837 2486 3172 2543 necessaria
3215 2493 3399 2552 erant,
3432 2503 3591 2543 rece-

1935 2572 2120 2629 deret.
2149 2571 2367 2644 Opinor
2404 2577 2602 2628 autem
2636 2588 2773 2629 eum
2813 2574 2918 2647 qui
2975 2580 3237 2632 mortuus
3292 2582 3416 2632 erat
3463 2575 3592 2632 inﬁ-

1935 2660 2131 2717 delem
2170 2660 2371 2724 fuisse,
2421 2660 2670 2734 ideoque
2717 2662 2939 2720 dixisse
2977 2661 3278 2721 Christum
3311 2683 3323 2721 :
3351 2665 3594 2722 Dimitte

1937 2755 2216 2814 mortuos,
2241 2749 2355 2805 hoc
2385 2753 2493 2815 est,
2526 2752 2747 2806 Recede
2773 2752 2846 2807 ab
2889 2752 2979 2808 his
3008 2754 3111 2827 qui
3141 2754 3196 2810 in
3227 2753 3342 2810 ﬁde
3382 2751 3594 2810 mortui

1938 2843 2097 2907 sunt,
2114 2843 2175 2894 ut
2186 2839 2468 2908 sepeliant
2480 2848 2760 2906 mortuos,
2775 2841 2875 2912 qui
2889 2841 3050 2914 ipsos
3063 2844 3434 2914 contingunt.
3451 2843 3592 2899 Nam

1937 2928 2032 2983 hic
2058 2933 2344 2992 mortuus,
2375 2943 2496 2984 non
2529 2934 2615 2984 est
2667 2933 2798 2985 tuus
2853 2936 3155 2987 mortuus:
3190 2948 3382 3005 neque
3431 2931 3592 2988 enim

1940 3015 2102 3070 ﬁdeli
2134 3031 2274 3087 pars
2299 3021 2388 3072 est
2417 3032 2546 3072 cum
2585 3017 2805 3074 inﬁdeli
2827 3019 2895 3072 ⁸⁷.
2928 3019 3014 3075 Tu
3037 3036 3174 3076 vero
3207 3021 3254 3076 si
3281 3021 3597 3076 admiraris

1939 3119 2062 3176 quo
2081 3104 2263 3160 modo
2290 3120 2409 3160 non
2424 3121 2534 3163 sua
2559 3113 2770 3177 sponte
2791 3108 3019 3177 abierit,
3041 3111 3143 3164 sed
3159 3109 3362 3182 petivit
3400 3115 3464 3165 ut
3484 3108 3596 3165 sibi

1941 3193 2173 3250 liceret:
2198 3194 2496 3250 admirare
2527 3197 2703 3252 etiam
2728 3212 2850 3268 quo
2880 3198 3060 3254 modo
3085 3198 3421 3270 prohibitus
3436 3215 3598 3255 man-

1944 3283 2100 3338 serit.
2132 3282 2300 3348 Quod
2362 3282 2411 3338 si
2439 3283 2607 3338 illum
2648 3299 2842 3357 neque
2881 3285 2959 3341 ad
3008 3286 3308 3342 modicum
3368 3286 3600 3343 dimisit

1945 3370 2213 3426 Christus
2248 3375 2309 3426 ut
2331 3372 2769 3429 asuadoctrina
2795 3373 3138 3443 discederet,
3155 3391 3275 3448 qua
3303 3376 3596 3448 prauam)

1944 3459 2113 3530 digni
2143 3459 2384 3526 erimus,
2413 3460 2516 3533 qui
2545 3462 2709 3519 omni
2761 3468 3030 3535 tempore
3070 3479 3107 3521 a
3130 3465 3446 3538 praeceptis
3470 3463 3600 3536 ejus

1945 3547 2329 3605 discedimus.

2196 3639 2345 3696 CAP.
2374 3642 2459 3697 x1.
2493 3639 2578 3699 De
2605 3641 3010 3714 inerepatione
3035 3658 3350 3718 aquarum.

2021 3816 2189 3874 Vers.
2236 3817 2325 3874 23.
2381 3819 2640 3893 Cumque
2683 3823 3038 3881 ascendisset
3065 3855 3134 3865 —
3163 3824 3440 3894 discipuli
3492 3824 3606 3881 sui.

1948 3905 2172 3962 Turbas
2210 3906 2454 3980 quidem
2482 3915 2726 3984 propter
2753 3928 2972 3970 causas
3011 3915 3323 3986 prmdictas
3363 3913 3607 3989 dimisit,

1922 3994 2271 4067 discipulos
2300 4003 2501 4055 autem
2533 4016 2674 4056 suos
2707 4003 3050 4075 assumpsit,
3094 4008 3326 4074 propter
3356 4005 3610 4062 miracu-

1950 4084 2075 4139 lum
2104 4086 2266 4157 quod
2296 4086 2355 4142 in
2392 4089 2540 4144 mari
2571 4088 2830 4145 facturus
2863 4095 3006 4148 erat.
3041 4094 3185 4147 Cum
3224 4093 3384 4148 enim
3426 4094 3612 4150 turbis

1951 4172 2242 4230 beneﬁcia
2255 4176 2616 4243 contulisset,
2634 4180 2907 4236 sanando
2929 4181 3246 4249 languores
3277 4198 3342 4236 ac
3369 4183 3612 4238 morbos

1953 4278 2182 4333 eorum,
2211 4263 2566 4321 videbantur
2581 4266 2857 4338 discipuli
2886 4268 3050 4324 nullo
3072 4270 3273 4337 affecti
3301 4269 3608 4327 beneficio.

1955 4352 2019 4405 Et
2051 4349 2110 4404 in
2136 4351 2247 4406 hos
2275 4351 2476 4426 itaque
2506 4369 2676 4412 suam
2709 4363 2936 4412 exercet
2988 4355 3485 4428 muniﬁcentiam,
3543 4375 3614 4415 ac

1955 4443 2276 4512 postquam
2307 4457 2409 4498 eos
2435 4443 2700 4514 permisit
2728 4446 2789 4500 in
2832 4445 3228 4502 demersionis
3281 4447 3612 4520 periculum

1954 4527 2234 4596 incidere,
2263 4530 2510 4588 demum
2540 4534 2890 4591 mirabiliter
2920 4535 3112 4609 eripit.

318 4627 423 4676 Καὶ
496 4653 565 4662 -
634 4623 896 4695 κυμάτων.
986 4621 1151 4684 Οὗτος
1239 4624 1330 4696 μεν
1415 4627 1629 4697 σεισμὸν
1717 4621 1824 4678 εἶπε

2035 4593 2337 4676 Vera-24.
2383 4623 2457 4678 Et
2488 4653 2557 4662 —
2593 4624 2891 4692 ﬂuctibus.
2939 4593 3047 4681 Hic
3092 4625 3347 4699 quidem,
3381 4632 3615 4686 motum

241 4716 465 4785 Μάρκος
508 4706 569 4763 δε
616 4716 706 4763 καὶ
734 4715 943 4772 Λουκᾶς.
1003 4709 1231 4764 λαιλαπα
1278 4709 1464 4785 ἀνέμου
1505 4717 1686 4785 φασίν
1736 4714 1847 4766 ἔστι

246 4797 306 4854 δὲ
336 4799 548 4854 ταύτόν.
603 4805 703 4852 Καὶ
748 4801 964 4871 σεισμὸς
1007 4801 1107 4874 γὰρ
1157 4805 1248 4853 καὶ
1298 4799 1514 4873 λαίλαψ,
1565 4803 1590 4853 6
1644 4798 1847 4854 κλύδων

244 4889 470 4957 ἐκλήθη,
522 4884 616 4940 διά
662 4892 719 4941 τὸ
771 4892 924 4941 σείειν
988 4892 1078 4940 καὶ
1154 4894 1457 4964 συστρέφειν
1511 4894 1601 4942 καί
1653 4889 1847 4964 ἀναμο-

316 5069 366 5108 ⁵⁷
398 5069 447 5128 ll
476 5070 606 5128 Cor.
634 5083 716 5142 vr,
760 5073 846 5127 15.
923 5069 970 5108 ⁵⁸
999 5071 1170 5129 κεεο.
1201 5073 1280 5140 iv,
1307 5075 1373 5128 35
1394 5088 1410 5140 ;
1435 5071 1706 5139 Luc.viu,
1735 5071 1830 5129 23.

1958 4713 2119 4771 dixit.
2176 4713 2406 4769 Marcus
2457 4716 2654 4769 autem
2707 4717 2764 4770 et
2815 4715 3022 4782 Lucas,
3065 4716 3392 4788 procellam
3459 4717 3619 4775 dixe-

1957 4807 2097 4860 runt
2121 4803 2190 4858 ⁸³.
2237 4801 2408 4860 Maris
2440 4801 2601 4858 enim
2650 4805 2991 4876 tempestas,
3025 4809 3081 4862 et
3131 4811 3354 4874 motus,
3397 4810 3454 4863 et
3482 4823 3616 4881 pro-

1960 4892 2109 4950 cella
2136 4891 2296 4950 dicta
2324 4901 2430 4960 est,
2463 4907 2534 4950 eo
2562 4891 2728 4966 quod
2750 4909 2936 4966 aquas
2957 4901 3338 4956 commoveat
3369 4912 3438 4954 ac
3484 4913 3617 4955 con-

1469 5246 1696 5323 ναι-ἰῶ
1724 5250 2054 5322 lectiones
2086 5261 2151 5322 et
2169 5261 2374 5322 notae.

317 5445 438 5529 (75)
469 5450 575 5529 Hic
597 5451 776 5529 addit
794 5450 1123 5529 Hentenius
1137 5466 1211 5508 ex
1225 5449 1493 5529 margine
1523 5450 1614 5507 sui
1636 5449 1860 5529 codicis

247 5519 655 5585 htécNolebat
679 5528 975 5595 autem,ut
996 5523 1328 5595 postposita
1352 5519 1699 5593 hujusmodi
1729 5537 1856 5594 spe,

250 5600 694 5675 sequeretur.At
722 5594 819 5651 ille
847 5593 1027 5651 simul
1046 5593 1664 5667 utaudivit,tanquam
1687 5593 1861 5680 pecu-

316 5727 419 5801 (jj)
451 5725 658 5782 Poena.
688 5722 859 5780 Forte
883 5724 1132 5796 τιμωρίας
1170 5718 1485 5777 invenerit.

1963 5450 2072 5526 nia;
2100 5453 2335 5526 amator
2364 5447 2670 5507 abscessit.
2704 5448 2842 5526 iiiqu
2856 5449 3072 5509 similia
3100 5449 3283 5510 habet
3315 5451 3616 5526 Theophy—

1964 5520 2223 5600 lact._p._
2245 5523 2341 5600 _44
2385 5537 2397 5600 ξ
2456 5528 2636 5600 Ταῦτα
2691 5518 2760 5600 δε.
2804 5521 2966 5600 ξλεσχεν
3033 5525 3174 5577 ὡσάν
3248 5529 3402 5600 πείσῃ
3464 5518 3622 5596 ἀύτῖἱν

1964 5589 2348 5666 μεταϐλῖηθέντα
2375 5591 2670 5647 ἀκολουθεῖν
2696 5609 2710 5624 ⁸
2739 5593 2764 5645 6
2805 5589 2864 5648 δι
2889 5589 3172 5670 ἀναχωρεῖ.
