4170 6442
601 360 708 414 295

1916 353 2265 414 EUTHYMII
2296 354 2642 416 ,ZIGABENI

3872 363 3977 420 296

601 482 808 540 turbet.
839 482 1103 538 Rursum
1121 481 1428 538 Matthaaus
1455 485 1509 538 et
1535 484 1763 538 Marcus
1784 481 1846 537 in
1868 480 2014 538 mari
2042 497 2255 537 navem

2371 482 2574 553 χλεύειν
2607 485 2671 535 τὰ
2699 480 2890 538 ὕδατα.
2922 488 3023 538 Καὶ
3054 477 3205 548 αὖθις
3233 487 3500 549 Ματθαίος
3528 490 3618 560 μεν
3649 491 3736 539 καὶ
3761 494 3979 562 Μαρκος

600 571 1032 644 periclitantem
1054 586 1186 624 esse
1232 570 1480 636 dicunt;
1524 571 1708 626 Lucas
1746 587 1886 626 vero
1929 571 1988 626 in
2025 575 2258 642 stagno.

599 663 796 732 Neque
824 664 908 714 est
935 658 1324 716 contradictio
1348 677 1361 725 ;
1390 675 1532 715 nam
1572 664 1627 715 et
1655 659 1770 725 hic.
1805 665 1861 715 et
1889 659 1983 715 ille
2008 660 2263 715 Tiberia-

598 750 731 804 dem
771 748 1288 819 significant,quae
1319 754 1532 804 natura
1567 749 1814 821 quidem
1841 752 2110 818 stagnum
2139 753 2258 820 est;

597 839 865 894 situvero
893 853 1080 906 mare,
1102 842 1332 909 propter
1352 836 1850 908 magnitudinem.
1869 839 2031 892 Unde
2057 842 2261 892 eteam

598 925 962 999 quandoque
995 929 1297 996 stagnum,
1331 927 1630 981 interdum
1651 932 1853 982 autem
1882 941 2045 981 mare
2073 927 2262 981 nomi-

601 1021 772 1072 nant.
812 1016 990 1071 Facta
1019 1021 1127 1079 est,
1161 1015 1372 1086 inquit,
1405 1020 1742 1086 tempestas,
1775 1019 1839 1070 ut
1883 1014 2152 1070 videlicet
2181 1014 2262 1071 fa-

602 1110 726 1162 stus
751 1104 1241 1176 comprimeretur
1268 1103 1728 1176 discipulorum.
1778 1105 2263 1173 lmaginabantur

599 1193 758 1249 enim
781 1208 999 1263 magna
1029 1192 1102 1247 de
1130 1192 1356 1263 seipsis,
1387 1197 1592 1264 utpote
1623 1193 1725 1264 qui
1751 1193 1978 1248 caeteris
1993 1193 2262 1247 dimissis

599 1281 708 1338 soli
737 1281 1001 1355 ipsicum
1017 1286 1379 1353 praeceptore
1404 1281 1893 1351 ingressiessent:
1928 1287 1982 1336 et
2001 1284 2064 1338 ut
2087 1281 2260 1352 quasi

597 1370 759 1427 orbis
797 1369 1053 1435 athletae,
1086 1369 1350 1442 periculo
1382 1371 1844 1426 exercitarentur
1879 1369 1954 1426 ad
1988 1369 2258 1442 timores,

599 1465 656 1517 et
682 1465 964 1532 tanquam
979 1458 1187 1514 mundi
1215 1458 1644 1529 gubernatores
1674 1458 1747 1514 ad
1770 1458 2061 1531 procellas
2078 1463 2257 1516 tenta-

601 1549 854 1606 tionum.

669 1638 830 1695 Vers.
863 1642 956 1694 24.
1018 1639 1142 1707 Ipse
1194 1653 1327 1694 vero
1382 1637 1724 1694 dormiebat.
1786 1637 2021 1694 Marcus
2077 1637 2255 1693 etiam

595 1727 794 1784 locum
831 1726 1105 1799 designat
1130 1728 1189 1782 in
1211 1742 1329 1800 quo
1358 1726 1711 1782 dormiebat.
1746 1727 1897 1783 Dixit
1917 1725 2075 1782 enim
2089 1726 2256 1798 quod

2372 569 2419 622 ἕν
2472 571 2698 644 θαλάσοῃ
2752 569 3170 633 κλυδωνισθῆναι
3216 579 3271 627 τὸ
3320 573 3492 629 πλοῖον
3535 575 3798 647 λέγοῦσιν,
3834 584 3975 630 Λου-

2372 667 2467 721 κᾶς
2533 657 2592 713 δε
2658 661 2705 712 ἐν
2763 661 2936 734 λίμνῃ.
3000 669 3098 716 Καὶ
3163 664 3256 716 οὐκ
3315 664 3803 737 ἕναντιοφωνοῡσιν·
3880 672 3976 725 τὴν

2371 746 2658 824 Τιϐεριάδα
2708 753 2806 822 γὰρ
2879 756 2966 802 καὶ
3019 753 3160 804 οὗτοι
3217 751 3447 816 κάκεῖνος
3511 750 3788 819 δηλοῦσιν,
3857 757 3976 818 ἣτις

2374 841 2523 909 φύσει
2545 843 2634 910 μέν
2663 838 2772 890 ἐστι
2803 839 2978 911 λίμνη,
3032 843 3166 892 θέσει
3216 838 3274 893 δὲ
3315 842 3573 913 Θάλασσα,
3623 840 3717 895 διά
3773 847 3837 896 τὸ
3883 850 3974 917 μέ-

2371 929 2536 998 γεθος.
2569 926 2727 979 Ὀθετ
2757 933 2846 980 καὶ
2878 933 3002 981 ποτε
3030 925 3087 982 δε
3112 930 3378 982 θάλασσαν
3412 932 3572 990 αὐτὴν
3596 933 3969 1004 ὅνομάζουσιν.

2377 1016 2602 1087 Ἐγένετο
2658 1013 2720 1068 δέ
2765 1019 2790 1069 ὁ
2848 1014 3075 1085 κλύδων,
3123 1027 3205 1070 ἱνα
3245 1039 3298 1072 τε
3349 1019 3582 1092 συσταλῇ
3633 1026 3688 1074 τὸ
3730 1027 3975 1096 φρόνημα

2372 1113 2470 1155 τῶν
2506 1107 2770 1177 μαθητῶν
2803 1105 3198 1179 ἐφαντάσθησαν
3229 1112 3329 1182 γὰρ
3361 1109 3560 1181 μεγάλα
3593 1115 3710 1182 περὶ
3751 1110 3972 1179 ἑαυτῶν,

2372 1195 2456 1245 οἷοι
2503 1203 2601 1245 τῶν
2645 1198 2733 1265 μεν
2777 1194 2938 1246 ἄλλων
2991 1195 3443 1269 ἀποπεμφθέντων,
3504 1198 3667 1250 αὐτῶν
3714 1195 3775 1252 δι
3807 1206 3973 1272 μόνων

2374 1284 2800 1336 συνεισελθόντων
2837 1293 2908 1355 τῷ
2953 1281 3280 1358 διδασκάλῳ
3331 1292 3418 1340 καὶ
3469 1289 3551 1340 ἶνα
3586 1292 3972 1360 γυμνασθώσιν

2371 1373 2442 1434 εἰς
2489 1372 2672 1445 φόϐους
2730 1370 3002 1442 κινδυνων,
3044 1378 3107 1435 ὡς
3161 1375 3381 1434 ἀθληταὶ
3444 1385 3535 1429 τού
3593 1379 3825 1449 κόσμου,
3885 1386 3971 1432 καὶ

2370 1459 2436 1520 εἰς
2473 1471 2737 1535 χειμῶνας
2767 1472 3092 1537 πειρασμῶν,
3128 1467 3196 1526 ὡς
3225 1464 3536 1541 κυϐερνῆται
3589 1474 3678 1528 τῆς
3721 1467 3969 1542 οἰκουμέ-

2368 1570 2477 1612 νος·

2439 1640 2603 1702 Αύτός
2658 1637 2716 1692 δε
2747 1637 3039 1696 ἐκαθευδεν.
3088 1642 3144 1694 Ὀ
3178 1639 3236 1695 δε
3262 1645 3473 1716 Μάρκος
3498 1639 3730 1702 ἐδήλωσε
3760 1651 3852 1699 καὶ
3882 1649 3966 1698 τὸν

2367 1734 2542 1797 τόπον,
2570 1730 2620 1781 ἰν
2709 1729 3027 1802 ἀφύπνωσεν·
3059 1729 3166 1784 εἶπε
3208 1735 3330 1804 γάρ,
3365 1735 3446 1785 ὃτι
3474 1739 3562 1785 καί
3601 1730 3662 1792 ἦν
3705 1734 3865 1798 αύτὸς
3885 1735 3965 1788 ἐπὶ

593 1821 720 1873 erat
742 1817 801 1872 in
840 1815 1027 1888 puppi
1051 1832 1228 1887 super
1247 1815 1504 1871 cervical
1530 1814 1834 1870 dormiens
1863 1817 1938 1870 ω.
1981 1817 2115 1871 Erat
2147 1831 2255 1872 au-

2367 1825 2427 1889 τῇ
2474 1821 2678 1890 πρύμνῃ
2723 1818 2805 1871 ἐπὶ
2835 1823 2892 1871 τό
2924 1820 3302 1894 προσεφάλαιον
3346 1818 3635 1877 καθεύδων.
3667 1822 3879 1876 Ξύλενον
3909 1821 3965 1876 δε

595 1911 715 1962 tem
745 1905 992 1962 cervical
1031 1903 1176 1960 illud
1232 1905 1520 1976 ligneum,
1561 1904 1623 1961 in
1655 1904 1838 1977 puppi
1868 1903 2252 1960 fabricatum.

598 1995 941 2052 Dormiebat
990 2010 1132 2050 vero
1213 1993 1663 2065 dispensatorie,
1738 2000 1799 2049 ut
1876 1994 2257 2050 vehementer

599 2085 1054 2140 timerent.Nam
1069 2082 1118 2138 si
1148 2082 1472 2152 vigilasset,
1505 2087 1608 2139 aut
1629 2081 1790 2137 nullo
1821 2081 2003 2138 modo
2029 2082 2257 2137 timuis-

599 2176 745 2243 sent,
775 2176 878 2228 aut
903 2187 1120 2244 parum
1165 2169 1343 2226 territi
1394 2169 1667 2226 fuissent.
1703 2170 2026 2243 Oportebat
2054 2176 2255 2226 autem

597 2277 699 2318 eos
730 2276 1021 2332 magnum
1047 2260 1276 2316 timoris
1317 2275 1564 2314 sensum
1605 2260 1931 2332 concipere,
1966 2266 2029 2315 ut
2075 2260 2254 2316 etiam

597 2350 673 2406 ad
699 2365 988 2420 magnum
1012 2350 1287 2421 potentiae
1314 2348 1471 2404 illius
1500 2363 1745 2404 sensum
1775 2352 2168 2421 pervenirent,
2201 2353 2257 2404 et

594 2439 881 2511 majorem
923 2439 997 2494 de
1030 2455 1102 2494 eo
1133 2437 1311 2493 ﬁdem
1347 2437 1748 2509 conciperent.

665 2530 826 2584 Vers.
881 2533 975 2585 35.
1039 2528 1212 2582 Et—
1262 2526 1572 2595 perimus?
1608 2529 1827 2582 Marcus
1876 2542 2018 2582 vero
2065 2525 2250 2581 dicit:

593 2619 954 2688 Praeceptor,
985 2632 1104 2672 non
1121 2615 1324 2672 esttibi
1345 2630 1502 2673 curae
1517 2616 1658 2687 quod
1665 2617 1924 2687 perimus
1946 2616 1993 2650 ⁵ο
2015 2614 2041 2668 ‘l
2069 2616 2256 2670 Lucas

597 2709 800 2762 autem
828 2707 870 2740 οι
905 2705 1300 2773 :Praeceptor,
1331 2711 1683 2773 praeceptor,
1711 2704 1970 2774 perimus
2003 2701 2254 2768 Quidam

595 2808 816 2865 nempe
845 2793 980 2857 hoc,
1013 2791 1262 2864 quidam
1293 2791 1439 2848 illud
1469 2791 1753 2849 dicebant
1783 2810 1797 2860 ;
1831 2796 1886 2848 et
1916 2790 2016 2847 alii
2048 2805 2251 2855 unum,

599 2882 696 2938 alii
729 2881 892 2937 aliud
925 2882 1046 2951 (/ck)
1082 2897 1096 2947 ;
1124 2886 1227 2937 aut
1256 2883 1425 2937 etiam
1453 2897 1667 2938 omnes
1709 2881 1932 2937 omnia.

670 2973 732 3026 V.
764 2971 858 3026 26.
887 2971 965 3025 Et
991 2972 1077 3027 ait
1105 2999 1175 3012 —
1201 2971 1444 3029 modicae
1469 2970 1611 3039 ﬁdet
1625 2968 1932 3026 homines?
1961 2967 2253 3025 Timorem

597 3059 859 3132 primum
874 3059 1087 3115 animae
1103 3075 1310 3115 eorum
1327 3059 1412 3115 sol
1425 3059 1522 3126 vit,
1538 3056 1862 3114 ostendens
1876 3056 2034 3129 quod
2047 3057 2253 3113 animus

2366 1915 2514 1958 τοῦτο
2547 1904 2606 1965 ἦν
2637 1906 2720 1960 ἐπὶ
2769 1917 2861 1969 τῆς
2885 1911 3125 1983 πρύμνης
3156 1915 3655 1982 κατεσκευασμένον.
3689 1912 3961 1966 Ἐκάθευὸε

2369 1991 2427 2047 δέ
2459 1996 2576 2047 κατ’
2609 1997 2895 2069 οἰκονμίαν,
2935 2000 3018 2049 ἵνα
3050 1995 3256 2071 σφόδρα
3296 1995 3655 2057 δειλιάσὼσιν.
3689 2003 3746 2054 Εἰ
3774 2003 3873 2074 γὰρ
3907 1997 3962 2058 ἧν

2365 2083 2687 2160 ἐγρηγορὼς.

2366 2174 2721 2241 ἓποϐήθησαν,
2753 2171 2896 2228 Ἔδει
2929 2172 2986 2227 δὲ
3038 2176 3226 2237 αὐτούς
3252 2176 3440 2235 πολλὴν
3473 2180 3721 2237 αἴσθησιν
3747 2187 3835 2232 τοῦ
3867 2183 3961 2250 φά-

2775 2090 2803 2144 ἦ
2887 2087 2979 2138 οὐκ
3059 2089 3118 2138 οἷν
3186 2085 3506 2154 ίδειλίασαν,
3573 2093 3602 2147 ἦ
3673 2089 3841 2163 ὀλίγον
3903 2091 3962 2140 ἄν

2365 2262 2456 2314 ϐου
2484 2262 2676 2329 λαϐεῖν,
2706 2265 2786 2315 ἱνα
2836 2268 2922 2315 καὶ
2955 2264 3023 2326 εἰς
3053 2264 3242 2322 πολλὴν
3282 2266 3524 2323 αῖοθησιν
3553 2275 3646 2329 τῆς
3674 2267 3826 2320 αὐτοῦ
3863 2263 3960 2319 δυ-

2363 2354 2560 2424 νάμεως
2649 2351 2858 2422 ἔλθωσι,
2936 2358 3024 2404 καὶ
3093 2352 3295 2406 λάϐωσί
3367 2359 3542 2408 πίστιν
3638 2356 3706 2418 είς
3803 2355 3956 2408 αὐτὸν

2365 2440 2591 2494 πλείονα.

2438 2534 2537 2582 Καὶ
2567 2560 2634 2568 -—
2670 2527 3018 2602 ἀπολλύμεθα.
3065 2528 3124 2581 Ὀ
3170 2525 3228 2583 δε
3265 2533 3492 2603 Μάρκος·
3543 2527 3852 2600 Διδάσκαλε,
3890 2529 3952 2582 ού

2363 2617 2502 2690 μέλει
2540 2636 2644 2683 σοι,
2697 2620 2777 2670 ὅτι
2830 2617 3177 2691 ἀπολλύμεθα.
3228 2619 3285 2672 Ὀ
3309 2616 3368 2672 δε
3394 2626 3609 2686 Λουκᾶς,
3645 2619 3952 2687 Ἐπιστάτα,

2365 2705 2639 2776 ἐπιστάτα,
2685 2705 3031 2779 ἀπολλύμεθα.
3057 2709 3121 2759 Οἱ
3144 2711 3233 2780 μεν
3263 2711 3364 2782 γὰρ
3397 2709 3563 2762 αὐτῶν
3590 2716 3740 2762 τοῦτο
3771 2709 3958 2780 ἷλεγον,

2367 2797 2415 2846 οὶ
2452 2790 2509 2847 δί
2545 2793 2720 2868 ὶκεῑνο,
2777 2800 2865 2848 καὶ
2919 2795 3064 2848 ἄλλοι
3098 2800 3155 2848 τό
3211 2795 3352 2864 ἄλλο,
3403 2798 3433 2857 ἦ
3489 2803 3580 2850 καὶ
3615 2800 3785 2851 πάντα
3838 2800 3962 2853 ποίν-

2363 2901 2458 2944 τες.

2438 2975 2537 3027 Καὶ
2561 2971 2698 3044 λέγει
2726 3003 2794 3013 -
2828 2972 3160 3045 ὀλιγόπιστοι
3190 2992 3207 3045 ς
3235 2981 3444 3046 Πρῶτον
3481 2973 3591 3028 λύει
3622 2979 3715 3034 τὴν
3772 2974 3966 3029 δειλίαν

2371 3070 2465 3122 τῆς
2501 3062 2688 3134 ψυχῆς
2720 3062 2908 3128 αὐτῶν,
2951 3058 3155 3123 δεικνύς
3194 3065 3268 3115 ὄτι
3298 3067 3382 3115 τὸν
3418 3063 3570 3135 φοϐον
3602 3067 3630 3122 ἠ
3661 3073 3755 3126 τῆς
3785 3064 3966 3136 ψυχῆς

597 3147 967 3205 imbecillitas
981 3149 1255 3204 timorem
1279 3163 1526 3204 causare
1549 3147 1940 3203 consueverit.
1964 3147 2252 3204 Modicam

2370 3153 2615 3203 ἀσθένεια
2649 3159 2811 3204 ποιεῖν
2861 3153 3050 3204 εἴωθεν
3108 3151 3466 3224 ὀλιγοπιστίαν
3498 3150 3556 3206 δε
3589 3163 3789 3216 τούτοις
3819 3155 3964 3208 ὠνεί-

595 3243 794 3294 autem
821 3253 1027 3294 eorum
1041 3238 1223 3293 ﬁdem
1255 3236 1731 3309 impropreravit,
1757 3235 2252 3309 nempeimperfe-

595 3331 752 3383 ctam
766 3326 1047 3382 ﬁduciam
1063 3327 1119 3382 in
1137 3343 1266 3383 eum
1279 3324 2078 3397 habitam.Sperabantenim
2090 3326 2252 3398 quod

595 3431 696 3472 eos
723 3431 952 3471 servare
1010 3421 1234 3487 posset,
1284 3412 1384 3470 sed
1422 3413 1692 3486 vigilans,
1725 3430 1846 3472 non
1876 3422 2078 3473 autem
2119 3415 2252 3472 dor-

595 3503 818 3560 miens.
854 3503 992 3560 Ideo
1013 3519 1259 3575 quoque
1294 3502 1754 3559 excitantillum.

666 3595 838 3650 Vers.
864 3595 953 3648 26.
974 3591 1137 3648 Tunc
1169 3623 1236 3632 —
1263 3606 1504 3662 magna.
1546 3591 2251 3667 ’Ennipnac,increpavit,

592 3681 710 3738 hoc
739 3685 845 3746 est,
878 3681 1214 3754 imperavit.
1245 3680 1392 3736 Dicit
1419 3682 1563 3738 enim
1609 3685 1854 3748 Marcus,
1886 3684 2052 3756 quod
2076 3682 2255 3737 etiam

595 3769 809 3826 dixerit
845 3769 1036 3826 mari:
1076 3771 1242 3835 Tace.
1277 3769 1591 3829 obmutesce
1621 3773 1688 3826 ⁸³.

579 3850 584 3855 ’
663 3863 820 3915 Vers.
880 3863 970 3914 27.
1014 3859 1290 3915 Homines
1336 3867 1528 3918 autem
1559 3892 1625 3902 —
1665 3861 1716 3918 ei
1746 3860 1992 3916 fLucas
2053 3863 2256 3916 autem

587 3947 914 4020 discipulos
946 3948 1060 4004 hoc
1087 3947 1305 4004 dixisse
1331 3950 1413 4005 ait
1435 3950 1478 3984 ⁸³
1509 3966 1522 4014 ;
1555 3949 1857 4006 Μοίῐὶιωιιε
1898 3963 2037 4003 vero
2066 3947 2259 4007 homi-

586 4053 692 4093 nes
708 4037 912 4093 turbas
924 4041 1116 4102 vocat,
1159 4039 1312 4094 sicut
1325 4038 1408 4094 ait
1425 4037 1812 4110 Chrysostom
1823 4053 1918 4093 us.
1945 4035 2256 4108 Siquidem

587 4126 901 4184 verisimile
953 4131 1058 4191 est,
1101 4131 1158 4183 et
1213 4128 1394 4200 ipsas,
1458 4128 1660 4182 audito
1692 4143 1727 4181 a
1783 4125 2084 4196 discipulis
2135 4126 2255 4184 hoc

589 4215 900 4282 miraculo,
931 4216 1200 4272 similiter
1229 4216 1558 4272 admiratas
1607 4229 1762 4282 esse,
1799 4218 1855 4270 et
1883 4215 2103 4286 pariter
2126 4215 2255 4272 hinc

587 4306 828 4362 dixisse.
855 4305 1024 4371 Quod
1040 4305 1085 4360 si
1106 4304 1379 4376 discipuli
1406 4301 2056 4375 propterimperfectam
2071 4303 2254 4362 ﬁdem

591 4412 777 4464 suam,
811 4395 983 4468 quasi
1012 4394 1318 4450 hominem
1351 4392 1550 4447 adhuc
1581 4391 1752 4449 illum
1775 4392 2253 4458 admirabautur,

587 4483 776 4539 multo
795 4482 986 4552 magis
1024 4483 1232 4538 turbae.
1265 4484 1415 4536 Nam
1435 4480 1519 4535 uti
1551 4481 1788 4550 navigio
1815 4481 1891 4538 ad
1917 4484 2256 4540 transfreta-

589 4573 838 4638 tionem,
868 4587 933 4627 ac
964 4571 1244 4636 dormire,
1280 4567 1578 4625 hominem
1604 4569 1765 4625 hunc
1795 4571 2206 4642 praedicabant
2241 4587 2255 4622 :
2286 4543 2332 4600 D

591 4660 931 4718 obedientia
953 4665 1154 4718 autem
1185 4662 1482 4714 ventorum
1501 4674 1570 4714 ac
1583 4658 1792 4727 maris,
1807 4675 2025 4716 novam
2039 4677 2255 4732 quam-

587 4749 733 4807 dam
786 4750 914 4821 ejus
952 4753 1232 4806 naturam
1259 4745 1603 4802 testabatur.
1647 4747 1782 4803 Ideo
1808 4749 1989 4804 etiam
2018 4755 2256 4809 contur-

587 4840 707 4897 bati
740 4839 1016 4896 dicebant
1045 4855 1056 4892 :
1090 4835 1294 4905 Qualis
1326 4838 1407 4892 est
1439 4835 1532 4893 hic
1561 4837 1588 4894 ?
1617 4837 1798 4906 Magis
1829 4843 2028 4895 autem
2064 4839 2119 4896 in
2149 4841 2254 4898 ad-

587 4930 967 4986 mirationem
992 4924 1284 4982 duxithoc
1301 4924 1676 4993 miraculum,
1701 4942 1884 4999 quam
1908 4929 2252 5000 praeceden-

659 5056 706 5090 ⁶⁰
730 5055 904 5110 Marc.
934 5067 1010 5117 1v,
1044 5052 1131 5108 39.
1209 5052 1258 5087 ⁸ο
1287 5049 1432 5106 ibid.
1510 5053 1531 5088 ⁶
1574 5053 1708 5108 Luc.
1747 5068 1866 5123 V111,
1895 5055 1982 5111 24.

2063 5056 2109 5091 ⁸²
2135 5057 2312 5114 Marc.
2365 5072 2439 5124 iv,
2492 5057 2585 5114 39.

2365 3237 2534 3305 δισεν,
2567 3243 2630 3300 ὡς
2653 3237 2802 3298 ἀτελή
2838 3245 3015 3293 πίστιν
3057 3241 3122 3302 εἰς
3149 3241 3301 3293 αὐτὸν
3333 3247 3683 3315 κεκτημένοις.
3709 3241 3965 3305 Ἦλπιζον

2363 3332 2460 3404 γὰρ
2553 3331 2630 3381 ὅτι
2714 3325 2934 3381 δύναται
3016 3335 3106 3402 μεν
3201 3331 3406 3399 σώζειν,
3477 3330 3585 3384 ἀλλ’
3648 3331 3962 3407 ἔγρηγορὼς,

2363 3418 2421 3470 ού
2479 3421 2568 3491 μεν
2637 3414 2706 3477 δὴ
2765 3423 2854 3470 καὶ
2909 3415 3195 3472 καθεύδων”
3249 3424 3334 3472 Διὸ
3399 3425 3488 3474 καὶ
3538 3420 3824 3495 ὶγείρουσιν
3873 3424 3966 3476 αύ-

2364 3527 2448 3560 τον
2457 3549 2470 3561 .

2433 3600 2654 3648 Τότε-
2693 3596 2908 3668 μεγάλη.
2969 3597 3332 3671 Ἐπετίμησεν,
3381 3597 3493 3652 ἀντὶ
3555 3607 3668 3670 τοῦ,
3728 3598 3960 3665 ὶπίταξε.

2365 3689 2493 3758 φησὶ
2528 3688 2629 3758 γὰρ
2658 3687 2683 3737 ὁ
2729 3689 2957 3761 Μάρκος,
3001 3689 3078 3739 ὅτι
3125 3692 3212 3739 καὶ
3237 3685 3342 3740 εἶπε
3371 3695 3432 3761 τῇ
3469 3688 3728 3763 θαλάσσῃ·
3762 3697 3960 3762 Σιώπα,

2364 3780 2656 3846 πεφίμωσο.

2438 3864 2503 3915 Οἱ
2558 3858 2618 3915 δε
2666 3864 2929 3938 ἅνθρωποι
2973 3894 3043 3906 -
3086 3865 3226 3937 αύτῷ
3286 3866 3389 3934 ;Ὀ
3433 3869 3523 3939 μεν
3573 3874 3801 3939 Λουκᾶς,
3839 3874 3964 3932 τοὺς

2366 3953 2604 4024 μαθητὰς
2657 3951 2813 4004 εἰπεῖν
2863 3958 3015 4005 τοῦτὸ
3071 3973 3248 4026 φησιν’
3319 3957 3344 4006 ὁ
3401 3951 3459 4009 δε
3521 3959 3788 4019 Ματθαῖος
3845 3959 3962 4032 (76)

2367 4038 2664 4113 ἀνθρώπους
2743 4049 2850 4092 νῦν·
2947 4047 3063 4103 τοὺς
3127 4043 3318 4115 ὄχλους
3383 4045 3494 4115 (77)
3569 4045 3725 4118 λέγει,
3789 4050 3964 4111 καθὼς

2367 4148 2524 4202 φησιν
2554 4129 2668 4200 (78)
2719 4131 2744 4181 ὁ
2776 4135 3174 4206 Χρυσόστομος.
3220 4137 3318 4186 Καί
3363 4135 3463 4209 γὰρ
3497 4133 3650 4204 εἰκὸς,
3693 4140 3776 4188 καὶ
3839 4138 3959 4190 τού-

2363 4238 2506 4284 τους,
2551 4221 2807 4292 μαθόντας
2844 4225 2990 4273 τουτὶ
3037 4223 3095 4273 τὸ
3155 4222 3330 4295 θαῦμά
3382 4225 3526 4298 παρὰ
3561 4232 3661 4276 τῶν
3690 4226 3950 4297 μαθητῶν,

2365 4309 2554 4380 ὁμοίως
2585 4309 2875 4380 θαυμάσαι,
2894 4313 2983 4362 καὶ
3021 4311 3211 4383 ὁμοίως
3240 4310 3416 4364 εἰπεῖν.
3449 4316 3509 4364 Ei
3544 4307 3594 4365 δ’
3625 4315 3674 4365 οἱ
3703 4316 3954 4386 μαθηταὶ,

2367 4392 2458 4448 διὰ
2507 4402 2563 4448 τὸ
2615 4397 2784 4459 ἀτελές
2839 4406 2934 4458 τῆς
2985 4404 3203 4460 πίστεως
3254 4401 3442 4468 αὐτῶν,
3483 4403 3552 4464 ὡς
3591 4404 3862 4478 ἄνθρωπον
3889 4405 3961 4456 ἔτι

2364 4494 2543 4537 τοῦτον
2575 4484 2887 4558 ἐθαύμαζον,
2921 4486 3088 4538 πολλῶ
3123 4489 3310 4560 μᾶλλον
3359 4491 3406 4541 οἱ
3433 4490 3608 4562 ὄχλοι.
3639 4497 3708 4544 Τό
3736 4495 3827 4564 μὲν
3856 4495 3960 4566 γάρ

2363 4577 2663 4647 κεχρῆσθαι
2694 4575 2850 4646 πλοίῳ
2877 4579 3001 4650 πρὸς
3046 4582 3350 4650 περαίωσιν,
3390 4584 3480 4632 καὶ
3518 4581 3726 4651 ύπνοῦν,
3761 4584 3958 4656 ἅνθρω.

2361 4684 2456 4718 πον
2496 4665 2647 4717 αὐτὸν
2673 4663 2963 4738 ἐκήρυττεν·
2997 4667 3026 4724 ἠ
3069 4663 3125 4719 δε
3155 4677 3252 4719 τῶν
3286 4666 3480 4740 ἀνίμων
3523 4674 3724 4731 καὶτῆς
3755 4671 3960 4726 θαλάσ-

2365 4773 2458 4814 σης
2487 4755 2712 4820 ὑπακοὴ,
2755 4754 2897 4816 ξένην
2944 4757 3058 4807 τινὰ
3101 4759 3256 4828 φύσιν
3302 4761 3466 4829 τούτῳ
3513 4763 3960 4836 προσεμαρτύρει,

2361 4845 2458 4896 Διά
2545 4849 2634 4896 καὶ
2735 4844 3133 4918 ἐξαπορούμενοι
3223 4845 3410 4918 ελεγον·
3509 4847 3715 4910 Ὀποῖος
3815 4849 3961 4904 ἐστιν

2362 4932 2512 4995 οὗτος
2575 4948 2588 4999 ;
2648 4931 2826 4986 Πλείον
2875 4929 2934 4986 δε
2993 4941 3093 4986 τῶν
3148 4934 3505 5011 προλαϐόντων
3564 4939 3857 5012 θαυμάτων
3898 4944 3960 4996 τὸ

2661 5059 2707 5095 ⁸³
2730 5057 2868 5115 Luc.
2896 5073 3022 5126 vui,
3051 5062 3142 5117 25.

1815 5204 2040 5275 Variae
2080 5207 2416 5292 lectiones
2455 5217 2521 5278 et
2548 5218 2752 5294 notae.

661 5381 778 5456 (7_6)
833 5383 927 5456 Ita_
981 5397 1221 5456 quoque
1283 5385 1626 5456 Hentenius.
1703 5383 1970 5442 Arbitror
2047 5389 2242 5443 tamen

565 5453 682 5512 'ita'
719 5453 1034 5535 legendum
1089 5453 1258 5535 esse:
1295 5453 1460 5535 'O_d's
1511 5456 1800 5528 Ματθαίος,
1858 5461 1981 5520 τοὺς
2047 5456 2241 5535 ἀνθρώο

559 5533 563 5540 “
589 5543 736 5587 πους·
770 5523 1070 5602 ἀνθρώπους
1095 5534 1182 5580 νῦν
1211 5547 1263 5582 κ.
1294 5547 1344 5584 τ.
1375 5529 1430 5585 λ.

2450 5386 2541 5459 7’2)
2582 5384 2749 5444 Forte
2777 5385 2954 5459 λέγων.

2451 5457 2542 5530 78)
2573 5464 2741 5518 Tom.
2775 5457 2888 5529 VII,
2920 5477 2976 5535 p.
3011 5461 3133 5521 334.

662 5648 762 5722 (ΙεΙι
797 5651 876 5709 Et
904 5623 1016 5710 alii
1036 5667 1236 5720 unum,
1262 5651 1369 5708 alii
1395 5651 1581 5710 aliud.
1615 5653 1781 5710 Forte
1807 5651 1968 5725 legit,
1992 5657 2084 5707 καὶ
2109 5652 2255 5714 suo.

2368 5657 2441 5729 ἐν,
2475 5653 2623 5712 ἄλλοι
2639 5655 2784 5718 ἄλλο.
