4170 6444
161 385 274 448 297

1109 385 1482 447 COMMENT.
1531 388 1600 444 IN
1642 379 2089 444 MATTHEUM.
2131 415 2198 428 —-
2235 383 2399 448 CAP.
2445 382 2596 441 VIII.

3425 381 3544 452 298;

167 521 333 592 παρόν
383 519 716 589 ἐθαύμασαν,
768 515 908 571 διότι
956 513 1125 578 οὐδείς
1168 535 1291 569 ποτε
1329 522 1559 568 τοιοῦτον
1599 515 1777 588 εἰργά-

1912 511 1986 576 ia,
2013 511 2156 583 quia
2196 512 2398 569 nullus
2442 524 2712 582 unquam
2744 508 2856 564 tale
2900 506 3212 581 quidpiam
3251 514 3533 579 operatus

179 626 317 659 σατο.
379 610 523 659 Οὔτε
567 610 668 679 γὰρ
716 607 926 669 ἐξέτεινε
971 603 1189 681 ῥάϐδον,
1243 607 1311 666 ὡς
1364 611 1608 671 Μωυσῆς,
1663 607 1779 656 οὔτε

187 697 517 768 προσηνέχθη
567 703 677 755 τοίς
722 692 936 756 ὕδασιν,
981 698 1050 756 ὡς
1090 695 1270 766 ἕτεροι,
1306 692 1432 744 ἀλλὰ
1474 695 1588 744 κατ’
1631 693 1780 756 ἐξου-

203 789 307 834 σίαν
396 783 653 847 ἐπέταξεν,
741 787 808 845 ὡς
893 780 1149 842 δεσπότης
1228 779 1452 851 δούλοις,
1546 787 1634 832 καὶ
1710 784 1780 843 ὡς

205 869 502 943 δημιονργὸς
539 879 824 944 κτίσμασι.

361 966 507 1013 ΚΕΦ.
550 959 648 1013 ΙΒ’.
689 964 812 1033 Περὶ
851 968 949 1011 τῶν
980 955 1078 1012 δύο
1118 955 1577 1030 δαιμονιζομένων.

256 1053 348 1098 Καὶ
431 1047 636 1100 ἐλθόντι
721 1078 788 1089 -
867 1045 1304 1118 δαιμονιζόμενοι.
1369 1052 1438 1099 Τό
1521 1043 1579 1099 δε
1650 1051 1784 1099 κατὰ

182 1138 389 1205 Μάρκον
446 1135 784 1205 Εὖαγγέλιον,
816 1139 890 1187 ἔτι
933 1132 991 1187 δι
1021 1140 1109 1186 καὶ
1138 1138 1197 1186 τό
1251 1137 1386 1186 κατὰ
1427 1140 1652 1197 Λουκᾶν,
1684 1144 1782 1186 τῶν

176 1219 502 1292 Γαδαρτνὼν
555 1224 874 1295 γράφουσιν,
946 1223 1101 1276 Ἀλλὰ
1169 1231 1230 1293 τῇ
1303 1219 1577 1295 Τιϐεριάδι
1629 1222 1779 1294 λίμνῃ

174 1312 199 1366 is
259 1311 421 1372 πόλις
484 1317 712 1385 Γέργεσα
765 1314 1096 1385 παράκειται,
1159 1317 1248 1363 καὶ
1305 1311 1362 1362 οὐ
1415 1314 1481 1363 τὰ
1548 1307 1780 1385 Γάδαρα.

175 1403 317 1459 Τινὲς
369 1397 436 1451 δέ
478 1419 656 1471 φασιν,
708 1395 967 1471 διώνυμον
1007 1401 1136 1452 εἶναι
1189 1404 1283 1457 τὴν
1325 1401 1570 1457 τοιαύτην
1616 1399 1781 1462 πόλιν,

173 1492 256 1538 καὶ
334 1488 621 1541 καλεῖσθαι
678 1496 830 1540 τοῦτο
893 1487 1109 1543 κάκεῖνο.
1173 1487 1326 1540 Ἀλλὰ
1382 1489 1646 1547 Mareade;
1696 1492 1785 1559 μὲν

177 1571 267 1625 δύο
328 1571 808 1646 δαιμονιζομένους
861 1582 1012 1647 φησι,
1065 1577 1278 1648 Μάρκος
1331 1571 1389 1626 δε
1441 1580 1530 1626 καὶ
1585 1582 1786 1634 Λουκᾶς

176 1663 278 1724 ἐνὸς
337 1662 761 1734 ἐμνημόνευσαν,
811 1672 901 1716 τοῦ
957 1663 1145 1734 μᾶλλον
1216 1661 1622 1735 ἐπισημοτέραν,
1695 1671 1786 1716 τοῦ

174 1751 460 1822 λεγομένου
520 1751 784 1823 λεγεώνος,
844 1757 960 1826 περὶ
1017 1752 1077 1804 οὗ
1149 1751 1339 1823 φοϐερὰ
1397 1751 1557 1804 πολλὰ
1609 1753 1787 1823 λέγου-

346 1840 372 1855 ν

1887 606 1993 656 est.
2028 603 2224 671 Neque
2247 599 2405 655 enim
2434 599 2657 667 virgam
2682 597 2960 662 extendit,
2989 605 3051 652 ut
3070 598 3257 653 Moses
3288 613 3303 662 ;
3339 612 3535 670 neque

1889 705 1951 744 se
1977 689 2150 760 aquis
2174 687 2458 752 admovit,
2484 691 2545 742 ut
2567 686 2665 743 alii
2699 703 2713 752 ;
2735 685 2838 741 sed
2865 701 2996 741 cum
3020 686 3366 742 auctoritate
3387 702 3535 758 pra-

1889 777 2061 849 cepit,
2096 783 2158 832 ut
2208 777 2492 832 dominus
2538 776 2743 843 servis,
2772 780 2829 832 et
2873 779 2936 832 ut
2961 781 3191 831 creator
3228 776 3534 832 creaturis.

2176 955 2329 1011 CAP.
2365 955 2469 1011 XII.
2503 955 2587 1011 De
2615 953 2843 1010 duobus
2864 953 3253 1010 damoniacis.

1964 1044 2120 1098 Vers.
2154 1043 2240 1097 28.
2276 1043 2525 1114 Cumque
2566 1044 2813 1099 venisset
2844 1072 2911 1083 —
2947 1042 3321 1099 damoniaci.
3353 1043 3541 1098 Evan-

1893 1131 2044 1200 gelia
2070 1131 2403 1187 secundum
2437 1135 2694 1188 Marcum
2725 1132 2772 1167 ⁶⁴
2797 1135 2853 1188 et
2883 1130 3219 1187 secundum
3247 1132 3465 1186 Lucam
3492 1131 3540 1166 ⁸⁸

1895 1220 2335 1276 Gadarenorum
2389 1220 2675 1275 scribunt.
2736 1219 2950 1275 Verum
3006 1223 3222 1288 stagno
3250 1218 3542 1275 Tiberiadi

1894 1309 2128 1379 adjacet
2159 1309 2366 1364 civitas
2410 1309 2684 1377 Gergesa,
2730 1312 2782 1364 et
2836 1322 2956 1363 non
2987 1307 3245 1364 Gadara.
3286 1307 3544 1372 Quidam

1896 1403 2096 1454 autem
2153 1397 2362 1453 dicunt
2414 1396 2774 1452 binominem
2826 1412 2958 1452 esse
3013 1396 3176 1452 illam
3223 1397 3541 1460 civitatem,

1895 1491 1954 1540 et
1982 1485 2094 1541 hoc
2138 1491 2191 1541 et
2229 1485 2328 1540 illo
2376 1484 2570 1540 vocari
2619 1484 2881 1540 nomine.
2917 1484 3203 1540 Praeterea
3242 1483 3546 1541 Mattheus

1896 1574 2049 1632 duos
2087 1575 2269 1630 habet
2319 1574 2746 1639 dmmoniacos,
2780 1575 3005 1629 Marcus
3031 1578 3232 1630 autem
3270 1579 3328 1629 et
3356 1574 3546 1629 Lucas

1899 1663 2075 1718 unius
2119 1668 2345 1718 tantum
2397 1662 2814 1724 meminerunt,
2866 1666 3069 1733 utpote
3123 1661 3386 1725 notioris,
3442 1661 3548 1733 qui

1898 1751 2049 1821 legio
2071 1751 2400 1815 dicebatur,
2433 1749 2508 1806 de
2530 1764 2651 1821 quo
2688 1749 3070 1805 formidanda
3100 1749 3288 1806 multa
3317 1749 3545 1814 dicunt,

175 1858 280 1896 σιν,
434 1845 529 1892 καὶ
580 1841 852 1912 ὑπηρετεῖν
902 1842 927 1891 ό
979 1842 1147 1914 ἕτερος
1196 1836 1385 1892 ἐδόκει.
1454 1845 1552 1892 Καὶ
1609 1843 1657 1892 οἱ
1699 1844 1788 1913 μιν

1906 1841 1994 1896 cui
2045 1841 2222 1896 etiam
2279 1839 2427 1895 alter
2492 1837 2832 1894 subservire
2882 1838 3246 1906 dicebatur;
3308 1843 3551 1910 propter

173 1925 265 1980 διὰ
306 1938 473 1981 τοῦτο
521 1936 764 2002 παρῆκαν
812 1928 984 1991 αὑτὸν,
1035 1931 1060 1980 ό
1111 1925 1170 1981 δε
1219 1930 1483 1989 Ματθαῖος
1534 1927 1791 2002 ἀνέγραψε

171 2024 257 2069 καὶ
289 2025 514 2083 τοῦτον,
547 2018 618 2078 ὡς
643 2013 1194 2089 συνδαιμονιζόμενον.

238 2196 285 2263 -ξ-
350 2196 498 2245 οὔτε
568 2193 682 2258 ('79)
749 2189 1080 2263 Γαδαρηνῶν,
1154 2191 1270 2244 οὔτε
1335 2197 1658 2265 Γερασηνῶν,
1727 2195 1793 2246 τὰ

171 2281 373 2355 ἀκριϐῆ
450 2284 570 2352 ἔχει
635 2289 734 2333 τῶν
811 2279 1156 2356 ἀντιγράφων,
1239 2279 1366 2332 ἀλλὰ
1442 2287 1786 2353 Γεργισηνῶ).

173 2369 404 2445 Γάδαρα
470 2374 568 2441 γὰρ
631 2369 780 2430 πόλις
833 2369 940 2422 ἔστι
996 2377 1092 2431 τῆς
1158 2366 1455 2430 Ἰουδαίας’
1511 2370 1659 2442 λίμνη
1733 2366 1793 2422 δί

172 2467 432 2532 κρημνοῖς
495 2462 872 2530 παρακειμένη,
1022 2457 1279 2523 θάλασσα,
1351 2455 1596 2530 οὐδαμῶς
1649 2458 1792 2511 ἐστιν

176 2547 222 2599 ἐν
272 2548 439 2619 αὐτῇ.
503 2551 605 2599 Καὶ
654 2550 857 2620 Γέρασα
910 2543 968 2598 δὲ
1019 2553 1109 2606 τῆς
1162 2545 1404 2620 Ἀραϐίας
1461 2545 1573 2599 ἔστὶ
1619 2547 1789 2617 πόλις,

179 2641 295 2688 οὔτε
349 2635 651 2699 Θάλασσαν,
694 2635 810 2686 οὔτε
853 2633 1039 2706 λίμνην
1091 2634 1312 2692 πλησίον
1361 2634 1518 2695 αὐτῆς
1565 2638 1786 2706 ἔχουσα.

185 2730 285 2778 Καὶ
364 2724 463 2775 οὐκ
547 2722 610 2773 ἆν
693 2726 826 2774 οὕτω
901 2726 1149 2796 προφανες
1239 2719 1434 2793 ψευδος
1516 2730 1604 2776 καὶ
1688 2725 1790 2778 εὖέ-

184 2813 393 2881 λεγκτον
473 2813 524 2862 οἱ
583 2810 947 2882 εὖαγγελισταὶ
1025 2812 1330 2883 εἰρήκασαν,
1403 2808 1583 2884 ἄνδρες
1648 2811 1791 2886 ἀκρι-

195 2900 293 2961 ϐῶς
338 2906 689 2970 γινώσκοντες
753 2902 816 2951 τὰ
873 2904 989 2974 περὶ
1055 2907 1146 2960 τῆς
1211 2898 1489 2962 Ἰουδαίας.
1565 2906 1794 2973 Γέργεσα

206 2992 366 3037 τοίνυν
409 2988 566 3052 ἐστιν,
619 2987 704 3059 ἀφ’
745 2989 808 3048 ἧς
859 2993 1177 3060 Γεργεσαίοι,
1229 2987 1374 3049 πόλις
1420 2987 1626 3061 ἀρχαία
1675 2995 1791 3063 περὶ

215 3080 301 3131 τὴν
357 3085 434 3126 νῦν
498 3077 822 3148 καλουμένην
900 3073 1209 3150 Τιϐεριάδος
1285 3076 1486 3149 λίμνην,
1557 3084 1674 3150 περὶ
1733 3079 1792 3136 ἣν

206 3169 415 3235 κρημνός
475 3168 857 3237 παρακείμενος
912 3173 970 3236 τῇ
1025 3165 1198 3236 λίμνῃ,
1270 3163 1352 3236 ἀφ’
1414 3165 1473 3217 οὗ
1528 3163 1794 3218 δείκνυται

196 3257 306 3314 τοὺς
376 3259 609 3328 χοίρους
681 3254 782 3304 ὑπό
852 3261 950 3304 τῶν
1015 3249 1275 3325 δαιμόνων
1349 3252 1791 3312 καταϐεϐλῆσθαι.

188 3339 553 3414 Ἐρμηνεύεται
635 3338 695 3392 δὲ
770 3343 800 3397 ἠ
882 3344 1130 3415 Γέργεσα,
1206 3346 1458 3416 παροικία
1548 3341 1794 3401 ἐκϐεϐλη-

189 3450 364 3497 ιοτων,
429 3429 704 3502 ἐπώνυμος
766 3429 900 3482 οὖσα
963 3432 1110 3502 τάχα
1158 3439 1506 3504 προφητικῶς,
1557 3427 1616 3483 οὗ
1678 3437 1796 3503 περὶ

185 3524 264 3571 τόν
372 3527 596 3592 Σωτῆρα
678 3524 1020 3588 πεποιήκασι,
1117 3525 1565 3592 παρακαλέσαντες
1639 3519 1794 3572 αὐτόν

183 3607 476 3679 μεταϐῆναι
549 3606 605 3658 ἐκ
673 3615 776 3658 τῶν
847 3608 999 3681 ὁρίων
1069 3606 1236 3659 αὐτῶν
1294 3607 1343 3660 οἱ
1423 3615 1522 3660 τῶν
1596 3613 1794 3682 χοίρων

184 3693 466 3752 δεσπόται.

251 3786 350 3838 Ἐπ
423 3815 494 3824 —-
559 3783 909 3856 ἐξερχόμενοι.
977 3789 1097 3846 Τοῖς
1174 3786 1352 3857 τάφοις
1430 3787 1478 3837 οἱ
1555 3782 1794 3859 δαίμονες

749 3872 975 3946 ὀλέθριον
1069 3869 1246 3945 δόγμα
1325 3880 1429 3935 τοῖς
1504 3872 1794 3948 ἀνθρώποις

817 3963 884 4021 ὡς
959 3961 1063 4034 ἄρα
1130 3970 1228 4013 τῶν
1312 3961 1660 4016 τελευτώντων
1737 3966 1793 4016 αἱ

176 3873 276 3945 £51.?
285 3873 668 3946 ιλοχωροῦσιν,

173 3962 409 4014 ἐνθεῖναι
493 3960 740 4022 θέλοντες,

170 4052 391 4122 ψυχαὶ,
493 4054 759 4120 γινόμεναι
857 4052 1122 4120 δαίμονες,
1228 4055 1586 4122 παραμένουσι
1682 4061 1793 4115 τοῖς

171 4144 436 4211 μνήμασι
491 4145 589 4188 τῶν
641 4134 788 4188 ἰδίων
837 4141 1108 4209 σωμάτων,
1168 4144 1258 4190 καὶ
1301 4138 1580 4192 κολλῶνται
1627 4158 1785 4194 τισιν.

171 4228 314 4282 Αλλῖ
362 4225 461 4278 οὐκ
511 4227 574 4276 οἷν
626 4245 748 4278 ποτε
791 4230 1020 4278 πείσωσι
1073 4229 1160 4278 τόν
1209 4224 1507 4302 ὀρθόδοξον.
1575 4227 1634 4280 Εἰ
1686 4230 1786 4303 γὰρ

493 4054 759 4120 γινόμεναι
857 4045 1122 4120 δαίμονες,

252 4405 308 4441 ⁶⁴
337 4405 514 4460 Marc.
552 4419 608 4469 v,
641 4404 687 4461 t.
802 4405 848 4439 ⁸⁵
879 4405 1014 4460 Luc.
1048 4419 1168 4468 vm,
1202 4402 1287 4458 26.

1898 1928 2063 2001 quod
2103 1928 2279 1983 etiam
2324 1926 2406 1982 illi
2459 1941 2597 1982 eum
2638 1927 2990 1998 prasteriere.
3042 1927 3344 1984 Mattheus
3410 1942 3550 1984 vero

1899 2017 2080 2073 etiam
2136 2015 2296 2071 hunc
2337 2014 2571 2088 scripsit
2617 2019 2908 2088 tanquam
2956 2015 3179 2087 pariter
3219 2015 3552 2075 daamonia-

1901 2121 2059 2161 cum.

1970 2197 2012 2265 ιι-
2053 2195 2178 2251 Imo
2221 2193 2632 2250 emendatiora
2661 2194 3029 2266 exemplaria
3081 2195 3304 2251 habent
3332 2195 3553 2265 Gerge-

1902 2298 2203 2350 senorum,
2237 2298 2356 2339 non
2382 2281 2840 2347 Gerasenorum,
2875 2298 3064 2355 neque
3096 2283 3550 2340 Gadarenorum

1900 2372 2067 2428 etiam
2135 2371 2300 2443 apud
2349 2372 2631 2428 Marcum.
2682 2371 2944 2427 Gadaria
3000 2371 3160 2428 enim
3216 2372 3423 2429 civitas
3463 2376 3553 2429 est

1900 2460 2063 2532 apud
2088 2459 2350 2525 Iudaeos,
2397 2460 2491 2515 cui
2545 2475 2815 2532 praeceps
2866 2459 3104 2531 adjacet
3157 2466 3439 2530 stagnum
3493 2466 3552 2517 et

1901 2547 2064 2604 nullo
2096 2548 2275 2604 modo
2312 2564 2497 2604 mare.
2531 2549 2671 2604 ltem
2702 2548 2928 2605 Gerasa
2966 2549 3170 2606 civitas
3196 2554 3285 2606 est
3314 2550 3550 2606 Arabiae

1900 2653 2021 2694 non
2033 2637 2264 2694 habens
2283 2654 2444 2693 mare
2462 2644 2565 2694 aut
2586 2645 2866 2708 stagnum
2887 2638 3294 2712 propinquum
3322 2655 3334 2693 :
3357 2653 3552 2712 neque

1901 2732 2100 2784 autem
2113 2727 2263 2783 adeo
2277 2726 2663 2784 manifestum
2678 2728 3060 2784 mendacium
3074 2728 3550 2785 dixissentetiam

1900 2815 2218 2873 oscitantes
2265 2816 2360 2888 (ιι)
2415 2817 2819 2887 θναηεοιὶςίω,
2872 2817 2980 2872 viri
3031 2817 3184 2873 adeo
3215 2817 3462 2874 studiosi
3492 2819 3550 2873 in

1901 2905 2336 2974 cognoscendis
2396 2905 2564 2970 locis,
2619 2920 2755 2977 quae
2823 2906 2981 2962 circa
3030 2907 3302 2962 Iudaeam
3356 2915 3548 2964 erant.

1903 2997 2158 3065 Gergesa
2222 2993 2415 3063 igitur,
2479 2993 2637 3049 unde
2687 2994 2827 3050 dicti
2885 2996 3218 3064 Gergeseni,
3247 3000 3414 3051 vetus
3467 3000 3556 3052 est

1903 3082 2113 3138 civitas
2139 3083 2309 3151 juxta
2339 3097 2472 3136 eam
2518 3098 2651 3154 quae
2684 3098 2859 3139 nunc.
2902 3084 3166 3139 Tiberius
3198 3083 3550 3156 appellatur,

1832 3197 1874 3254 ο
1904 3176 1961 3226 et
2007 3171 2065 3227 in
2118 3171 2330 3225 declivi
2383 3170 2513 3225 loco
2570 3177 2851 3242 stagnum
2908 3172 3085 3227 habet
3129 3172 3415 3242 adjacens
3450 3187 3461 3227 :
3493 3172 3555 3228 in

1903 3259 2062 3332 quod
2103 3259 2544 3314 demonstratur
2571 3274 2785 3330 porcos
2813 3276 2847 3315 a
2875 3259 3254 3314 daemonibus
3295 3275 3422 3315 esse
3453 3259 3554 3314 de-

1898 3348 2108 3418 jectos.
2178 3347 2396 3400 Poteris
2441 3352 2639 3401 autem
2715 3347 3081 3419 interpretari
3137 3347 3551 3404 habitaculum

1903 3434 2345 3506 egredientium,
2396 3441 2455 3488 ut
2499 3434 2840 3507 prophetico
2903 3437 3154 3492 fortasse
3206 3435 3286 3493 ab
3339 3440 3556 3493 eventu

1903 3538 2126 3582 nomen
2157 3525 2467 3594 acceperit.

1974 3785 2144 3855 Vegs.
2184 3787 2273 3840 28.
2306 3785 2406 3842 Ex
2433 3816 2501 3826 —
2525 3790 2820 3842 exeuntes.
2871 3787 2934 3841 In
2975 3784 3262 3858 sepulcris
3308 3784 3558 3843 libenter

1904 3873 2550 3939 moranturdaamones,
2567 3890 2818 3946 pravam
2838 3874 3185 3947 opinionem
3212 3874 3557 3931 hominibus

1899 3963 2216 4019 immittere
2247 3962 2529 4029 volentes,
2582 3964 2740 4033 quod
2790 3968 3158 4020 mortuorum
3191 3964 3406 4020 animas
3441 3964 3558 4019 daa-

1900 4067 2110 4107 mones
2140 4051 2302 4116 tiant,
2335 4052 2438 4106 sed
2469 4052 2623 4106 circa
2668 4053 3046 4123 propriorum
3077 4067 3398 4123 corporum
3430 4067 3559 4107 mo-

1899 4143 2190 4194 numenta
2228 4145 2598 4206 remaneant,
2630 4138 2752 4193 imo
2791 4139 3154 4209 quibusdam
3191 4139 3558 4197 adhaereant.

1899 4227 2009 4282 Sed
2025 4226 2182 4298 (mm)
2198 4241 2577 4298 nequaquam
2593 4225 2652 4280 id
2667 4225 2998 4282 orthodoxo
3014 4225 3482 4297 persuadebunt.
3499 4228 3560 4283 Si

1444 4578 1665 4652 Variae
1695 4581 2019 4650 lectiones
2051 4589 2116 4650 et
2155 4589 2354 4650 notae.

258 4780 387 4856 (79)
411 4776 924 4856 Hoc_sc_h_olium_in
943 4778 1211 4856 margine
1229 4778 1322 4856 sui
1349 4779 1571 4856 codicis
1588 4779 1804 4856 reperit

179 4848 831 4911 He'nte'niusEdideram
846 4851 954 4906 hoc
969 4868 1041 4906 ex
1055 4848 1351 4906 codicibus
1370 4848 1803 4921 Mosquensibus

182 4928 243 4982 in
280 4925 515 4980 Catena
533 4923 608 4978 ad
628 4924 801 4978 Marci
835 4938 965 4986 cap.
1001 4939 1130 4984 v,v.
1169 4927 1213 4984 t,
1254 4921 1373 4976 vol.
1412 4922 1452 4986 Ι,
1483 4938 1538 4986 p.
1573 4921 1639 4976 82
1663 4921 1799 4976 edit.

185 5000 301 5052 Mos
316 5011 375 5067 q.
394 4993 617 5067 1775.8.
637 4991 1588 5067 ExcodicibusVindobonensibus
1605 4992 1805 5067 laudat

186 5063 356 5124 Alter
384 5068 445 5120 in
474 5065 614 5120 edit.
660 5068 724 5120 N.
756 5067 904 5119 Test.
939 5070 973 5119 t.
1006 5065 1046 5122 Ι,
1077 5079 1212 5134 pag.
1248 5064 1372 5118 489.
1409 5063 1804 5134 Ηᾶϋθιίειίειιη

189 5137 490 5194 Possinus
520 5136 580 5191 in
624 5134 819 5191 Calen.
874 5136 952 5189 ad
990 5133 1167 5191 Marc.
1202 5149 1258 5204 p.
1301 5138 1418 5188 100.
1467 5133 1803 5188 Couﬂatum

193 5214 399 5264 autem
433 5215 522 5262 est
549 5224 616 5261 ex
647 5208 919 5276 Origene,
943 5212 980 5258 t.
1002 5206 1093 5269 ιν,
1113 5219 1250 5276 pag.
1287 5207 1399 5276 140,
1437 5208 1553 5269 Mt,
1576 5206 1679 5274 qui
1706 5221 1807 5260 au-

194 5281 421 5344 dacter,
479 5279 592 5332 hoc
631 5275 1095 5348 estfpatristice
1146 5275 1307 5330 hunc
1356 5275 1553 5329 locum
1584 5292 1808 5348 ‘corru-

197 5352 297 5424 pit.
316 5349 535 5406 Callide
549 5350 642 5404 hic
657 5364 726 5402 ex
736 5345 945 5419 pe'divit
961 5364 1020 5402 se
1040 5345 1409 5418 Chrysostom
1421 5363 1484 5400 us
1499 5363 1566 5400 ex
1583 5345 1807 5418 laqueis

265 5528 364 5599 (ιι)
400 5527 876 5599 Οεείιαηιεεῄηοη
905 5524 1085 5599 estin
1121 5522 1349 5599 Graeco.
1385 5523 1613 5599 Nescio,
1663 5523 1810 5599 quid

199 5593 326 5656 loco
346 5593 677 5669 ἰΰίλεγκτον,
731 5597 769 5651 i.
823 5613 874 5651 e.
916 5595 1093 5669 facile
1142 5593 1545 5669 re[ut_andum,
1580 5593 1807 5669 legerit.

201 5670 329 5728 Mox
363 5687 377 5728 :
423 5664 555 5728 Viri
574 5664 924 5725 accuratam
951 5667 1174 5722 Iudaea;-
1206 5664 1485 5722 habentes
1514 5666 1809 5723 notitiam.

492 5767 736 5827 PATROL.
777 5764 883 5823 Ga.
918 5761 1169 5824 CXXIX.

1915 4779 2202 4850 Origenis.
2230 4777 2368 4850 Post
2390 4790 2631 4850 versum
2654 4777 2810 4850 enim
2835 4776 2902 4831 27
2925 4775 3127 4850 statim
3150 4775 3231 4832 ita
3260 4775 3468 4850 transit
3487 4775 3568 4833 ad

1911 4845 2065 4906 vers.
2116 4854 2183 4905 29
2235 4845 2502 4907 εἘπειδὴ
2555 4845 2613 4900 δε
2652 4846 2814 4920 ᾁπέϐη
2864 4856 2958 4910 τῆς
2991 4848 3264 4915 θαλάττης,
3316 4845 3566 4920 διαδέχε-

1915 4941 2002 4973 ται
2081 4923 2256 4994 θαῦμα
2331 4921 2499 4994 ἕτερον
2581 4918 2942 4994 φοϐερώτερον.
3035 4927 3382 4994 Δαιμολνῷντες
3440 4918 3562 4994 γαρ,

1913 4995 2144 5066 καθάπερ
2205 4988 2460 5065 δραπέται
2536 4988 2772 5064 πονηροὶ,
2835 4988 3139 5048 ’δεσπότην’
3188 4988 3399 5054 ἰδοντες,
3449 4988 3566 5042 '57.:-

1912 5081 2022 5134 γον·
2081 5062 2144 5116 Ti
2198 5062 2350 5135 tida
2387 5067 2476 5113 καὶ
2531 5067 2635 5126 σοὶ,
2671 5062 2734 5116 κ,
2788 5082 2836 5114 τ.
2887 5062 2940 5118 λ.
3004 5062 3141 5135 Vide
3181 5067 3324 5117 tom.
3360 5063 3468 5125 VII,
3505 5077 3566 5132 p.

1915 5133 2032 5191 335,
2073 5135 2133 5188 C.
2170 5133 2246 5188 Ex
2297 5133 2719 5204 Chrysostomo
2758 5149 2920 5200 ergo,
2947 5133 3050 5203 qui
3083 5135 3223 5188 data
3261 5149 3446 5203 Opera
3484 5134 3570 5204 fu-

1917 5223 2081 5261 mum
2121 5208 2270 5267 fecit,
2303 5206 2375 5258 de
2408 5203 2559 5270 loco,
2608 5205 2708 5258 ubi
2748 5206 2874 5259 haec
2900 5204 3264 5270 acciderunt,
3294 5204 3431 5258 nihil
3458 5203 3571 5256 dis-

1920 5294 2041 5331 cas.
2079 5277 2282 5331 Discas
2327 5281 2549 5344 autem,
2581 5276 2741 5330 unde
2772 5277 2843 5330 sit
2884 5275 3367 5346 ChrySOstomus.
3409 5273 3569 5330 Scili-

1916 5356 2004 5403 cet
2037 5347 2271 5404 ἀλωπεκῆ
2284 5349 2382 5399 θεν.

1991 5523 2153 5595 (mm)
2181 5523 2326 5595 Sed,
2342 5521 2600 5577 alienum
2628 5527 2734 5578 est.
2757 5525 3125 5579 Morinorum
3148 5523 3333 5580 animi
3357 5523 3573 5580 daemo-

1919 5594 2017 5650 nes
2042 5595 2215 5664 facti,
2256 5594 2329 5648 ad
2356 5609 2598 5652 suorum
2635 5611 2943 5666 corporum
2966 5597 3238 5670 sepulcra
3270 5599 3573 5653 remanent

1918 5673 1969 5724 et
1988 5666 2362 5741 quibusdam.

3221 5764 3293 5827 10
