4170 6442
680 381 789 446 299

1995 378 2342 437 EUTHYMII
2390 379 2724 442 ZIGABENI

3921 388 4013 449 300

683 509 843 568 enim
869 508 982 565 hoc
1000 521 1210 564 verum
1235 509 1411 573 esset,
1434 504 1600 562 nullo
1624 504 1807 562 modo
1837 505 2133 562 cruciatus
2159 505 2324 562 dives

2439 514 2592 559 τοῦτο
2624 504 2684 566 ἦν
2733 506 2936 578 ἀληθὲς,
2987 510 3079 562 οὐκ
3137 509 3198 562 ἃν
3255 511 3668 586 βασανιζόμενος
3700 517 3725 567 ὁ
3782 517 4012 583 πλούσιος

680 603 908 656 orasset
935 596 1258 662 Abraham,
1277 601 1340 651 ut
1355 597 1639 651 Lazarum
1662 595 1912 651 mitteret
1934 596 1994 650 in
2008 595 2325 660 mundum,

677 702 799 760 quo
832 685 1116 742 fratribus
1145 685 1266 740 suis
1295 684 1676 755 signiﬁcaret,
1704 699 1838 756 qua:
1877 683 2036 740 circa
2074 700 2135 738 se
2168 699 2328 753 gere-

675 775 916 842 bantur,
941 774 1048 830 sed
1075 774 1203 847 ipse
1227 788 1334 846 per
1366 773 1632 846 seipsum
1655 772 1772 829 hoc
1800 773 1883 828 eis
1903 772 2239 829 indicasset.

748 954 908 1008 Vers.
965 950 1058 1008 28.
1097 951 1258 1009 Sevi
1288 979 1358 993 —
1387 949 1533 1007 Vers
1561 950 1648 1007 29.
1685 949 1836 1006 Dei?
1867 950 2018 1016 Quia
2065 953 2122 1006 et
2159 949 2326 1005 disci-

677 1040 805 1115 puli
833 1045 890 1096 et
928 1039 1116 1097 turbae
1162 1039 1468 1097 hominem
1513 1039 1717 1112 ipsum
1747 1039 2046 1103 dicebant,
2080 1039 2326 1095 veniunt

677 1145 840 1188 nunc
861 1129 1178 1195 daemones,
1207 1127 1577 1184 divinitatem
1602 1127 1758 1183 illius
1786 1127 2193 1200 praedicantes.
2221 1129 2325 1184 Oc-

677 1222 947 1275 currente
962 1216 1121 1273 enim
1149 1215 1264 1273 illis
1293 1215 1498 1272 divino
1518 1216 1708 1284 radio,
1733 1217 1932 1272 statim
1951 1231 2086 1271 eum
2105 1231 2322 1286 cogno-

672 1310 930 1378 verunt;
965 1311 1168 1362 etnon
1216 1304 1468 1362 ferentes
1512 1305 1784 1361 virtutem
1831 1305 2089 1376 impetus
2117 1304 2322 1360 invisi-

671 1394 866 1453 biliter
885 1411 990 1451 eos
1019 1394 1521 1459 inﬂammantem,
1553 1393 1968 1450 clamaverunt
2009 1394 2272 1450 dicentes
2305 1413 2317 1452 :

678 1483 834 1552 Quid
859 1483 1019 1540 nobis
1047 1489 1103 1540 et
1123 1482 1230 1540 tibi
1252 1483 1280 1538 ?
1301 1482 1415 1540 hoc
1440 1486 1550 1550 est,
1570 1483 1707 1549 Qua
1728 1487 1784 1538 et
1808 1487 2015 1539 nostra
2035 1481 2318 1554 potentia,

677 1573 726 1629 si
755 1571 834 1629 ad
861 1576 1031 1630 tuam
1059 1572 1396 1629 conferatur
1423 1573 1452 1628 ?
1478 1577 1542 1628 tu
1573 1571 1730 1627 enim
1758 1571 1914 1642 ignis
1953 1585 2016 1627 es
2048 1570 2322 1627 intolera-

673 1659 834 1728 bilis,
857 1675 972 1718 nos
1011 1664 1212 1719 autem
1241 1660 1448 1718 fenum
1485 1659 1649 1733 quod
1678 1659 1851 1717 facile
1882 1659 2247 1716 accenditur.

743 1841 905 1895 Vers.
947 1838 1036 1895 29.
1099 1837 1317 1896 Venisti
1353 1870 1421 1880 —
1463 1852 1568 1894 nos
1595 1839 1625 1892 Ῡ
1652 1837 1802 1903 Quia
1851 1837 2323 1909 deprehenderat
2353 1856 2396 1912 Β

674 1942 779 1985 eos
809 1932 1145 1986 creaturam
1163 1943 1334 1984 suam
1353 1927 1602 1984 omnino
1624 1925 1930 1999 tyrannice
1955 1932 2238 1983 vexantes
2251 1942 2320 1983 ac

672 2016 1012 2090 perdentes,
1035 2021 1350 2088 peccatum
1379 2015 1625 2088 quidem
1655 2030 1874 2086 negare
1902 2031 2022 2072 non
2046 2018 2317 2087 possunt,

673 2104 1008 2178 quamdam
1039 2110 1240 2162 autem
1272 2120 1470 2161 causa
1501 2119 1625 2160 sum
1667 2104 2076 2161 defensionem
2110 2110 2319 2176 prate-

670 2199 840 2261 xunt,
893 2193 1059 2266 quod
1082 2208 1206 2251 non
1261 2209 1423 2250 nunc
1459 2209 1673 2266 pmnas
1714 2193 1858 2250 dare
1904 2193 2182 2259 debeant,
2215 2193 2320 2249 sed

671 2287 941 2356 tempore
969 2281 1318 2339 universalis
1345 2282 1572 2354 judicii,
1605 2287 1663 2338 et
1687 2283 1940 2352 graviter
1982 2282 2321 2338 discruciati

668 2372 875 2428 dicunt
900 2391 920 2444 ;
973 2371 1194 2428 Venisti
1223 2373 1361 2437 huc,
1402 2372 1464 2427 id
1501 2377 1590 2428 est
1623 2372 1685 2427 in
1731 2377 1974 2438 terram,
2008 2376 2074 2428 ut
2111 2372 2320 2444 afﬂgas

670 2477 783 2518 nos
811 2466 947 2517 ante
985 2461 1298 2517 deﬁnitum
1331 2465 1570 2533 tempus
1598 2462 1625 2517 ?
1661 2460 1984 2517 Audierant
2025 2460 2320 2532 siquidem

672 2566 708 2607 a
734 2550 1065 2622 prophetis,
1119 2549 1288 2621 quod
1318 2547 1581 2606 Christus
1611 2555 1740 2622 post
1788 2548 1999 2604 mundi
2044 2565 2322 2606 consum-

671 2639 999 2695 mationem
1032 2639 1424 2694 descensurus
1452 2643 1606 2694 esset
1657 2639 1717 2694 in
1755 2642 1996 2704 terram,
2047 2654 2118 2695 ac
2163 2637 2320 2709 judi-

611 2716 614 2719 ’
676 2731 920 2784 caturus
955 2726 1275 2794 mundum,
1306 2732 1361 2784 et
1385 2726 1717 2784 atﬂicturus
1747 2727 2073 2783 daemones.

746 2906 1039 2975 Vers.-30.
1088 2906 1246 2962 Erat
1289 2937 1358 2950 -—-
1404 2907 1466 2959 V.
1517 2907 1604 2962 31.
1665 2920 1992 2976 porcorum.
2045 2904 2320 2970 Quando-

674 2994 920 3068 quidem
947 2994 1074 3064 jam
1119 2994 1449 3050 hominbus
1489 3010 1701 3050 nocere
1741 3009 1859 3049 non
1910 2998 2185 3066 possunt,
2243 2993 2321 3049 ad

674 3081 1038 3140 irrationalia
1089 3097 1220 3154 quas
1268 3082 1351 3138 illi
1402 3082 1714 3154 possident
1764 3087 2210 3147 convertuntur,
2264 3086 2324 3137 ut

2439 592 2605 648 ἐδεῖτο
2657 605 2747 648 τοῦ
2799 597 3052 671 Ἀϐραὰμ,
3119 598 3422 654 ἀποστεῖλαι
3497 607 3583 655 τόν
3659 606 3897 680 Λάζαρον
3950 610 4012 671 εἰς

2437 687 2522 736 τόν
2597 690 2812 758 κόσμον,
2884 693 2973 739 καὶ
3048 692 3280 759 μηνύσαι
3357 699 3461 752 τοῖς
3545 689 3786 765 ἀδελφοῖς
3867 698 4010 750 αὑτοῦ

2436 775 2501 825 τὰ
2542 775 2656 826 κατ’
2712 776 2888 846 αὐτὸν,
2944 775 3054 828 ἀλλ’
3107 778 3260 840 αὐτὸς
3309 775 3383 832 δι’
3431 780 3617 834 ἑαυτοῦ
3672 782 3916 856 ἐμήνυσεν
3959 785 4010 838 ἆν
4091 813 4096 819 ι

2436 870 2628 924 αυτοῖς.

2503 951 2736 1005 Χαλεποὶ
2782 983 2850 993 -
2890 960 3062 1019 Θεοῦ;
3123 952 3335 1014 Ἐπειδὴ
3384 962 3473 1010 καὶ
3524 961 3572 1011 οἱ
3629 962 3880 1031 μαθηταὶ,
3931 968 4007 1016 καὶ

2434 1039 2484 1091 οἱ
2535 1039 2688 1110 ὄχλοι
2744 1043 3011 1115 ἄνθρωπον
3079 1042 3232 1096 αὐτὸν
3290 1047 3478 1117 ἔλεγον,
3549 1051 3796 1120 ἔρχονται
3849 1051 4006 1104 λοιπόν

2432 1130 2482 1180 οἱ
2543 1125 2801 1202 δαίμονες,
2867 1131 3306 1206 ἀνακηρύττοντες
3378 1140 3472 1193 τὴν
3553 1138 3714 1191 αὐτοῦ
3777 1141 4000 1200 θεότητα.

2433 1216 2840 1290 Προσϐαλουσης
2890 1222 2991 1294 γὰρ
3089 1221 3265 1284 αὐτοῖς
3357 1231 3452 1286 τῆς
3546 1227 3718 1288 θεῑκῆς
3801 1228 4004 1295 ἀκτῖνος,

2434 1306 2583 1368 εὐθὺς
2681 1308 2972 1379 ἐπέγνωσαν
3047 1311 3238 1363 αὐτόν·
3314 1318 3404 1366 καὶ
3480 1317 3553 1386 μὴ
3637 1321 3864 1391 φέροντες
3926 1323 4005 1376 τὴν

2433 1393 2665 1467 ἀοράτως
2739 1396 3088 1467 φλογίζουσαν
3145 1399 3332 1462 αὐτοὺς
3415 1397 3637 1475 δύναμιν
3703 1413 3795 1467 τῆς
3862 1425 4005 1480 προσ-

2432 1483 2605 1549 ϐολῆς,
2693 1485 2909 1557 ἔκραξαν
2991 1487 3219 1558 λέγοντες
3274 1506 3287 1521 ⁸

2431 1579 2669 1627 τουτέστι
2705 1596 2717 1609 ο

3371 1496 3435 1544 Τί
3517 1495 3640 1564 ἡμῖν
3724 1500 3812 1547 καὶ
3912 1500 4001 1562 σοί,

2767 1581 2855 1636 Τίς
2911 1578 2941 1634 ἡ
2991 1579 3216 1651 ἡμετέρα
3272 1575 3494 1653 δύναμις
3545 1585 3677 1654 πρός
3733 1589 3823 1642 τὴν
3879 1589 3997 1647 may;

2433 1666 2498 1714 Σὺ
2580 1666 2669 1735 μιν
2735 1667 2837 1738 γὰρ
2914 1672 3017 1740 πῦρ
3099 1668 3369 1732 οἶστεκτον,
3457 1666 3607 1741 ἡμεῖς
3695 1668 3754 1725 δὲ
3830 1676 3999 1744 χόρτος

2433 1751 2802 1822 εὐέμπρηστος.

2502 1839 2681 1900 Ἦλθες
2732 1872 2800 1882 -
2848 1843 3000 1912 ἡμᾶς.
3062 1840 3272 1902 Ἐπειδὴ
3344 1844 3617 1899 κατέλαϐεν
3687 1849 3885 1912 αὐτοὺς,
3951 1849 3995 1898 τό

2429 1927 2648 2000 πλάσμα
2702 1933 2760 1981 τὸ
2812 1930 2930 2000 (80)
2979 1929 3164 1983 ἑαυτοῦ
3221 1937 3374 1985 παντὶ
3421 1938 3596 2006 τρόπῳ
3653 1944 3991 2012 τυραννοῦντας

2429 2021 2516 2069 καὶ
2577 2013 2985 2092 διαφθείροντας,
3050 2018 3383 2092 ἀρνήσασθαι
3445 2026 3536 2095 μὲν
3602 2029 3696 2084 τὴν
3767 2025 3996 2098 ἁμαρτίαν

2430 2105 2489 2157 οὐ
2554 2103 2822 2176 δύνανται,
2889 2107 3264 2178 προϐάλλονται
3337 2107 3398 2162 δέ
3472 2131 3589 2165 τινα
3645 2110 3995 2183 δικαιολογίαν,

2429 2195 2510 2247 ὅτι
2539 2194 2596 2246 οὐ
2626 2202 2713 2246 νῦν
2752 2194 3014 2266 ὀφείλουσι
3063 2193 3246 2250 δοῦναι
3295 2195 3470 2267 δίκην,
3506 2199 3613 2253 ἀλλ’
3659 2202 3704 2255 ἰν
3735 2210 3800 2272 τῷ
3850 2206 3997 2272 καιρῷ

2430 2289 2526 2342 τῆς
2636 2288 2970 2355 παγκοσμίου
3067 2291 3306 2358 κρίσεως,
3419 2294 3508 2342 καί
3607 2288 3997 2348 δεινοπαθοῦντες

2429 2369 2666 2442 λέγουσιν
2713 2389 2724 2401 ·
2800 2372 2989 2435 Ἦλθες
3039 2371 3162 2439 ὧδε,
3239 2381 3506 2429 τουτέστιν
3580 2378 3659 2430 ἐπὶ
3725 2383 3812 2434 τὴν
3881 2384 3990 2445 γῆν,

2433 2457 2726 2531 βασανίσαι
2781 2462 2921 2532 ἡμᾶς
2971 2465 3072 2536 πρὸ
3128 2470 3221 2514 τοῦ
3289 2466 3574 2538 ὡρισμένου
3638 2471 3846 2536 καιροῦ;
3901 2465 3992 2513 Καὶ

2429 2550 2531 2621 γὰρ
2585 2551 2773 2606 ἤκουον
2849 2553 2984 2623 καρά
3057 2559 3155 2602 τῶν
3229 2563 3521 2625 προφητῶν,
3572 2556 3649 2606 ὅτι
3702 2554 3726 2604 ό
3777 2553 3995 2625 Χριστὸς

2431 2639 2561 2708 μετὰ
2622 2641 2717 2695 τὴν
2766 2644 2858 2690 τοῦ
2907 2644 3108 2710 κόσμου
3163 2641 3452 2694 συντέλειαν
3540 2643 3702 2714 μέλλει
3756 2639 4000 2692 κατελθεῖν

2432 2725 2500 2785 εἰς
2539 2728 2632 2782 τὴν
2679 2733 2799 2796 γῆν,
2841 2732 2930 2779 καὶ
2972 2735 3145 2802 κρῖναι
3187 2732 3274 2781 τὸν
3325 2735 3541 2803 κόσμον,
3592 2736 3679 2784 καί
3729 2729 4002 2803 βασανίσαι

2430 2817 2547 2874 τοὺς
2573 2809 2842 2886 δαίμονας.

2502 2911 2598 2964 Ἤν
2647 2909 2706 2965 δε
2757 2942 2824 2954 -
2880 2918 3096 2987 χοίρων.
3154 2919 3356 2973 Μηκέτι
3421 2913 3697 2991 δυνάμενοι
3772 2916 4003 2990 βλάπτειν

2431 3004 2551 3062 τοὺς
2607 2999 2928 3072 ἀνθρώπους,
2984 3001 3067 3054 ἐπὶ
3118 3005 3181 3054 τά
3230 3013 3328 3056 τῶν
3380 3003 3659 3080 ἀνθρώπων
3715 3007 3826 3079 (81)
3876 3006 4005 3074 ἐτρά-

2433 3108 2629 3157 πησαν,
2678 3092 2807 3160 πρὸς
2850 3086 3088 3155 ἔνδειξιν,
3139 3088 3202 3153 ἧς
3244 3094 3435 3163 ἔχουσι
3479 3097 3596 3148 καθ’
3627 3098 3769 3168 ἡμῶν
3815 3100 4003 3168 μανίας.

675 3171 1022 3230 ostendatur
1045 3170 1228 3237 furor,
1262 3187 1440 3243 quem
1467 3170 1752 3226 adversus
1791 3186 1902 3225 nos
1933 3176 2167 3240 gerunt.
2208 3174 2322 3227 Nec

2438 3183 2534 3230 Καὶ
2564 3177 2622 3229 οὗ
2656 3185 2806 3229 τούτο
2842 3182 3016 3250 μόνον,
3052 3177 3177 3231 ἀλλά
3219 3186 3307 3232 καὶ
3351 3182 3518 3254 ἔτερόν
3565 3203 3615 3236 τι
3661 3192 4004 3257 μηχανῶνται,

672 3261 865 3319 solum
891 3260 1026 3325 hoc,
1075 3276 1287 3316 verum
1339 3259 1517 3316 etiam
1547 3258 1698 3315 aliud
1730 3259 2060 3316 admodum
2098 3261 2320 3317 malum

672 3349 1118 3408 machinantur.
1172 3347 1420 3406 Student
1443 3349 1602 3404 enim
1651 3364 1868 3421 porcos
1912 3350 2200 3416 occidere,
2262 3355 2325 3407 ut

670 3439 890 3498 horum
931 3437 1541 3512 damno_contristati
1594 3438 1821 3495 domini
1875 3440 2068 3510 gregis
2121 3439 2322 3495 Jesum

674 3544 796 3586 non
825 3527 1176 3598 suscipiant,
1201 3532 1256 3582 et
1282 3526 1381 3592 ita,
1417 3527 1719 3597 Evangelii
1751 3528 2169 3600 praedicatione
2201 3542 2325 3583 non

674 3622 974 3687 suscepta,
1015 3616 1277 3672 maximo
1302 3615 1625 3672 afﬁciantur
1653 3616 1892 3672 damno.
1945 3617 2172 3672 Etenim
2227 3631 2326 3672 ne-

677 3721 794 3778 que
823 3704 992 3776 ejecti
1013 3708 1247 3760 cessant
1274 3718 1506 3760 nocere.
1543 3704 1688 3768 Quid
1719 3719 1861 3773 ergo
1897 3705 2159 3758 Christus
2194 3707 2222 3757 ?

750 3796 911 3850 Vers.
933 3791 1020 3850 31.
1035 3793 1114 3848 Et
1135 3795 1276 3847 —in
1297 3793 1488 3863 aquis.
1515 3792 1734 3848 Videns
1757 3792 2048 3848 malitiam
2068 3792 2325 3862 illorum,

677 3900 812 3940 cum
842 3897 965 3939 non
1013 3882 1311 3952 ignoraret
1335 3881 1483 3954 quid
1539 3886 1852 3946 tentarent,
1909 3880 2197 3951 permittit
2248 3887 2326 3938 ta.

677 3988 838 4038 men,
869 3987 991 4028 non
1022 3974 1091 4032 ut
1138 3971 1251 4027 illis
1309 3971 1697 4042 complaceat,
1735 3972 1840 4026 sed
1895 3970 2328 4042 dispensatorie

679 4062 796 4119 alia
819 4059 1428 4132 intendensﬁprimum
1454 4063 1517 4114 ut
1545 4058 1849 4115 discanthi
1872 4059 1975 4132 qui
2005 4058 2331 4116 liberantur

679 4158 827 4224 quot
855 4156 910 4206 et
941 4150 1150 4223 quales
1189 4148 1504 4205 habuerint
1533 4147 1983 4211 inhabitatores,
2017 4147 2228 4204 deinde
2267 4153 2330 4206 ut

683 4239 878 4296 sciant
918 4255 1128 4297 omnes
1170 4238 1336 4312 quod
1379 4253 1573 4310 neque
1618 4236 1678 4292 in
1727 4252 1943 4309 porcos
1989 4237 2330 4308 immigrare

681 4333 945 4403 possent,
988 4328 1100 4384 nisi
1140 4328 1251 4384 illis
1296 4327 1422 4400 ipse
1457 4327 1833 4399 permitteret,
1887 4326 2123 4382 tertium
2167 4328 2332 4400 quod

683 4419 978 4475 atrociora
1014 4417 1074 4472 in
1114 4417 1224 4472 illis
1263 4422 1603 4472 exercerent
1643 4431 1828 4487 quam
1874 4415 1933 4470 in
1973 4416 2189 4487 porcis,
2221 4414 2333 4470 nisi

683 4508 861 4564 etiam
891 4507 954 4562 in
997 4521 1063 4561 eo
1093 4505 1254 4578 quod
1295 4505 1602 4576 tyrannice
1643 4507 1846 4573 agunt,
1891 4519 1926 4558 a
1964 4504 2082 4559 Deo
2143 4503 2336 4575 impe-

682 4596 973 4658 direntur,
1006 4608 1126 4649 non
1151 4593 1424 4664 permissi
1450 4592 1642 4649 facere
1669 4607 1804 4664 quas
1823 4591 2052 4646 volunt.
2087 4591 2336 4649 Cuilibet

684 4685 843 4741 enim
874 4681 1259 4738 manifestum
1297 4686 1384 4738 est
1422 4681 1585 4753 quod
1614 4681 1888 4736 homines
1924 4681 2120 4750 magis
2149 4697 2334 4753 quam

685 4768 1054 4827 irrationalia
1103 4769 1370 4836 oderunt,
1403 4784 1542 4824 cum
1586 4769 1766 4823 etiam
1798 4768 2165 4827 irrationalia
2205 4785 2337 4838 pro-

685 4862 818 4932 pter
857 4856 1135 4912 homines
1177 4857 1424 4928 perdere
1474 4856 1770 4924 studeant,
1827 4863 1882 4914 et
1946 4874 2052 4932 per
2100 4858 2338 4915 illorum

685 4946 1087 5020 perditionem
1152 4945 1245 5001 his
1298 4946 1514 5001 inferre
1590 4946 1906 5004 tristitiam.
1991 4950 2212 5014 Quarto
2274 4952 2341 5004 ut

685 5050 852 5092 mors
889 5049 1209 5107 porcorum
1255 5033 1534 5092 omnibus
1575 5033 1956 5094 conﬁrmaret
1997 5037 2186 5094 exisse
2217 5036 2344 5093 dae-

686 5138 917 5182 mones.

2437 3263 2642 3341 σφόδρα
2671 3272 2909 3338 πονηρόν.
2957 3267 3222 3320 Μελετῶσι
3260 3272 3360 3343 γὰρ
3412 3270 3597 3324 ἀνελεῖν
3633 3278 3751 3336 τοὺς
3784 3278 4004 3346 χοίρους,

2436 3357 2518 3406 ἶνα
2573 3364 2633 3427 τῇ
2694 3356 2862 3427 ζημίᾳ
2930 3358 3123 3408 τούτων
3190 3356 3498 3420 λυπηθέντες
3573 3362 3622 3413 οἰ
3688 3371 3776 3424 τῆς
3839 3360 4007 3432 ἀγέλης

2434 3447 2628 3516 κύριοι,
2686 3447 2756 3514 μὴ
2815 3440 3208 3516 παραδέξωνται
3263 3449 3350 3498 τόν
3410 3448 3634 3516 Ἰησοῦν,
3692 3457 3778 3504 καὶ
3833 3452 4006 3517 ζημιω-

2439 3534 2569 3584 θῶσι
2648 3533 2897 3603 μάλιστα,
2970 3537 3040 3605 μὴ
3135 3531 3402 3607 δεξάμενοι
3469 3543 3526 3590 τό
3607 3547 3850 3614 κηρυγμα
3926 3544 4003 3588 τοῦ

2439 3620 2776 3690 Εὑαγγελίου.
2836 3623 2934 3673 Καὶ
2990 3624 3090 3696 γὰρ
3145 3620 3260 3676 οὐδ’
3325 3625 3730 3700 ἀπελαυνόμενοι
3780 3631 4005 3682 παύονται

2436 3716 2528 3760 τοῦ
2571 3708 2836 3780 βλάπτειν.
2877 3715 2941 3762 Τί
2971 3707 3057 3763 οὖν
3083 3713 3110 3764 ό
3141 3717 3404 3785 Χριστός;

2511 3800 2608 3849 Καὶ
2665 3828 2731 3838 —
2780 3797 2829 3849 ἐν
2885 3806 2992 3860 τοῖς
3049 3797 3261 3856 ὕδασιν.
3324 3799 3489 3864 Εἰδὼς
3560 3811 3654 3865 τὴν
3716 3808 4000 3878 πανουργίαν

2439 3885 2625 3951 αὐτῶν,
2676 3890 2764 3937 καὶ
2811 3891 2881 3958 μὴ
2935 3885 3147 3958 ἀγνοῶν,
3209 3889 3234 3941 ὁ
3291 3891 3589 3962 μελετῶσιν,
3646 3899 3784 3967 ὅμως
3834 3895 4007 3965 ἐπιτρέ-

2438 3993 2542 4040 πει,
2596 3974 2656 4025 οὐ
2708 3975 3054 4046 χαριζόμενος
3106 3975 3336 4046 ἐκείνοις,
3385 3979 3490 4031 ἀλλ’
3529 3982 3813 4058 οἰκονομῶν
3863 3985 4011 4054 ἕτερα,

2440 4061 2487 4114 ἓν
2541 4064 2649 4134 μὶν,
2721 4064 2802 4115 ῖνα
2856 4059 3050 4135 διδάξῃ
3106 4069 3225 4128 τοὺς
3283 4065 3689 4144 ἀπαλλαγέντας,
3743 4078 3892 4135 ὅσους
3938 4075 4014 4122 καὶ

2441 4152 2576 4211 οἴους
2620 4149 2762 4221 εἶχον
2814 4149 3072 4212 ἐνοίκους·
3125 4155 3290 4212 ἕτερον
3326 4152 3402 4219 δε,
3437 4159 3518 4210 ἵνα
3567 4165 3785 4232 μάθωσι
3833 4165 4011 4220 πάντες.

2442 4241 2521 4292 ὃτι
2569 4236 2690 4291 οὐδὲ
2720 4245 2931 4313 χοίροις
2965 4239 3298 4300 ἑπιπηδῆσαι
3347 4241 3616 4314 δύνανται,
3668 4253 3711 4304 εὶ
3755 4257 3826 4324 μὴ
3875 4266 4010 4323 παρα·

2442 4332 2669 4398 χωρήσῃ
2711 4330 2913 4388 τούτοις
2961 4329 3111 4389 αὑτός
3136 4347 3148 4361 °
3182 4336 3374 4404 τρίτον,
3424 4336 3503 4386 ὅτι
3550 4339 3897 4412 χαλεπώτερα
3940 4343 4018 4388 τῶν

2442 4421 2639 4488 χοίρων
2692 4414 2900 4478 ἐκείνοις
2955 4416 3015 4468 ἀν
3067 4418 3374 4490 εἰργάσαντο
3440 4425 3666 4493 πάντως,
3725 4430 3770 4481 εὶ
3835 4433 3903 4500 μὴ
3951 4429 4026 4477 καὶ

2445 4501 2492 4554 έν
2532 4503 2670 4574 αὐτῷ
2721 4512 2794 4574 τῷ
2843 4514 3102 4579 τυραννεῖν
3145 4507 3532 4579 ἀνεχαιτίζοντο
3573 4520 3720 4590 παρά
3761 4525 3850 4570 τοῦ
3890 4522 4030 4583 Θεοῦ,

2444 4597 2534 4644 καὶ
2586 4592 2645 4644 οὐ
2701 4602 3092 4667 συνεχωροῡντο
3157 4604 3318 4648 ποιεῖν
3380 4601 3480 4651 ὅσα
3518 4599 3823 4672 βούλονται.
3887 4605 4034 4657 Παντὶ

2445 4683 2545 4755 γὰρ
2597 4677 2776 4746 δῆλον,
2823 4682 2903 4733 ὅτι
2941 4686 3064 4745 τοὺς
3113 4682 3413 4757 ἀνθρώπους
3454 4688 3626 4742 πλεῖον
3678 4703 3904 4765 μισοῦσι
3947 4699 4034 4744 τῶν

2448 4769 2666 4841 ἀλόγων,
2725 4769 2831 4823 ἐπεὶ
2897 4776 2986 4823 καὶ
3036 4774 3102 4824 τὰ
3177 4773 3342 4846 α’λογα
3393 4774 3487 4830 διὰ
3565 4785 3684 4843 τοὺς
3752 4783 4038 4856 ἀνθρώπους

2450 4860 2738 4932 φθείρουσι,
2787 4856 3091 4921 σπεύδοντες
3139 4867 3228 4914 καὶ
3278 4860 3372 4917 διὰ
3421 4875 3513 4929 τῆς
3569 4873 3770 4924 τούτων
3807 4871 4041 4927 ἀπωλείας

2449 4946 2626 5000 λυπεῖν
2719 4948 2909 5010 αὐτούς
2943 4967 2954 4978 ·
3038 4954 3300 5026 τέταρτον,
3389 4956 3470 5006 ἵνα
3553 4959 3578 5009 ό
3664 4962 3888 5024 θάνατος
3955 4966 4044 5010 τῶν

2450 5041 2650 5110 χοίρων
2711 5036 2986 5113 βοϐαιώσῃ
3064 5041 3285 5110 πάντας,
3350 5044 3430 5096 ὅτι
3492 5043 3707 5108 ἐξῆλθον
3768 5052 3818 5104 οἱ
3875 5045 4048 5122 δαίμοο

2452 5144 2551 5188 νες.

1924 5305 2150 5378 Variae
2180 5305 2513 5377 lectiones
2545 5313 2611 5376 et
2647 5316 2844 5376 notia.

759 5499 875 5570 (80)
917 5499 1106 5558 lntell.
1137 5504 1222 5556 τόν
1247 5501 1542 5570 ἄνθρωπον.

763 5503 854 5570 (80
917 5503 1106 5558 lntell.
1137 5504 1222 5556 τὸν
1247 5503 1342 5556 ἄνθ
1380 5521 1542 5560 ωπον.

763 5503 1012 5655 (Stis-c3»
1054 5579 1273 5655 χοίρων.
1416 5571 1696 5655 _Hentenii
1737 5572 2142 5655 interpretatio
2180 5571 2342 5655 vide-

690 5645 793 5705 tur
841 5645 1021 5705 etiam
1054 5645 1359 5722 postulare
1406 5646 1712 5725 ἀνθρώπων.
1761 5650 1838 5704 Τὰ
1873 5645 1973 5704 τῶν
2031 5647 2341 5727 ἀνθρώπων,

2447 5505 2925 5598 ξῠιεηζγχρήαατα
2967 5513 3055 5598 καὶ
3082 5517 3352 5598 ’κτηματαρ
3396 5514 3730 5598 Hoc‘loco,
3775 5517 3898 5580 τοὺς
3946 5513 4061 5598 χόί-

2482 5593 2590 5641 ους.
2616 5579 2823 5660 Vicina
2843 5581 3158 5654 vocabula,
3176 5579 3292 5639 καθ’
3319 5587 3485 5660 ἡμῶν,
3509 5579 3854 5647 defendunt
3885 5579 4061 5648 etiam

2492 5665 2606 5708 ano
2628 5650 2964 5710 lectionem.
