4170 6472
148 367 184 425 3
1132 360 1500 425 COMNENT.
1549 366 1621 424 IN
1672 364 2114 425 MATTHIEUM.
2159 400 2221 411 —
2264 369 2421 426 CAP.
2466 371 2559 427 IX.
3430 368 3537 426 302

225 499 331 549 Καὶ
383 495 489 566 ὅρα
556 495 819 566 πάνσοφον
872 492 1284 566 ἆντιμηχάνημα
1352 500 1444 546 τοῦ
1500 500 1759 563 Σωτῆρος.
1801 493 1845 547 Α

1949 495 2009 550 Et
2039 490 2169 550 vide
2209 495 2711 567 sapientissimam
2746 492 3070 550 Salvatoris
3105 491 3533 563 cogitationem

156 583 556 642 Μελετὴσαντες
617 586 720 657 ’γὰρ
785 580 1008 655 βλάψαι,
1083 581 1253 635 πλεῖον
1306 580 1618 650 ἐϐλάϐησαν,
1681 585 1770 634 καὶ

1890 582 2235 654 oppositam.
2267 585 2414 639 Nam
2444 598 2658 639 nocere
2680 583 2969 648 volentes,
2999 582 3193 652 magis
3215 580 3326 653 ipsi
3354 597 3537 639 nocu.

170 672 480 735 τούναντίον,
545 671 608 723 οὗ
691 670 971 733 ἐϐούλοντο,
1023 670 1247 742 γέγονεν.
1342 669 1625 743 Ἐξελαμψι
1680 671 1770 742 μεν

1887 674 2148 727 mentum
2205 678 2580 745 acceperunt.
2641 670 2952 745 Siquidem
3010 669 3216 726 Christi
3275 671 3534 742 potentia

181 763 330 835 γὰρή
381 768 474 812 τοῦ
538 767 778 834 Χριστοῦ
816 756 1055 832 δύναμις
1104 758 1337 831 ἠλέγχθη
1390 755 1449 810 δὲ
1498 761 1688 810 τούτων
1737 758 1767 814 ἠ

1883 775 1957 832 ap
1964 759 2238 831 paruit,et
2251 759 2480 816 illorum
2494 759 2869 817 imbecillitas
2880 774 2949 815 ac
2963 757 3190 815 malan
3200 757 3275 814 de
3283 758 3530 830 prehen-

192 849 411 901 ἀσθένεια
480 853 577 900 καὶ
626 850 658 906 ἠ
740 852 982 921 πονηρία.
1039 850 1184 900 Κατά
1258 854 1350 900 τοῦ
1415 852 1647 920 κρημνοῦ
1713 841 1772 898 δί

1886 863 1948 904 sa
1977 852 2086 905 est.
2115 849 2225 904 Per
2248 864 2516 922 praeceps
2539 853 2739 906 autem
2762 847 3062 904 ferebatur
3085 862 3228 919 grex
3255 845 3315 904 in
3344 863 3533 906 mare-

188 939 465 1009 ὦρμτσενή
528 934 693 1008 ἀγέλη
742 936 811 996 εἰς
866 941 958 994 τὴν
1016 934 1302 1001 θάλασσαν,
1350 933 1461 987 ἀντὶ
1507 942 1621 999 τοῦ,
1679 930 1774 986 διὰ

1884 936 1989 992 hoc
2046 943 2153 1002 est,
2222 938 2659 1011 prmeipitanter
2691 942 2748 993 et
2804 936 2961 994 facto
3000 936 3245 1007 impetu.
3306 938 3531 994 Marcus

180 1033 258 1077 τοῦ
311 1030 577 1099 κρημνοῦ.
638 1026 853 1100 Μάρκος
926 1021 984 1077 δι
1050 1028 1141 1076 καὶ
1226 1028 1313 1076 τὸν
1388 1021 1607 1097 ἀριθμὸν
1671 1030 1770 1074 τῶν

1884 1041 2022 1082 vero
2074 1041 2388 1083 numerum
2442 1027 2621 1083 etiam
2672 1041 2996 1099 porcorum
3053 1024 3307 1099 scripsit,
3364 1025 3531 1098 quod

166 1118 355 1187 χοίρων
413 1113 670 1185 ἔγραψεν,
725 1114 806 1165 ὅτι
855 1109 989 1170 ἦσαν
1046 1115 1114 1175 ὡς
1165 1109 1451 1183 δισχίλιοι.
1501 1114 1567 1164 Σὺ
1600 1106 1659 1163 δέ
1681 1129 1770 1183 μοι

1881 1118 2049 1171 erant
2078 1113 2195 1171 lere
2232 1114 2326 1172 bis
2355 1113 2581 1171 mille“.
2609 1117 2692 1171 Tu
2721 1129 2967 1188 quoque
2997 1114 3144 1170 mihi
3175 1129 3283 1186 per
3306 1129 3528 1186 anago-

164 1203 254 1255 νάει
301 1207 400 1254 καὶ
462 1204 608 1253 κατά
675 1199 969 1273 ἀναγωγὴν,
1020 1201 1097 1253 ὅτι
1148 1200 1198 1252 οἰ
1241 1196 1478 1271 δαίμονες
1534 1197 1634 1251 ἀπὸ
1683 1201 1771 1270 μὲν

1884 1217 1995 1273 gen
2025 1201 2300 1273 intellige,
2337 1205 2503 1276 quod
2538 1203 2846 1260 daemones
2883 1203 3194 1275 ejicientur
3226 1202 3302 1260 ab
3338 1202 3531 1261 homi-

162 1300 248 1343 τῶν
307 1290 613 1364 ἀνθρώπων
683 1288 1029 1353 ὶκϐάλλονται,
1109 1288 1240 1360 λέγω
1310 1285 1401 1354 δὴ,
1486 1295 1584 1340 τῶν
1635 1285 1772 1358 λόγῳ

1884 1291 2083 1360 nibus,
2130 1293 2352 1364 quibus
2399 1307 2673 1348 sermone
2726 1292 2858 1363 (mi)
2903 1292 3281 1349 succurritur.
3336 1291 3531 1363 Ingre-

170 1379 570 1451 βοηθουμένωνο
612 1385 722 1439 τοῖς
800 1374 859 1430 δὶ
920 1381 1123 1450 χοίροις
1189 1374 1508 1448 ἐφάλλονται,
1560 1370 1768 1433 δηλαδὴ

1883 1380 2126 1437 diuutur
2143 1385 2342 1437 autem
2368 1396 2603 1453 porcos,
2623 1396 2725 1437 eos
2756 1379 3530 1453 videlicetquiirrationabi-

165 1476 255 1529 τοῖς
288 1466 511 1538 ἀλόγως
560 1465 944 1538 ἐγκυλιομένοις
1006 1473 1077 1535 τῷ
1134 1462 1374 1539 βορϐόρῳ
1420 1471 1518 1516 τῶν
1548 1459 1769 1527 ἡδονῶν,

1885 1467 2014 1526 liter
2052 1475 2499 1535 conservantur,
2531 1472 2590 1526 et
2627 1470 2687 1525 in
2721 1484 2895 1526 coeno
2938 1469 3315 1541 voluptatum
3363 1469 3530 1528 volu-

166 1562 237 1608 καὶ
257 1556 809 1631 κατακρημνίζουσιν
842 1553 1026 1613 αὐτοὺς
1051 1553 1120 1615 εἰς
1152 1551 1425 1605 ἀπώλειαν.

1882 1562 2102 1623 tantur,
2134 1574 2203 1613 ac
2223 1557 2355 1614 illos
2382 1558 2441 1613 in
2464 1556 2859 1629 perditionem
2887 1557 3277 1630 praecipitant.

223 1648 285 1697 Οἱ
345 1641 410 1696 δέ
494 1673 568 1685 -
620 1644 814 1698 πάντα.
902 1640 1122 1713 Ἐφυγον
1175 1639 1493 1712 φοϐηθὲιτις,
1560 1643 1630 1711 μὴ
1684 1643 1774 1692 καὶ

1955 1648 2111 1702 Vers.
2136 1650 2222 1702 33.
2252 1645 2362 1712 Qui
2389 1675 2458 1688 —
2486 1646 2701 1703 omnia.
2729 1647 3029 1717 Fugerunt
3047 1646 3343 1712 timentes,
3365 1661 3442 1703 ne
3464 1661 3529 1704 se

168 1734 345 1794 ότοὺς
399 1731 661 1783 ἀνέλωσιν
737 1730 787 1782 οἰ
838 1733 959 1791 τοὺς
1024 1733 1241 1803 χοίρους
1297 1728 1467 1781 αὐτῶν
1519 1725 1777 1788 ἀνελόντες

1885 1734 2103 1807 pariter
2131 1734 2463 1791 occiderent
2490 1734 2819 1799 daemones,
2851 1735 2955 1808 qui
2985 1749 3126 1791 suos
3154 1739 3532 1806 peremerant

166 1819 435 1895 δαίμονες,
510 1819 857 1891 Ἀπήγογειλαν
933 1815 991 1871 δὲ
1053 1820 1242 1881 πάντα,
1316 1813 1525 1876 δηλαδὴ
1581 1820 1644 1870 τὰ
1684 1817 1770 1892 ρη-

1886 1838 2117 1897 porcos.
2161 1823 2669 1879 Renuntiaverunt
2696 1827 2897 1879 autem
2927 1822 3133 1879 omnia
3165 1838 3303 1894 qum
3353 1838 3392 1880 a
3415 1823 3531 1880 daa-

165 1915 322 1977 θέντα,
376 1912 536 1983 παρά
586 1928 639 1961 τε
685 1917 785 1960 τῶν
841 1905 1122 1978 δαιμόνων,
1168 1911 1258 1958 καὶ
1312 1908 1454 1975 παρὰ
1503 1913 1594 1959 τοῦ
1652 1915 1779 1984 Χρι-

1885 1911 2168 1970 monibus
2206 1915 2264 1967 et
2316 1926 2353 1967 a
2400 1910 2626 1968 Christo
2677 1910 2837 1968 dicta
2885 1911 3139 1983 fuerant,
3169 1926 3239 1969 ac
3289 1910 3366 1969 de
3403 1925 3532 1985 per-

164 2009 258 2065 τοῡ,
287 2005 391 2051 καὶ
415 2001 495 2051 τὰ
519 2005 613 2058 τῆς
645 1995 899 2057 ἀπωλείας
927 2004 1027 2047 τῶν
1051 1999 1269 2068 χοίρων.

819 2000 899 2057 ίας
927 2004 1027 2047 τῶν
1051 1999 1269 2068 χοίρων-
1883 2000 2106 2058 ditione
2135 2015 2466 2073 porcorum.

224 2093 330 2142 [αἱ
391 2089 467 2139 τὰ
546 2116 618 2127 -
686 2081 1148 2157 δαιμονιζομένων.
1219 2085 1296 2137 Τὰ
1350 2091 1443 2146 τῆς
1494 2082 1776 2157 μεταϐολῆς

1954 2088 2114 2144 Vers.
2141 2088 2229 2144 33.
2255 2087 2337 2143 Et
2355 2102 2483 2159 quae
2504 2117 2569 2129 —
2589 2086 2983 2147 daemoniacis.
3009 2088 3089 2145 De
3115 2086 3531 2146 immutatione

166 2184 238 2229 ιιιὶ
259 2177 577 2247 εὐκοσμίας
608 2174 798 2227 αὐτῶν.

1885 2182 1943 2234 et
1967 2177 2222 2234 honesta
2249 2175 2547 2234 modestia
2575 2176 2868 2250 ipsorum.

226 2271 331 2320 Καὶ
378 2262 514 2317 ἰδοὺ
586 2293 655 2302 -
716 2261 920 2319 Ἰησοῦ.
967 2259 1199 2336 ⁸’Βρχετο
1249 2263 1350 2335 γὰρ
1415 2259 1619 2334 [αὐτὸς
1665 2261 1775 2333 (82)

1956 2268 2117 2322 Vers.
2150 2266 2239 2322 34.
2277 2265 2353 2321 Et
2384 2280 2514 2323 ecce
2563 2295 2631 2308 —
2676 2267 2833 2323 Jesu.
2885 2265 3171 2323 Veniebat
3199 2266 3361 2322 enim
3406 2266 3533 2339 ipse

165 2356 240 2408 ἐπὶ
267 2359 374 2413 τήν
434 2351 643 2422 amitis].
693 2356 850 2405 Πᾶσα
900 2346 957 2404 δε
995 2351 1024 2407 ἠ
1068 2349 1237 2420 πόλις,
1290 2348 1401 2403 ἀντὶ
1431 2357 1545 2420 τοῦ,
1594 2352 1780 2412 πάντες

1887 2354 1965 2412 ad
1996 2353 2312 2413 civitatem.
2344 2355 2430 2426 -Η-
2470 2353 2672 2411 Omm's
2700 2359 2900 2412 autem
2939 2354 3144 2412 civitas
3181 2368 3293 2428 pro
3322 2369 3533 2412 omnes

163 2448 204 2497 οἱ
232 2444 458 2496 πολῖται
503 2440 644 2511 (83).

414 2462 458 2494 ιι
503 2440 644 2511 (83).
1888 2444 2061 2500 cives.

232 2538 337 2587 Καὶ
398 2561 475 2573 -
535 2528 726 2583 αὐτῶν.
780 2529 1106 2589 Λυπηθίντες
1157 2530 1271 2600 μὲν,
1311 2530 1375 2588 ὡς
1429 2535 1653 2600 εῐρηται,
1692 2532 1781 2581 καὶ

1962 2535 2098 2589 Vers
2136 2532 2224 2588 34.
2271 2533 2348 2589 Et
2400 2563 2469 2573 —
2512 2534 2795 2603 ipsorum.
2850 2532 3143 2604 Dolentes,
3195 2538 3261 2589 ut
3311 2532 3537 2590 dictum

171 2620 259 2675 διὰ
304 2626 405 2678 τήν
461 2616 728 2670 ἀπώλειαν
782 2624 884 2669 τῶν
940 2621 1157 2691 χοίρων,
1191 2617 1263 2667 ἔτι
1312 2611 1370 2668 δί
1420 2615 1782 2688 “190612933;-

1896 2625 1996 2687 est,
2060 2621 2133 2677 de
2185 2621 2515 2694 perditione
2572 2637 2910 2693 porcorum,
2967 2637 3037 2678 ac
3096 2622 3276 2680 etiam
3340 2620 3543 2687 territi,

173 2731 268 2776 τις,
345 2714 414 2770 ὡς
460 2709 491 2760 6
557 2711 770 2768 Λουκᾶς
845 2703 998 2757 εἶπεν·
1070 2701 1424 2757 ἐδεδοίκεισαν
1478 2708 1601 2779 γὰρ,
1657 2711 1783 2777 μήτι

1897 2714 1957 2766 ut
1980 2709 2127 2766 dixit
2149 2709 2387 2767 Lucas"
2421 2726 2435 2776 ;
2459 2709 2751 2766 timebant
2769 2710 2932 2767 enim
2956 2726 3029 2767 ne
3056 2710 3199 2767 mali
3230 2710 3544 2785 quidpiam

178 2804 325 2851 ιιαὸν
424 2802 522 2849 καὶ
610 2794 679 2855 εἰς
756 2794 940 2854 αὐτοὺς
996 2794 1043 2845 οἱ
1121 2790 1365 2866 δαίμονες
1463 2792 1784 2855 ἐκϐληθέντες

1897 2798 2059 2870 ejecti
2124 2798 2432 2855 daemones
2500 2797 2680 2854 etiam
2756 2798 2817 2854 in
2887 2799 3051 2872 ipsos
3121 2802 3544 2872 perpetrarent.

188 2885 464 2959 δράσουσιν.
502 2884 567 2936 Ὀ
610 2879 670 2935 δὲ
734 2886 963 2955 Χριστὸς
1013 2882 1166 2943 εὐθὺς
1220 2884 1533 2940 ὑπήκουσεν.
1569 2882 1643 2934 Οὐ
1681 2885 1783 2957 γὰρ

1902 2887 2159 2944 Christus
2197 2892 2396 2943 autem
2434 2887 2632 2943 statim
2673 2887 2865 2960 paruit
2902 2905 2916 2955 ;
2957 2902 3153 2961 neque
3192 2887 3352 2943 enim
3383 2885 3549 2956 digni

198 2973 323 3033 ἦσαν
370 2976 502 3036 ἄξιοι
565 2979 660 3031 τῆς
716 2970 876 3023 αὐτοῦ
951 2966 1323 3033 διδασκαλίας.
1400 2969 1543 3042 Ἀμα
1590 2966 1649 3024 δι
1694 2977 1784 3023 καὶ

1901 2978 2061 3032 erant
2121 2975 2388 3030 doctrina
2452 2975 2659 3046 ipsius.
2729 2976 3090 3048 Quanquam
3150 2980 3548 3048 praeceptores

208 3063 443 3115 κατίλιπεν
508 3061 692 3120 αὐτοῖς
777 3055 1135 3120 διδασκάλους
1212 3062 1334 3119 τοὺς
1405 3057 1785 3131 ἀπαλλαγέντας

1901 3078 2133 3136 quoque
2154 3064 2237 3118 eis
2261 3063 2518 3135 reliquit,
2539 3063 2670 3118 illos
2691 3062 2961 3119 videlicet
2980 3063 3085 3137 qui
3114 3078 3150 3119 a
3175 3062 3548 3121 daemonibus

205 3160 289 3203 τῶν
312 3149 570 3224 δαιμόνων
601 3152 694 3201 καὶ
723 3151 845 3210 τοὺς
877 3147 1110 3207 συϐωτας
1136 3149 1272 3217 (84).
1818 3188 1852 3246 C

1818 3188 1858 3246 Ο
1894 3151 2114 3209 liberati
2142 3149 2395 3215 fuerant,
2423 3156 2477 3206 et
2507 3152 2604 3222 qui
2635 3167 2855 3222 porcos
2886 3157 3201 3224 paverant.

253 3247 345 3295 καὶ
398 3272 470 3281 -
521 3239 592 3299 εἰς
645 3242 739 3295 τὴν
800 3233 940 3288 ἰδίαν
991 3236 1156 3290 πόλιν.
1226 3234 1391 3290 Ἰδίαν
1438 3235 1586 3289 πόλιν
1626 3237 1784 3290 αὐτοῦ
1821 3233 1858 3246 ν

1965 3239 2127 3297 CAP.
2173 3241 2269 3295 IX.
2320 3256 2377 3295 v.
2414 3241 2465 3293 1.
2493 3239 2568 3294 Et
2604 3271 2669 3280 -
2704 3240 2767 3295 in
2804 3241 3096 3296 civitatem
3127 3256 3314 3295 suam.
3346 3240 3548 3295 Civita-

184 3336 265 3389 τήν
321 3331 689 3402 Καπερναουμ
764 3325 921 3396 λέγει.
987 3330 1086 3378 Καὶ
1157 3327 1258 3398 γὰρ
1324 3328 1353 3383 ἠ
1411 3328 1501 3398 μὲν
1560 3327 1786 3399 Βηθλεὲμ

1904 3333 2015 3384 tem
2055 3343 2225 3382 suam
2268 3326 2410 3381 dicit
2453 3327 2849 3397 Capernaum.
2902 3327 3209 3399 Siquidem
3256 3327 3551 3383 Bethleem

188 3423 375 3494 ᾖσι-μεν
406 3417 591 3470 mito»-
625 3418 656 3475 ἠ
714 3410 774 3467 δὲ
826 3417 1065 3487 Ναζαρὶτ
1116 3412 1350 3487 ἔθρεψεν
1390 3415 1419 3472 ἠ
1479 3410 1537 3467 δε
1578 3421 1785 3487 Rump-

1904 3417 2090 3487 ipsum
2124 3414 2365 3486 protulit
2394 3435 2405 3478 ;
2442 3415 2720 3470 Nazareth
2742 3415 2941 3486 ipsum
2975 3414 3255 3471 enutrivit
3284 3431 3299 3481 ;
3342 3416 3551 3484 Caper~

183 3513 336 3581 ναοὺμ
361 3514 513 3583 εῖχεν
547 3504 621 3565 εἰς
654 3506 711 3556 τὸ
741 3502 855 3566 ἑξῆς
889 3501 1146 3555 οἰκοῦντα.

1894 3521 2080 3562 naum
2113 3503 2394 3575 deinceps
2426 3502 2683 3558 incolam
2715 3502 2945 3560 habuit.

498 3599 655 3651 K39.
696 3592 793 3645 II".
829 3597 951 3666 Περὶ
976 3598 1068 3644 τοῦ
1097 3591 1465 3665 παραλυτικοῦ.

2316 3592 2470 3647 CAP.
2504 3592 2635 3647 Xlll.
2677 3594 2762 3649 De
2790 3593 3133 3663 ραι-αἰειιὶεο

246 3691 351 3740 Καὶ
409 3681 535 3736 ἰδοὺ
582 3713 653 3724 —-
726 3679 1065 3757 βεϐλημένον,
1152 3684 1221 3733 Τὸ
1286 3676 1402 3733 ἰδοὺ
1471 3688 1703 3752 συνεχῶς
1754 3684 1783 3740 ἡ

1967 3683 2132 3739 Vers.
2180 3686 2238 3737 2.
2293 3680 2373 3736 Et
2421 3696 2545 3738 ecce
2596 3712 2661 3725 -
2709 3682 3163 3738 decumbentem.
3204 3680 3548 3749 Dictionem,

178 3774 380 3850 Ἐϐραῖς
439 3774 632 3829 τίθησι
701 3774 897 3845 γραφὴ,
977 3773 1041 3830 ὡς
1125 3765 1340 3841 ἰδίωμα,
1417 3771 1647 3842 καθάπερ
1700 3774 1788 3821 καὶ

1909 3783 2037 3825 ecce.
2096 3766 2401 3838 Scriptura
2468 3764 2757 3823 Hebraica
2795 3765 3135 3839 frequenter
3182 3766 3365 3839 ponit,
3428 3769 3556 3822 tan-

176 3864 344 3917 πολλὰ
397 3864 573 3933 ἔτερα.
656 3864 920 3932 Προσήκει
988 3854 1047 3911 δι
1097 3857 1273 3925 εἰπεῖν,
1332 3859 1412 3909 ὅτι
1625 3860 1789 3932 ἕτερός

1910 3872 2083 3931 quam
2127 3855 2341 3925 linguae
2377 3853 2623 3921 idioma,
2673 3855 2821 3911 sicut
2853 3860 2909 3911 et
2948 3855 3062 3912 alia
3099 3855 3310 3912 multa.
3350 3854 3557 3911 Dicen-

174 3950 322 4004 ἐστιν
378 3952 406 4003 6
463 3947 818 4021 παραλυτικὸς
872 3947 1022 4009 οὗτος
1072 3949 1216 4019 παρα
1266 3949 1353 3998 τὸν
1400 3947 1501 3998 ὑπὸ
1553 3947 1788 4000 Ἰωάννου

1908 3946 2046 4001 dum
2073 3949 2156 4000 est
2178 3949 2372 4000 autem
2401 3942 2578 3999 alium
2605 3959 2732 3999 esse
2758 3944 2917 4000 hunc
2949 3943 3345 4016 paralyticum
3378 3944 3452 4001 ab
3483 3960 3555 4001 eo

172 4043 653 4113 μνημονευόμενον.
736 4035 957 4098 Ἐκεῖνος
1023 4038 1115 4109 μιν
1174 4037 1273 4111 γὰρ
1327 4033 1376 4087 ἓν
1429 4043 1490 4107 τῇ
1549 4031 1794 4093 Βηθεσδά

1911 4035 2071 4108 cujus
2111 4033 2380 4089 meminit
2420 4033 2752 4089 Joannes“.
2795 4035 2943 4089 Nam
2997 4033 3092 4089 ille
3138 4032 3217 4089 ad
3262 4033 3558 4091 Bethesda

174 4134 478 4182 κατέκειτοο
565 4126 712 4187 οὗτος
773 4121 832 4178 δε
902 4123 953 4176 ἓν
1017 4132 1079 4197 τῇ
1142 4127 1485 4199 Καπιρναοὺμ
1535 4120 1618 4182 ἦν.
1693 4129 1792 4177 Καὶ

1907 4123 2319 4191 decumhebat,
2344 4121 2437 4177 hic
2464 4127 2661 4177 autem
2689 4122 3084 4194 Capernaum,
3109 4127 3166 4177 et
3194 4121 3289 4178 ille
3307 4122 3554 4194 quidem

175 4221 201 4271 6
253 4217 358 4291 μέν
425 4216 710 4288 τριάκοντα
749 4218 838 4266 καὶ
899 4212 1032 4266 ὀκτὼ
1089 4210 1229 4285 εἶχεν
1290 4214 1402 4272 ἔτηο
1444 4217 1561 4286 περὶ
1607 4215 1792 4265 τούτου

1908 4212 2140 4281 triginta
2171 4218 2225 4266 et
2260 4214 2396 4266 octo
2437 4226 2629 4267 annos
2670 4211 2881 4267 morbo
2926 4210 3236 4266 tenebatur
3276 4227 3291 4277 ;
3324 4210 3398 4265 de
3443 4210 3555 4267 hoc

177 4304 237 4361 δί
289 4302 453 4359 οὐδὲν
504 4310 735 4357 τοιοῦτον
814 4305 1108 4374 ἱστόρηται.
1167 4305 1268 4354 Καὶ
1313 4302 1338 4353 6
1387 4299 1479 4373 μίν
1513 4300 1604 4355 οὐκ
1655 4299 1793 4373 εἶχεν

1909 4315 2039 4356 vero
2091 4298 2235 4354 nihil
2292 4298 2406 4353 tale
2451 4299 2734 4370 scriptum
2785 4303 2892 4354 est.
2940 4298 3228 4353 Praeterea
3283 4297 3380 4352 ille
3433 4312 3556 4353 non

176 4398 493 4467 ἅνθρωπον·
579 4391 730 4452 οὗτος
794 4387 853 4444 δέ
925 4387 1037 4463 εἶχε
1092 4392 1212 4452 τοὺς
1260 4387 1643 4461 βαστάζοντας.
1696 4393 1795 4442 Καὶ

1907 4386 2159 4443 habebat
2206 4385 2527 4449 hominem,
2572 4386 2666 4441 hic
2712 4390 2909 4441 autem
2952 4384 3191 4456 bajulos
3245 4382 3504 4439 habebat
3541 4399 3554 4450 ;

176 4488 360 4555 τούτῳ
426 4484 521 4553 μέν
604 4497 781 4553 φησιν·
876 4480 1153 4551 ’Δφέωνταί
1234 4496 1317 4530 σοι
1398 4480 1453 4529 αἱ
1541 4477 1796 4552 ἁμαρτίαι

1905 4475 2040 4531 huic
2067 4490 2303 4546 quoque
2349 4474 2432 4529 ait
2476 4492 2489 4532 :
2535 4474 2790 4530 Remissa
2834 4480 2969 4530 sunt
3011 4473 3117 4529 tibi
3140 4478 3377 4542 peccata
3409 4476 3551 4537 tua;

181 4591 304 4627 σουο
404 4573 581 4642 ἑκείνῳ
665 4565 744 4636 δὲ,
833 4568 1005 4628 Θέλεις
1070 4568 1226 4639 ὑγιὴς
1310 4569 1611 4637 γενέσθαις
1696 4572 1798 4620 Καὶ

1909 4564 1984 4619 illi
2014 4579 2153 4619 vero
2185 4580 2201 4617 :
2245 4562 2336 4618 Vis
2364 4577 2543 4618 sanus
2572 4562 2755 4631 fieri"
2794 4561 2911 4618 ?Ad
2938 4562 3066 4616 haec
3095 4561 3259 4616 illum
3294 4558 3556 4616 Sabbato

180 4667 271 4716 τὸν
322 4662 422 4735 μὲν
481 4658 530 4710 ἓν
592 4656 837 4729 Σαϐϐάτῳ
894 4657 1251 4728 τιθεράπευκε,
1312 4651 1398 4707 διὸ
1439 4658 1528 4707 καὶ
1581 4654 1798 4727 ἐγόγγυ-

1909 4652 2152 4722 curavit,
2193 4650 2355 4706 unde
2398 4650 2575 4705 etiam
2624 4650 3089 4706 murmurabant
3121 4649 3305 4705 Judaei
3341 4664 3355 4716 ;
3395 4648 3556 4704 hunc

186 4753 274 4813 ζον
336 4744 615 4803 Ἰουδαῖοι*
673 4753 853 4801 τοῦτον
926 4741 984 4798 δέ
1027 4745 1140 4798 κατ’
1196 4743 1354 4803 ἄλλην
1427 4746 1645 4819 ἡμέραν,
1710 4740 1796 4797 διὸ

1427 4746 1645 4819 ἡμέραν,
1710 4740 1796 4797 διὸ
1909 4747 2107 4801 autem
2135 4741 2251 4797 alio
2278 4740 2392 4807 die,
2425 4738 2679 4812 ideoque
2709 4742 3037 4795 tacuerunt.

187 4846 279 4894 καὶ
308 4838 599 4911 ἐσίγησαν.

263 4966 312 5001 ⁸⁸
344 4963 526 5020 Marc.
558 4976 615 5032 ν,
650 4961 731 5017 13.
836 4961 880 4995 ⁸⁷
914 4958 1053 5014 Luc.
1086 4974 1206 5025 vui,
1230 4958 1318 5014 35.
1398 4958 1445 4994 ⁸⁸
1474 4958 1645 5014 Joan.
1685 4973 1735 5024 ν,
1766 4957 1818 5013 5.
1899 4959 1910 4992 ⁴

558 4976 615 5032 v,
650 4961 731 5017 l3.
836 4961 880 4995 ⁸⁷
914 4958 1053 5014 Luc.
1086 4974 1206 5025 vui,
1230 4958 1318 5014 35.
1398 4958 1445 4994 ⁸⁸
1474 4958 1645 5014 Joan.
1685 4973 1735 5024 ν,
1766 4957 1818 5013 5.
1899 4958 1944 4992 ⁸³
1973 4954 2119 5010 ibid.
2148 4959 2199 5010 6.

1398 5108 1623 5178 Variae
1654 5107 1981 5176 lectiones
2014 5115 2080 5173 et
2109 5114 2312 5174 notas.

295 5258 383 5316 82l
420 5256 663 5314 Inclusa
690 5254 909 5312 omittit
930 5258 998 5310 A.
1911 5248 2278 5305 doctoribus.

295 5264 359 5316 82
420 5258 663 5314 Inclusa
690 5258 909 5312 omittit
930 5258 998 5310 A.
1911 5271 1919 5303 ‹

272 5258 383 5404 €83;
424 5330 530 5404 Hi9
576 5327 766 5404 addit,
817 5324 1187 5404 zai‘r616r6;
1236 5322 1320 5404 ἕξεί
1375 5325 1470 5382 τὴν
1528 5321 1694 5385 πόλιν,
1736 5326 1801 5378 Α.

1913 5258 2278 5305 doctoribus.

1984 5320 2104 5404 (ἔῃ
2142 5319 2225 5404 Pe
2273 5315 2793 5404 eodem‘disputat
2848 5320 3145 5394 Chrysost.
3215 5322 3366 5377 tom.
3414 5318 3560 5393 VIII,

212 5408 248 5456 Δ
272 5389 417 5456 ἱεᾶᾶα
435 5400 517 5457 ad
544 5389 760 5454 πολῖται
786 5398 1003 5453 omittit
1031 5395 1353 5452 Hentenius
1736 5463 1739 5464 ν

930 5398 1003 5452 .tit
1031 5395 1353 5452 Hentenius
1736 5463 1739 5464 ν
1912 5406 1973 5464 p.
1996 5389 2108 5448 ’342
2140 5392 2217 5458 Β;
2250 5405 2310 5463 p.
2339 5394 2434 5447 211
2471 5389 2577 5448 ﬁn.

273 5474 384 5549 (84)
422 5473 521 5530 His
572 5473 736 5528 enim
791 5468 966 5525 novis
1016 5467 1185 5539 digni
1239 5469 1410 5524 erant
1486 5463 1802 5537 theologia:

276 5634 399 5717 (im)
431 5631 654 5709 ριιιἸιιιε
683 5643 973 5690 sermone.
1012 5628 1088 5689 lis
1116 5626 1402 5687 nimirum
1424 5624 1529 5705 qui
1552 5624 1781 5685 ratione
1810 5621 2210 5703 corriguntur.
