4170 6470
631 377 735 434 303
1937 378 2281 437 EUTHYMII
2332 379 2686 438 ZAGABENI
3890 378 4000 440 304

700 501 861 557 Vers.
916 503 968 555 2.
1041 499 1294 557 Intuitus
1361 533 1430 542 —
1473 507 1710 571 peccata
1754 509 1880 560 tua.
1923 504 2079 561 Sicut
2120 505 2280 562 enim
2311 506 2347 560 Α

2349 544 2358 560 ι
2465 511 2565 560 Καὶ
2598 503 2724 558 ἰδὼν
2773 538 2841 546 -
2877 508 2930 558 αἱ
2961 506 3214 580 ἁμαρτίαι
3267 526 3383 563 σου.
3433 506 3522 568 Ὦς
3566 508 3668 579 γὰρ
3713 507 3738 558 ὁ
3788 505 3996 581 Μάρκος

628 589 835 646 dicunt
872 591 1100 645 Marcus
1144 593 1200 646 et
1237 590 1500 662 Lucas“,
1546 609 1678 648 cum
1721 593 1950 664 ingredi
1985 609 2107 650 non
2145 609 2275 664 pos-

2390 599 2480 646 καὶ
2532 596 2557 646 6
2603 601 2810 658 Λουκᾶς
2861 593 3022 659 εἶπον,
3093 601 3165 668 μὴ
3227 593 3503 667 δυνάμενοι
3569 595 3832 667 εἰσελθεῖν,
3900 593 3998 650 διὰ

629 681 780 749 sent,
812 682 1052 750 propter
1101 693 1308 736 eorum
1341 679 1785 737 multitudinem
1817 680 1916 754 qui
1941 680 2276 752 congregati

2389 685 2448 733 τό
2505 683 2700 745 πλῆθος
2756 692 2854 735 τῶν
2905 683 3262 755 συλλεγέντων,
3323 683 3538 742 ἀνῆλθον
3591 681 3674 736 ἐπὶ
3731 689 3825 742 τὴν
3878 690 3995 738 στέ-

627 771 816 833 erant,
847 767 1251 823 ascenderunt
1287 767 1349 823 in
1381 772 1601 824 tectum
1631 768 1850 824 domus
1880 769 1939 824 in
1967 786 2087 841 qua
2111 770 2274 825 doce-

2389 791 2484 842 γην
2541 780 2631 831 τῆς
2700 772 2884 835 οἰκίας,
2939 775 2987 824 ἐν
3153 769 3432 825 ἐδίδασκεν
3509 774 3534 824 6
3595 773 3822 840 Ἰησοῦς,
3899 779 3993 827 καὶ

623 856 730 913 bat
781 858 950 912 Jesus
1008 873 1022 911 :
1088 871 1280 930 eoque
1336 856 1629 930 perfosso,
1689 873 1795 930 per
1845 859 2043 930 ipsum
2096 858 2270 914 demi-

2390 859 2723 934 ἀνορύξαντες
2773 861 2955 927 αὐτὴν,
3013 861 3278 933 ἔχάλασαν
3335 858 3407 913 δι’
3471 861 3626 921 αὐτῆς
3677 865 3762 914 τόν
3819 863 3991 937 κράϐ-

626 949 831 1001 serunt
864 944 1185 1015 grabatum
1219 946 1279 1001 in
1307 961 1428 1018 quo
1454 946 1687 1016 jacebat
1719 947 2101 1018 paralyticus.
2140 949 2273 1012 Quae

2391 947 2564 1017 ϐατον,
2647 948 2722 1019 ἐφ’
2918 955 3180 1002 κατέκειτο
3261 952 3286 1001 6
3350 949 3641 1023 παράλυτος
3719 950 3754 1001 οὶ
3820 954 3994 1004 πάντα

627 1033 836 1090 omnia
883 1049 1116 1106 magna:
1153 1033 1293 1090 ﬁdei
1327 1041 1496 1090 erant
1539 1052 1552 1089 :
1594 1035 1720 1090 haec
1760 1051 2023 1107 namque
2051 1035 2162 1091 illis
2204 1051 2274 1090 ne

2387 1037 2618 1108 μεγάλης
2664 1041 2886 1098 πίστεως
2959 1035 3113 1102 ἦσαν,
3171 1041 3282 1098 ἣτίς
3370 1040 3567 1090 ἔπεισεν
3642 1038 3850 1103 αὐτούς,
3911 1045 3986 1112 μὴ

628 1122 1020 1193 desperarent,
1039 1123 1353 1196 persuasit,
1391 1127 1572 1196 utque
1604 1124 1805 1180 omnia
1835 1128 1890 1180 et
1919 1123 2195 1188 facerent,
2224 1129 2275 1180 et

2389 1125 2703 1197 ἀπογνῶναι,
2756 1123 2887 1198 μηδ’
2954 1126 3302 1200 ὑποστρέψαι,
3367 1125 3492 1178 ἀλλά
3543 1128 3712 1179 πάντα
3764 1136 3993 1186 ποιῆσαι

627 1214 988 1284 paterentur,
1019 1227 1140 1283 quo
1179 1209 1376 1282 ipsum
1407 1212 1750 1283 conspectui
1783 1211 2102 1268 Salvatoris
2134 1227 2274 1284 prae-

2387 1218 2476 1265 καὶ
2533 1216 2732 1280 παθεῖν,
2788 1215 2913 1287 ύπερ
2979 1221 3069 1266 τοῦ
3131 1213 3341 1286 ἀγαγεῖν
3394 1215 3550 1266 αὐτὸν
3604 1215 3676 1277 εἰς
3724 1215 3842 1286 ὄψιν
3896 1225 3991 1270 τοῦ

627 1303 942 1364 sentarent,
987 1298 1296 1355 credentes
1335 1299 1620 1356 continuo
1658 1299 1826 1355 illum
1866 1305 2274 1356 assecuturum

2389 1309 2641 1376 Σωτῆρος,
2720 1305 3082 1369 πιστεύοντας,
3161 1305 3239 1355 ὅτι
3305 1302 3496 1356 αὐτίκα
3585 1304 3818 1366 τεύξεται
3891 1313 3992 1368 τῆς

627 1401 760 1444 esse
798 1387 1132 1444 sanitatem.
1175 1387 1398 1454 Fidem,
1429 1387 1642 1460 inquit,
1684 1403 1891 1444 eorum
1928 1403 2048 1444 non
2081 1388 2274 1445 solum

2391 1391 2598 1451 ἰάσεως.
2675 1395 2860 1443 Πίστιν
2926 1388 2986 1444 δε
3055 1391 3223 1443 αὐτῶν
3304 1411 3482 1463 φησιν,
3545 1391 3604 1444 ού
3661 1396 3812 1464 μόνον
3887 1402 3993 1446 τῶν

627 1474 1084 1541 demittentium,
1112 1474 1218 1531 sed
1246 1475 1375 1546 ejus
1405 1491 1648 1548 quoque
1677 1475 1782 1548 qui
1813 1475 2111 1532 demissus
2133 1482 2274 1533 erat.

2387 1479 2754 1552 χαλασάντων,
2814 1478 2942 1532 ἀλλά
2989 1485 3075 1532 καὶ
3129 1487 3222 1532 τοῦ
3273 1479 3645 1550 χαλασθέντος’
3697 1481 3756 1533 ού
3799 1485 3898 1555 γὰρ
3927 1481 3993 1534 ἂν

629 1567 830 1636 Neque
869 1564 1028 1620 enim
1063 1579 1125 1620 se
1163 1563 1392 1621 demitti
1439 1565 1842 1629 sustinuisset,
1873 1565 1985 1621 nisi
2027 1565 2276 1622 salutem

2388 1569 2641 1640 ἠνέσχετο
2699 1567 3056 1639 χαλασθῆναι,
3144 1568 3187 1620 εἰ
3265 1573 3336 1639 μὴ
3416 1570 3626 1626 ιαθῆναι
3701 1568 3989 1624 ἐπίστευεν.

629 1654 919 1727 consequi
960 1658 1280 1726 sperasset.
1322 1653 1572 1710 Intuitus
1615 1659 1814 1710 autem
1853 1656 2019 1709 Jesus
2051 1659 2276 1712 tantam

2389 1655 2537 1710 Ἰδὼν
2623 1653 2683 1710 δε
2773 1658 2798 1708 ὁ
2890 1659 3125 1732 Χριστός
3225 1662 3318 1714 τὴν
3392 1656 3712 1716 τηλικαύτην
3806 1664 3993 1711 πίστιν

626 1743 867 1800 illorum
912 1743 1116 1810 ﬁdem,
1154 1743 1396 1816 primun
1431 1743 1676 1816 quidem
1719 1743 2004 1815 languido
2033 1751 2273 1816 peccata

2389 1745 2577 1811 αὐτῶν,
2688 1753 2893 1820 πρῶτον
2965 1747 3056 1818 μεν
3152 1746 3341 1816 ἀφίησι
3414 1755 3486 1815 τῷ
3561 1755 3798 1799 νοσοῦντι
3898 1752 3991 1810 τάς

626 1833 881 1903 remittit,
919 1833 1135 1889 deinde
1171 1848 1308 1890 vero
1338 1849 1557 1905 corpus
1589 1838 1766 1889 sanat
1799 1850 1810 1887 :
1848 1832 2026 1888 simul
2056 1833 2273 1888 docens

2338 1855 2352 1906 ι
2389 1834 2643 1908 ἁμαρτίας
2685 1833 2870 1885 αὐτοῦ·
2919 1836 3049 1906 μετά
3092 1841 3242 1886 τοῦτο
3301 1831 3360 1886 δὲ
3401 1837 3667 1907 θεραπεύει
3721 1840 3778 1888 τὸ
3813 1845 3985 1908 σῶμα⁸

628 1921 920 1994 plurimos
950 1921 1196 1978 morbos
1223 1938 1254 1977 e
1283 1921 1540 1994 peccatis
1566 1915 1788 1987 oriri,et
1819 1921 1986 1994 prius
2013 1928 2275 1994 oportere

2388 1923 2499 1994 οἶμα
2549 1925 2638 1994 μεν
2669 1918 2964 1989 διδάσκων,
3011 1925 3091 1974 ὃτι
3129 1925 3194 1974 τά
3242 1922 3404 1974 πολλά
3448 1932 3546 1974 τῶν
3587 1928 3895 1996 νοσημάτων
3931 1925 3985 1987 ἐξ

633 2026 878 2066 causam
921 2026 1154 2080 curare,
1200 2011 1358 2066 unde
1402 2010 1582 2067 etiam
1634 2011 1981 2083 paralytico,
2039 2012 2112 2066 de
2154 2026 2276 2083 quo

2389 2011 2652 2086 ἁμαρτιῶν
2705 2013 2937 2082 φύονται,
3017 2015 3105 2062 καὶ
3187 2016 3297 2085 χρὴ
3381 2020 3583 2086 πρῶτον
3669 2013 3876 2072 ἰαθῆναι
3929 2017 3988 2066 τὸ

632 2098 832 2156 scribit
867 2101 1146 2166 Joannes,
1188 2099 1336 2155 dixit
1384 2115 1402 2157 :
1433 2100 1585 2156 Ecce
1621 2115 1796 2155 sanus
1819 2101 2018 2170 factus
2047 2116 2124 2166 es,
2157 2115 2277 2155 non

2389 2103 2571 2151 αἴτιον·
2623 2104 2712 2152 καὶ
2764 2101 2866 2173 γὰρ
2923 2103 3052 2173 πρὸς
3107 2103 3194 2151 τόν
3249 2103 3391 2172 παρά
3434 2101 3506 2170 τῷ
3567 2102 3772 2174 Ἰωάννη
3823 2122 3989 2175 παρα-

635 2202 841 2258 pecces
885 2189 1178 2259 deinceps,
1209 2205 1279 2245 ne
1301 2189 1446 2260 quid
1470 2188 1724 2244 deterius
1752 2188 1853 2244 tibi
1879 2191 2174 2260 contingat
2206 2190 2275 2256 τί,

2387 2188 2594 2240 λυτικόν
2697 2191 2915 2262 εἴρηκεν
3020 2185 3131 2240 Ἴδε
3233 2189 3387 2259 ὑγιὴς
3487 2193 3722 2260 γέγονας,
3800 2195 3991 2263 μηκέτι

630 2277 810 2334 simul
833 2293 1076 2351 quoque
1107 2279 1296 2334 Deum
1324 2293 1388 2333 se
1415 2293 1543 2333 esse
1573 2277 1914 2336 ostendens.
1946 2281 2277 2349 Corporeas

2389 2276 2670 2350 ἁμάρτανε,
2728 2279 2812 2327 ἶνα
2867 2280 2937 2348 μὴ
2989 2281 3169 2350 χεῖρόν
3233 2280 3283 2328 τί
3325 2295 3410 2328 σοι
3473 2277 3704 2348 γένηται·
3760 2279 3870 2350 οἶμα
3928 2276 3991 2332 δε

629 2364 927 2438 siquidem
989 2382 1197 2423 curare
1257 2365 1629 2421 inﬁrmitates
1689 2365 1865 2422 etiam
1933 2371 2276 2422 sanctorum

2390 2361 2656 2429 δεικνύων,
2716 2366 2796 2416 ὅτι
2829 2369 2954 2424 Θεός
3007 2365 3135 2419 ἐστι,
3184 2369 3253 2417 Τὸ
3297 2369 3386 2436 μὲν
3439 2368 3539 2440 γὰρ
3594 2366 3768 2418 ἰᾶσθαι
3804 2385 3987 2437 σωμα-

625 2457 713 2509 est
744 2469 758 2519 ;
788 2457 1036 2526 peccata
1059 2469 1198 2510 vero
1223 2453 1537 2518 remittere,
1565 2453 1750 2510 solius
1776 2454 1902 2511 Dei.
1931 2455 2067 2512 ideo
2097 2454 2272 2510 etiam

2386 2456 2536 2515 τικάς
2586 2457 2767 2513 νόσους
2835 2456 3070 2504 καὶτῶν
3150 2453 3310 2524 ἁγίων
3387 2451 3466 2511 ἧν·
3522 2457 3578 2505 τό
3656 2450 3714 2504 δι
3777 2451 3981 2523 ἀφιέναι

627 2542 836 2600 Scriba:
866 2542 1260 2600 turtabantur.

2388 2542 2664 2616 ἁμαρτίας,
2714 2546 2872 2613 μόνου
2937 2547 3090 2594 Θεοῦ·
3141 2537 3228 2593 διὸ
3274 2541 3362 2593 καὶ
3417 2543 3464 2594 οἱ
3512 2546 3839 2616 Γραμματείς
3866 2538 3982 2593 ἐθο-

2386 2629 2518 2704 ρυϐή
2529 2631 2712 2687 θησαν.

696 2721 866 2776 Vers.
894 2720 947 2776 3.
969 2720 1128 2776 Et—
1144 2719 1516 2790 blasphemat.
1538 2719 1773 2776 Marcus
1796 2721 2172 2778 manifestius
2193 2721 2278 2777 di-

2461 2723 2561 2773 Καὶ
2617 2751 2684 2759 -
2741 2716 3060 2791 βλασφημεῖ.
3129 2716 3188 2771 Ὀ
3233 2713 3290 2770 δέ
3358 2720 3573 2791 Μάρκος
3639 2723 3983 2791 φανερώτερον

623 2807 736 2864 xit:
753 2809 942 2864 Erant
953 2809 1185 2880 quidam
1207 2809 1556 2866 Scribarum
1583 2809 1666 2865 ibi
1677 2810 1932 2866 sedentes
1949 2817 2002 2866 et
2016 2811 2270 2881 cogitan-

2389 2805 2542 2873 εἶπεν,
2597 2808 2678 2859 ὃτι
2733 2811 2822 2858 καὶ
2905 2807 3048 2858 Ησάν
3095 2825 3230 2868 τινες
3299 2813 3399 2858 τῶν
3461 2811 3808 2880 Γραμματέων
3885 2806 3990 2858 ἐκεῖ

627 2903 709 2954 tes
720 2897 782 2953 in
793 2896 1064 2953 rordibus
1077 2897 1225 2954 suis:
1241 2899 1390 2964 Quid
1403 2898 1498 2955 hic
1508 2900 1590 2954 ita
1605 2899 1858 2970 loquitur
1871 2897 2274 2970 btasphemias‘i

2388 2899 2684 2969 καθήμενοι,
2761 2899 2848 2946 καὶ
2925 2892 3344 2966 διαλογιζόμενοι
3415 2894 3464 2946 ἐν
3538 2903 3652 2956 ταῖς
3744 2889 3990 2966 καρδίαις

627 2986 735 3054 Qui
754 2992 940 3056 potest
966 2987 1259 3044 remittere
1277 2993 1511 3058 peccata
1528 2992 1748 3056 praeter
1769 3003 1948 3042 unum
1972 2989 2040 3052 τ’,
2062 3003 2274 3060 nempe

2389 2986 2577 3038 αὐτῶν·
2645 2988 2707 3036 Τί
2759 2983 2909 3044 οὗτος
2995 2983 3130 3034 οὕτω
3204 2982 3346 3035 λαλεῖ
3411 2980 3754 3055 βλασφημίας
3807 2999 3821 3049 ;
3897 2986 3990 3043 Τίς

625 3072 810 3130 Deum
825 3074 936 3146 (oo)
948 3075 1448 3133 ?Oﬂendebantur
1459 3083 1658 3131 autem
1674 3090 1796 3146 pra:
1808 3075 2025 3132 invidia
2041 3084 2096 3132 et
2110 3078 2272 3132 mali-

2389 3072 2611 3128 δύναται
2693 3071 2893 3144 ἀφιέναι
2972 3071 3250 3144 ἁμαρτίας,
3328 3071 3370 3123 εἰ
3438 3076 3509 3142 μὴ
3582 3072 3648 3132 εἷς
3709 3073 3736 3122 6
3785 3074 3912 3132 Οεός
3974 3087 3990 3137 ;

623 3163 724 3220 tia.
739 3165 886 3220 Nam
901 3163 1238 3238 frequenter
1251 3182 1390 3222 eum
1405 3164 1673 3220 viderant
1689 3165 1868 3220 etiam
1883 3181 2008 3220 cum
2027 3169 2270 3222 auctori-

2344 3158 2853 3221 ιἘσκανδαλίςοντο
2912 3157 2969 3213 δὲ
3025 3162 3124 3212 ὑπὸ
3179 3162 3363 3232 φθόνου
3420 3163 3511 3211 καὶ
3559 3165 3836 3234 πονηρίας.
3886 3162 3991 3212 Καὶ

2344 3235 2347 3255 Ι
2433 3254 2441 3258 ,
2597 3249 2676 3258 ..ι
2862 3249 2874 3258 ι
2923 3253 2931 3258 .
3046 3246 3102 3258 ι..
3223 3248 3268 3258 ι..
3567 3257 3574 3258 ,
3737 3254 3745 3258 -
3843 3253 3851 3258 .

620 3257 737 3310 tate
770 3254 1012 3312 morbos
1033 3255 1366 3326 Ingentem,
1394 3254 1702 3310 daemones
1735 3255 2067 3326 ejcientem,
2103 3263 2267 3314 vento

2346 3246 2347 3253 “
2385 3254 2486 3323 γὰρ
2529 3249 2770 3310 πολλάκις
2813 3249 2968 3301 αὐτόν
3021 3246 3159 3302 εἶδον
3215 3248 3623 3311 ἐξουσιαστικῶς
3665 3254 3754 3300 καὶ
3801 3253 3993 3310 νόσους

619 3343 890 3416 marique
908 3343 1322 3416 imperantem,
1342 3348 1397 3400 et
1414 3343 1536 3399 haec
1555 3343 1755 3400 omnia
1773 3344 1952 3401 modo
1975 3346 2266 3402 humanas

2387 3335 2766 3411 φυγαδεύοντα,
2821 3342 2908 3390 καὶ
2991 3334 3241 3410 δαίμονας
3316 3336 3683 3406 ἀπελαύνοντα,
3741 3341 3828 3388 καὶ
3880 3334 3992 3388 ἁνε-

616 3431 774 3488 vires
804 3438 1149 3504 superantes
1175 3433 1543 3488 factitantem
1576 3449 1592 3487 :
1621 3432 1726 3488 sed
1751 3432 1810 3488 hi
1834 3437 2110 3506 proprias
2132 3434 2263 3490 ulci-

2384 3448 2502 3501 μοις
2553 3432 2642 3480 καὶ
2710 3427 2948 3498 θαλάσση
3017 3425 3352 3498 ἐπιτιμῶντα,
3430 3431 3518 3478 καὶ
3587 3428 3758 3478 πάντα
3819 3432 3991 3477 ταῦτα

621 3526 852 3578 scentes
895 3519 1262 3586 affectiones,
1311 3521 1411 3576 Dei
1461 3520 1813 3579 videbantur
1854 3523 2140 3594 injuriam
2195 3522 2268 3578 ul-

2387 3514 2828 3591 διιαπραττόμενον
2878 3516 3003 3590 ὑπερ
3053 3516 3340 3590 ἄνθρωπον·
3402 3513 3507 3566 ἀλλ’
3559 3515 3705 3567 αὐτοὶ
3757 3516 3823 3566 τὰ
3870 3509 3990 3566 ἴδια

619 3609 782 3666 cisci.
2383 3607 2525 3663 πάθη
2554 3601 2897 3671 ἐκδικοῦντες,
2930 3601 3144 3656 ἐδόκουν
3169 3607 3256 3656 τὸν
3297 3608 3424 3656 Θεὸν
3455 3600 3697 3656 ἐκδικεῖν.

694 3697 858 3752 Vers.
885 3697 936 3753 4.
973 3699 1214 3770 Cumque
1261 3698 1496 3755 vidisset
1535 3731 1604 3740 —
1649 3702 1853 3757 vestris
1903 3703 1930 3756 φ
1969 3701 2072 3755 Hic
2114 3698 2278 3755 aliud

2456 3692 2606 3748 Ἰδὼν
2653 3691 2712 3748 δε
2744 3726 2809 3736 -—
2863 3695 3052 3767 ὑμῶν;
3110 3694 3361 3747 Ἐνταῦθα
3411 3699 3500 3746 καὶ
3583 3695 3748 3768 ἕτερον
3825 3690 3982 3742 ἀναν-

621 3801 864 3859 quoque
903 3803 1025 3843 suae
1064 3787 1390 3844 divinitatis
1435 3793 1491 3844 et
1529 3789 1605 3845 ad
1652 3789 1878 3845 Patrem
1919 3787 2268 3860 aequalitatis

2386 3783 2625 3858 τίρρητον
2671 3790 2884 3856 σημεῖον
2933 3790 3027 3845 τῆς
3086 3783 3270 3835 ἑαυτοῦ
3321 3785 3560 3844 θεότητος
3609 3778 3856 3842 δείκνυσι,
3888 3783 3981 3830 καὶ

626 3876 862 3946 signum
900 3876 1179 3941 ostendit,
1232 3878 1326 3933 cui
1375 3878 1698 3934 contradici
1749 3894 1870 3933 non
1917 3878 2128 3948 possit,
2179 3894 2273 3934 co-

2387 3881 2481 3935 τῆς
2528 3879 2650 3945 πρὸς
2706 3876 2791 3924 τόν
2847 3877 3052 3947 Πατέρα
3128 3871 3385 3937 ἰσότητος,
3435 3875 3493 3922 τό
3542 3876 3808 3943 γινώσκειν
3861 3871 3985 3930 τοὺς

625 3965 969 4035 gnoscendo
987 3965 1258 4022 videlicet
1279 3966 1663 4038 cOgitationes
1681 3965 1952 4021 cordium
1983 3966 2272 4038 ipsorum,

2389 3960 2761 4034 διαλογισμοὺς
2813 3969 2911 4012 τῶν
2974 3957 3205 4033 καρδιῶν
3263 3961 3452 4025 αὐτῶν,
3502 3962 3621 4034 ὅπερ
3685 3960 3873 4030 ὁμοίως
3927 3953 3992 4015 ἦν

625 4051 786 4124 quod
818 4053 1082 4110 similiter
1108 4054 1292 4110 solius
1326 4061 1455 4111 erat
1485 4054 1606 4110 Dei.
1640 4054 1935 4125 Scriptum
1968 4059 2055 4110 est
2081 4055 2231 4110 enim
2263 4072 2272 4111 :

2387 4057 2544 4125 μόνου
2597 4059 2753 4104 Θεοῦ.
2799 4050 3128 4126 Γέγρααπται
3171 4052 3292 4122 γάρ·
3341 4053 3406 4102 Σύ
3453 4042 3997 4119 ἐπίστασαικκρδίας

629 4143 712 4198 Τιι
740 4143 889 4198 nosti
913 4144 1089 4199 corda
1113 4144 1268 4200 solus
1293 4145 1554 4200 omnium
1585 4145 1655 4194 ⁷³.
1691 4145 1752 4197 Et
1782 4158 2022 4197 rursum
2055 4161 2066 4198 :
2109 4144 2276 4200 Scru-

2387 4147 2692 4214 μονὼτατος.
2753 4144 2854 4192 Καὶ
2937 4141 3108 4192 πάλιν
3168 4138 3394 4198 Ἐτάζων
3464 4133 3688 4208 καρδίας
3766 4141 3854 4187 καὶ
3920 4154 3996 4188 νε-

627 4237 762 4288 tans
784 4231 956 4288 corda
979 4238 1030 4288 et
1056 4248 1218 4288 renes
1236 4232 1378 4287 Deus
1393 4234 1460 4284 ⁷³.
1487 4230 1552 4285 Et
1579 4231 1752 4286 alibi:
1783 4231 1966 4287 Homo
1986 4232 2198 4288 videbit
2215 4233 2274 4288 in

2388 4235 2544 4303 φροῦς
2599 4231 2625 4280 ό
2685 4233 2834 4289 Θεὸς.
2909 4233 3008 4280 Καὶ
3077 4223 3252 4288 αὖθις.
3320 4225 3623 4301 Ἀνθρωπος
3690 4224 3873 4295 ὄψεται
3922 4223 3992 4286 εἰς

624 4320 862 4392 faciem,
901 4321 1040 4377 Deus
1081 4328 1271 4377 autem
1303 4320 1634 4376 intuebitur
1674 4319 1733 4374 in
1773 4321 1955 4376 corda
2015 4322 2082 4375 ⁷⁸.
2130 4325 2271 4377 Nam

2388 4324 2682 4392 πρόσωπον·
2743 4319 2768 4368 6
2828 4313 2886 4368 δὲ
2939 4319 3059 4376 Οεός
3112 4315 3294 4386 ὄψεται
3377 4315 3443 4375 εἰς
3531 4311 3782 4387 καρδίαν,
3853 4314 3996 4367 Ἐπεὶ

627 4409 771 4482 quia
819 4409 983 4475 illud,
1035 4426 1170 4465 cum
1222 4409 1334 4464 sibi
1383 4409 1673 4464 videretur
1716 4408 2106 4480 impossibile,
2159 4426 2274 4466 non

2387 4408 2488 4479 γάρ
2545 4406 2722 4472 ἐκεῖνο,
2782 4408 2850 4465 ὡς
2923 4407 3070 4476 φανὲν
3123 4404 3234 4474 (86)
3294 4404 3469 4464 αὐτοῖς
3549 4399 3826 4469 ἀδύνατον,
3899 4403 4001 4456 οὐκ

627 4497 1016 4569 recipiebant,
1070 4498 1298 4554 inducit
1349 4497 1463 4553 hoc
1512 4503 1802 4568 tanquam
1853 4498 2274 4564 indubitatum,

2390 4493 2649 4560 ἐδέξαντο,
2691 4493 2870 4564 ἐπάγει
2922 4500 3074 4545 τοῦτο
3127 4492 3328 4553 λοιπόν,
3373 4495 3440 4552 ὡς
3472 4490 3838 4563 ἀναμφίϐολον·
3899 4491 4005 4545 διὰ

2464 4588 2473 4598 ,
2658 4582 2670 4597 ς
2743 4589 2763 4598 ..
2889 4580 2980 4598 ηρ
3053 4590 3071 4598 _
3231 4585 3240 4597 .
3376 4586 3382 4593 .
3629 4582 3638 4594 .
3691 4579 3746 4598 κ,
3921 4582 3941 4594 .

629 4602 736 4659 per
765 4586 878 4643 hoc
905 4587 1170 4658 probans
1196 4586 1374 4642 etiam
1405 4584 1572 4651 illud,
1608 4602 1677 4641 ac
1705 4585 2160 4658 quodammodo
2191 4587 2276 4642 di-

2391 4588 2576 4637 τούτου
2615 4582 2820 4635 κάκεῖνο
2883 4580 3127 4654 βεϐαιῶν,
3160 4585 3248 4632 καὶ
3297 4586 3488 4655 τρόπον
3535 4582 3652 4632 τινὰ
3691 4579 3870 4651 λέγων,
3913 4582 4004 4635 ὅτι

629 4691 773 4731 cens
822 4691 834 4731 :
881 4677 1019 4731 Vere
1053 4673 1254 4730 nullus
1299 4677 1493 4746 potest
1537 4673 1830 4730 remittere
1859 4679 2119 4746 peccata,
2165 4675 2276 4732 nisi

2393 4678 2548 4736 ὅντως
2591 4669 2762 4733 οὐδεὶς
2821 4667 3042 4724 δύναται
3100 4668 3302 4742 ἀφιέναι
3354 4669 3633 4744 ἁμαρτίας,
3688 4668 3732 4721 εἰ
3772 4672 3844 4741 μὴ
3902 4671 4001 4738 εἷς,

633 4779 808 4830 unus,
830 4763 934 4836 qui
962 4765 1226 4820 intuetur
1255 4762 1642 4833 cogitationes
1661 4761 1996 4818 hominum.

1908 4779 1996 4818 ω.
2392 4764 2417 4815 6
2451 4761 2651 4836 βλέπων
2681 4763 2769 4821 τὰς
2799 4759 3107 4833 ἐνθυμήσεις
3127 4768 3225 4811 τῶν
3257 4757 3555 4831 ἀνθρώπων.

702 4853 864 4910 Vere.
919 4853 972 4908 5.
1026 4853 1232 4908 Utrum
1277 4880 1347 4894 —
1395 4849 1628 4907 ambula
1684 4851 1713 4909 7
1760 4851 2280 4926 Quandoquidem,

2461 4855 2525 4904 Τί
2588 4853 2690 4926 γὰρ
2755 4880 2824 4891 -
2877 4850 3148 4924 περιπάτει
3203 4865 3216 4915 ;
3271 4849 3410 4902 Ἐπεὶ
3479 4845 3791 4920 βλάσφημος
3870 4847 4003 4921 ὗμῖν

631 4941 842 5015 inquit,
869 4939 1265 5014 blasphemus
1291 4937 1458 4996 vobis
1489 4939 1717 5007 videor,
1746 4945 1946 5014 utpote
1976 4943 2278 4999 remittens

2390 4939 2549 5008 δοκῶ,
2596 4944 2776 5014 φησὶν,
2819 4941 2886 5002 ὡς
2919 4937 3055 5011 ἀφιεὶ
3103 4937 3384 5011 ἁμαρτίας,
3412 4941 3502 4990 καὶ
3529 4939 3643 4989 ἴσον
3669 4935 3893 5010 ἐμαυτὸν
3921 4947 4004 5011 τῷ

705 5119 754 5187 το
782 5120 955 5175 Marc.
988 5132 1047 5182 ιι,
1079 5119 1112 5173 4
1146 5133 1160 5183 ;
1195 5118 1327 5173 Luc.
1370 5133 1428 5188 ν,
1464 5121 1546 5175 l9.
1624 5120 1669 5156 τί
1710 5120 1880 5176 Joan.
1914 5135 1972 5186 v,
2009 5120 2091 5177 l4.
2170 5121 2220 5156 ⁷³
2246 5122 2352 5178 Mai

708 5190 755 5226 ’Ν
781 5190 804 5244 l
828 5191 974 5260 Reg.
1013 5203 1138 5255 xw,
1169 5193 1222 5244 7.

1814 5134 1880 5176 .n.
1914 5135 1972 5186 v,
2009 5120 2091 5177 l4.
2170 5121 2220 5156 ⁷³
2246 5122 2421 5178 Marc.
2461 5135 2520 5189 ιι,
2549 5123 2600 5187 6,
2634 5120 2686 5174 7.
2761 5119 2830 5154 ⁷³·
2864 5116 2908 5172 ll
2934 5115 3103 5174 Paral
3132 5131 3205 5188 v1,
3239 5119 3333 5172 3o.
3413 5117 3461 5151 ⁷³

961 5232 974 5247 ο
1013 5228 1138 5255 ‘7‘,
1178 5228 1222 5244 Ι.

1834 5315 2057 5386 Variae
2095 5316 2422 5386 lectiones
2455 5326 2516 5386 et
2547 5325 2748 5386 notae.

709 5481 827 5556 (86)
867 5481 1100 5544 Correxi
1132 5488 1300 5560 φανέν,
1329 5483 1461 5545 loco
1492 5488 1677 5561 φαμέν.
1703 5483 1786 5544 ita
1813 5485 1989 5545 etiam
2020 5486 2341 5546 Hentenius‘

1222 5488 1300 5555 ιέν,
1329 5483 1461 5545 loco
1492 5488 1677 5561 φαμέν.
1703 5483 1786 5544 ita
1813 5485 1989 5545 etiam
2020 5486 2341 5546 Hentenius‘
2371 5486 2608 5543 videtur
2637 5485 2869 5556 legisse.

706 5634 822 5713 (oo)
851 5637 1070 5713 Nempe
1097 5642 1302 5702 Deum.
1343 5641 1550 5700 Abesse
1572 5639 1771 5712 debet,
1793 5655 2012 5711 nempe.
2048 5639 2216 5700 Forte
2239 5643 2353 5700 tam

1572 5639 1771 5712 debet,
1793 5655 2012 5711 nempe.
2048 5639 2216 5700 Forte
2239 5643 2444 5700 tamen
2466 5639 2626 5712 legit,
2658 5634 2728 5702 εἷς
2769 5633 2977 5698 δηλαδή
3014 5639 3039 5691 ὁ
3067 5641 3215 5701 Θεός.
