4170 6448
171 421 284 477 305

1178 411 1545 470 COMMENT.
1590 410 1657 467 IN
1698 405 2142 465 MATTH/EUM.
2185 434 2250 445 —
2292 402 2447 460 CAP.
2495 399 2596 457 IX.

3448 399 3555 458 306

174 554 290 616 Θεῷ
373 553 568 612 ποιῶν,
637 543 954 619 ἁποχρίθητε
1012 547 1164 596 Ποῖόν
1225 545 1365 594 ἑστιν
1426 539 1789 611 εὐχερέστερον

1912 536 2171 605 peccata,
2189 537 2243 586 et
2258 528 2546 602 aequalem
2565 527 2790 584 faciens
2829 527 3128 598 meipsum
3150 527 3286 592 Deo,
3304 541 3557 601 respon-

183 637 248 697 εἱς
274 636 495 707 πρᾶξιν,
526 653 743 706 ποτερον
791 637 846 685 τό
887 633 1041 686 εἰπεῖν
1086 628 1227 697 τόδε,
1260 630 1288 687 ἣ
1339 633 1395 680 τὸ
1430 629 1586 681 εἰπεῖν
1620 623 1740 678 τόδε
1774 642 1788 691 ;

189 724 344 776 Ἦσαν
404 720 468 775 δὲ
518 729 613 774 καὶ
661 725 814 794 ἄμφω
855 725 938 788 τα,
981 725 1099 795 περὶ
1147 721 1213 770 ὧν
1248 720 1504 792 ἠρώτησε,
1557 723 1670 785 Θεῷ
1701 734 1790 786 μεν

207 809 402 876 δυνατὰ,
454 810 718 885 ἀνθρώπῳ
769 807 828 862 δε
864 805 1118 861 ἀδύνατα.
1177 814 1276 861 Καὶ
1313 809 1413 880 γὰρ
1445 810 1534 857 καὶ
1580 808 1637 856 τὸ
1679 803 1790 884 6‘9:-

207 906 298 952 έναι
328 900 588 974 ἁμαρτίας
621 907 755 952 Θεοῦ
803 903 960 970 μόνον
993 895 1052 955 ἦν
1087 915 1099 926 ⁸
1147 898 1332 968 ὁμοίως
1385 891 1443 946 δὴ
1473 899 1561 946 καὶ
1591 896 1644 944 τὸ
1677 893 1790 942 κατ’

200 988 424 1050 ἑξονσίαν
473 986 698 1062 ἐγεῖραι,
744 992 833 1039 καὶ
883 985 1138 1059 ἁρτιὼσαι
1179 986 1289 1055 (Π)
1338 987 1422 1036 τόν
1475 982 1784 1056 παράλυτον,

189 1084 453 1146 Σιγώντων
497 1073 560 1128 δε
617 1077 804 1143 αὐτῶν,
856 1072 968 1138 διὰ,
1020 1078 1077 1126 τὸ
1130 1070 1414 1148 μηδέτερον
1466 1074 1605 1143 ἔχειν
1637 1071 1792 1122 εἰπεῖν

181 1166 560 1240 εὐχερέστερον
602 1165 798 1237 ἑτέρου,
832 1169 990 1236 φησιν
1028 1163 1178 1224 αὐτὸς
1211 1180 1222 1192 ·

238 1343 355 1396 Ἵνα
423 1373 498 1384 -ι
552 1343 829 1417 ἁμαρτίας.
916 1341 1259 1394 Ἐλλειπτικον
1332 1339 1444 1392 ἔστι
1531 1342 1678 1390 τουτὶ
1734 1339 1792 1390 τό

179 1443 373 1505 σχῆμα
427 1440 525 1484 τοῦ
578 1431 734 1502 λόγου
767 1449 778 1460 ·
829 1431 990 1482 λείπει
1046 1433 1145 1502 γὰρ
1185 1433 1262 1493 τὸ,
1308 1432 1640 1502 Θεωρήσατε.
1684 1425 1794 1479 Ἰνα

175 1520 248 1588 δέ,
314 1526 484 1592 φησὶ,
543 1529 726 1591 γνῶτε,
783 1522 863 1572 ὅτι
915 1521 940 1570 ό
995 1525 1286 1591 φαινόμενος
1343 1520 1462 1590 ὑμῖν
1526 1517 1794 1588 ἄνθρωπος

174 1611 423 1674 ἐξουσίαν
489 1612 626 1680 ἔχει,
682 1612 745 1669 ὡς
803 1612 953 1672 Θεὸς,
1009 1606 1254 1680 βλέψατε.
1313 1611 1382 1659 Τὸ
1432 1605 1510 1673 δε,
1570 1605 1652 1658 ἐπὶ
1699 1613 1794 1662 τῆς

170 1706 289 1768 γῆς,
351 1697 535 1757 ἁπλῶς
593 1702 920 1768 πρόσκειται,
973 1701 1001 1755 ἦ
1045 1699 1156 1748 ἀντὶ
1203 1704 1314 1760 τοῦ,
1367 1695 1448 1748 ἐπὶ
1498 1704 1590 1755 τῆς
1646 1693 1788 1766 ἒνγῇ

174 1787 450 1846 πολιτείας
485 1785 673 1842 αὐτοῦ.
707 1784 880 1856 Ἔλεγε
909 1781 966 1837 δε
996 1793 1144 1837 τοῦτο
1173 1789 1290 1857 περὶ
1322 1784 1523 1837 ἑαυτοῦ.

237 2039 382 2088 Τότε
406 2034 554 2104 λέγει
595 2065 658 2074 -
692 2034 869 2087 αὑτοῦ.
903 2031 1116 2092 Ἐπειδὴ
1169 2037 1226 2086 τό
1265 2036 1354 2101 μεν
1387 2031 1586 2106 ἀφιέναι
1631 2033 1795 2107 ἁμαρ-

175 2131 286 2185 τίας
331 2123 513 2197 ἀφανῆ
547 2127 643 2180 τὴν
688 2119 953 2186 ἀπόδειξιν
1005 2121 1117 2194 εἶχε
1147 2144 1159 2157 ·
1194 2127 1250 2175 τὸ
1301 2120 1359 2175 δε
1406 2123 1521 2173 κατ’
1559 2121 1796 2184 ἐξουσίαν

176 2214 385 2288 ἐγεῖραι
441 2216 535 2263 τὸν
594 2212 885 2285 παραλυτον
943 2218 1158 2286 φανερᾶς
1217 2209 1382 2264 ἐδεῖτο
1440 2220 1533 2272 τῆς
1588 2208 1796 2263 ἀποδεί-

179 2303 303 2364 ξεως
336 2319 352 2332 ⁸
402 2308 638 2354 ποιεῖται
688 2306 781 2358 τὴν
820 2303 1036 2373 φανερὰν
1093 2307 1368 2374 τεκμήριον
1424 2309 1513 2361 τῆς
1556 2299 1794 2372 ἀφανοῦς.

177 2397 268 2442 καὶ
325 2387 429 2442 διὰ
477 2392 676 2450 ταύτης
726 2395 814 2440 καὶ
865 2393 980 2464 περὶ
1032 2389 1221 2449 ἐκείνης
1273 2389 1603 2463 πληροφορεί,
1647 2391 1725 2440 ὅτι
1770 2389 1796 2439 6

177 2488 332 2532 τοῦτο
377 2476 633 2538 δυνηθεὶς
686 2475 906 2530 δύναται
947 2477 1170 2532 κάκεῖνο.
1229 2483 1358 2551 Πρὸς
1402 2477 1686 2550 βεϐαίωσιν
1737 2475 1796 2530 δε

180 2577 269 2628 τῆς
327 2566 672 2638 σὐσενίγξεως
727 2575 817 2618 τοῦ
871 2572 1178 2640 παρειμένον
1235 2573 1488 2638 σώματος,
1540 2565 1795 2618 ἐκέλευσεν

184 2653 304 2730 ἆραι
348 2661 438 2708 τόν
491 2654 810 2730 κράϐξατον,
853 2657 934 2706 ἵνα
993 2661 1063 2727 μὴ
1121 2653 1247 2729 δόξῃ
1301 2661 1559 2728 φαντασία
1607 2675 1684 2716 τις
1736 2657 1794 2706 τὸ

184 2750 551 2817 γεγενηιιένον.
629 2744 954 2796 Ἀποστελλιι
1033 2742 1091 2797 δὲ
1149 2745 1302 2796 αὐτόν
1357 2745 1428 2805 εἰς
1496 2748 1580 2796 τόν
1651 2742 1792 2796 οἷκον

190 2837 342 2886 αὐτού
375 2851 388 2862 '
452 2841 615 2884 τοῦτο
683 2836 796 2901 μὲν,
866 2834 948 2885 ἱνα
1013 2838 1085 2906 μὴ
1153 2839 1328 2906 παρὼν
1379 2839 1468 2885 καὶ
1542 2835 1793 2906 ὁρώμενος

195 2927 388 2975 ἔπαινον
442 2922 594 2992 αὐτῷ
655 2921 986 2994 προξενήσῃ·
1049 2931 1198 2974 τοῦτο
1257 2919 1316 2975 δε
1373 2927 1481 2987 καὶ,
1540 2923 1621 2974 ἱνα
1679 2929 1787 2994 σχῇ

206 3014 451 3083 μάρτυρας
514 3018 608 3070 τῆς
679 3011 858 3081 ὑγείας
914 3009 1334 3085 ἀναντιρῥήτονς,
1403 3011 1588 3071 αὐτοὺς
1673 3014 1794 3070 τοὺς

210 3097 310 3168 (88)
364 3098 813 3174 ἀπαραγροίπτους
864 3104 952 3150 καὶ
1008 3107 1102 3160 τῆς
1148 3104 1302 3152 νόσου
1351 3102 1638 3174 μάρτυρας,
1703 3103 1793 3150 καὶ

200 3188 272 3238 ἵνα
297 3192 509 3250 τούτοις
538 3186 745 3260 ἀφορμὴ
777 3192 990 3259 γένηται
1014 3192 1252 3249 πίστεως.

253 3362 485 3426 ’ἰδόντες
547 3361 606 3416 δὲ
655 3395 720 3404 --
771 3363 1074 3436 ἀνθρώποις,
1135 3367 1470 3438 Ἐθαύμασαν
1529 3369 1638 3438 μεν,
1715 3366 1796 3417 ὃτι

193 3456 254 3516 ὡς
317 3457 457 3516 Θεὸς
508 3453 1042 3526 ὶϐαυματούργησεν·
1102 3456 1236 3526 ὅμως
1301 3457 1568 3529 ἄνθρωπον
1641 3455 1796 3506 αὐτὸν

191 3541 312 3596 εἶναι
367 3542 754 3614 ὑπελαμξανον,
801 3546 991 3614 ἔχοντα
1032 3543 1270 3606 ἔξουσίαν
1310 3545 1434 3619 ὑπὲρ
1489 3545 1784 3618 ἄνθρωπον,

442 3726 588 3773 ΚΕΦ.
626 3719 722 3774 ΙΔ’.
756 3724 880 3794 Περὶ
911 3722 1181 3773 Ματθαίου
1212 3729 1302 3773 τοῦ
1326 3721 1558 3778 τελώνου.

262 3815 368 3864 Καὶ
421 3841 491 3849 --
546 3807 813 3861 ἀκολούθει
873 3829 982 3881 μοι.
1044 3841 1108 3850 --
1165 3813 1439 3884 Παραγων,
1513 3810 1626 3864 ἀντὶ
1682 3819 1793 3883 τοῦ,

190 3905 562 3974 πορευόμενος.
619 3896 756 3972 Ὀρα
807 3894 866 3950 δὲ
930 3902 1016 3950 τόν
1092 3899 1478 3970 εὐαγγέλια-τήν,
1539 3910 1647 3963 πῶς
1704 3901 1796 3952 οὐκ

1645 3989 1798 4042 Ἀλλὰ

187 4081 415 4150 Μάρκος
456 4079 546 4146 μὲν
584 4081 672 4127 καὶ
720 4082 945 4145 Λουκᾶς,
998 4074 1145 4129 αἰδοῖ
1189 4086 1280 4130 τοῦ
1331 4081 1698 4150 συμμαθητοῦ,
1740 4083 1796 4131 τὸ

188 3989 584 4059 ἐπαισχύνεται
663 3990 748 4038 τόν
840 3992 1086 4062 πρότερον
1161 3989 1344 4040 ἑαυτοῦ
1431 3988 1568 4061 βίον.

188 4171 415 4240 φανερὸν
472 4169 631 4236 ὄνομα
691 4168 876 4216 τούτου
947 4162 1282 4241 παρέδραμον
1393 4170 1546 4220 Λευίν
1617 4176 1796 4220 τοῦτον

192 4256 598 4324 ὀνομάσαντες·
656 4252 881 4305 ἐκαλεῖτο
927 4257 1026 4327 γαρ
1093 4261 1182 4306 καὶ
1258 4264 1434 4313 τοῦτο,
1509 4256 1675 4317 Αὐτὸς
1739 4253 1797 4308 δὲ

195 4352 431 4416 φανερῶς
487 4341 702 4400 τελώνην
756 4343 938 4395 ἑαυτὸν
996 4342 1316 4416 ἀνομολογεῖ,
1395 4342 1536 4397 διότι
1601 4342 1715 4397 οὐδ’
1772 4346 1797 4396 6

195 4435 434 4506 Χριστός
478 4429 786 4502 ἐπῃσχύνθη
836 4440 1040 4488 τοῦτον.
1101 4432 1248 4504 Ἀμα
1300 4430 1358 4486 δὲ
1405 4439 1493 4486 καὶ
1535 4431 1798 4487 δείκνυσιν

195 4523 429 4575 ἐντενϐεν
515 4525 609 4578 τὴν
669 4517 889 4593 δύναμιν
967 4529 1058 4574 τοῦ
1129 4522 1439 4584 καλέσαντος
1510 4524 1662 4576 αὑτὸν
1733 4523 1800 4584 εἰς

196 4614 511 4682 μαθητείαν,
572 4618 680 4669 πῶς
727 4609 984 4663 ἀνέσπασε
1033 4619 1213 4664 τοῦτον
1266 4613 1487 4685 εὐχερῶς
1535 4611 1588 4664 ἐκ
1635 4617 1798 4684 μέσον

199 4710 288 4752 τοῦ
331 4700 596 4764 τελωνίον,
649 4696 854 4774 σφόδρα
893 4697 1230 4775 φιλοκερδοῦς
1276 4707 1364 4753 καὶ
1418 4698 1799 4762 ἀναιδεστάτης

199 4788 510 4849 καπηλείας.
572 4787 814 4840 Τελὼνιον
865 4791 965 4860 γὰρ
1025 4793 1155 4860 λέγει
1220 4793 1276 4841 τὸ
1341 4798 1430 4842 τοὺ
1487 4809 1800 4864 κομμερκια-

199 4883 314 4950 ρίου
350 4879 465 4946 (89)
507 4883 837 4950 πραιτώριον.
883 4878 1058 4940 Δείξας
1092 4875 1151 4930 δὲ
1192 4884 1436 4953 πρότερον
1486 4881 1510 4930 6
1549 4883 1798 4952 Χριστὸς,

201 4969 279 5018 ὅτι
344 4963 571 5017 δύναται
639 4964 839 5038 ἀφιέναι
904 4966 1161 5040 ἁμαρτίας
1236 4973 1349 5020 τότε
1411 4972 1497 5020 καὶ
1564 4967 1647 5019 ἐπὶ
1716 4971 1801 5019 τὸν

271 5146 324 5182 ⁷⁵
365 5145 546 5200 Marc.
584 5160 640 5210 ιι,
684 5145 788 5211 14ς
821 5142 961 5210 Luc,
995 5160 1052 5210 v,
1085 5147 1173 5199 27.

1899 622 2032 677 dete
2075 619 2243 683 mihi,
2286 624 2482 674 utrum
2516 622 2602 673 est
2633 615 2865 672 facilius
2894 620 2957 672 ut
2980 631 3160 688 opere
3191 616 3553 687 perficiatur,

1899 725 1973 765 an
2010 709 2204 764 dicere
2243 707 2377 770 hoc,
2412 705 2504 761 vel
2537 706 2656 777 (pp)
2690 704 2884 760 dicere
2914 703 3061 759 illud
3088 703 3116 758 ?
3148 704 3324 760 Erant
3352 707 3557 761 autem

1901 798 2082 854 ambo
2105 799 2172 853 de
2195 797 2412 868 quibus
2432 793 2859 864 interrogabat,
2887 792 3004 848 Deo
3029 793 3276 865 quidem
3305 794 3562 865 possibi-

1899 888 1996 954 lia,
2023 886 2365 942 hominibus
2383 899 2522 939 vero
2554 881 2974 954 impossibilia.
3015 883 3163 937 Nam
3191 887 3249 937 et
3265 883 3560 940 remittere

1900 979 2147 1048 peccata
2175 972 2358 1029 solius
2393 973 2489 1027 Dei
2520 975 2665 1036 erat,
2700 975 2753 1026 et
2782 969 3050 1025 similiter
3075 985 3184 1026 sua
3213 971 3562 1029 auctoritate

1900 1063 2124 1135 erigere
2165 1078 2236 1120 ac
2283 1061 2638 1116 conﬁrmare
2694 1058 3116 1131 paralyticum.
3165 1059 3308 1114 Cum
3359 1065 3561 1117 autem

1900 1138 1982 1209 illi
2008 1157 2289 1219 tacerent,
2312 1168 2382 1207 eo
2407 1152 2572 1224 quod
2593 1154 2871 1206 neutrum
2894 1149 3082 1206 altero
3106 1146 3337 1204 facilius
3366 1149 3562 1206 dicere

1903 1245 2195 1314 poterant,
2229 1242 2308 1295 ait
2336 1241 2460 1311 ipse
2481 1255 2493 1294 :

1974 1333 2129 1385 Vers.
2152 1334 2202 1385 6.
2227 1330 2295 1386 Ut
2319 1359 2384 1367 —
2405 1332 2662 1399 peccata.
2695 1324 3026 1381 Defectivus
3050 1327 3138 1381 est
3159 1323 3253 1381 hic
3277 1323 3562 1398 loquendi

1903 1418 2138 1474 modus.
2176 1416 2380 1473 Deficit
2410 1417 2591 1484 enim,
2624 1415 2925 1485 Respicite.
2978 1416 3066 1477 Ut,
3099 1414 3311 1486 inquit,
3344 1429 3564 1484 cogno-

1901 1508 2101 1571 scatis,
2134 1506 2297 1579 quod
2329 1505 2430 1578 qui
2463 1505 2625 1560 vobis
2666 1508 2915 1575 apparet
2957 1503 3160 1572 homo,
3209 1507 3563 1575 potestatem

1900 1597 2122 1653 habeat
2178 1601 2461 1667 tanquam
2526 1596 2701 1656 Deus,
2759 1591 3051 1664 respicite.
3122 1591 3289 1657 Quod
3359 1597 3562 1649 autem

1901 1685 2180 1743 additur:
2227 1687 2285 1740 in
2343 1690 2520 1747 terra,
2571 1680 2826 1754 simplici
2891 1696 3069 1736 sensu
3129 1681 3408 1752 ponitur:
3458 1684 3563 1738 aut

1901 1774 2060 1830 valet
2112 1771 2481 1829 tantumdem
2531 1787 2601 1827 ac
2667 1770 2714 1824 si
2762 1769 3036 1824 dicatur:
3118 1768 3177 1824 in
3240 1784 3560 1825 conversa-

1828 1879 1871 1933 Β
1903 1865 2062 1919 tione
2091 1877 2272 1934 quam
2301 1859 2483 1917 habet
2523 1859 2583 1915 in
2614 1863 2786 1915 terra.
2825 1857 3067 1914 Dicebat
3096 1857 3296 1930 itaque
3343 1857 3457 1914 hoc
3486 1857 3562 1915 de

1907 1965 2128 2023 seipso.

1976 2039 2136 2096 Vers.
2171 2037 2223 2092 6-
2258 2036 2420 2093 Tunc
2449 2035 2532 2091 ait
2577 2065 2646 2076 —
2676 2036 2737 2090 V.
2770 2040 2824 2090 7.
2860 2050 3049 2092 suam.
3083 2035 3232 2104 Quia
3262 2034 3561 2092 remittere

1905 2131 2150 2201 peccata
2203 2127 2488 2183 latentem
2535 2123 2797 2181 habebat
2825 2124 3442 2190 demonsitrationem,
3482 2123 3563 2181 ad

1905 2216 2250 2287 erigendum
2323 2218 2522 2271 autem
2577 2229 2687 2270 sua
2749 2213 3095 2269 auctoritate
3159 2213 3560 2286 paralyticum

1908 2305 2223 2361 manifesta
2264 2320 2418 2376 opus
2450 2307 2578 2359 erat
2627 2301 3160 2368 demonstratione,
3215 2300 3355 2358 facit
3395 2299 3562 2373 quod

1907 2393 2287 2449 manifestum
2317 2397 2408 2448 est
2449 2392 2510 2447 in
2543 2391 2780 2461 signum
2812 2390 2962 2461 ejus,
2993 2389 3160 2463 quod
3201 2394 3326 2446 erat
3359 2388 3560 2445 occul-

1907 2489 2032 2538 tum
2059 2499 2071 2538 :
2106 2486 2163 2538 et
2203 2497 2309 2554 per
2333 2481 2464 2545 hoc,
2500 2485 2556 2536 et
2588 2495 2691 2552 per
2722 2478 2865 2534 illud
2892 2478 3134 2551 plenam
3167 2477 3306 2535 facit
3352 2476 3561 2544 ﬁdem,

1905 2570 2071 2644 quod
2101 2575 2156 2627 et
2185 2570 2298 2626 hoc
2350 2569 2537 2641 possit
2587 2573 2641 2625 et
2687 2567 2851 2623 illud.
2913 2566 3001 2623 Ad
3040 2566 3561 2625 conﬁrmationem

1905 2665 2096 2717 autem
2127 2658 2292 2732 quod
2319 2674 2538 2730 corpus
2569 2657 2878 2713 robustum
2907 2657 3356 2730 relinqueretur,
3377 2657 3566 2728 jussit

1904 2754 1971 2805 ut
2013 2749 2236 2806 tolleret
2263 2747 2585 2820 grabatum
2630 2762 2827 2812 suum,
2874 2761 2950 2802 ne
2993 2746 3375 2818 phantastico
3405 2759 3558 2819 quo-

1903 2838 2046 2893 dam
2091 2837 2263 2894 modo
2293 2837 2420 2892 ﬁeri
2449 2836 2768 2892 videretur-
2797 2835 3032 2892 Dimittit
3075 2835 3256 2892 etiam
3298 2834 3465 2890 illum
3500 2834 3563 2890 in

1902 2927 2152 2982 domum
2185 2941 2395 2980 suam:
2427 2929 2552 2980 tum
2594 2940 2666 2979 ne
2694 2939 2960 2996 praesens
3005 2940 3074 2980 ac
3105 2924 3284 2993 visus,
3317 2922 3558 2978 laudem

1903 3015 2014 3070 sibi
2041 3014 2400 3076 conciliaret,
2429 3017 2556 3069 tum
2583 3014 2759 3069 etiam
2788 3018 2852 3067 ut
2876 3013 3145 3068 sanitatis
3175 3017 3350 3068 testes
3381 3010 3564 3067 habe-

1903 3109 2011 3174 ret,
2060 3104 2280 3176 quibus
2335 3101 2663 3157 contradici
2715 3117 2834 3156 non
2884 3105 3106 3174 posset,
3149 3101 3312 3173 ipsos
3350 3115 3564 3173 nempe

1829 3228 1870 3282 Ο
1903 3192 2006 3282 qui
2038 3191 2233 3248 morbi
2259 3194 2430 3246 testes
2452 3193 2641 3255 erant,
2664 3194 2845 3263 utque
2875 3189 3018 3262 ipsis
3038 3188 3175 3244 ﬁdei
3197 3189 3366 3245 ﬁeret
3395 3203 3568 3246 occa-

1908 3297 2018 3336 SlO.

1976 3368 2138 3424 Vers.
2167 3371 2216 3423 8.
2240 3369 2385 3423 Cum
2409 3366 2689 3422 vidissent
2711 3396 2778 3406 —-
2800 3364 3151 3422 hominibus.
3176 3363 3568 3420 Admiraban-

1906 3461 1999 3513 tur
2027 3456 2285 3529 quidem,
2313 3453 2479 3526 quod
2509 3453 2678 3526 quasi
2712 3455 2865 3509 Deus
2893 3451 3250 3507 miraculum
3281 3454 3564 3524 operatus

1906 3549 2032 3602 erat
2064 3565 2076 3604 :
2109 3544 2416 3600 hominem
2448 3547 2648 3598 tamen
2679 3557 2819 3599 eum
2849 3557 2973 3598 esse
2999 3539 3419 3613 opinabantur,
3451 3539 3563 3598 ha-

1905 3635 2147 3692 bentem
2177 3635 2530 3706 potestatem
2559 3646 2739 3704 super
2765 3630 3095 3687 hominem.

2191 3725 2342 3781 CAP.
2374 3723 2506 3780 XIV.
2535 3723 2610 3779 De
2633 3722 2911 3780 Ματτὴωο
2937 3721 3277 3792 publicano.

1977 3816 2135 3869 Vers.
2169 3817 2220 3869 9.
2245 3813 2326 3868 Et
2354 3844 2422 3852 —
2451 3827 2684 3884 sequere
2712 3826 2822 3870 me.
2842 3811 3290 3879 —Prwteriens,
3314 3809 3430 3867 hoc
3455 3813 3563 3877 est,

1904 3917 2177 3975 pergens.
2212 3901 2534 3958 Considera
2560 3905 2754 3956 autem
2787 3899 3215 3971 evangelistam
3256 3899 3567 3972 quomodo

1907 4007 2028 4048 non
2058 3991 2354 4047 erubuerit
2378 3989 2458 4046 ob
2479 3990 2735 4062 priorem
2767 3989 2950 4045 vitam
2979 4005 3172 4045 suam.
3196 3988 3312 4044 Sed
3334 3991 3569 4045 Marcus

1905 4081 2148 4154 quidem
2179 4085 2236 4136 et
2263 4081 2445 4135 Lucas
2475 4081 2546 4148 ⁷⁸,
2597 4078 2672 4134 ob
2697 4079 3099 4150 condiscipuli
3148 4079 3564 4134 reverentiam.

1906 4171 2419 4240 prastermittentes
2495 4167 2874 4223 manifestum
2928 4168 3055 4236 ejus
3122 4179 3366 4233 nomen,
3423 4167 3564 4223 Levi

1905 4259 2064 4313 hunc
2110 4259 2490 4320 vocaverunt,
2547 4255 2629 4309 sic
2659 4255 2819 4310 enim
2865 4255 3046 4310 etiam
3101 4251 3563 4324 appellabatur;

1906 4348 2028 4420 ipse
2056 4361 2198 4402 vero
2227 4349 2425 4417 aperte
2477 4343 2745 4416 seipsum
2794 4341 3185 4414 publicanum
3212 4339 3448 4398 fatetur.
3486 4342 3569 4398 Si-

1907 4435 2151 4508 quidem
2177 4447 2373 4506 neque
2401 4431 2698 4487 Christum
2727 4431 2856 4502 ejus
2881 4428 3119 4502 puduit.
3153 4427 3337 4485 Simul
3365 4432 3570 4486 autem

1906 4525 2045 4580 hinc
2067 4522 2220 4578 illius
2240 4519 2497 4578 ostendit
2512 4520 2800 4585 virtutem,
2825 4519 2927 4592 qui
2957 4533 3020 4574 se
3043 4517 3119 4574 ad
3133 4517 3562 4590 discipulatum

1909 4613 2144 4668 vocavit
2173 4629 2186 4664 :
2220 4625 2403 4683 quam
2422 4607 2591 4664 facile
2609 4624 2639 4663 e
2667 4607 2868 4664 medio
2890 4606 3110 4663 telonio
3131 4606 3280 4662 lucri
3300 4605 3564 4663 maxime

1911 4700 2121 4757 avidos
2135 4716 2203 4756 ac
2220 4697 2734 4772 impudentissime
2752 4702 3161 4769 cauponantes
3175 4695 3562 4754 abstraxerit.

1910 4790 2214 4846 'l‘elonium
2241 4805 2378 4844 vero
2408 4785 2548 4844 dicit
2575 4787 2754 4858 hujus
2786 4785 3211 4842 commerciarii
3240 4787 3328 4858 (ut
3373 4785 3451 4841 ita
3477 4785 3570 4842 lo-

1912 4878 2185 4951 quamur)
2211 4877 2548 4950 praetorium
2571 4881 2673 4933 aut
2698 4876 2973 4932 domum.
3001 4877 3148 4932 Cum
3171 4878 3369 4930 autem
3400 4873 3572 4946 prius

1913 4966 2278 5024 ostendisset
2358 4965 2642 5032 Christus,
2727 4963 2894 5038 quod
2961 4969 3208 5038 peccata
3275 4963 3572 5022 remittere

1386 5269 1604 5338 Variae
1651 5269 1976 5337 lectiones
2009 5275 2076 5336 et
2124 5276 2300 5336 notae

227 5458 239 5469 ⁸
270 5389 390 5459 (87)
426 5387 465 5443 i.
502 5384 837 5469 e...ﬂ,(p,‘rtfl.-33ﬁ
873 5393 1138 5469 ποιῆσαι,’
1164 5385 1468 5469 συσφῦγξαι.
1517 5389 1805 5459 Frequen-

204 5455 316 5515 tius
343 5455 854 5530 occurrit'épiigm,
891 5472 1073 5528 quam
1115 5455 1324 5530 ἀρτιόὼ.

272 5532 387 5604 (88)
420 5531 460 5586 i.
493 5545 546 5586 e.
578 5528 699 5590 τοὺς
734 5528 956 5590 οἰκείους
983 5533 1073 5580 καὶ
1104 5528 1395 5599 σὺγγενεῖς.

274 5711 405 5783 (pp)
433 5706 895 5781 Factufacilius,
924 5711 1124 5764 utrum
1156 5705 1348 5763 dicere
1375 5705 1508 5772 hoc,
1541 5721 1638 5762 an.

1987 5386 2470 5460 (89))ιομμιρκίου,
2509 5384 2578 5460 ᾼ,
2611 5383 2788 5460 male.
2819 5381 3038 5460 Eadem
3065 5395 3185 5439 vox
3216 5395 3402 5460 supra
3429 5380 3570 5454 legi-

1915 5453 2012 5511 tur
2057 5453 2341 5542 a'dM'atth.
2402 5472 2458 5521 v,
2515 5457 2607 5523 46,
2659 5455 2764 5512 ubi
2827 5454 3049 5518 τελώνης
3104 5453 3381 5527 explicat,
3438 5453 3567 5527 κομ-

1914 5545 2234 5601 μερκιαριος.
