4170 6442
679 439 784 500 307

1999 436 2342 496 EUTHYMII
2384 440 2711 498 ZIGABENI

3932 445 4038 501 308

678 563 902 642 posset,
931 561 1074 618 tunc
1105 560 1282 618 etiam
1313 560 1390 618 ad
1436 561 1820 634 publicanum
1874 563 2054 627 venit,
2101 579 2177 618 ne
2214 567 2332 620 tur-

2446 566 2656 623 τελώνην
2711 569 2942 640 ἔρχεται,
2989 568 3071 618 ἵνα
3123 571 3194 638 μὴ
3251 565 3568 620 θοτυϐῶνταί
3622 587 3773 631 τινες,
3821 567 4039 640 βλέπον-

675 657 894 713 bentur
924 651 1124 725 aliqui,
1156 650 1426 706 videntes
1456 667 1596 707 eum
1630 651 1937 724 discipulis
1969 667 2335 708 annumera-

676 750 824 817 tum,
861 743 970 801 sed
1000 740 1256 812 cogitent
1287 739 1508 812 potius,
1541 740 1706 812 quod
1735 741 1837 812 qui
1868 740 2040 796 solvit
2078 740 2334 796 aliorum

676 837 943 906 peccata,
978 830 1166 888 multo
1197 827 1389 897 magis
1417 844 1660 884 suorum
1688 833 1934 901 peccata
1966 828 2235 885 absolvit.

748 923 790 992 -ι-
831 925 1136 992 Tanquam
1165 917 1238 972 de
1269 917 1456 972 altero
1486 921 1709 984 narrat,
1732 932 1867 989 quas
1894 917 2051 972 circa
2075 932 2134 971 sc
2157 916 2335 971 conti-

679 1013 894 1082 gerunt
940 1006 1291 1080 jactantiam
1348 1004 1706 1061 abhorrens:
1762 1020 1985 1076 magna
2041 1005 2336 1075 siquidem

676 1099 856 1157 laude
910 1097 1130 1170 dignus
1183 1096 1327 1161 erat,
1386 1093 1552 1164 quod
1609 1093 1891 1150 continuo
1955 1098 2194 1149 secutus
2251 1096 2339 1149 est

680 1204 812 1244 eum
823 1229 836 1243 .

749 1278 915 1332 Vers.
951 1278 1002 1330 9.
1043 1273 1124 1328 At
1181 1273 1288 1329 ille
1339 1300 1406 1310 -—
1461 1286 1606 1327 eum.
1650 1270 1961 1327 Admirare
2016 1271 2338 1342 perfectam

679 1367 810 1438 ejus
831 1365 935 1437 qui
957 1366 1208 1420 vocatus
1225 1364 1334 1427 est,
1361 1359 1758 1416 obedientiam
1783 1379 1795 1418 :
1821 1359 2122 1432 quomodo
2143 1374 2340 1432 neque

681 1452 1040 1512 consultavit
1067 1451 1225 1524 apud
1251 1465 1334 1519 se,
1371 1449 1676 1521 quomodo
1706 1448 1938 1504 nullum
1976 1464 2154 1520 super
2183 1464 2254 1504 ea
2282 1464 2340 1503 re

682 1541 982 1601 consuluit
1023 1540 1308 1606 amicum,
1364 1538 1674 1611 quomodo
1718 1553 1838 1592 non
1882 1537 2180 1609 disposuit
2215 1553 2342 1608 quas

680 1633 899 1690 domus
924 1634 1105 1703 atque
1136 1627 1489 1685 substantias
1531 1642 1646 1682 suae
1672 1633 1872 1692 erant;
1901 1625 2004 1681 sed
2031 1624 2342 1681 confestim

679 1735 946 1792 surgens,
1012 1720 1256 1776 secutus
1305 1719 1411 1782 est,
1485 1714 1691 1772 relicto
1747 1714 2023 1770 universo
2078 1714 2340 1770 mundo:

680 1811 874 1869 solam
903 1811 1102 1864 autem
1136 1805 1388 1862 adduxit
1417 1807 1679 1860 mentem
1710 1803 1789 1860 ad
1819 1803 2024 1858 omnia
2050 1807 2340 1874 paratam,

2441 674 2523 715 τες
2568 655 2721 706 αὑτὸν
2765 662 2868 715 τοῖς
2927 657 3189 726 μαθηταῖς
3229 655 3556 730 ἐναρίθμιονο
3611 655 3714 708 ἀλλ’
3771 661 3852 709 ἱνα
3890 658 4039 730 λογί-

2443 743 2655 806 ζωνται,
2723 744 2802 794 ὅτι
2879 745 2903 794 ὁ
2957 744 3132 816 ἐτέρων
3207 745 3560 817 ἁμαρτήματα
3626 745 3778 812 λύων,
3866 748 4038 818 πολλῷ

2441 831 2629 901 μᾶλλον
2655 831 2801 883 ἔλυσε
2827 835 2890 883 τὰ
2928 841 3017 884 του
3046 835 3304 903 μαθητοῦ.

2519 919 2626 992 [Ὠς
2661 921 2774 992 (90)
2806 925 2923 992 περὶ
2966 922 3137 994 ἐτέρου
3177 919 3234 974 δὲ
3260 924 3324 974 τὰ
3354 927 3471 997 περὶ
3517 922 3698 975 ἑαυτοῦ
3748 921 4037 995 διηγεῖται,

2445 1014 2668 1083 στέργων
2713 1013 2770 1061 τό
2822 1009 3157 1081 ἀκόμπαστον
3191 1031 3204 1043 ·
3255 1015 3390 1084 μέγα
3434 1014 3534 1087 γὰρ
3581 1011 3839 1081 ἐποίησιν,
3885 1015 4039 1078 εὐθὺς

2446 1096 2807 1160 ἀκολουθήσας
2835 1099 2998 1170 αὐτῷ.

2513 1272 2571 1325 Ὀ
2621 1270 2679 1326 δὲ
2721 1305 2789 1314 —
2843 1275 3001 1346 αὐτῷ.
3059 1279 3342 1348 Θαύμασον
3391 1281 3483 1335 τὴν
3535 1277 3727 1329 τελείαν
3769 1287 3860 1332 τοῦ
3905 1279 4035 1338 κλη-

2448 1363 2617 1424 θέντος
2654 1365 2906 1428 ὑπακοὴν,
2956 1373 3059 1425 πῶς
3111 1365 3169 1417 οὗ
3219 1362 3555 1436 διεσκέψατο,
3607 1377 3716 1427 πῶς
3777 1368 3871 1420 οὐκ
3930 1368 4037 1422 ἀνευ

2443 1456 2733 1504 κοινώσαιτο
2787 1459 2903 1524 περὶ
2951 1457 3136 1506 τούτου
3189 1453 3370 1526 φίλοις,
3427 1463 3536 1515 πῶς
3584 1455 3640 1506 οὐ
3691 1452 3926 1527 διῴκησε
3974 1460 4037 1510 τὰ

2447 1543 2578 1591 κατὰ
2616 1544 2701 1592 τόν
2746 1538 2883 1594 οἷκον
2926 1547 3012 1594 καὶ
3057 1547 3150 1600 τὴν
3181 1543 3363 1595 οὐσίαν
3394 1563 3405 1576 ·
3433 1542 3538 1594 ἀλλ’
3590 1544 3769 1605 εὐθέως
3813 1544 4036 1610 ἀναστὰς

2449 1629 2789 1699 ἠκολούθησε,
2835 1633 3003 1682 πάντα
3041 1635 3130 1703 μὲν
3168 1635 3253 1683 τόν
3297 1637 3490 1704 κόσμον
3541 1631 3825 1700 ἀπολιπὼν,
3875 1640 4032 1707 μόνην

2449 1714 2507 1770 δὲ
2563 1723 2654 1776 τὴν
2711 1726 2921 1792 γνώμην
2992 1719 3303 1792 ἐπαγόμενος
3366 1727 3856 1794 παρεσκευασμένην
3913 1730 4032 1798 πρὸς

2450 1808 2513 1858 τὰ
2561 1806 2863 1879 κελευόμενα
2909 1811 3050 1881 παρά
3101 1818 3190 1861 τοῦ
3244 1809 3572 1882 καλέσαντος,
3625 1811 3678 1863 ὃν
3723 1815 3908 1884 τρόπον
3947 1820 4029 1865 καὶ

678 1915 814 1971 quae
828 1894 1166 1968 jussissetis
1181 1895 1282 1966 qui
1296 1909 1434 1950 eum
1452 1895 1792 1956 vocaverat,
1815 1891 1968 1948 sicut
1983 1894 2039 1948 et
2057 1890 2152 1962 qui
2166 1897 2336 1948 antea

2449 1897 2498 1948 οἱ
2528 1896 2638 1966 (91)
2669 1897 2862 1972 προκλη
2874 1899 3054 1959 θέντες.

679 1985 880 2043 vocati
901 1983 1156 2040 fuerant.

751 2077 968 2129 Verum
1007 2086 1194 2144 quam
1236 2069 1316 2126 ob
1364 2083 1612 2126 causam
1655 2067 1728 2124 de
1776 2067 1949 2124 Petro
1984 2071 2041 2125 et
2082 2066 2338 2134 Andrea,

679 2162 926 2226 Iacobo,
991 2162 1219 2216 Joanne
1289 2173 1359 2214 ac
1416 2156 1706 2224 Matthaao,
1777 2171 1898 2212 non
1960 2156 2155 2212 solum
2212 2157 2339 2228 ipse

679 2251 1003 2314 Mattbaeus,
1053 2248 1159 2303 sed
1213 2255 1269 2302 et
1318 2248 1548 2302 Marcus
1603 2261 1672 2301 ac
1714 2247 1898 2300 Lucas
1951 2245 2335 2316 scripserunt,

677 2340 836 2396 unde
861 2345 917 2394 et
940 2335 1250 2411 quomodo
1265 2336 1466 2393 vocati
1487 2338 1644 2401 sunt,
1663 2334 1736 2389 de
1752 2333 1990 2402 reliquis
2007 2349 2148 2389 vero
2163 2333 2341 2388 disci-

674 2429 830 2502 pulis
873 2427 1023 2484 nihil
1049 2425 1165 2482 tale
1195 2424 1576 2480 docuerunt?
1603 2423 1748 2488 Quia
1773 2422 1833 2478 hi
1865 2424 2014 2478 inter
2060 2420 2208 2477 alios
2237 2421 2338 2478 ab-

669 2516 1000 2589 jectissima
1055 2513 1362 2571 habebant
1411 2513 1549 2568 vitae
1595 2513 2126 2582 instituta;neque
2179 2510 2336 2566 enim

674 2605 992 2678 quidpiam
1012 2603 1188 2674 pejus
1215 2599 1559 2674 publicano,
1587 2615 1783 2672 neque
1812 2599 1988 2655 vilius
2013 2599 2334 2670 piscatore.

674 2695 922 2764 Propter
953 2691 1113 2764 quod
1157 2691 1334 2748 etiam
1365 2689 1737 2761 evangelista
1776 2689 1835 2744 in
1879 2687 2162 2744 omnibus
2216 2687 2336 2743 tide

673 2782 840 2853 digni
867 2780 1184 2846 habentur,
1236 2779 1380 2853 quia
1421 2794 1618 2852 neque
1648 2794 1719 2834 ea
1755 2794 1891 2851 quaa
1921 2776 2204 2849 probrum
2247 2776 2335 2833 af-

673 2870 825 2930 ferre
859 2869 1216 2927 videbantur
1245 2868 1774 2941 praetermiserunt,
1807 2881 1917 2920 nec
1946 2865 2007 2920 id
2036 2865 2233 2920 solum
2260 2865 2335 2922 de

675 2958 1004 3031 discipulis,
1026 2974 1234 3014 verum
1257 2958 1437 3015 etiam
1460 2957 1533 3012 de
1552 2959 1916 3028 praeceptore
1939 2953 2186 3009 faciunt.
2212 2957 2335 3011 Sta-

673 3049 781 3105 tim
813 3049 932 3121 (qq)
976 3063 1241 3122 namque
1284 3047 1548 3121 plurima
1589 3044 1956 3116 reliquerunt
2003 3042 2329 3100 miracula:

671 3137 819 3194 nihil
844 3141 1040 3196 autem
1070 3137 1144 3194 de
1169 3137 1264 3192 his
1290 3152 1420 3208 quae
1442 3149 1658 3206 passus
1690 3137 1780 3188 est
1805 3131 2328 3204 praetermiserunt:

671 3242 810 3283 cum
844 3226 918 3283 de
958 3225 1268 3315 discipulis
1297 3222 1664 3315 ostenderint
1711 3221 1880 3315 quod
1906 3221 2058 3277 adeo
2091 3221 2326 3292 abjecti,
2365 3262 2404 3315 ρ

671 3319 837 3374 tanta
887 3315 1083 3388 gratia
1147 3313 1314 3383 digni
1365 3310 1553 3368 habiti
1613 3315 1789 3369 sunt:
1846 3311 1920 3366 de
1978 3316 2331 3383 praeceptore

669 3419 826 3472 vero,
868 3403 1054 3477 quod,
1108 3417 1247 3458 cum
1287 3403 1492 3459 tantus
1547 3404 1720 3466 esset,
1764 3399 1904 3456 talia
1937 3403 2179 3472 propter
2215 3414 2329 3456 nos

629 3561 634 3566 I
669 3508 886 3566 passus
921 3492 1016 3548 sit.

742 3581 908 3639 Vers.
957 3583 1043 3638 10.
1074 3581 1152 3638 Ει
1198 3581 1429 3651 factum
1466 3609 1535 3618 —
1575 3581 1722 3649 ejus.
1774 3577 2019 3633 Intuitus
2071 3575 2332 3631 Christus

673 3669 1136 3728 sincerissimam
1177 3685 1247 3726 ac
1279 3665 1788 3740 promptissimam
1827 3665 2009 3735 hujus
2055 3663 2334 3718 obedien-

670 3760 816 3816 tiam
836 3759 1063 3816 accedit
1084 3763 1148 3815 ut
1169 3763 1226 3814 et
1242 3757 1411 3814 illum
1438 3755 1713 3821 honoret,
1733 3755 1788 3808 et
1805 3768 1866 3807 se
1881 3751 1962 3807 illi
1980 3751 2332 3808 familiarem

670 3848 943 3922 praebens
971 3848 1274 3921 libereque
1319 3844 1604 3910 tribuens,
1650 3842 1744 3897 his
1798 3841 1896 3913 qui
1936 3855 2006 3895 eo
2050 3829 2337 3896 venerant

670 3939 936 4011 aliquam
974 3935 1393 3994 correctionem
1446 3931 1661 3987 tradat.
1720 3929 1816 3984 Ille
1860 3933 2060 3984 autem
2107 3931 2336 3985 tantum

670 4030 981 4083 assecutus
1009 4025 1261 4087 bonum,
1315 4017 1612 4074 liberalior
1654 4015 1924 4081 efficitur,
1952 4019 2008 4070 et
2052 4015 2205 4071 sicut
2255 4015 2336 4072 ait

670 4115 931 4180 Lucas",
965 4113 1098 4170 fecit
1124 4110 1174 4167 ei
1203 4105 1550 4165 convivium
1583 4120 1870 4176 magnum
1903 4103 1962 4159 in
1991 4105 2170 4160 domo
2202 4120 2333 4168 sua,

672 4203 737 4260 id
767 4208 855 4261 est
884 4201 1222 4260 ofﬁciosum
1256 4194 1516 4268 epulum.

741 4380 1102 4438 Publicanos
1121 4389 1263 4432 vero
1286 4372 1546 4447 appellat
1566 4372 1746 4429 etiam
1766 4373 2132 4444 peccatores,
2151 4385 2338 4443 prop-

672 4475 760 4528 ter
783 4465 1276 4527 obtrectationem
1302 4479 1424 4536 qua
1454 4462 1610 4519 male
1641 4460 1967 4518 audiebant
1992 4476 2005 4525 ;
2034 4458 2145 4531 ipsi
2176 4459 2335 4514 enim

674 4555 1045 4615 calumniam
1079 4553 1477 4619 sustinebant,
1513 4555 1806 4624 tanquam
1842 4548 2046 4620 injusti
2078 4552 2134 4603 et
2172 4546 2336 4603 avari

678 4663 750 4704 ac
803 4649 1100 4718 raptores,
1148 4641 1436 4714 omnique
1496 4639 1904 4712 compassione
1956 4641 2223 4692 carentes
2283 4641 2338 4692 et

677 4734 1075 4808 impudentes.
1140 4734 1254 4788 Aut
1301 4729 1579 4786 fortassis
1624 4733 1680 4784 et
1729 4726 1829 4784 alii
1877 4725 2126 4797 quidam
2171 4727 2338 4781 erant

675 4822 973 4882 nobiliora
997 4821 1246 4896 quidem
1287 4820 1421 4876 vita:
1457 4817 1725 4873 instituta
1774 4815 2078 4880 habentes,
2112 4815 2337 4870 eisdem

679 4919 880 4972 tamen
893 4911 1134 4970 obnoxii
1152 4908 1464 4968 affectibus
1488 4927 1500 4966 :
1523 4904 1862 4963 nam‘simile
1881 4919 1989 4960 suo
2002 4903 2339 4975 congaudet

681 5001 886 5061 simili.

750 5096 818 5150 Et
843 5091 956 5149 hos
999 5106 1144 5164 ergo
1194 5087 1501 5147 Matthteus
1536 5085 1803 5143 convivio
1836 5084 2085 5156 accepit,
2135 5087 2340 5156 utpote

751 5247 801 5283 ⁷⁸
831 5247 970 5303 Luc.
1001 5259 1062 5313 v,
1092 5241 1184 5298 29.

2521 2073 2677 2125 Ἀλλὰ
2743 2079 2879 2136 τίνος
2949 2077 3105 2128 ἕνεκεν
3158 2080 3275 2148 περὶ
3353 2081 3546 2152 Πέτρου
3625 2082 3735 2150 μὲν,
3803 2087 3890 2133 καὶ
3941 2089 4030 2133 Αν-

2450 2158 2625 2236 δρέου,
2674 2169 2762 2216 καὶ
2814 2163 3080 2230 Ἰακώϐου,
3128 2170 3216 2218 καὶ
3281 2167 3533 2230 Ἰωάννου,
3601 2173 3687 2219 καὶ
3741 2171 4027 2234 Ματθαίου,

2448 2251 2505 2302 οὐ
2557 2257 2708 2323 μόνον
2767 2253 2916 2313 αὐτὸς
2964 2256 2988 2304 ὁ
3029 2257 3315 2321 Ματθαῖος,
3373 2254 3498 2306 ἀλλά
3537 2262 3624 2308 καὶ
3677 2259 3886 2328 Μάρκος
3942 2260 4032 2306 καὶ

2451 2346 2650 2401 Λουκᾶς
2707 2341 2959 2414 ἔγραψαν,
2986 2350 3094 2404 πῶς
3147 2347 3233 2393 καὶ
3280 2348 3395 2394 τίνα
3446 2349 3632 2418 τρόπον
3697 2344 4026 2402 ἐκλήθησαν·

2447 2433 2563 2503 περὶ
2618 2425 2675 2481 δὲ
2721 2439 2818 2480 τῶν
2874 2430 3034 2481 αλλων
3085 2433 3331 2502 μαθητῶν
3379 2429 3528 2485 οὐδὲν
3574 2440 3798 2484 τοιοῦτον
3845 2427 4025 2482 ἐδίδα-

2449 2517 2586 2583 ξανς
2628 2523 2768 2570 Διότι
2813 2519 3042 2590 μάλιστα
3080 2528 3177 2571 τῶν
3224 2520 3384 2572 ἄλλων
3439 2521 3577 2573 οὗτοι
3617 2516 3748 2577 ἦσαν
3795 2519 3842 2571 ἐν
3895 2518 4028 2571 ἀπσ-

2448 2605 2656 2668 ϐλὴτοις
2721 2605 3152 2679 ἐπιτηδεύμασιν.
3213 2612 3345 2661 Οὔτε
3395 2612 3495 2682 γὰρ
3554 2609 3766 2661 τελώνου
3819 2629 3870 2660 τι
3917 2615 4032 2679 χεῖ-

2445 2714 2554 2767 ρον,
2614 2699 2728 2748 οὔτε
2777 2696 2956 2758 ἁλιέως
3018 2697 3380 2770 εὐτελέστερον.
3441 2701 3526 2750 Διό
3593 2703 3681 2750 καὶ
3743 2697 3928 2770 μᾶλλον
3987 2700 4035 2748 οἱ

2446 2784 2805 2855 εὖαγγελισταὶ
2848 2788 2906 2837 τό
2963 2784 3264 2848 ἀξιόπιστον
3318 2785 3365 2838 ἐν
3419 2788 3614 2840 ἅπασιν
3673 2790 3906 2858 ἔχουσιν,
3956 2788 4034 2838 ὅτι

2445 2869 2566 2924 οὐδὲ
2633 2877 2696 2926 τα
2763 2872 3017 2927 δοκοῦντα
3097 2879 3262 2946 φέρειν
3339 2883 3446 2937 τοῖς
3514 2878 3778 2946 μαθηταῖς
3843 2871 4034 2936 ὄνειδος

2443 2961 2852 3036 παρελίμπανον.
2915 2968 3014 3015 Καὶ
3070 2964 3163 3015 οὑκ
3235 2963 3317 3016 ἐπὶ
3385 2973 3482 3017 τῶν
3551 2967 3794 3036 μαθητῶν
3861 2968 4032 3036 μόνον,

2443 3049 2571 3101 ἀλλὰ
2597 3052 2684 3102 καὶ
2716 3050 2797 3103 ἐπὶ
2827 3059 2918 3103 τοῦ
2968 3048 3297 3104 διδασκάλου
3335 3060 3487 3104 τοῦτο
3529 3061 3795 3109 ποιοῦσιν.
3836 3052 4036 3107 Αὐτίκα

2441 3146 2565 3209 γοῦν
2618 3139 2779 3192 πολλὰ
2830 3144 2918 3212 μὲν
2975 3149 3073 3191 τῶν
3127 3143 3401 3213 θαυμάτων
3459 3140 3618 3193 αυτοῦ
3676 3138 4031 3216 παρέδραμον,

3922 3226 3957 3281 δ
3961 3249 4032 3281 ει-

2444 3324 2643 3378 κνῦντις
2691 3322 2807 3389 περὶ
2847 3321 2936 3389 μὲν
2981 3327 3077 3368 τῶν
3131 3320 3397 3390 μαθητῶν,
3445 3321 3614 3370 ὁποῖοι
3661 3323 3798 3381 ὄντες
3855 3320 4032 3378 ὁποίας

2445 3408 2660 3477 χάριτος
2700 3405 3000 3467 ἠξιώθησαν
3027 3427 3038 3439 ο
3069 3411 3185 3480 περὶ
3230 3403 3288 3458 δὲ
3331 3414 3422 3458 τοῦ
3460 3403 3814 3475 διδασκάλου,
3862 3408 4034 3468 ὁποῖος

2447 3494 2512 3544 ὢν
2545 3495 2699 3545 όπόία
2730 3496 2943 3547 πέπονθε
2974 3490 3046 3546 δι’
3075 3496 3232 3566 ἡμᾶς.

2443 3225 2593 3280 οὐδὲν
2654 3226 2712 3281 δὲ
2764 3236 2863 3280 τῶν
2919 3231 3240 3300 παθημάτων
3309 3230 3470 3282 αὑτοῦ
3543 3229 3843 3303 παρέλιπον,

2522 3587 2620 3635 Καὶ
2670 3581 2862 3653 ἐγένετο
2919 3614 2986 3622 -
3039 3583 3215 3637 αὑτοῦ.
3277 3579 3427 3636 ’Ῑδὼν
3464 3584 3490 3634 ό
3542 3591 3771 3656 Χριστος
3818 3587 3908 3640 τὴν
3962 3582 4031 3634 εἰ-

2446 3669 2836 3742 λικρινεστάτην
2913 3672 3146 3729 ὑπακοὴν
3217 3674 3402 3724 τούτου
3451 3676 3540 3723 καὶ
3595 3674 3896 3746 προθυμίαν,
3946 3669 4031 3721 ἐπὶ

2448 3762 2540 3816 τὴν
2597 3758 2762 3810 οἰκίαν
2816 3759 2974 3811 αὑτοῦ
3027 3762 3389 3832 πάραγίνεται,
3439 3769 3599 3832 τιμῶν
3661 3779 3711 3812 τε
3755 3759 3902 3810 αὐτόν
3941 3762 4028 3808 καὶ

2447 3846 2804 3918 οἰκειούμενος,
2851 3853 2939 3899 καὶ
2976 3847 3272 3923 παρρησίας
3315 3845 3655 3920 μεταδιδοὺς,
3695 3852 3782 3900 καὶ
3822 3849 3902 3898 ἶνα
3943 3850 4028 3898 καὶ

2445 3942 2554 3996 τοίς
2589 3935 2686 3987 ἐκεῖ
2713 3939 2968 4009 παράσχῃ
3000 3940 3114 3989 τινα
3150 3933 3434 4010 διόρθωσιν
3464 3956 3475 3967 ·
3511 3939 3664 3997 αὐτὸς
3695 3934 3774 4007 δὲ,
3801 3937 4035 3988 τοιούτου

2444 4028 2618 4095 τυχὼν
2662 4023 2881 4095 ἀγαθοῦ,
2921 4025 3303 4099 φιλοτιμότερον
3343 4022 3672 4097 διεγείρεται,
3716 4031 3825 4093 καὶ,
3874 4027 4037 4083 καθώς

2447 4133 2602 4186 φησιν
2672 4115 2697 4164 ό
2772 4120 3000 4183 Λουκᾶς,
3078 4113 3290 4172 ἐποίησε
3353 4111 3525 4186 δοχὴν
3600 4115 3830 4187 μεγάλην
3902 4113 4035 4182 αὐτῷ

2446 4203 2496 4254 ἐν
2531 4210 2591 4274 τῇ
2643 4202 2782 4274 οἰκία
2827 4203 3006 4271 αὐτοῦ,
3055 4208 3339 4270 τουτέστιν,
3390 4200 3689 4275 ὑποδοχὴν,
3744 4206 4029 4276 θεραπείαν,

2447 4311 2701 4345 εστιασιν.

2516 4379 2742 4442 Τελωνας
2802 4377 2860 4432 δὲ
2930 4386 3020 4434 καὶ
3081 4379 3417 4455 ἁμαρτωλοὺς
3461 4384 3582 4441 τους
3639 4381 3823 4441 αὐτοὺς
3886 4380 4037 4451 λέγει,

2449 4470 2569 4541 πρὸς
2610 4465 2902 4540 διασυρμὸν
2949 4469 3134 4523 αὐτῶν.
3179 4469 3505 4527 Διεϐέϐληντο
3552 4473 3676 4544 γὰρ,
3718 4472 3786 4531 ὡς
3825 4467 4034 4524 οἰὸικοι.

2446 4562 2534 4609 καὶ
2587 4556 2893 4626 πλεονέκται,
2950 4563 3035 4610 καὶ
3091 4558 3338 4630 ἅρπαγες,
3398 4564 3486 4610 καὶ
3549 4557 3899 4630 ἀσυμπαθεῖς,
3959 4561 4045 4611 καὶ

2450 4642 2674 4706 amas;
2705 4663 2718 4676 ο
2776 4647 2803 4704 ἡ
2865 4651 2954 4698 καὶ
2995 4645 3135 4698 ἱλλοι
3195 4649 3325 4706 τινες
3375 4643 3528 4715 ἦσαν,
3581 4650 3703 4707 ἴσως
3755 4648 3909 4721 ἕτερα
3957 4654 4044 4722 μεν

2448 4731 2838 4806 ἐπιτηδεύματα
2891 4737 3118 4806 ἔχοντες,
3177 4743 3278 4795 τοῖς
3329 4735 3506 4794 αὐτοῖς
3565 4731 3624 4787 δὲ
3685 4737 3910 4789 πάθεσιν
3967 4737 4047 4789 ἐν-

2450 4827 2705 4895 εχόμενοι.
2739 4831 2820 4894 Τῷ
2854 4827 2953 4897 γὰρ
2978 4825 3137 4895 ὁμοίῳ
3167 4828 3348 4899 χαίρει
3374 4827 3430 4875 τό
3458 4826 3650 4896 ὅμοιον.

2521 5078 2782 5154 ιῐαρέλαϐς
2826 5080 2926 5152 γὰρ
2979 5084 3066 5133 καὶ
3124 5081 3331 5140 τούτους
3392 5079 3464 5142 εἰς
3511 5079 3748 5133 ἑστίασιν
3798 5081 3824 5132 ό
3899 5090 4045 5137 Μκτ-

1885 5331 2111 5400 Variae
2159 5329 2488 5398 lectiones
2519 5339 2584 5397 et
2612 5338 2791 5396 notae

687 5584 699 5596 _
751 5488 868 5641 ρο)
897 5511 1300 5592 Haec-uterque
1317 5504 1503 5589 codes
1521 5504 1581 5561 in
1601 5502 1869 5577 margine
1889 5500 2088 5558 habet.
2119 5499 2340 5558 Eadem

687 5599 744 5641 in
774 5600 930 5641 emus
963 5581 1236 5640 exibebat
1262 5579 1602 5636 Hentenius.

684 5579 930 5643 inferius
963 5579 1236 5640 exibebat
1262 5579 1602 5636 Hentenius.

758 5736 880 5812 (dd)
911 5736 1152 5806 ΑὐτίκαΗ
1175 5748 1298 5792 non
1322 5735 1430 5801 est,
1461 5731 1681 5802 statim,
1719 5729 1845 5794 sed,
1877 5727 2133 5796 exempli
2161 5726 2361 5782 cdusa.

2524 5498 2636 5569 (91)
2667 5499 2736 5564 οἱ,
2769 5496 2937 5555 abest
2961 5498 3019 5552 B.
