4170 6504
254 392 364 446 309

1237 390 1606 450 COMMENT.
1650 390 1718 446 IN
1754 386 2198 447 MATTHEUM.
2238 417 2309 431 —
2347 387 2503 445 CAP.
2548 388 2643 446 IX.

3519 384 3626 442 3l0

254 521 426 582 θαῖος,
490 524 907 581 κοινωνήσοντας
961 519 1099 590 αὐτῷ
1145 527 1239 581 τῆς
1295 525 1491 592 χαρᾶς,
1549 521 1615 579 ὡς
1682 518 1852 588 ὁμοτέε

1969 514 2071 586 qui
2104 513 2216 569 sibi
2257 514 2314 568 in
2362 513 2584 582 gaudio
2614 510 3160 576 communicabant,
3224 514 3281 567 et
3326 512 3450 584 ejus
3479 512 3622 569 artis

251 626 417 678 χνους
469 613 562 659 καὶ
625 610 915 671 συντόθεις.
976 616 1016 660 Ο
1056 605 1116 661 δε
1182 612 1404 680 Χριστὸς
1462 608 1714 677 ἠνέσχετο
1771 609 1859 656 καὶ

255 695 533 747 ἀναπεσεῖν
591 701 682 747 καὶ
721 705 1087 749 συναναπεσεὶν
1130 700 1394 760 τοιούτοις,
1454 693 1545 748 διὰ
1595 699 1688 752 τὴν
1739 693 1857 766 μελ-

259 785 439 835 λονσαν
494 786 743 855 γενέσθαι
787 793 890 846 τοῖς
943 791 1388 858 συνανακειμένοις
1440 784 1698 856 ὠφέλειαν
1768 786 1857 835 καὶ

276 877 478 945 μετέσχε
523 881 630 924 τῶν
676 872 730 936 ἐξ
771 871 984 937 ἀδικίας
1039 877 1420 948 παρατεθέντων
1477 875 1668 936 αὐτοῖς,
1717 870 1857 925 διότι

270 968 384 1031 μέγα
456 958 654 1034 κέρδος
739 961 960 1016 ἐντεῦθεν
1031 964 1226 1036 ἔμελλεν
1306 965 1538 1028 ἔσεσθαι,
1614 968 1702 1013 καὶ
1763 962 1857 1013 οῦκ

263 1051 523 1120 ἐφρόντισε
587 1058 687 1112 τῆς
750 1054 893 1123 παρὰ
939 1061 1035 1104 τῶν
1084 1051 1278 1104 πολλῶν
1361 1050 1620 1123 μέμψεως,
1686 1046 1853 1115 εἰδὼς,

254 1140 328 1190 ὅτι
383 1141 409 1190 ὀ
466 1140 676 1213 ἰατρὸς,
756 1139 841 1192 ἰὰν
894 1146 965 1212 μὴ
1020 1140 1324 1212 ἁνάσχηται
1393 1136 1698 1204 σηπεδόνος,
1765 1138 1857 1188 οὐκ

249 1226 573 1280 ἀπαλλάττει
646 1230 845 1289 ταύτης
902 1234 1022 1291 τοὺς
1077 1233 1381 1302 κάμνονταςο
1441 1233 1612 1280 καίτοι
1681 1237 1858 1298 cupii;

249 1315 554 1385 ἐγίνωσκεν,
612 1318 694 1368 ὃτι
746 1323 971 1392 πονηρὰν
1029 1317 1252 1370 ἐντεῦθεν
1307 1316 1565 1388 ὑπόληψιν
1611 1315 1852 1387 λήψεται,

251 1401 386 1456 διότι
447 1424 508 1458 τε
567 1409 695 1480 πρός
741 1407 967 1477 εὐωχίαν
1019 1403 1155 1476 ἧλῡε,
1211 1411 1300 1458 καὶ
1357 1402 1497 1457 διότι
1557 1409 1684 1478 πρὸς
1725 1405 1853 1457 εὐω-

245 1500 369 1562 χίαν
402 1494 660 1561 τελώνου,
701 1501 791 1548 καὶ
823 1492 961 1547 διότι
990 1495 1194 1556 πολλοῖς
1222 1495 1459 1556 τελώναις
1497 1498 1585 1545 καὶ
1615 1493 1850 1566 ἁμαρτω-

244 1583 346 1644 λοῖς
379 1589 754 1638 συνανέπεσεν.

309 1672 453 1745 Ὀρα
509 1680 639 1744 γοῦν
706 1674 919 1746 ὕστερον
981 1679 1091 1734 τοὶς
1137 1670 1428 1734 Ἰουδαίους
1504 1669 1851 1734 ὀνειδίζοντας

987 1759 1126 1815 Ἰδοὺ
1213 1764 1475 1836 ἅνθρωπος
1537 1765 1698 1833 φάγος
1763 1766 1848 1812 καί

845 1850 1065 1903 τελωνῶν
1149 1856 1239 1902 καὶ
1316 1851 1657 1924 ἁμαρτωλῶν·
1742 1849 1851 1901 ἀλλ’
1885 1868 1925 1923 Β

1647 1942 1728 1991 ἶνα
1792 1942 1850 1991 τὸ

244 1761 381 1831 erit?)
467 1766 567 1812 καὶ
640 1761 901 1832 λέγοντας·

242 1850 488 1906 οὶνοπότη
503 1869 547 1915 ς,
631 1850 770 1921 φίλος

243 1941 376 2009 ὀμως
461 1939 658 1998 ἐκεῖνος
723 1941 986 2014 ὑπερεώρα
1065 1943 1257 1992 τούτων
1338 1941 1562 2004 πάντων,

243 2023 688 2098 σπουδαζόμενον
737 2026 926 2100 ἁνύση,
976 2032 1060 2080 καὶ
1119 2030 1200 2080 ἱνα
1268 2029 1453 2100 μάθῃς,
1503 2029 1581 2080 ὅτι
1628 2047 1848 2079 συνανα-

242 2121 413 2168 πεσὼν
458 2116 667 2180 αὐτοῖς,
725 2120 967 2187 μέγιστον
1019 2119 1223 2175 ἧνυσεν.
1268 2116 1546 2186 Ἀκουσον,
1601 2121 1652 2167 τί
1720 2135 1850 2188 φησι

237 2212 517 2277 Ζακχαῖος
607 2207 633 2256 ὁ
705 2204 944 2266 τελώνης.
1031 2202 1242 2262 Ἐπειδή
1323 2209 1419 2277 γὰρ
1501 2209 1695 2262 ἤκουσε
1758 2212 1848 2256 τοῦ

239 2301 485 2364 Χριστοῦ
557 2292 808 2365 λέγοντος,
884 2295 961 2346 ὅτι
1031 2299 1255 2367 Σήμερον
1311 2293 1359 2344 ἐν
1423 2302 1493 2364 τῷ
1563 2297 1686 2364 οἴκῳ
1754 2312 1848 2345 σου

239 2379 320 2434 δεῖ
372 2402 442 2454 με
495 2389 695 2454 μεῖναι,
762 2383 1039 2457 πτερωθεὶς
1109 2384 1208 2434 ὑπὸ
1281 2391 1373 2444 τῆς
1437 2388 1633 2454 χαρᾶς,
1692 2382 1845 2438 εἰπεν.

234 2469 381 2524 Ἰδοὺ
476 2473 549 2522 τὰ
614 2473 784 2541 ἡμίση
859 2479 958 2523 τῶν
1053 2472 1395 2544 ὑπαρχόντων
1483 2491 1592 2542 μοι,
1674 2474 1846 2545 Κύριε,

237 2556 450 2631 διδωμι
499 2566 744 2629 πτωχοῖς
801 2603 815 2628 ,
866 2564 956 2611 καὶ
1020 2562 1066 2612 εἶ
1123 2565 1259 2620 τινός
1307 2579 1358 2611 τι
1431 2559 1846 2631 ἐσυκοφάντησα,

238 2645 566 2719 ἀποδίδωμι
643 2647 976 2720 τετραπλοῦν.
1058 2645 1179 2700 Εἶπε
1247 2645 1305 2701 δε
1391 2652 1519 2720 πρὸς
1600 2648 1752 2700 αὐτὸν
1823 2648 1848 2698 ό

241 2737 480 2799 Ἰησοῦς·
569 2742 793 2810 Σήμερον
874 2741 1110 2809 σωτηρία
1191 2734 1261 2808 τῷ
1325 2740 1450 2809 οῖκῳ
1506 2740 1671 2808 τούτῳ
1747 2735 1852 2807 ἐγίο

237 2845 342 2879 νετο
350 2866 364 2878 ο

308 2920 415 2968 Καὶ
449 2922 567 2975 πῶς
605 2915 631 2966 ὁ
684 2916 884 2976 Παῦλος
937 2914 1094 2986 λέγει’
1155 2915 1270 2968 Ἐάν
1313 2934 1394 2976 τις
1452 2911 1672 2986 ἀδελφὸς
1735 2913 1850 2966 ὀνο-

254 3009 533 3075 μαζόμενος
620 3002 651 3060 ἣ
721 3008 929 3076 πόρνος,
1010 3005 1038 3062 ἡ
1116 3004 1437 3069 πλεονέκτης,
1496 3012 1565 3073 τῷ
1632 3007 1850 3074 τοιούτῳ

257 3089 378 3160 uti:
416 3092 540 3163 (9'2)
597 3094 884 3144 συνεσθίειν
953 3108 967 3160 ;
1016 3092 1073 3143 Ὀ
1139 3093 1333 3152 Παῦλος
1389 3092 1448 3144 οὗ
1505 3096 1635 3167 πρὸς
1689 3089 1847 3145 διδα-

253 3181 490 3246 σκάλους,
522 3179 661 3231 ἀλλά
706 3184 835 3252 πρὸς
879 3181 992 3252 (93)
1025 3180 1196 3241 ἁπλῶς
1237 3178 1484 3252 ἀδελφοὺς
1538 3185 1689 3232 τοῦτο
1720 3201 1850 3255 παρ·
1883 3211 1922 3265 C

241 3277 393 3324 αινεῖ.
441 3269 604 3322 Ἀλλὰ
660 3274 748 3319 καὶ
797 3274 915 3342 περὶ
954 3265 1182 3342 ἀδελφῶν
1234 3273 1420 3330 ἐκεῖνος
1458 3273 1609 3321 τοῦτό
1667 3289 1844 3341 φησιν·

241 3357 382 3410 οὗτοι
425 3353 488 3410 δε
526 3359 579 3408 οἱ
636 3356 848 3408 τελῶναι
904 3363 991 3409 καὶ
1047 3357 1341 3432 ἁμαρτωλοὶ
1380 3361 1522 3408 οὔπω
1573 3362 1847 3428 γεγόνασιν

243 3443 483 3518 ἀδελφοί.
527 3445 692 3498 Ἀλλὰ
737 3451 846 3512 καὶ,
901 3448 1020 3498 ὅταν
1069 3445 1347 3518 ἐπιμένωσι
1387 3454 1499 3507 ταῖς
1541 3445 1843 3518 ἁμαρτίαις·

239 3534 382 3585 οὗτοι
416 3532 480 3585 ὀὶ
507 3532 900 3605 μεταϐληθῆναι
919 3533 1106 3606 μᾶλλον
1135 3535 1354 3606 ἔμελλον.

309 3628 414 3676 Καὶ
460 3653 528 3661 —
571 3625 597 3672 ό
620 3619 946 3684 διδάσκαλος
976 3625 1114 3694 ὑμῶν
1148 3626 1396 3698 ςΜάρκος
1429 3619 1487 3676 δε
1527 3627 1615 3674 καὶ
1643 3627 1848 3684 Λουκᾶς

235 3716 422 3782 φασὶν,
452 3712 535 3762 ὅτι
564 3715 653 3761 καὶ
680 3712 727 3762 οἰ
753 3717 1075 3786 Γραμματεῖς
1097 3719 1248 3764 τοῦτο
1269 3714 1399 3784 μετὰ
1420 3720 1518 3763 τῶν
1551 3715 1846 3784 Φαρισαίων

236 3797 404 3854 εἶπον.

305 3887 451 3960 Ὀρα
507 3883 586 3952 δί,
623 3895 730 3950 πῶς
792 3889 876 3941 ὅτε
929 3891 1019 3959 μὲν
1059 3891 1107 3940 οἱ
1143 3890 1376 3960 μαθηταὶ
1407 3885 1655 3941 δοκοῦσιν
1681 3889 1848 3962 ἁμαρ-

228 3977 434 4044 τάνειν,
488 3983 563 4046 τῷ
619 3972 930 4046 διδασκάλῳ
977 3978 1091 4028 κατ’
1130 3977 1297 4028 αὐτῶν
1340 3977 1600 4049 λέγουσιν·
1645 3974 1768 4030 Ιδοὺ
1799 3977 1848 4030 οἰ

227 4066 483 4135 μαθηταί
529 4083 625 4116 σου
680 4064 792 4135 (94)
829 4067 1090 4132 ποιοῦσιν,
1135 4067 1161 4118 ὅ
1209 4065 1301 4118 οὐκ
1359 4065 1522 4128 ἔξεστι
1578 4063 1740 4118 ποιεῖν
1795 4065 1846 4118 ἐν

228 4154 516 4225 Σαϐϐατῳ·
549 4157 630 4206 ὅτε
677 4152 735 4208 δε
771 4158 795 4207 ό
829 4152 1174 4226 διδάσκαλος,
1205 4160 1269 4216 ὡς
1316 4162 1404 4209 καὶ
1433 4165 1543 4222 νῦν,
1571 4160 1714 4230 παρὰ
1738 4165 1846 4220 τοῖς

226 4246 513 4318 μαθηταῖς
571 4241 940 4297 διαϐάλλουσιν
993 4245 1164 4312 αὐτόν,
1214 4253 1642 4318 κακουργοῦντες,
1711 4249 1844 4299 ὥστε

225 4340 322 4387 τὸν
353 4338 526 4407 χορόν
556 4342 654 4386 τῶν
685 4337 929 4406 μαθητῶν
956 4333 1246 4410 ἀπορρῆξαι
1272 4344 1364 4387 τοῦ
1398 4333 1746 4389 διδασκάλου.
1780 4341 1844 4389 Τί

227 4422 326 4477 οὖν
361 4427 390 4481 ἡ
421 4427 636 4496 οἷπειρος
669 4430 862 4496 copias;

302 4513 368 4566 Ὀ
401 4511 465 4565 δὲ
488 4514 702 4574 Ἰησοῦς
741 4512 972 4576 ἀκούσας
1011 4545 1078 4554 -
1107 4523 1276 4574 κακῶς
1315 4517 1540 4586 ἔχοντες.
1577 4515 1704 4568 Ἀπὸ
1728 4533 1839 4567 κοι-
1875 4557 1918 4611 D

226 4612 324 4655 νοῦ
357 4599 780 4675 παραδεὶγματος
804 4603 1138 4676 ἐπεστόμισεν
1166 4603 1372 4667 αὐτοὺς,
1406 4609 1494 4655 καὶ
1525 4607 1580 4655 τὸ
1608 4604 1840 4676 ἔγκλημα

1521 4694 1532 4726 l

227 4702 393 4746 τοῦτο
467 4692 656 4762 μᾶλλον
731 4693 801 4753 εἰς
878 4695 1192 4765 κατόρθωμα
1274 4694 1590 4767 περιέτρεψε,
1671 4691 1840 4756 δείξας

227 4785 290 4834 οὗ
361 4787 518 4853 μόνον
577 4783 864 4852 ἄμεμπτον,
939 4782 1066 4833 ἀλλὰ
1129 4788 1219 4834 καὶ
1285 4783 1472 4854 μᾶλλον
1556 4781 1834 4836 ἐπαινετόν.

229 4869 368 4924 Εἶτα
425 4875 516 4922 καὶ
574 4869 674 4922 ἀπὸ
736 4877 938 4944 Γραφῆς
1001 4875 1324 4943 πρόφητικῆς
1381 4871 1564 4931 αὐτοὺς
1621 4873 1836 4940 ἔπεισεν,

231 4962 412 5012 εἰπών·

310 5086 355 5156 Τί
408 5083 610 5156 Matth.
649 5099 734 5150 ιι,
786 5088 868 5141 l9.

244 5154 288 5190 ⁸³
313 5155 518 5213 Matth.
543 5154 650 5220 xu,
687 5159 738 5210 2.

947 5085 995 5120 ⁷⁸
1026 5086 1162 5143 Luc.
1208 5101 1326 5152 xxx,
1383 5091 1433 5141 5.

1511 5088 1558 5121 ⁷³
1613 5085 1762 5142 ibid.
1825 5103 1942 5152 vm,
1976 5090 2026 5143 9.

1970 602 2441 674 eorumdemque
2459 606 2625 657 erant
2641 616 2899 656 morum.
2923 600 3187 655 Christus
3204 603 3403 656 autem
3416 601 3625 659 tolera-

1967 690 2070 747 bat
2090 696 2151 745 ut
2167 691 2335 746 etiam
2350 691 2564 762 pariter
2583 707 2719 747 cum
2740 705 2811 746 eo
2830 689 2974 745 tales
2990 687 3432 755 accumberent,
3457 705 3624 764 prap-

1969 783 2051 835 ter
2070 784 2380 835 venturam
2415 779 2594 835 simul
2627 777 3122 835 accumbentibus
3172 777 3485 835 utilitatem
3519 796 3533 835 :
3565 784 3624 838 et

1968 867 2254 940 particeps
2281 883 2414 923 cum
2442 869 2524 923 eis
2571 872 2697 924 erat
2735 867 3094 923 ferculorum
3128 867 3347 938 injuste
3373 872 3621 940 parato-

1967 970 2123 1022 rum,
2157 954 2236 1011 ob
2268 956 2493 1025 grande
2521 957 2777 1020 lucrum,
2809 955 2975 1028 quod
3008 955 3147 1012 inde
3203 960 3326 1012 erat
3370 971 3618 1028 proven-

1965 1047 2211 1103 turum:
2270 1060 2378 1100 nec
2435 1045 2687 1101 curabat
2742 1043 3057 1101 multorum
3117 1044 3617 1114 indignationem,

1966 1135 2159 1191 sciens
2199 1133 2386 1207 quod,
2446 1134 2558 1190 nisi
2621 1133 2892 1190 medicus
2939 1133 3319 1206 putredinem
3371 1133 3616 1201 tolleret,

1964 1223 2042 1280 ab
2060 1239 2131 1280 ea
2154 1239 2274 1279 non
2293 1222 2564 1279 liberabit
2581 1226 2951 1292 aegrotantes.
2968 1222 3146 1293 Atqui
3173 1221 3351 1293 plane
3377 1227 3620 1281 noverat

1965 1327 2203 1383 pravam
2234 1311 2373 1366 inde
2404 1310 2806 1383 suspicionem
2847 1311 2916 1366 de
2945 1326 3006 1364 se
3035 1309 3420 1375 exorituram,
3452 1311 3619 1384 quod

1963 1399 2041 1456 ad
2071 1399 2314 1471 epulum
2344 1404 2615 1466 venisset,
2641 1404 2697 1456 et
2731 1399 2891 1471 quod
2916 1398 2994 1456 ad
3018 1397 3322 1470 publicani
3349 1399 3612 1472 epulum,

1962 1487 2248 1561 quodque
2273 1488 2440 1544 simul
2473 1504 2612 1544 cum
2652 1487 2853 1545 multis
2906 1486 3242 1559 publicanis
3293 1489 3616 1546 accumbe-

1960 1582 2070 1632 ret.

2032 1665 2176 1721 Vide
2192 1666 2347 1722 enim
2374 1665 2766 1738 postmodum
2784 1665 3026 1722 Judmos
3056 1665 3536 1740 improperantes
3561 1667 3616 1724 ei

1961 1771 2030 1812 ac
2059 1755 2321 1811 dicentes
2347 1771 2358 1809 :
2393 1755 2539 1811 Ecce
2569 1754 2728 1811 homo
2758 1770 2969 1821 vorax,
3012 1757 3065 1810 et
3091 1761 3267 1824 potor
3291 1756 3435 1821 vini,
3467 1756 3617 1814 ami-

1961 1860 2058 1900 cus
2074 1845 2538 1913 publicanorum
2561 1850 2612 1900 et
2627 1851 3002 1912 peccatorum
3017 1845 3097 1909 7";
3142 1844 3246 1900 sed
3266 1847 3463 1901 tamen
3484 1846 3614 1904 haec

1958 1933 2162 1988 omnia
2192 1932 2456 2004 despicit,
2483 1937 2546 1987 ut
2573 1931 2737 2004 quod
2770 1939 3016 1989 conatur
3045 1931 3282 1990 efﬁciat.
3313 1935 3381 1990 Ut
3410 1939 3612 1993 autem

1959 2021 2113 2078 scias
2163 2022 2325 2094 quod
2386 2020 2564 2077 simul
2611 2021 3048 2087 accumbendo,
3107 2037 3232 2078 rem
3290 2024 3613 2082 maximam

1958 2114 2254 2182 operetur,
2297 2109 2438 2166 audi
2477 2109 2624 2182 quid
2663 2109 2818 2166 dicat
2875 2111 3186 2168 Zacchaaus
3238 2110 3609 2185 publicanus.

1960 2202 2274 2270 Postquam
2301 2198 2457 2254 enim
2482 2198 2782 2254 Christum
2810 2199 3038 2256 audivit
3061 2199 3359 2258 dicentem
3392 2219 3408 2256 :
3433 2203 3612 2261 Hodie

1958 2287 2018 2342 in
2034 2287 2205 2343 domo
2227 2294 2326 2342 tua
2355 2291 2573 2355 oportet
2597 2302 2689 2343 me
2721 2302 2958 2344 manere
2999 2289 3070 2354 ⁷⁸,
3111 2287 3318 2345 animo
3347 2290 3612 2360 gestiens

1959 2380 2015 2432 et
2039 2391 2161 2446 pra:
2201 2375 2422 2445 gaudio
2441 2376 2498 2432 in
2528 2375 2780 2433 sublime
2798 2375 3084 2442 elevatus,
3116 2375 3198 2433 ait
3224 2393 3237 2432 :
3267 2377 3415 2435 Ecce
3441 2378 3611 2435 dimi-

1959 2465 2120 2520 dium
2141 2463 2482 2521 substantia
2504 2479 2665 2528 mea,
2694 2465 2956 2530 Domine,
2979 2465 3054 2521 do
3066 2465 3451 2536 pauperibus,
3489 2471 3539 2523 et
3561 2470 3611 2524 si

1959 2553 2104 2623 quid
2116 2553 2371 2623 aliquem
2384 2552 2557 2622 defra
2565 2553 2765 2618 udavi,
2785 2553 2969 2610 reddo
2999 2554 3425 2626 quadruplum.
3442 2556 3611 2615 Dixit

1961 2647 2158 2697 autem
2180 2641 2257 2697 ad
2287 2656 2411 2698 eum
2441 2642 2608 2699 Jesus
2634 2659 2650 2697 :
2678 2642 2858 2701 Hodie
2883 2642 3041 2700 salus
3077 2643 3217 2700 huic
3237 2643 3435 2702 domui
3444 2645 3610 2716 facta

1959 2738 2038 2787 est
2063 2732 2138 2788 7’.

2033 2916 2349 2984 Quomodo
2366 2932 2508 2989 ergo
2530 2916 2671 2974 dicit
2690 2916 2906 2974 Paulus
2933 2933 2948 2974 :
2974 2917 3040 2976 Si
3057 2919 3185 2992 quis
3201 2919 3396 2978 dictus
3415 2921 3613 2992 frater

1961 3013 2042 3064 est
2053 3006 2515 3077 fornicator(rr)
2528 3013 2631 3064 aut
2647 3021 2892 3073 avarus,
2918 3024 3051 3064 cum
3070 3009 3410 3078 huiusmodi
3421 3025 3518 3068 nee
3534 3011 3610 3068 ci-

1962 3097 2094 3152 bum
2117 3099 2363 3151 sumatis
2385 3096 2472 3150 1'0‘?
2493 3094 2712 3151 Paulus
2733 3095 2794 3152 in
2807 3096 2920 3154 hoc
2932 3112 3054 3154 non
3076 3103 3490 3171 prmoeptores.
3507 3100 3614 3158 sed

1960 3183 2308 3256 simpliciter
2345 3182 2554 3239 fratres
2592 3183 2957 3242 adhortatur.
2997 3185 3289 3245 Praeterea
3317 3188 3392 3243 de
3429 3188 3609 3247 fratre

1957 3273 2071 3329 hoc
2101 3271 2242 3326 dicit
2280 3271 2409 3326 ille:
2458 3271 2521 3326 lli
2560 3276 2761 3328 autem
2807 3271 3114 3346 publicani
3172 3274 3441 3332 nondum
3471 3276 3614 3334 facti

1959 3364 2125 3417 erant
2142 3359 2375 3416 fratres.
2405 3358 2494 3413 Ad
2523 3359 2669 3422 haec,
2691 3359 2837 3417 dum
2861 3361 3298 3432 permanserint
3324 3363 3384 3420 in
3405 3379 3613 3436 pecca-

1957 3449 2030 3505 tis
2055 3448 2170 3503 hoc
2208 3445 2560 3502 faciundum
2612 3450 2701 3504 est
2731 3463 2747 3513 ;
2776 3447 2873 3504 isti
2912 3463 3055 3506 vero
3108 3449 3309 3521 potius
3375 3466 3448 3508 ex
3494 3451 3611 3510 hoc

1957 3533 2336 3593 convertendi
2362 3537 2550 3590 erant.

2026 3627 2188 3681 Vers.
2223 3627 2309 3679 Ην
2335 3622 2412 3679 Ει
2452 3652 2520 3665 --
2569 3623 2853 3695 magister
2871 3626 3101 3684 vester?
3141 3625 3375 3684 Marcus
3423 3630 3480 3684 et
3503 3629 3612 3686 Lu-

1956 3731 2059 3773 cas
2081 3711 2551 3770 dixeruntetiam
2573 3712 2810 3773 Scribas
2822 3713 3001 3772 simul
3017 3731 3157 3774 cum
3179 3715 3612 3776 Pharisaaishoc

1954 3806 2168 3864 dixisse
2207 3811 2250 3846 ⁸³
2263 3849 2275 3862 .

2028 3897 2173 3954 Vide
2203 3903 2405 3956 autem
2429 3899 2618 3972 quod,
2660 3895 2902 3970 quando
2931 3894 3208 3969 discipuli
3236 3909 3485 3969 peccare
3527 3897 3612 3956 vi-

1955 3985 2189 4053 dentur,
2249 3988 2600 4061 praeceptori
2649 3987 2936 4044 adversus
2991 3984 3125 4042 illos
3158 3985 3404 4044 dicunt:
3464 3986 3612 4046 Ecce

1955 4075 2243 4146 discipuli
2271 4079 2364 4132 tui
2392 4078 2623 4147 faciunt
2645 4077 2713 4143 υ,
2735 4073 3036 4148 quodnon
3054 4073 3190 4130 licet
3225 4071 3418 4130 facere
3459 4074 3612 4134 Sab-

1953 4163 2550 4230 batis.0uandovero
2586 4168 2937 4236 praeceptor,
2953 4166 3017 4216 ut
3036 4176 3216 4226 nunc,
3261 4162 3610 4234 apuddisci-

1955 4251 2297 4322 pulosillum
2319 4251 2780 4316 calumniantur,
2799 4249 3004 4306 dolose
3017 4252 3262 4318 agentes
3286 4249 3609 4310 utchorum

1952 4339 2383 4410 discipulorum
2411 4355 2446 4396 a
2468 4346 2831 4412 praeceptore
2858 4339 3155 4410 separent.
3181 4336 3334 4402 Quid
3363 4351 3506 4408 ergo
3526 4339 3609 4399 ait

1951 4427 2246 4500 profunda
2268 4429 2566 4500 Sapientia
2598 4431 2627 4485 τ

2025 4516 2185 4573 Vers.
2217 4521 2300 4572 t2.
2345 4519 2466 4586 Quo
2509 4517 2716 4574 audito
2753 4515 2919 4574 Jesus
2941 4545 3009 4555 —
3047 4514 3202 4572 male
3232 4513 3602 4575 habentibus.

1950 4607 1995 4660 Α
2021 4607 2329 4663 communi
2355 4607 2630 4680 exemplo
2661 4623 2729 4664 os
2784 4605 2900 4664 illis
2943 4604 3261 4678 oppressit,
3295 4612 3350 4661 et
3369 4620 3606 4664 accusa-

1950 4696 2170 4751 tionem
2223 4697 2379 4753 hanc
2433 4697 2632 4769 potius
2687 4697 2765 4754 ad
2810 4695 3033 4752 virtutis
3094 4697 3602 4767 opusconvertit,

1949 4784 2268 4840 ostendens
2315 4801 2438 4842 non
2491 4785 2686 4842 solum
2739 4783 3253 4856 irreprehensibile
3307 4799 3458 4856 esse,
3495 4787 3604 4843 sed

1948 4874 2142 4943 magis
2165 4874 2343 4930 laude
2364 4875 2641 4945 dignum.
2697 4873 2917 4930 Deinde
2941 4889 2978 4931 a
3009 4873 3311 4946 Scriptura
3357 4889 3602 4949 quoque

1951 4963 2298 5034 prophetica
2326 4963 2664 5036 persuadet,
2704 4963 2910 5020 dicens
2941 4977 2956 5021 :

2105 5089 2154 5124 ⁸ο
2201 5088 2386 5144 lCor.
2415 5106 2469 5155 v,
2508 5091 2588 5145 11.
2670 5089 2713 5126 ⁸¹
2755 5091 2927 5146 Marc.
2978 5105 3038 5156 ιι,
3094 5092 3194 5157 t6;
3251 5091 3393 5152 Luc.
3439 5103 3495 5162 ν,
3531 5095 3599 5150 30

1471 5253 1698 5324 Variae
1713 5255 2038 5325 lectiones
2059 5265 2124 5324 et
2145 5266 2349 5326 notae.

305 5424 418 5566 g2)
457 5429 530 5496 μή
583 5424 650 5479 Δ.

363 5501 415 5566 3)
457 5497 650 5553 Rarun

327 5493 415 5568 93)
457 5493 683 5553 Rarum
703 5493 842 5560 hoc,
875 5500 1140 5568 παραινεῖν
1165 5498 1295 5569 πρὸς
1325 5515 1463 5552 τινα.

2017 5427 2132 5498 (94)
2154 5445 2269 5491 σου,
2304 5426 2516 5483 omittit
2540 5427 2600 5482 Β.

302 5648 410 5720 (rr)
442 5649 552 5706 Esl
579 5648 944 5719 fornicator.
971 5645 1212 5704 Videtur
1239 5662 1381 5722 ergo
1419 5647 1634 5720 legisse
1663 5645 1716 5721 ᾖ,
1745 5648 1881 5706 loco
1919 5647 1975 5716 ἣ,
2000 5646 2115 5704 nisi
2138 5647 2446 5719 vulgatam
2484 5648 2778 5723 Latinam,
2809 5651 2875 5708 ut
2911 5649 3080 5720 solet,
3109 5650 3421 5724 expressit.
