4170 6462
594 351 693 410 311

595 583 830 642 quoque
867 567 982 624 illis
1017 569 1448 640 Scripturarum
1484 571 1908 641 ignorantiam,
1950 589 2239 629 revocans

593 657 1027 714 acmodestiam
1045 657 1266 713 fastum
1285 659 1575 730 ipsorum,
1595 665 1654 716 et
1669 661 1731 716 id
1749 663 1910 732 quod
1929 663 2241 734 agitsupra

592 746 884 802 sacriﬁcia
913 747 1218 802 extollens.
1263 750 1359 802 Est
1405 754 1606 804 autem
1665 751 2034 806 tantumdem
2091 767 2162 806 ac
2192 751 2240 806 si

591 836 782 892 dicat:
812 839 939 892 Non
983 842 1071 892 est
1095 842 1302 893 contra
1355 839 1712 910 Scripturam
1761 855 2017 903 sacram,
2075 840 2241 913 quod

591 924 768 982 facio.
814 926 970 982 Deus
1008 926 1159 982 enim
1204 926 1560 998 prophetam
1609 929 1855 985 dicens:
1914 931 2241 987 Misericor-

593 1015 756 1071 diam
777 1016 929 1082 voto,
965 1031 1084 1071 non
1127 1017 1483 1084 sacriﬁcium
1525 1019 1594 1082 ",
1631 1019 1890 1074 ostendit
1931 1019 2240 1075 meliorem

595 1121 728 1162 esse
760 1105 1222 1161 misericordiam
1252 1121 1439 1176 quam
1466 1106 1850 1163 sacriﬁcium.
1881 1107 2018 1164 Ideo
2049 1113 2105 1164 et
2129 1123 2240 1178 ego

595 1193 1062 1250 misericordiam
1084 1199 1378 1266 praestans
1399 1195 1492 1249 his
1513 1195 1617 1267 qui
1645 1197 1898 1267 peccatis
1929 1202 2070 1252 sunt
2090 1211 2241 1252 mor-

591 1281 732 1348 bidi,
767 1281 958 1338 infero
986 1298 1083 1338 me
1127 1282 1260 1348 illis,
1291 1288 1349 1338 et
1383 1300 1519 1338 cum
1549 1284 1634 1339 eis
1689 1299 2076 1354 conversaris,
2107 1301 2242 1341 om-

590 1387 732 1428 nem
749 1371 1000 1428 curandi
1027 1372 1276 1428 modum
1301 1372 1581 1428 adhibeo.

667 1460 828 1517 Vers.
851 1459 936 1516 13.
962 1461 1166 1532 Neque
1189 1491 1259 1501 —
1276 1463 1706 1530 paenitentiam.
1732 1464 1858 1517 Non
1877 1461 2007 1518 veni
2024 1466 2086 1517 ut
2102 1478 2240 1518 cum

590 1549 768 1621 justis
797 1564 1110 1605 converser
1142 1567 1156 1618 ;
1184 1565 1327 1605 nam
1376 1549 1490 1622 ipsi
1530 1549 1641 1606 sibi
1672 1551 1747 1605 ad
1799 1550 2053 1606 salutem
2081 1550 2240 1606 sum-

595 1639 796 1698 ciunt:
831 1638 935 1694 sed
971 1637 1157 1694 fateor
1187 1643 1425 1709 propter
1448 1638 1609 1694 solos
1644 1642 1988 1710 peccatores
2028 1655 2123 1694 me
2148 1655 2244 1694 ve-

591 1727 776 1792 nisse,
833 1726 935 1799 qui
987 1726 1335 1798 poenitentia
1378 1726 1687 1796 indigent;
1741 1727 2045 1797 quomodo
2099 1743 2242 1796 ergo

600 1816 710 1872 hos
733 1814 1138 1872 abominabor
1171 1820 1414 1886 propter
1447 1831 1601 1887 quos
1629 1815 1803 1871 veni?
1842 1816 1980 1871 Dicit
2017 1821 2240 1871 autem-

2349 1832 2486 1880 τους,
2526 1811 2598 1866 δι’
2639 1815 2723 1875 οὓς
2785 1816 3000 1875 ἐλήλυθα

594 1904 1056 1976 Chrysostomus
1099 1903 1212 1959 hoc
1243 1903 1458 1959 ironice
1489 1903 1778 1959 Christum
1816 1904 2037 1959 dixisse
2063 1917 2075 1956 :
2107 1905 2241 1960 Non

593 1994 752 2049 venit
782 1998 846 2048 ut
863 2007 1130 2049 vacarem
1148 1993 1357 2062 justas,
1386 1992 1596 2065 quales
1619 2008 1727 2048 vos
1755 1993 1896 2048 estis
1912 1993 2242 2064 justiﬁcan-

596 2088 685 2139 tes
723 2097 832 2137 vos
869 2083 1053 2153 ipsos.

674 2169 829 2226 Vere.
878 2171 962 2225 M.
1017 2171 1178 2226 Tunc
1207 2200 1278 2212 —
1313 2172 1652 2241 jejunant?
1699 2174 1765 2227 Et
1820 2171 1935 2227 hoc
1999 2187 2243 2244 quoque

594 2259 826 2314 Marcus
870 2265 925 2314 et
981 2261 1171 2314 Lucas
1231 2259 1470 2315 Scribas
1517 2266 1574 2315 et
1637 2259 1959 2316 Pharisaaos
2024 2259 2243 2316 dixisse

592 2349 761 2404 aiunt
788 2349 855 2404 ⁸⁸.
884 2349 1092 2420 Itaque
1118 2346 1499 2404 manifestum
1529 2352 1621 2404 est
1652 2348 1765 2404 hos
1805 2349 2067 2420 primum
2095 2347 2242 2404 illud

592 2436 829 2502 dixisse,
858 2436 1076 2493 deinde
1114 2440 1173 2493 et
1203 2437 1454 2493 Joannis
1509 2436 1834 2508 discipulos
1889 2436 2241 2501 concitasse,

594 2542 665 2582 ac
699 2526 749 2582 si
798 2526 978 2582 etiam
1028 2524 1110 2580 illi
1161 2524 1448 2581 adversus
1495 2525 1789 2581 Christum
1831 2524 1996 2597 quasi
2043 2523 2241 2580 aemuli

592 2614 789 2671 affecti
814 2618 1033 2670 essent.
1065 2615 1131 2669 Et
1153 2613 1299 2686 quia
1346 2630 1383 2670 a
1429 2613 1730 2670 Salvatore
1776 2629 1844 2670 os
1869 2613 1981 2668 illis
2004 2612 2245 2672 obtura-

597 2707 723 2758 tum
794 2707 941 2766 erat,
1019 2701 1381 2758 transferunt
1437 2702 1904 2772 indignationem
1974 2701 2052 2756 ad
2113 2701 2242 2771 ejus

592 2789 944 2864 discipulos,
971 2793 1028 2846 et
1056 2790 1396 2847 accedentes
1442 2791 1814 2847 accusabant
1860 2805 1982 2846 eos.
2018 2791 2114 2845 Est
2140 2804 2241 2844 au-

591 2882 712 2936 tem
760 2878 1133 2935 tantumdem
1165 2895 1232 2936 ac
1260 2879 1309 2936 si
1333 2881 1598 2936 dicerent
1626 2895 1647 2935 :
1692 2879 1748 2936 Si
1797 2884 1858 2935 tu
1909 2879 2038 2934 haec
2068 2879 2241 2949 quasi

591 2967 860 3024 medicus
896 2967 978 3024 ita
1024 2968 1174 3038 agis,
1214 2984 1400 3041 quare
1437 2967 1762 3040 discipulos
1812 2983 1933 3023 non
1959 2966 2131 3037 jubes
2155 2968 2242 3037 je-

586 3056 818 3128 junare,
859 3061 1066 3113 etnon
1102 3057 1277 3127 genio
1320 3057 1628 3128 indulgere
1663 3055 1692 3110 ?
1720 3055 1989 3114 Primum
2037 3061 2239 3112 autem

593 3145 820 3218 seipsos
844 3144 1113 3210 laudant,
1146 3145 1469 3215 gloriantes
1507 3144 1674 3216 quod
1717 3143 2053 3216 frequenter
2084 3143 2236 3214 jeju-
2273 3173 2316 3229 Ο

589 3239 819 3291 narent.
848 3234 998 3291 Nam
1022 3234 1384 3306 jejunabant
1417 3249 1431 3289 :
1478 3232 1538 3288 hi
1569 3231 1811 3305 quidem
1857 3248 1894 3288 a
1920 3232 2150 3288 Joanne
2177 3231 2240 3287 id

588 3323 967 3396 accipientes,
997 3322 1084 3379 illi
1116 3338 1256 3379 vero
1293 3338 1331 3378 a
1381 3321 1531 3392 lege.
1562 3321 1788 3380 Deinde
1837 3325 2038 3378 autem
2068 3320 2238 3376 disci-

588 3412 748 3484 pulis
777 3413 907 3484 ejus
945 3411 1358 3476 detrahebant,
1419 3413 1482 3467 Et
1522 3410 1661 3467 vide
1709 3409 1923 3467 Christi
1964 3425 2241 3466 mansue-

587 3501 857 3558 tudinem
878 3543 893 3559 .
925 3503 1125 3572 Neque
1150 3500 1310 3556 enim
1336 3499 1529 3570 arguit
1545 3515 1647 3556 eos
1666 3499 1843 3572 quasi
1868 3504 2237 3571 arrOgantes,

589 3590 699 3647 sed
725 3605 833 3663 per
869 3587 1225 3662 parabolam
1247 3587 1358 3644 illis
1383 3588 1647 3645 hilariter
1675 3587 2021 3660 respondet.

659 3767 823 3822 Vers.
859 3769 943 3821 t5.
980 3765 1062 3820 Et
1103 3765 1189 3821 ait
1221 3794 1288 3806 —
1317 3769 1605 3836 sponsus?
1634 3764 1918 3837 Superius
1973 3763 2240 3836 seipsum

589 3855 887 3913 medicum
916 3853 1268 3920 nominavit,
1321 3853 1414 3909 hic
1445 3861 1646 3911 autem
1674 3869 1986 3925 sponsum.
2030 3855 2095 3910 Et
2121 3867 2241 3909 me-

586 3943 700 4000 rito
728 3941 1030 3998 medicum
1056 3940 1318 4013 quidem,
1352 3944 1558 4014 utpote
1601 3946 1852 4009 aegrotas
1880 3941 2116 3998 animas
2143 3956 2241 3996 cu-

588 4034 859 4098 rantem;
911 4044 1204 4102 sponsum
1274 4045 1439 4094 vero,
1511 4034 1798 4102 tanquam
1842 4030 1950 4086 bas
2007 4044 2143 4102 qum
2179 4029 2241 4084 in

589 4118 924 4190 dirginitate
973 4117 1200 4188 degunt
1243 4118 1356 4174 sibi
1376 4117 1870 4191 desponsantem.
1912 4117 2084 4174 Filios
2142 4132 2244 4172 au-

588 4214 709 4267 tem
749 4207 953 4281 sponsi
976 4207 1117 4264 dicit
1143 4207 1495 4265 domesticos
1535 4208 1666 4279 ejus
1704 4224 1836 4278 qum
1875 4207 2242 4278 desponsata

589 4302 678 4355 est
734 4298 855 4370 (ss).
907 4297 1062 4354 Dixit
1103 4302 1302 4354 autem
1338 4298 1452 4355 hoc
1482 4297 1775 4354 reducens
1823 4295 1942 4351 illis
1991 4295 2070 4350 ad
2128 4309 2246 4349 me-

586 4388 844 4444 moriam
881 4386 1129 4444 Joannis
1159 4386 1432 4453 verbum,
1463 4386 1614 4442 dixit
1643 4402 1654 4440 :
1691 4385 1840 4451 Quia
1868 4384 2044 4442 habet
2073 4399 2243 4454 span-

1915 355 2268 414 EUTHYMII
2305 358 2630 417 ZlGABENI

665 483 824 537 Vere.
890 483 972 535 l3.
1044 479 1269 536 Euntes
1320 511 1390 522 —
1444 482 1821 551 sacriﬁcium.
1870 487 2241 555 Improperat
2269 485 2317 539 A

3842 373 3963 430 3l2

2423 489 2750 560 Πορευθέντες
2832 520 2900 529 -—
2965 493 3170 546 θυσίαν.
3251 491 3534 556 Ὀνειδίζει
3602 501 3692 569 μὲν
3769 500 3958 562 αὐτοῖς

2348 579 2436 626 καὶ
2494 574 2719 646 ἁμάθιαν
2781 586 2880 628 τῶν
2940 585 3168 651 Γραφῶν,
3243 584 3575 636 καταστελλει
3627 583 3686 638 δι
3735 592 3824 638 καὶ
3889 592 3954 640 τὸ

2350 667 2589 736 φρόνημα
2663 668 2877 733 τούτων,
2964 665 3307 740 ἐπαιρομένων
3382 671 3466 724 ἐπὶ
3531 681 3647 735 ταῖς
3713 677 3952 736 θῦσίαις.

2347 749 2412 802 Ὀ
2476 748 2533 803 δὲ
2580 751 2734 823 λέγει,
2803 762 3034 807 τοιοῦτον
3089 756 3248 824 ἐστιν,
3303 760 3380 811 ὃτι
3421 758 3588 813 Οὐδὲν
3632 760 3852 815 ἐναντίον

2351 841 2461 911 θείᾳ
2515 846 2688 912 Γραφῇ
2750 851 2900 897 ποιῶ.
2947 849 3047 896 Καὶ
3102 848 3203 920 γὰρ
3250 849 3274 898 ό
3316 851 3446 909 Θεὸς
3511 850 3661 901 εἰπων
3718 847 3811 904 διὰ
3857 859 3952 906 τόῦ

2345 932 2634 1001 προφήτου·
2689 928 2860 984 Ἐλεον
2934 932 3079 1003 θέλω,
3142 939 3231 986 καὶ
3316 935 3374 988 οῦ
3454 939 3658 990 θυσίανο
3733 936 3948 1012 ἔδειξεν,

2349 1017 2428 1068 ὅτι
2467 1022 2707 1090 κρείττων
2762 1021 2949 1082 θυσίας
3000 1021 3143 1074 ἐστὶν
3191 1025 3217 1075 ό
3255 1023 3413 1085 ἵλεος.
3480 1030 3568 1078 Διὸ
3606 1028 3752 1098 κόιγὼ
3800 1027 3950 1083 ἕλεῶν

2349 1108 2469 1166 τοὺς
2498 1114 2777 1169 νοσοῦντας
2826 1107 2875 1160 ἒν
2926 1110 3039 1180 (95)
3087 1111 3387 1185 ἁμαρτίαις,
3445 1112 3688 1188 ἐπιδημῶ
3725 1120 3946 1190 τούτοις,

2349 1195 2412 1254 ὡς
2478 1195 2673 1267 ἰατρός,
2724 1201 2814 1248 καὶ
2863 1204 3362 1274 συναναστρίφομαι,
3415 1207 3504 1255 καὶ
3560 1210 3711 1258 παντὶ
3771 1211 3947 1280 τρόπῳ

2353 1281 2633 1355 θεραπεύω.

2421 1461 2496 1510 Οὐ
2553 1491 2621 1501 -
2693 1465 2984 1533 μετάνοιαν.
3052 1465 3161 1517 Οὐκ
3251 1463 3405 1524 ἦλθον
3473 1467 3780 1543 ὶπιστρίψαι
3863 1469 3948 1526 δι-

2349 1552 2544 1608 καίους·
2593 1549 2741 1602 αὐτοὶ
2796 1555 2897 1624 γὰρ
2981 1553 3177 1614 ἑαυτοῖς
3231 1553 3482 1628 ἀρκοῦσιν
3534 1563 3601 1618 εἰς
3659 1565 3947 1633 σωτηρίαν·

2351 1633 2455 1687 ἀλλ’
2507 1637 2758 1709 ὁμολογῶ,
2818 1637 2910 1692 διὰ
2963 1646 3150 1713 μόνους
3204 1648 3325 1704 τοὺς
3381 1645 3712 1718 ἁμαρτωλοὺς
3763 1647 3942 1716 ἕλθεῐν,

2351 1721 2623 1796 δεομένους
2665 1733 2949 1798 μετανοίας.
3008 1736 3107 1783 Καὶ
3153 1741 3258 1792 πῶς
3288 1735 3391 1805 ἄρα
3444 1731 3769 1806 βδελῦξομαι
3823 1741 3947 1790 τοῦ-

3064 1835 3076 1883 ;
3130 1825 3266 1878 Φησὶ
3325 1818 3384 1873 δι
3436 1824 3460 1873 ὁ
3516 1824 3627 1894 (96)
3663 1829 3940 1896 Χρυσόστο

2348 1922 2464 1974 μος,
2487 1907 2572 1955 τόν
2603 1909 2830 1977 Χριστόν
2866 1903 3016 1958 τοῦτο
3061 1911 3178 1960 κατ’
3233 1909 3492 1982 εἰρωνείαν
3522 1911 3703 1977 εἰπεῖν,
3731 1915 3812 1966 ὅτι
3833 1913 3938 1966 Οὐκ

2349 1988 2502 2048 ἦλθον
2525 1992 2737 2046 καλέσαι
2765 1991 3023 2057 δικαίους,
3065 1998 3165 2050 οἷοί
3192 1996 3306 2051 ἐστι
3335 1997 3497 2070 ὑμεῖς,
3537 2002 3587 2052 οἱ
3619 1997 3943 2064 δικαιοῦντες

2349 2099 2579 2141 εαυτους.

2419 2174 2545 2222 Τότε
2599 2201 2668 2211 -
2704 2175 3045 2229 νηστεύουσιν
3088 2192 3102 2237 ς
3147 2173 3370 2246 Ὁμοίως
3425 2181 3513 2229 καὶ
3569 2185 3722 2230 τοῦτο
3787 2180 3943 2251 Μοίρ-

2349 2276 2438 2318 κος
2488 2262 2578 2310 καὶ
2629 2266 2853 2326 Λουκᾶς,
2913 2266 3035 2323 τοὺς
3089 2268 3418 2335 Γραμματεῖς
3483 2271 3571 2317 καὶ
3629 2271 3944 2340 Φαρισαίους

2353 2346 2506 2399 εἰπεῖν
2594 2347 2852 2419 λέγουσιν,
2940 2352 3011 2412 ὡς
3093 2348 3222 2403 εἶναι
3313 2349 3493 2418 δῆλον,

2351 2437 2439 2506 μεν
2468 2435 2651 2488 ἐκεῖνοι
2696 2445 2846 2489 τοῦτο
2895 2435 3054 2503 εἷπον,
3107 2436 3216 2491 εἶτα
3269 2448 3626 2513 παρώρμησαν
3672 2445 3761 2492 καὶ
3816 2443 3936 2500 τοὺς

2350 2529 2440 2574 τοῦ
2467 2530 2762 2577 Βαπτιστοῦ
2811 2528 3071 2596 μαθητὰς,
3107 2529 3175 2589 ὡς
3227 2525 3579 2601 διακειμένους
3623 2533 3713 2580 καὶ
3751 2528 3939 2588 αὐτοὺς

2349 2616 2474 2683 πρὸς
2526 2617 2611 2664 τὸν
2669 2617 2898 2686 Χριστόν
2954 2615 3276 2678 ζηλοτύπως.
3341 2623 3440 2671 Kal
3504 2617 3610 2670 ἐπεὶ
3675 2618 3776 2670 ὑπὸ
3848 2623 3941 2669 τοῦ

2350 2707 2586 2773 Σωτῆρος
2632 2700 3109 2774 ἕπεστομίσθησαν,
3184 2711 3512 2777 μετέστησαν
3578 2711 3672 2764 τὴν
3741 2705 3938 2778 μέμψιν

2348 2787 2431 2841 ἐπὶ
2477 2793 2598 2850 τοὺς
2653 2793 2893 2862 μαθητὰς
2957 2793 3136 2861 αὑτοῦ,
3205 2799 3295 2846 καὶ
3351 2794 3714 2867 προσελθόντες
3769 2793 3941 2846 ἕνεκά-

2347 2877 2466 2930 ).ουν
2495 2879 2610 2930 κατ’
2659 2879 2846 2934 αὐτῶν.
2900 2880 2965 2932 *0
3014 2878 3074 2934 δέ
3120 2881 3311 2952 ἔλεγον,
3360 2891 3591 2936 τοιοῦτον
3635 2880 3714 2941 ἦν·
3750 2885 3850 2948 ὅτι,
3884 2881 3945 2936 Εἰ

2348 2972 2438 3019 καὶ
2470 2971 2555 3032 σὺ,
2588 2971 2656 3028 ὡς
2707 2967 2896 3038 ἰατρός,
2927 2977 3090 3020 ταῦτα
3118 2978 3301 3034 ποιεῖς,
3345 2969 3492 3023 ὸιατί
3518 2971 3610 3023 οὐκ
3659 2972 3945 3031 ἐπιτάττεις

2347 3063 2454 3116 τοῖς
2490 3057 2748 3127 μαθηταῖς
2799 3075 2892 3108 σου
2937 3061 3222 3128 νηστεύειν,
3272 3063 3360 3111 καὶ
3410 3064 3481 3130 μὴ
3528 3065 3726 3131 τρυφᾷν
3759 3059 3948 3125 ;Ἐαυ-

3272 3147 3646 3218 κομπάζοντες,
3697 3149 3778 3200 ὅτι
3830 3153 3947 3205 Νη-

2351 3236 2594 3305 στεύομεν
2647 3233 2828 3286 πολλοὶ.
2873 3239 2973 3287 Καὶ
3016 3237 3116 3308 γὰρ
3178 3233 3469 3295 ἐνήστευον,
3528 3237 3578 3288 οἱ
3629 3237 3740 3308 μὲν,
3802 3237 3947 3309 παρὰ

2350 3320 2586 3374 Ἰωάννου
2650 3330 2803 3374 τοῦτο
2867 3325 3134 3393 μαθόντες,
3197 3325 3248 3374 οἰ
3295 3320 3373 3390 δὲ,
3431 3327 3571 3396 παρὰ
3625 3332 3716 3376 τοῦ
3760 3328 3940 3396 νόμου.

2349 3407 2476 3463 Εἶτα
2513 3413 2635 3471 τοὺς
2685 3413 2920 3482 μαθητὰς
2976 3411 3136 3463 αὐτοῦ
3188 3407 3526 3483 διασύρουσι.
3570 3417 3670 3465 Kal
3726 3413 3822 3484 ὅρα
3849 3416 3944 3470 τὴν

2349 3497 2622 3551 ἐπιείκειαν
2673 3506 2762 3552 τοῦ
2832 3507 3083 3572 Χριστοῦ,
3144 3507 3250 3559 πῶς
3331 3499 3425 3552 οῦκ
3485 3499 3689 3571 ἤλεγξεν
3759 3500 3946 3560 αὐτοὺς

2349 3585 2624 3654 ἀλαζόνας,
2658 3585 2784 3639 ἀλλὰ
2810 3583 2904 3640 διὰ
2931 3587 3228 3661 παραϐολῆς
3247 3587 3421 3648 αὐτοῖς
3444 3587 3808 3660 ἀπελογήσατο
3826 3588 3944 3660 μεθ’

2351 3676 2664 3751 ἱλαρότητος.

2425 3770 2524 3818 Kal
2585 3760 2718 3818 εἶπεν
2775 3793 2837 3804 -
2877 3768 3089 3837 νυμφίος
3151 3764 3342 3831 ;”Ανω
3393 3768 3483 3837 μὶν
3534 3765 3706 3838 ἰατρὸν
3762 3762 3939 3817 ἑαυτὸν

2350 3855 2630 3926 ὠνόμασεν,
2677 3851 2897 3905 ἐνταῦθα
2953 3849 3011 3906 δι
3037 3857 3272 3925 νυμφίον’
3338 3857 3434 3906 Καὶ
3476 3853 3701 3915 εἰκότως.
3745 3852 3944 3924 ’ἰατρὸν

3580 2357 3658 2406 ότι
3736 2361 3939 2426 πρῶτον

2349 3148 2465 3204 τοὺς
2519 3141 2578 3197 δε
2642 3153 2840 3219 πρῶτον
2899 3144 3190 3212 ἐπαινοῦσι,

2350 3945 2459 4014 μεν,
2519 3945 2583 4002 ὡς
2629 3943 2944 4016 καθαίροντα
2999 3944 3086 4002 τὰς
3142 3943 3402 4002 νοσούσας
3464 3941 3668 4012 ψυχάς·
3727 3944 3946 4012 νυμφίον

2353 4027 2431 4095 δὲ,
2487 4033 2554 4092 ὡς
2605 4034 3013 4103 μνηστευόμενον
3070 4033 3265 4092 ταύτας
3317 4032 3752 4103 παρθενευούσας.
3795 4031 3949 4092 Υἰοὺς

2353 4116 2412 4172 δι
2449 4127 2540 4172 τοῦ
2597 4128 2856 4191 νυμφῶνος
2911 4118 3046 4190 λέγει
3099 4121 3216 4180 τοὺς
3274 4117 3490 4178 οἰκείους
3547 4126 3643 4179 τῆς
3716 4120 3949 4190 νυμφεύ-

2355 4229 2504 4270 σεως.
2540 4215 2716 4260 Ταῦτα
2752 4205 2809 4260 δε
2864 4211 3085 4281 εἴρηκεν,
3143 4207 3550 4278 ἁναμίμνήσκων
3619 4205 3808 4268 αὐτοὺς
3850 4213 3950 4258 τῶν

2351 4299 2596 4372 ῥημάτων
2648 4302 2738 4347 τοῦ
2790 4295 3044 4350 Ἰωάννου.
3095 4300 3370 4366 φήσαντος,
3435 4295 3514 4346 ὅτι
3551 4293 3610 4345 Ὀ
3671 4295 3808 4365 ἔχων
3855 4298 3950 4352 τὴν

2352 4389 2574 4458 νύμφην,
2627 4388 2840 4455 νυμφίος
2910 4382 3069 4436 ἐστίν·
3141 4384 3166 4434 ό
3239 4379 3297 4434 δε
3371 4381 3513 4453 φίλος
3559 4389 3652 4434 τοῦ
3702 4386 3952 4454 νυμφίου,

587 4493 735 4543 sam,
765 4491 1010 4545 sponsus
1056 4481 1176 4542 est;
1209 4477 1431 4531 amicus
1479 4481 1669 4530 autem
1727 4475 1954 4542 sponsi,
1978 4476 2085 4546 qui
2123 4482 2244 4533 stat

2355 4475 2640 4534 ὀὲστηκὼς
2669 4478 2758 4525 καὶ
2786 4473 2988 4524 ἁκούων
3037 4471 3216 4536 αὑτοῦ,
3255 4469 3405 4542 χαρᾲ
3455 4475 3654 4543 χαίρει,
3709 4466 3805 4522 διὰ
3855 4474 3952 4530 τὴν

589 4573 648 4623 et
703 4565 909 4623 audite
983 4579 1132 4630 eum,
1184 4564 1408 4634 gaudia
1460 4563 1682 4634 gaudet
1743 4571 1989 4634 propter
2054 4580 2246 4623 vacem

589 4652 786 4726 sponsi
811 4653 879 4710 ⁸³.

663 4744 763 4798 Est
796 4755 933 4811 ergo
961 4739 1286 4797 verborum
1316 4739 1644 4797 intellectus
1676 4740 1785 4796 iste
1811 4757 1825 4797 :
1868 4743 1991 4812 Ego
2034 4743 2161 4799 veni
2185 4758 2250 4818 ut

592 4829 906 4888 Ecclesiam
941 4827 1209 4885 ﬁdelium
1259 4842 1365 4901 per
1400 4828 1584 4886 ﬁdem
1635 4829 1782 4886 mihi
1831 4830 2248 4904 despondeam

2357 4569 2523 4637 φωνὴν
2553 4569 2646 4615 τοῦ
2664 4565 2905 4634 νυμφίου.

2426 4739 2576 4794 Ἐστι
2612 4735 2671 4792 δι
2723 4740 2748 4791 ὁ
2794 4744 2912 4798 νοῦς
2971 4745 3070 4788 τῶν
3129 4737 3300 4810 ῥητῶν
3356 4736 3605 4795 τοιοῦτος·
3667 4736 3744 4787 ὃτι
3788 4741 3954 4809 Παρε-

2355 4831 2575 4901 γενόμην
2633 4827 2718 4880 ἐπὶ
2769 4835 2839 4898 τῷ
2875 4827 3273 4898 νυμφεύσασθαι
3320 4829 3409 4876 καὶ
3463 4823 3695 4894 συνάψαί
3741 4824 3952 4897 ἐμαυτῷ

665 5008 713 5046 ⁸³
735 5008 882 5100 Dsee
905 5020 979 5074 γι,
1015 5009 1066 5064 6.
1143 5005 1191 5043 ⁸⁸
1212 5008 1382 5065 Marc.
1413 5021 1472 5074 ιι,
1511 5005 1576 5064 l8
1595 5024 1614 5079 ς
1647 5007 1785 5064 Luc.
1819 5023 1874 5077 ν,
1907 5006 1996 5063 33.
2075 5007 2122 5043 ⁸⁵
2152 5009 2244 5064 Joa

2369 5023 2446 5075 ιιι,
2475 5011 2563 5063 29.

1833 5183 2401 5253 Variaelecliones
2424 5193 2488 5252 et
2502 5193 2702 5252 notae.

666 5354 778 5430 (95)
803 5356 874 5422 ιν,
907 5353 1124 5412 omittit
1156 5358 1222 5411 A.

666 5533 768 5608 (ss)
799 5533 977 5590 Filios
1009 5536 1208 5590 autem
1239 5533 1485 5608 thalami
1507 5533 1667 5608 dicit,
1693 5538 1858 5608 aptes
1878 5533 1965 5608 ad
1986 5533 2243 5608 despon-

595 5604 911 5678 sationem.
938 5611 1163 5678 Νυμφών
1194 5611 1280 5661 est
1306 5607 1492 5669 locus,
1522 5604 1887 5678 domus’,_ubi
1915 5607 2130 5678 nuptiae
2154 5620 2243 5658 ce-

594 5677 671 5734 lel
699 5682 923 5735 rantur.
950 5663 1258 5750 Νὖρίφευσις
1301 5682 1388 5736 est
1443 5663 1846 5750 desponsatio.
1905 5663 2017 5732 Sed
2055 5675 2238 5736 ὀίκεῐος

2422 5353 2534 5426 (96)
2567 5353 2732 5409 Tom.
2769 5353 2882 5422 VII,
2911 5365 3044 5423 pag.
3072 5351 3169 5408 351
3200 5351 3266 5405 Α·

2351 5531 2697 5600 ambiguum
2716 5534 2802 5585 est
2814 5529 2872 5584 in
2887 5527 3288 5585 Graeco.Notat
3301 5525 3460 5582 enim
3475 5523 3946 5600 etdomesticum,

2351 5619 2457 5658 seu
2483 5597 3079 5665 familiarem,deinde
3101 5599 3518 5670 etiamiaptum
3554 5603 3610 5654 et
3638 5597 3947 5652 idoneum.

2347 5674 2564 5730 Eodem
2600 5673 2781 5730 modo
2804 5679 3063 5730 erratum
3091 5677 3174 5727 est
3209 5669 3365 5728 infra
3406 5684 3551 5723 mox.
