4170 6436
275 415 380 471 313

277 536 374 592 διὰ
417 543 634 600 πίστεως
677 543 768 597 τὴν
816 538 1126 597 Ἐκκλησίαν
1181 547 1278 590 τῶν
1316 545 1514 590 πιστῶν
1544 554 1555 566 ’
1590 537 1616 588 ὀ
1656 532 1714 587 δξ
1756 553 1869 586 και-
1902 532 1944 586 Α

270 633 363 702 ρὸς
413 629 562 688 οὗτος
605 636 697 690 τῆς
743 630 1070 699 νυμφεύσεως
1111 627 1204 679 οὐκ
1253 629 1366 678 ἔστι
1405 627 1616 684 πένθους
1664 628 1866 696 καιρὸς,

274 715 408 767 ἀλλά
463 722 637 790 χαρᾶς
671 737 683 749 ο
735 721 822 768 καὶ
871 715 1047 767 λοιπὸν
1100 715 1158 767 οῦ
1214 713 1459 767 δύνανται
1509 715 1771 770 νηστεύειν
1821 714 1871 764 οἱ

271 805 464 858 οἰκεῖοι
511 805 672 866 αὐτῆς
701 823 713 834 ⁸
773 805 999 877 θλιϐερὸν
1037 807 1137 876 γὰρ
1188 807 1244 856 τὸ
1296 805 1560 861 νηστεύειν
1598 809 1708 864 τοῖς
1754 800 1868 853 ἀτε-

269 894 378 955 λῶς
427 895 504 944 ἔτι
552 889 891 963 διακειμένοις
920 915 932 926 ·
983 897 1196 954 τούτους
1236 889 1294 945 ὁε
1344 896 1453 964 χρή
1505 896 1731 964 χαίρειν,
1779 891 1870 950 ἕως

272 979 341 1034 οὗ
378 982 487 1054 εἰμι
526 981 633 1054 μετ’
666 982 852 1047 αὐτῶν,
888 987 1132 1042 συνόντας
1159 1001 1270 1055 μοι,
1305 986 1395 1033 καὶ
1424 988 1516 1042 τῆς
1553 988 1721 1052 φωνῆς
1767 997 1869 1051 μου

268 1089 581 1132 ακουοντας.

345 1249 674 1302 Ἐλεύσονται
752 1279 819 1288 -
892 1251 1291 1306 νηστεύσουσιν.
1383 1247 1638 1300 Ἐνταῦθα
1717 1265 1869 1318 παρε-

276 1333 535 1399 δήλωσεν,
569 1339 649 1390 ὅτι
686 1336 1084 1410 ἀναιρεθήσεται
1117 1340 1206 1408 μὲν
1249 1336 1425 1404 αὐτὸς,
1457 1337 1605 1388 αὐτοὶ
1643 1332 1701 1388 δι
1743 1337 1872 1407 μετά

273 1433 428 1478 τοῦτο
460 1425 624 1478 πολλά
649 1430 736 1478 καὶ
765 1429 1137 1494 νηστεύσουσι,
1159 1430 1248 1478 καὶ
1274 1427 1759 1483 κακοπαθήσουσιν.

1021 1601 1190 1664 Δεῖξαι
1238 1601 1408 1666 θέλων,
1467 1602 1546 1653 ὅτι
1600 1603 1668 1662 ὡς
1720 1598 1869 1652 ἀσθεο

267 1694 413 1742 νέσιν
468 1693 546 1742 ἔτι
592 1697 698 1751 τοῖς
762 1693 1018 1762 μαθηταῖς
1072 1691 1166 1743 οὐκ
1219 1690 1532 1764 ἕπιφορτίζει
1592 1694 1648 1741 τὸ
1707 1689 1870 1762 βάρος

268 1787 366 1840 τῆς
397 1784 663 1840 νηστείας,
698 1775 791 1831 διὰ
837 1778 1131 1853 παραϐολῆς
1169 1786 1319 1830 τοῦτο
1364 1775 1618 1848 δείκνυσι,
1668 1777 1825 1848 λέγων
1854 1794 1866 1807 ⁶

273 1863 474 1927 Οὐδεὶς
532 1866 740 1939 ἰώμενος
799 1869 1008 1939 ἱματίου
1061 1866 1282 1919 παλαιοῦ
1354 1869 1671 1941 σαθρὸτητα,
1735 1865 1872 1940 ἕπιῤ-
1905 1875 1950 1930 Β

346 1598 542 1662 Οὗδεὶς
594 1633 663 1642 —
715 1601 945 1672 παλαιῷ,

269 1955 465 2028 ῥάπτει
517 1958 769 2027 τεμάχιον
820 1955 1013 2028 ῥάκους
1069 1954 1320 2026 ἀγνάφου,
1379 1959 1617 2006 τουτέστι
1672 1960 1870 2017 καινοῦ,

277 2041 366 2094 ἐπὶ
397 2045 542 2115 μέρει
571 2043 794 2114 παλαιῷ.
828 2040 954 2097 Εἶτα
983 2043 1117 2115 λέγει
1146 2050 1234 2096 καὶ
1273 2047 1365 2100 τήν
1397 2043 1588 2095 αἰτίαν.

346 2223 490 2294 Δῖρει
532 2250 600 2260 -
648 2224 869 2292 γίνεται.
918 2225 987 2274 Τὸ
1029 2223 1131 2293 γὰρ
1181 2219 1440 2292 πλήρωμα
1490 2220 1671 2286 αὐτοῦ,
1727 2238 1877 2271 τουτ-

269 2313 426 2361 έστιν
483 2311 513 2367 ἡ
575 2309 757 2371 ὀλότης
809 2317 900 2361 τοῦ
941 2308 1170 2382 ἀγνάφου
1233 2311 1440 2383 ῥάκους,
1526 2309 1726 2383 ἰσχυρά
1791 2303 1879 2360 καὶ

273 2396 470 2471 βαρεῖα
515 2397 672 2462 οὖσα,
731 2401 866 2471 αἴρει
918 2403 1008 2450 καὶ
1063 2403 1312 2468 κατασπᾷ
1373 2397 1562 2470 μᾶλλον
1629 2397 1729 2449 ἀπὸ
1787 2404 1878 2448 τοῦ

276 2487 516 2557 ἱματίου,
551 2487 751 2560 σαθροῦ
791 2489 1165 2557 τυγχάνοντος,
1220 2488 1338 2538 ὅσον
1388 2485 1448 2536 ἀν
1496 2485 1710 2557 ἐπιλάϐῃ
1743 2501 1754 2512 ·
1788 2489 1877 2538 καὶ

273 2579 478 2645 γίνεται
529 2574 706 2646 μεῖζον
762 2579 996 2646 σχίσμα.
1049 2578 1244 2626 Λοιπὸν
1284 2571 1390 2639 οὖν,
1445 2571 1568 2626 οὐδὲ
1765 2580 1870 2639 νῦν,

279 2660 496 2732 ἰώμενος
562 2666 657 2720 τήν
738 2665 1035 2736 σαθρὸτητα
1108 2671 1204 2714 τῶν
1273 2665 1538 2734 μαθητῶν,
1620 2661 1875 2713 ἐπιϐάλλω

278 2753 442 2822 ταύτῃ
498 2750 826 2822 ἰσχυρότητα
860 2755 947 2803 καὶ
981 2749 1143 2823 βάρος
1183 2755 1444 2815 νηστείας,
1479 2752 1559 2802 ἵνα
1587 2755 1657 2822 μή
1705 2750 1872 2802 πλεῖον

282 2839 554 2910 σαθρωθῇ,
619 2843 691 2911 μή
752 2835 1010 2911 δυναμένη
1072 2838 1356 2911 βαστάζειν
1416 2843 1473 2891 τὸ
1543 2837 1809 2896 ἕπιϐληθίν
1856 2859 1868 2872 ·

278 2924 407 2976 ἀλλὰ
457 2925 860 2997 συγκαταϐαίνω
917 2935 977 2998 τῇ
1030 2926 1267 2999 ἀσθενείᾳ
1321 2929 1506 2992 αὐτῶν,
1571 2931 1761 3000 μέχρις
1812 2925 1872 2978 ἂν

277 3011 373 3065 διά
409 3021 502 3066 τοῦ
533 3017 666 3066 θείου
698 3018 992 3086 Πνεῦματος
1025 3015 1480 3070 ἀνακαινισθῶσιν.

347 3099 493 3154 Οὐδὲ
541 3134 610 3143 —
666 3103 933 3165 παλαιούς.
1015 3109 1113 3157 Καὶ
1174 3105 1341 3157 ἑτέοαν
1399 3103 1645 3176 λαμϐάνει
1709 3125 1872 3176 παρα-

274 3189 454 3254 ϐολὴν,
491 3187 622 3242 οἶνον
668 3197 774 3244 νέον
830 3191 1010 3263 λέγων,
1061 3198 1151 3250 τήν
1195 3193 1482 3265 αὐστηρίαν
1513 3198 1602 3244 καὶ
1652 3190 1873 3266 σφοδρό-
1911 3209 1962 3268 C'

273 3298 410 3336 τητα
451 3287 552 3330 τῶν
607 3278 816 3331 ἐντολῶν
847 3297 858 3308 ³
919 3279 1052 3332 οἶνον
1101 3285 1208 3351 μεν,
1266 3282 1334 3341 ὡς
1374 3281 1745 3352 εῦφραίνουσαν
1786 3283 1873 3341 τὰς

270 3376 374 3418 τῶν
420 3367 621 3419 τελείων
669 3367 890 3439 ψυχάς·
936 3373 1042 3421 νέον
1083 3365 1160 3431 δὲ,
1208 3371 1276 3429 ὡς
1322 3367 1558 3426 ἀσυνήθη
1603 3375 1710 3430 τοῖς
1749 3368 1870 3440 ἀγυ-

274 3458 552 3527 μνάστοις.
620 3460 718 3508 Καὶ
772 3456 946 3525 πάλιν,
1007 3455 1202 3517 ἀσκοὺς
1275 3455 1521 3517 παλαιοὺς
1587 3456 1871 3528 ὀνομάζων,

273 3547 401 3605 τοὺς
442 3544 720 3614 μαθητάς⁶
765 3543 962 3605 ἀσκοὺς
1012 3549 1125 3616 μὲν,
1166 3547 1230 3605 ὡς
1262 3552 1564 3617 χωροῦντας
1614 3541 1875 3598 διδασκα-

273 3631 393 3685 λίαν
420 3646 435 3660 ⁶
468 3631 718 3693 παλαιοὺς
747 3628 825 3697 δὲ,
858 3635 924 3695 ὡς
963 3631 1207 3694 ἀσθενεῖς.

354 3807 414 3860 Εἰ
481 3803 539 3859 δὲ
593 3812 666 3879 μή
734 3827 794 3878 γε
841 3838 908 3847 --
965 3806 1296 3860 ἀπολοῦνται.
1347 3809 1651 3880 Ῥήγνυνται
1702 3811 1751 3862 οἱ
1816 3808 1876 3862 ἀ-

279 3900 422 3959 σκοὶ,
475 3898 636 3947 εἷτουν
689 3895 1058 3970 παραλύονται,
1113 3901 1184 3968 μή
1243 3894 1518 3970 δυνάμενοι
1571 3902 1734 3973 φέρειν
1783 3904 1876 3958 τὴν

280 3983 448 4055 ἰσχὺν
479 3990 569 4034 τοῦ
607 3988 720 4036 νέου
761 3988 900 4036 οἴνου
924 4003 937 4017 ⁶
971 3989 1060 4036 καὶ
1091 3986 1115 4036 ὁ
1148 3982 1280 4048 οἶνος
1323 3985 1577 4057 ἐκχεῖται,
1617 3991 1688 4058 μή
1722 4007 1878 4039 κατα-

279 4073 516 4142 σχεθεὶς,
550 4077 639 4124 καὶ
669 4075 718 4124 οἱ
767 4071 922 4125 ἀσκοὶ
971 4071 1300 4142 ἀπολοῦνται,
1345 4077 1614 4148 ἄχρηστοι
1639 4082 1732 4128 τοῦ
1769 4075 1876 4128 λοι-

277 4167 382 4212 ποῦ
412 4165 696 4232 γενόμενοι.

354 4248 513 4302 Ἀλλά
567 4280 636 4289 -
694 4257 1089 4319 συντηροῦνται.
1143 4255 1254 4323 Χρὴ
1337 4253 1438 4324 γὰρ
1508 4255 1594 4303 τὸν
1665 4253 1878 4324 ἄριστον

277 4338 549 4408 οἰκονόμον
609 4335 894 4411 διακρίνειν
941 4344 1028 4391 καὶ
1084 4343 1172 4397 τήν
1221 4341 1376 4411 φύσιν
1426 4347 1518 4392 τοῦ
1576 4343 1734 4406 οἴνου,
1790 4346 1880 4392 καὶ

281 4431 376 4484 τήν
431 4423 654 4498 δύναμιν
693 4435 792 4478 τῶν
841 4426 1033 4495 ἀσκῶν,
1094 4433 1183 4480 καὶ
1230 4431 1317 4480 τὸν
1367 4431 1566 4500 καιρὸν.
1627 4435 1732 4480 Νῦν
1777 4433 1878 4503 γὰρ

279 4517 358 4567 ἔτι
402 4513 618 4566 παλαιοί
670 4514 800 4567 εἰσιν
847 4517 896 4567 οἱ
929 4517 1183 4586 μαθηταὶ,
1222 4521 1380 4588 μήπω
1418 4515 1877 4578 ὼακαινισθέντες.

284 4555 358 4567 ...
406 4555 617 4566 ...η-η.-.
670 4555 797 4567 ευ...
848 4555 896 4567 ν.
929 4555 1183 4586 μάμμη,
1222 4555 1379 4588 μων..
1418 4555 1877 4578 ν...υ......υνυ..,.

284 4608 388 4656 Καὶ
431 4601 669 4673 ἀλλαχοῦ
719 4600 778 4655 δὲ
824 4606 955 4676 πρὸς
1004 4604 1193 4665 αὐτοὺς
1233 4605 1340 4657 εἷπε
1373 4621 1386 4634 ⁶
1431 4604 1600 4657 Πολλά
1647 4608 1755 4677 ἔχω
1805 4607 1882 4659 λί-
1916 4555 1959 4609 D

279 4711 392 4762 7m
445 4693 586 4763 ὑμῖν,
663 4689 769 4743 ἀλλ’
815 4691 873 4743 οῦ
935 4688 1162 4744 δύνασθε
1211 4691 1494 4765 βαστάζειν
1550 4695 1690 4765 ἄρτι.
1748 4696 1880 4767 Ἀμ-

284 4785 492 4854 γὸτεροι
523 4776 602 4847 δὲ,
636 4785 785 4852 φησὶ,
826 4788 1218 4852 συντηροῦνται,
1252 4783 1276 4833 ὁ
1323 4779 1454 4842 οἶνος
1505 4778 1736 4854 δηλαδή,
1792 4787 1882 4834 καὶ

283 4871 309 4921 ὁ
336 4869 522 4932 ἀσκὸς,
551 4869 576 4920 ὁ
727 4867 1138 4942 βασταζόμενος,
1170 4871 1197 4922 ὁ
1228 4867 1287 4923 δὲ
1325 4869 1628 4943 βαστάζων.

359 5118 514 5175 ΚΕΦ.
547 5116 645 5172 ΙΕ’.
679 5122 803 5192 Περὶ
842 5126 936 5182 τῆς
983 5121 1240 5194 θυγατρὸς
1277 5127 1368 5172 τοῦ
1414 5118 1880 5193 ἀρχισυναγώγου.

352 5211 533 5259 Ταῦτα
579 5236 648 5247 -
686 5206 922 5268 ζήσεται.
979 5206 1061 5281 [Ἦ
1101 5208 1218 5280 (97)
1249 5216 1340 5262 τοῦ
1388 5209 1604 5285 Ἰαείρου
1647 5210 1881 5282 θυγάτηρ

353 5358 404 5394 ⁸⁸
429 5358 606 5416 Joan.
639 5373 756 5425 xvr,
790 5359 878 5417 12.

1237 411 1608 470 COMMENT.
1658 410 1725 465 ΙΝ
1768 404 2212 463 ΜΑΤΤΗᾹίυΜ.
2255 433 2322 445 -—
2363 398 2522 457 CAP.

3523 385 3627 443 314

1977 536 2032 585 et
2061 529 2450 598 coniungam,
2492 527 2549 578 et
2576 522 2691 578 hoc
2722 524 2950 592 tempus
2972 521 3061 574 est
3091 515 3434 588 nuptiarum
3472 530 3625 580 ;uon

1977 633 2118 686 ergo
2170 623 2405 687 tempus
2472 618 2563 667 est
2609 611 2820 677 luctus,
2863 607 2966 662 sed
3006 607 3227 674 gaudii.
3276 609 3474 675 Itaque
3505 617 3624 657 non

1978 710 2231 777 possunt
2252 704 2518 774 jejunare
2545 698 2863 754 familiares
2893 712 2962 750 ac
2986 693 3306 766 propinqui
3341 707 3580 762 sponsas
3605 709 3622 760 ;

1979 809 2122 850 nam
2172 793 2445 865 jejunare
2486 785 2876 844 tribulationis
2929 790 3036 848 est,
3085 789 3139 836 et
3193 781 3283 836 bis
3337 778 3622 847 congruit,

1977 883 2082 954 qui
2138 879 2484 952 imperfecto
2535 875 2718 930 modo
2795 872 2993 929 adhuc
3049 870 3239 925 affecti
3297 873 3453 923 sunt.
3512 867 3626 920 Hos

1976 986 2118 1026 vero
2183 967 2441 1040 gaudere
2495 968 2743 1036 oportet,
2805 959 3075 1032 quandiu
3123 973 3260 1013 cum
3308 957 3391 1011 eis
3467 971 3623 1016 sum,

1977 1057 2249 1131 quandiu
2279 1069 2504 1110 mecum
2545 1053 2870 1114 versantur,
2915 1053 2971 1104 et
3017 1061 3227 1102 vocem
3274 1059 3471 1100 meam
3523 1059 3629 1099 au-

1977 1148 2167 1204 diunt.

2054 1239 2208 1292 Vers.
2246 1237 2327 1288 15.
2400 1231 2637 1288 Venient
2675 1257 2746 1272 —
2793 1223 3178 1297 jejunabunt.
3237 1222 3348 1280 Hic
3403 1218 3626 1289 signiﬁ-

1979 1325 2129 1381 cavit
2186 1338 2249 1378 se
2295 1319 2714 1383 occidendum,
2786 1315 2914 1370 illos
2972 1318 3170 1368 autem
3246 1308 3628 1382 postmodum

1979 1412 2310 1483 frequenter
2350 1408 2747 1479 jejunaturos,
2817 1417 2886 1458 ac
2944 1400 3132 1456 multa
3188 1397 3349 1454 mala
3419 1410 3630 1468 passu-

1979 1516 2077 1557 I'OS
2089 1542 2102 1556 .

2048 1591 2206 1643 Vers.
2265 1587 2350 1641 16.
2399 1585 2583 1640 Nemo
2634 1611 2704 1622 —
2763 1579 2964 1636 veteri.
3017 1576 3234 1632 Volens
3289 1572 3626 1637 ostendere,

1979 1676 2143 1749 quod
2200 1680 2488 1746 tanquam
2527 1671 2724 1726 adhuc
2764 1665 3090 1722 imbecilles
3142 1661 3470 1733 discipulos
3507 1675 3629 1714 non

1979 1747 2185 1820 oneret
2238 1762 2501 1834 pondere
2550 1756 2778 1829 jejunii,
2832 1770 2931 1826 per
2988 1751 3337 1825 parabolam
3389 1749 3503 1803 hoc
3553 1747 3630 1800 si-

1981 1851 2222 1923 gniﬁcat
2273 1850 2520 1905 dicens:
2581 1845 2786 1900 Nullus
2830 1841 3153 1898 resarciens
3203 1837 3479 1893 detritam
3538 1850 3632 1889 ve-

1983 1947 2132 1996 stem
2191 1943 2469 2001 veterem,
2519 1933 2710 1989 assuit
2764 1931 3168 1999 fragmentum
3217 1925 3402 1998 panni
3450 1923 3628 1987 rudis,

1984 2031 2097 2085 hoc
2125 2032 2216 2083 est
2245 2025 2399 2090 novi,
2439 2025 2499 2078 iu
2546 2025 2709 2094 parte
2742 2017 2944 2076 veteri.
2979 2016 3193 2074 Deinde
3218 2014 3386 2072 addit
3412 2017 3468 2069 et
3492 2026 3631 2068 cau-

1987 2133 2137 2173 sam.

2057 2207 2218 2262 Vers.
2269 2201 2348 2258 16.
2399 2201 2620 2271 Aufert
2676 2227 2746 2238 —
2794 2196 2888 2264 ﬁt.
2944 2193 3440 2265 Supplementum
3510 2188 3633 2243 sive

1988 2291 2296 2366 plenitudo
2369 2290 2516 2359 ejus,
2571 2286 2630 2342 id
2687 2290 2775 2341 est
2820 2284 3123 2352 integritas
3179 2279 3364 2351 panni
3442 2275 3628 2340 rudis,

1986 2397 2123 2438 cum
2151 2381 2224 2436 sit
2254 2379 2418 2435 fortis
2453 2382 2509 2431 et
2532 2375 2704 2438 dura,
2751 2371 2897 2428 tollit
2953 2386 3022 2426 ac
3052 2368 3306 2424 detrahit
3355 2381 3392 2420 a
3446 2368 3632 2427 veste,

1986 2486 2118 2542 quas
2156 2468 2368 2524 detrita
2420 2469 2564 2530 erat,
2622 2465 3159 2534 quantumcunque
3209 2451 3525 2525 acceperit,
3581 2456 3636 2508 et

1985 2541 2180 2630 major
2204 2561 2445 2628 reptura
2472 2553 2555 2608 tit.
2584 2552 2786 2623 Itaque
2813 2563 3008 2621 neque
3030 2561 3141 2616 ego
3166 2558 3328 2601 nunc
3363 2541 3635 2597 vetustati

1984 2664 2054 2704 ac
2090 2629 2382 2702 debilitati
2429 2641 2857 2713 discipulorum
2909 2634 3165 2691 immitto
3229 2629 3505 2687 duritiem
3564 2643 3634 2683 ac

1981 2737 2165 2794 robur
2189 2733 2414 2806 jejunii,
2448 2746 2522 2786 ne
2565 2727 2825 2800 amplius
2867 2725 3219 2787 deteruntur,
3267 2735 3388 2776 non
3427 2723 3636 2790 poten-

1985 2831 2069 2881 tes
2093 2805 2241 2881 ferre
2297 2820 2462 2894 quod
2509 2816 2841 2875 immissum
2893 2817 3000 2883 est,
3053 2811 3158 2868 sed
3219 2805 3636 2866 condesceudo

1983 2911 2350 2970 imbecilitati
2390 2922 2619 2972 eorum,
2667 2904 2860 2961 donec
2903 2917 3008 2974 per
3047 2899 3330 2974 Spiritum
3361 2899 3635 2952 sanctum

1982 3005 2362 3057 renoventur.

2056 3091 2220 3146 Vers.
2249 3087 2311 3142 17
2325 3129 2337 3142 .
2390 3085 2597 3154 Neque
2620 3112 2690 3124 —
2720 3088 2952 3138 veteres.
2981 3076 3172 3133 Aliam
3210 3088 3452 3148 quoque
3491 3068 3642 3127 acci-

1981 3180 2070 3250 pit
2100 3173 2574 3238 similitudinem,
2606 3171 2807 3225 vinum
2838 3181 3063 3222 novum
3111 3178 3336 3218 vocans
3378 3157 3639 3216 austeri-

1981 3273 2162 3324 tatem
2193 3281 2263 3320 ac
2300 3258 2736 3318 vehementiam
2776 3258 3209 3327 praeceptorum
3243 3249 3482 3315 ;vinum
3512 3246 3644 3318 qui-

1982 3357 2141 3419 dem,
2168 3351 2331 3423 quod
2373 3347 2632 3406 lmtiﬁcet
2684 3343 3078 3416 perfectorum
3117 3338 3372 3401 animas,
3417 3349 3639 3391 novum

1984 3421 2204 3503 autem,
2237 3435 2391 3508 quod
2420 3437 2658 3492 assueta
2678 3446 2801 3486 non
2829 3430 2902 3485 sit
2946 3424 3365 3482 inexercitatis.
3398 3421 3636 3476 Prester-

1985 3544 2053 3584 ea
2109 3536 2264 3582 utres
2307 3529 2532 3580 veteres
2571 3519 2714 3576 dicit
2755 3515 3127 3589 discipulos:
3175 3518 3332 3568 utres
3382 3509 3629 3582 quidem

1987 3622 2274 3688 tanquam
2321 3609 2644 3682 disciplinas
2678 3621 2958 3679 capaces,
3016 3607 3239 3658 veteres
3279 3614 3422 3656 vero
3461 3595 3634 3670 quasi

1986 3702 2328 3760 imbecilles.

2057 3793 2220 3849 Vers.
2254 3791 2338 3848 17.
2377 3787 2624 3860 Alioqui
2652 3816 2720 3829 —
2759 3791 3027 3855 pereunt.
3073 3783 3450 3852 Rumpuntur
3479 3780 3638 3831 utres

1987 3882 2109 3937 sive
2177 3879 2607 3942 dissolvuntur,
2669 3889 2806 3931 cum
2855 3871 3006 3928 ferre
3064 3884 3187 3925 non
3243 3865 3474 3939 possint
3509 3861 3637 3918 vini

1986 3971 2124 4027 novi
2146 3968 2548 4026 fortitudinem
2583 3983 2595 4032 ;
2624 3963 2954 4033 vinumque
2986 3973 3105 4014 non
3132 3960 3424 4013 retentum
3455 3951 3640 4008 eﬂ‘un-

1951 4059 2164 4125 ditur,
2213 4074 2285 4115 ac
2326 4063 2482 4112 utres
2523 4058 2792 4127 pereunt,
2836 4049 2974 4106 facti
3018 4048 3078 4103 in
3124 4052 3423 4118 posterum
3467 4041 3640 4098 inuti-

1986 4149 2098 4205 les.

2045 4166 2098 4205 s.

2058 4235 2232 4289 Vers.
2282 4233 2368 4286 17.
2413 4230 2524 4286 Sed
2549 4259 2616 4269 —
2647 4229 3093 4284 conservantur.
3125 4219 3433 4291 Optimum
3481 4215 3641 4270 enim

1987 4336 2369 4377 mconomum
2403 4316 2736 4388 diiudicare
2784 4313 3018 4384 oportet
3063 4307 3185 4363 vini
3239 4309 3540 4366 naturam,
3587 4306 3645 4357 et

1991 4408 2207 4464 utrium
2239 4405 2669 4469 fortitudinem,
2721 4417 2790 4458 ac
2832 4400 3208 4455 vetustatem.
3239 4395 3405 4449 Nunc
3452 4388 3642 4460 siqui-

1989 4499 2127 4554 dem
2157 4500 2378 4552 veteres
2416 4498 2555 4549 sunt
2583 4488 2878 4562 discipuli,
2925 4484 3084 4558 quod
3117 4482 3195 4540 ad
3233 4477 3639 4537 fortitudinem

1993 4587 2213 4642 utrium
2243 4601 2312 4641 ac
2358 4585 2705 4638 vetustatem
2757 4581 3006 4648 spectat,
3053 4571 3326 4628 nondum
3379 4565 3647 4622 videlicet

1990 4675 2271 4732 renovati.
2319 4673 2574 4742 PrOpter
2612 4667 2776 4740 quod
2809 4667 2986 4722 etiam
3020 4663 3137 4718 alio
3181 4661 3309 4716 loco
3344 4656 3485 4712 dixit
3514 4654 3640 4711 eis:

1990 4767 2186 4822 Multa
2210 4763 2412 4826 habeo,
2431 4776 2551 4831 qua:
2571 4757 2728 4815 vobis
2748 4757 2952 4818 dicam,
2972 4751 3065 4807 sed
3099 4765 3250 4805 nunc
3267 4754 3507 4819 portare
3525 4759 3644 4799 non

1987 4855 2220 4923 potestis
2250 4853 2319 4904 ⁸⁸.
2367 4853 2643 4920 Utraque,
2677 4844 2887 4918 inquit,
2939 4841 3390 4902 conservantur,
3442 4835 3645 4889 vinum

1991 4941 2260 4997 videlicet
2289 4944 2344 4996 et
2371 4943 2545 5002 utres,
2580 4933 2728 4991 illud
2745 4931 2991 5005 quidem
3017 4931 3342 4989 retentum,
3362 4923 3425 4979 hi
3445 4925 3646 4978 autem

1991 5031 2330 5087 retinentes.

2299 5117 2450 5173 CAP.
2479 5113 2594 5172 XV.
2620 5115 2703 5169 De
2727 5111 2859 5182 ﬁlia
2879 5102 3351 5176 archisynagogi.

2063 5209 2223 5265 Vers.
2258 5207 2344 5262 18.
2400 5206 2528 5261 Haec
2566 5235 2634 5244 —
2679 5201 2828 5259 vivet
2876 5198 2962 5269 -Η-
2991 5193 3134 5251 Jairi
3178 5191 3302 5248 ﬁlia
3354 5186 3654 5260 signiﬁcat

1519 5512 1744 5581 Varias
1769 5511 2094 5580 lectiones
2125 5518 2191 5576 et
2225 5518 2425 5576 uotae.

356 5676 474 5749 (97)
500 5675 699 5733 Codex
725 5681 983 5750 uterque
1023 5677 1260 5736 inclusa
1288 5679 1472 5737 habet
1497 5680 1556 5736 in
1587 5681 1866 5752 margine.
1897 5678 2214 5736 Hentenius
2238 5692 2359 5733 non
2391 5673 2682 5748 agnoscit.
