4170 6452
598 366 705 421 315

1915 367 2265 424 EUTHYMII
2318 368 2640 425 ZIGABENI

3839 373 3946 427 316

595 490 910 561 cujuslibet
930 494 1210 556 mentem,
1243 491 1401 563 quod
1433 505 1544 547 nec
1586 497 1885 564 praecepta
1915 493 2085 564 legis,
2135 510 2234 550 nec

2354 494 2651 547 αἰνίσσεται
2716 499 2808 554 τήν
2875 496 3094 548 έκάστου
3159 496 3366 569 ψυχήν,
3448 495 3808 551 ἀποθανοῦσαν
3879 506 3942 570 τῇ

593 577 876 634 mandata
905 577 1104 634 divina
1127 577 1284 647 facit,
1318 584 1638 637 mortuam.

663 753 764 808 Hic
810 754 1080 828 princeps
1119 760 1246 812 erat
1283 758 1620 828 Synagogm
1653 757 2015 823 Iudaeorum,
2047 758 2240 814 Jairus

590 843 946 914 appellatus,
985 848 1042 899 ut
1091 844 1297 900 dicunt
1322 848 1548 901 Marcus
1573 850 1630 902 et
1667 846 1856 901 Lucas
1871 848 1938 900 ³⁷.
1973 845 2243 920 Relique-

590 936 682 987 rat
706 936 908 988 autem
949 933 1134 988 ﬁliam
1185 949 1358 989 suam
1411 935 1656 1006 jamjam
1715 936 2063 991 morituram
2124 936 2237 1007 (ιι).

590 1021 741 1077 Nam
779 1023 1002 1078 Marcus
1043 1038 1182 1078 eum
1229 1023 1448 1080 dixisse
1492 1029 1964 1081 commemorat:
2014 1025 2239 1082 F‘itiota

591 1124 722 1166 mea
751 1111 814 1166 in
861 1111 1131 1166 extremis
1167 1117 1252 1168 est
1297 1113 1371 1168 ⁸⁸.
1429 1115 1617 1168 Lucas
1666 1128 1804 1168 vero
1851 1113 2018 1184 quod
2061 1114 2239 1170 etiam

591 1198 959 1254 moriebatur
991 1201 1058 1254 ³³.
1107 1202 1330 1271 Itaque,
1394 1201 1566 1257 Modo
1611 1202 1889 1272 defuncta
1938 1207 2033 1268 est,
2094 1202 2241 1258 dixit

591 1287 1004 1357 conjectando.
1056 1289 1482 1360 Suspicabatur
1526 1291 1687 1346 enim
1734 1289 1900 1363 quod
1933 1299 2071 1346 tunc
2109 1291 2237 1362 jam

591 1376 828 1431 omnino
849 1382 1085 1433 mortua
1101 1382 1283 1434 esset.
1306 1379 1627 1435 Verisimile
1645 1385 1731 1435 est
1750 1384 1951 1435 autem
1974 1380 2236 1451 primum

591 1462 811 1519 dixisse
840 1479 976 1520 eum
1010 1484 1022 1523 :
1071 1466 1139 1520 In
1165 1466 1436 1522 extremis
1474 1473 1576 1532 est,
1636 1467 1876 1538 deinde,
1918 1467 2094 1524 Modo
2144 1469 2240 1523 de-

588 1551 806 1619 functa
831 1558 936 1617 est,
986 1551 1106 1608 sive
1149 1553 1275 1624 jam
1319 1554 1660 1625 exspiravit.
1724 1557 1850 1611 Duo
1909 1561 2110 1612 autem
2137 1571 2238 1628 pe-

589 1638 749 1696 tebat
774 1647 838 1696 ut
857 1643 1098 1711 veniret,
1129 1647 1186 1699 et
1212 1658 1453 1699 manum
1483 1644 1837 1717 imponeret,
1867 1648 2066 1716 utpote
2089 1660 2238 1700 cras-

590 1727 710 1781 sius
741 1727 1010 1784 affectus.

2353 581 2583 657 ἀπραξίᾳ
2633 592 2733 636 τῶν
2795 594 3015 657 νομικῶν
3065 585 3295 653 ἐντολῶν,
3355 590 3443 638 καὶ
3495 594 3556 659 τῇ
3615 585 3949 659 ἀνενεργησίᾳ

2352 679 2451 723 τῶν
2482 673 2626 724 θείων
2657 675 3092 745 προσταγμάτων.
3119 674 3136 744 ]

2423 759 2588 822 Οὗτος
2633 761 2815 835 ἄρχων
2870 758 2929 820 ἦν
2987 770 3084 825 τῆς
3130 770 3438 834 Συναγωγῆς
3491 770 3588 815 τῶν
3649 759 3946 833 Ἰουδαίων,

2352 849 2559 921 Ἰάειρος
2600 849 2996 922 ὀνομαζόμενος,
3043 853 3111 913 ὡς
3144 851 3354 924 λέγουσι
3403 853 3612 925 Μάρκος
3663 857 3751 904 καὶ
3805 859 3948 905 Λου-

2349 943 2464 999 κᾶς.
2507 938 2858 1007 Ἐμπνέουσαν
2906 936 2963 992 δι
3009 944 3102 998 τήν
3147 940 3329 993 ἑαυτοῦ
3381 942 3638 1013 θυγατέρα
3685 940 3945 994 κατέλιπε.

2352 1030 2452 1078 Καὶ
2500 1027 2602 1100 γὰρ
2652 1029 2867 1100 Μάρκος
2912 1032 3001 1100 μέν
3075 1047 3225 1099 φησι,
3287 1035 3467 1081 τοῦτον
3515 1029 3694 1096 εἰπεῖν,
3745 1033 3826 1082 ὅτι
3875 1033 3947 1082 T6

2351 1115 2624 1187 θυγάτριον
2673 1134 2772 1186 μου
2834 1115 3072 1186 ἐσχάτως
3118 1118 3230 1187 ἔχει
3260 1133 3273 1146 ·
3337 1122 3544 1178 Λουκᾶς
3592 1113 3671 1181 δὲ,
3725 1119 3805 1169 ὅτι
3854 1122 3948 1171 καὶ

2349 1203 2479 1260 αὕτη
2540 1201 2876 1261 ἀπέθνησκεν.
2938 1203 3098 1256 Ὠστε
3155 1207 3235 1270 1'6,
3311 1210 3465 1279 Ἀρτι
3534 1207 3766 1269 τέθνηκε,
3827 1225 3948 1258 στο-

2346 1294 2642 1362 χαζόμενος
2680 1290 2814 1344 εἶπεν
2841 1313 2854 1326 ο
2906 1291 3122 1344 ὑπέλαϐε
3155 1295 3276 1365 γὰρ,
3329 1294 3408 1344 ὅτι
3457 1296 3621 1366 μέχρι
3663 1298 3779 1346 τότε
3817 1295 3939 1346 πάνο

2344 1397 2439 1440 τως
2497 1378 2556 1430 ἂν
2606 1377 2869 1435 ἀπέθανεν.
2926 1379 3078 1442 Εἰκὸς
3126 1377 3208 1445 δε,
3254 1388 3457 1452 πρῶτον
3502 1384 3592 1452 μὲν
3640 1380 3819 1446 εἰπεῖν,
3863 1382 3948 1433 ὅτι

2348 1467 2628 1538 Ἐσχάτως
2681 1470 2795 1538 εχει
2830 1486 2844 1500 ο
2899 1465 3029 1533 εἶτα,
3086 1469 3166 1520 ὅτι
3218 1467 3374 1541 ’Λρτι
3423 1471 3685 1534 τέθνηκεν,
3755 1471 3943 1539 εἶτουν,

2347 1555 2440 1616 ἕως
2497 1557 2637 1629 ἄρτι.
2678 1559 2776 1609 Δύο
2821 1553 2880 1610 δε
2919 1555 3190 1623 ἐζήτησεν,
3257 1556 3414 1610 έλθεῖν
3465 1575 3520 1610 τε
3571 1561 3661 1610 καὶ
3700 1555 3950 1611 έπιθείναι

2348 1647 2442 1701 τήν
2471 1651 2649 1719 χεῖρα,
2691 1647 2986 1718 παχύτερον
3018 1641 3360 1718 διακείμενος.

663 1818 820 1872 Vers.
853 1817 936 1874 19.
970 1818 1047 1872 Et
1072 1849 1140 1859 —
1165 1820 1313 1889 ejus.
1355 1822 1576 1876 Marcus
1606 1824 1661 1876 et
1713 1821 1905 1876 Lucas
1929 1820 2137 1876 dicunt
2167 1822 2234 1891 9°,

2423 1824 2524 1873 Καὶ
2556 1852 2618 1860 -
2669 1820 2852 1876 αὐτοῦ.
2901 1823 3113 1896 Μάρκος
3152 1817 3210 1874 δε
3247 1826 3336 1874 καὶ
3391 1827 3597 1885 Λουκᾶς
3647 1843 3826 1895 φασιν,
3867 1827 3947 1877 ὅτι

589 1903 757 1974 quod
785 1905 963 1962 etiam
994 1907 1171 1963 turba
1201 1907 1388 1964 multa
1406 1908 1787 1980 sequebatur.
1822 1909 2027 1964 Plures
2058 1909 2241 1980 siqui-

591 1991 731 2048 dem
771 2008 975 2049 eorum
1026 1995 1338 2052 carnaliter
1366 1997 1652 2063 viventes,
1678 2013 1802 2054 non
1831 2002 2064 2054 tantum
2118 1997 2240 2054 ani-

591 2096 708 2136 mae
765 2081 1078 2138 utilitatem
1121 2085 1641 2157 concupiscebant,
1697 2091 1990 2159 quantum
2043 2087 2239 2144 carnis

592 2169 718 2224 sive
747 2171 1012 2242 corporis
1052 2173 1383 2229 sanitatem.

590 2257 748 2316 CAP.
798 2261 931 2315 XVI.
986 2261 1061 2317 De
1105 2261 1340 2318 muliere
1390 2263 1689 2335 sanguinis
1744 2263 2037 2334 proﬂuvio
2093 2263 2239 2320 tabo-

1320 2359 1507 2409 rante.

661 2439 818 2494 Vers.
843 2439 932 2494 20.
963 2438 1042 2494 Et
1072 2470 1140 2480 —
1165 2443 1310 2511 ejus.
1332 2443 1412 2496 De
1441 2441 1719 2514 prassenti
1749 2441 1941 2515 capite
1979 2440 2154 2498 latius
2184 2446 2240 2498 et

586 2525 828 2598 planius
859 2526 1095 2598 scripsit
1123 2529 1306 2585 Lucas
1335 2531 1381 2566 ⁹¹
1409 2547 1424 2596 ;
1456 2545 1656 2602 quaere
1687 2544 1827 2600 ergo
1854 2529 2017 2602 apud
2068 2529 2240 2586 illum

588 2614 1015 2672 enarrationem
1065 2615 1333 2672 vicesimi
1399 2618 1548 2673 sexti
1596 2617 1825 2689 capitis.
1905 2615 2236 2690 Κράσπιδον,

587 2701 846 2770 ﬁmbria,
878 2709 964 2761 est
990 2705 1167 2762 vestis
1195 2710 1460 2762 extrema
1486 2721 1646 2778 pars,
1679 2722 1815 2780 quas
1865 2707 2045 2778 pedes
2093 2722 2239 2763 con-

590 2792 734 2863 tegit
760 2796 818 2850 et
844 2793 1200 2852 ambulando
1230 2799 1438 2852 terram
1467 2795 1719 2865 attingit.

658 2969 824 3027 Vers.
851 2971 941 3026 21.
976 2971 1216 3028 Dicebat
1249 3002 1311 3013 —
1332 2972 1500 3027 salva
1525 2985 1638 3028 ero.
1662 2969 1943 3040 Magnam
1973 2969 2237 3029 habebat

583 3056 767 3114 ﬁdem
801 3077 814 3128 ;
849 3059 1129 3116 credebat
1157 3059 1339 3125 enim,
1362 3059 1529 3132 quod
1555 3059 1656 3114 ubi
1683 3059 1874 3116 solam
1900 3059 2234 3116 vestimenti

2346 1913 2436 1961 καὶ
2485 1907 2644 1980 ὄχλος
2694 1908 2852 1972 πολύς
2908 1909 3252 1969 ἠκολούθησε.
3314 1915 3414 1964 Καὶ
3470 1910 3572 1985 γὰρ
3629 1914 3679 1964 οἰ
3741 1912 3946 1974 πλείους

2347 1996 2515 2048 αὐτῶν
2590 2003 3017 2071 σωματικώτερον
3090 1999 3297 2063 ζῶντες,
3377 1999 3484 2068 οὐχ
3553 1999 3687 2052 οὕτω
3759 2000 3948 2072 ψυχῆς

2348 2084 2606 2156 ὠφέλειαν,
2673 2089 2740 2148 ὡς
2807 2091 3049 2158 σώματος
3115 2085 3341 2162 ἰατρείαν
3425 2086 3710 2162 ἐπεθύμουν
3781 2085 3938 2146 ἰδεῖν,

2669 2268 2814 2318 ΚΕΦ.
2840 2263 2934 2329 Ις·’.
2964 2269 3087 2339 Περὶ
3108 2272 3198 2326 τῆς
3219 2264 3617 2341 αἰμορῥοούσης.

2420 2444 2521 2492 Καὶ
2577 2470 2643 2479 —
2706 2441 2886 2495 αὑτοῦ.
2958 2445 3084 2515 Περὶ
3167 2443 3261 2494 τοῦ
3339 2447 3585 2516 παρόντος
3654 2442 3935 2514 κεφαλαίου

2347 2527 2657 2600 πλατύτερον
2740 2533 2830 2582 καὶ
2893 2535 3236 2602 φανερώτερον
3309 2531 3527 2604 ἔγραψεν
3600 2531 3627 2582 6
3706 2536 3937 2596 Λουκᾶς,

2346 2621 2434 2668 καὶ
2476 2619 2706 2680 ζήτησον
2747 2617 2870 2691 παρ’
2921 2617 3094 2689 έκείνῳ
3147 2622 3236 2676 τήν
3283 2617 3533 2690 ἐξήγησιν
3575 2625 3664 2672 τοῦ
3703 2619 3942 2672 εἰκοστοῦ

2345 2704 2493 2758 ἕκτου
2551 2705 2851 2770 κεφαλαίου.
2903 2702 3213 2778 Κράσπεδον
3269 2703 3328 2760 δε
3376 2706 3488 2760 ἔστι
3545 2710 3603 2760 τὸ
3647 2709 3803 2783 ἄκρον
3850 2716 3944 2761 τοῦ

2349 2794 2580 2864 ἱματίου,
2639 2792 2667 2846 ὃ
2725 2796 2870 2867 παρὰ
2939 2794 3045 2855 τοῖς
3115 2799 3274 2847 ποσὶν
3331 2794 3614 2868 εἰλούμενον
3669 2795 3948 2869 ἰφάπτεται

2343 2889 2436 2943 τῆς
2461 2889 2562 2952 γῆς
2591 2879 2639 2933 ἰν
2661 2889 2733 2952 τῷ
2766 2879 3034 2954 βαδίζειν.

2416 2969 2589 3041 Ἔλεγε
2647 3001 2709 3009 -
2762 2972 3101 3043 σωθήσομαι.
3173 2970 3371 3030 Πολλὴν
3425 2975 3515 3044 μεν
3569 2970 3686 3044 εἰχς
3731 2978 3936 3032 πίστιν,

2347 3057 2611 3111 Ἐπίστευε
2669 3061 2791 3132 γὰρ,
2849 3059 2930 3110 ὃτι
2983 3064 3136 3131 μόνον
3185 3059 3421 3132 ἁψαμένη
3478 3067 3570 3112 τοῦ
3638 3059 3944 3134 κρασπέδου

583 3146 876 3203 ﬁmbriam
913 3149 1216 3218 tetigisset,
1243 3147 1409 3205 salva
1453 3148 1638 3214 ﬁeret,
1665 3148 1725 3203 id
1756 3152 1861 3214 est,
1890 3155 2226 3208 sanaretur.

2341 3153 2433 3198 τοῦ
2486 3148 2696 3219 ἱματίου
2766 3147 2927 3200 αὑτοῦ
2987 3149 3304 3214 σωθήσεται,
3366 3152 3653 3214 τουτέστιν,
3719 3152 3939 3222 ὑγιανεῖ.

585 3238 748 3292 Hanc
780 3240 976 3294 tamen
994 3235 1407 3308 imperfectam
1448 3236 1712 3294 habebat
1738 3253 1751 3292 :
1785 3236 2036 3310 putabat
2063 3252 2230 3294 nam-

585 3339 695 3396 que
727 3325 904 3382 latere
935 3325 1122 3392 illum,
1150 3326 1254 3399 qui
1293 3325 1557 3383 occultos
1603 3341 1845 3398 quoque
1893 3325 2081 3383 animi
2105 3341 2230 3383 mo-

586 3417 678 3468 tus
709 3414 985 3471 intuetur.

653 3503 814 3558 Vers.
843 3503 929 3557 22.
977 3504 1140 3560 Iesus
1184 3512 1470 3561 autem—
1500 3507 1554 3560 te
1595 3504 1816 3560 salvam
1873 3505 2034 3572 fecit.
2098 3506 2233 3560 Mat-

581 3590 791 3659 thaeus,
823 3595 1114 3663 tanquam
1157 3592 1454 3648 brevitatis
1480 3596 1732 3655 amator,
1761 3606 1897 3662 quas
1936 3591 1997 3646 in
2037 3591 2232 3646 medio

582 3679 953 3746 contigerunt
999 3681 1390 3750 praetermisit,
1423 3679 1781 3733 miraculum
1813 3677 2005 3733 solum
2047 3679 2234 3734 mani-

580 3764 810 3820 festans
841 3783 855 3832 ;
888 3767 1076 3822 Lucas
1107 3781 1246 3822 vero
1270 3766 1477 3822 omnia
1505 3769 1779 3821 accurate
1804 3766 2136 3838 proposuit.
2167 3767 2233 3822 In

581 3852 739 3907 dicto
764 3869 905 3924 ergo
931 3853 1124 3924 capite
1153 3853 1419 3908 invenies

651 3943 809 3996 Vers.
841 3945 929 3996 22.
960 3943 1027 3996 Et
1053 3942 1249 3998 —itla
1277 3942 1434 3998 hora.
1467 3940 1643 3997 Salva
1661 3939 1816 3998 facta
1845 3944 1950 4011 est,
1976 3941 2091 3999 hoc
2120 3946 2228 4010 est,

581 4033 807 4086 curata.
845 4031 1030 4086 Lucas
1060 4029 1356 4104 siquidem
1388 4029 1556 4098 dixit,
1594 4037 1806 4088 sanata
1837 4033 1906 4087 ⁸⁸.
1951 4033 2032 4087 Ex
2060 4031 2228 4099 hora,

579 4119 849 4192 inquam,
879 4134 1002 4176 non
1031 4135 1154 4191 qua
1181 4119 1328 4176 dixit
1351 4118 1404 4175 ei
1431 4121 1603 4175 Jesus
1629 4136 1642 4174 :
1674 4120 1834 4176 Bono
1852 4121 2056 4177 animo
2079 4125 2224 4188 esto,

578 4208 719 4275 ﬁlia,
751 4209 854 4265 sed
893 4224 1014 4281 qua
1037 4207 1338 4265 ﬁmbriam
1363 4208 1568 4279 tetigit,
1597 4208 1748 4266 sicut
1773 4210 2006 4268 Marcus
2037 4214 2095 4268 et
2117 4210 2228 4268 Lu-

579 4315 680 4356 cas
712 4299 1092 4371 scripserunt.
1113 4299 1184 4353 ⁸³.

645 4388 810 4448 Vers.
861 4392 949 4444 23.
1003 4387 1252 4459 Cumque
1279 4418 1348 4429 —
1395 4389 1554 4444 Vers.
1575 4391 1664 4446 24.
1690 4403 1818 4445 eum
1849 4388 2019 4445 Moris
2065 4388 2225 4444 enim

576 4477 772 4535 eratin
796 4476 1143 4546 hujusmodi
1164 4475 1606 4534 calamitatibus
1631 4476 1902 4534 tibicines
1919 4477 2222 4541 inducere,

577 4567 676 4638 qui
700 4564 1147 4620 lamentationes
1173 4565 1515 4622 excitarent.
1549 4567 1668 4621 Hoc
1699 4571 1900 4622 autem
1931 4569 2111 4636 caput
2141 4565 2228 4621 la-

576 4655 694 4710 tius
725 4653 959 4722 scripsit
998 4651 1230 4706 Marcus
1255 4654 1324 4708 ⁹⁴.
1378 4655 1584 4719 Quare
1613 4669 1755 4724 ergo
1790 4652 2226 4725 expositionem

575 4741 726 4797 tertii
749 4738 952 4794 decimi
978 4739 1188 4811 capitis
1227 4741 1388 4813 apud
1416 4758 1574 4798 eum.

648 4828 818 4883 Vers.
844 4830 930 4882 25.
964 4828 1188 4884 Etcum
1211 4859 1280 4872 —
1310 4832 1469 4886 Vers.
1500 4834 1588 4887 26.
1623 4830 1810 4886 illam.
1841 4828 1920 4885 De
1950 4829 2043 4886 his
2094 4844 2226 4886 om-

575 4916 757 4973 nibus
788 4915 848 4971 in
873 4916 1156 4988 praedicto
1193 4918 1354 4975 tertio
1385 4919 1618 4976 decimo
1646 4919 1838 4992 capite
1875 4918 2041 4976 nullo
2073 4933 2222 4992 prm-

578 5006 856 5063 termisso
879 5006 1164 5064 invenies.

645 5184 688 5220 ⁸⁷
741 5184 910 5240 Marc.
938 5200 996 5250 v,
1055 5188 1124 5240 22
1154 5207 1164 5249 ;
1201 5186 1318 5241 Luc
1348 5199 1462 5247 viu,
1495 5183 1583 5241 41.
1696 5184 1742 5220 ³⁸
1775 5187 1948 5241 Marc.
2001 5201 2058 5251 v,
2091 5187 2180 5241 23.

576 5257 620 5292 ⁰¹
651 5257 793 5312 Luc.
835 5270 956 5324 vni,
983 5257 1050 5312 43
1079 5270 1248 5327 seqq.
1363 5257 1410 5290 θ’
1445 5257 1578 5311 Luc.
1609 5271 1734 5324 vni,
1759 5259 1849 5311 47.

2295 5184 2342 5221 ⁸³
2373 5185 2493 5241 Luc
2530 5199 2650 5251 vui,
2704 5186 2794 5240 42.

1962 5258 2009 5293 ⁸³
2043 5259 2214 5313 Marc.
2246 5272 2303 5322 v,
2339 5259 2408 5312 29
2434 5273 2448 5322 ;
2479 5255 2617 5311 Luc.
2637 5250 2764 5321 vui,
2795 5253 2884 5310 44.
2920 5254 2968 5289 ³⁸
2995 5252 3177 5309 Marc.
3207 5267 3266 5321 v,
3298 5250 3364 5306 35
3397 5265 3563 5323 seqq.

2344 3233 2482 3293 Πλήν
2535 3233 2681 3294 ἀτελῆ
2735 3238 2931 3294 ταύτην
2991 3233 3158 3307 εἶχεν.
3217 3235 3368 3308 ”ῼ.ετο
3422 3240 3524 3311 γὰρ
3554 3237 3726 3291 λαθεῖν
3762 3239 3937 3307 αὐτὸν,

2342 3323 2394 3384 ὃς
2424 3322 2603 3396 βλέπει
2631 3327 2720 3376 καὶ
2745 3327 2810 3377 τὰ
2840 3323 3004 3396 ἀφανῆ
3035 3330 3298 3396 κινήματα
3324 3332 3418 3387 τῆς
3447 3324 3599 3397 ψυχή
3613 3346 3653 3387 ς.

2410 3500 2468 3552 Ὀ
2521 3496 2580 3553 6‘s
2644 3501 2849 3562 Ἰησοῦς
2897 3531 2963 3541 -
3016 3504 3216 3554 σέσωκέ
3272 3519 3355 3558 σε.
3429 3501 3517 3563 Ὡς
3568 3501 3942 3578 γιλοσύντομος

2342 3589 2368 3640 6
2419 3590 2704 3655 Ματθαῖος,
2755 3591 2822 3642 τὰ
2871 3588 2922 3641 έν
2979 3593 3120 3661 μέσῳ
3184 3586 3507 3664 παρέδραμε,
3563 3595 3714 3663 μόνον
3769 3588 3939 3662 ἀπαγ-

2339 3676 2510 3749 γείλας
2544 3680 2601 3729 τὸ
2643 3679 2818 3750 θαῦμα
2845 3698 2857 3712 υ
2893 3678 2918 3730 6
2955 3674 3014 3730 δε
3066 3682 3275 3740 Λουκᾶς
3324 3678 3529 3731 ἅπαντα
3575 3680 3832 3750 παρέθηκε
3863 3675 3938 3730 δι’

2342 3764 2624 3838 ἀκρίϐειαν,
2670 3771 2759 3818 καὶ
2805 3768 3046 3839 εὑρήσεις
3088 3774 3255 3819 ταῦτα
3299 3766 3347 3819 έν
3399 3775 3472 3838 τῷ
3532 3763 3808 3826 δηλωθέντι
3849 3785 3936 3820 κε-

2341 3855 2559 3928 φαλαίῳ.

2413 3949 2513 3998 Καὶ
2607 3974 2675 3985 -
2748 3945 2881 4019 ὧρας
2965 3944 3173 4006 έκείνης.
3263 3943 3493 4014 Ἐσὼθη,
3600 3942 3713 3996 ἀντὶ
3824 3950 3938 4011 τοῦ,

2339 4034 2562 4106 ὑγίανεν.
2613 4033 2753 4090 Ἰάθη
2808 4035 2910 4106 γὰρ
2967 4029 3102 4086 εἶπεν
3152 4034 3178 4086 6
3217 4038 3442 4094 Λουκᾶς.
3493 4032 3621 4087 ’Δπό
3663 4039 3759 4094 τῆς
3804 4034 3944 4105 ὧρας

2339 4118 2418 4188 δε,
2459 4121 2554 4174 οὐκ
2601 4119 2685 4192 ἀφ’
2745 4121 2809 4182 ἧς
2855 4122 2880 4173 6
2936 4124 3160 4193 Χριστὸς
3209 4121 3342 4173 εἶπεν
3390 4121 3522 4193 αὐτῇ
3563 4126 3621 4174 τό
3661 4138 3674 4151 ’
3717 4123 3939 4196 Θάρσει,

2339 4213 2582 4282 θύγατερ,
2623 4207 2730 4261 ἀλλ’
2777 4207 2863 4281 ἀφ’
2913 4210 2979 4270 ἧς
3021 4209 3194 4280 ἧψατο
3246 4217 3338 4262 τοῦ
3382 4205 3707 4283 κρασπέδου,
3768 4211 3943 4270 καθὼς

2335 4301 2547 4373 Μάρκος
2573 4317 2627 4350 τε
2649 4301 2739 4350 καὶ
2768 4302 2976 4360 Λουκᾶς
3010 4299 3323 4372 ἱστόρησαν.

2409 4391 2510 4441 Καὶ
2562 4417 2629 4426 —
2683 4386 2863 4440 αὑτοῦ.
2920 4385 3074 4448 ’Ἐθος
3131 4388 3232 4460 γὰρ
3290 4382 3351 4446 ἦν
3404 4384 3454 4438 έν
3500 4392 3616 4448 ταῖς
3675 4387 3943 4447 τοιαύταις

2339 4481 2629 4546 συμφοραῖς
2719 4474 2945 4536 αὐλητὰς
3023 4474 3270 4545 εἰσάγειν,
3351 4476 3535 4547 θρῆνον
3630 4477 3938 4547 έγείροντας.

2334 4570 2497 4616 Τοῦτο
2551 4559 2610 4616 6":
2667 4566 2726 4615 1'6
2780 4563 3052 4634 κεφάλαιον
3101 4563 3414 4634 πλατύτερον
3481 4563 3507 4614 6
3569 4566 3783 4634 Μάρκος
3854 4561 3942 4613 ἀν-

2334 4650 2546 4726 έγραψε,
2593 4657 2682 4704 καὶ
2743 4652 2975 4712 ζήτησον
3031 4650 3152 4724 παρ’
3209 4651 3348 4703 αὐτῶ
3401 4655 3494 4709 τὴν
3549 4650 3798 4722 ἐξήγησιν
3847 4658 3942 4703 τοῦ

2333 4737 2772 4815 τρισκαιδεκάτου
2803 4739 3100 4812 κεφαλαίου.

2402 4828 2525 4882 Ὀτε
2580 4826 2637 4882 δὲ
2689 4861 2754 4869 —
2801 4827 3015 4886 ἐκείνην.
3080 4832 3206 4901 Περὶ
3266 4830 3456 4880 τούτων
3524 4829 3727 4879 πάντων
3783 4825 3939 4898 ίὺρή·

2336 4937 2440 4978 σεις
2503 4916 2897 4993 ἀπαραλείπτως
2969 4915 3016 4968 ἐν
3098 4924 3168 4986 τῷ
3243 4916 3446 4990 ῥηθέντι
3516 4910 3942 4987 τρισκαιδεκάτῷ

2332 5005 2610 5080 κεφαλαίῳ.

2908 5183 2957 5218 ⁸ο
3013 5179 3194 5238 Marc.
3227 5196 3280 5246 γ,
3322 5181 3434 5246 24;
3476 5178 3612 5235 Luc.
3666 5194 3786 5245 vni,
3843 5177 3934 5234 42.

1761 5433 1986 5504 Variae
2006 5433 2334 5502 lectiones
2369 5440 2432 5499 et
2458 5439 2664 5499 notae.

649 5601 1018 5677 (tt)_qujam
1044 5602 1406 5659 morituram.
1473 5605 1677 5663 Nescio
1708 5621 1785 5663 an
1809 5605 2013 5677 legerit
2032 5603 2234 5658 ἔκπνέου

2331 5624 2361 5657 ρ.
2388 5601 2503 5660 Sed
2532 5602 2871 5676 ἐμπνέουσαν,
2898 5599 3096 5660 adhuc
3152 5599 3499 5670 spirantem,
3533 5597 3630 5655 hic
3659 5595 3830 5654 etiam
3859 5593 3944 5652 lo-

567 5689 706 5732 cum
734 5673 934 5732 habet.
