  <div class='ocr_page' id='page_1' title='image "/cluster/home/n/w/nwhite01/storage/ocr_20150623/129/hvd.32044019208511/174.png"; bbox 0 0 4170 6468; ppageno 0'>
   <div class='ocr_carea' id='block_1_1' title="bbox 289 430 1936 493">
    <p class='ocr_par' dir='ltr' id='par_1_1' title="bbox 289 431 1936 493">
     <span class='ocr_line' id='line_1_1' title="bbox 289 431 1936 493; baseline -0.004 0"><span class='ocrx_word' id='word_1_1' title='bbox 289 437 400 493; x_wconf 82' lang='grc'><strong>317</strong></span> <span class='ocrx_word' id='word_1_2' title='bbox 1259 433 1624 489; x_wconf 79' lang='lat' dir='ltr'><strong>COMMENT.</strong></span> <span class='ocrx_word' id='word_1_3' title='bbox 1671 432 1736 488; x_wconf 84' lang='lat' dir='ltr'><strong>IN</strong></span> <span class='ocrx_word' id='word_1_4' title='bbox 1777 431 1936 487; x_wconf 81' lang='lat' dir='ltr'><strong>MAT&#39;</strong></span> 
     </span>
    </p>
   </div>
   <div class='ocr_carea' id='block_1_2' title="bbox 1965 430 3612 493">
    <p class='ocr_par' dir='ltr' id='par_1_2' title="bbox 1965 430 3612 488">
     <span class='ocr_line' id='line_1_2' title="bbox 1965 430 3612 488; baseline 0.001 -2"><span class='ocrx_word' id='word_1_5' title='bbox 1965 430 2223 486; x_wconf 65' lang='lat' dir='ltr'><strong>&#39;Hz’EUM.</strong></span> <span class='ocrx_word' id='word_1_6' title='bbox 2263 461 2330 472; x_wconf 90' lang='lat'><strong>—</strong></span> <span class='ocrx_word' id='word_1_7' title='bbox 2369 431 2526 486; x_wconf 83' lang='lat' dir='ltr'><strong>CAP.</strong></span> <span class='ocrx_word' id='word_1_8' title='bbox 2569 432 2666 488; x_wconf 83' lang='lat' dir='ltr'><strong>1X.</strong></span> <span class='ocrx_word' id='word_1_9' title='bbox 3590 431 3612 487; x_wconf 87' lang='grc'><strong>1</strong></span> 
     </span>
    </p>
   </div>
   <div class='ocr_carea' id='block_1_3' title="bbox 624 556 2271 635">
    <p class='ocr_par' dir='ltr' id='par_1_3' title="bbox 624 556 1968 635">
     <span class='ocr_line' id='line_1_3' title="bbox 624 556 1968 635; baseline -0.003 -21"><span class='ocrx_word' id='word_1_10' title='bbox 624 565 768 614; x_wconf 68' lang='grc' dir='ltr'><strong>ΚΕΦ.</strong></span> <span class='ocrx_word' id='word_1_11' title='bbox 804 560 902 618; x_wconf 83' lang='grc' dir='ltr'><strong>ῙΖ’.</strong></span> <span class='ocrx_word' id='word_1_12' title='bbox 945 565 1069 635; x_wconf 84' lang='grc' dir='ltr'>Περὶ</span> <span class='ocrx_word' id='word_1_13' title='bbox 1098 567 1197 611; x_wconf 89' lang='grc' dir='ltr'><strong>τῶν</strong></span> <span class='ocrx_word' id='word_1_14' title='bbox 1223 557 1320 612; x_wconf 85' lang='grc' dir='ltr'><strong>δύο</strong></span> <span class='ocrx_word' id='word_1_15' title='bbox 1349 557 1568 630; x_wconf 71' lang='grc' dir='ltr'>τυφλῶν.</span> <span class='ocrx_word' id='word_1_16' title='bbox 1918 556 1968 610; x_wconf 85' lang='grc' dir='ltr'><strong>Α</strong></span> 
     </span>
    </p>
   </div>
   <div class='ocr_carea' id='block_1_4' title="bbox 1650 556 3297 635">
    <p class='ocr_par' dir='ltr' id='par_1_4' title="bbox 1918 556 3297 616">
     <span class='ocr_line' id='line_1_4' title="bbox 1918 556 3297 616; baseline 0.001 -6"><span class='ocrx_word' id='word_1_17' title='bbox 1918 556 1968 610; x_wconf 85' lang='grc' dir='ltr'><strong>Α</strong></span> <span class='ocrx_word' id='word_1_18' title='bbox 2375 558 2526 612; x_wconf 82' lang='lat' dir='ltr'><strong>CAP.</strong></span> <span class='ocrx_word' id='word_1_19' title='bbox 2560 557 2722 614; x_wconf 86' lang='lat' dir='ltr'><strong>XVII.</strong></span> <span class='ocrx_word' id='word_1_20' title='bbox 2761 558 2847 614; x_wconf 85' lang='lat' dir='ltr'><strong>De</strong></span> <span class='ocrx_word' id='word_1_21' title='bbox 2865 557 3087 614; x_wconf 84' lang='lat' dir='ltr'><strong>duobus</strong></span> <span class='ocrx_word' id='word_1_22' title='bbox 3116 559 3297 616; x_wconf 68' lang='lat' dir='ltr'><strong>caveis.</strong></span> 
     </span>
    </p>
   </div>
   <div class='ocr_carea' id='block_1_5' title="bbox 370 646 2017 719">
    <p class='ocr_par' dir='ltr' id='par_1_5' title="bbox 370 646 1892 719">
     <span class='ocr_line' id='line_1_5' title="bbox 370 646 1892 719; baseline -0.005 -16"><span class='ocrx_word' id='word_1_23' title='bbox 370 655 475 704; x_wconf 78' lang='grc' dir='ltr'>Καὶ</span> <span class='ocrx_word' id='word_1_24' title='bbox 504 681 574 690; x_wconf 92' lang='lat'><strong><em>—</em></strong></span> <span class='ocrx_word' id='word_1_25' title='bbox 629 646 813 703; x_wconf 70' lang='grc' dir='ltr'>Δαυίδ.</span> <span class='ocrx_word' id='word_1_26' title='bbox 861 651 1137 717; x_wconf 84' lang='grc' dir='ltr'>Μαθοντες,</span> <span class='ocrx_word' id='word_1_27' title='bbox 1196 653 1312 719; x_wconf 86' lang='grc' dir='ltr'>περὶ</span> <span class='ocrx_word' id='word_1_28' title='bbox 1347 648 1414 697; x_wconf 82' lang='grc' dir='ltr'>ὧν</span> <span class='ocrx_word' id='word_1_29' title='bbox 1465 646 1892 717; x_wconf 78' lang='grc' dir='ltr'>ἐθαυματούργει,</span> 
     </span>
    </p>
   </div>
   <div class='ocr_carea' id='block_1_6' title="bbox 2007 646 3654 719">
    <p class='ocr_par' dir='ltr' id='par_1_6' title="bbox 2074 646 3654 718">
     <span class='ocr_line' id='line_1_6' title="bbox 2074 646 3654 718; baseline 0.004 -19"><span class='ocrx_word' id='word_1_30' title='bbox 2074 647 2235 700; x_wconf 88' lang='lat' dir='ltr'><strong>Vers.</strong></span> <span class='ocrx_word' id='word_1_31' title='bbox 2269 649 2355 700; x_wconf 84' lang='lat'><strong>2&#39;7.</strong></span> <span class='ocrx_word' id='word_1_32' title='bbox 2391 646 2644 718; x_wconf 84' lang='lat' dir='ltr'><strong>Cumque</strong></span> <span class='ocrx_word' id='word_1_33' title='bbox 2670 677 2739 688; x_wconf 95' lang='lat'><strong><em>—</em></strong></span> <span class='ocrx_word' id='word_1_34' title='bbox 2780 648 2994 704; x_wconf 85' lang='lat' dir='ltr'><strong>David.</strong></span> <span class='ocrx_word' id='word_1_35' title='bbox 3036 651 3181 704; x_wconf 91' lang='lat' dir='ltr'><strong>Cum</strong></span> <span class='ocrx_word' id='word_1_36' title='bbox 3214 649 3519 705; x_wconf 79' lang='lat' dir='ltr'><strong>audissent</strong></span> <span class='ocrx_word' id='word_1_37' title='bbox 3552 649 3654 705; x_wconf 84' lang='lat' dir='ltr'><strong>mi-</strong></span> 
     </span>
    </p>
   </div>
   <div class='ocr_carea' id='block_1_7' title="bbox 287 734 1934 808">
    <p class='ocr_par' dir='ltr' id='par_1_7' title="bbox 287 735 1894 808">
     <span class='ocr_line' id='line_1_7' title="bbox 287 735 1894 808; baseline -0.004 -17"><span class='ocrx_word' id='word_1_38' title='bbox 287 744 386 791; x_wconf 71' lang='grc' dir='ltr'>καὶ</span> <span class='ocrx_word' id='word_1_39' title='bbox 456 740 827 797; x_wconf 78' lang='grc' dir='ltr'><strong>πιστεύσαντες</strong></span> <span class='ocrx_word' id='word_1_40' title='bbox 893 737 1048 789; x_wconf 71' lang='grc' dir='ltr'>αὐτὸν</span> <span class='ocrx_word' id='word_1_41' title='bbox 1121 735 1246 789; x_wconf 85' lang='grc' dir='ltr'>εἶναι</span> <span class='ocrx_word' id='word_1_42' title='bbox 1311 738 1396 786; x_wconf 84' lang='grc' dir='ltr'>τὸν</span> <span class='ocrx_word' id='word_1_43' title='bbox 1462 735 1894 808; x_wconf 68' lang='grc' dir='ltr'><strong>προσδοκώμενον</strong></span> 
     </span>
    </p>
   </div>
   <div class='ocr_carea' id='block_1_8' title="bbox 2009 734 3656 808">
    <p class='ocr_par' dir='ltr' id='par_1_8' title="bbox 2009 734 3656 806">
     <span class='ocr_line' id='line_1_8' title="bbox 2009 734 3656 806; baseline 0.003 -17"><span class='ocrx_word' id='word_1_44' title='bbox 2009 734 2209 790; x_wconf 90' lang='lat' dir='ltr'><strong>racula</strong></span> <span class='ocrx_word' id='word_1_45' title='bbox 2264 750 2398 806; x_wconf 74' lang='lat' dir='ltr'><strong>quas</strong></span> <span class='ocrx_word' id='word_1_46' title='bbox 2456 734 2738 805; x_wconf 82' lang='lat' dir='ltr'><strong>ediderat,</strong></span> <span class='ocrx_word' id='word_1_47' title='bbox 2785 741 2841 791; x_wconf 91' lang='lat' dir='ltr'><strong>et</strong></span> <span class='ocrx_word' id='word_1_48' title='bbox 2889 736 3274 792; x_wconf 85' lang='lat' dir='ltr'><strong>credidissent</strong></span> <span class='ocrx_word' id='word_1_49' title='bbox 3329 753 3466 793; x_wconf 90' lang='lat' dir='ltr'><strong>eum</strong></span> <span class='ocrx_word' id='word_1_50' title='bbox 3529 754 3656 794; x_wconf 83' lang='lat' dir='ltr'><strong>esse</strong></span> 
     </span>
    </p>
   </div>
   <div class='ocr_carea' id='block_1_9' title="bbox 287 823 1934 903">
    <p class='ocr_par' dir='ltr' id='par_1_9' title="bbox 287 825 1895 903">
     <span class='ocr_line' id='line_1_9' title="bbox 287 825 1895 903; baseline -0.007 -20"><span class='ocrx_word' id='word_1_51' title='bbox 287 832 553 903; x_wconf 80' lang='grc' dir='ltr'>Χριστὸν,</span> <span class='ocrx_word' id='word_1_52' title='bbox 607 832 726 899; x_wconf 81' lang='grc' dir='ltr'>περὶ</span> <span class='ocrx_word' id='word_1_53' title='bbox 767 827 826 878; x_wconf 81' lang='grc' dir='ltr'><strong>οὗ</strong></span> <span class='ocrx_word' id='word_1_54' title='bbox 883 825 1127 886; x_wconf 79' lang='grc' dir='ltr'><strong>πολλάκις</strong></span> <span class='ocrx_word' id='word_1_55' title='bbox 1205 829 1459 892; x_wconf 78' lang='grc' dir='ltr'>ἤκουσαν,</span> <span class='ocrx_word' id='word_1_56' title='bbox 1514 827 1755 896; x_wconf 82' lang='grc' dir='ltr'>ἔρχονται</span> <span class='ocrx_word' id='word_1_57' title='bbox 1807 826 1895 873; x_wconf 83' lang='grc' dir='ltr'>καὶ</span> 
     </span>
    </p>
   </div>
   <div class='ocr_carea' id='block_1_10' title="bbox 2011 823 3658 903">
    <p class='ocr_par' dir='ltr' id='par_1_10' title="bbox 2011 823 3658 897">
     <span class='ocr_line' id='line_1_10' title="bbox 2011 823 3658 897; baseline 0.001 -17"><span class='ocrx_word' id='word_1_58' title='bbox 2011 823 2322 891; x_wconf 77' lang='lat' dir='ltr'><strong>Christum,</strong></span> <span class='ocrx_word' id='word_1_59' title='bbox 2349 823 2453 896; x_wconf 87' lang='lat' dir='ltr'><strong>qui</strong></span> <span class='ocrx_word' id='word_1_60' title='bbox 2477 826 2948 895; x_wconf 74' lang='lat' dir='ltr'><strong>exspectabatur,</strong></span> <span class='ocrx_word' id='word_1_61' title='bbox 2977 825 3045 881; x_wconf 90' lang='lat' dir='ltr'><strong>de</strong></span> <span class='ocrx_word' id='word_1_62' title='bbox 3071 841 3190 897; x_wconf 92' lang='lat' dir='ltr'><strong>quo</strong></span> <span class='ocrx_word' id='word_1_63' title='bbox 3211 827 3429 897; x_wconf 67' lang='lat' dir='ltr'><strong>saepius</strong></span> <span class='ocrx_word' id='word_1_64' title='bbox 3450 827 3658 882; x_wconf 85' lang='lat' dir='ltr'><strong>audie-</strong></span> 
     </span>
    </p>
   </div>
   <div class='ocr_carea' id='block_1_11' title="bbox 287 913 1934 988">
    <p class='ocr_par' dir='ltr' id='par_1_11' title="bbox 287 913 1890 988">
     <span class='ocr_line' id='line_1_11' title="bbox 287 913 1890 988; baseline -0.002 -21"><span class='ocrx_word' id='word_1_65' title='bbox 287 915 646 968; x_wconf 74' lang='grc' dir='ltr'><strong>ἀκολουθοῦσι</strong></span> <span class='ocrx_word' id='word_1_66' title='bbox 726 917 1022 988; x_wconf 78' lang='grc' dir='ltr'><strong>κράζοντες·</strong></span> <span class='ocrx_word' id='word_1_67' title='bbox 1120 913 1380 980; x_wconf 80' lang='grc' dir='ltr'>Ἐλέησον,</span> <span class='ocrx_word' id='word_1_68' title='bbox 1459 916 1641 982; x_wconf 80' lang='grc' dir='ltr'>ἤγουν,</span> <span class='ocrx_word' id='word_1_69' title='bbox 1723 914 1890 963; x_wconf 86' lang='grc' dir='ltr'>ῖασαι.</span> 
     </span>
    </p>
   </div>
   <div class='ocr_carea' id='block_1_12' title="bbox 2008 913 3655 988">
    <p class='ocr_par' dir='ltr' id='par_1_12' title="bbox 2008 913 3655 984">
     <span class='ocr_line' id='line_1_12' title="bbox 2008 913 3655 984; baseline 0.001 -14"><span class='ocrx_word' id='word_1_70' title='bbox 2008 913 2486 982; x_wconf 85' lang='lat' dir='ltr'><strong>rant,veniuntac</strong></span> <span class='ocrx_word' id='word_1_71' title='bbox 2499 913 3172 984; x_wconf 85' lang='lat' dir='ltr'><strong>sequuntur,clamantes</strong></span> <span class='ocrx_word' id='word_1_72' title='bbox 3190 937 3200 966; x_wconf 91' lang='lat'>:</span> <span class='ocrx_word' id='word_1_73' title='bbox 3217 915 3506 982; x_wconf 76' lang='lat' dir='ltr'><strong>Miserere,</strong></span> <span class='ocrx_word' id='word_1_74' title='bbox 3519 915 3655 977; x_wconf 86' lang='lat' dir='ltr'><strong>sive,</strong></span> 
     </span>
    </p>
   </div>
   <div class='ocr_carea' id='block_1_13' title="bbox 284 999 1931 1074">
    <p class='ocr_par' dir='ltr' id='par_1_13' title="bbox 284 999 1897 1072">
     <span class='ocr_line' id='line_1_13' title="bbox 284 999 1897 1072; baseline -0.006 -14"><span class='ocrx_word' id='word_1_75' title='bbox 284 1007 416 1058; x_wconf 78' lang='grc' dir='ltr'><strong>Υὶόν</strong></span> <span class='ocrx_word' id='word_1_76' title='bbox 473 1000 532 1056; x_wconf 65' lang='grc' dir='ltr'><strong>δὲ</strong></span> <span class='ocrx_word' id='word_1_77' title='bbox 582 1009 674 1056; x_wconf 78' lang='grc' dir='ltr'>τοῦ</span> <span class='ocrx_word' id='word_1_78' title='bbox 725 1000 890 1056; x_wconf 81' lang='grc' dir='ltr'>Δαυὶδ</span> <span class='ocrx_word' id='word_1_79' title='bbox 939 1011 1118 1054; x_wconf 80' lang='grc' dir='ltr'>τοῦτον</span> <span class='ocrx_word' id='word_1_80' title='bbox 1169 1001 1430 1072; x_wconf 79' lang='grc' dir='ltr'>λέγουσιν,</span> <span class='ocrx_word' id='word_1_81' title='bbox 1488 1002 1556 1060; x_wconf 85' lang='grc' dir='ltr'><strong>ὡς</strong></span> <span class='ocrx_word' id='word_1_82' title='bbox 1617 999 1897 1059; x_wconf 75' lang='grc' dir='ltr'><strong>ἀκηκοότες</strong></span> 
     </span>
    </p>
   </div>
   <div class='ocr_carea' id='block_1_14' title="bbox 2010 999 3657 1074">
    <p class='ocr_par' dir='ltr' id='par_1_14' title="bbox 2010 1001 3657 1074">
     <span class='ocr_line' id='line_1_14' title="bbox 2010 1001 3657 1074; baseline 0.001 -18"><span class='ocrx_word' id='word_1_83' title='bbox 2010 1017 2172 1058; x_wconf 88' lang='lat' dir='ltr'><strong>sana.</strong></span> <span class='ocrx_word' id='word_1_84' title='bbox 2226 1001 2435 1056; x_wconf 85' lang='lat' dir='ltr'><strong>Filium</strong></span> <span class='ocrx_word' id='word_1_85' title='bbox 2483 1007 2683 1057; x_wconf 86' lang='lat' dir='ltr'><strong>autem</strong></span> <span class='ocrx_word' id='word_1_86' title='bbox 2743 1002 2928 1058; x_wconf 84' lang='lat' dir='ltr'><strong>David</strong></span> <span class='ocrx_word' id='word_1_87' title='bbox 2971 1002 3132 1058; x_wconf 91' lang='lat' dir='ltr'><strong>hunc</strong></span> <span class='ocrx_word' id='word_1_88' title='bbox 3185 1002 3410 1067; x_wconf 88' lang='lat' dir='ltr'><strong>dicunt,</strong></span> <span class='ocrx_word' id='word_1_89' title='bbox 3457 1008 3657 1074; x_wconf 89' lang='lat' dir='ltr'><strong>utpote</strong></span> 
     </span>
    </p>
   </div>
   <div class='ocr_carea' id='block_1_15' title="bbox 289 1087 1936 1165">
    <p class='ocr_par' dir='ltr' id='par_1_15' title="bbox 289 1087 1896 1165">
     <span class='ocr_line' id='line_1_15' title="bbox 289 1087 1896 1165; baseline -0.006 -20"><span class='ocrx_word' id='word_1_90' title='bbox 289 1095 494 1165; x_wconf 82' lang='grc' dir='ltr'>ὁμοίως</span> <span class='ocrx_word' id='word_1_91' title='bbox 545 1091 598 1142; x_wconf 75' lang='grc' dir='ltr'>ἐκ</span> <span class='ocrx_word' id='word_1_92' title='bbox 654 1094 827 1162; x_wconf 86' lang='grc' dir='ltr'>γένους</span> <span class='ocrx_word' id='word_1_93' title='bbox 871 1087 1048 1144; x_wconf 78' lang='grc' dir='ltr'><strong>Λαυίδ</strong></span> <span class='ocrx_word' id='word_1_94' title='bbox 1106 1088 1517 1146; x_wconf 78' lang='grc' dir='ltr'>ἀναϐλαστήσειν</span> <span class='ocrx_word' id='word_1_95' title='bbox 1574 1087 1743 1140; x_wconf 76' lang='grc' dir='ltr'>αὐτόν.</span> <span class='ocrx_word' id='word_1_96' title='bbox 1809 1087 1896 1146; x_wconf 83' lang='grc' dir='ltr'><strong>Εἰς</strong></span> 
     </span>
    </p>
   </div>
   <div class='ocr_carea' id='block_1_16' title="bbox 2006 1087 3653 1165">
    <p class='ocr_par' dir='ltr' id='par_1_16' title="bbox 2006 1089 3653 1162">
     <span class='ocr_line' id='line_1_16' title="bbox 2006 1089 3653 1162; baseline 0 -16"><span class='ocrx_word' id='word_1_97' title='bbox 2006 1091 2109 1162; x_wconf 88' lang='lat' dir='ltr'><strong>qui</strong></span> <span class='ocrx_word' id='word_1_98' title='bbox 2155 1091 2330 1146; x_wconf 92' lang='lat' dir='ltr'><strong>etiam</strong></span> <span class='ocrx_word' id='word_1_99' title='bbox 2384 1089 2698 1146; x_wconf 81' lang='lat' dir='ltr'><strong>audierant</strong></span> <span class='ocrx_word' id='word_1_100' title='bbox 2725 1106 2757 1146; x_wconf 90' lang='lat' dir='ltr'><strong>e</strong></span> <span class='ocrx_word' id='word_1_101' title='bbox 2785 1106 2998 1161; x_wconf 81' lang='lat' dir='ltr'><strong>genere</strong></span> <span class='ocrx_word' id='word_1_102' title='bbox 3029 1091 3216 1147; x_wconf 85' lang='lat' dir='ltr'><strong>David</strong></span> <span class='ocrx_word' id='word_1_103' title='bbox 3265 1091 3430 1147; x_wconf 92' lang='lat' dir='ltr'><strong>illum</strong></span> <span class='ocrx_word' id='word_1_104' title='bbox 3455 1093 3653 1148; x_wconf 87' lang='lat' dir='ltr'><strong>oriun-</strong></span> 
     </span>
    </p>
   </div>
   <div class='ocr_carea' id='block_1_17' title="bbox 287 1176 1934 1253">
    <p class='ocr_par' dir='ltr' id='par_1_17' title="bbox 287 1176 1894 1253">
     <span class='ocr_line' id='line_1_17' title="bbox 287 1176 1894 1253; baseline -0.004 -20"><span class='ocrx_word' id='word_1_105' title='bbox 287 1186 456 1253; x_wconf 79' lang='grc' dir='ltr'>τιμὴν</span> <span class='ocrx_word' id='word_1_106' title='bbox 506 1176 565 1232; x_wconf 69' lang='grc' dir='ltr'><strong>δὲ</strong></span> <span class='ocrx_word' id='word_1_107' title='bbox 617 1179 776 1231; x_wconf 71' lang='grc' dir='ltr'>αὐτοῦ</span> <span class='ocrx_word' id='word_1_108' title='bbox 833 1186 984 1230; x_wconf 78' lang='grc' dir='ltr'>τοῦτο</span> <span class='ocrx_word' id='word_1_109' title='bbox 1039 1178 1346 1249; x_wconf 77' lang='grc' dir='ltr'>κράξουσιν,</span> <span class='ocrx_word' id='word_1_110' title='bbox 1409 1177 1745 1248; x_wconf 82' lang='grc' dir='ltr'>Ἐντιμοτάτη</span> <span class='ocrx_word' id='word_1_111' title='bbox 1793 1177 1894 1249; x_wconf 80' lang='grc' dir='ltr'><strong>γὰρ</strong></span> 
     </span>
    </p>
   </div>
   <div class='ocr_carea' id='block_1_18' title="bbox 2010 1176 3657 1253">
    <p class='ocr_par' dir='ltr' id='par_1_18' title="bbox 2010 1178 3657 1250">
     <span class='ocr_line' id='line_1_18' title="bbox 2010 1178 3657 1250; baseline 0.002 -16"><span class='ocrx_word' id='word_1_112' title='bbox 2010 1180 2178 1234; x_wconf 90' lang='lat' dir='ltr'><strong>dum.</strong></span> <span class='ocrx_word' id='word_1_113' title='bbox 2208 1179 2295 1235; x_wconf 80' lang='lat' dir='ltr'><strong>Ad</strong></span> <span class='ocrx_word' id='word_1_114' title='bbox 2321 1178 2612 1235; x_wconf 89' lang='lat' dir='ltr'><strong>honorem</strong></span> <span class='ocrx_word' id='word_1_115' title='bbox 2639 1193 2780 1234; x_wconf 83' lang='lat' dir='ltr'><strong>vero</strong></span> <span class='ocrx_word' id='word_1_116' title='bbox 2806 1180 2936 1250; x_wconf 91' lang='lat' dir='ltr'><strong>ejus</strong></span> <span class='ocrx_word' id='word_1_117' title='bbox 2967 1180 3082 1236; x_wconf 90' lang='lat' dir='ltr'><strong>hoc</strong></span> <span class='ocrx_word' id='word_1_118' title='bbox 3117 1180 3343 1237; x_wconf 93' lang='lat' dir='ltr'><strong>dicunt.</strong></span> <span class='ocrx_word' id='word_1_119' title='bbox 3388 1180 3657 1237; x_wconf 81' lang='lat' dir='ltr'><strong>Honora-</strong></span> 
     </span>
    </p>
   </div>
   <div class='ocr_carea' id='block_1_19' title="bbox 288 1264 1935 1342">
    <p class='ocr_par' dir='ltr' id='par_1_19' title="bbox 288 1264 1894 1342">
     <span class='ocr_line' id='line_1_19' title="bbox 288 1264 1894 1342; baseline -0.004 -22"><span class='ocrx_word' id='word_1_120' title='bbox 288 1270 419 1342; x_wconf 85' lang='grc' dir='ltr'>παρ’</span> <span class='ocrx_word' id='word_1_121' title='bbox 447 1264 731 1328; x_wconf 75' lang='grc' dir='ltr'>Ἰουδαίοις</span> <span class='ocrx_word' id='word_1_122' title='bbox 798 1264 858 1325; x_wconf 80' lang='grc' dir='ltr'>ἧν</span> <span class='ocrx_word' id='word_1_123' title='bbox 889 1269 919 1325; x_wconf 79' lang='grc' dir='ltr'><strong>ἠ</strong></span> <span class='ocrx_word' id='word_1_124' title='bbox 979 1269 1194 1323; x_wconf 74' lang='grc' dir='ltr'>τοιαύτη</span> <span class='ocrx_word' id='word_1_125' title='bbox 1247 1269 1598 1339; x_wconf 74' lang='grc' dir='ltr'><strong>προσηγορία·</strong></span> <span class='ocrx_word' id='word_1_126' title='bbox 1649 1268 1738 1315; x_wconf 80' lang='lat' dir='ltr'><strong>xui.</strong></span> <span class='ocrx_word' id='word_1_127' title='bbox 1793 1265 1894 1335; x_wconf 80' lang='grc' dir='ltr'><strong>γὰρ</strong></span> 
     </span>
    </p>
   </div>
   <div class='ocr_carea' id='block_1_20' title="bbox 2009 1264 3656 1342">
    <p class='ocr_par' dir='ltr' id='par_1_20' title="bbox 2009 1267 3656 1340">
     <span class='ocr_line' id='line_1_20' title="bbox 2009 1267 3656 1340; baseline 0 -16"><span class='ocrx_word' id='word_1_128' title='bbox 2009 1269 2240 1324; x_wconf 90' lang='lat' dir='ltr'><strong>tissima</strong></span> <span class='ocrx_word' id='word_1_129' title='bbox 2279 1267 2578 1340; x_wconf 87' lang='lat' dir='ltr'><strong>siquidem</strong></span> <span class='ocrx_word' id='word_1_130' title='bbox 2634 1268 2793 1339; x_wconf 87' lang='lat' dir='ltr'><strong>apud</strong></span> <span class='ocrx_word' id='word_1_131' title='bbox 2842 1268 3078 1325; x_wconf 75' lang='lat' dir='ltr'><strong>Judasos</strong></span> <span class='ocrx_word' id='word_1_132' title='bbox 3133 1274 3258 1325; x_wconf 89' lang='lat' dir='ltr'><strong>erat</strong></span> <span class='ocrx_word' id='word_1_133' title='bbox 3308 1269 3656 1340; x_wconf 90' lang='lat' dir='ltr'><strong>hujusmodi</strong></span> 
     </span>
    </p>
   </div>
   <div class='ocr_carea' id='block_1_21' title="bbox 292 1349 1939 1429">
    <p class='ocr_par' dir='ltr' id='par_1_21' title="bbox 292 1349 1898 1428">
     <span class='ocr_line' id='line_1_21' title="bbox 292 1349 1898 1428; baseline -0.004 -20"><span class='ocrx_word' id='word_1_134' title='bbox 292 1359 372 1408; x_wconf 72' lang='grc' dir='ltr'>ὅτι</span> <span class='ocrx_word' id='word_1_135' title='bbox 401 1360 497 1428; x_wconf 69' lang='grc' dir='ltr'>μὲν</span> <span class='ocrx_word' id='word_1_136' title='bbox 555 1357 721 1408; x_wconf 85' lang='grc' dir='ltr'>πάντα</span> <span class='ocrx_word' id='word_1_137' title='bbox 770 1352 1010 1418; x_wconf 82' lang='grc' dir='ltr'>δύναται,</span> <span class='ocrx_word' id='word_1_138' title='bbox 1067 1354 1356 1406; x_wconf 55' lang='grc' dir='ltr'>ἐπίστευον</span> <span class='ocrx_word' id='word_1_139' title='bbox 1413 1354 1492 1404; x_wconf 84' lang='grc' dir='ltr'>ὅτι</span> <span class='ocrx_word' id='word_1_140' title='bbox 1550 1349 1609 1405; x_wconf 70' lang='grc' dir='ltr'>δε</span> <span class='ocrx_word' id='word_1_141' title='bbox 1664 1357 1753 1404; x_wconf 82' lang='grc' dir='ltr'><strong>καὶ</strong></span> <span class='ocrx_word' id='word_1_142' title='bbox 1779 1355 1898 1411; x_wconf 85' lang='grc' dir='ltr'>Θεος</span> 
     </span>
    </p>
   </div>
   <div class='ocr_carea' id='block_1_22' title="bbox 2008 1349 3655 1429">
    <p class='ocr_par' dir='ltr' id='par_1_22' title="bbox 2009 1355 3655 1429">
     <span class='ocr_line' id='line_1_22' title="bbox 2009 1355 3655 1429; baseline -0.001 -16"><span class='ocrx_word' id='word_1_143' title='bbox 2009 1356 2356 1429; x_wconf 87' lang='lat' dir='ltr'><strong>appellatio.</strong></span> <span class='ocrx_word' id='word_1_144' title='bbox 2401 1355 2732 1412; x_wconf 84' lang='lat' dir='ltr'><strong>Credebant</strong></span> <span class='ocrx_word' id='word_1_145' title='bbox 2759 1357 2957 1428; x_wconf 89' lang='lat' dir='ltr'><strong>itaque</strong></span> <span class='ocrx_word' id='word_1_146' title='bbox 2990 1357 3148 1428; x_wconf 89' lang='lat' dir='ltr'><strong>quod</strong></span> <span class='ocrx_word' id='word_1_147' title='bbox 3177 1357 3380 1412; x_wconf 88' lang='lat' dir='ltr'><strong>omnia</strong></span> <span class='ocrx_word' id='word_1_148' title='bbox 3408 1361 3610 1427; x_wconf 85' lang='lat' dir='ltr'><strong>posset</strong></span> <span class='ocrx_word' id='word_1_149' title='bbox 3639 1376 3655 1427; x_wconf 66' lang='grc' dir='ltr'><strong>ς</strong></span> 
     </span>
    </p>
   </div>
   <div class='ocr_carea' id='block_1_23' title="bbox 291 1439 1938 1518">
    <p class='ocr_par' dir='ltr' id='par_1_23' title="bbox 291 1439 1899 1516">
     <span class='ocr_line' id='line_1_23' title="bbox 291 1439 1899 1516; baseline -0.004 -20"><span class='ocrx_word' id='word_1_150' title='bbox 291 1446 463 1509; x_wconf 81' lang='grc' dir='ltr'>ἐστιν,</span> <span class='ocrx_word' id='word_1_151' title='bbox 547 1448 688 1496; x_wconf 76' lang='grc' dir='ltr'>ὔοπω</span> <span class='ocrx_word' id='word_1_152' title='bbox 764 1443 1240 1516; x_wconf 77' lang='grc' dir='ltr'>πεπληροφορηντο.</span> <span class='ocrx_word' id='word_1_153' title='bbox 1319 1445 1404 1492; x_wconf 79' lang='grc' dir='ltr'><strong>Διὸ</strong></span> <span class='ocrx_word' id='word_1_154' title='bbox 1476 1445 1564 1493; x_wconf 88' lang='lat' dir='ltr'><strong>xui</strong></span> <span class='ocrx_word' id='word_1_155' title='bbox 1638 1439 1899 1512; x_wconf 82' lang='grc' dir='ltr'>ἀνθρωπο-</span> 
     </span>
    </p>
   </div>
   <div class='ocr_carea' id='block_1_24' title="bbox 2011 1439 3658 1518">
    <p class='ocr_par' dir='ltr' id='par_1_24' title="bbox 2011 1445 3658 1518">
     <span class='ocr_line' id='line_1_24' title="bbox 2011 1445 3658 1518; baseline 0 -17"><span class='ocrx_word' id='word_1_156' title='bbox 2011 1445 2170 1518; x_wconf 92' lang='lat' dir='ltr'><strong>quod</strong></span> <span class='ocrx_word' id='word_1_157' title='bbox 2199 1449 2398 1500; x_wconf 88' lang='lat' dir='ltr'><strong>autem</strong></span> <span class='ocrx_word' id='word_1_158' title='bbox 2429 1445 2582 1501; x_wconf 86' lang='lat' dir='ltr'><strong>Deus</strong></span> <span class='ocrx_word' id='word_1_159' title='bbox 2623 1449 2798 1510; x_wconf 89' lang='lat' dir='ltr'><strong>esset,</strong></span> <span class='ocrx_word' id='word_1_160' title='bbox 2832 1446 3103 1501; x_wconf 92' lang='lat' dir='ltr'><strong>nondum</strong></span> <span class='ocrx_word' id='word_1_161' title='bbox 3143 1445 3317 1516; x_wconf 88' lang='lat' dir='ltr'><strong>plena</strong></span> <span class='ocrx_word' id='word_1_162' title='bbox 3351 1445 3466 1501; x_wconf 75' lang='lat' dir='ltr'><strong>(Ide</strong></span> <span class='ocrx_word' id='word_1_163' title='bbox 3497 1451 3658 1501; x_wconf 87' lang='lat' dir='ltr'><strong>tene-</strong></span> 
     </span>
    </p>
   </div>
   <div class='ocr_carea' id='block_1_25' title="bbox 290 1528 1937 1606">
    <p class='ocr_par' dir='ltr' id='par_1_25' title="bbox 290 1528 1535 1606">
     <span class='ocr_line' id='line_1_25' title="bbox 290 1528 1535 1606; baseline -0.002 -21"><span class='ocrx_word' id='word_1_164' title='bbox 290 1539 504 1606; x_wconf 84' lang='grc' dir='ltr'>πρεπῶς</span> <span class='ocrx_word' id='word_1_165' title='bbox 540 1533 692 1584; x_wconf 70' lang='grc' dir='ltr'>αὐτὸν</span> <span class='ocrx_word' id='word_1_166' title='bbox 720 1530 927 1604; x_wconf 83' lang='grc' dir='ltr'>ἐτίμων,</span> <span class='ocrx_word' id='word_1_167' title='bbox 952 1534 1020 1592; x_wconf 86' lang='grc' dir='ltr'><strong>ὡς</strong></span> <span class='ocrx_word' id='word_1_168' title='bbox 1048 1535 1138 1582; x_wconf 83' lang='grc' dir='ltr'>καὶ</span> <span class='ocrx_word' id='word_1_169' title='bbox 1168 1529 1312 1582; x_wconf 81' lang='grc' dir='ltr'>ἄλλοι</span> <span class='ocrx_word' id='word_1_170' title='bbox 1339 1528 1535 1582; x_wconf 87' lang='grc' dir='ltr'>πολλοί.</span> 
     </span>
    </p>
   </div>
   <div class='ocr_carea' id='block_1_26' title="bbox 2015 1528 3662 1606">
    <p class='ocr_par' dir='ltr' id='par_1_26' title="bbox 2015 1532 3662 1605">
     <span class='ocr_line' id='line_1_26' title="bbox 2015 1532 3662 1605; baseline 0 -15"><span class='ocrx_word' id='word_1_171' title='bbox 2015 1534 2156 1590; x_wconf 91' lang='lat' dir='ltr'><strong>bant</strong></span> <span class='ocrx_word' id='word_1_172' title='bbox 2184 1549 2198 1599; x_wconf 92' lang='lat'><strong>;</strong></span> <span class='ocrx_word' id='word_1_173' title='bbox 2229 1532 2484 1605; x_wconf 89' lang='lat' dir='ltr'><strong>ideoque</strong></span> <span class='ocrx_word' id='word_1_174' title='bbox 2512 1537 2800 1605; x_wconf 87' lang='lat' dir='ltr'><strong>tanquam</strong></span> <span class='ocrx_word' id='word_1_175' title='bbox 2839 1533 3122 1590; x_wconf 89' lang='lat' dir='ltr'><strong>hominen</strong></span> <span class='ocrx_word' id='word_1_176' title='bbox 3149 1534 3426 1590; x_wconf 86' lang='lat' dir='ltr'><strong>decenter</strong></span> <span class='ocrx_word' id='word_1_177' title='bbox 3469 1534 3662 1590; x_wconf 91' lang='lat' dir='ltr'><strong>bono—</strong></span> 
     </span>
    </p>
   </div>
   <div class='ocr_carea' id='block_1_27' title="bbox 2008 1621 2861 1688">
    <p class='ocr_par' dir='ltr' id='par_1_27' title="bbox 2008 1621 2861 1688">
     <span class='ocr_line' id='line_1_27' title="bbox 2008 1621 2861 1688; baseline -0.002 -8"><span class='ocrx_word' id='word_1_178' title='bbox 2008 1622 2245 1688; x_wconf 86' lang='lat' dir='ltr'><strong>rabant,</strong></span> <span class='ocrx_word' id='word_1_179' title='bbox 2279 1622 2427 1677; x_wconf 90' lang='lat' dir='ltr'><strong>sicut</strong></span> <span class='ocrx_word' id='word_1_180' title='bbox 2457 1626 2510 1677; x_wconf 91' lang='lat' dir='ltr'><strong>et</strong></span> <span class='ocrx_word' id='word_1_181' title='bbox 2540 1621 2634 1678; x_wconf 85' lang='lat' dir='ltr'><strong>alii</strong></span> <span class='ocrx_word' id='word_1_182' title='bbox 2673 1621 2861 1678; x_wconf 91' lang='lat' dir='ltr'><strong>multi.</strong></span> 
     </span>
    </p>
   </div>
   <div class='ocr_carea' id='block_1_28' title="bbox 367 1706 2014 1783">
    <p class='ocr_par' dir='ltr' id='par_1_28' title="bbox 367 1706 1896 1782">
     <span class='ocr_line' id='line_1_28' title="bbox 367 1706 1896 1782; baseline -0.001 -22"><span class='ocrx_word' id='word_1_183' title='bbox 367 1710 606 1766; x_wconf 86' lang='grc' dir='ltr'>Ἐλθόντι</span> <span class='ocrx_word' id='word_1_184' title='bbox 667 1740 738 1750; x_wconf 94' lang='lat'><strong><em>—</em></strong></span> <span class='ocrx_word' id='word_1_185' title='bbox 814 1709 1012 1781; x_wconf 72' lang='grc' dir='ltr'>τυφλοί.</span> <span class='ocrx_word' id='word_1_186' title='bbox 1089 1708 1435 1782; x_wconf 83' lang='grc' dir='ltr'>Παρείλκυσεν</span> <span class='ocrx_word' id='word_1_187' title='bbox 1506 1707 1691 1766; x_wconf 67' lang='grc' dir='ltr'>αὐτοὺς</span> <span class='ocrx_word' id='word_1_188' title='bbox 1765 1706 1896 1778; x_wconf 80' lang='grc' dir='ltr'>ἄχρι</span> 
     </span>
    </p>
   </div>
   <div class='ocr_carea' id='block_1_29' title="bbox 2012 1706 3659 1783">
    <p class='ocr_par' dir='ltr' id='par_1_29' title="bbox 2081 1710 3659 1783">
     <span class='ocr_line' id='line_1_29' title="bbox 2081 1710 3659 1783; baseline 0.001 -18"><span class='ocrx_word' id='word_1_189' title='bbox 2081 1713 2240 1767; x_wconf 87' lang='lat' dir='ltr'><strong>Vers.</strong></span> <span class='ocrx_word' id='word_1_190' title='bbox 2265 1710 2355 1775; x_wconf 89' lang='lat'><strong>28,</strong></span> <span class='ocrx_word' id='word_1_191' title='bbox 2389 1711 2662 1780; x_wconf 82' lang='lat' dir='ltr'><strong>Ingresso</strong></span> <span class='ocrx_word' id='word_1_192' title='bbox 2701 1742 2769 1751; x_wconf 88' lang='lat'><strong>-—</strong></span> <span class='ocrx_word' id='word_1_193' title='bbox 2809 1711 2967 1768; x_wconf 66' lang='lat' dir='ltr'><strong>caeci.</strong></span> <span class='ocrx_word' id='word_1_194' title='bbox 3013 1710 3297 1766; x_wconf 83' lang='lat' dir='ltr'><strong>Protraxit</strong></span> <span class='ocrx_word' id='word_1_195' title='bbox 3327 1726 3430 1767; x_wconf 92' lang='lat' dir='ltr'><strong>eos</strong></span> <span class='ocrx_word' id='word_1_196' title='bbox 3473 1726 3659 1783; x_wconf 86' lang='lat' dir='ltr'><strong>usque</strong></span> 
     </span>
    </p>
   </div>
   <div class='ocr_carea' id='block_1_30' title="bbox 288 1790 1935 1880">
    <p class='ocr_par' dir='ltr' id='par_1_30' title="bbox 288 1790 1900 1870">
     <span class='ocr_line' id='line_1_30' title="bbox 288 1790 1900 1870; baseline -0.005 -19"><span class='ocrx_word' id='word_1_197' title='bbox 288 1808 389 1861; x_wconf 76' lang='grc' dir='ltr'><strong>τῆς</strong></span> <span class='ocrx_word' id='word_1_198' title='bbox 416 1799 604 1866; x_wconf 82' lang='grc' dir='ltr'>οἰκίας,</span> <span class='ocrx_word' id='word_1_199' title='bbox 634 1800 718 1850; x_wconf 84' lang='grc' dir='ltr'>ἵνα</span> <span class='ocrx_word' id='word_1_200' title='bbox 769 1802 839 1868; x_wconf 75' lang='grc' dir='ltr'>μὴ</span> <span class='ocrx_word' id='word_1_201' title='bbox 880 1794 1009 1870; x_wconf 73' lang='grc' dir='ltr'><strong>δόξῃ</strong></span> <span class='ocrx_word' id='word_1_202' title='bbox 1063 1805 1172 1859; x_wconf 91' lang='grc' dir='ltr'>τοίς</span> <span class='ocrx_word' id='word_1_203' title='bbox 1219 1795 1593 1868; x_wconf 72' lang='grc' dir='ltr'>μεμψιμοίροις</span> <span class='ocrx_word' id='word_1_204' title='bbox 1638 1790 1900 1863; x_wconf 81' lang='grc' dir='ltr'>ἐπιπηδᾲν</span> 
     </span>
    </p>
   </div>
   <div class='ocr_carea' id='block_1_31' title="bbox 2014 1790 3661 1880">
    <p class='ocr_par' dir='ltr' id='par_1_31' title="bbox 2014 1797 3661 1871">
     <span class='ocr_line' id='line_1_31' title="bbox 2014 1797 3661 1871; baseline -0.001 -15"><span class='ocrx_word' id='word_1_205' title='bbox 2014 1799 2090 1856; x_wconf 90' lang='lat' dir='ltr'><strong>ad</strong></span> <span class='ocrx_word' id='word_1_206' title='bbox 2108 1801 2379 1865; x_wconf 91' lang='lat' dir='ltr'><strong>domum,</strong></span> <span class='ocrx_word' id='word_1_207' title='bbox 2404 1813 2478 1853; x_wconf 93' lang='lat' dir='ltr'><strong>ne</strong></span> <span class='ocrx_word' id='word_1_208' title='bbox 2499 1798 2968 1871; x_wconf 87' lang='lat' dir='ltr'><strong>reprehendendi</strong></span> <span class='ocrx_word' id='word_1_209' title='bbox 2987 1797 3369 1855; x_wconf 88' lang='lat' dir='ltr'><strong>occasionem</strong></span> <span class='ocrx_word' id='word_1_210' title='bbox 3394 1814 3661 1871; x_wconf 63' lang='lat' dir='ltr'><strong>quaeren-</strong></span> 
     </span>
    </p>
   </div>
   <div class='ocr_carea' id='block_1_32' title="bbox 290 1881 1937 1959">
    <p class='ocr_par' dir='ltr' id='par_1_32' title="bbox 290 1881 1898 1959">
     <span class='ocr_line' id='line_1_32' title="bbox 290 1881 1898 1959; baseline -0.004 -20"><span class='ocrx_word' id='word_1_211' title='bbox 290 1895 416 1948; x_wconf 88' lang='grc' dir='ltr'>ταῖς</span> <span class='ocrx_word' id='word_1_212' title='bbox 497 1888 956 1959; x_wconf 82' lang='grc' dir='ltr'>θαυματουργίαις,</span> <span class='ocrx_word' id='word_1_213' title='bbox 1038 1887 1108 1945; x_wconf 84' lang='grc' dir='ltr'><strong>ὡς</strong></span> <span class='ocrx_word' id='word_1_214' title='bbox 1201 1881 1490 1956; x_wconf 68' lang='grc' dir='ltr'><strong>φιλόδοξος.</strong></span> <span class='ocrx_word' id='word_1_215' title='bbox 1574 1885 1748 1935; x_wconf 76' lang='grc' dir='ltr'>Πάντα</span> <span class='ocrx_word' id='word_1_216' title='bbox 1798 1885 1898 1954; x_wconf 82' lang='grc' dir='ltr'>γὰρ</span> 
     </span>
    </p>
   </div>
   <div class='ocr_carea' id='block_1_33' title="bbox 2012 1881 3659 1959">
    <p class='ocr_par' dir='ltr' id='par_1_33' title="bbox 2012 1886 3659 1958">
     <span class='ocr_line' id='line_1_33' title="bbox 2012 1886 3659 1958; baseline -0.002 -13"><span class='ocrx_word' id='word_1_217' title='bbox 2012 1889 2171 1945; x_wconf 86' lang='lat' dir='ltr'><strong>tibus</strong></span> <span class='ocrx_word' id='word_1_218' title='bbox 2221 1887 2516 1943; x_wconf 89' lang='lat' dir='ltr'><strong>videretur</strong></span> <span class='ocrx_word' id='word_1_219' title='bbox 2553 1886 2628 1943; x_wconf 93' lang='lat' dir='ltr'><strong>ad</strong></span> <span class='ocrx_word' id='word_1_220' title='bbox 2683 1886 3110 1944; x_wconf 90' lang='lat' dir='ltr'><strong>miraculorum</strong></span> <span class='ocrx_word' id='word_1_221' title='bbox 3162 1887 3569 1958; x_wconf 89' lang='lat' dir='ltr'><strong>operationem</strong></span> <span class='ocrx_word' id='word_1_222' title='bbox 3599 1902 3659 1943; x_wconf 85' lang='lat' dir='ltr'><strong>se</strong></span> 
     </span>
    </p>
   </div>
   <div class='ocr_carea' id='block_1_34' title="bbox 296 1970 1943 2048">
    <p class='ocr_par' dir='ltr' id='par_1_34' title="bbox 296 1970 1902 2048">
     <span class='ocr_line' id='line_1_34' title="bbox 296 1970 1902 2048; baseline -0.004 -20"><span class='ocrx_word' id='word_1_223' title='bbox 296 1985 470 2048; x_wconf 68' lang='grc' dir='ltr'>σοφῶς</span> <span class='ocrx_word' id='word_1_224' title='bbox 537 1977 655 2046; x_wconf 87' lang='lat'><strong>(98)</strong></span> <span class='ocrx_word' id='word_1_225' title='bbox 737 1975 1012 2047; x_wconf 77' lang='grc' dir='ltr'><strong>οἰκονομεῖ,</strong></span> <span class='ocrx_word' id='word_1_226' title='bbox 1083 1981 1362 2048; x_wconf 89' lang='grc' dir='ltr'>περιαιρῶν</span> <span class='ocrx_word' id='word_1_227' title='bbox 1428 1978 1602 2024; x_wconf 86' lang='grc' dir='ltr'>πᾶσαν</span> <span class='ocrx_word' id='word_1_228' title='bbox 1667 1970 1902 2044; x_wconf 76' lang='grc' dir='ltr'>ἀφορμὴν</span> 
     </span>
    </p>
   </div>
   <div class='ocr_carea' id='block_1_35' title="bbox 2010 1970 3657 2048">
    <p class='ocr_par' dir='ltr' id='par_1_35' title="bbox 2010 1975 3657 2048">
     <span class='ocr_line' id='line_1_35' title="bbox 2010 1975 3657 2048; baseline -0.001 -14"><span class='ocrx_word' id='word_1_229' title='bbox 2010 1979 2297 2046; x_wconf 80' lang='lat' dir='ltr'><strong>ingerere,</strong></span> <span class='ocrx_word' id='word_1_230' title='bbox 2351 1976 2521 2048; x_wconf 90' lang='lat' dir='ltr'><strong>quasi</strong></span> <span class='ocrx_word' id='word_1_231' title='bbox 2563 1975 2765 2047; x_wconf 71' lang='lat' dir='ltr'><strong>glorias</strong></span> <span class='ocrx_word' id='word_1_232' title='bbox 2817 1980 3066 2034; x_wconf 85' lang='lat' dir='ltr'><strong>amator.</strong></span> <span class='ocrx_word' id='word_1_233' title='bbox 3122 1977 3336 2033; x_wconf 85' lang='lat' dir='ltr'><strong>Omnia</strong></span> <span class='ocrx_word' id='word_1_234' title='bbox 3365 1976 3523 2032; x_wconf 88' lang='lat' dir='ltr'><strong>enim</strong></span> <span class='ocrx_word' id='word_1_235' title='bbox 3569 1991 3657 2032; x_wconf 86' lang='lat' dir='ltr'><strong>sa-</strong></span> 
     </span>
    </p>
   </div>
   <div class='ocr_carea' id='block_1_36' title="bbox 292 2057 1939 2140">
    <p class='ocr_par' dir='ltr' id='par_1_36' title="bbox 292 2057 1900 2136">
     <span class='ocr_line' id='line_1_36' title="bbox 292 2057 1900 2136; baseline -0.004 -20"><span class='ocrx_word' id='word_1_236' title='bbox 292 2064 561 2136; x_wconf 66' lang='grc' dir='ltr'>μέμψεως.</span> <span class='ocrx_word' id='word_1_237' title='bbox 619 2062 771 2124; x_wconf 81' lang='grc' dir='ltr'>Εἰκὸς</span> <span class='ocrx_word' id='word_1_238' title='bbox 821 2060 900 2128; x_wconf 72' lang='grc' dir='ltr'><strong>δὲ,</strong></span> <span class='ocrx_word' id='word_1_239' title='bbox 956 2069 1146 2115; x_wconf 81' lang='grc' dir='ltr'>πιστοῦ</span> <span class='ocrx_word' id='word_1_240' title='bbox 1194 2081 1329 2121; x_wconf 91' lang='grc' dir='ltr'>τινος</span> <span class='ocrx_word' id='word_1_241' title='bbox 1383 2057 1510 2112; x_wconf 82' lang='grc' dir='ltr'>εἶναι</span> <span class='ocrx_word' id='word_1_242' title='bbox 1566 2063 1659 2118; x_wconf 77' lang='grc' dir='ltr'>τὴν</span> <span class='ocrx_word' id='word_1_243' title='bbox 1718 2059 1900 2124; x_wconf 87' lang='grc' dir='ltr'>οἰκίαν,</span> 
     </span>
    </p>
   </div>
   <div class='ocr_carea' id='block_1_37' title="bbox 2014 2057 3661 2140">
    <p class='ocr_par' dir='ltr' id='par_1_37' title="bbox 2014 2065 3661 2140">
     <span class='ocr_line' id='line_1_37' title="bbox 2014 2065 3661 2140; baseline -0.001 -18"><span class='ocrx_word' id='word_1_244' title='bbox 2014 2067 2244 2140; x_wconf 91' lang='lat' dir='ltr'><strong>pienter</strong></span> <span class='ocrx_word' id='word_1_245' title='bbox 2303 2065 2584 2137; x_wconf 90' lang='lat' dir='ltr'><strong>disponit,</strong></span> <span class='ocrx_word' id='word_1_246' title='bbox 2643 2080 2882 2123; x_wconf 89' lang='lat' dir='ltr'><strong>omnem</strong></span> <span class='ocrx_word' id='word_1_247' title='bbox 2937 2065 3203 2123; x_wconf 82' lang='lat' dir='ltr'><strong>auferens</strong></span> <span class='ocrx_word' id='word_1_248' title='bbox 3263 2067 3661 2123; x_wconf 88' lang='lat' dir='ltr'><strong>accusationis</strong></span> 
     </span>
    </p>
   </div>
   <div class='ocr_carea' id='block_1_38' title="bbox 296 2152 1943 2224">
    <p class='ocr_par' dir='ltr' id='par_1_38' title="bbox 296 2152 768 2224">
     <span class='ocr_line' id='line_1_38' title="bbox 296 2152 768 2224; baseline 0 -20"><span class='ocrx_word' id='word_1_249' title='bbox 296 2152 372 2214; x_wconf 85' lang='grc' dir='ltr'>εἰς</span> <span class='ocrx_word' id='word_1_250' title='bbox 397 2152 460 2210; x_wconf 77' lang='grc' dir='ltr'>ἣν</span> <span class='ocrx_word' id='word_1_251' title='bbox 491 2154 740 2224; x_wconf 77' lang='grc' dir='ltr'>κατήχθη</span> <span class='ocrx_word' id='word_1_252' title='bbox 758 2197 768 2208; x_wconf 92' lang='grc'><strong>.</strong></span> 
     </span>
    </p>
   </div>
   <div class='ocr_carea' id='block_1_39' title="bbox 2014 2152 3661 2224">
    <p class='ocr_par' dir='ltr' id='par_1_39' title="bbox 2014 2153 3661 2213">
     <span class='ocr_line' id='line_1_39' title="bbox 2014 2153 3661 2213; baseline -0.002 0"><span class='ocrx_word' id='word_1_253' title='bbox 2014 2155 2420 2213; x_wconf 89' lang='lat' dir='ltr'><strong>occasionem.</strong></span> <span class='ocrx_word' id='word_1_254' title='bbox 2468 2153 2797 2210; x_wconf 80' lang='lat' dir='ltr'><strong>Verisimile</strong></span> <span class='ocrx_word' id='word_1_255' title='bbox 2844 2158 2937 2210; x_wconf 89' lang='lat' dir='ltr'><strong>est</strong></span> <span class='ocrx_word' id='word_1_256' title='bbox 2962 2158 3162 2211; x_wconf 91' lang='lat' dir='ltr'><strong>autem</strong></span> <span class='ocrx_word' id='word_1_257' title='bbox 3193 2154 3443 2210; x_wconf 92' lang='lat' dir='ltr'><strong>domum</strong></span> <span class='ocrx_word' id='word_1_258' title='bbox 3487 2155 3661 2210; x_wconf 79' lang='lat' dir='ltr'><strong>fuisse</strong></span> 
     </span>
    </p>
   </div>
   <div class='ocr_carea' id='block_1_40' title="bbox 2016 2241 3234 2314">
    <p class='ocr_par' dir='ltr' id='par_1_40' title="bbox 2016 2241 3234 2314">
     <span class='ocr_line' id='line_1_40' title="bbox 2016 2241 3234 2314; baseline 0 -16"><span class='ocrx_word' id='word_1_259' title='bbox 2016 2243 2330 2314; x_wconf 87' lang='lat' dir='ltr'><strong>cujusdam</strong></span> <span class='ocrx_word' id='word_1_260' title='bbox 2370 2241 2582 2308; x_wconf 83' lang='lat' dir='ltr'><strong>ﬁdelis,</strong></span> <span class='ocrx_word' id='word_1_261' title='bbox 2623 2241 2683 2298; x_wconf 91' lang='lat' dir='ltr'><strong>in</strong></span> <span class='ocrx_word' id='word_1_262' title='bbox 2711 2257 2830 2312; x_wconf 88' lang='lat' dir='ltr'><strong>qua</strong></span> <span class='ocrx_word' id='word_1_263' title='bbox 2853 2247 3110 2298; x_wconf 87' lang='lat' dir='ltr'><strong>retentus</strong></span> <span class='ocrx_word' id='word_1_264' title='bbox 3142 2243 3234 2298; x_wconf 88' lang='lat' dir='ltr'><strong>sit.</strong></span> 
     </span>
    </p>
   </div>
   <div class='ocr_carea' id='block_1_41' title="bbox 375 2325 2022 2401">
    <p class='ocr_par' dir='ltr' id='par_1_41' title="bbox 375 2325 1909 2396">
     <span class='ocr_line' id='line_1_41' title="bbox 375 2325 1909 2396; baseline -0.005 -15"><span class='ocrx_word' id='word_1_265' title='bbox 375 2334 478 2381; x_wconf 83' lang='lat' dir='ltr'><strong>Kui</strong></span> <span class='ocrx_word' id='word_1_266' title='bbox 529 2360 598 2369; x_wconf 93' lang='lat'>—</span> <span class='ocrx_word' id='word_1_267' title='bbox 649 2336 911 2396; x_wconf 78' lang='grc' dir='ltr'>ποιῆσαι;</span> <span class='ocrx_word' id='word_1_268' title='bbox 959 2325 1193 2396; x_wconf 75' lang='grc' dir='ltr'>Δηλαδὴ,</span> <span class='ocrx_word' id='word_1_269' title='bbox 1245 2327 1270 2378; x_wconf 87' lang='grc' dir='ltr'><strong>ὃ</strong></span> <span class='ocrx_word' id='word_1_270' title='bbox 1330 2327 1575 2380; x_wconf 85' lang='grc' dir='ltr'>αἰτεῖσθε.</span> <span class='ocrx_word' id='word_1_271' title='bbox 1631 2327 1909 2396; x_wconf 82' lang='grc' dir='ltr'>Ἐγίνῶσκε</span> 
     </span>
    </p>
   </div>
   <div class='ocr_carea' id='block_1_42' title="bbox 2011 2325 3658 2401">
    <p class='ocr_par' dir='ltr' id='par_1_42' title="bbox 2088 2329 3658 2401">
     <span class='ocr_line' id='line_1_42' title="bbox 2088 2329 3658 2401; baseline -0.002 -15"><span class='ocrx_word' id='word_1_272' title='bbox 2088 2331 2252 2388; x_wconf 88' lang='lat' dir='ltr'><strong>Vers.</strong></span> <span class='ocrx_word' id='word_1_273' title='bbox 2291 2331 2380 2385; x_wconf 78' lang='lat'><strong>28.</strong></span> <span class='ocrx_word' id='word_1_274' title='bbox 2411 2331 2488 2385; x_wconf 83' lang='lat' dir='ltr'><strong>Et</strong></span> <span class='ocrx_word' id='word_1_275' title='bbox 2525 2361 2592 2370; x_wconf 93' lang='lat'>—</span> <span class='ocrx_word' id='word_1_276' title='bbox 2625 2331 2822 2399; x_wconf 81' lang='lat' dir='ltr'><strong>facere</strong></span> <span class='ocrx_word' id='word_1_277' title='bbox 2873 2331 2901 2386; x_wconf 65' lang='grc' dir='ltr'><em>φ</em></span> <span class='ocrx_word' id='word_1_278' title='bbox 2938 2329 3109 2396; x_wconf 87' lang='lat' dir='ltr'><strong>Quod</strong></span> <span class='ocrx_word' id='word_1_279' title='bbox 3148 2329 3420 2385; x_wconf 86' lang='lat' dir='ltr'><strong>videlicet</strong></span> <span class='ocrx_word' id='word_1_280' title='bbox 3450 2330 3658 2401; x_wconf 87' lang='lat' dir='ltr'><strong>petitis.</strong></span> 
     </span>
    </p>
   </div>
   <div class='ocr_carea' id='block_1_43' title="bbox 295 2412 1942 2491">
    <p class='ocr_par' dir='ltr' id='par_1_43' title="bbox 295 2412 1908 2491">
     <span class='ocr_line' id='line_1_43' title="bbox 295 2412 1908 2491; baseline -0.002 -21"><span class='ocrx_word' id='word_1_281' title='bbox 295 2423 393 2490; x_wconf 73' lang='grc' dir='ltr'>μὲν</span> <span class='ocrx_word' id='word_1_282' title='bbox 441 2420 564 2491; x_wconf 81' lang='grc' dir='ltr'>γὰρ,</span> <span class='ocrx_word' id='word_1_283' title='bbox 617 2419 695 2470; x_wconf 85' lang='grc' dir='ltr'>ὅτι</span> <span class='ocrx_word' id='word_1_284' title='bbox 743 2420 1102 2480; x_wconf 79' lang='grc' dir='ltr'>πιστεύουσιν,</span> <span class='ocrx_word' id='word_1_285' title='bbox 1161 2419 1242 2468; x_wconf 88' lang='grc' dir='ltr'>ὃτι</span> <span class='ocrx_word' id='word_1_286' title='bbox 1281 2412 1520 2468; x_wconf 80' lang='grc' dir='ltr'>δύναται·</span> <span class='ocrx_word' id='word_1_287' title='bbox 1563 2424 1666 2474; x_wconf 87' lang='grc' dir='ltr'><strong>πῶς</strong></span> <span class='ocrx_word' id='word_1_288' title='bbox 1697 2418 1793 2489; x_wconf 73' lang='grc' dir='ltr'>γὰρ</span> <span class='ocrx_word' id='word_1_289' title='bbox 1849 2415 1908 2467; x_wconf 85' lang='grc' dir='ltr'>ἆν</span> 
     </span>
    </p>
   </div>
   <div class='ocr_carea' id='block_1_44' title="bbox 2016 2412 3663 2491">
    <p class='ocr_par' dir='ltr' id='par_1_44' title="bbox 2019 2417 3663 2491">
     <span class='ocr_line' id='line_1_44' title="bbox 2019 2417 3663 2491; baseline -0.003 -11"><span class='ocrx_word' id='word_1_290' title='bbox 2019 2419 2252 2480; x_wconf 89' lang='lat' dir='ltr'><strong>Sciebat</strong></span> <span class='ocrx_word' id='word_1_291' title='bbox 2305 2424 2458 2476; x_wconf 89' lang='lat' dir='ltr'><strong>certe</strong></span> <span class='ocrx_word' id='word_1_292' title='bbox 2497 2417 2630 2475; x_wconf 90' lang='lat' dir='ltr'><strong>illos</strong></span> <span class='ocrx_word' id='word_1_293' title='bbox 2663 2418 2902 2475; x_wconf 89' lang='lat' dir='ltr'><strong>credere</strong></span> <span class='ocrx_word' id='word_1_294' title='bbox 2956 2419 3116 2490; x_wconf 90' lang='lat' dir='ltr'><strong>quod</strong></span> <span class='ocrx_word' id='word_1_295' title='bbox 3155 2421 3359 2490; x_wconf 91' lang='lat' dir='ltr'><strong>posset</strong></span> <span class='ocrx_word' id='word_1_296' title='bbox 3393 2435 3407 2474; x_wconf 92' lang='lat'><strong>:</strong></span> <span class='ocrx_word' id='word_1_297' title='bbox 3449 2434 3663 2491; x_wconf 88' lang='lat' dir='ltr'><strong>neque-</strong></span> 
     </span>
    </p>
   </div>
   <div class='ocr_carea' id='block_1_45' title="bbox 300 2501 1947 2581">
    <p class='ocr_par' dir='ltr' id='par_1_45' title="bbox 300 2501 1908 2581">
     <span class='ocr_line' id='line_1_45' title="bbox 300 2501 1908 2581; baseline 0 -24"><span class='ocrx_word' id='word_1_298' title='bbox 300 2506 706 2568; x_wconf 75' lang='grc' dir='ltr'>ἀκολουθοῦντες</span> <span class='ocrx_word' id='word_1_299' title='bbox 790 2505 1110 2581; x_wconf 77' lang='grc' dir='ltr'>παρεκάλουν</span> <span class='ocrx_word' id='word_1_300' title='bbox 1165 2524 1179 2571; x_wconf 82' lang='lat'><strong>;</strong></span> <span class='ocrx_word' id='word_1_301' title='bbox 1229 2505 1436 2578; x_wconf 80' lang='grc' dir='ltr'>Ἐρωτᾷ</span> <span class='ocrx_word' id='word_1_302' title='bbox 1499 2501 1555 2556; x_wconf 65' lang='grc' dir='ltr'><em>δὲ</em></span> <span class='ocrx_word' id='word_1_303' title='bbox 1627 2506 1780 2576; x_wconf 84' lang='grc' dir='ltr'>ὅμως,</span> <span class='ocrx_word' id='word_1_304' title='bbox 1827 2505 1908 2557; x_wconf 81' lang='grc' dir='ltr'>ἵνα</span> 
     </span>
    </p>
   </div>
   <div class='ocr_carea' id='block_1_46' title="bbox 2018 2501 3665 2581">
    <p class='ocr_par' dir='ltr' id='par_1_46' title="bbox 2018 2507 3665 2566">
     <span class='ocr_line' id='line_1_46' title="bbox 2018 2507 3665 2566; baseline -0.002 0"><span class='ocrx_word' id='word_1_305' title='bbox 2018 2510 2174 2566; x_wconf 91' lang='lat' dir='ltr'><strong>enim</strong></span> <span class='ocrx_word' id='word_1_306' title='bbox 2221 2508 2387 2565; x_wconf 86' lang='lat' dir='ltr'><strong>aliter</strong></span> <span class='ocrx_word' id='word_1_307' title='bbox 2411 2507 2596 2564; x_wconf 89' lang='lat' dir='ltr'><strong>secuti</strong></span> <span class='ocrx_word' id='word_1_308' title='bbox 2643 2507 2888 2566; x_wconf 78' lang='lat' dir='ltr'><strong>fuissent</strong></span> <span class='ocrx_word' id='word_1_309' title='bbox 2934 2523 3072 2564; x_wconf 91' lang='lat' dir='ltr'><strong>eum</strong></span> <span class='ocrx_word' id='word_1_310' title='bbox 3124 2508 3546 2566; x_wconf 88' lang='lat' dir='ltr'><strong>obsecrantes:</strong></span> <span class='ocrx_word' id='word_1_311' title='bbox 3581 2508 3665 2563; x_wconf 92' lang='lat' dir='ltr'><strong>in-</strong></span> 
     </span>
    </p>
   </div>
   <div class='ocr_carea' id='block_1_47' title="bbox 295 2589 1942 2669">
    <p class='ocr_par' dir='ltr' id='par_1_47' title="bbox 295 2589 1908 2669">
     <span class='ocr_line' id='line_1_47' title="bbox 295 2589 1908 2669; baseline -0.002 -21"><span class='ocrx_word' id='word_1_312' title='bbox 295 2597 569 2669; x_wconf 76' lang='grc' dir='ltr'>φανερωθῇ</span> <span class='ocrx_word' id='word_1_313' title='bbox 626 2600 717 2647; x_wconf 81' lang='grc' dir='ltr'>καὶ</span> <span class='ocrx_word' id='word_1_314' title='bbox 763 2597 1018 2652; x_wconf 73' lang='grc' dir='ltr'>τούτωνὴ</span> <span class='ocrx_word' id='word_1_315' title='bbox 1075 2599 1268 2657; x_wconf 84' lang='grc' dir='ltr'>πίστις,</span> <span class='ocrx_word' id='word_1_316' title='bbox 1326 2598 1416 2644; x_wconf 84' lang='grc' dir='ltr'>καὶ</span> <span class='ocrx_word' id='word_1_317' title='bbox 1462 2591 1753 2644; x_wconf 80' lang='grc' dir='ltr'>ἐλκυσθῶσι</span> <span class='ocrx_word' id='word_1_318' title='bbox 1815 2589 1908 2645; x_wconf 82' lang='grc' dir='ltr'>διὰ</span> 
     </span>
    </p>
   </div>
   <div class='ocr_carea' id='block_1_48' title="bbox 2016 2589 3663 2669">
    <p class='ocr_par' dir='ltr' id='par_1_48' title="bbox 2016 2595 3663 2668">
     <span class='ocr_line' id='line_1_48' title="bbox 2016 2595 3663 2668; baseline -0.002 -13"><span class='ocrx_word' id='word_1_319' title='bbox 2016 2602 2273 2668; x_wconf 87' lang='lat' dir='ltr'><strong>terrogat</strong></span> <span class='ocrx_word' id='word_1_320' title='bbox 2327 2601 2530 2654; x_wconf 90' lang='lat' dir='ltr'><strong>tamen</strong></span> <span class='ocrx_word' id='word_1_321' title='bbox 2573 2600 2638 2653; x_wconf 91' lang='lat' dir='ltr'><strong>ut</strong></span> <span class='ocrx_word' id='word_1_322' title='bbox 2688 2595 3162 2653; x_wconf 83' lang='lat' dir='ltr'><strong>manifestaretur</strong></span> <span class='ocrx_word' id='word_1_323' title='bbox 3205 2596 3442 2652; x_wconf 91' lang='lat' dir='ltr'><strong>illorum</strong></span> <span class='ocrx_word' id='word_1_324' title='bbox 3490 2596 3663 2667; x_wconf 83' lang='lat' dir='ltr'><strong>ﬁdes,</strong></span> 
     </span>
    </p>
   </div>
   <div class='ocr_carea' id='block_1_49' title="bbox 295 2677 1942 2760">
    <p class='ocr_par' dir='ltr' id='par_1_49' title="bbox 295 2677 1906 2757">
     <span class='ocr_line' id='line_1_49' title="bbox 295 2677 1906 2757; baseline -0.002 -21"><span class='ocrx_word' id='word_1_325' title='bbox 295 2688 497 2736; x_wconf 73' lang='grc' dir='ltr'>τούτων</span> <span class='ocrx_word' id='word_1_326' title='bbox 549 2689 641 2736; x_wconf 81' lang='grc' dir='ltr'>καὶ</span> <span class='ocrx_word' id='word_1_327' title='bbox 693 2684 875 2757; x_wconf 81' lang='grc' dir='ltr'>ἕτεροι.</span> <span class='ocrx_word' id='word_1_328' title='bbox 934 2686 1008 2736; x_wconf 79' lang='grc' dir='ltr'><strong>Τὰ</strong></span> <span class='ocrx_word' id='word_1_329' title='bbox 1064 2685 1306 2754; x_wconf 82' lang='grc' dir='ltr'>θαύματα</span> <span class='ocrx_word' id='word_1_330' title='bbox 1346 2684 1446 2753; x_wconf 82' lang='grc' dir='ltr'><strong>γὰρ</strong></span> <span class='ocrx_word' id='word_1_331' title='bbox 1501 2681 1558 2733; x_wconf 72' lang='grc' dir='ltr'><strong>οὐ</strong></span> <span class='ocrx_word' id='word_1_332' title='bbox 1612 2686 1762 2752; x_wconf 85' lang='grc' dir='ltr'>μόνον</span> <span class='ocrx_word' id='word_1_333' title='bbox 1813 2677 1906 2733; x_wconf 78' lang='grc' dir='ltr'>διὰ</span> 
     </span>
    </p>
   </div>
   <div class='ocr_carea' id='block_1_50' title="bbox 2018 2677 3665 2760">
    <p class='ocr_par' dir='ltr' id='par_1_50' title="bbox 2018 2685 3665 2760">
     <span class='ocr_line' id='line_1_50' title="bbox 2018 2685 3665 2760; baseline 0 -17"><span class='ocrx_word' id='word_1_334' title='bbox 2018 2687 2232 2760; x_wconf 83' lang='lat' dir='ltr'><strong>aliique</strong></span> <span class='ocrx_word' id='word_1_335' title='bbox 2261 2701 2369 2758; x_wconf 87' lang='lat' dir='ltr'><strong>per</strong></span> <span class='ocrx_word' id='word_1_336' title='bbox 2407 2687 2517 2742; x_wconf 88' lang='lat' dir='ltr'><strong>hos</strong></span> <span class='ocrx_word' id='word_1_337' title='bbox 2567 2685 3020 2742; x_wconf 90' lang='lat' dir='ltr'><strong>attraherentur.</strong></span> <span class='ocrx_word' id='word_1_338' title='bbox 3069 2686 3346 2742; x_wconf 84' lang='lat' dir='ltr'><strong>Miracula</strong></span> <span class='ocrx_word' id='word_1_339' title='bbox 3401 2701 3665 2759; x_wconf 91' lang='lat' dir='ltr'><strong>namque</strong></span> 
     </span>
    </p>
   </div>
   <div class='ocr_carea' id='block_1_51' title="bbox 293 2767 1940 2848">
    <p class='ocr_par' dir='ltr' id='par_1_51' title="bbox 293 2767 1905 2847">
     <span class='ocr_line' id='line_1_51' title="bbox 293 2767 1905 2847; baseline -0.003 -22"><span class='ocrx_word' id='word_1_340' title='bbox 293 2777 420 2835; x_wconf 81' lang='grc' dir='ltr'>τοὺς</span> <span class='ocrx_word' id='word_1_341' title='bbox 490 2775 946 2847; x_wconf 77' lang='grc' dir='ltr'>θεραπευομένους,</span> <span class='ocrx_word' id='word_1_342' title='bbox 1017 2771 1143 2823; x_wconf 73' lang='grc' dir='ltr'>ἄλλα</span> <span class='ocrx_word' id='word_1_343' title='bbox 1200 2775 1287 2822; x_wconf 83' lang='grc' dir='ltr'>καὶ</span> <span class='ocrx_word' id='word_1_344' title='bbox 1341 2770 1571 2842; x_wconf 84' lang='grc' dir='ltr'>μάλιστα</span> <span class='ocrx_word' id='word_1_345' title='bbox 1635 2767 1728 2822; x_wconf 78' lang='grc' dir='ltr'><strong>διὰ</strong></span> <span class='ocrx_word' id='word_1_346' title='bbox 1784 2773 1905 2832; x_wconf 80' lang='grc' dir='ltr'>τοὺς</span> 
     </span>
    </p>
   </div>
   <div class='ocr_carea' id='block_1_52' title="bbox 2017 2767 3664 2848">
    <p class='ocr_par' dir='ltr' id='par_1_52' title="bbox 2017 2775 3664 2848">
     <span class='ocr_line' id='line_1_52' title="bbox 2017 2775 3664 2848; baseline -0.002 -15"><span class='ocrx_word' id='word_1_347' title='bbox 2017 2791 2133 2833; x_wconf 92' lang='lat' dir='ltr'><strong>non</strong></span> <span class='ocrx_word' id='word_1_348' title='bbox 2203 2779 2448 2848; x_wconf 87' lang='lat' dir='ltr'><strong>propter</strong></span> <span class='ocrx_word' id='word_1_349' title='bbox 2499 2791 2600 2832; x_wconf 92' lang='lat' dir='ltr'><strong>eos</strong></span> <span class='ocrx_word' id='word_1_350' title='bbox 2661 2778 2916 2839; x_wconf 89' lang='lat' dir='ltr'><strong>tantum,</strong></span> <span class='ocrx_word' id='word_1_351' title='bbox 2970 2775 3072 2847; x_wconf 90' lang='lat' dir='ltr'><strong>qui</strong></span> <span class='ocrx_word' id='word_1_352' title='bbox 3131 2776 3506 2838; x_wconf 88' lang='lat' dir='ltr'><strong>curabantur,</strong></span> <span class='ocrx_word' id='word_1_353' title='bbox 3559 2775 3664 2831; x_wconf 89' lang='lat' dir='ltr'><strong>sed</strong></span> 
     </span>
    </p>
   </div>
   <div class='ocr_carea' id='block_1_53' title="bbox 294 2859 1941 2938">
    <p class='ocr_par' dir='ltr' id='par_1_53' title="bbox 294 2859 1414 2934">
     <span class='ocr_line' id='line_1_53' title="bbox 294 2859 1414 2934; baseline -0.001 -20"><span class='ocrx_word' id='word_1_354' title='bbox 294 2864 530 2934; x_wconf 85' lang='grc' dir='ltr'>ὁρῶντας</span> <span class='ocrx_word' id='word_1_355' title='bbox 563 2866 652 2914; x_wconf 90' lang='lat' dir='ltr'><strong>xui</strong></span> <span class='ocrx_word' id='word_1_356' title='bbox 682 2864 802 2921; x_wconf 75' lang='grc' dir='ltr'>τοὺς</span> <span class='ocrx_word' id='word_1_357' title='bbox 829 2859 1103 2921; x_wconf 81' lang='grc' dir='ltr'>ἀκούοντας</span> <span class='ocrx_word' id='word_1_358' title='bbox 1129 2859 1414 2933; x_wconf 79' lang='grc' dir='ltr'>εἰργάζετο.</span> 
     </span>
    </p>
   </div>
   <div class='ocr_carea' id='block_1_54' title="bbox 2021 2859 3668 2938">
    <p class='ocr_par' dir='ltr' id='par_1_54' title="bbox 2021 2861 3668 2938">
     <span class='ocr_line' id='line_1_54' title="bbox 2021 2861 3668 2938; baseline 0 -17"><span class='ocrx_word' id='word_1_359' title='bbox 2021 2869 2254 2938; x_wconf 86' lang='lat' dir='ltr'><strong>propter</strong></span> <span class='ocrx_word' id='word_1_360' title='bbox 2277 2878 2379 2920; x_wconf 91' lang='lat' dir='ltr'><strong>eos</strong></span> <span class='ocrx_word' id='word_1_361' title='bbox 2400 2862 2782 2936; x_wconf 88' lang='lat' dir='ltr'><strong>potissimum</strong></span> <span class='ocrx_word' id='word_1_362' title='bbox 2809 2861 3158 2927; x_wconf 89' lang='lat' dir='ltr'><strong>edebantur,</strong></span> <span class='ocrx_word' id='word_1_363' title='bbox 3183 2863 3285 2934; x_wconf 90' lang='lat' dir='ltr'><strong>qui</strong></span> <span class='ocrx_word' id='word_1_364' title='bbox 3308 2861 3588 2920; x_wconf 86' lang='lat' dir='ltr'><strong>videbant</strong></span> <span class='ocrx_word' id='word_1_365' title='bbox 3609 2867 3668 2921; x_wconf 91' lang='lat' dir='ltr'><strong>et</strong></span> 
     </span>
    </p>
   </div>
   <div class='ocr_carea' id='block_1_55' title="bbox 2010 2951 2352 3009">
    <p class='ocr_par' dir='ltr' id='par_1_55' title="bbox 2010 2951 2352 3009">
     <span class='ocr_line' id='line_1_55' title="bbox 2010 2951 2352 3009; baseline -0.003 0"><span class='ocrx_word' id='word_1_366' title='bbox 2010 2951 2352 3009; x_wconf 77' lang='lat' dir='ltr'><strong>audiebant.</strong></span> 
     </span>
    </p>
   </div>
   <div class='ocr_carea' id='block_1_56' title="bbox 371 3034 2018 3109">
    <p class='ocr_par' dir='ltr' id='par_1_56' title="bbox 371 3034 1901 3109">
     <span class='ocr_line' id='line_1_56' title="bbox 371 3034 1901 3109; baseline 0.001 -20"><span class='ocrx_word' id='word_1_367' title='bbox 371 3041 620 3108; x_wconf 78' lang='grc' dir='ltr'>Λέγουσιν</span> <span class='ocrx_word' id='word_1_368' title='bbox 699 3067 767 3076; x_wconf 91' lang='lat'><strong>--</strong></span> <span class='ocrx_word' id='word_1_369' title='bbox 831 3039 1005 3109; x_wconf 75' lang='grc' dir='ltr'>Κύριε.</span> <span class='ocrx_word' id='word_1_370' title='bbox 1069 3037 1179 3089; x_wconf 75' lang='grc' dir='ltr'><strong>Οὐκ</strong></span> <span class='ocrx_word' id='word_1_371' title='bbox 1246 3040 1320 3089; x_wconf 84' lang='grc' dir='ltr'>ἔτι</span> <span class='ocrx_word' id='word_1_372' title='bbox 1385 3045 1560 3089; x_wconf 78' lang='grc' dir='ltr'>τοῦτον</span> <span class='ocrx_word' id='word_1_373' title='bbox 1645 3040 1754 3089; x_wconf 81' lang='grc' dir='ltr'>υἱὸν</span> <span class='ocrx_word' id='word_1_374' title='bbox 1810 3034 1901 3090; x_wconf 83' lang='grc' dir='ltr'>τοῦ</span> 
     </span>
    </p>
   </div>
   <div class='ocr_carea' id='block_1_57' title="bbox 2019 3034 3666 3109">
    <p class='ocr_par' dir='ltr' id='par_1_57' title="bbox 2082 3038 3666 3096">
     <span class='ocr_line' id='line_1_57' title="bbox 2082 3038 3666 3096; baseline 0.001 -2"><span class='ocrx_word' id='word_1_375' title='bbox 2082 3039 2244 3096; x_wconf 90' lang='lat' dir='ltr'><strong>Vers.</strong></span> <span class='ocrx_word' id='word_1_376' title='bbox 2302 3043 2392 3095; x_wconf 89' lang='lat'><strong>28.</strong></span> <span class='ocrx_word' id='word_1_377' title='bbox 2446 3038 2668 3095; x_wconf 74' lang='lat' dir='ltr'><strong>Dicunt</strong></span> <span class='ocrx_word' id='word_1_378' title='bbox 2702 3071 2771 3080; x_wconf 94' lang='lat'><strong>—</strong></span> <span class='ocrx_word' id='word_1_379' title='bbox 2815 3039 3081 3096; x_wconf 87' lang='lat' dir='ltr'><strong>Domine.</strong></span> <span class='ocrx_word' id='word_1_380' title='bbox 3153 3041 3282 3096; x_wconf 76' lang='lat' dir='ltr'><strong>lam</strong></span> <span class='ocrx_word' id='word_1_381' title='bbox 3314 3055 3438 3096; x_wconf 91' lang='lat' dir='ltr'><strong>non</strong></span> <span class='ocrx_word' id='word_1_382' title='bbox 3484 3040 3666 3096; x_wconf 82' lang='lat' dir='ltr'><strong>ﬁlium</strong></span> 
     </span>
    </p>
   </div>
   <div class='ocr_carea' id='block_1_58' title="bbox 296 3122 1943 3199">
    <p class='ocr_par' dir='ltr' id='par_1_58' title="bbox 296 3122 1902 3199">
     <span class='ocr_line' id='line_1_58' title="bbox 296 3122 1902 3199; baseline -0.001 -21"><span class='ocrx_word' id='word_1_383' title='bbox 296 3122 488 3196; x_wconf 78' lang='grc' dir='ltr'>Δαυίδ,</span> <span class='ocrx_word' id='word_1_384' title='bbox 563 3124 690 3178; x_wconf 77' lang='grc' dir='ltr'>ἀλλὰ</span> <span class='ocrx_word' id='word_1_385' title='bbox 769 3131 1034 3184; x_wconf 76' lang='grc' dir='ltr'>Δεσπότην</span> <span class='ocrx_word' id='word_1_386' title='bbox 1109 3124 1569 3199; x_wconf 74' lang='grc' dir='ltr'>ἀνακηρύττουσιν,</span> <span class='ocrx_word' id='word_1_387' title='bbox 1639 3127 1737 3178; x_wconf 79' lang='grc' dir='ltr'>ὑπὸ</span> <span class='ocrx_word' id='word_1_388' title='bbox 1812 3134 1902 3184; x_wconf 84' lang='grc' dir='ltr'><strong>τῆς</strong></span> 
     </span>
    </p>
   </div>
   <div class='ocr_carea' id='block_1_59' title="bbox 2018 3122 3665 3199">
    <p class='ocr_par' dir='ltr' id='par_1_59' title="bbox 2018 3126 3665 3198">
     <span class='ocr_line' id='line_1_59' title="bbox 2018 3126 3665 3198; baseline 0.001 -14"><span class='ocrx_word' id='word_1_389' title='bbox 2018 3128 2219 3198; x_wconf 89' lang='lat' dir='ltr'><strong>David,</strong></span> <span class='ocrx_word' id='word_1_390' title='bbox 2299 3126 2403 3183; x_wconf 91' lang='lat' dir='ltr'><strong>sed</strong></span> <span class='ocrx_word' id='word_1_391' title='bbox 2465 3127 2783 3183; x_wconf 90' lang='lat' dir='ltr'><strong>Dominum</strong></span> <span class='ocrx_word' id='word_1_392' title='bbox 2861 3143 3000 3183; x_wconf 94' lang='lat' dir='ltr'><strong>eum</strong></span> <span class='ocrx_word' id='word_1_393' title='bbox 3077 3128 3502 3198; x_wconf 86' lang='lat' dir='ltr'><strong>appellabant:</strong></span> <span class='ocrx_word' id='word_1_394' title='bbox 3587 3128 3665 3186; x_wconf 89' lang='lat' dir='ltr'><strong>ab</strong></span> 
     </span>
    </p>
   </div>
   <div class='ocr_carea' id='block_1_60' title="bbox 295 3213 1942 3301">
    <p class='ocr_par' dir='ltr' id='par_1_60' title="bbox 295 3214 1942 3289">
     <span class='ocr_line' id='line_1_60' title="bbox 295 3214 1942 3289; baseline 0.002 -23"><span class='ocrx_word' id='word_1_395' title='bbox 295 3214 600 3286; x_wconf 79' lang='grc' dir='ltr'><strong>ἐρωτήσεως</strong></span> <span class='ocrx_word' id='word_1_396' title='bbox 682 3214 838 3266; x_wconf 79' lang='grc' dir='ltr'>αὑτοῦ</span> <span class='ocrx_word' id='word_1_397' title='bbox 907 3217 1244 3289; x_wconf 82' lang='grc' dir='ltr'>πτερωθέντες</span> <span class='ocrx_word' id='word_1_398' title='bbox 1313 3216 1380 3277; x_wconf 84' lang='grc' dir='ltr'>εἰς</span> <span class='ocrx_word' id='word_1_399' title='bbox 1461 3216 1588 3286; x_wconf 59' lang='grc' dir='ltr'>ὕψος</span> <span class='ocrx_word' id='word_1_400' title='bbox 1666 3223 1942 3288; x_wconf 46' lang='grc' dir='ltr'>πίστεωςη</span> 
     </span>
    </p>
   </div>
   <div class='ocr_carea' id='block_1_61' title="bbox 2021 3213 3668 3301">
    <p class='ocr_par' dir='ltr' id='par_1_61' title="bbox 2021 3213 3668 3288">
     <span class='ocr_line' id='line_1_61' title="bbox 2021 3213 3668 3288; baseline -0.001 -15"><span class='ocrx_word' id='word_1_401' title='bbox 2021 3217 2141 3288; x_wconf 78' lang='lat' dir='ltr'><strong>ejus</strong></span> <span class='ocrx_word' id='word_1_402' title='bbox 2190 3215 2646 3286; x_wconf 81' lang='lat' dir='ltr'><strong>interrogatione</strong></span> <span class='ocrx_word' id='word_1_403' title='bbox 2700 3215 2760 3270; x_wconf 90' lang='lat' dir='ltr'><strong>in</strong></span> <span class='ocrx_word' id='word_1_404' title='bbox 2813 3213 2954 3270; x_wconf 84' lang='lat' dir='ltr'><strong>ﬁdei</strong></span> <span class='ocrx_word' id='word_1_405' title='bbox 3005 3214 3418 3271; x_wconf 87' lang='lat' dir='ltr'><strong>celsitudinem</strong></span> <span class='ocrx_word' id='word_1_406' title='bbox 3479 3216 3668 3272; x_wconf 90' lang='lat' dir='ltr'><strong>suble-</strong></span> 
     </span>
    </p>
   </div>
   <div class='ocr_carea' id='block_1_62' title="bbox 2014 3303 2152 3360">
    <p class='ocr_par' dir='ltr' id='par_1_62' title="bbox 2014 3303 2152 3360">
     <span class='ocr_line' id='line_1_62' title="bbox 2014 3303 2152 3360; baseline -0.022 0"><span class='ocrx_word' id='word_1_407' title='bbox 2014 3303 2152 3360; x_wconf 87' lang='lat' dir='ltr'><strong>vati.</strong></span> 
     </span>
    </p>
   </div>
   <div class='ocr_carea' id='block_1_63' title="bbox 365 3389 2012 3464">
    <p class='ocr_par' dir='ltr' id='par_1_63' title="bbox 365 3390 1902 3464">
     <span class='ocr_line' id='line_1_63' title="bbox 365 3390 1902 3464; baseline -0.001 -19"><span class='ocrx_word' id='word_1_408' title='bbox 365 3397 496 3445; x_wconf 85' lang='grc' dir='ltr'>Τότε</span> <span class='ocrx_word' id='word_1_409' title='bbox 551 3423 620 3432; x_wconf 92' lang='grc'><strong>-</strong></span> <span class='ocrx_word' id='word_1_410' title='bbox 680 3390 846 3444; x_wconf 69' lang='grc' dir='ltr'>αὐτῶν</span> <span class='ocrx_word' id='word_1_411' title='bbox 915 3393 962 3443; x_wconf 83' lang='grc' dir='ltr'>οἱ</span> <span class='ocrx_word' id='word_1_412' title='bbox 1014 3390 1292 3463; x_wconf 70' lang='grc' dir='ltr'>ὀφθαλμοί.</span> <span class='ocrx_word' id='word_1_413' title='bbox 1349 3398 1421 3464; x_wconf 76' lang='grc' dir='ltr'><strong>Τῇ</strong></span> <span class='ocrx_word' id='word_1_414' title='bbox 1478 3396 1654 3445; x_wconf 88' lang='grc' dir='ltr'>πίστει</span> <span class='ocrx_word' id='word_1_415' title='bbox 1710 3395 1902 3444; x_wconf 80' lang='grc' dir='ltr'>τούτων</span> 
     </span>
    </p>
   </div>
   <div class='ocr_carea' id='block_1_64' title="bbox 2018 3389 3665 3464">
    <p class='ocr_par' dir='ltr' id='par_1_64' title="bbox 2085 3389 3665 3448">
     <span class='ocr_line' id='line_1_64' title="bbox 2085 3389 3665 3448; baseline 0.001 -2"><span class='ocrx_word' id='word_1_416' title='bbox 2085 3393 2238 3446; x_wconf 89' lang='lat' dir='ltr'><strong>Vers.</strong></span> <span class='ocrx_word' id='word_1_417' title='bbox 2279 3391 2366 3445; x_wconf 85' lang='lat'><strong>29.</strong></span> <span class='ocrx_word' id='word_1_418' title='bbox 2407 3390 2570 3445; x_wconf 82' lang='lat' dir='ltr'><strong>Tunc</strong></span> <span class='ocrx_word' id='word_1_419' title='bbox 2599 3419 2669 3430; x_wconf 94' lang='lat'>—</span> <span class='ocrx_word' id='word_1_420' title='bbox 2705 3389 2863 3444; x_wconf 85' lang='lat' dir='ltr'><strong>Vers.</strong></span> <span class='ocrx_word' id='word_1_421' title='bbox 2895 3390 2982 3445; x_wconf 90' lang='lat'><strong>30.</strong></span> <span class='ocrx_word' id='word_1_422' title='bbox 3016 3389 3170 3444; x_wconf 83' lang='lat' dir='ltr'><strong>oculi</strong></span> <span class='ocrx_word' id='word_1_423' title='bbox 3213 3390 3473 3447; x_wconf 83' lang='lat' dir='ltr'><strong>illorum.</strong></span> <span class='ocrx_word' id='word_1_424' title='bbox 3508 3391 3665 3448; x_wconf 88' lang='lat' dir='ltr'><strong>Fidei</strong></span> 
     </span>
    </p>
   </div>
   <div class='ocr_carea' id='block_1_65' title="bbox 292 3475 1939 3556">
    <p class='ocr_par' dir='ltr' id='par_1_65' title="bbox 292 3478 1902 3556">
     <span class='ocr_line' id='line_1_65' title="bbox 292 3478 1902 3556; baseline 0.001 -24"><span class='ocrx_word' id='word_1_425' title='bbox 292 3486 390 3540; x_wconf 75' lang='grc' dir='ltr'>τὴν</span> <span class='ocrx_word' id='word_1_426' title='bbox 465 3483 736 3554; x_wconf 82' lang='grc' dir='ltr'>θεραπείαν</span> <span class='ocrx_word' id='word_1_427' title='bbox 808 3478 1136 3548; x_wconf 77' lang='grc' dir='ltr'>ἀνατίθησιν,</span> <span class='ocrx_word' id='word_1_428' title='bbox 1198 3483 1320 3556; x_wconf 85' lang='grc' dir='ltr'>ὅπερ</span> <span class='ocrx_word' id='word_1_429' title='bbox 1409 3483 1552 3534; x_wconf 81' lang='grc' dir='ltr'>εἴωθε</span> <span class='ocrx_word' id='word_1_430' title='bbox 1633 3481 1902 3553; x_wconf 83' lang='grc' dir='ltr'>πολλαχοῦ</span> 
     </span>
    </p>
   </div>
   <div class='ocr_carea' id='block_1_66' title="bbox 2016 3475 3663 3556">
    <p class='ocr_par' dir='ltr' id='par_1_66' title="bbox 2016 3475 3663 3549">
     <span class='ocr_line' id='line_1_66' title="bbox 2016 3475 3663 3549; baseline -0.001 -13"><span class='ocrx_word' id='word_1_431' title='bbox 2016 3495 2220 3536; x_wconf 87' lang='lat' dir='ltr'><strong>eorum</strong></span> <span class='ocrx_word' id='word_1_432' title='bbox 2252 3479 2571 3536; x_wconf 86' lang='lat' dir='ltr'><strong>sanitatem</strong></span> <span class='ocrx_word' id='word_1_433' title='bbox 2603 3475 2889 3542; x_wconf 85' lang='lat' dir='ltr'><strong>attribuit,</strong></span> <span class='ocrx_word' id='word_1_434' title='bbox 2914 3476 3079 3548; x_wconf 91' lang='lat' dir='ltr'><strong>quod</strong></span> <span class='ocrx_word' id='word_1_435' title='bbox 3099 3475 3435 3549; x_wconf 83' lang='lat' dir='ltr'><strong>frequenter</strong></span> <span class='ocrx_word' id='word_1_436' title='bbox 3468 3478 3663 3536; x_wconf 89' lang='lat' dir='ltr'><strong>facere</strong></span> 
     </span>
    </p>
   </div>
   <div class='ocr_carea' id='block_1_67' title="bbox 288 3565 1935 3643">
    <p class='ocr_par' dir='ltr' id='par_1_67' title="bbox 288 3565 1903 3643">
     <span class='ocr_line' id='line_1_67' title="bbox 288 3565 1903 3643; baseline 0 -21"><span class='ocrx_word' id='word_1_437' title='bbox 288 3577 482 3636; x_wconf 85' lang='grc' dir='ltr'>ποιεῖν,</span> <span class='ocrx_word' id='word_1_438' title='bbox 537 3565 860 3643; x_wconf 83' lang='grc' dir='ltr'>διερεθίζων,</span> <span class='ocrx_word' id='word_1_439' title='bbox 941 3572 1011 3631; x_wconf 86' lang='grc' dir='ltr'><strong>ὡς</strong></span> <span class='ocrx_word' id='word_1_440' title='bbox 1089 3571 1310 3643; x_wconf 74' lang='grc' dir='ltr'>εἴρηται,</span> <span class='ocrx_word' id='word_1_441' title='bbox 1390 3574 1479 3622; x_wconf 90' lang='lat' dir='ltr'><strong>xui</strong></span> <span class='ocrx_word' id='word_1_442' title='bbox 1534 3573 1653 3632; x_wconf 86' lang='grc' dir='ltr'>τοὺς</span> <span class='ocrx_word' id='word_1_443' title='bbox 1723 3569 1903 3631; x_wconf 80' lang='grc' dir='ltr'>ἄλλους</span> 
     </span>
    </p>
   </div>
   <div class='ocr_carea' id='block_1_68' title="bbox 2021 3565 3668 3643">
    <p class='ocr_par' dir='ltr' id='par_1_68' title="bbox 2021 3566 3668 3640">
     <span class='ocr_line' id='line_1_68' title="bbox 2021 3566 3668 3640; baseline 0 -15"><span class='ocrx_word' id='word_1_444' title='bbox 2021 3569 2323 3626; x_wconf 81' lang='lat' dir='ltr'><strong>consuevit</strong></span> <span class='ocrx_word' id='word_1_445' title='bbox 2361 3567 2507 3624; x_wconf 90' lang='lat' dir='ltr'><strong>alios</strong></span> <span class='ocrx_word' id='word_1_446' title='bbox 2537 3581 2780 3640; x_wconf 90' lang='lat' dir='ltr'><strong>quoque</strong></span> <span class='ocrx_word' id='word_1_447' title='bbox 2814 3566 3076 3622; x_wconf 84' lang='lat' dir='ltr'><strong>excitans</strong></span> <span class='ocrx_word' id='word_1_448' title='bbox 3107 3566 3184 3622; x_wconf 92' lang='lat' dir='ltr'><strong>ad</strong></span> <span class='ocrx_word' id='word_1_449' title='bbox 3215 3566 3422 3622; x_wconf 83' lang='lat' dir='ltr'><strong>ﬁdem.</strong></span> <span class='ocrx_word' id='word_1_450' title='bbox 3463 3569 3668 3640; x_wconf 87' lang='lat' dir='ltr'><strong>Tangit</strong></span> 
     </span>
    </p>
   </div>
   <div class='ocr_carea' id='block_1_69' title="bbox 290 3653 1937 3732">
    <p class='ocr_par' dir='ltr' id='par_1_69' title="bbox 290 3654 1898 3732">
     <span class='ocr_line' id='line_1_69' title="bbox 290 3654 1898 3732; baseline -0.001 -21"><span class='ocrx_word' id='word_1_451' title='bbox 290 3659 368 3720; x_wconf 83' lang='grc' dir='ltr'>εἰς</span> <span class='ocrx_word' id='word_1_452' title='bbox 419 3664 614 3712; x_wconf 85' lang='grc' dir='ltr'>πίστιν.</span> <span class='ocrx_word' id='word_1_453' title='bbox 670 3657 923 3712; x_wconf 77' lang='grc' dir='ltr'>Ἀπτεται</span> <span class='ocrx_word' id='word_1_454' title='bbox 991 3654 1049 3710; x_wconf 69' lang='grc' dir='ltr'><strong>δὲ</strong></span> <span class='ocrx_word' id='word_1_455' title='bbox 1123 3662 1210 3709; x_wconf 85' lang='grc' dir='ltr'>καὶ</span> <span class='ocrx_word' id='word_1_456' title='bbox 1282 3667 1343 3730; x_wconf 75' lang='grc' dir='ltr'>τῇ</span> <span class='ocrx_word' id='word_1_457' title='bbox 1395 3663 1559 3732; x_wconf 80' lang='grc' dir='ltr'>χειρὶ,</span> <span class='ocrx_word' id='word_1_458' title='bbox 1631 3655 1898 3725; x_wconf 76' lang='grc' dir='ltr'>δεικνύων,</span> 
     </span>
    </p>
   </div>
   <div class='ocr_carea' id='block_1_70' title="bbox 2019 3653 3666 3732">
    <p class='ocr_par' dir='ltr' id='par_1_70' title="bbox 2019 3653 3666 3722">
     <span class='ocr_line' id='line_1_70' title="bbox 2019 3653 3666 3722; baseline -0.001 -7"><span class='ocrx_word' id='word_1_459' title='bbox 2019 3662 2212 3715; x_wconf 85' lang='lat' dir='ltr'><strong>autem</strong></span> <span class='ocrx_word' id='word_1_460' title='bbox 2234 3663 2292 3714; x_wconf 91' lang='lat' dir='ltr'><strong>et</strong></span> <span class='ocrx_word' id='word_1_461' title='bbox 2307 3672 2514 3722; x_wconf 86' lang='lat' dir='ltr'><strong>manu,</strong></span> <span class='ocrx_word' id='word_1_462' title='bbox 2533 3655 2854 3713; x_wconf 90' lang='lat' dir='ltr'><strong>ostendens</strong></span> <span class='ocrx_word' id='word_1_463' title='bbox 2877 3653 3316 3710; x_wconf 89' lang='lat' dir='ltr'><strong>sanctissimam</strong></span> <span class='ocrx_word' id='word_1_464' title='bbox 3341 3671 3469 3712; x_wconf 78' lang='lat' dir='ltr'><strong>esse</strong></span> <span class='ocrx_word' id='word_1_465' title='bbox 3492 3673 3666 3714; x_wconf 87' lang='lat' dir='ltr'><strong>suam</strong></span> 
     </span>
    </p>
   </div>
   <div class='ocr_carea' id='block_1_71' title="bbox 290 3743 1937 3822">
    <p class='ocr_par' dir='ltr' id='par_1_71' title="bbox 290 3745 1898 3822">
     <span class='ocr_line' id='line_1_71' title="bbox 290 3745 1898 3822; baseline 0.002 -23"><span class='ocrx_word' id='word_1_466' title='bbox 290 3750 375 3799; x_wconf 83' lang='grc' dir='ltr'>ὅτι</span> <span class='ocrx_word' id='word_1_467' title='bbox 434 3752 523 3799; x_wconf 83' lang='grc' dir='ltr'>καὶ</span> <span class='ocrx_word' id='word_1_468' title='bbox 573 3749 601 3804; x_wconf 80' lang='grc' dir='ltr'><strong>ἠ</strong></span> <span class='ocrx_word' id='word_1_469' title='bbox 645 3750 874 3818; x_wconf 81' lang='grc' dir='ltr'>παναγία</span> <span class='ocrx_word' id='word_1_470' title='bbox 948 3746 1107 3798; x_wconf 69' lang='grc' dir='ltr'>αὐτοῦ</span> <span class='ocrx_word' id='word_1_471' title='bbox 1174 3747 1307 3822; x_wconf 83' lang='grc' dir='ltr'>σὰρξ</span> <span class='ocrx_word' id='word_1_472' title='bbox 1357 3748 1493 3809; x_wconf 75' lang='grc' dir='ltr'><strong>ζωῆς</strong></span> <span class='ocrx_word' id='word_1_473' title='bbox 1547 3745 1898 3820; x_wconf 62' lang='grc' dir='ltr'>μεταδίδωσι.</span> 
     </span>
    </p>
   </div>
   <div class='ocr_carea' id='block_1_72' title="bbox 2020 3743 3667 3822">
    <p class='ocr_par' dir='ltr' id='par_1_72' title="bbox 2020 3743 3667 3819">
     <span class='ocr_line' id='line_1_72' title="bbox 2020 3743 3667 3819; baseline -0.001 -16"><span class='ocrx_word' id='word_1_474' title='bbox 2020 3763 2275 3812; x_wconf 81' lang='lat' dir='ltr'><strong>carnem,</strong></span> <span class='ocrx_word' id='word_1_475' title='bbox 2307 3762 2443 3819; x_wconf 78' lang='lat' dir='ltr'><strong>quas</strong></span> <span class='ocrx_word' id='word_1_476' title='bbox 2490 3745 2673 3801; x_wconf 90' lang='lat' dir='ltr'><strong>vitam</strong></span> <span class='ocrx_word' id='word_1_477' title='bbox 2712 3743 2994 3800; x_wconf 84' lang='lat' dir='ltr'><strong>conterat.</strong></span> <span class='ocrx_word' id='word_1_478' title='bbox 3028 3744 3244 3812; x_wconf 86' lang='lat' dir='ltr'><strong>Magna</strong></span> <span class='ocrx_word' id='word_1_479' title='bbox 3273 3759 3411 3801; x_wconf 86' lang='lat' dir='ltr'><strong>vero</strong></span> <span class='ocrx_word' id='word_1_480' title='bbox 3437 3743 3667 3802; x_wconf 65' lang='lat' dir='ltr'><strong>Judaso-</strong></span> 
     </span>
    </p>
   </div>
   <div class='ocr_carea' id='block_1_73' title="bbox 294 3831 1941 3909">
    <p class='ocr_par' dir='ltr' id='par_1_73' title="bbox 294 3833 1900 3909">
     <span class='ocr_line' id='line_1_73' title="bbox 294 3833 1900 3909; baseline 0.002 -24"><span class='ocrx_word' id='word_1_481' title='bbox 294 3834 514 3906; x_wconf 81' lang='grc' dir='ltr'>Μεγάλη</span> <span class='ocrx_word' id='word_1_482' title='bbox 572 3833 630 3888; x_wconf 74' lang='grc' dir='ltr'><strong>δὲ</strong></span> <span class='ocrx_word' id='word_1_483' title='bbox 675 3840 968 3908; x_wconf 87' lang='grc' dir='ltr'>κατηγορία</span> <span class='ocrx_word' id='word_1_484' title='bbox 1044 3844 1143 3887; x_wconf 89' lang='grc' dir='ltr'><strong>τῶν</strong></span> <span class='ocrx_word' id='word_1_485' title='bbox 1219 3833 1507 3901; x_wconf 79' lang='grc' dir='ltr'>Ἰουδαίων,</span> <span class='ocrx_word' id='word_1_486' title='bbox 1579 3838 1656 3889; x_wconf 83' lang='grc' dir='ltr'>ὅτι</span> <span class='ocrx_word' id='word_1_487' title='bbox 1718 3837 1900 3909; x_wconf 82' lang='grc' dir='ltr'>τυφλοὶ</span> 
     </span>
    </p>
   </div>
   <div class='ocr_carea' id='block_1_74' title="bbox 2018 3831 3665 3909">
    <p class='ocr_par' dir='ltr' id='par_1_74' title="bbox 2018 3831 3665 3905">
     <span class='ocr_line' id='line_1_74' title="bbox 2018 3831 3665 3905; baseline -0.002 -12"><span class='ocrx_word' id='word_1_488' title='bbox 2018 3853 2145 3894; x_wconf 87' lang='lat' dir='ltr'><strong>rum</strong></span> <span class='ocrx_word' id='word_1_489' title='bbox 2173 3837 2314 3892; x_wconf 89' lang='lat' dir='ltr'><strong>hinc</strong></span> <span class='ocrx_word' id='word_1_490' title='bbox 2344 3835 2529 3892; x_wconf 88' lang='lat' dir='ltr'><strong>oritur</strong></span> <span class='ocrx_word' id='word_1_491' title='bbox 2575 3833 2875 3890; x_wconf 89' lang='lat' dir='ltr'><strong>accusatio</strong></span> <span class='ocrx_word' id='word_1_492' title='bbox 2911 3849 2922 3886; x_wconf 94' lang='lat'>:</span> <span class='ocrx_word' id='word_1_493' title='bbox 2956 3832 3121 3905; x_wconf 90' lang='lat' dir='ltr'><strong>quod</strong></span> <span class='ocrx_word' id='word_1_494' title='bbox 3165 3831 3340 3888; x_wconf 66' lang='lat' dir='ltr'><strong>cascis</strong></span> <span class='ocrx_word' id='word_1_495' title='bbox 3380 3833 3507 3890; x_wconf 89' lang='lat' dir='ltr'><strong>solo</strong></span> <span class='ocrx_word' id='word_1_496' title='bbox 3564 3849 3665 3890; x_wconf 89' lang='lat' dir='ltr'><strong>au-</strong></span> 
     </span>
    </p>
   </div>
   <div class='ocr_carea' id='block_1_75' title="bbox 289 3920 1936 3999">
    <p class='ocr_par' dir='ltr' id='par_1_75' title="bbox 289 3922 1901 3999">
     <span class='ocr_line' id='line_1_75' title="bbox 289 3922 1901 3999; baseline 0.002 -23"><span class='ocrx_word' id='word_1_497' title='bbox 289 3929 385 3999; x_wconf 77' lang='grc' dir='ltr'>μὲν</span> <span class='ocrx_word' id='word_1_498' title='bbox 419 3924 472 3986; x_wconf 80' lang='grc' dir='ltr'><strong>ἐξ</strong></span> <span class='ocrx_word' id='word_1_499' title='bbox 534 3923 693 3996; x_wconf 77' lang='grc' dir='ltr'>ἁκοῇς</span> <span class='ocrx_word' id='word_1_500' title='bbox 745 3928 907 3996; x_wconf 81' lang='grc' dir='ltr'>μόνης</span> <span class='ocrx_word' id='word_1_501' title='bbox 960 3922 1294 3991; x_wconf 74' lang='grc' dir='ltr'>ἐπίστευσαν,</span> <span class='ocrx_word' id='word_1_502' title='bbox 1356 3925 1500 3977; x_wconf 67' lang='grc' dir='ltr'>αὐτοὶ</span> <span class='ocrx_word' id='word_1_503' title='bbox 1560 3922 1634 3991; x_wconf 72' lang='grc' dir='ltr'><strong>δὲ,</strong></span> <span class='ocrx_word' id='word_1_504' title='bbox 1693 3932 1781 3979; x_wconf 82' lang='lat' dir='ltr'><strong>xui</strong></span> <span class='ocrx_word' id='word_1_505' title='bbox 1839 3931 1901 3979; x_wconf 73' lang='grc' dir='ltr'>τὰ</span> 
     </span>
    </p>
   </div>
   <div class='ocr_carea' id='block_1_76' title="bbox 2018 3920 3665 3999">
    <p class='ocr_par' dir='ltr' id='par_1_76' title="bbox 2018 3920 3665 3996">
     <span class='ocr_line' id='line_1_76' title="bbox 2018 3920 3665 3996; baseline -0.001 -15"><span class='ocrx_word' id='word_1_506' title='bbox 2018 3925 2140 3982; x_wconf 87' lang='lat' dir='ltr'><strong>ditu</strong></span> <span class='ocrx_word' id='word_1_507' title='bbox 2165 3923 2558 3986; x_wconf 89' lang='lat' dir='ltr'><strong>credentibus,</strong></span> <span class='ocrx_word' id='word_1_508' title='bbox 2597 3923 2711 3996; x_wconf 90' lang='lat' dir='ltr'><strong>ipsi</strong></span> <span class='ocrx_word' id='word_1_509' title='bbox 2741 3921 3034 3979; x_wconf 89' lang='lat' dir='ltr'><strong>miracula</strong></span> <span class='ocrx_word' id='word_1_510' title='bbox 3081 3920 3351 3978; x_wconf 88' lang='lat' dir='ltr'><strong>videntes</strong></span> <span class='ocrx_word' id='word_1_511' title='bbox 3378 3921 3665 3980; x_wconf 91' lang='lat' dir='ltr'><strong>increduli</strong></span> 
     </span>
    </p>
   </div>
   <div class='ocr_carea' id='block_1_77' title="bbox 295 4011 1942 4086">
    <p class='ocr_par' dir='ltr' id='par_1_77' title="bbox 295 4011 1174 4084">
     <span class='ocr_line' id='line_1_77' title="bbox 295 4011 1174 4084; baseline -0.002 -18"><span class='ocrx_word' id='word_1_512' title='bbox 295 4016 542 4084; x_wconf 85' lang='grc' dir='ltr'>θαύματα</span> <span class='ocrx_word' id='word_1_513' title='bbox 574 4011 864 4084; x_wconf 83' lang='grc' dir='ltr'>βλέποντες,</span> <span class='ocrx_word' id='word_1_514' title='bbox 897 4013 1174 4070; x_wconf 80' lang='grc' dir='ltr'>ἠπίστουν.</span> 
     </span>
    </p>
   </div>
   <div class='ocr_carea' id='block_1_78' title="bbox 806 4011 2453 4086">
    <p class='ocr_par' dir='ltr' id='par_1_78' title="bbox 806 4013 2453 4086">
     <span class='ocr_line' id='line_1_78' title="bbox 806 4013 2453 4086; baseline 0.004 -23"><span class='ocrx_word' id='word_1_515' title='bbox 806 4031 864 4076; x_wconf 74' lang='grc' dir='ltr'><strong>ες,</strong></span> <span class='ocrx_word' id='word_1_516' title='bbox 897 4013 1174 4070; x_wconf 80' lang='grc' dir='ltr'>ἠπίστουν.</span> <span class='ocrx_word' id='word_1_517' title='bbox 2011 4015 2453 4086; x_wconf 78' lang='lat' dir='ltr'><strong>permanebant.</strong></span> 
     </span>
    </p>
   </div>
   <div class='ocr_carea' id='block_1_79' title="bbox 372 4097 2019 4174">
    <p class='ocr_par' dir='ltr' id='par_1_79' title="bbox 372 4099 1898 4174">
     <span class='ocr_line' id='line_1_79' title="bbox 372 4099 1898 4174; baseline 0.006 -27"><span class='ocrx_word' id='word_1_518' title='bbox 372 4106 472 4155; x_wconf 75' lang='grc' dir='ltr'><strong>Καὶ</strong></span> <span class='ocrx_word' id='word_1_519' title='bbox 554 4131 624 4141; x_wconf 91' lang='grc'><strong><em>-</em></strong></span> <span class='ocrx_word' id='word_1_520' title='bbox 678 4104 994 4172; x_wconf 79' lang='grc' dir='ltr'>γινωσκέτω,</span> <span class='ocrx_word' id='word_1_521' title='bbox 1098 4099 1528 4174; x_wconf 77' lang='grc' dir='ltr'>Ἐνεϐριμήσατο,</span> <span class='ocrx_word' id='word_1_522' title='bbox 1604 4101 1714 4156; x_wconf 80' lang='grc' dir='ltr'>ἀντὶ</span> <span class='ocrx_word' id='word_1_523' title='bbox 1787 4111 1898 4172; x_wconf 78' lang='grc' dir='ltr'>τοῦ,</span> 
     </span>
    </p>
   </div>
   <div class='ocr_carea' id='block_1_80' title="bbox 2019 4097 3666 4174">
    <p class='ocr_par' dir='ltr' id='par_1_80' title="bbox 2085 4097 3666 4171">
     <span class='ocr_line' id='line_1_80' title="bbox 2085 4097 3666 4171; baseline 0.001 -16"><span class='ocrx_word' id='word_1_524' title='bbox 2085 4103 2229 4158; x_wconf 90' lang='lat' dir='ltr'><strong>Vers</strong></span> <span class='ocrx_word' id='word_1_525' title='bbox 2263 4106 2348 4159; x_wconf 90' lang='lat'><strong>30.</strong></span> <span class='ocrx_word' id='word_1_526' title='bbox 2389 4102 2468 4157; x_wconf 82' lang='lat' dir='ltr'><strong>Et</strong></span> <span class='ocrx_word' id='word_1_527' title='bbox 2498 4131 2566 4141; x_wconf 92' lang='lat'><strong>—-</strong></span> <span class='ocrx_word' id='word_1_528' title='bbox 2623 4099 2786 4156; x_wconf 80' lang='lat' dir='ltr'><strong>sciat.</strong></span> <span class='ocrx_word' id='word_1_529' title='bbox 2843 4097 3276 4171; x_wconf 75' lang='grc' dir='ltr'>Ἐνεϐριμήσατο,</span> <span class='ocrx_word' id='word_1_530' title='bbox 3334 4099 3666 4156; x_wconf 90' lang='lat' dir='ltr'><strong>intermina-</strong></span> 
     </span>
    </p>
   </div>
   <div class='ocr_carea' id='block_1_81' title="bbox 293 4185 1940 4263">
    <p class='ocr_par' dir='ltr' id='par_1_81' title="bbox 293 4188 1904 4263">
     <span class='ocr_line' id='line_1_81' title="bbox 293 4188 1904 4263; baseline 0.002 -22"><span class='ocrx_word' id='word_1_531' title='bbox 293 4189 579 4263; x_wconf 68' lang='grc' dir='ltr'>αὐστηρῶς</span> <span class='ocrx_word' id='word_1_532' title='bbox 655 4188 901 4260; x_wconf 69' lang='grc' dir='ltr'>ἐνέϐλεψε,</span> <span class='ocrx_word' id='word_1_533' title='bbox 982 4189 1298 4251; x_wconf 79' lang='grc' dir='ltr'>συνελκύσας</span> <span class='ocrx_word' id='word_1_534' title='bbox 1379 4193 1474 4252; x_wconf 79' lang='grc' dir='ltr'>τὰς</span> <span class='ocrx_word' id='word_1_535' title='bbox 1549 4191 1727 4263; x_wconf 77' lang='grc' dir='ltr'>ὀφρῦς,</span> <span class='ocrx_word' id='word_1_536' title='bbox 1813 4190 1904 4244; x_wconf 87' lang='grc' dir='ltr'><strong>καῖ</strong></span> 
     </span>
    </p>
   </div>
   <div class='ocr_carea' id='block_1_82' title="bbox 2020 4185 3667 4263">
    <p class='ocr_par' dir='ltr' id='par_1_82' title="bbox 2020 4185 3667 4249">
     <span class='ocr_line' id='line_1_82' title="bbox 2020 4185 3667 4249; baseline -0.003 -3"><span class='ocrx_word' id='word_1_537' title='bbox 2020 4197 2103 4246; x_wconf 74' lang='lat' dir='ltr'><strong>tus</strong></span> <span class='ocrx_word' id='word_1_538' title='bbox 2134 4194 2255 4245; x_wconf 91' lang='lat' dir='ltr'><strong>est:</strong></span> <span class='ocrx_word' id='word_1_539' title='bbox 2291 4193 2526 4244; x_wconf 89' lang='lat' dir='ltr'><strong>austere</strong></span> <span class='ocrx_word' id='word_1_540' title='bbox 2568 4187 2842 4242; x_wconf 84' lang='lat' dir='ltr'><strong>videlicet</strong></span> <span class='ocrx_word' id='word_1_541' title='bbox 2889 4185 3147 4249; x_wconf 77' lang='lat' dir='ltr'><strong>intuens,</strong></span> <span class='ocrx_word' id='word_1_542' title='bbox 3195 4187 3512 4241; x_wconf 87' lang='lat' dir='ltr'><strong>contractis</strong></span> <span class='ocrx_word' id='word_1_543' title='bbox 3572 4203 3667 4242; x_wconf 88' lang='lat' dir='ltr'><strong>su-</strong></span> 
     </span>
    </p>
   </div>
   <div class='ocr_carea' id='block_1_83' title="bbox 295 4270 1942 4351">
    <p class='ocr_par' dir='ltr' id='par_1_83' title="bbox 295 4277 1898 4351">
     <span class='ocr_line' id='line_1_83' title="bbox 295 4277 1898 4351; baseline 0.001 -22"><span class='ocrx_word' id='word_1_544' title='bbox 295 4277 566 4338; x_wconf 85' lang='grc' dir='ltr'>ἐπισείσας</span> <span class='ocrx_word' id='word_1_545' title='bbox 621 4278 796 4338; x_wconf 72' lang='grc' dir='ltr'>αὐτοῖς</span> <span class='ocrx_word' id='word_1_546' title='bbox 854 4281 947 4334; x_wconf 84' lang='grc' dir='ltr'>τὴν</span> <span class='ocrx_word' id='word_1_547' title='bbox 1014 4277 1248 4350; x_wconf 77' lang='grc' dir='ltr'>κεφαλὴν,</span> <span class='ocrx_word' id='word_1_548' title='bbox 1318 4279 1438 4351; x_wconf 82' lang='grc' dir='ltr'>ὅπερ</span> <span class='ocrx_word' id='word_1_549' title='bbox 1519 4279 1733 4331; x_wconf 77' lang='grc' dir='ltr'>εἰώθασι</span> <span class='ocrx_word' id='word_1_550' title='bbox 1785 4299 1898 4332; x_wconf 89' lang='grc' dir='ltr'>ποι-</span> 
     </span>
    </p>
   </div>
   <div class='ocr_carea' id='block_1_84' title="bbox 2018 4270 3665 4351">
    <p class='ocr_par' dir='ltr' id='par_1_84' title="bbox 2018 4270 3665 4348">
     <span class='ocr_line' id='line_1_84' title="bbox 2018 4270 3665 4348; baseline -0.003 -15"><span class='ocrx_word' id='word_1_551' title='bbox 2018 4277 2339 4348; x_wconf 86' lang='lat' dir='ltr'><strong>perciliciis,</strong></span> <span class='ocrx_word' id='word_1_552' title='bbox 2427 4279 2727 4330; x_wconf 92' lang='lat' dir='ltr'><strong>commoto</strong></span> <span class='ocrx_word' id='word_1_553' title='bbox 2790 4272 3022 4343; x_wconf 87' lang='lat' dir='ltr'><strong>capite:</strong></span> <span class='ocrx_word' id='word_1_554' title='bbox 3089 4270 3263 4326; x_wconf 87' lang='lat' dir='ltr'><strong>veluti</strong></span> <span class='ocrx_word' id='word_1_555' title='bbox 3321 4271 3513 4328; x_wconf 83' lang='lat' dir='ltr'><strong>facere</strong></span> <span class='ocrx_word' id='word_1_556' title='bbox 3573 4289 3665 4329; x_wconf 92' lang='lat' dir='ltr'><strong>so-</strong></span> 
     </span>
    </p>
   </div>
   <div class='ocr_carea' id='block_1_85' title="bbox 297 4357 1944 4440">
    <p class='ocr_par' dir='ltr' id='par_1_85' title="bbox 297 4365 1899 4440">
     <span class='ocr_line' id='line_1_85' title="bbox 297 4365 1899 4440; baseline 0.001 -21"><span class='ocrx_word' id='word_1_557' title='bbox 297 4374 392 4434; x_wconf 88' lang='grc' dir='ltr'>εῖν,</span> <span class='ocrx_word' id='word_1_558' title='bbox 449 4369 497 4418; x_wconf 86' lang='grc' dir='ltr'><strong>οἱ</strong></span> <span class='ocrx_word' id='word_1_559' title='bbox 573 4365 1034 4439; x_wconf 76' lang='grc' dir='ltr'>ἐξασφαλιζομενοί</span> <span class='ocrx_word' id='word_1_560' title='bbox 1086 4386 1228 4428; x_wconf 88' lang='grc' dir='ltr'>τινας</span> <span class='ocrx_word' id='word_1_561' title='bbox 1301 4371 1418 4440; x_wconf 84' lang='grc' dir='ltr'>περὶ</span> <span class='ocrx_word' id='word_1_562' title='bbox 1500 4367 1731 4438; x_wconf 76' lang='grc' dir='ltr'>φυλακῆς</span> <span class='ocrx_word' id='word_1_563' title='bbox 1801 4389 1899 4440; x_wconf 87' lang='grc' dir='ltr'>μυ-</span> 
     </span>
    </p>
   </div>
   <div class='ocr_carea' id='block_1_86' title="bbox 2019 4357 3666 4440">
    <p class='ocr_par' dir='ltr' id='par_1_86' title="bbox 2019 4357 3666 4437">
     <span class='ocr_line' id='line_1_86' title="bbox 2019 4357 3666 4437; baseline -0.002 -18"><span class='ocrx_word' id='word_1_564' title='bbox 2019 4367 2149 4429; x_wconf 81' lang='lat' dir='ltr'><strong>Ient,</strong></span> <span class='ocrx_word' id='word_1_565' title='bbox 2198 4365 2300 4437; x_wconf 90' lang='lat' dir='ltr'><strong>qui</strong></span> <span class='ocrx_word' id='word_1_566' title='bbox 2345 4362 2577 4435; x_wconf 88' lang='lat' dir='ltr'><strong>aliquos</strong></span> <span class='ocrx_word' id='word_1_567' title='bbox 2629 4361 2704 4417; x_wconf 92' lang='lat' dir='ltr'><strong>de</strong></span> <span class='ocrx_word' id='word_1_568' title='bbox 2764 4357 3123 4416; x_wconf 88' lang='lat' dir='ltr'><strong>continendo</strong></span> <span class='ocrx_word' id='word_1_569' title='bbox 3181 4361 3407 4414; x_wconf 89' lang='lat' dir='ltr'><strong>secreto</strong></span> <span class='ocrx_word' id='word_1_570' title='bbox 3459 4359 3666 4416; x_wconf 88' lang='lat' dir='ltr'><strong>admo-</strong></span> 
     </span>
    </p>
   </div>
   <div class='ocr_carea' id='block_1_87' title="bbox 302 4457 2169 4527">
    <p class='ocr_par' dir='ltr' id='par_1_87' title="bbox 302 4457 2169 4527">
     <span class='ocr_line' id='line_1_87' title="bbox 302 4457 2169 4527; baseline 0.001 -19"><span class='ocrx_word' id='word_1_571' title='bbox 302 4458 532 4527; x_wconf 81' lang='grc' dir='ltr'>στηρίων</span> <span class='ocrx_word' id='word_1_572' title='bbox 547 4498 560 4511; x_wconf 91' lang='grc'><strong>.</strong></span> <span class='ocrx_word' id='word_1_573' title='bbox 2009 4457 2169 4510; x_wconf 90' lang='lat' dir='ltr'><strong>nent.</strong></span> 
     </span>
    </p>
   </div>
   <div class='ocr_carea' id='block_1_88' title="bbox 369 4534 2016 4646">
    <p class='ocr_par' dir='ltr' id='par_1_88' title="bbox 369 4541 1975 4646">
     <span class='ocr_line' id='line_1_88' title="bbox 369 4541 1975 4646; baseline -0.001 -51"><span class='ocrx_word' id='word_1_574' title='bbox 369 4545 542 4595; x_wconf 83' lang='grc' dir='ltr'><strong>Οἱ-</strong></span> <span class='ocrx_word' id='word_1_575' title='bbox 593 4549 654 4614; x_wconf 76' lang='grc' dir='ltr'>τῇ</span> <span class='ocrx_word' id='word_1_576' title='bbox 711 4550 777 4614; x_wconf 74' lang='grc' dir='ltr'>γῇ</span> <span class='ocrx_word' id='word_1_577' title='bbox 830 4541 1017 4615; x_wconf 69' lang='grc' dir='ltr'>ἐκείνῃ.</span> <span class='ocrx_word' id='word_1_578' title='bbox 1065 4546 1162 4596; x_wconf 73' lang='grc' dir='ltr'><strong>Καὶ</strong></span> <span class='ocrx_word' id='word_1_579' title='bbox 1216 4541 1264 4594; x_wconf 76' lang='grc' dir='ltr'>ἐν</span> <span class='ocrx_word' id='word_1_580' title='bbox 1314 4549 1385 4614; x_wconf 82' lang='grc' dir='ltr'>τῷ</span> <span class='ocrx_word' id='word_1_581' title='bbox 1442 4543 1570 4614; x_wconf 80' lang='grc' dir='ltr'>ἕκτῳ</span> <span class='ocrx_word' id='word_1_582' title='bbox 1617 4542 1894 4616; x_wconf 78' lang='grc' dir='ltr'>κεφαλαίῳ,</span> <span class='ocrx_word' id='word_1_583' title='bbox 1934 4593 1975 4646; x_wconf 84' lang='lat' dir='ltr'>D</span> 
     </span>
     <span class='ocr_line' id='line_1_89' title="bbox 373 4629 1843 4646; baseline 0 0"><span class='ocrx_word' id='word_1_584' title='bbox 373 4633 395 4646; x_wconf 55' lang='grc' dir='ltr'><strong>λ</strong></span> <span class='ocrx_word' id='word_1_585' title='bbox 480 4635 490 4646; x_wconf 91' lang='grc'><strong><em>,</em></strong></span> <span class='ocrx_word' id='word_1_586' title='bbox 691 4634 701 4646; x_wconf 87' lang='grc'><strong>.</strong></span> <span class='ocrx_word' id='word_1_587' title='bbox 810 4631 828 4646; x_wconf 70' lang='grc'>.</span> <span class='ocrx_word' id='word_1_588' title='bbox 947 4634 956 4646; x_wconf 91' lang='grc'><strong>.</strong></span> <span class='ocrx_word' id='word_1_589' title='bbox 1215 4636 1224 4646; x_wconf 90' lang='grc'><strong><em>,</em></strong></span> <span class='ocrx_word' id='word_1_590' title='bbox 1347 4629 1365 4646; x_wconf 59' lang='grc' dir='ltr'><strong>ς</strong></span> <span class='ocrx_word' id='word_1_591' title='bbox 1559 4631 1570 4646; x_wconf 80' lang='grc'><em>,</em></span> <span class='ocrx_word' id='word_1_592' title='bbox 1623 4639 1641 4646; x_wconf 78' lang='lat'><strong>-</strong></span> <span class='ocrx_word' id='word_1_593' title='bbox 1824 4637 1843 4646; x_wconf 83' lang='lat'><strong>-</strong></span> 
     </span>
    </p>
   </div>
   <div class='ocr_carea' id='block_1_89' title="bbox 2017 4534 3664 4646">
    <p class='ocr_par' dir='ltr' id='par_1_89' title="bbox 2080 4534 3664 4608">
     <span class='ocr_line' id='line_1_90' title="bbox 2080 4534 3664 4608; baseline -0.003 -11"><span class='ocrx_word' id='word_1_594' title='bbox 2080 4543 2221 4599; x_wconf 90' lang='lat' dir='ltr'><strong>Vers</strong></span> <span class='ocrx_word' id='word_1_595' title='bbox 2250 4541 2338 4598; x_wconf 86' lang='grc'><strong>31.</strong></span> <span class='ocrx_word' id='word_1_596' title='bbox 2372 4539 2480 4595; x_wconf 79' lang='grc' dir='ltr'>[ιιι</span> <span class='ocrx_word' id='word_1_597' title='bbox 2501 4569 2565 4580; x_wconf 93' lang='grc'><strong><em>-</em></strong></span> <span class='ocrx_word' id='word_1_598' title='bbox 2590 4537 2875 4608; x_wconf 78' lang='lat' dir='ltr'><strong>regionem</strong></span> <span class='ocrx_word' id='word_1_599' title='bbox 2905 4534 3101 4592; x_wconf 80' lang='lat' dir='ltr'><strong>illam.</strong></span> <span class='ocrx_word' id='word_1_600' title='bbox 3140 4536 3204 4591; x_wconf 90' lang='lat' dir='ltr'><strong>In</strong></span> <span class='ocrx_word' id='word_1_601' title='bbox 3236 4539 3400 4591; x_wconf 84' lang='lat' dir='ltr'><strong>sexto</strong></span> <span class='ocrx_word' id='word_1_602' title='bbox 3422 4549 3664 4608; x_wconf 87' lang='lat' dir='ltr'><strong>quoque</strong></span> 
     </span>
    </p>
   </div>
   <div class='ocr_carea' id='block_1_90' title="bbox 293 4624 1940 4704">
    <p class='ocr_par' dir='ltr' id='par_1_90' title="bbox 293 4624 1940 4704">
     <span class='ocr_line' id='line_1_91' title="bbox 293 4624 1940 4704; baseline -0.001 -21"><span class='ocrx_word' id='word_1_603' title='bbox 293 4633 592 4704; x_wconf 82' lang='grc' dir='ltr'>καθαρίσας</span> <span class='ocrx_word' id='word_1_604' title='bbox 651 4634 737 4682; x_wconf 83' lang='grc' dir='ltr'>τὸν</span> <span class='ocrx_word' id='word_1_605' title='bbox 810 4631 1011 4704; x_wconf 79' lang='grc' dir='ltr'>λεπρὸν,</span> <span class='ocrx_word' id='word_1_606' title='bbox 1089 4629 1427 4704; x_wconf 77' lang='grc' dir='ltr'>παρήγγειλεν</span> <span class='ocrx_word' id='word_1_607' title='bbox 1508 4631 1648 4701; x_wconf 68' lang='grc' dir='ltr'>αὐτῷ</span> <span class='ocrx_word' id='word_1_608' title='bbox 1721 4624 1940 4702; x_wconf 78' lang='grc' dir='ltr'>σιγᾷν,¹</span> 
     </span>
    </p>
   </div>
   <div class='ocr_carea' id='block_1_91' title="bbox 2013 4624 3660 4704">
    <p class='ocr_par' dir='ltr' id='par_1_91' title="bbox 2013 4624 3660 4704">
     <span class='ocr_line' id='line_1_92' title="bbox 2013 4624 3660 4704; baseline -0.005 -16"><span class='ocrx_word' id='word_1_609' title='bbox 2013 4631 2200 4704; x_wconf 89' lang='lat' dir='ltr'><strong>capite</strong></span> <span class='ocrx_word' id='word_1_610' title='bbox 2239 4628 2527 4686; x_wconf 87' lang='lat' dir='ltr'><strong>mundato</strong></span> <span class='ocrx_word' id='word_1_611' title='bbox 2579 4626 2813 4698; x_wconf 88' lang='lat' dir='ltr'><strong>leproso</strong></span> <span class='ocrx_word' id='word_1_612' title='bbox 2866 4624 3150 4697; x_wconf 62' lang='lat' dir='ltr'><strong>pracepit</strong></span> <span class='ocrx_word' id='word_1_613' title='bbox 3201 4629 3266 4680; x_wconf 89' lang='lat' dir='ltr'><strong>ut</strong></span> <span class='ocrx_word' id='word_1_614' title='bbox 3319 4628 3539 4680; x_wconf 87' lang='lat' dir='ltr'><strong>taceret</strong></span> <span class='ocrx_word' id='word_1_615' title='bbox 3590 4626 3660 4678; x_wconf 72' lang='grc' dir='ltr'><strong>θ’.</strong></span> 
     </span>
    </p>
   </div>
   <div class='ocr_carea' id='block_1_92' title="bbox 294 4713 1941 4791">
    <p class='ocr_par' dir='ltr' id='par_1_92' title="bbox 294 4717 1896 4791">
     <span class='ocr_line' id='line_1_93' title="bbox 294 4717 1896 4791; baseline 0.001 -20"><span class='ocrx_word' id='word_1_616' title='bbox 294 4724 387 4772; x_wconf 85' lang='grc' dir='ltr'>καὶ</span> <span class='ocrx_word' id='word_1_617' title='bbox 442 4720 672 4779; x_wconf 66' lang='grc' dir='ltr'>ζήτησον</span> <span class='ocrx_word' id='word_1_618' title='bbox 721 4717 768 4770; x_wconf 76' lang='grc' dir='ltr'>ἐν</span> <span class='ocrx_word' id='word_1_619' title='bbox 817 4727 878 4791; x_wconf 74' lang='grc' dir='ltr'>τῇ</span> <span class='ocrx_word' id='word_1_620' title='bbox 930 4719 1175 4789; x_wconf 79' lang='grc' dir='ltr'>ἐξηγήσει</span> <span class='ocrx_word' id='word_1_621' title='bbox 1233 4719 1392 4771; x_wconf 64' lang='grc' dir='ltr'>αὐτοῦ</span> <span class='ocrx_word' id='word_1_622' title='bbox 1451 4724 1543 4777; x_wconf 77' lang='grc' dir='ltr'>τὴν</span> <span class='ocrx_word' id='word_1_623' title='bbox 1589 4719 1780 4788; x_wconf 85' lang='grc' dir='ltr'>αἰτίαν,</span> <span class='ocrx_word' id='word_1_624' title='bbox 1824 4717 1896 4772; x_wconf 75' lang='grc' dir='ltr'><strong>δι’</strong></span> 
     </span>
    </p>
   </div>
   <div class='ocr_carea' id='block_1_93' title="bbox 2014 4713 3661 4791">
    <p class='ocr_par' dir='ltr' id='par_1_93' title="bbox 2014 4713 3661 4788">
     <span class='ocr_line' id='line_1_94' title="bbox 2014 4713 3661 4788; baseline -0.006 -10"><span class='ocrx_word' id='word_1_625' title='bbox 2014 4723 2214 4788; x_wconf 60' lang='lat' dir='ltr'><strong>Quaere</strong></span> <span class='ocrx_word' id='word_1_626' title='bbox 2238 4720 2298 4776; x_wconf 91' lang='lat' dir='ltr'><strong>in</strong></span> <span class='ocrx_word' id='word_1_627' title='bbox 2321 4718 2476 4775; x_wconf 87' lang='lat' dir='ltr'><strong>illius</strong></span> <span class='ocrx_word' id='word_1_628' title='bbox 2507 4715 2896 4788; x_wconf 84' lang='lat' dir='ltr'><strong>expositione,</strong></span> <span class='ocrx_word' id='word_1_629' title='bbox 2938 4729 3044 4769; x_wconf 92' lang='lat' dir='ltr'><strong>cur</strong></span> <span class='ocrx_word' id='word_1_630' title='bbox 3074 4719 3268 4770; x_wconf 85' lang='lat' dir='ltr'><strong>tacere</strong></span> <span class='ocrx_word' id='word_1_631' title='bbox 3300 4713 3661 4786; x_wconf 72' lang='lat' dir='ltr'><strong>praeceperit,</strong></span> 
     </span>
    </p>
   </div>
   <div class='ocr_carea' id='block_1_94' title="bbox 298 4802 1945 4883">
    <p class='ocr_par' dir='ltr' id='par_1_94' title="bbox 298 4806 1897 4880">
     <span class='ocr_line' id='line_1_95' title="bbox 298 4806 1897 4880; baseline 0.001 -22"><span class='ocrx_word' id='word_1_632' title='bbox 298 4812 362 4867; x_wconf 76' lang='grc' dir='ltr'>ἦν</span> <span class='ocrx_word' id='word_1_633' title='bbox 404 4813 558 4879; x_wconf 76' lang='grc' dir='ltr'>σιγᾷν</span> <span class='ocrx_word' id='word_1_634' title='bbox 611 4806 890 4874; x_wconf 75' lang='grc' dir='ltr'>ἐπιτάττει,</span> <span class='ocrx_word' id='word_1_635' title='bbox 949 4811 1038 4858; x_wconf 87' lang='grc' dir='ltr'>καὶ</span> <span class='ocrx_word' id='word_1_636' title='bbox 1099 4815 1210 4868; x_wconf 89' lang='grc' dir='ltr'><strong>πῶς</strong></span> <span class='ocrx_word' id='word_1_637' title='bbox 1282 4807 1410 4868; x_wconf 85' lang='grc' dir='ltr'>ὅλως</span> <span class='ocrx_word' id='word_1_638' title='bbox 1488 4806 1764 4879; x_wconf 85' lang='grc' dir='ltr'>ἐπιτάττει,</span> <span class='ocrx_word' id='word_1_639' title='bbox 1820 4829 1897 4880; x_wconf 88' lang='grc' dir='ltr'>γι-</span> 
     </span>
    </p>
   </div>
   <div class='ocr_carea' id='block_1_95' title="bbox 2016 4802 3663 4883">
    <p class='ocr_par' dir='ltr' id='par_1_95' title="bbox 2016 4802 3663 4883">
     <span class='ocr_line' id='line_1_96' title="bbox 2016 4802 3663 4883; baseline -0.005 -17"><span class='ocrx_word' id='word_1_640' title='bbox 2016 4810 2291 4883; x_wconf 71' lang='lat' dir='ltr'><strong>quodque</strong></span> <span class='ocrx_word' id='word_1_641' title='bbox 2343 4807 2590 4864; x_wconf 88' lang='lat' dir='ltr'><strong>omnino</strong></span> <span class='ocrx_word' id='word_1_642' title='bbox 2620 4803 2945 4875; x_wconf 73' lang='lat' dir='ltr'><strong>praecipiat,</strong></span> <span class='ocrx_word' id='word_1_643' title='bbox 2979 4802 3170 4858; x_wconf 91' lang='lat' dir='ltr'><strong>sciens</strong></span> <span class='ocrx_word' id='word_1_644' title='bbox 3222 4802 3355 4858; x_wconf 92' lang='lat' dir='ltr'><strong>illos</strong></span> <span class='ocrx_word' id='word_1_645' title='bbox 3383 4818 3502 4858; x_wconf 93' lang='lat' dir='ltr'><strong>non</strong></span> <span class='ocrx_word' id='word_1_646' title='bbox 3535 4818 3663 4858; x_wconf 89' lang='lat' dir='ltr'><strong>esse</strong></span> 
     </span>
    </p>
   </div>
   <div class='ocr_carea' id='block_1_96' title="bbox 297 4889 1944 4966">
    <p class='ocr_par' dir='ltr' id='par_1_96' title="bbox 297 4895 1897 4966">
     <span class='ocr_line' id='line_1_97' title="bbox 297 4895 1897 4966; baseline 0.002 -19"><span class='ocrx_word' id='word_1_647' title='bbox 297 4902 532 4960; x_wconf 80' lang='grc' dir='ltr'>νῶσκων,</span> <span class='ocrx_word' id='word_1_648' title='bbox 582 4897 659 4947; x_wconf 87' lang='grc' dir='ltr'>ὄτι</span> <span class='ocrx_word' id='word_1_649' title='bbox 725 4896 782 4948; x_wconf 79' lang='grc' dir='ltr'><strong>οὐ</strong></span> <span class='ocrx_word' id='word_1_650' title='bbox 836 4900 1067 4966; x_wconf 85' lang='grc' dir='ltr'>σιγήσει,</span> <span class='ocrx_word' id='word_1_651' title='bbox 1112 4899 1198 4947; x_wconf 83' lang='grc' dir='ltr'>καὶ</span> <span class='ocrx_word' id='word_1_652' title='bbox 1247 4899 1340 4953; x_wconf 87' lang='grc' dir='ltr'>τὴν</span> <span class='ocrx_word' id='word_1_653' title='bbox 1383 4895 1531 4948; x_wconf 82' lang='grc' dir='ltr'>λύσιν</span> <span class='ocrx_word' id='word_1_654' title='bbox 1572 4895 1764 4955; x_wconf 76' lang='grc' dir='ltr'>ἐκείνην</span> <span class='ocrx_word' id='word_1_655' title='bbox 1814 4895 1897 4949; x_wconf 83' lang='grc' dir='ltr'><strong>ἐπὶ</strong></span> 
     </span>
    </p>
   </div>
   <div class='ocr_carea' id='block_1_97' title="bbox 2014 4889 3661 4966">
    <p class='ocr_par' dir='ltr' id='par_1_97' title="bbox 2014 4889 3661 4966">
     <span class='ocr_line' id='line_1_98' title="bbox 2014 4889 3661 4966; baseline -0.005 -12"><span class='ocrx_word' id='word_1_656' title='bbox 2014 4898 2310 4960; x_wconf 85' lang='lat' dir='ltr'><strong>tacituros,</strong></span> <span class='ocrx_word' id='word_1_657' title='bbox 2327 4895 2610 4966; x_wconf 89' lang='lat' dir='ltr'><strong>illamque</strong></span> <span class='ocrx_word' id='word_1_658' title='bbox 2635 4891 2993 4948; x_wconf 90' lang='lat' dir='ltr'><strong>solutionem</strong></span> <span class='ocrx_word' id='word_1_659' title='bbox 3013 4905 3120 4962; x_wconf 91' lang='lat' dir='ltr'><strong>pro</strong></span> <span class='ocrx_word' id='word_1_660' title='bbox 3146 4890 3427 4947; x_wconf 91' lang='lat' dir='ltr'><strong>omnibus</strong></span> <span class='ocrx_word' id='word_1_661' title='bbox 3443 4889 3661 4946; x_wconf 89' lang='lat' dir='ltr'><strong>habeto</strong></span> 
     </span>
    </p>
   </div>
   <div class='ocr_carea' id='block_1_98' title="bbox 300 4985 1947 5056">
    <p class='ocr_par' dir='ltr' id='par_1_98' title="bbox 300 4986 978 5056">
     <span class='ocr_line' id='line_1_99' title="bbox 300 4986 978 5056; baseline -0.001 -19"><span class='ocrx_word' id='word_1_662' title='bbox 300 4986 506 5037; x_wconf 86' lang='grc' dir='ltr'>πάντων</span> <span class='ocrx_word' id='word_1_663' title='bbox 535 4986 627 5056; x_wconf 83' lang='grc' dir='ltr'>ἔχε</span> <span class='ocrx_word' id='word_1_664' title='bbox 646 4991 742 5036; x_wconf 87' lang='grc' dir='ltr'><strong>τῶν</strong></span> <span class='ocrx_word' id='word_1_665' title='bbox 769 4986 978 5056; x_wconf 87' lang='grc' dir='ltr'>ὁμοίων.</span> 
     </span>
    </p>
   </div>
   <div class='ocr_carea' id='block_1_99' title="bbox 677 4985 2324 5056">
    <p class='ocr_par' dir='ltr' id='par_1_99' title="bbox 677 4985 2324 5056">
     <span class='ocr_line' id='line_1_100' title="bbox 677 4985 2324 5056; baseline 0.002 -21"><span class='ocrx_word' id='word_1_666' title='bbox 677 4991 742 5036; x_wconf 84' lang='grc' dir='ltr'><strong>ῶν</strong></span> <span class='ocrx_word' id='word_1_667' title='bbox 769 4986 978 5056; x_wconf 86' lang='grc' dir='ltr'>ὁμοίων.</span> <span class='ocrx_word' id='word_1_668' title='bbox 2009 4985 2324 5042; x_wconf 87' lang='lat' dir='ltr'><strong>similibus.</strong></span> 
     </span>
    </p>
   </div>
   <div class='ocr_carea' id='block_1_100' title="bbox 470 5067 2117 5145">
    <p class='ocr_par' dir='ltr' id='par_1_100' title="bbox 470 5069 1752 5145">
     <span class='ocr_line' id='line_1_101' title="bbox 470 5069 1752 5145; baseline 0.002 -19"><span class='ocrx_word' id='word_1_669' title='bbox 470 5079 615 5127; x_wconf 75' lang='grc' dir='ltr'><strong>ΚΕΦ.</strong></span> <span class='ocrx_word' id='word_1_670' title='bbox 666 5074 773 5129; x_wconf 80' lang='lat' dir='ltr'><strong>IH&#39;.</strong></span> <span class='ocrx_word' id='word_1_671' title='bbox 809 5077 934 5145; x_wconf 79' lang='grc' dir='ltr'>Περὶ</span> <span class='ocrx_word' id='word_1_672' title='bbox 964 5078 1056 5126; x_wconf 81' lang='grc' dir='ltr'>τοῦ</span> <span class='ocrx_word' id='word_1_673' title='bbox 1101 5069 1530 5145; x_wconf 79' lang='grc' dir='ltr'>δαιμονιζομένου</span> <span class='ocrx_word' id='word_1_674' title='bbox 1558 5081 1752 5145; x_wconf 80' lang='grc' dir='ltr'><strong>κωφοῦ.</strong></span> 
     </span>
    </p>
   </div>
   <div class='ocr_carea' id='block_1_101' title="bbox 1701 5067 3348 5145">
    <p class='ocr_par' dir='ltr' id='par_1_101' title="bbox 1701 5067 3348 5129">
     <span class='ocr_line' id='line_1_102' title="bbox 1701 5067 3348 5129; baseline 0 -3"><span class='ocrx_word' id='word_1_675' title='bbox 1701 5081 1752 5129; x_wconf 77' lang='grc' dir='ltr'><strong>ο.</strong></span> <span class='ocrx_word' id='word_1_676' title='bbox 2311 5071 2452 5129; x_wconf 81' lang='lat' dir='ltr'><strong>CAP</strong></span> <span class='ocrx_word' id='word_1_677' title='bbox 2482 5069 2658 5129; x_wconf 84' lang='lat' dir='ltr'><strong>XVIII.</strong></span> <span class='ocrx_word' id='word_1_678' title='bbox 2689 5069 2774 5126; x_wconf 89' lang='lat' dir='ltr'><strong>De</strong></span> <span class='ocrx_word' id='word_1_679' title='bbox 2801 5067 3148 5126; x_wconf 69' lang='lat' dir='ltr'><strong>daemoniaco</strong></span> <span class='ocrx_word' id='word_1_680' title='bbox 3173 5073 3348 5126; x_wconf 79' lang='lat' dir='ltr'><strong>muto.</strong></span> 
     </span>
    </p>
   </div>
   <div class='ocr_carea' id='block_1_102' title="bbox 375 5157 2022 5235">
    <p class='ocr_par' dir='ltr' id='par_1_102' title="bbox 375 5158 1895 5235">
     <span class='ocr_line' id='line_1_103' title="bbox 375 5158 1895 5235; baseline 0.001 -21"><span class='ocrx_word' id='word_1_681' title='bbox 375 5160 550 5214; x_wconf 74' lang='grc' dir='ltr'>Αὐτῶν</span> <span class='ocrx_word' id='word_1_682' title='bbox 614 5192 684 5202; x_wconf 89' lang='grc'><strong><em>-</em></strong></span> <span class='ocrx_word' id='word_1_683' title='bbox 763 5158 1215 5235; x_wconf 82' lang='grc' dir='ltr'>δαιμονιζόμενον.</span> <span class='ocrx_word' id='word_1_684' title='bbox 1280 5165 1458 5234; x_wconf 73' lang='grc' dir='ltr'><strong>κωφὸν</strong></span> <span class='ocrx_word' id='word_1_685' title='bbox 1511 5168 1599 5214; x_wconf 82' lang='grc' dir='ltr'>νῦν</span> <span class='ocrx_word' id='word_1_686' title='bbox 1649 5164 1780 5234; x_wconf 82' lang='grc' dir='ltr'>λέγει</span> <span class='ocrx_word' id='word_1_687' title='bbox 1837 5165 1895 5216; x_wconf 87' lang='grc' dir='ltr'>τὸ</span> 
     </span>
    </p>
   </div>
   <div class='ocr_carea' id='block_1_103' title="bbox 2015 5157 3662 5235">
    <p class='ocr_par' dir='ltr' id='par_1_103' title="bbox 2076 5157 3662 5230">
     <span class='ocr_line' id='line_1_104' title="bbox 2076 5157 3662 5230; baseline -0.006 -9"><span class='ocrx_word' id='word_1_688' title='bbox 2076 5161 2223 5221; x_wconf 88' lang='lat' dir='ltr'><strong>Vers</strong></span> <span class='ocrx_word' id='word_1_689' title='bbox 2262 5161 2348 5218; x_wconf 84' lang='lat'><strong>32.</strong></span> <span class='ocrx_word' id='word_1_690' title='bbox 2401 5161 2529 5219; x_wconf 71' lang='lat' dir='ltr'><strong>Illis</strong></span> <span class='ocrx_word' id='word_1_691' title='bbox 2567 5164 2764 5218; x_wconf 82' lang='lat' dir='ltr'><strong>autem</strong></span> <span class='ocrx_word' id='word_1_692' title='bbox 2799 5157 3246 5216; x_wconf 77' lang='lat' dir='ltr'><strong>damoniacum.</strong></span> <span class='ocrx_word' id='word_1_693' title='bbox 3302 5157 3662 5230; x_wconf 86' lang='lat' dir='ltr'><strong>Quanquam</strong></span> 
     </span>
    </p>
   </div>
   <div class='ocr_carea' id='block_1_104' title="bbox 374 5337 903 5408">
    <p class='ocr_par' dir='ltr' id='par_1_104' title="bbox 374 5337 903 5408">
     <span class='ocr_line' id='line_1_105' title="bbox 374 5337 903 5408; baseline -0.013 -8"><span class='ocrx_word' id='word_1_694' title='bbox 374 5340 423 5376; x_wconf 77' lang='lat'><strong><em>&quot;</em></strong></span> <span class='ocrx_word' id='word_1_695' title='bbox 468 5338 665 5398; x_wconf 68' lang='lat' dir='ltr'><strong>Matth.</strong></span> <span class='ocrx_word' id='word_1_696' title='bbox 701 5352 822 5408; x_wconf 79' lang='lat' dir='ltr'><strong>Vlll,</strong></span> <span class='ocrx_word' id='word_1_697' title='bbox 849 5337 903 5393; x_wconf 85' lang='grc'><strong>4.</strong></span> 
     </span>
    </p>
   </div>
   <div class='ocr_carea' id='block_1_105' title="bbox 1502 5461 2417 5531">
    <p class='ocr_par' dir='ltr' id='par_1_105' title="bbox 1502 5461 2417 5531">
     <span class='ocr_line' id='line_1_106' title="bbox 1502 5461 2417 5531; baseline -0.005 0"><span class='ocrx_word' id='word_1_698' title='bbox 1502 5461 1726 5531; x_wconf 72' lang='lat' dir='ltr'><strong>Varias</strong></span> <span class='ocrx_word' id='word_1_699' title='bbox 1757 5461 2084 5531; x_wconf 89' lang='lat' dir='ltr'><strong>lectiones</strong></span> <span class='ocrx_word' id='word_1_700' title='bbox 2125 5469 2191 5528; x_wconf 88' lang='lat' dir='ltr'><strong>et</strong></span> <span class='ocrx_word' id='word_1_701' title='bbox 2215 5469 2417 5528; x_wconf 66' lang='lat' dir='ltr'><strong>notas.</strong></span> 
     </span>
    </p>
   </div>
   <div class='ocr_carea' id='block_1_106' title="bbox 374 5629 837 5705">
    <p class='ocr_par' dir='ltr' id='par_1_106' title="bbox 374 5629 837 5705">
     <span class='ocr_line' id='line_1_107' title="bbox 374 5629 837 5705; baseline -0.009 -19"><span class='ocrx_word' id='word_1_702' title='bbox 374 5629 489 5705; x_wconf 90' lang='lat'><strong>(98)</strong></span> <span class='ocrx_word' id='word_1_703' title='bbox 543 5635 736 5705; x_wconf 77' lang='grc' dir='ltr'>σαφῶς,</span> <span class='ocrx_word' id='word_1_704' title='bbox 767 5629 837 5684; x_wconf 83' lang='grc' dir='ltr'><strong>Α.</strong></span> 
     </span>
    </p>
   </div>
  </div>
