  <div class='ocr_page' id='page_1' title='image "/cluster/home/n/w/nwhite01/storage/ocr_20150623/129/hvd.32044019208511/175.png"; bbox 0 0 4170 6486; ppageno 0'>
   <div class='ocr_carea' id='block_1_1' title="bbox 525 407 632 461">
    <p class='ocr_par' dir='ltr' id='par_1_1' title="bbox 525 407 632 461">
     <span class='ocr_line' id='line_1_1' title="bbox 525 407 632 461; baseline 0 0"><span class='ocrx_word' id='word_1_1' title='bbox 525 407 632 461; x_wconf 86' lang='grc'>319</span> 
     </span>
    </p>
   </div>
   <div class='ocr_carea' id='block_1_2' title="bbox 1843 404 2574 462">
    <p class='ocr_par' dir='ltr' id='par_1_2' title="bbox 1843 404 2574 462">
     <span class='ocr_line' id='line_1_2' title="bbox 1843 404 2574 462; baseline 0 -1"><span class='ocrx_word' id='word_1_2' title='bbox 1843 404 2187 461; x_wconf 84' lang='lat' dir='ltr'>EUTHYMII</span> <span class='ocrx_word' id='word_1_3' title='bbox 2240 406 2574 462; x_wconf 84' lang='lat' dir='ltr'>ZIGABENI</span> 
     </span>
    </p>
   </div>
   <div class='ocr_carea' id='block_1_3' title="bbox 3781 409 3898 468">
    <p class='ocr_par' dir='ltr' id='par_1_3' title="bbox 3781 409 3898 468">
     <span class='ocr_line' id='line_1_3' title="bbox 3781 409 3898 468; baseline -0.034 0"><span class='ocrx_word' id='word_1_4' title='bbox 3781 409 3898 468; x_wconf 77' lang='lat'><strong>320</strong></span> 
     </span>
    </p>
   </div>
   <div class='ocr_carea' id='block_1_4' title="bbox 527 528 2188 610">
    <p class='ocr_par' dir='ltr' id='par_1_4' title="bbox 527 528 2179 603">
     <span class='ocr_line' id='line_1_4' title="bbox 527 528 2179 603; baseline 0.002 -21"><span class='ocrx_word' id='word_1_5' title='bbox 527 534 692 603; x_wconf 85' lang='grc' dir='ltr'>κωφὸς</span> <span class='ocrx_word' id='word_1_6' title='bbox 735 529 967 586; x_wconf 83' lang='lat' dir='ltr'>dicatur</span> <span class='ocrx_word' id='word_1_7' title='bbox 995 529 1211 600; x_wconf 86' lang='lat' dir='ltr'>saepius</span> <span class='ocrx_word' id='word_1_8' title='bbox 1244 528 1485 597; x_wconf 86' lang='lat' dir='ltr'>surdus,</span> <span class='ocrx_word' id='word_1_9' title='bbox 1517 543 1677 584; x_wconf 93' lang='lat' dir='ltr'>nunc</span> <span class='ocrx_word' id='word_1_10' title='bbox 1713 532 1912 587; x_wconf 89' lang='lat' dir='ltr'>tamen</span> <span class='ocrx_word' id='word_1_11' title='bbox 1944 531 2179 603; x_wconf 77' lang='lat' dir='ltr'>capitur</span> 
     </span>
    </p>
   </div>
   <div class='ocr_carea' id='block_1_5' title="bbox 2296 528 3895 610">
    <p class='ocr_par' dir='ltr' id='par_1_5' title="bbox 2296 531 3895 610">
     <span class='ocr_line' id='line_1_5' title="bbox 2296 531 3895 610; baseline 0.003 -27"><span class='ocrx_word' id='word_1_12' title='bbox 2296 531 2498 586; x_wconf 85' lang='grc' dir='ltr'>οἴλαλον.</span> <span class='ocrx_word' id='word_1_13' title='bbox 2566 537 2785 604; x_wconf 87' lang='grc' dir='ltr'>Λέγεται</span> <span class='ocrx_word' id='word_1_14' title='bbox 2814 536 2914 607; x_wconf 81' lang='grc' dir='ltr'>γὰρ</span> <span class='ocrx_word' id='word_1_15' title='bbox 2946 539 3130 608; x_wconf 80' lang='grc' dir='ltr'>κωφὸς,</span> <span class='ocrx_word' id='word_1_16' title='bbox 3182 537 3240 589; x_wconf 81' lang='grc' dir='ltr'>ού</span> <span class='ocrx_word' id='word_1_17' title='bbox 3279 542 3431 610; x_wconf 88' lang='grc' dir='ltr'>μόνον</span> <span class='ocrx_word' id='word_1_18' title='bbox 3473 539 3500 589; x_wconf 99' lang='lat'>6</span> <span class='ocrx_word' id='word_1_19' title='bbox 3548 538 3618 609; x_wconf 76' lang='grc' dir='ltr'>μὴ</span> <span class='ocrx_word' id='word_1_20' title='bbox 3665 535 3895 604; x_wconf 75' lang='grc' dir='ltr'>ἀκούων,</span> 
     </span>
    </p>
   </div>
   <div class='ocr_carea' id='block_1_6' title="bbox 525 617 2180 691">
    <p class='ocr_par' dir='ltr' id='par_1_6' title="bbox 525 617 2180 691">
     <span class='ocr_line' id='line_1_6' title="bbox 525 617 2180 691; baseline 0.001 -18"><span class='ocrx_word' id='word_1_21' title='bbox 525 634 636 690; x_wconf 84' lang='lat' dir='ltr'>pro</span> <span class='ocrx_word' id='word_1_22' title='bbox 663 624 849 682; x_wconf 89' lang='lat' dir='ltr'>muto,</span> <span class='ocrx_word' id='word_1_23' title='bbox 877 619 967 691; x_wconf 89' lang='lat' dir='ltr'>qui</span> <span class='ocrx_word' id='word_1_24' title='bbox 999 618 1114 674; x_wconf 85' lang='lat' dir='ltr'>fari</span> <span class='ocrx_word' id='word_1_25' title='bbox 1161 619 1387 690; x_wconf 87' lang='lat' dir='ltr'>nequit,</span> <span class='ocrx_word' id='word_1_26' title='bbox 1432 617 1586 673; x_wconf 80' lang='lat' dir='ltr'>sicut</span> <span class='ocrx_word' id='word_1_27' title='bbox 1609 618 1791 674; x_wconf 89' lang='lat' dir='ltr'>etiam</span> <span class='ocrx_word' id='word_1_28' title='bbox 1823 618 1964 674; x_wconf 86' lang='lat' dir='ltr'>alibi</span> <span class='ocrx_word' id='word_1_29' title='bbox 1991 635 2180 691; x_wconf 88' lang='lat' dir='ltr'>quan-</span> 
     </span>
    </p>
   </div>
   <div class='ocr_carea' id='block_1_7' title="bbox 526 707 745 779">
    <p class='ocr_par' dir='ltr' id='par_1_7' title="bbox 526 707 745 779">
     <span class='ocr_line' id='line_1_7' title="bbox 526 707 745 779; baseline 0 -17"><span class='ocrx_word' id='word_1_30' title='bbox 526 707 745 779; x_wconf 91' lang='lat' dir='ltr'>doque.</span> 
     </span>
    </p>
   </div>
   <div class='ocr_carea' id='block_1_8' title="bbox 594 796 2186 866">
    <p class='ocr_par' dir='ltr' id='par_1_8' title="bbox 594 796 2186 866">
     <span class='ocr_line' id='line_1_8' title="bbox 594 796 2186 866; baseline 0.001 -16"><span class='ocrx_word' id='word_1_31' title='bbox 594 797 752 852; x_wconf 90' lang='lat' dir='ltr'>Vers.</span> <span class='ocrx_word' id='word_1_32' title='bbox 783 796 870 852; x_wconf 88' lang='lat'>33.</span> <span class='ocrx_word' id='word_1_33' title='bbox 889 797 966 851; x_wconf 85' lang='lat' dir='ltr'>Et</span> <span class='ocrx_word' id='word_1_34' title='bbox 985 799 1167 866; x_wconf 80' lang='lat' dir='ltr'>ejecta</span> <span class='ocrx_word' id='word_1_35' title='bbox 1196 827 1264 835; x_wconf 93' lang='lat'><strong>—</strong></span> <span class='ocrx_word' id='word_1_36' title='bbox 1291 801 1509 864; x_wconf 84' lang='lat' dir='ltr'>mutus,</span> <span class='ocrx_word' id='word_1_37' title='bbox 1535 799 1658 851; x_wconf 85' lang='lat' dir='ltr'>Non</span> <span class='ocrx_word' id='word_1_38' title='bbox 1681 801 1806 852; x_wconf 90' lang='lat' dir='ltr'>erat</span> <span class='ocrx_word' id='word_1_39' title='bbox 1827 801 2043 852; x_wconf 89' lang='lat' dir='ltr'>natura</span> <span class='ocrx_word' id='word_1_40' title='bbox 2056 812 2186 852; x_wconf 87' lang='lat' dir='ltr'>mu-</span> 
     </span>
    </p>
   </div>
   <div class='ocr_carea' id='block_1_9' title="bbox 521 883 2183 955">
    <p class='ocr_par' dir='ltr' id='par_1_9' title="bbox 521 883 2183 955">
     <span class='ocr_line' id='line_1_9' title="bbox 521 883 2183 955; baseline -0.001 -14"><span class='ocrx_word' id='word_1_41' title='bbox 521 890 636 955; x_wconf 85' lang='lat' dir='ltr'>tus,</span> <span class='ocrx_word' id='word_1_42' title='bbox 656 885 760 940; x_wconf 90' lang='lat' dir='ltr'>sed</span> <span class='ocrx_word' id='word_1_43' title='bbox 777 885 1303 954; x_wconf 71' lang='lat' dir='ltr'>daemonlinguam</span> <span class='ocrx_word' id='word_1_44' title='bbox 1317 885 1441 954; x_wconf 86' lang='lat' dir='ltr'>ejus</span> <span class='ocrx_word' id='word_1_45' title='bbox 1461 883 1764 951; x_wconf 87' lang='lat' dir='ltr'>ligaverat,</span> <span class='ocrx_word' id='word_1_46' title='bbox 1785 890 1842 940; x_wconf 91' lang='lat' dir='ltr'>et</span> <span class='ocrx_word' id='word_1_47' title='bbox 1857 892 1991 941; x_wconf 84' lang='lat' dir='ltr'>ante</span> <span class='ocrx_word' id='word_1_48' title='bbox 2005 886 2183 940; x_wconf 69' lang='lat' dir='ltr'>hanc:</span> 
     </span>
    </p>
   </div>
   <div class='ocr_carea' id='block_1_10' title="bbox 524 971 2186 1044">
    <p class='ocr_par' dir='ltr' id='par_1_10' title="bbox 524 971 2186 1044">
     <span class='ocr_line' id='line_1_10' title="bbox 524 971 2186 1044; baseline 0 -16"><span class='ocrx_word' id='word_1_49' title='bbox 524 975 842 1029; x_wconf 88' lang='lat' dir='ltr'>animam:</span> <span class='ocrx_word' id='word_1_50' title='bbox 877 973 1126 1044; x_wconf 86' lang='lat' dir='ltr'>ideoque</span> <span class='ocrx_word' id='word_1_51' title='bbox 1157 973 1229 1027; x_wconf 89' lang='lat' dir='ltr'>ab</span> <span class='ocrx_word' id='word_1_52' title='bbox 1282 972 1411 1027; x_wconf 88' lang='lat' dir='ltr'>aliis</span> <span class='ocrx_word' id='word_1_53' title='bbox 1461 971 1792 1028; x_wconf 75' lang='lat' dir='ltr'>adducitur.</span> <span class='ocrx_word' id='word_1_54' title='bbox 1846 977 1961 1028; x_wconf 83' lang='lat' dir='ltr'>Nec</span> <span class='ocrx_word' id='word_1_55' title='bbox 2004 973 2186 1028; x_wconf 87' lang='lat' dir='ltr'>ﬁdem</span> 
     </span>
    </p>
   </div>
   <div class='ocr_carea' id='block_1_11' title="bbox 524 1060 2184 1132">
    <p class='ocr_par' dir='ltr' id='par_1_11' title="bbox 524 1060 2184 1132">
     <span class='ocr_line' id='line_1_11' title="bbox 524 1060 2184 1132; baseline 0.001 -18"><span class='ocrx_word' id='word_1_56' title='bbox 524 1061 747 1132; x_wconf 81' lang='lat' dir='ltr'>exigit;</span> <span class='ocrx_word' id='word_1_57' title='bbox 801 1061 1093 1131; x_wconf 87' lang='lat' dir='ltr'>siquidem</span> <span class='ocrx_word' id='word_1_58' title='bbox 1146 1076 1254 1115; x_wconf 90' lang='lat' dir='ltr'>nec</span> <span class='ocrx_word' id='word_1_59' title='bbox 1303 1060 1435 1124; x_wconf 84' lang='lat' dir='ltr'>fari,</span> <span class='ocrx_word' id='word_1_60' title='bbox 1497 1075 1606 1114; x_wconf 91' lang='lat' dir='ltr'>nec</span> <span class='ocrx_word' id='word_1_61' title='bbox 1655 1060 1978 1130; x_wconf 80' lang='lat' dir='ltr'>intelligere</span> <span class='ocrx_word' id='word_1_62' title='bbox 2027 1067 2184 1130; x_wconf 91' lang='lat' dir='ltr'>pote-</span> 
     </span>
    </p>
   </div>
   <div class='ocr_carea' id='block_1_12' title="bbox 527 1148 2187 1220">
    <p class='ocr_par' dir='ltr' id='par_1_12' title="bbox 527 1148 2187 1220">
     <span class='ocr_line' id='line_1_12' title="bbox 527 1148 2187 1220; baseline 0.001 -17"><span class='ocrx_word' id='word_1_63' title='bbox 527 1153 661 1207; x_wconf 85' lang='lat' dir='ltr'>rat:</span> <span class='ocrx_word' id='word_1_64' title='bbox 700 1149 864 1220; x_wconf 90' lang='lat' dir='ltr'>quod</span> <span class='ocrx_word' id='word_1_65' title='bbox 917 1163 1248 1218; x_wconf 82' lang='lat' dir='ltr'>agnoscens</span> <span class='ocrx_word' id='word_1_66' title='bbox 1312 1148 1598 1216; x_wconf 80' lang='lat' dir='ltr'>Salvator,</span> <span class='ocrx_word' id='word_1_67' title='bbox 1649 1148 1920 1220; x_wconf 84' lang='lat' dir='ltr'>protinus</span> <span class='ocrx_word' id='word_1_68' title='bbox 1968 1149 2187 1204; x_wconf 59' lang='lat' dir='ltr'>daemo-</span> 
     </span>
    </p>
   </div>
   <div class='ocr_carea' id='block_1_13' title="bbox 529 1236 2186 1310">
    <p class='ocr_par' dir='ltr' id='par_1_13' title="bbox 529 1236 2186 1310">
     <span class='ocr_line' id='line_1_13' title="bbox 529 1236 2186 1310; baseline 0.001 -20"><span class='ocrx_word' id='word_1_69' title='bbox 529 1252 666 1292; x_wconf 90' lang='lat' dir='ltr'>nem</span> <span class='ocrx_word' id='word_1_70' title='bbox 723 1236 913 1308; x_wconf 84' lang='lat' dir='ltr'>ejecit,</span> <span class='ocrx_word' id='word_1_71' title='bbox 962 1237 1088 1309; x_wconf 87' lang='lat' dir='ltr'>ipso</span> <span class='ocrx_word' id='word_1_72' title='bbox 1136 1237 1313 1292; x_wconf 89' lang='lat' dir='ltr'>etiam</span> <span class='ocrx_word' id='word_1_73' title='bbox 1370 1236 1708 1306; x_wconf 85' lang='lat' dir='ltr'>ignorante.</span> <span class='ocrx_word' id='word_1_74' title='bbox 1761 1237 2027 1310; x_wconf 85' lang='lat' dir='ltr'>Cumque</span> <span class='ocrx_word' id='word_1_75' title='bbox 2057 1237 2186 1292; x_wconf 86' lang='lat' dir='ltr'>vin-</span> 
     </span>
    </p>
   </div>
   <div class='ocr_carea' id='block_1_14' title="bbox 527 1324 2186 1398">
    <p class='ocr_par' dir='ltr' id='par_1_14' title="bbox 527 1324 2186 1398">
     <span class='ocr_line' id='line_1_14' title="bbox 527 1324 2186 1398; baseline 0 -19"><span class='ocrx_word' id='word_1_76' title='bbox 527 1324 675 1380; x_wconf 87' lang='lat' dir='ltr'>culis</span> <span class='ocrx_word' id='word_1_77' title='bbox 727 1325 1034 1382; x_wconf 87' lang='lat' dir='ltr'>absolutus</span> <span class='ocrx_word' id='word_1_78' title='bbox 1084 1332 1257 1391; x_wconf 89' lang='lat' dir='ltr'>esset,</span> <span class='ocrx_word' id='word_1_79' title='bbox 1317 1326 1602 1382; x_wconf 84' lang='lat' dir='ltr'>intellexit</span> <span class='ocrx_word' id='word_1_80' title='bbox 1654 1330 1710 1382; x_wconf 89' lang='lat' dir='ltr'>et</span> <span class='ocrx_word' id='word_1_81' title='bbox 1764 1326 1888 1398; x_wconf 70' lang='grc' dir='ltr'>(ιλιι)</span> <span class='ocrx_word' id='word_1_82' title='bbox 1949 1326 2186 1382; x_wconf 88' lang='lat' dir='ltr'>locutus</span> 
     </span>
    </p>
   </div>
   <div class='ocr_carea' id='block_1_15' title="bbox 529 1415 824 1471">
    <p class='ocr_par' dir='ltr' id='par_1_15' title="bbox 529 1415 824 1471">
     <span class='ocr_line' id='line_1_15' title="bbox 529 1415 824 1471; baseline 0.007 -2"><span class='ocrx_word' id='word_1_83' title='bbox 529 1419 612 1470; x_wconf 90' lang='lat' dir='ltr'>est</span> <span class='ocrx_word' id='word_1_84' title='bbox 639 1415 824 1471; x_wconf 92' lang='lat' dir='ltr'>homo</span> 
     </span>
    </p>
   </div>
   <div class='ocr_carea' id='block_1_16' title="bbox 599 1503 2185 1574">
    <p class='ocr_par' dir='ltr' id='par_1_16' title="bbox 599 1503 2185 1574">
     <span class='ocr_line' id='line_1_16' title="bbox 599 1503 2185 1574; baseline 0.001 -18"><span class='ocrx_word' id='word_1_85' title='bbox 599 1503 762 1558; x_wconf 89' lang='lat' dir='ltr'>Vers.</span> <span class='ocrx_word' id='word_1_86' title='bbox 795 1507 883 1560; x_wconf 89' lang='lat'>33.</span> <span class='ocrx_word' id='word_1_87' title='bbox 925 1504 1000 1559; x_wconf 84' lang='lat' dir='ltr'>Et</span> <span class='ocrx_word' id='word_1_88' title='bbox 1047 1534 1114 1544; x_wconf 97' lang='lat'><strong>—</strong></span> <span class='ocrx_word' id='word_1_89' title='bbox 1154 1503 1360 1560; x_wconf 78' lang='lat' dir='ltr'>Israel.</span> <span class='ocrx_word' id='word_1_90' title='bbox 1395 1503 1702 1574; x_wconf 77' lang='lat' dir='ltr'>Nunquam</span> <span class='ocrx_word' id='word_1_91' title='bbox 1746 1503 2029 1572; x_wconf 81' lang='lat' dir='ltr'>apparuit</span> <span class='ocrx_word' id='word_1_92' title='bbox 2081 1503 2185 1571; x_wconf 81' lang='lat' dir='ltr'>sic,</span> 
     </span>
    </p>
   </div>
   <div class='ocr_carea' id='block_1_17' title="bbox 527 1589 2185 1662">
    <p class='ocr_par' dir='ltr' id='par_1_17' title="bbox 527 1589 2185 1662">
     <span class='ocr_line' id='line_1_17' title="bbox 527 1589 2185 1662; baseline -0.001 -16"><span class='ocrx_word' id='word_1_93' title='bbox 527 1590 724 1657; x_wconf 76' lang='lat' dir='ltr'>idest,</span> <span class='ocrx_word' id='word_1_94' title='bbox 768 1594 1086 1662; x_wconf 86' lang='lat' dir='ltr'>Nunquam</span> <span class='ocrx_word' id='word_1_95' title='bbox 1114 1592 1245 1647; x_wconf 89' lang='lat' dir='ltr'>visa</span> <span class='ocrx_word' id='word_1_96' title='bbox 1276 1598 1417 1647; x_wconf 87' lang='lat' dir='ltr'>sunt</span> <span class='ocrx_word' id='word_1_97' title='bbox 1465 1590 1812 1662; x_wconf 87' lang='lat' dir='ltr'>hujusmodi</span> <span class='ocrx_word' id='word_1_98' title='bbox 1867 1589 2185 1646; x_wconf 84' lang='lat' dir='ltr'>mirabilia.</span> 
     </span>
    </p>
   </div>
   <div class='ocr_carea' id='block_1_18' title="bbox 530 1678 2182 1752">
    <p class='ocr_par' dir='ltr' id='par_1_18' title="bbox 530 1678 2182 1752">
     <span class='ocr_line' id='line_1_18' title="bbox 530 1678 2182 1752; baseline -0.001 -18"><span class='ocrx_word' id='word_1_99' title='bbox 530 1678 823 1735; x_wconf 90' lang='lat' dir='ltr'>Omnibus</span> <span class='ocrx_word' id='word_1_100' title='bbox 855 1685 1058 1736; x_wconf 91' lang='lat' dir='ltr'>autem</span> <span class='ocrx_word' id='word_1_101' title='bbox 1084 1681 1184 1752; x_wconf 90' lang='lat' dir='ltr'>qui</span> <span class='ocrx_word' id='word_1_102' title='bbox 1224 1681 1300 1736; x_wconf 90' lang='lat' dir='ltr'>ab</span> <span class='ocrx_word' id='word_1_103' title='bbox 1333 1679 1580 1735; x_wconf 86' lang='lat' dir='ltr'>exordio</span> <span class='ocrx_word' id='word_1_104' title='bbox 1619 1679 1915 1735; x_wconf 81' lang='lat' dir='ltr'>mirabilia</span> <span class='ocrx_word' id='word_1_105' title='bbox 1954 1678 2182 1750; x_wconf 87' lang='lat' dir='ltr'>operati</span> 
     </span>
    </p>
   </div>
   <div class='ocr_carea' id='block_1_19' title="bbox 529 1767 2190 1840">
    <p class='ocr_par' dir='ltr' id='par_1_19' title="bbox 529 1767 2190 1840">
     <span class='ocr_line' id='line_1_19' title="bbox 529 1767 2190 1840; baseline -0.001 -18"><span class='ocrx_word' id='word_1_106' title='bbox 529 1774 664 1822; x_wconf 90' lang='lat' dir='ltr'>sunt</span> <span class='ocrx_word' id='word_1_107' title='bbox 690 1767 1099 1824; x_wconf 87' lang='lat' dir='ltr'>sublimiorem</span> <span class='ocrx_word' id='word_1_108' title='bbox 1131 1768 1577 1840; x_wconf 83' lang='lat' dir='ltr'>praedicabant;</span> <span class='ocrx_word' id='word_1_109' title='bbox 1609 1769 1750 1838; x_wconf 88' lang='lat' dir='ltr'>quia</span> <span class='ocrx_word' id='word_1_110' title='bbox 1781 1781 2017 1824; x_wconf 90' lang='lat' dir='ltr'>omnem</span> <span class='ocrx_word' id='word_1_111' title='bbox 2042 1783 2190 1821; x_wconf 80' lang='lat' dir='ltr'>mor.</span> 
     </span>
    </p>
   </div>
   <div class='ocr_carea' id='block_1_20' title="bbox 532 1855 2267 1929">
    <p class='ocr_par' dir='ltr' id='par_1_20' title="bbox 532 1855 2267 1929">
     <span class='ocr_line' id='line_1_20' title="bbox 532 1855 2267 1929; baseline 0.002 -19"><span class='ocrx_word' id='word_1_112' title='bbox 532 1856 678 1911; x_wconf 91' lang='lat' dir='ltr'>bum</span> <span class='ocrx_word' id='word_1_113' title='bbox 697 1856 960 1921; x_wconf 85' lang='lat' dir='ltr'>curabat,</span> <span class='ocrx_word' id='word_1_114' title='bbox 975 1867 1032 1912; x_wconf 91' lang='lat' dir='ltr'>et</span> <span class='ocrx_word' id='word_1_115' title='bbox 1049 1857 1416 1913; x_wconf 87' lang='lat' dir='ltr'>velocissime</span> <span class='ocrx_word' id='word_1_116' title='bbox 1435 1855 1798 1929; x_wconf 88' lang='lat' dir='ltr'>propriaque</span> <span class='ocrx_word' id='word_1_117' title='bbox 1813 1856 2160 1912; x_wconf 87' lang='lat' dir='ltr'>auctoritate</span> <span class='ocrx_word' id='word_1_118' title='bbox 2173 1887 2188 1913; x_wconf 75' lang='grc' dir='ltr'>ε</span> <span class='ocrx_word' id='word_1_119' title='bbox 2221 1873 2267 1928; x_wconf 82' lang='grc' dir='ltr'>Β</span> 
     </span>
    </p>
   </div>
   <div class='ocr_carea' id='block_1_21' title="bbox 529 1944 2184 2017">
    <p class='ocr_par' dir='ltr' id='par_1_21' title="bbox 529 1944 2184 2017">
     <span class='ocr_line' id='line_1_21' title="bbox 529 1944 2184 2017; baseline 0.001 -18"><span class='ocrx_word' id='word_1_120' title='bbox 529 1944 828 2000; x_wconf 87' lang='lat' dir='ltr'>interdum</span> <span class='ocrx_word' id='word_1_121' title='bbox 885 1946 1131 2017; x_wconf 89' lang='lat' dir='ltr'>quidem</span> <span class='ocrx_word' id='word_1_122' title='bbox 1200 1946 1401 2011; x_wconf 89' lang='lat' dir='ltr'>verbo,</span> <span class='ocrx_word' id='word_1_123' title='bbox 1476 1960 1915 2016; x_wconf 89' lang='lat' dir='ltr'>nonnunquam</span> <span class='ocrx_word' id='word_1_124' title='bbox 2001 1950 2184 2009; x_wconf 90' lang='lat' dir='ltr'>tactu,</span> 
     </span>
    </p>
   </div>
   <div class='ocr_carea' id='block_1_22' title="bbox 529 2033 2184 2106">
    <p class='ocr_par' dir='ltr' id='par_1_22' title="bbox 529 2033 2184 2106">
     <span class='ocr_line' id='line_1_22' title="bbox 529 2033 2184 2106; baseline 0.001 -19"><span class='ocrx_word' id='word_1_125' title='bbox 529 2035 894 2106; x_wconf 88' lang='lat' dir='ltr'>quandoque</span> <span class='ocrx_word' id='word_1_126' title='bbox 916 2051 1049 2090; x_wconf 88' lang='lat' dir='ltr'>vero</span> <span class='ocrx_word' id='word_1_127' title='bbox 1069 2039 1225 2090; x_wconf 91' lang='lat' dir='ltr'>tactu</span> <span class='ocrx_word' id='word_1_128' title='bbox 1255 2041 1311 2089; x_wconf 94' lang='lat' dir='ltr'>et</span> <span class='ocrx_word' id='word_1_129' title='bbox 1332 2034 1515 2089; x_wconf 92' lang='lat' dir='ltr'>verbo</span> <span class='ocrx_word' id='word_1_130' title='bbox 1541 2051 1554 2098; x_wconf 90' lang='lat'>;</span> <span class='ocrx_word' id='word_1_131' title='bbox 1585 2038 1727 2088; x_wconf 87' lang='lat' dir='ltr'>etut</span> <span class='ocrx_word' id='word_1_132' title='bbox 1752 2033 1936 2089; x_wconf 90' lang='lat' dir='ltr'>semel</span> <span class='ocrx_word' id='word_1_133' title='bbox 1963 2033 2184 2098; x_wconf 89' lang='lat' dir='ltr'>dicam,</span> 
     </span>
    </p>
   </div>
   <div class='ocr_carea' id='block_1_23' title="bbox 528 2121 2184 2194">
    <p class='ocr_par' dir='ltr' id='par_1_23' title="bbox 528 2121 2184 2194">
     <span class='ocr_line' id='line_1_23' title="bbox 528 2121 2184 2194; baseline 0.001 -20"><span class='ocrx_word' id='word_1_134' title='bbox 528 2121 680 2176; x_wconf 90' lang='lat' dir='ltr'>sicut</span> <span class='ocrx_word' id='word_1_135' title='bbox 707 2121 965 2190; x_wconf 89' lang='lat' dir='ltr'>volebat,</span> <span class='ocrx_word' id='word_1_136' title='bbox 997 2123 1057 2177; x_wconf 90' lang='lat' dir='ltr'>in</span> <span class='ocrx_word' id='word_1_137' title='bbox 1091 2122 1370 2178; x_wconf 90' lang='lat' dir='ltr'>omnibus</span> <span class='ocrx_word' id='word_1_138' title='bbox 1392 2138 1567 2178; x_wconf 90' lang='lat' dir='ltr'>suam</span> <span class='ocrx_word' id='word_1_139' title='bbox 1599 2122 1873 2194; x_wconf 83' lang='lat' dir='ltr'>pandens</span> <span class='ocrx_word' id='word_1_140' title='bbox 1903 2121 2184 2194; x_wconf 83' lang='lat' dir='ltr'>omnipo-</span> 
     </span>
    </p>
   </div>
   <div class='ocr_carea' id='block_1_24' title="bbox 533 2209 797 2265">
    <p class='ocr_par' dir='ltr' id='par_1_24' title="bbox 533 2209 797 2265">
     <span class='ocr_line' id='line_1_24' title="bbox 533 2209 797 2265; baseline 0 -1"><span class='ocrx_word' id='word_1_141' title='bbox 533 2209 797 2265; x_wconf 89' lang='lat' dir='ltr'>tentiam.</span> 
     </span>
    </p>
   </div>
   <div class='ocr_carea' id='block_1_25' title="bbox 605 2297 2186 2357">
    <p class='ocr_par' dir='ltr' id='par_1_25' title="bbox 605 2297 2186 2357">
     <span class='ocr_line' id='line_1_25' title="bbox 605 2297 2186 2357; baseline 0.002 -5"><span class='ocrx_word' id='word_1_142' title='bbox 605 2297 766 2353; x_wconf 90' lang='lat' dir='ltr'>Vers.</span> <span class='ocrx_word' id='word_1_143' title='bbox 809 2299 896 2354; x_wconf 77' lang='grc'>34.</span> <span class='ocrx_word' id='word_1_144' title='bbox 941 2299 1239 2357; x_wconf 71' lang='lat' dir='ltr'>Pharisaei</span> <span class='ocrx_word' id='word_1_145' title='bbox 1275 2304 1468 2357; x_wconf 84' lang='lat' dir='ltr'>autem</span> <span class='ocrx_word' id='word_1_146' title='bbox 1522 2330 1592 2340; x_wconf 93' lang='lat'>—</span> <span class='ocrx_word' id='word_1_147' title='bbox 1622 2300 1936 2356; x_wconf 66' lang='lat' dir='ltr'>daemonia.</span> <span class='ocrx_word' id='word_1_148' title='bbox 1975 2298 2186 2356; x_wconf 62' lang='lat' dir='ltr'>Turba</span> 
     </span>
    </p>
   </div>
   <div class='ocr_carea' id='block_1_26' title="bbox 531 2385 2189 2457">
    <p class='ocr_par' dir='ltr' id='par_1_26' title="bbox 531 2385 2189 2457">
     <span class='ocr_line' id='line_1_26' title="bbox 531 2385 2189 2457; baseline 0.001 -16"><span class='ocrx_word' id='word_1_149' title='bbox 531 2385 775 2457; x_wconf 91' lang='lat' dir='ltr'>quidem</span> <span class='ocrx_word' id='word_1_150' title='bbox 791 2388 1276 2456; x_wconf 85' lang='lat' dir='ltr'>admirabantur;</span> <span class='ocrx_word' id='word_1_151' title='bbox 1289 2389 1722 2445; x_wconf 67' lang='lat' dir='ltr'>Pharisazivero</span> <span class='ocrx_word' id='word_1_152' title='bbox 1734 2387 2189 2444; x_wconf 87' lang='lat' dir='ltr'>calumniaban-</span> 
     </span>
    </p>
   </div>
   <div class='ocr_carea' id='block_1_27' title="bbox 531 2475 2185 2548">
    <p class='ocr_par' dir='ltr' id='par_1_27' title="bbox 531 2475 2185 2548">
     <span class='ocr_line' id='line_1_27' title="bbox 531 2475 2185 2548; baseline 0.002 -19"><span class='ocrx_word' id='word_1_153' title='bbox 531 2479 644 2540; x_wconf 91' lang='lat' dir='ltr'>tur,</span> <span class='ocrx_word' id='word_1_154' title='bbox 664 2475 924 2532; x_wconf 87' lang='lat' dir='ltr'>dicentes</span> <span class='ocrx_word' id='word_1_155' title='bbox 946 2477 1101 2548; x_wconf 91' lang='lat' dir='ltr'>quod</span> <span class='ocrx_word' id='word_1_156' title='bbox 1123 2494 1260 2533; x_wconf 92' lang='lat' dir='ltr'>cum</span> <span class='ocrx_word' id='word_1_157' title='bbox 1288 2478 1552 2533; x_wconf 90' lang='lat' dir='ltr'>amicum</span> <span class='ocrx_word' id='word_1_158' title='bbox 1580 2477 1827 2532; x_wconf 87' lang='lat' dir='ltr'>haberet</span> <span class='ocrx_word' id='word_1_159' title='bbox 1853 2477 2185 2548; x_wconf 90' lang='lat' dir='ltr'>principem</span> 
     </span>
    </p>
   </div>
   <div class='ocr_carea' id='block_1_28' title="bbox 530 2561 2189 2637">
    <p class='ocr_par' dir='ltr' id='par_1_28' title="bbox 530 2561 2189 2637">
     <span class='ocr_line' id='line_1_28' title="bbox 530 2561 2189 2637; baseline 0.002 -20"><span class='ocrx_word' id='word_1_160' title='bbox 530 2561 978 2632; x_wconf 69' lang='lat' dir='ltr'>daemoniorum,</span> <span class='ocrx_word' id='word_1_161' title='bbox 1020 2581 1124 2636; x_wconf 91' lang='lat' dir='ltr'>per</span> <span class='ocrx_word' id='word_1_162' title='bbox 1152 2565 1313 2620; x_wconf 92' lang='lat' dir='ltr'>hunc</span> <span class='ocrx_word' id='word_1_163' title='bbox 1342 2565 1644 2621; x_wconf 69' lang='lat' dir='ltr'>daemonia</span> <span class='ocrx_word' id='word_1_164' title='bbox 1683 2564 2038 2637; x_wconf 87' lang='lat' dir='ltr'>expellebat.</span> <span class='ocrx_word' id='word_1_165' title='bbox 2073 2566 2189 2620; x_wconf 88' lang='lat' dir='ltr'>Nec</span> 
     </span>
    </p>
   </div>
   <div class='ocr_carea' id='block_1_29' title="bbox 530 2651 2189 2726">
    <p class='ocr_par' dir='ltr' id='par_1_29' title="bbox 530 2651 2189 2726">
     <span class='ocr_line' id='line_1_29' title="bbox 530 2651 2189 2726; baseline 0.001 -20"><span class='ocrx_word' id='word_1_166' title='bbox 530 2651 890 2708; x_wconf 82' lang='lat' dir='ltr'>verebantur</span> <span class='ocrx_word' id='word_1_167' title='bbox 919 2655 1131 2723; x_wconf 82' lang='lat' dir='ltr'>nugari</span> <span class='ocrx_word' id='word_1_168' title='bbox 1155 2654 1215 2708; x_wconf 90' lang='lat' dir='ltr'>in</span> <span class='ocrx_word' id='word_1_169' title='bbox 1245 2653 1356 2717; x_wconf 90' lang='lat' dir='ltr'>his,</span> <span class='ocrx_word' id='word_1_170' title='bbox 1390 2669 1522 2726; x_wconf 66' lang='lat' dir='ltr'>qua:</span> <span class='ocrx_word' id='word_1_171' title='bbox 1569 2653 1736 2708; x_wconf 85' lang='lat' dir='ltr'>facile</span> <span class='ocrx_word' id='word_1_172' title='bbox 1765 2653 2041 2722; x_wconf 81' lang='lat' dir='ltr'>redargui</span> <span class='ocrx_word' id='word_1_173' title='bbox 2087 2669 2189 2724; x_wconf 92' lang='lat' dir='ltr'>po-</span> 
     </span>
    </p>
   </div>
   <div class='ocr_carea' id='block_1_30' title="bbox 532 2740 2189 2813">
    <p class='ocr_par' dir='ltr' id='par_1_30' title="bbox 532 2740 2189 2813">
     <span class='ocr_line' id='line_1_30' title="bbox 532 2740 2189 2813; baseline 0.001 -19"><span class='ocrx_word' id='word_1_174' title='bbox 532 2743 742 2795; x_wconf 88' lang='lat' dir='ltr'>terant.</span> <span class='ocrx_word' id='word_1_175' title='bbox 775 2744 924 2798; x_wconf 84' lang='lat' dir='ltr'>Nam</span> <span class='ocrx_word' id='word_1_176' title='bbox 975 2744 1078 2813; x_wconf 91' lang='lat' dir='ltr'>qui</span> <span class='ocrx_word' id='word_1_177' title='bbox 1135 2742 1577 2797; x_wconf 63' lang='lat' dir='ltr'>daemoniorum</span> <span class='ocrx_word' id='word_1_178' title='bbox 1630 2741 1957 2812; x_wconf 90' lang='lat' dir='ltr'>principem</span> <span class='ocrx_word' id='word_1_179' title='bbox 2009 2740 2189 2797; x_wconf 89' lang='lat' dir='ltr'>habet</span> 
     </span>
    </p>
   </div>
   <div class='ocr_carea' id='block_1_31' title="bbox 531 2828 2190 2902">
    <p class='ocr_par' dir='ltr' id='par_1_31' title="bbox 531 2828 2190 2902">
     <span class='ocr_line' id='line_1_31' title="bbox 531 2828 2190 2902; baseline 0 -18"><span class='ocrx_word' id='word_1_180' title='bbox 531 2829 814 2894; x_wconf 87' lang='lat' dir='ltr'>amicum,</span> <span class='ocrx_word' id='word_1_181' title='bbox 869 2847 1004 2902; x_wconf 73' lang='lat' dir='ltr'>quae</span> <span class='ocrx_word' id='word_1_182' title='bbox 1063 2831 1142 2886; x_wconf 89' lang='lat' dir='ltr'>illi</span> <span class='ocrx_word' id='word_1_183' title='bbox 1201 2837 1340 2886; x_wconf 87' lang='lat' dir='ltr'>sunt</span> <span class='ocrx_word' id='word_1_184' title='bbox 1401 2835 1571 2900; x_wconf 82' lang='lat' dir='ltr'>grata</span> <span class='ocrx_word' id='word_1_185' title='bbox 1626 2828 2190 2900; x_wconf 81' lang='lat' dir='ltr'>perﬁcitzdaemoni</span> 
     </span>
    </p>
   </div>
   <div class='ocr_carea' id='block_1_32' title="bbox 529 2917 2186 2992">
    <p class='ocr_par' dir='ltr' id='par_1_32' title="bbox 529 2917 2186 2992">
     <span class='ocr_line' id='line_1_32' title="bbox 529 2917 2186 2992; baseline 0 -20"><span class='ocrx_word' id='word_1_186' title='bbox 529 2921 726 2973; x_wconf 88' lang='lat' dir='ltr'>autem</span> <span class='ocrx_word' id='word_1_187' title='bbox 771 2924 1009 2988; x_wconf 85' lang='lat' dir='ltr'>gratum</span> <span class='ocrx_word' id='word_1_188' title='bbox 1059 2924 1168 2985; x_wconf 89' lang='lat' dir='ltr'>est,</span> <span class='ocrx_word' id='word_1_189' title='bbox 1197 2927 1260 2975; x_wconf 94' lang='lat' dir='ltr'>ut</span> <span class='ocrx_word' id='word_1_190' title='bbox 1289 2919 1416 2992; x_wconf 90' lang='lat' dir='ltr'>quis</span> <span class='ocrx_word' id='word_1_191' title='bbox 1477 2933 1713 2990; x_wconf 91' lang='lat' dir='ltr'>semper</span> <span class='ocrx_word' id='word_1_192' title='bbox 1763 2922 1976 2972; x_wconf 90' lang='lat' dir='ltr'>noceat</span> <span class='ocrx_word' id='word_1_193' title='bbox 2006 2917 2186 2972; x_wconf 87' lang='lat' dir='ltr'>homi-</span> 
     </span>
    </p>
   </div>
   <div class='ocr_carea' id='block_1_33' title="bbox 531 3005 2185 3078">
    <p class='ocr_par' dir='ltr' id='par_1_33' title="bbox 531 3005 2185 3078">
     <span class='ocr_line' id='line_1_33' title="bbox 531 3005 2185 3078; baseline -0.001 -19"><span class='ocrx_word' id='word_1_194' title='bbox 531 3005 728 3076; x_wconf 88' lang='lat' dir='ltr'>nibus,</span> <span class='ocrx_word' id='word_1_195' title='bbox 761 3006 977 3062; x_wconf 85' lang='lat' dir='ltr'>doceat</span> <span class='ocrx_word' id='word_1_196' title='bbox 1022 3023 1201 3063; x_wconf 89' lang='lat' dir='ltr'>omne</span> <span class='ocrx_word' id='word_1_197' title='bbox 1235 3012 1565 3078; x_wconf 86' lang='lat' dir='ltr'>peceatum,</span> <span class='ocrx_word' id='word_1_198' title='bbox 1621 3005 1930 3061; x_wconf 87' lang='lat' dir='ltr'>abstrahat</span> <span class='ocrx_word' id='word_1_199' title='bbox 1973 3019 2185 3060; x_wconf 84' lang='lat' dir='ltr'>omnes</span> 
     </span>
    </p>
   </div>
   <div class='ocr_carea' id='block_1_34' title="bbox 531 3094 2182 3166">
    <p class='ocr_par' dir='ltr' id='par_1_34' title="bbox 531 3094 2182 3166">
     <span class='ocr_line' id='line_1_34' title="bbox 531 3094 2182 3166; baseline -0.001 -17"><span class='ocrx_word' id='word_1_200' title='bbox 531 3109 568 3149; x_wconf 88' lang='lat' dir='ltr'>a</span> <span class='ocrx_word' id='word_1_201' title='bbox 615 3094 750 3150; x_wconf 91' lang='lat' dir='ltr'>Deo.</span> <span class='ocrx_word' id='word_1_202' title='bbox 785 3095 1050 3151; x_wconf 90' lang='lat' dir='ltr'>Christus</span> <span class='ocrx_word' id='word_1_203' title='bbox 1098 3111 1238 3152; x_wconf 88' lang='lat' dir='ltr'>vero</span> <span class='ocrx_word' id='word_1_204' title='bbox 1277 3095 1572 3152; x_wconf 90' lang='lat' dir='ltr'>contraria</span> <span class='ocrx_word' id='word_1_205' title='bbox 1612 3095 1704 3150; x_wconf 91' lang='lat' dir='ltr'>his</span> <span class='ocrx_word' id='word_1_206' title='bbox 1743 3097 2022 3166; x_wconf 90' lang='lat' dir='ltr'>operatus</span> <span class='ocrx_word' id='word_1_207' title='bbox 2076 3097 2182 3158; x_wconf 90' lang='lat' dir='ltr'>est,</span> 
     </span>
    </p>
   </div>
   <div class='ocr_carea' id='block_1_35' title="bbox 527 3181 2182 3255">
    <p class='ocr_par' dir='ltr' id='par_1_35' title="bbox 527 3181 2182 3255">
     <span class='ocr_line' id='line_1_35' title="bbox 527 3181 2182 3255; baseline 0 -18"><span class='ocrx_word' id='word_1_208' title='bbox 527 3181 824 3240; x_wconf 85' lang='lat' dir='ltr'>beneﬁcia</span> <span class='ocrx_word' id='word_1_209' title='bbox 881 3199 1118 3255; x_wconf 89' lang='lat' dir='ltr'>semper</span> <span class='ocrx_word' id='word_1_210' title='bbox 1174 3184 1486 3240; x_wconf 84' lang='lat' dir='ltr'>conferens</span> <span class='ocrx_word' id='word_1_211' title='bbox 1518 3183 1578 3239; x_wconf 92' lang='lat' dir='ltr'>in</span> <span class='ocrx_word' id='word_1_212' title='bbox 1608 3183 1905 3252; x_wconf 86' lang='lat' dir='ltr'>homines,</span> <span class='ocrx_word' id='word_1_213' title='bbox 1939 3196 2182 3237; x_wconf 90' lang='lat' dir='ltr'>omnem</span> 
     </span>
    </p>
   </div>
   <div class='ocr_carea' id='block_1_36' title="bbox 530 3270 2186 3344">
    <p class='ocr_par' dir='ltr' id='par_1_36' title="bbox 530 3270 2186 3344">
     <span class='ocr_line' id='line_1_36' title="bbox 530 3270 2186 3344; baseline 0 -18"><span class='ocrx_word' id='word_1_214' title='bbox 530 3271 753 3327; x_wconf 90' lang='lat' dir='ltr'>docens</span> <span class='ocrx_word' id='word_1_215' title='bbox 807 3273 1100 3344; x_wconf 87' lang='lat' dir='ltr'>virtutem,</span> <span class='ocrx_word' id='word_1_216' title='bbox 1134 3273 1207 3328; x_wconf 90' lang='lat' dir='ltr'>ad</span> <span class='ocrx_word' id='word_1_217' title='bbox 1251 3275 1437 3329; x_wconf 91' lang='lat' dir='ltr'>Deum</span> <span class='ocrx_word' id='word_1_218' title='bbox 1494 3287 1704 3328; x_wconf 88' lang='lat' dir='ltr'>omnes</span> <span class='ocrx_word' id='word_1_219' title='bbox 1747 3270 2084 3327; x_wconf 89' lang='lat' dir='ltr'>adducens.</span> <span class='ocrx_word' id='word_1_220' title='bbox 2122 3274 2186 3326; x_wconf 83' lang='lat' dir='ltr'>Et</span> 
     </span>
    </p>
   </div>
   <div class='ocr_carea' id='block_1_37' title="bbox 532 3359 2184 3433">
    <p class='ocr_par' dir='ltr' id='par_1_37' title="bbox 532 3359 2184 3433">
     <span class='ocr_line' id='line_1_37' title="bbox 532 3359 2184 3433; baseline -0.001 -18"><span class='ocrx_word' id='word_1_221' title='bbox 532 3365 732 3416; x_wconf 89' lang='lat' dir='ltr'>tamen</span> <span class='ocrx_word' id='word_1_222' title='bbox 785 3361 896 3419; x_wconf 92' lang='lat' dir='ltr'>hos</span> <span class='ocrx_word' id='word_1_223' title='bbox 947 3378 1062 3418; x_wconf 93' lang='lat' dir='ltr'>non</span> <span class='ocrx_word' id='word_1_224' title='bbox 1126 3361 1320 3418; x_wconf 90' lang='lat' dir='ltr'>solum</span> <span class='ocrx_word' id='word_1_225' title='bbox 1378 3377 1499 3418; x_wconf 90' lang='lat' dir='ltr'>non</span> <span class='ocrx_word' id='word_1_226' title='bbox 1549 3360 1802 3433; x_wconf 89' lang='lat' dir='ltr'>punivit,</span> <span class='ocrx_word' id='word_1_227' title='bbox 1853 3359 2184 3431; x_wconf 80' lang='lat' dir='ltr'>sedncque</span> 
     </span>
    </p>
   </div>
   <div class='ocr_carea' id='block_1_38' title="bbox 531 3447 2185 3522">
    <p class='ocr_par' dir='ltr' id='par_1_38' title="bbox 531 3447 2185 3522">
     <span class='ocr_line' id='line_1_38' title="bbox 531 3447 2185 3522; baseline -0.001 -18"><span class='ocrx_word' id='word_1_228' title='bbox 531 3451 725 3520; x_wconf 80' lang='lat' dir='ltr'>arguit</span> <span class='ocrx_word' id='word_1_229' title='bbox 773 3466 909 3507; x_wconf 91' lang='lat' dir='ltr'>eos:</span> <span class='ocrx_word' id='word_1_230' title='bbox 960 3451 1185 3506; x_wconf 89' lang='lat' dir='ltr'>docens</span> <span class='ocrx_word' id='word_1_231' title='bbox 1242 3466 1353 3507; x_wconf 88' lang='lat' dir='ltr'>nos</span> <span class='ocrx_word' id='word_1_232' title='bbox 1414 3465 1636 3522; x_wconf 87' lang='lat' dir='ltr'>magno</span> <span class='ocrx_word' id='word_1_233' title='bbox 1701 3449 1908 3506; x_wconf 90' lang='lat' dir='ltr'>animo</span> <span class='ocrx_word' id='word_1_234' title='bbox 1961 3447 2185 3504; x_wconf 90' lang='lat' dir='ltr'>calum-</span> 
     </span>
    </p>
   </div>
   <div class='ocr_carea' id='block_1_39' title="bbox 532 3536 2183 3611">
    <p class='ocr_par' dir='ltr' id='par_1_39' title="bbox 532 3536 2183 3611">
     <span class='ocr_line' id='line_1_39' title="bbox 532 3536 2183 3611; baseline -0.001 -19"><span class='ocrx_word' id='word_1_235' title='bbox 532 3538 661 3594; x_wconf 88' lang='lat' dir='ltr'>nias</span> <span class='ocrx_word' id='word_1_236' title='bbox 721 3538 1036 3604; x_wconf 87' lang='lat' dir='ltr'>sustinere,</span> <span class='ocrx_word' id='word_1_237' title='bbox 1073 3544 1128 3595; x_wconf 92' lang='lat' dir='ltr'>et</span> <span class='ocrx_word' id='word_1_238' title='bbox 1182 3541 1383 3611; x_wconf 89' lang='lat' dir='ltr'>potius</span> <span class='ocrx_word' id='word_1_239' title='bbox 1428 3538 1780 3595; x_wconf 80' lang='lat' dir='ltr'>benefacere</span> <span class='ocrx_word' id='word_1_240' title='bbox 1827 3536 2183 3594; x_wconf 85' lang='lat' dir='ltr'>nocentibus</span> 
     </span>
    </p>
   </div>
   <div class='ocr_carea' id='block_1_40' title="bbox 531 3624 2183 3698">
    <p class='ocr_par' dir='ltr' id='par_1_40' title="bbox 531 3624 2183 3698">
     <span class='ocr_line' id='line_1_40' title="bbox 531 3624 2183 3698; baseline -0.001 -17"><span class='ocrx_word' id='word_1_241' title='bbox 531 3643 602 3682; x_wconf 87' lang='lat' dir='ltr'>ac</span> <span class='ocrx_word' id='word_1_242' title='bbox 657 3628 939 3698; x_wconf 83' lang='lat' dir='ltr'>iniuriam</span> <span class='ocrx_word' id='word_1_243' title='bbox 993 3627 1405 3683; x_wconf 81' lang='lat' dir='ltr'>inferentibus.</span> <span class='ocrx_word' id='word_1_244' title='bbox 1463 3626 1603 3681; x_wconf 87' lang='lat' dir='ltr'>Vide</span> <span class='ocrx_word' id='word_1_245' title='bbox 1659 3627 1820 3681; x_wconf 89' lang='lat' dir='ltr'>enim</span> <span class='ocrx_word' id='word_1_246' title='bbox 1896 3624 2044 3697; x_wconf 92' lang='lat' dir='ltr'>quid</span> <span class='ocrx_word' id='word_1_247' title='bbox 2105 3625 2183 3679; x_wconf 77' lang='lat' dir='ltr'>fe-</span> 
     </span>
    </p>
   </div>
   <div class='ocr_carea' id='block_1_41' title="bbox 532 3714 693 3769">
    <p class='ocr_par' dir='ltr' id='par_1_41' title="bbox 532 3714 693 3769">
     <span class='ocr_line' id='line_1_41' title="bbox 532 3714 693 3769; baseline -0.006 -1"><span class='ocrx_word' id='word_1_248' title='bbox 532 3714 693 3769; x_wconf 92' lang='lat' dir='ltr'>cerit.</span> 
     </span>
    </p>
   </div>
   <div class='ocr_carea' id='block_1_42' title="bbox 604 3799 2187 3871">
    <p class='ocr_par' dir='ltr' id='par_1_42' title="bbox 604 3799 2187 3871">
     <span class='ocr_line' id='line_1_42' title="bbox 604 3799 2187 3871; baseline 0.001 -17"><span class='ocrx_word' id='word_1_249' title='bbox 604 3803 775 3858; x_wconf 88' lang='lat' dir='ltr'>Vers.</span> <span class='ocrx_word' id='word_1_250' title='bbox 823 3805 914 3857; x_wconf 87' lang='lat'>33.</span> <span class='ocrx_word' id='word_1_251' title='bbox 943 3802 1024 3856; x_wconf 83' lang='lat' dir='ltr'>Et</span> <span class='ocrx_word' id='word_1_252' title='bbox 1061 3831 1130 3842; x_wconf 89' lang='lat'><strong>-</strong></span> <span class='ocrx_word' id='word_1_253' title='bbox 1175 3801 1239 3856; x_wconf 79' lang='lat' dir='ltr'>in</span> <span class='ocrx_word' id='word_1_254' title='bbox 1285 3801 1502 3870; x_wconf 82' lang='lat' dir='ltr'>populo</span> <span class='ocrx_word' id='word_1_255' title='bbox 1551 3800 1688 3855; x_wconf 77' lang='lat' dir='ltr'>Haec</span> <span class='ocrx_word' id='word_1_256' title='bbox 1745 3799 1925 3855; x_wconf 89' lang='lat' dir='ltr'>etiam</span> <span class='ocrx_word' id='word_1_257' title='bbox 1973 3804 2187 3871; x_wconf 87' lang='lat' dir='ltr'>quarto</span> 
     </span>
    </p>
   </div>
   <div class='ocr_carea' id='block_1_43' title="bbox 534 3888 2188 3961">
    <p class='ocr_par' dir='ltr' id='par_1_43' title="bbox 534 3888 2188 3961">
     <span class='ocr_line' id='line_1_43' title="bbox 534 3888 2188 3961; baseline 0.002 -19"><span class='ocrx_word' id='word_1_258' title='bbox 534 3888 678 3944; x_wconf 84' lang='lat' dir='ltr'>dixit</span> <span class='ocrx_word' id='word_1_259' title='bbox 701 3889 966 3961; x_wconf 74' lang='lat' dir='ltr'>capite“,</span> <span class='ocrx_word' id='word_1_260' title='bbox 1000 3893 1056 3944; x_wconf 91' lang='lat' dir='ltr'>et</span> <span class='ocrx_word' id='word_1_261' title='bbox 1083 3888 1166 3944; x_wconf 93' lang='lat' dir='ltr'>ibi</span> <span class='ocrx_word' id='word_1_262' title='bbox 1195 3888 1498 3943; x_wconf 88' lang='lat' dir='ltr'>declarata</span> <span class='ocrx_word' id='word_1_263' title='bbox 1529 3891 1684 3942; x_wconf 91' lang='lat' dir='ltr'>sunt.</span> <span class='ocrx_word' id='word_1_264' title='bbox 1741 3888 1943 3953; x_wconf 67' lang='lat' dir='ltr'>Quaere</span> <span class='ocrx_word' id='word_1_265' title='bbox 1986 3892 2188 3945; x_wconf 92' lang='lat' dir='ltr'>autem</span> 
     </span>
    </p>
   </div>
   <div class='ocr_carea' id='block_1_44' title="bbox 533 3975 2192 4048">
    <p class='ocr_par' dir='ltr' id='par_1_44' title="bbox 533 3975 2192 4048">
     <span class='ocr_line' id='line_1_44' title="bbox 533 3975 2192 4048; baseline 0.002 -18"><span class='ocrx_word' id='word_1_266' title='bbox 533 3981 590 4031; x_wconf 90' lang='lat' dir='ltr'>et</span> <span class='ocrx_word' id='word_1_267' title='bbox 619 3977 784 4048; x_wconf 87' lang='lat' dir='ltr'>apud</span> <span class='ocrx_word' id='word_1_268' title='bbox 836 3979 1091 4032; x_wconf 83' lang='lat' dir='ltr'>Marcum</span> <span class='ocrx_word' id='word_1_269' title='bbox 1148 3977 1331 4031; x_wconf 88' lang='lat' dir='ltr'>ﬁnem</span> <span class='ocrx_word' id='word_1_270' title='bbox 1368 3975 1511 4031; x_wconf 89' lang='lat' dir='ltr'>tertii</span> <span class='ocrx_word' id='word_1_271' title='bbox 1544 3976 1752 4047; x_wconf 89' lang='lat' dir='ltr'>capitis</span> <span class='ocrx_word' id='word_1_272' title='bbox 1795 3975 1980 4047; x_wconf 86' lang='lat' dir='ltr'>ipsius</span> <span class='ocrx_word' id='word_1_273' title='bbox 2020 3978 2090 4043; x_wconf 76' lang='lat'>&#39;7,</span> <span class='ocrx_word' id='word_1_274' title='bbox 2135 3982 2192 4033; x_wconf 90' lang='lat' dir='ltr'>et</span> 
     </span>
    </p>
   </div>
   <div class='ocr_carea' id='block_1_45' title="bbox 533 4063 2189 4137">
    <p class='ocr_par' dir='ltr' id='par_1_45' title="bbox 533 4063 2189 4137">
     <span class='ocr_line' id='line_1_45' title="bbox 533 4063 2189 4137; baseline 0.001 -18"><span class='ocrx_word' id='word_1_275' title='bbox 533 4064 594 4119; x_wconf 91' lang='lat' dir='ltr'>in</span> <span class='ocrx_word' id='word_1_276' title='bbox 625 4065 756 4135; x_wconf 88' lang='lat' dir='ltr'>ejus</span> <span class='ocrx_word' id='word_1_277' title='bbox 796 4064 1008 4137; x_wconf 89' lang='lat' dir='ltr'>capitis</span> <span class='ocrx_word' id='word_1_278' title='bbox 1038 4065 1416 4122; x_wconf 89' lang='lat' dir='ltr'>enarratione</span> <span class='ocrx_word' id='word_1_279' title='bbox 1471 4066 1738 4120; x_wconf 89' lang='lat' dir='ltr'>invenies</span> <span class='ocrx_word' id='word_1_280' title='bbox 1794 4063 2189 4122; x_wconf 70' lang='lat' dir='ltr'>differentiam</span> 
     </span>
    </p>
   </div>
   <div class='ocr_carea' id='block_1_46' title="bbox 533 4153 2193 4211">
    <p class='ocr_par' dir='ltr' id='par_1_46' title="bbox 533 4153 2193 4211">
     <span class='ocr_line' id='line_1_46' title="bbox 533 4153 2193 4211; baseline -0.001 -1"><span class='ocrx_word' id='word_1_281' title='bbox 533 4153 782 4210; x_wconf 90' lang='lat' dir='ltr'>civitatis</span> <span class='ocrx_word' id='word_1_282' title='bbox 811 4170 848 4210; x_wconf 90' lang='lat' dir='ltr'>a</span> <span class='ocrx_word' id='word_1_283' title='bbox 872 4154 1022 4211; x_wconf 88' lang='lat' dir='ltr'>vico.</span> <span class='ocrx_word' id='word_1_284' title='bbox 1057 4154 1424 4210; x_wconf 86' lang='lat' dir='ltr'>Circumibat</span> <span class='ocrx_word' id='word_1_285' title='bbox 1465 4158 1666 4210; x_wconf 90' lang='lat' dir='ltr'>autem</span> <span class='ocrx_word' id='word_1_286' title='bbox 1694 4153 1954 4210; x_wconf 86' lang='lat' dir='ltr'>civitates</span> <span class='ocrx_word' id='word_1_287' title='bbox 1983 4170 2193 4210; x_wconf 89' lang='lat' dir='ltr'>omnes</span> 
     </span>
    </p>
   </div>
   <div class='ocr_carea' id='block_1_47' title="bbox 527 4243 2190 4317">
    <p class='ocr_par' dir='ltr' id='par_1_47' title="bbox 527 4243 2190 4317">
     <span class='ocr_line' id='line_1_47' title="bbox 527 4243 2190 4317; baseline 0 -17"><span class='ocrx_word' id='word_1_288' title='bbox 527 4247 588 4300; x_wconf 89' lang='lat' dir='ltr'>et</span> <span class='ocrx_word' id='word_1_289' title='bbox 614 4244 772 4301; x_wconf 88' lang='lat' dir='ltr'>vicos</span> <span class='ocrx_word' id='word_1_290' title='bbox 801 4243 1174 4313; x_wconf 64' lang='lat' dir='ltr'>Judaaorum,</span> <span class='ocrx_word' id='word_1_291' title='bbox 1207 4259 1281 4300; x_wconf 89' lang='lat' dir='ltr'>ne</span> <span class='ocrx_word' id='word_1_292' title='bbox 1309 4243 1446 4317; x_wconf 88' lang='lat' dir='ltr'>quis</span> <span class='ocrx_word' id='word_1_293' title='bbox 1476 4258 1684 4301; x_wconf 92' lang='lat' dir='ltr'>eorum</span> <span class='ocrx_word' id='word_1_294' title='bbox 1713 4243 1910 4300; x_wconf 87' lang='lat' dir='ltr'>dicere</span> <span class='ocrx_word' id='word_1_295' title='bbox 1942 4248 2144 4316; x_wconf 90' lang='lat' dir='ltr'>posset</span> <span class='ocrx_word' id='word_1_296' title='bbox 2175 4253 2190 4293; x_wconf 75' lang='grc' dir='ltr'>ε</span> 
     </span>
    </p>
   </div>
   <div class='ocr_carea' id='block_1_48' title="bbox 532 4335 1118 4392">
    <p class='ocr_par' dir='ltr' id='par_1_48' title="bbox 532 4335 1118 4392">
     <span class='ocr_line' id='line_1_48' title="bbox 532 4335 1118 4392; baseline 0 -4"><span class='ocrx_word' id='word_1_297' title='bbox 532 4335 622 4391; x_wconf 90' lang='lat' dir='ltr'>Ad</span> <span class='ocrx_word' id='word_1_298' title='bbox 651 4350 762 4392; x_wconf 89' lang='lat' dir='ltr'>nos</span> <span class='ocrx_word' id='word_1_299' title='bbox 790 4350 912 4392; x_wconf 92' lang='lat' dir='ltr'>non</span> <span class='ocrx_word' id='word_1_300' title='bbox 945 4335 1118 4392; x_wconf 90' lang='lat' dir='ltr'>venit.</span> 
     </span>
    </p>
   </div>
   <div class='ocr_carea' id='block_1_49' title="bbox 601 4510 2269 4596">
    <p class='ocr_par' dir='ltr' id='par_1_49' title="bbox 601 4510 2269 4596">
     <span class='ocr_line' id='line_1_49' title="bbox 601 4510 2269 4596; baseline -0.001 -28"><span class='ocrx_word' id='word_1_301' title='bbox 601 4515 762 4568; x_wconf 86' lang='lat' dir='ltr'>Vers.</span> <span class='ocrx_word' id='word_1_302' title='bbox 791 4513 880 4568; x_wconf 88' lang='lat'>36.</span> <span class='ocrx_word' id='word_1_303' title='bbox 912 4513 1166 4570; x_wconf 81' lang='lat' dir='ltr'>Intuitus</span> <span class='ocrx_word' id='word_1_304' title='bbox 1196 4543 1260 4554; x_wconf 89' lang='lat'>—</span> <span class='ocrx_word' id='word_1_305' title='bbox 1289 4519 1607 4582; x_wconf 80' lang='lat' dir='ltr'>pastorem.</span> <span class='ocrx_word' id='word_1_306' title='bbox 1660 4512 1986 4578; x_wconf 66' lang='lat' dir='ltr'>Destitulae,</span> <span class='ocrx_word' id='word_1_307' title='bbox 2025 4510 2189 4584; x_wconf 90' lang='lat' dir='ltr'>quod</span> <span class='ocrx_word' id='word_1_308' title='bbox 2223 4541 2269 4596; x_wconf 67' lang='grc' dir='ltr'>Ι)</span> 
     </span>
    </p>
   </div>
   <div class='ocr_carea' id='block_1_50' title="bbox 533 4600 2190 4673">
    <p class='ocr_par' dir='ltr' id='par_1_50' title="bbox 533 4600 2190 4673">
     <span class='ocr_line' id='line_1_50' title="bbox 533 4600 2190 4673; baseline 0.001 -19"><span class='ocrx_word' id='word_1_309' title='bbox 533 4600 731 4655; x_wconf 89' lang='lat' dir='ltr'>nullus</span> <span class='ocrx_word' id='word_1_310' title='bbox 759 4616 858 4655; x_wconf 88' lang='lat' dir='ltr'>eas</span> <span class='ocrx_word' id='word_1_311' title='bbox 916 4602 1274 4672; x_wconf 88' lang='lat' dir='ltr'>respiceret:</span> <span class='ocrx_word' id='word_1_312' title='bbox 1322 4601 1593 4673; x_wconf 69' lang='lat' dir='ltr'>dispersae</span> <span class='ocrx_word' id='word_1_313' title='bbox 1651 4601 1767 4657; x_wconf 89' lang='lat' dir='ltr'>hoc</span> <span class='ocrx_word' id='word_1_314' title='bbox 1815 4605 1905 4656; x_wconf 87' lang='lat' dir='ltr'>est</span> <span class='ocrx_word' id='word_1_315' title='bbox 1947 4600 2190 4655; x_wconf 89' lang='lat' dir='ltr'>omnino</span> 
     </span>
    </p>
   </div>
   <div class='ocr_carea' id='block_1_51' title="bbox 535 4686 2186 4760">
    <p class='ocr_par' dir='ltr' id='par_1_51' title="bbox 535 4686 2186 4760">
     <span class='ocr_line' id='line_1_51' title="bbox 535 4686 2186 4760; baseline 0.002 -18"><span class='ocrx_word' id='word_1_316' title='bbox 535 4686 848 4755; x_wconf 76' lang='lat' dir='ltr'>neglectae,</span> <span class='ocrx_word' id='word_1_317' title='bbox 891 4687 951 4742; x_wconf 91' lang='lat' dir='ltr'>in</span> <span class='ocrx_word' id='word_1_318' title='bbox 1002 4690 1252 4744; x_wconf 89' lang='lat' dir='ltr'>modum</span> <span class='ocrx_word' id='word_1_319' title='bbox 1285 4689 1485 4744; x_wconf 90' lang='lat' dir='ltr'>ovium</span> <span class='ocrx_word' id='word_1_320' title='bbox 1525 4694 1764 4760; x_wconf 86' lang='lat' dir='ltr'>pastore</span> <span class='ocrx_word' id='word_1_321' title='bbox 1812 4689 2186 4745; x_wconf 88' lang='lat' dir='ltr'>carentium:</span> 
     </span>
    </p>
   </div>
   <div class='ocr_carea' id='block_1_52' title="bbox 530 4775 2190 4846">
    <p class='ocr_par' dir='ltr' id='par_1_52' title="bbox 530 4775 2190 4846">
     <span class='ocr_line' id='line_1_52' title="bbox 530 4775 2190 4846; baseline 0.002 -17"><span class='ocrx_word' id='word_1_322' title='bbox 530 4791 790 4846; x_wconf 89' lang='lat' dir='ltr'>quarum</span> <span class='ocrx_word' id='word_1_323' title='bbox 821 4776 909 4830; x_wconf 81' lang='lat' dir='ltr'>hae</span> <span class='ocrx_word' id='word_1_324' title='bbox 937 4777 1182 4846; x_wconf 89' lang='lat' dir='ltr'>quidem</span> <span class='ocrx_word' id='word_1_325' title='bbox 1215 4781 1441 4832; x_wconf 64' lang='lat' dir='ltr'>vexata;</span> <span class='ocrx_word' id='word_1_326' title='bbox 1482 4781 1638 4841; x_wconf 89' lang='lat' dir='ltr'>sunt,</span> <span class='ocrx_word' id='word_1_327' title='bbox 1679 4793 1749 4832; x_wconf 91' lang='lat' dir='ltr'>ac</span> <span class='ocrx_word' id='word_1_328' title='bbox 1788 4775 2047 4831; x_wconf 74' lang='lat' dir='ltr'>seductae</span> <span class='ocrx_word' id='word_1_329' title='bbox 2073 4777 2190 4832; x_wconf 88' lang='lat' dir='ltr'>huc</span> 
     </span>
    </p>
   </div>
   <div class='ocr_carea' id='block_1_53' title="bbox 533 4863 2189 4937">
    <p class='ocr_par' dir='ltr' id='par_1_53' title="bbox 533 4863 2189 4937">
     <span class='ocr_line' id='line_1_53' title="bbox 533 4863 2189 4937; baseline 0.002 -18"><span class='ocrx_word' id='word_1_330' title='bbox 533 4868 588 4920; x_wconf 88' lang='lat' dir='ltr'>et</span> <span class='ocrx_word' id='word_1_331' title='bbox 635 4863 816 4919; x_wconf 89' lang='lat' dir='ltr'>illuc:</span> <span class='ocrx_word' id='word_1_332' title='bbox 865 4863 994 4920; x_wconf 68' lang='lat' dir='ltr'>aliae</span> <span class='ocrx_word' id='word_1_333' title='bbox 1045 4870 1246 4920; x_wconf 91' lang='lat' dir='ltr'>autem</span> <span class='ocrx_word' id='word_1_334' title='bbox 1302 4865 1586 4937; x_wconf 67' lang='lat' dir='ltr'>dispersae</span> <span class='ocrx_word' id='word_1_335' title='bbox 1639 4866 1761 4921; x_wconf 90' lang='lat' dir='ltr'>sive</span> <span class='ocrx_word' id='word_1_336' title='bbox 1815 4865 2081 4936; x_wconf 72' lang='lat' dir='ltr'>abjectte,</span> <span class='ocrx_word' id='word_1_337' title='bbox 2117 4881 2189 4922; x_wconf 90' lang='lat' dir='ltr'>eo</span> 
     </span>
    </p>
   </div>
   <div class='ocr_carea' id='block_1_54' title="bbox 531 4952 2187 5026">
    <p class='ocr_par' dir='ltr' id='par_1_54' title="bbox 531 4952 2187 5026">
     <span class='ocr_line' id='line_1_54' title="bbox 531 4952 2187 5026; baseline 0.002 -19"><span class='ocrx_word' id='word_1_338' title='bbox 531 4953 697 5025; x_wconf 92' lang='lat' dir='ltr'>quod</span> <span class='ocrx_word' id='word_1_339' title='bbox 723 4967 843 5008; x_wconf 92' lang='lat' dir='ltr'>non</span> <span class='ocrx_word' id='word_1_340' title='bbox 867 4952 958 5018; x_wconf 91' lang='lat' dir='ltr'>sit,</span> <span class='ocrx_word' id='word_1_341' title='bbox 985 4953 1084 5026; x_wconf 92' lang='lat' dir='ltr'>qui</span> <span class='ocrx_word' id='word_1_342' title='bbox 1114 4969 1321 5009; x_wconf 86' lang='lat' dir='ltr'>earum</span> <span class='ocrx_word' id='word_1_343' title='bbox 1341 4970 1548 5011; x_wconf 89' lang='lat' dir='ltr'>curam</span> <span class='ocrx_word' id='word_1_344' title='bbox 1579 4954 1816 5011; x_wconf 88' lang='lat' dir='ltr'>habeat.</span> <span class='ocrx_word' id='word_1_345' title='bbox 1843 4955 2187 5012; x_wconf 70' lang='lat' dir='ltr'>Iudaeorum</span> 
     </span>
    </p>
   </div>
   <div class='ocr_carea' id='block_1_55' title="bbox 532 5041 2189 5114">
    <p class='ocr_par' dir='ltr' id='par_1_55' title="bbox 532 5041 2189 5114">
     <span class='ocr_line' id='line_1_55' title="bbox 532 5041 2189 5114; baseline 0.003 -18"><span class='ocrx_word' id='word_1_346' title='bbox 532 5041 694 5097; x_wconf 90' lang='lat' dir='ltr'>enim</span> <span class='ocrx_word' id='word_1_347' title='bbox 742 5041 1034 5114; x_wconf 88' lang='lat' dir='ltr'>principes</span> <span class='ocrx_word' id='word_1_348' title='bbox 1084 5057 1208 5098; x_wconf 92' lang='lat' dir='ltr'>non</span> <span class='ocrx_word' id='word_1_349' title='bbox 1239 5042 1433 5098; x_wconf 85' lang='lat' dir='ltr'>solum</span> <span class='ocrx_word' id='word_1_350' title='bbox 1482 5043 1928 5112; x_wconf 90' lang='lat' dir='ltr'>convertebant,</span> <span class='ocrx_word' id='word_1_351' title='bbox 1971 5048 2074 5100; x_wconf 90' lang='lat' dir='ltr'>aut</span> <span class='ocrx_word' id='word_1_352' title='bbox 2103 5059 2189 5101; x_wconf 88' lang='lat' dir='ltr'>re-</span> 
     </span>
    </p>
   </div>
   <div class='ocr_carea' id='block_1_56' title="bbox 536 5130 2189 5205">
    <p class='ocr_par' dir='ltr' id='par_1_56' title="bbox 536 5130 2189 5205">
     <span class='ocr_line' id='line_1_56' title="bbox 536 5130 2189 5205; baseline 0.004 -21"><span class='ocrx_word' id='word_1_353' title='bbox 536 5130 873 5201; x_wconf 89' lang='lat' dir='ltr'>spiciebant</span> <span class='ocrx_word' id='word_1_354' title='bbox 901 5146 1003 5188; x_wconf 88' lang='lat' dir='ltr'>eos</span> <span class='ocrx_word' id='word_1_355' title='bbox 1027 5131 1128 5205; x_wconf 89' lang='lat' dir='ltr'>qui</span> <span class='ocrx_word' id='word_1_356' title='bbox 1152 5136 1568 5204; x_wconf 87' lang='lat' dir='ltr'>peccaverant,</span> <span class='ocrx_word' id='word_1_357' title='bbox 1592 5147 1785 5205; x_wconf 90' lang='lat' dir='ltr'>neque</span> <span class='ocrx_word' id='word_1_358' title='bbox 1815 5133 2189 5205; x_wconf 88' lang='lat' dir='ltr'>abjectorum</span> 
     </span>
    </p>
   </div>
   <div class='ocr_carea' id='block_1_57' title="bbox 607 5255 1616 5321">
    <p class='ocr_par' dir='ltr' id='par_1_57' title="bbox 607 5255 1616 5321">
     <span class='ocr_line' id='line_1_57' title="bbox 607 5255 1616 5321; baseline -0.002 -8"><span class='ocrx_word' id='word_1_359' title='bbox 607 5257 655 5292; x_wconf 71' lang='lat'><strong><em>9°</em></strong></span> <span class='ocrx_word' id='word_1_360' title='bbox 680 5255 876 5313; x_wconf 88' lang='lat' dir='ltr'>Matth.</span> <span class='ocrx_word' id='word_1_361' title='bbox 918 5271 992 5321; x_wconf 85' lang='lat' dir='ltr'>iv,</span> <span class='ocrx_word' id='word_1_362' title='bbox 1030 5256 1117 5310; x_wconf 81' lang='lat' dir='ltr'>l7.</span> <span class='ocrx_word' id='word_1_363' title='bbox 1195 5256 1422 5312; x_wconf 74' lang='lat' dir='ltr'>“Marc.</span> <span class='ocrx_word' id='word_1_364' title='bbox 1456 5272 1495 5321; x_wconf 87' lang='grc' dir='ltr'>ι,</span> <span class='ocrx_word' id='word_1_365' title='bbox 1529 5259 1616 5312; x_wconf 82' lang='grc'>38.</span> 
     </span>
    </p>
   </div>
   <div class='ocr_carea' id='block_1_58' title="bbox 2296 620 2907 692">
    <p class='ocr_par' dir='ltr' id='par_1_58' title="bbox 2296 620 2907 692">
     <span class='ocr_line' id='line_1_58' title="bbox 2296 620 2907 692; baseline 0.007 -20"><span class='ocrx_word' id='word_1_366' title='bbox 2296 620 2430 692; x_wconf 78' lang='grc' dir='ltr'>ἀγλα</span> <span class='ocrx_word' id='word_1_367' title='bbox 2460 626 2549 674; x_wconf 84' lang='grc' dir='ltr'>καὶ</span> <span class='ocrx_word' id='word_1_368' title='bbox 2566 623 2591 673; x_wconf 91' lang='lat'>6</span> <span class='ocrx_word' id='word_1_369' title='bbox 2622 628 2692 692; x_wconf 80' lang='grc' dir='ltr'>μὴ</span> <span class='ocrx_word' id='word_1_370' title='bbox 2718 621 2907 678; x_wconf 82' lang='grc' dir='ltr'>λαλῶν.</span> 
     </span>
    </p>
   </div>
   <div class='ocr_carea' id='block_1_59' title="bbox 2369 796 3902 874">
    <p class='ocr_par' dir='ltr' id='par_1_59' title="bbox 2369 796 3902 874">
     <span class='ocr_line' id='line_1_59' title="bbox 2369 796 3902 874; baseline 0.001 -24"><span class='ocrx_word' id='word_1_371' title='bbox 2369 802 2470 850; x_wconf 78' lang='grc' dir='ltr'>Καὶ</span> <span class='ocrx_word' id='word_1_372' title='bbox 2521 796 2852 860; x_wconf 74' lang='grc' dir='ltr'>ἐκϐληθέντος</span> <span class='ocrx_word' id='word_1_373' title='bbox 2914 832 2980 841; x_wconf 95' lang='lat'><strong>—</strong></span> <span class='ocrx_word' id='word_1_374' title='bbox 3044 806 3237 874; x_wconf 73' lang='grc' dir='ltr'>κωφός.</span> <span class='ocrx_word' id='word_1_375' title='bbox 3297 802 3406 854; x_wconf 79' lang='grc' dir='ltr'>Ούκ</span> <span class='ocrx_word' id='word_1_376' title='bbox 3461 798 3520 859; x_wconf 71' lang='grc' dir='ltr'>ἦν</span> <span class='ocrx_word' id='word_1_377' title='bbox 3583 799 3637 851; x_wconf 85' lang='grc' dir='ltr'>ἐκ</span> <span class='ocrx_word' id='word_1_378' title='bbox 3690 803 3902 872; x_wconf 85' lang='grc' dir='ltr'>φύσεως</span> 
     </span>
    </p>
   </div>
   <div class='ocr_carea' id='block_1_60' title="bbox 2295 885 3897 961">
    <p class='ocr_par' dir='ltr' id='par_1_60' title="bbox 2295 885 3897 961">
     <span class='ocr_line' id='line_1_60' title="bbox 2295 885 3897 961; baseline 0.002 -24"><span class='ocrx_word' id='word_1_379' title='bbox 2295 886 2502 953; x_wconf 80' lang='grc' dir='ltr'>ἄλαλος,</span> <span class='ocrx_word' id='word_1_380' title='bbox 2552 885 2664 938; x_wconf 72' lang='grc' dir='ltr'>ἀλλ’</span> <span class='ocrx_word' id='word_1_381' title='bbox 2712 889 2736 938; x_wconf 93' lang='lat'>6</span> <span class='ocrx_word' id='word_1_382' title='bbox 2797 885 2998 959; x_wconf 86' lang='grc' dir='ltr'>δαίμων</span> <span class='ocrx_word' id='word_1_383' title='bbox 3052 887 3210 948; x_wconf 80' lang='grc' dir='ltr'>ἔδησε</span> <span class='ocrx_word' id='word_1_384' title='bbox 3266 894 3360 948; x_wconf 79' lang='grc' dir='ltr'>τὴν</span> <span class='ocrx_word' id='word_1_385' title='bbox 3406 889 3650 961; x_wconf 86' lang='grc' dir='ltr'>γλῶσσαν</span> <span class='ocrx_word' id='word_1_386' title='bbox 3708 889 3897 959; x_wconf 69' lang='grc' dir='ltr'>αὐτοῦ,</span> 
     </span>
    </p>
   </div>
   <div class='ocr_carea' id='block_1_61' title="bbox 2295 977 3902 1049">
    <p class='ocr_par' dir='ltr' id='par_1_61' title="bbox 2295 977 3902 1049">
     <span class='ocr_line' id='line_1_61' title="bbox 2295 977 3902 1049; baseline 0.001 -24"><span class='ocrx_word' id='word_1_387' title='bbox 2295 979 2385 1026; x_wconf 83' lang='grc' dir='ltr'>καὶ</span> <span class='ocrx_word' id='word_1_388' title='bbox 2426 977 2526 1048; x_wconf 83' lang='grc' dir='ltr'>πρὸ</span> <span class='ocrx_word' id='word_1_389' title='bbox 2571 978 2761 1036; x_wconf 74' lang='grc' dir='ltr'>ταύτης</span> <span class='ocrx_word' id='word_1_390' title='bbox 2809 982 2900 1035; x_wconf 72' lang='grc' dir='ltr'>τὴν</span> <span class='ocrx_word' id='word_1_391' title='bbox 2939 977 3142 1049; x_wconf 75' lang='grc' dir='ltr'>ψυχήν.</span> <span class='ocrx_word' id='word_1_392' title='bbox 3205 981 3300 1031; x_wconf 80' lang='grc' dir='ltr'>Διά</span> <span class='ocrx_word' id='word_1_393' title='bbox 3349 986 3501 1030; x_wconf 77' lang='grc' dir='ltr'>τοῦτο</span> <span class='ocrx_word' id='word_1_394' title='bbox 3530 979 3631 1049; x_wconf 81' lang='grc' dir='ltr'>γὰρ</span> <span class='ocrx_word' id='word_1_395' title='bbox 3690 981 3779 1028; x_wconf 83' lang='grc' dir='ltr'>καὶ</span> <span class='ocrx_word' id='word_1_396' title='bbox 3810 977 3902 1048; x_wconf 80' lang='grc' dir='ltr'>ὑφ’</span> 
     </span>
    </p>
   </div>
   <div class='ocr_carea' id='block_1_62' title="bbox 2298 1061 3888 1137">
    <p class='ocr_par' dir='ltr' id='par_1_62' title="bbox 2298 1061 3888 1137">
     <span class='ocr_line' id='line_1_62' title="bbox 2298 1061 3888 1137; baseline 0.003 -23"><span class='ocrx_word' id='word_1_397' title='bbox 2298 1061 2475 1134; x_wconf 79' lang='grc' dir='ltr'>ἐτέρων</span> <span class='ocrx_word' id='word_1_398' title='bbox 2532 1066 2873 1137; x_wconf 78' lang='grc' dir='ltr'>προσάγεται,</span> <span class='ocrx_word' id='word_1_399' title='bbox 2953 1072 3042 1118; x_wconf 77' lang='grc' dir='ltr'>καὶ</span> <span class='ocrx_word' id='word_1_400' title='bbox 3132 1066 3226 1118; x_wconf 82' lang='grc' dir='ltr'>ούκ</span> <span class='ocrx_word' id='word_1_401' title='bbox 3307 1065 3604 1118; x_wconf 80' lang='grc' dir='ltr'>ἁπαιτείται</span> <span class='ocrx_word' id='word_1_402' title='bbox 3652 1065 3888 1120; x_wconf 86' lang='grc' dir='ltr'>“πίστιν.</span> 
     </span>
    </p>
   </div>
   <div class='ocr_carea' id='block_1_63' title="bbox 2298 1151 3901 1224">
    <p class='ocr_par' dir='ltr' id='par_1_63' title="bbox 2298 1151 3901 1224">
     <span class='ocr_line' id='line_1_63' title="bbox 2298 1151 3901 1224; baseline 0.001 -22"><span class='ocrx_word' id='word_1_403' title='bbox 2298 1151 2432 1207; x_wconf 74' lang='grc' dir='ltr'>Οὔτε</span> <span class='ocrx_word' id='word_1_404' title='bbox 2460 1154 2561 1224; x_wconf 80' lang='grc' dir='ltr'>γὰρ</span> <span class='ocrx_word' id='word_1_405' title='bbox 2591 1151 2836 1213; x_wconf 83' lang='grc' dir='ltr'>λαλῆσαι.</span> <span class='ocrx_word' id='word_1_406' title='bbox 2894 1157 3010 1206; x_wconf 75' lang='grc' dir='ltr'>οὔτε</span> <span class='ocrx_word' id='word_1_407' title='bbox 3062 1161 3287 1207; x_wconf 80' lang='grc' dir='ltr'>συνιέναι</span> <span class='ocrx_word' id='word_1_408' title='bbox 3340 1151 3576 1208; x_wconf 74' lang='grc' dir='ltr'>ἐδύνατο.</span> <span class='ocrx_word' id='word_1_409' title='bbox 3623 1158 3722 1206; x_wconf 83' lang='grc' dir='ltr'>Καὶ</span> <span class='ocrx_word' id='word_1_410' title='bbox 3777 1161 3901 1204; x_wconf 81' lang='grc' dir='ltr'>τοῦ-</span> 
     </span>
    </p>
   </div>
   <div class='ocr_carea' id='block_1_64' title="bbox 2297 1238 3900 1316">
    <p class='ocr_par' dir='ltr' id='par_1_64' title="bbox 2297 1238 3900 1316">
     <span class='ocr_line' id='line_1_64' title="bbox 2297 1238 3900 1316; baseline 0.001 -26"><span class='ocrx_word' id='word_1_411' title='bbox 2297 1258 2354 1290; x_wconf 87' lang='grc' dir='ltr'>το</span> <span class='ocrx_word' id='word_1_412' title='bbox 2415 1245 2684 1310; x_wconf 74' lang='grc' dir='ltr'>γινώσκων</span> <span class='ocrx_word' id='word_1_413' title='bbox 2740 1243 2765 1292; x_wconf 91' lang='lat'>6</span> <span class='ocrx_word' id='word_1_414' title='bbox 2815 1247 3011 1316; x_wconf 80' lang='grc' dir='ltr'>Σωτὴρ,</span> <span class='ocrx_word' id='word_1_415' title='bbox 3077 1241 3302 1305; x_wconf 74' lang='grc' dir='ltr'>ἐξέϐαλεν</span> <span class='ocrx_word' id='word_1_416' title='bbox 3380 1243 3570 1294; x_wconf 68' lang='grc' dir='ltr'>αὐτίκα</span> <span class='ocrx_word' id='word_1_417' title='bbox 3623 1245 3710 1293; x_wconf 84' lang='grc' dir='ltr'>τόν</span> <span class='ocrx_word' id='word_1_418' title='bbox 3781 1238 3900 1294; x_wconf 78' lang='grc' dir='ltr'>δαίο</span> 
     </span>
    </p>
   </div>
   <div class='ocr_carea' id='block_1_65' title="bbox 2297 1327 3902 1403">
    <p class='ocr_par' dir='ltr' id='par_1_65' title="bbox 2297 1327 3902 1403">
     <span class='ocr_line' id='line_1_65' title="bbox 2297 1327 3902 1403; baseline 0.002 -24"><span class='ocrx_word' id='word_1_419' title='bbox 2297 1347 2448 1400; x_wconf 79' lang='grc' dir='ltr'>μονα,</span> <span class='ocrx_word' id='word_1_420' title='bbox 2507 1334 2596 1381; x_wconf 78' lang='grc' dir='ltr'>καὶ</span> <span class='ocrx_word' id='word_1_421' title='bbox 2644 1328 2996 1400; x_wconf 79' lang='grc' dir='ltr'>ἀπελαθέντος,</span> <span class='ocrx_word' id='word_1_422' title='bbox 3055 1331 3206 1389; x_wconf 80' lang='grc' dir='ltr'>έλύθη</span> <span class='ocrx_word' id='word_1_423' title='bbox 3261 1334 3352 1403; x_wconf 75' lang='grc' dir='ltr'>μεν</span> <span class='ocrx_word' id='word_1_424' title='bbox 3407 1333 3473 1382; x_wconf 84' lang='grc' dir='ltr'>τὰ</span> <span class='ocrx_word' id='word_1_425' title='bbox 3525 1327 3720 1402; x_wconf 76' lang='grc' dir='ltr'>δεσμὰ,</span> <span class='ocrx_word' id='word_1_426' title='bbox 3772 1349 3902 1382; x_wconf 83' lang='grc' dir='ltr'>συν-</span> 
     </span>
    </p>
   </div>
   <div class='ocr_carea' id='block_1_66' title="bbox 2300 1413 3250 1490">
    <p class='ocr_par' dir='ltr' id='par_1_66' title="bbox 2300 1413 3250 1490">
     <span class='ocr_line' id='line_1_66' title="bbox 2300 1413 3250 1490; baseline 0.005 -23"><span class='ocrx_word' id='word_1_427' title='bbox 2300 1424 2390 1475; x_wconf 81' lang='grc' dir='ltr'>ῆκε</span> <span class='ocrx_word' id='word_1_428' title='bbox 2418 1413 2496 1482; x_wconf 72' lang='grc' dir='ltr'>δι,</span> <span class='ocrx_word' id='word_1_429' title='bbox 2529 1423 2617 1470; x_wconf 81' lang='grc' dir='ltr'>καὶ</span> <span class='ocrx_word' id='word_1_430' title='bbox 2644 1417 2885 1475; x_wconf 76' lang='grc' dir='ltr'>ἐλάλησεν</span> <span class='ocrx_word' id='word_1_431' title='bbox 2917 1421 2942 1470; x_wconf 93' lang='lat'>6</span> <span class='ocrx_word' id='word_1_432' title='bbox 2968 1421 3250 1490; x_wconf 78' lang='grc' dir='ltr'>ἄνθρωπος.</span> 
     </span>
    </p>
   </div>
   <div class='ocr_carea' id='block_1_67' title="bbox 2372 1504 3902 1580">
    <p class='ocr_par' dir='ltr' id='par_1_67' title="bbox 2372 1504 3902 1580">
     <span class='ocr_line' id='line_1_67' title="bbox 2372 1504 3902 1580; baseline 0.001 -22"><span class='ocrx_word' id='word_1_433' title='bbox 2372 1510 2472 1558; x_wconf 79' lang='grc' dir='ltr'>Καὶ</span> <span class='ocrx_word' id='word_1_434' title='bbox 2521 1537 2589 1545; x_wconf 90' lang='grc'><strong>-</strong></span> <span class='ocrx_word' id='word_1_435' title='bbox 2632 1507 2865 1580; x_wconf 76' lang='grc' dir='ltr'>Ἰσραήλ.</span> <span class='ocrx_word' id='word_1_436' title='bbox 2924 1538 2992 1548; x_wconf 90' lang='lat'>—</span> <span class='ocrx_word' id='word_1_437' title='bbox 3036 1504 3300 1560; x_wconf 73' lang='grc' dir='ltr'>Οὐδέποτε</span> <span class='ocrx_word' id='word_1_438' title='bbox 3342 1506 3496 1579; x_wconf 76' lang='grc' dir='ltr'>ἐφάνη</span> <span class='ocrx_word' id='word_1_439' title='bbox 3553 1507 3739 1570; x_wconf 82' lang='grc' dir='ltr'>οὕτως,</span> <span class='ocrx_word' id='word_1_440' title='bbox 3782 1505 3902 1560; x_wconf 77' lang='grc' dir='ltr'>ἀντὶ</span> 
     </span>
    </p>
   </div>
   <div class='ocr_carea' id='block_1_68' title="bbox 2300 1591 3902 1667">
    <p class='ocr_par' dir='ltr' id='par_1_68' title="bbox 2300 1591 3902 1667">
     <span class='ocr_line' id='line_1_68' title="bbox 2300 1591 3902 1667; baseline 0 -23"><span class='ocrx_word' id='word_1_441' title='bbox 2300 1601 2410 1658; x_wconf 84' lang='grc' dir='ltr'>τοῦ,</span> <span class='ocrx_word' id='word_1_442' title='bbox 2487 1591 2750 1647; x_wconf 74' lang='grc' dir='ltr'>Οὐδέποτε</span> <span class='ocrx_word' id='word_1_443' title='bbox 2818 1594 2974 1667; x_wconf 74' lang='grc' dir='ltr'>ἐφάνη</span> <span class='ocrx_word' id='word_1_444' title='bbox 3043 1604 3258 1648; x_wconf 82' lang='grc' dir='ltr'>τοιαῦτα</span> <span class='ocrx_word' id='word_1_445' title='bbox 3325 1592 3631 1660; x_wconf 84' lang='grc' dir='ltr'>παράδοξα.</span> <span class='ocrx_word' id='word_1_446' title='bbox 3685 1597 3902 1647; x_wconf 84' lang='grc' dir='ltr'>Πάντων</span> 
     </span>
    </p>
   </div>
   <div class='ocr_carea' id='block_1_69' title="bbox 2301 1679 3902 1758">
    <p class='ocr_par' dir='ltr' id='par_1_69' title="bbox 2301 1679 3902 1758">
     <span class='ocr_line' id='line_1_69' title="bbox 2301 1679 3902 1758; baseline 0 -24"><span class='ocrx_word' id='word_1_447' title='bbox 2301 1679 2360 1734; x_wconf 71' lang='grc' dir='ltr'>δι</span> <span class='ocrx_word' id='word_1_448' title='bbox 2406 1689 2506 1734; x_wconf 86' lang='grc' dir='ltr'>τῶν</span> <span class='ocrx_word' id='word_1_449' title='bbox 2561 1681 2646 1733; x_wconf 80' lang='grc' dir='ltr'>ἀπ’</span> <span class='ocrx_word' id='word_1_450' title='bbox 2697 1683 2875 1744; x_wconf 79' lang='grc' dir='ltr'>αἰῶνος</span> <span class='ocrx_word' id='word_1_451' title='bbox 2930 1686 3508 1758; x_wconf 80' lang='grc' dir='ltr'>θαυματουργησάντων</span> <span class='ocrx_word' id='word_1_452' title='bbox 3566 1685 3902 1756; x_wconf 81' lang='grc' dir='ltr'>ύπερετίθουν</span> 
     </span>
    </p>
   </div>
   <div class='ocr_carea' id='block_1_70' title="bbox 2300 1767 3897 1844">
    <p class='ocr_par' dir='ltr' id='par_1_70' title="bbox 2300 1767 3897 1844">
     <span class='ocr_line' id='line_1_70' title="bbox 2300 1767 3897 1844; baseline 0.001 -24"><span class='ocrx_word' id='word_1_453' title='bbox 2300 1770 2474 1836; x_wconf 68' lang='grc' dir='ltr'>αὐτὸν,</span> <span class='ocrx_word' id='word_1_454' title='bbox 2521 1767 2660 1822; x_wconf 80' lang='grc' dir='ltr'>διότι</span> <span class='ocrx_word' id='word_1_455' title='bbox 2689 1778 2788 1823; x_wconf 79' lang='grc' dir='ltr'>πᾶν</span> <span class='ocrx_word' id='word_1_456' title='bbox 2841 1774 3007 1834; x_wconf 82' lang='grc' dir='ltr'>πάθος</span> <span class='ocrx_word' id='word_1_457' title='bbox 3063 1773 3196 1841; x_wconf 82' lang='grc' dir='ltr'><strong>ἰᾶτο,</strong></span> <span class='ocrx_word' id='word_1_458' title='bbox 3238 1777 3326 1824; x_wconf 79' lang='grc' dir='ltr'>καὶ</span> <span class='ocrx_word' id='word_1_459' title='bbox 3355 1774 3634 1844; x_wconf 83' lang='grc' dir='ltr'>ταχύτατα</span> <span class='ocrx_word' id='word_1_460' title='bbox 3662 1776 3750 1823; x_wconf 78' lang='grc' dir='ltr'>καὶ</span> <span class='ocrx_word' id='word_1_461' title='bbox 3778 1771 3897 1823; x_wconf 88' lang='grc' dir='ltr'>κατ’</span> 
     </span>
    </p>
   </div>
   <div class='ocr_carea' id='block_1_71' title="bbox 2300 1857 3887 1933">
    <p class='ocr_par' dir='ltr' id='par_1_71' title="bbox 2300 1857 3887 1933">
     <span class='ocr_line' id='line_1_71' title="bbox 2300 1857 3887 1933; baseline 0.001 -24"><span class='ocrx_word' id='word_1_462' title='bbox 2300 1857 2555 1920; x_wconf 76' lang='grc' dir='ltr'>ἐξουσίαν’</span> <span class='ocrx_word' id='word_1_463' title='bbox 2615 1864 2704 1911; x_wconf 84' lang='grc' dir='ltr'>καὶ</span> <span class='ocrx_word' id='word_1_464' title='bbox 2747 1864 2870 1913; x_wconf 78' lang='grc' dir='ltr'>ποτε</span> <span class='ocrx_word' id='word_1_465' title='bbox 2912 1863 3001 1933; x_wconf 75' lang='grc' dir='ltr'>μεν</span> <span class='ocrx_word' id='word_1_466' title='bbox 3057 1861 3237 1933; x_wconf 78' lang='grc' dir='ltr'>λέγων,</span> <span class='ocrx_word' id='word_1_467' title='bbox 3293 1863 3417 1914; x_wconf 69' lang='grc' dir='ltr'>ποτε</span> <span class='ocrx_word' id='word_1_468' title='bbox 3471 1857 3530 1912; x_wconf 72' lang='grc' dir='ltr'>δε</span> <span class='ocrx_word' id='word_1_469' title='bbox 3593 1859 3887 1930; x_wconf 79' lang='grc' dir='ltr'>ἁπτόμενος,</span> 
     </span>
    </p>
   </div>
   <div class='ocr_carea' id='block_1_72' title="bbox 2297 1943 3894 2022">
    <p class='ocr_par' dir='ltr' id='par_1_72' title="bbox 2297 1943 3894 2022">
     <span class='ocr_line' id='line_1_72' title="bbox 2297 1943 3894 2022; baseline -0.001 -23"><span class='ocrx_word' id='word_1_470' title='bbox 2297 1950 2419 1999; x_wconf 73' lang='grc' dir='ltr'>ποτε</span> <span class='ocrx_word' id='word_1_471' title='bbox 2486 1943 2546 2000; x_wconf 76' lang='grc' dir='ltr'>δε</span> <span class='ocrx_word' id='word_1_472' title='bbox 2629 1952 2718 2000; x_wconf 84' lang='grc' dir='ltr'>καὶ</span> <span class='ocrx_word' id='word_1_473' title='bbox 2790 1949 3072 2022; x_wconf 74' lang='grc' dir='ltr'>ἁπτόμενος</span> <span class='ocrx_word' id='word_1_474' title='bbox 3137 1954 3226 2002; x_wconf 81' lang='grc' dir='ltr'>καὶ</span> <span class='ocrx_word' id='word_1_475' title='bbox 3299 1948 3482 2020; x_wconf 81' lang='grc' dir='ltr'>λέγων,</span> <span class='ocrx_word' id='word_1_476' title='bbox 3568 1955 3658 2000; x_wconf 81' lang='grc' dir='ltr'>καὶ</span> <span class='ocrx_word' id='word_1_477' title='bbox 3720 1946 3894 2008; x_wconf 80' lang='grc' dir='ltr'>ἁπλῶς</span> 
     </span>
    </p>
   </div>
   <div class='ocr_carea' id='block_1_73' title="bbox 2298 2033 3896 2101">
    <p class='ocr_par' dir='ltr' id='par_1_73' title="bbox 2298 2033 3896 2101">
     <span class='ocr_line' id='line_1_73' title="bbox 2298 2033 3896 2101; baseline -0.001 -13"><span class='ocrx_word' id='word_1_478' title='bbox 2298 2035 2471 2101; x_wconf 83' lang='grc' dir='ltr'>εἰπεῖν,</span> <span class='ocrx_word' id='word_1_479' title='bbox 2523 2039 2587 2096; x_wconf 83' lang='grc' dir='ltr'>ὡς</span> <span class='ocrx_word' id='word_1_480' title='bbox 2636 2035 2884 2090; x_wconf 81' lang='grc' dir='ltr'>ἐϐούλετο·</span> <span class='ocrx_word' id='word_1_481' title='bbox 2947 2034 3041 2090; x_wconf 79' lang='grc' dir='ltr'>διὰ</span> <span class='ocrx_word' id='word_1_482' title='bbox 3090 2040 3292 2091; x_wconf 89' lang='grc' dir='ltr'>πάντων</span> <span class='ocrx_word' id='word_1_483' title='bbox 3357 2033 3556 2097; x_wconf 85' lang='grc' dir='ltr'>δεικνύς</span> <span class='ocrx_word' id='word_1_484' title='bbox 3602 2040 3659 2088; x_wconf 93' lang='lat'>1&#39;6</span> <span class='ocrx_word' id='word_1_485' title='bbox 3709 2035 3896 2089; x_wconf 73' lang='grc' dir='ltr'>ἑαυτοῦ</span> 
     </span>
    </p>
   </div>
   <div class='ocr_carea' id='block_1_74' title="bbox 2296 2120 2715 2194">
    <p class='ocr_par' dir='ltr' id='par_1_74' title="bbox 2296 2120 2715 2194">
     <span class='ocr_line' id='line_1_74' title="bbox 2296 2120 2715 2194; baseline -0.002 -18"><span class='ocrx_word' id='word_1_486' title='bbox 2296 2120 2690 2194; x_wconf 86' lang='grc' dir='ltr'>παντοδύναμον</span> <span class='ocrx_word' id='word_1_487' title='bbox 2703 2169 2715 2181; x_wconf 88' lang='grc'><em>,</em></span> 
     </span>
    </p>
   </div>
   <div class='ocr_carea' id='block_1_75' title="bbox 2368 2296 3900 2374">
    <p class='ocr_par' dir='ltr' id='par_1_75' title="bbox 2368 2296 3900 2374">
     <span class='ocr_line' id='line_1_75' title="bbox 2368 2296 3900 2374; baseline -0.001 -21"><span class='ocrx_word' id='word_1_488' title='bbox 2368 2302 2435 2353; x_wconf 85' lang='grc' dir='ltr'><strong>Οἱ</strong></span> <span class='ocrx_word' id='word_1_489' title='bbox 2465 2296 2523 2353; x_wconf 64' lang='grc' dir='ltr'>δε</span> <span class='ocrx_word' id='word_1_490' title='bbox 2553 2307 2829 2374; x_wconf 74' lang='grc' dir='ltr'>Φαρισαῖοι</span> <span class='ocrx_word' id='word_1_491' title='bbox 2881 2333 2947 2342; x_wconf 94' lang='lat'>-—</span> <span class='ocrx_word' id='word_1_492' title='bbox 2995 2299 3264 2373; x_wconf 87' lang='grc' dir='ltr'>δαιμόνια.</span> <span class='ocrx_word' id='word_1_493' title='bbox 3305 2303 3370 2355; x_wconf 88' lang='grc' dir='ltr'><strong>Οἱ</strong></span> <span class='ocrx_word' id='word_1_494' title='bbox 3409 2301 3562 2373; x_wconf 81' lang='grc' dir='ltr'>ὄχλοι</span> <span class='ocrx_word' id='word_1_495' title='bbox 3615 2304 3706 2374; x_wconf 70' lang='grc' dir='ltr'>μεν</span> <span class='ocrx_word' id='word_1_496' title='bbox 3736 2300 3900 2353; x_wconf 73' lang='grc' dir='ltr'>ἐθαύ-</span> 
     </span>
    </p>
   </div>
   <div class='ocr_carea' id='block_1_76' title="bbox 2296 2387 3896 2463">
    <p class='ocr_par' dir='ltr' id='par_1_76' title="bbox 2296 2387 3896 2463">
     <span class='ocr_line' id='line_1_76' title="bbox 2296 2387 3896 2463; baseline 0.002 -23"><span class='ocrx_word' id='word_1_497' title='bbox 2296 2389 2482 2460; x_wconf 77' lang='grc' dir='ltr'>μαζον·</span> <span class='ocrx_word' id='word_1_498' title='bbox 2539 2392 2588 2442; x_wconf 84' lang='grc' dir='ltr'>οἱ</span> <span class='ocrx_word' id='word_1_499' title='bbox 2641 2397 2918 2463; x_wconf 73' lang='grc' dir='ltr'>Φαρισαῖοι</span> <span class='ocrx_word' id='word_1_500' title='bbox 2976 2387 3034 2443; x_wconf 74' lang='grc' dir='ltr'>δὲ</span> <span class='ocrx_word' id='word_1_501' title='bbox 3090 2387 3358 2443; x_wconf 84' lang='grc' dir='ltr'>διέϐαλλον</span> <span class='ocrx_word' id='word_1_502' title='bbox 3411 2391 3586 2456; x_wconf 73' lang='grc' dir='ltr'>αὑτὸν,</span> <span class='ocrx_word' id='word_1_503' title='bbox 3641 2389 3896 2462; x_wconf 80' lang='grc' dir='ltr'>λέγοντες,</span> 
     </span>
    </p>
   </div>
   <div class='ocr_carea' id='block_1_77' title="bbox 2297 2475 3896 2553">
    <p class='ocr_par' dir='ltr' id='par_1_77' title="bbox 2297 2475 3896 2553">
     <span class='ocr_line' id='line_1_77' title="bbox 2297 2475 3896 2553; baseline 0 -24"><span class='ocrx_word' id='word_1_504' title='bbox 2297 2479 2377 2529; x_wconf 85' lang='grc' dir='ltr'>ὅτι</span> <span class='ocrx_word' id='word_1_505' title='bbox 2425 2477 2566 2550; x_wconf 87' lang='grc' dir='ltr'>φίλον</span> <span class='ocrx_word' id='word_1_506' title='bbox 2641 2481 2778 2549; x_wconf 80' lang='grc' dir='ltr'>ἔχων</span> <span class='ocrx_word' id='word_1_507' title='bbox 2845 2483 2930 2530; x_wconf 85' lang='grc' dir='ltr'>τὸν</span> <span class='ocrx_word' id='word_1_508' title='bbox 2979 2481 3214 2553; x_wconf 81' lang='grc' dir='ltr'>ἄρχοντα</span> <span class='ocrx_word' id='word_1_509' title='bbox 3281 2487 3382 2531; x_wconf 86' lang='grc' dir='ltr'>τῶν</span> <span class='ocrx_word' id='word_1_510' title='bbox 3440 2476 3744 2551; x_wconf 79' lang='grc' dir='ltr'>δαιμονίων,</span> <span class='ocrx_word' id='word_1_511' title='bbox 3821 2475 3896 2530; x_wconf 82' lang='grc' dir='ltr'>δι’</span> 
     </span>
    </p>
   </div>
   <div class='ocr_carea' id='block_1_78' title="bbox 2297 2563 3895 2640">
    <p class='ocr_par' dir='ltr' id='par_1_78' title="bbox 2297 2563 3895 2640">
     <span class='ocr_line' id='line_1_78' title="bbox 2297 2563 3895 2640; baseline 0.001 -24"><span class='ocrx_word' id='word_1_512' title='bbox 2297 2564 2490 2617; x_wconf 73' lang='grc' dir='ltr'>ἐκείνου</span> <span class='ocrx_word' id='word_1_513' title='bbox 2554 2574 2713 2618; x_wconf 71' lang='grc' dir='ltr'>ταῦτα</span> <span class='ocrx_word' id='word_1_514' title='bbox 2771 2563 2971 2638; x_wconf 79' lang='grc' dir='ltr'>διῴκει.</span> <span class='ocrx_word' id='word_1_515' title='bbox 3036 2573 3133 2621; x_wconf 81' lang='grc' dir='ltr'>Καὶ</span> <span class='ocrx_word' id='word_1_516' title='bbox 3185 2564 3299 2620; x_wconf 71' lang='grc' dir='ltr'>οὐδ’</span> <span class='ocrx_word' id='word_1_517' title='bbox 3350 2569 3672 2640; x_wconf 73' lang='grc' dir='ltr'>ᾐσχύνοντο,</span> <span class='ocrx_word' id='word_1_518' title='bbox 3735 2566 3895 2640; x_wconf 84' lang='grc' dir='ltr'>φλυα-</span> 
     </span>
    </p>
   </div>
   <div class='ocr_carea' id='block_1_79' title="bbox 2296 2655 3898 2730">
    <p class='ocr_par' dir='ltr' id='par_1_79' title="bbox 2296 2655 3898 2730">
     <span class='ocr_line' id='line_1_79' title="bbox 2296 2655 3898 2730; baseline 0.001 -26"><span class='ocrx_word' id='word_1_519' title='bbox 2296 2661 2501 2726; x_wconf 82' lang='grc' dir='ltr'>ροῦντες</span> <span class='ocrx_word' id='word_1_520' title='bbox 2577 2655 2864 2726; x_wconf 74' lang='grc' dir='ltr'>εύελεγκτα.</span> <span class='ocrx_word' id='word_1_521' title='bbox 2933 2661 3032 2708; x_wconf 77' lang='grc' dir='ltr'>Καὶ</span> <span class='ocrx_word' id='word_1_522' title='bbox 3104 2659 3205 2730; x_wconf 79' lang='grc' dir='ltr'>γὰρ</span> <span class='ocrx_word' id='word_1_523' title='bbox 3259 2658 3285 2708; x_wconf 92' lang='lat'>6</span> <span class='ocrx_word' id='word_1_524' title='bbox 3359 2660 3445 2709; x_wconf 86' lang='grc' dir='ltr'>τὸν</span> <span class='ocrx_word' id='word_1_525' title='bbox 3501 2657 3740 2730; x_wconf 79' lang='grc' dir='ltr'>ἄρχοντα</span> <span class='ocrx_word' id='word_1_526' title='bbox 3796 2665 3898 2708; x_wconf 84' lang='grc' dir='ltr'>τῶν</span> 
     </span>
    </p>
   </div>
   <div class='ocr_carea' id='block_1_80' title="bbox 2299 2739 3896 2817">
    <p class='ocr_par' dir='ltr' id='par_1_80' title="bbox 2299 2739 3896 2817">
     <span class='ocr_line' id='line_1_80' title="bbox 2299 2739 3896 2817; baseline 0.001 -23"><span class='ocrx_word' id='word_1_527' title='bbox 2299 2739 2580 2814; x_wconf 82' lang='grc' dir='ltr'>δαιμονίων</span> <span class='ocrx_word' id='word_1_528' title='bbox 2645 2744 2786 2815; x_wconf 85' lang='grc' dir='ltr'>φίλον</span> <span class='ocrx_word' id='word_1_529' title='bbox 2849 2747 3007 2816; x_wconf 63' lang='grc' dir='ltr'>ἔχων,</span> <span class='ocrx_word' id='word_1_530' title='bbox 3064 2745 3185 2817; x_wconf 85' lang='grc' dir='ltr'>φίλα</span> <span class='ocrx_word' id='word_1_531' title='bbox 3254 2744 3425 2816; x_wconf 72' lang='grc' dir='ltr'>ἐκείνῳ</span> <span class='ocrx_word' id='word_1_532' title='bbox 3492 2742 3896 2816; x_wconf 79' lang='grc' dir='ltr'>διαπράττεται⁸</span> 
     </span>
    </p>
   </div>
   <div class='ocr_carea' id='block_1_81' title="bbox 2298 2828 3900 2908">
    <p class='ocr_par' dir='ltr' id='par_1_81' title="bbox 2298 2828 3900 2908">
     <span class='ocr_line' id='line_1_81' title="bbox 2298 2828 3900 2908; baseline 0.001 -27"><span class='ocrx_word' id='word_1_533' title='bbox 2298 2830 2440 2902; x_wconf 86' lang='grc' dir='ltr'>φίλον</span> <span class='ocrx_word' id='word_1_534' title='bbox 2484 2828 2543 2884; x_wconf 69' lang='grc' dir='ltr'>δὶ</span> <span class='ocrx_word' id='word_1_535' title='bbox 2598 2841 2668 2902; x_wconf 86' lang='grc' dir='ltr'>τῷ</span> <span class='ocrx_word' id='word_1_536' title='bbox 2719 2829 2949 2904; x_wconf 75' lang='grc' dir='ltr'>δαίμονι,</span> <span class='ocrx_word' id='word_1_537' title='bbox 3013 2837 3069 2885; x_wconf 89' lang='grc' dir='ltr'>τό</span> <span class='ocrx_word' id='word_1_538' title='bbox 3120 2833 3368 2905; x_wconf 77' lang='grc' dir='ltr'>βλάπτειν</span> <span class='ocrx_word' id='word_1_539' title='bbox 3420 2833 3498 2886; x_wconf 80' lang='grc' dir='ltr'>ἀεὶ</span> <span class='ocrx_word' id='word_1_540' title='bbox 3538 2837 3659 2894; x_wconf 88' lang='grc' dir='ltr'>τούς</span> <span class='ocrx_word' id='word_1_541' title='bbox 3701 2831 3900 2908; x_wconf 65' lang='grc' dir='ltr'>ἀνθρώ.</span> 
     </span>
    </p>
   </div>
   <div class='ocr_carea' id='block_1_82' title="bbox 2296 2917 3896 2995">
    <p class='ocr_par' dir='ltr' id='par_1_82' title="bbox 2296 2917 3896 2995">
     <span class='ocr_line' id='line_1_82' title="bbox 2296 2917 3896 2995; baseline 0.001 -25"><span class='ocrx_word' id='word_1_542' title='bbox 2296 2938 2445 2982; x_wconf 80' lang='grc' dir='ltr'>πούς,</span> <span class='ocrx_word' id='word_1_543' title='bbox 2529 2925 2586 2972; x_wconf 88' lang='grc' dir='ltr'>τὸ</span> <span class='ocrx_word' id='word_1_544' title='bbox 2655 2917 2932 2973; x_wconf 75' lang='grc' dir='ltr'>διδάσκειν</span> <span class='ocrx_word' id='word_1_545' title='bbox 2990 2929 3161 2974; x_wconf 80' lang='grc' dir='ltr'>πᾶσαν</span> <span class='ocrx_word' id='word_1_546' title='bbox 3216 2922 3495 2995; x_wconf 81' lang='grc' dir='ltr'>ἁμαρτίαν,</span> <span class='ocrx_word' id='word_1_547' title='bbox 3550 2924 3607 2972; x_wconf 86' lang='grc' dir='ltr'>τὸ</span> <span class='ocrx_word' id='word_1_548' title='bbox 3669 2921 3896 2993; x_wconf 81' lang='grc' dir='ltr'>ἀφιστᾷν</span> 
     </span>
    </p>
   </div>
   <div class='ocr_carea' id='block_1_83' title="bbox 2295 3007 3897 3083">
    <p class='ocr_par' dir='ltr' id='par_1_83' title="bbox 2295 3007 3897 3083">
     <span class='ocr_line' id='line_1_83' title="bbox 2295 3007 3897 3083; baseline -0.001 -23"><span class='ocrx_word' id='word_1_549' title='bbox 2295 3010 2489 3070; x_wconf 87' lang='grc' dir='ltr'>πάντας</span> <span class='ocrx_word' id='word_1_550' title='bbox 2539 3007 2640 3060; x_wconf 83' lang='grc' dir='ltr'>ἀπὸ</span> <span class='ocrx_word' id='word_1_551' title='bbox 2688 3016 2778 3061; x_wconf 82' lang='grc' dir='ltr'>τοῦ</span> <span class='ocrx_word' id='word_1_552' title='bbox 2829 3013 2974 3062; x_wconf 78' lang='grc' dir='ltr'>Θεοῦ·</span> <span class='ocrx_word' id='word_1_553' title='bbox 3015 3011 3040 3061; x_wconf 93' lang='lat'>6</span> <span class='ocrx_word' id='word_1_554' title='bbox 3098 3007 3156 3062; x_wconf 78' lang='grc' dir='ltr'>δέ</span> <span class='ocrx_word' id='word_1_555' title='bbox 3201 3013 3428 3083; x_wconf 81' lang='grc' dir='ltr'>Χριστὸς</span> <span class='ocrx_word' id='word_1_556' title='bbox 3483 3007 3730 3061; x_wconf 79' lang='grc' dir='ltr'>τάναντία</span> <span class='ocrx_word' id='word_1_557' title='bbox 3767 3012 3897 3060; x_wconf 75' lang='grc' dir='ltr'>τού-</span> 
     </span>
    </p>
   </div>
   <div class='ocr_carea' id='block_1_84' title="bbox 2295 3096 3890 3171">
    <p class='ocr_par' dir='ltr' id='par_1_84' title="bbox 2295 3096 3890 3171">
     <span class='ocr_line' id='line_1_84' title="bbox 2295 3096 3890 3171; baseline 0.002 -24"><span class='ocrx_word' id='word_1_558' title='bbox 2295 3115 2394 3148; x_wconf 88' lang='grc' dir='ltr'>των</span> <span class='ocrx_word' id='word_1_559' title='bbox 2475 3097 2762 3170; x_wconf 79' lang='grc' dir='ltr'>εἰργάζετο,</span> <span class='ocrx_word' id='word_1_560' title='bbox 2843 3097 3118 3171; x_wconf 84' lang='grc' dir='ltr'>εύεργετων</span> <span class='ocrx_word' id='word_1_561' title='bbox 3205 3096 3282 3150; x_wconf 82' lang='grc' dir='ltr'>ἀεὶ</span> <span class='ocrx_word' id='word_1_562' title='bbox 3371 3102 3487 3159; x_wconf 89' lang='grc' dir='ltr'>τούς</span> <span class='ocrx_word' id='word_1_563' title='bbox 3566 3096 3890 3171; x_wconf 81' lang='grc' dir='ltr'>ἀνθρώπους,</span> 
     </span>
    </p>
   </div>
   <div class='ocr_carea' id='block_1_85' title="bbox 2221 3181 3894 3272">
    <p class='ocr_par' dir='ltr' id='par_1_85' title="bbox 2221 3181 3894 3272">
     <span class='ocr_line' id='line_1_85' title="bbox 2221 3181 3894 3272; baseline 0 -34"><span class='ocrx_word' id='word_1_564' title='bbox 2221 3217 2262 3272; x_wconf 75' lang='lat' dir='ltr'>C</span> <span class='ocrx_word' id='word_1_565' title='bbox 2297 3181 2569 3238; x_wconf 78' lang='grc' dir='ltr'>διδάσκων</span> <span class='ocrx_word' id='word_1_566' title='bbox 2650 3192 2824 3238; x_wconf 79' lang='grc' dir='ltr'>πᾶσαν</span> <span class='ocrx_word' id='word_1_567' title='bbox 2910 3186 3117 3261; x_wconf 78' lang='grc' dir='ltr'>ἀρετὴν,</span> <span class='ocrx_word' id='word_1_568' title='bbox 3198 3188 3476 3261; x_wconf 88' lang='grc' dir='ltr'>προσάγων</span> <span class='ocrx_word' id='word_1_569' title='bbox 3559 3188 3754 3246; x_wconf 88' lang='grc' dir='ltr'>πάντας</span> <span class='ocrx_word' id='word_1_570' title='bbox 3823 3195 3894 3256; x_wconf 84' lang='grc' dir='ltr'>τῷ</span> 
     </span>
    </p>
   </div>
   <div class='ocr_carea' id='block_1_86' title="bbox 2296 3273 3890 3346">
    <p class='ocr_par' dir='ltr' id='par_1_86' title="bbox 2296 3273 3890 3346">
     <span class='ocr_line' id='line_1_86' title="bbox 2296 3273 3890 3346; baseline -0.001 -18"><span class='ocrx_word' id='word_1_571' title='bbox 2296 3282 2437 3344; x_wconf 85' lang='grc' dir='ltr'>Θεῷ.</span> <span class='ocrx_word' id='word_1_572' title='bbox 2494 3273 2672 3346; x_wconf 81' lang='grc' dir='ltr'>Ὀμως</span> <span class='ocrx_word' id='word_1_573' title='bbox 2734 3274 2792 3326; x_wconf 85' lang='grc' dir='ltr'>ού</span> <span class='ocrx_word' id='word_1_574' title='bbox 2858 3280 3010 3346; x_wconf 88' lang='grc' dir='ltr'>μόνον</span> <span class='ocrx_word' id='word_1_575' title='bbox 3053 3278 3270 3337; x_wconf 85' lang='grc' dir='ltr'>τούτους</span> <span class='ocrx_word' id='word_1_576' title='bbox 3320 3275 3411 3328; x_wconf 81' lang='grc' dir='ltr'>ούκ</span> <span class='ocrx_word' id='word_1_577' title='bbox 3460 3275 3718 3346; x_wconf 74' lang='grc' dir='ltr'>ἐκόλασεν,</span> <span class='ocrx_word' id='word_1_578' title='bbox 3779 3273 3890 3326; x_wconf 78' lang='grc' dir='ltr'>ἀλλ’</span> 
     </span>
    </p>
   </div>
   <div class='ocr_carea' id='block_1_87' title="bbox 2294 3360 3891 3436">
    <p class='ocr_par' dir='ltr' id='par_1_87' title="bbox 2294 3360 3891 3436">
     <span class='ocr_line' id='line_1_87' title="bbox 2294 3360 3891 3436; baseline -0.001 -21"><span class='ocrx_word' id='word_1_579' title='bbox 2294 3360 2410 3416; x_wconf 66' lang='grc' dir='ltr'>οὐδ’</span> <span class='ocrx_word' id='word_1_580' title='bbox 2470 3362 2676 3434; x_wconf 79' lang='grc' dir='ltr'>ἤλεγξεν</span> <span class='ocrx_word' id='word_1_581' title='bbox 2733 3363 2943 3432; x_wconf 83' lang='grc' dir='ltr'>αύτούς,</span> <span class='ocrx_word' id='word_1_582' title='bbox 3000 3360 3263 3416; x_wconf 79' lang='grc' dir='ltr'>παιδεύων</span> <span class='ocrx_word' id='word_1_583' title='bbox 3320 3366 3476 3436; x_wconf 80' lang='grc' dir='ltr'>ἡμᾶς,</span> <span class='ocrx_word' id='word_1_584' title='bbox 3542 3365 3891 3436; x_wconf 76' lang='grc' dir='ltr'>μακροθύμως</span> 
     </span>
    </p>
   </div>
   <div class='ocr_carea' id='block_1_88' title="bbox 2294 3448 3892 3526">
    <p class='ocr_par' dir='ltr' id='par_1_88' title="bbox 2294 3448 3892 3526">
     <span class='ocr_line' id='line_1_88' title="bbox 2294 3448 3892 3526; baseline 0.001 -22"><span class='ocrx_word' id='word_1_585' title='bbox 2294 3456 2458 3526; x_wconf 87' lang='grc' dir='ltr'>φέρειν</span> <span class='ocrx_word' id='word_1_586' title='bbox 2531 3451 2625 3514; x_wconf 77' lang='grc' dir='ltr'>τὰς</span> <span class='ocrx_word' id='word_1_587' title='bbox 2680 3448 2949 3520; x_wconf 83' lang='grc' dir='ltr'>διαϐολὰς,</span> <span class='ocrx_word' id='word_1_588' title='bbox 3011 3457 3098 3504; x_wconf 81' lang='grc' dir='ltr'>καὶ</span> <span class='ocrx_word' id='word_1_589' title='bbox 3149 3452 3340 3524; x_wconf 81' lang='grc' dir='ltr'>μᾶλλον</span> <span class='ocrx_word' id='word_1_590' title='bbox 3417 3449 3470 3504; x_wconf 84' lang='grc' dir='ltr'>εὖ</span> <span class='ocrx_word' id='word_1_591' title='bbox 3548 3459 3714 3505; x_wconf 88' lang='grc' dir='ltr'>ποιεῖν</span> <span class='ocrx_word' id='word_1_592' title='bbox 3766 3456 3892 3514; x_wconf 85' lang='grc' dir='ltr'>τούς</span> 
     </span>
    </p>
   </div>
   <div class='ocr_carea' id='block_1_89' title="bbox 2292 3540 3267 3616">
    <p class='ocr_par' dir='ltr' id='par_1_89' title="bbox 2292 3540 3267 3616">
     <span class='ocr_line' id='line_1_89' title="bbox 2292 3540 3267 3616; baseline 0 -24"><span class='ocrx_word' id='word_1_593' title='bbox 2292 3540 2618 3614; x_wconf 81' lang='grc' dir='ltr'>ὑϐρίζοντας.</span> <span class='ocrx_word' id='word_1_594' title='bbox 2649 3540 2785 3616; x_wconf 85' lang='grc' dir='ltr'>Ὀρα</span> <span class='ocrx_word' id='word_1_595' title='bbox 2810 3543 2933 3615; x_wconf 74' lang='grc' dir='ltr'>γὰρ,</span> <span class='ocrx_word' id='word_1_596' title='bbox 2966 3545 3017 3593; x_wconf 86' lang='grc' dir='ltr'>τί</span> <span class='ocrx_word' id='word_1_597' title='bbox 3037 3543 3267 3599; x_wconf 78' lang='grc' dir='ltr'>εποίησε.</span> 
     </span>
    </p>
   </div>
   <div class='ocr_carea' id='block_1_90' title="bbox 2372 3794 3884 3870">
    <p class='ocr_par' dir='ltr' id='par_1_90' title="bbox 2372 3794 3884 3870">
     <span class='ocr_line' id='line_1_90' title="bbox 2372 3794 3884 3870; baseline -0.003 -18"><span class='ocrx_word' id='word_1_598' title='bbox 2372 3803 2568 3852; x_wconf 80' lang='grc' dir='ltr'>Καί-</span> <span class='ocrx_word' id='word_1_599' title='bbox 2613 3796 2664 3850; x_wconf 67' lang='grc' dir='ltr'>ἓν</span> <span class='ocrx_word' id='word_1_600' title='bbox 2719 3805 2791 3868; x_wconf 84' lang='grc' dir='ltr'>τῷ</span> <span class='ocrx_word' id='word_1_601' title='bbox 2846 3797 2970 3869; x_wconf 84' lang='grc' dir='ltr'>λαῷ.</span> <span class='ocrx_word' id='word_1_602' title='bbox 3003 3803 3180 3850; x_wconf 84' lang='grc' dir='ltr'>Ταῦτα</span> <span class='ocrx_word' id='word_1_603' title='bbox 3224 3801 3314 3849; x_wconf 88' lang='grc' dir='ltr'>καὶ</span> <span class='ocrx_word' id='word_1_604' title='bbox 3361 3799 3408 3850; x_wconf 72' lang='grc' dir='ltr'>ἄν</span> <span class='ocrx_word' id='word_1_605' title='bbox 3461 3794 3605 3870; x_wconf 67' lang='grc' dir='ltr'>ἀρχῇ</span> <span class='ocrx_word' id='word_1_606' title='bbox 3661 3802 3748 3848; x_wconf 85' lang='grc' dir='ltr'>τοῦ</span> <span class='ocrx_word' id='word_1_607' title='bbox 3798 3813 3884 3847; x_wconf 85' lang='grc' dir='ltr'>τε-</span> 
     </span>
    </p>
   </div>
   <div class='ocr_carea' id='block_1_91' title="bbox 2297 3885 3887 3961">
    <p class='ocr_par' dir='ltr' id='par_1_91' title="bbox 2297 3885 3887 3961">
     <span class='ocr_line' id='line_1_91' title="bbox 2297 3885 3887 3961; baseline -0.002 -21"><span class='ocrx_word' id='word_1_608' title='bbox 2297 3889 2488 3960; x_wconf 84' lang='grc' dir='ltr'>τάρτου</span> <span class='ocrx_word' id='word_1_609' title='bbox 2539 3887 2814 3959; x_wconf 71' lang='grc' dir='ltr'>κεφαλαίου</span> <span class='ocrx_word' id='word_1_610' title='bbox 2894 3890 3091 3961; x_wconf 76' lang='grc' dir='ltr'>εἴρηκεν</span> <span class='ocrx_word' id='word_1_611' title='bbox 3165 3887 3190 3938; x_wconf 93' lang='lat'>6</span> <span class='ocrx_word' id='word_1_612' title='bbox 3246 3890 3424 3958; x_wconf 88' lang='grc' dir='ltr'>παρὼν</span> <span class='ocrx_word' id='word_1_613' title='bbox 3503 3885 3887 3957; x_wconf 77' lang='grc' dir='ltr'>εύαγγελιστής,</span> 
     </span>
    </p>
   </div>
   <div class='ocr_carea' id='block_1_92' title="bbox 2299 3972 3897 4049">
    <p class='ocr_par' dir='ltr' id='par_1_92' title="bbox 2299 3972 3897 4049">
     <span class='ocr_line' id='line_1_92' title="bbox 2299 3972 3897 4049; baseline -0.001 -21"><span class='ocrx_word' id='word_1_614' title='bbox 2299 3982 2387 4028; x_wconf 86' lang='grc' dir='ltr'>καὶ</span> <span class='ocrx_word' id='word_1_615' title='bbox 2417 3975 2816 4048; x_wconf 81' lang='grc' dir='ltr'>ἠρμηνεύθησαν</span> <span class='ocrx_word' id='word_1_616' title='bbox 2865 3974 2912 4027; x_wconf 82' lang='grc' dir='ltr'>ἐν</span> <span class='ocrx_word' id='word_1_617' title='bbox 2979 3975 3175 4046; x_wconf 82' lang='grc' dir='ltr'>ἐκείνῳ.</span> <span class='ocrx_word' id='word_1_618' title='bbox 3233 3980 3472 4033; x_wconf 77' lang='grc' dir='ltr'>Ζήτησον</span> <span class='ocrx_word' id='word_1_619' title='bbox 3529 3972 3714 4027; x_wconf 79' lang='grc' dir='ltr'>δὲκαὶ</span> <span class='ocrx_word' id='word_1_620' title='bbox 3753 3976 3897 4049; x_wconf 84' lang='grc' dir='ltr'>παρὰ</span> 
     </span>
    </p>
   </div>
   <div class='ocr_carea' id='block_1_93' title="bbox 2301 4063 3895 4138">
    <p class='ocr_par' dir='ltr' id='par_1_93' title="bbox 2301 4063 3895 4138">
     <span class='ocr_line' id='line_1_93' title="bbox 2301 4063 3895 4138; baseline -0.001 -21"><span class='ocrx_word' id='word_1_621' title='bbox 2301 4074 2372 4136; x_wconf 85' lang='grc' dir='ltr'>τῷ</span> <span class='ocrx_word' id='word_1_622' title='bbox 2429 4067 2626 4138; x_wconf 87' lang='grc' dir='ltr'>Μάρκῳ</span> <span class='ocrx_word' id='word_1_623' title='bbox 2669 4068 2726 4117; x_wconf 84' lang='grc' dir='ltr'>τὸ</span> <span class='ocrx_word' id='word_1_624' title='bbox 2791 4063 2927 4125; x_wconf 81' lang='grc' dir='ltr'>τέλος</span> <span class='ocrx_word' id='word_1_625' title='bbox 2977 4071 3069 4117; x_wconf 83' lang='grc' dir='ltr'>τοῦ</span> <span class='ocrx_word' id='word_1_626' title='bbox 3130 4068 3304 4137; x_wconf 84' lang='grc' dir='ltr'>τρίτου</span> <span class='ocrx_word' id='word_1_627' title='bbox 3375 4063 3651 4136; x_wconf 74' lang='grc' dir='ltr'>κεφαλαίου</span> <span class='ocrx_word' id='word_1_628' title='bbox 3710 4063 3895 4133; x_wconf 76' lang='grc' dir='ltr'>αὐτοῦ,</span> 
     </span>
    </p>
   </div>
   <div class='ocr_carea' id='block_1_94' title="bbox 2303 4149 3891 4227">
    <p class='ocr_par' dir='ltr' id='par_1_94' title="bbox 2303 4149 3891 4227">
     <span class='ocr_line' id='line_1_94' title="bbox 2303 4149 3891 4227; baseline -0.002 -21"><span class='ocrx_word' id='word_1_629' title='bbox 2303 4158 2392 4206; x_wconf 79' lang='grc' dir='ltr'>καὶ</span> <span class='ocrx_word' id='word_1_630' title='bbox 2444 4155 2680 4227; x_wconf 84' lang='grc' dir='ltr'>εύρήσεις</span> <span class='ocrx_word' id='word_1_631' title='bbox 2745 4149 2998 4226; x_wconf 80' lang='grc' dir='ltr'>διαφορὰν</span> <span class='ocrx_word' id='word_1_632' title='bbox 3073 4153 3265 4214; x_wconf 86' lang='grc' dir='ltr'>πόλεως</span> <span class='ocrx_word' id='word_1_633' title='bbox 3342 4158 3432 4204; x_wconf 78' lang='grc' dir='ltr'>καὶ</span> <span class='ocrx_word' id='word_1_634' title='bbox 3497 4157 3673 4224; x_wconf 79' lang='grc' dir='ltr'>κώμης</span> <span class='ocrx_word' id='word_1_635' title='bbox 3727 4149 3775 4203; x_wconf 76' lang='grc' dir='ltr'>έν</span> <span class='ocrx_word' id='word_1_636' title='bbox 3829 4158 3891 4222; x_wconf 81' lang='grc' dir='ltr'>τῇ</span> 
     </span>
    </p>
   </div>
   <div class='ocr_carea' id='block_1_95' title="bbox 2303 4238 3896 4316">
    <p class='ocr_par' dir='ltr' id='par_1_95' title="bbox 2303 4238 3896 4316">
     <span class='ocr_line' id='line_1_95' title="bbox 2303 4238 3896 4316; baseline -0.003 -20"><span class='ocrx_word' id='word_1_637' title='bbox 2303 4241 2494 4296; x_wconf 79' lang='grc' dir='ltr'>έκείνου</span> <span class='ocrx_word' id='word_1_638' title='bbox 2548 4241 2805 4314; x_wconf 75' lang='grc' dir='ltr'>ἐξηγήσει.</span> <span class='ocrx_word' id='word_1_639' title='bbox 2857 4247 3178 4316; x_wconf 78' lang='grc' dir='ltr'>Περιήρχετο</span> <span class='ocrx_word' id='word_1_640' title='bbox 3241 4238 3299 4295; x_wconf 77' lang='grc' dir='ltr'>δε</span> <span class='ocrx_word' id='word_1_641' title='bbox 3345 4244 3434 4302; x_wconf 82' lang='grc' dir='ltr'>τὰς</span> <span class='ocrx_word' id='word_1_642' title='bbox 3499 4240 3666 4303; x_wconf 88' lang='grc' dir='ltr'>πόλεις</span> <span class='ocrx_word' id='word_1_643' title='bbox 3718 4242 3896 4300; x_wconf 87' lang='grc' dir='ltr'>πάσας</span> 
     </span>
    </p>
   </div>
   <div class='ocr_carea' id='block_1_96' title="bbox 2301 4326 3892 4404">
    <p class='ocr_par' dir='ltr' id='par_1_96' title="bbox 2301 4326 3892 4404">
     <span class='ocr_line' id='line_1_96' title="bbox 2301 4326 3892 4404; baseline -0.003 -20"><span class='ocrx_word' id='word_1_644' title='bbox 2301 4337 2391 4385; x_wconf 80' lang='grc' dir='ltr'>καὶ</span> <span class='ocrx_word' id='word_1_645' title='bbox 2441 4335 2530 4392; x_wconf 80' lang='grc' dir='ltr'>τὰς</span> <span class='ocrx_word' id='word_1_646' title='bbox 2585 4337 2762 4404; x_wconf 82' lang='grc' dir='ltr'>κώμας</span> <span class='ocrx_word' id='word_1_647' title='bbox 2817 4339 2915 4383; x_wconf 89' lang='grc' dir='ltr'>τῶν</span> <span class='ocrx_word' id='word_1_648' title='bbox 2981 4328 3274 4400; x_wconf 78' lang='grc' dir='ltr'>Ἰουδαίων,</span> <span class='ocrx_word' id='word_1_649' title='bbox 3326 4331 3408 4382; x_wconf 80' lang='grc' dir='ltr'>ἵνα</span> <span class='ocrx_word' id='word_1_650' title='bbox 3480 4326 3668 4403; x_wconf 82' lang='grc' dir='ltr'>μηδεὶς</span> <span class='ocrx_word' id='word_1_651' title='bbox 3728 4328 3892 4381; x_wconf 76' lang='grc' dir='ltr'>αὐτῶν</span> 
     </span>
    </p>
   </div>
   <div class='ocr_carea' id='block_1_97' title="bbox 2302 4415 3383 4494">
    <p class='ocr_par' dir='ltr' id='par_1_97' title="bbox 2302 4415 3383 4494">
     <span class='ocr_line' id='line_1_97' title="bbox 2302 4415 3383 4494; baseline -0.003 -21"><span class='ocrx_word' id='word_1_652' title='bbox 2302 4423 2420 4493; x_wconf 78' lang='grc' dir='ltr'>ἔχοι</span> <span class='ocrx_word' id='word_1_653' title='bbox 2447 4421 2629 4492; x_wconf 71' lang='grc' dir='ltr'>λέγειν,</span> <span class='ocrx_word' id='word_1_654' title='bbox 2653 4422 2730 4473; x_wconf 88' lang='grc' dir='ltr'>ὃτι</span> <span class='ocrx_word' id='word_1_655' title='bbox 2753 4423 2884 4494; x_wconf 88' lang='grc' dir='ltr'>Πρὸς</span> <span class='ocrx_word' id='word_1_656' title='bbox 2913 4420 3048 4490; x_wconf 80' lang='grc' dir='ltr'>ἡμᾶς</span> <span class='ocrx_word' id='word_1_657' title='bbox 3073 4419 3167 4470; x_wconf 74' lang='grc' dir='ltr'>οὐκ</span> <span class='ocrx_word' id='word_1_658' title='bbox 3216 4415 3383 4477; x_wconf 76' lang='grc' dir='ltr'>ἦλθεν.</span> 
     </span>
    </p>
   </div>
   <div class='ocr_carea' id='block_1_98' title="bbox 2375 4504 3892 4580">
    <p class='ocr_par' dir='ltr' id='par_1_98' title="bbox 2375 4504 3892 4580">
     <span class='ocr_line' id='line_1_98' title="bbox 2375 4504 3892 4580; baseline -0.004 -18"><span class='ocrx_word' id='word_1_659' title='bbox 2375 4506 2523 4562; x_wconf 87' lang='grc' dir='ltr'>Ἰδὼν</span> <span class='ocrx_word' id='word_1_660' title='bbox 2562 4540 2628 4549; x_wconf 94' lang='grc'><strong><em>-</em></strong></span> <span class='ocrx_word' id='word_1_661' title='bbox 2681 4512 2917 4580; x_wconf 86' lang='grc' dir='ltr'>ποιμένα.</span> <span class='ocrx_word' id='word_1_662' title='bbox 2970 4538 3036 4548; x_wconf 89' lang='grc'><strong><em>-</em></strong></span> <span class='ocrx_word' id='word_1_663' title='bbox 3069 4506 3404 4578; x_wconf 79' lang='grc' dir='ltr'>Ἐσκύλμένοι</span> <span class='ocrx_word' id='word_1_664' title='bbox 3453 4507 3564 4578; x_wconf 85' lang='grc'>(99)</span> <span class='ocrx_word' id='word_1_665' title='bbox 3613 4510 3723 4579; x_wconf 71' lang='grc' dir='ltr'>μεν,</span> <span class='ocrx_word' id='word_1_666' title='bbox 3782 4504 3892 4557; x_wconf 71' lang='grc' dir='ltr'>ἀντὶ</span> 
     </span>
    </p>
   </div>
   <div class='ocr_carea' id='block_1_99' title="bbox 2992 4592 3897 4665">
    <p class='ocr_par' dir='ltr' id='par_1_99' title="bbox 2992 4592 3897 4665">
     <span class='ocr_line' id='line_1_99' title="bbox 2992 4592 3897 4665; baseline -0.003 -16"><span class='ocrx_word' id='word_1_667' title='bbox 2992 4592 3084 4650; x_wconf 82' lang='grc' dir='ltr'>διὰ</span> <span class='ocrx_word' id='word_1_668' title='bbox 3134 4598 3190 4647; x_wconf 89' lang='grc' dir='ltr'>τὸ</span> <span class='ocrx_word' id='word_1_669' title='bbox 3268 4598 3339 4664; x_wconf 79' lang='grc' dir='ltr'>μὴ</span> <span class='ocrx_word' id='word_1_670' title='bbox 3431 4597 3570 4665; x_wconf 78' lang='grc' dir='ltr'>ἔχειν</span> <span class='ocrx_word' id='word_1_671' title='bbox 3646 4599 3731 4646; x_wconf 88' lang='grc' dir='ltr'>τὸν</span> <span class='ocrx_word' id='word_1_672' title='bbox 3779 4596 3897 4647; x_wconf 81' lang='grc' dir='ltr'>ἑπι-</span> 
     </span>
    </p>
   </div>
   <div class='ocr_carea' id='block_1_100' title="bbox 2301 4597 2914 4670">
    <p class='ocr_par' dir='ltr' id='par_1_100' title="bbox 2301 4597 2914 4670">
     <span class='ocr_line' id='line_1_100' title="bbox 2301 4597 2914 4670; baseline -0.005 -19"><span class='ocrx_word' id='word_1_673' title='bbox 2301 4606 2412 4664; x_wconf 77' lang='grc' dir='ltr'>τού,</span> <span class='ocrx_word' id='word_1_674' title='bbox 2498 4597 2914 4670; x_wconf 79' lang='grc' dir='ltr'>ἁνεπίστρεπτοι,</span> 
     </span>
    </p>
   </div>
   <div class='ocr_carea' id='block_1_101' title="bbox 2303 4680 3898 4761">
    <p class='ocr_par' dir='ltr' id='par_1_101' title="bbox 2303 4680 3898 4761">
     <span class='ocr_line' id='line_1_101' title="bbox 2303 4680 3898 4761; baseline -0.003 -22"><span class='ocrx_word' id='word_1_675' title='bbox 2303 4691 2609 4761; x_wconf 77' lang='grc' dir='ltr'>στρέφοντα·</span> <span class='ocrx_word' id='word_1_676' title='bbox 2689 4685 2981 4760; x_wconf 73' lang='grc' dir='ltr'>ἐρριμμένοι</span> <span class='ocrx_word' id='word_1_677' title='bbox 3065 4682 3142 4754; x_wconf 67' lang='grc' dir='ltr'>δὲ,</span> <span class='ocrx_word' id='word_1_678' title='bbox 3230 4680 3344 4734; x_wconf 85' lang='grc' dir='ltr'>ἀντὶ</span> <span class='ocrx_word' id='word_1_679' title='bbox 3395 4691 3507 4747; x_wconf 76' lang='grc' dir='ltr'>τοῦ,</span> <span class='ocrx_word' id='word_1_680' title='bbox 3586 4682 3898 4754; x_wconf 71' lang='grc' dir='ltr'>ᾖμελημένοι</span> 
     </span>
    </p>
   </div>
   <div class='ocr_carea' id='block_1_102' title="bbox 2301 4769 3898 4845">
    <p class='ocr_par' dir='ltr' id='par_1_102' title="bbox 2301 4769 3898 4845">
     <span class='ocr_line' id='line_1_102' title="bbox 2301 4769 3898 4845; baseline -0.004 -17"><span class='ocrx_word' id='word_1_681' title='bbox 2301 4775 2486 4842; x_wconf 62' lang='grc' dir='ltr'>τελεον,</span> <span class='ocrx_word' id='word_1_682' title='bbox 2539 4772 2692 4833; x_wconf 84' lang='grc' dir='ltr'>δίκην</span> <span class='ocrx_word' id='word_1_683' title='bbox 2780 4773 3106 4845; x_wconf 75' lang='grc' dir='ltr'>ἁποιμάντων</span> <span class='ocrx_word' id='word_1_684' title='bbox 3196 4769 3488 4844; x_wconf 58' lang='grc' dir='ltr'>προϐάτων</span> <span class='ocrx_word' id='word_1_685' title='bbox 3561 4772 3628 4820; x_wconf 83' lang='grc' dir='ltr'>ὧν</span> <span class='ocrx_word' id='word_1_686' title='bbox 3686 4773 3751 4820; x_wconf 83' lang='grc' dir='ltr'>τὰ</span> <span class='ocrx_word' id='word_1_687' title='bbox 3806 4775 3898 4841; x_wconf 69' lang='grc' dir='ltr'>μὲν</span> 
     </span>
    </p>
   </div>
   <div class='ocr_carea' id='block_1_103' title="bbox 2299 4855 3898 4934">
    <p class='ocr_par' dir='ltr' id='par_1_103' title="bbox 2299 4855 3898 4934">
     <span class='ocr_line' id='line_1_103' title="bbox 2299 4855 3898 4934; baseline -0.004 -17"><span class='ocrx_word' id='word_1_688' title='bbox 2299 4863 2564 4934; x_wconf 76' lang='grc' dir='ltr'>ἕσκυλται,</span> <span class='ocrx_word' id='word_1_689' title='bbox 2625 4867 2785 4934; x_wconf 79' lang='grc' dir='ltr'>ἤγουν</span> <span class='ocrx_word' id='word_1_690' title='bbox 2856 4862 3204 4918; x_wconf 82' lang='grc' dir='ltr'>πεπλάνηνται</span> <span class='ocrx_word' id='word_1_691' title='bbox 3255 4855 3387 4931; x_wconf 78' lang='grc' dir='ltr'>τῇδε</span> <span class='ocrx_word' id='word_1_692' title='bbox 3429 4856 3663 4909; x_wconf 78' lang='grc' dir='ltr'>κάκεῖσε·</span> <span class='ocrx_word' id='word_1_693' title='bbox 3723 4859 3788 4908; x_wconf 85' lang='grc' dir='ltr'>τὰ</span> <span class='ocrx_word' id='word_1_694' title='bbox 3837 4855 3898 4910; x_wconf 73' lang='grc' dir='ltr'>δε</span> 
     </span>
    </p>
   </div>
   <div class='ocr_carea' id='block_1_104' title="bbox 2300 4943 3898 5028">
    <p class='ocr_par' dir='ltr' id='par_1_104' title="bbox 2300 4943 3898 5028">
     <span class='ocr_line' id='line_1_104' title="bbox 2300 4943 3898 5028; baseline -0.006 -22"><span class='ocrx_word' id='word_1_695' title='bbox 2300 4953 2556 5028; x_wconf 76' lang='grc' dir='ltr'>ἔρριπται,</span> <span class='ocrx_word' id='word_1_696' title='bbox 2610 4956 2728 5010; x_wconf 78' lang='grc' dir='ltr'>ἤτοι</span> <span class='ocrx_word' id='word_1_697' title='bbox 2781 4949 3211 5015; x_wconf 81' lang='grc' dir='ltr'>καταϐέϐληνται,</span> <span class='ocrx_word' id='word_1_698' title='bbox 3255 4943 3349 5000; x_wconf 83' lang='grc' dir='ltr'>διὰ</span> <span class='ocrx_word' id='word_1_699' title='bbox 3398 4950 3456 4998; x_wconf 88' lang='grc' dir='ltr'>τὸ</span> <span class='ocrx_word' id='word_1_700' title='bbox 3503 4950 3574 5018; x_wconf 81' lang='grc' dir='ltr'>μὴ</span> <span class='ocrx_word' id='word_1_701' title='bbox 3626 4947 3766 5017; x_wconf 83' lang='grc' dir='ltr'>ἔχειν</span> <span class='ocrx_word' id='word_1_702' title='bbox 3810 4949 3898 4998; x_wconf 86' lang='grc' dir='ltr'>τὸν</span> 
     </span>
    </p>
   </div>
   <div class='ocr_carea' id='block_1_105' title="bbox 2299 5033 3898 5116">
    <p class='ocr_par' dir='ltr' id='par_1_105' title="bbox 2299 5033 3898 5116">
     <span class='ocr_line' id='line_1_105' title="bbox 2299 5033 3898 5116; baseline -0.004 -21"><span class='ocrx_word' id='word_1_703' title='bbox 2299 5042 2681 5116; x_wconf 73' lang='grc' dir='ltr'>ἐπιμελόμενον,</span> <span class='ocrx_word' id='word_1_704' title='bbox 2741 5042 2806 5093; x_wconf 83' lang='grc' dir='ltr'>Οἱ</span> <span class='ocrx_word' id='word_1_705' title='bbox 2860 5042 2961 5113; x_wconf 80' lang='grc' dir='ltr'>γὰρ</span> <span class='ocrx_word' id='word_1_706' title='bbox 3028 5047 3129 5092; x_wconf 88' lang='grc' dir='ltr'>τῶν</span> <span class='ocrx_word' id='word_1_707' title='bbox 3187 5033 3459 5091; x_wconf 79' lang='grc' dir='ltr'>Ἰουδαίων</span> <span class='ocrx_word' id='word_1_708' title='bbox 3539 5036 3790 5109; x_wconf 78' lang='grc' dir='ltr'>ἄρχοντες</span> <span class='ocrx_word' id='word_1_709' title='bbox 3837 5035 3898 5088; x_wconf 82' lang='grc' dir='ltr'>ού</span> 
     </span>
    </p>
   </div>
   <div class='ocr_carea' id='block_1_106' title="bbox 2299 5120 3901 5205">
    <p class='ocr_par' dir='ltr' id='par_1_106' title="bbox 2299 5120 3901 5205">
     <span class='ocr_line' id='line_1_106' title="bbox 2299 5120 3901 5205; baseline -0.005 -20"><span class='ocrx_word' id='word_1_710' title='bbox 2299 5136 2450 5205; x_wconf 86' lang='grc' dir='ltr'>μόνον</span> <span class='ocrx_word' id='word_1_711' title='bbox 2499 5131 2593 5184; x_wconf 71' lang='grc' dir='ltr'>οὐκ</span> <span class='ocrx_word' id='word_1_712' title='bbox 2644 5129 2948 5202; x_wconf 77' lang='grc' dir='ltr'>ἐπέστρεφον</span> <span class='ocrx_word' id='word_1_713' title='bbox 2993 5131 3116 5191; x_wconf 85' lang='grc' dir='ltr'>τοὺς</span> <span class='ocrx_word' id='word_1_714' title='bbox 3166 5127 3577 5201; x_wconf 81' lang='grc' dir='ltr'>ἁμαρτάνοντάς,</span> <span class='ocrx_word' id='word_1_715' title='bbox 3622 5120 3736 5178; x_wconf 79' lang='grc' dir='ltr'>οὐδ’</span> <span class='ocrx_word' id='word_1_716' title='bbox 3788 5122 3901 5178; x_wconf 83' lang='grc' dir='ltr'>ἒπε-</span> 
     </span>
    </p>
   </div>
   <div class='ocr_carea' id='block_1_107' title="bbox 1756 5376 2677 5446">
    <p class='ocr_par' dir='ltr' id='par_1_107' title="bbox 1756 5376 2677 5446">
     <span class='ocr_line' id='line_1_107' title="bbox 1756 5376 2677 5446; baseline -0.004 -1"><span class='ocrx_word' id='word_1_717' title='bbox 1756 5376 1971 5445; x_wconf 68' lang='lat' dir='ltr'>Variaa</span> <span class='ocrx_word' id='word_1_718' title='bbox 2004 5376 2329 5446; x_wconf 89' lang='lat' dir='ltr'>lectiones</span> <span class='ocrx_word' id='word_1_719' title='bbox 2369 5385 2434 5444; x_wconf 89' lang='lat' dir='ltr'>et</span> <span class='ocrx_word' id='word_1_720' title='bbox 2473 5385 2677 5444; x_wconf 70' lang='lat' dir='ltr'>notae.</span> 
     </span>
    </p>
   </div>
   <div class='ocr_carea' id='block_1_108' title="bbox 607 5524 2188 5604">
    <p class='ocr_par' dir='ltr' id='par_1_108' title="bbox 607 5528 2188 5604">
     <span class='ocr_line' id='line_1_108' title="bbox 607 5528 2188 5604; baseline -0.001 -17"><span class='ocrx_word' id='word_1_721' title='bbox 607 5531 719 5604; x_wconf 88' lang='lat'>(99)</span> <span class='ocrx_word' id='word_1_722' title='bbox 751 5534 910 5587; x_wconf 84' lang='lat' dir='ltr'>Hunc</span> <span class='ocrx_word' id='word_1_723' title='bbox 936 5529 1136 5587; x_wconf 88' lang='lat' dir='ltr'>locum</span> <span class='ocrx_word' id='word_1_724' title='bbox 1163 5528 1574 5601; x_wconf 87' lang='lat' dir='ltr'>inpterretatur</span> <span class='ocrx_word' id='word_1_725' title='bbox 1602 5528 2044 5601; x_wconf 82' lang='lat' dir='ltr'>Chrysostomus</span> <span class='ocrx_word' id='word_1_726' title='bbox 2083 5534 2120 5586; x_wconf 88' lang='lat' dir='ltr'>t.</span> <span class='ocrx_word' id='word_1_727' title='bbox 2155 5531 2188 5585; x_wconf 80' lang='grc' dir='ltr'><strong>Χ</strong></span> 
     </span>
    </p>
   </div>
   <div class='ocr_carea' id='block_1_109' title="bbox 2296 5524 3465 5604">
    <p class='ocr_par' dir='ltr' id='par_1_109' title="bbox 2296 5524 3465 5601">
     <span class='ocr_line' id='line_1_109' title="bbox 2296 5524 3465 5601; baseline -0.006 -16"><span class='ocrx_word' id='word_1_728' title='bbox 2296 5544 2354 5601; x_wconf 88' lang='lat' dir='ltr'>p.</span> <span class='ocrx_word' id='word_1_729' title='bbox 2388 5527 2492 5585; x_wconf 90' lang='lat'>390</span> <span class='ocrx_word' id='word_1_730' title='bbox 2517 5527 2620 5585; x_wconf 90' lang='lat' dir='ltr'>ubi</span> <span class='ocrx_word' id='word_1_731' title='bbox 2651 5525 2833 5584; x_wconf 90' lang='lat' dir='ltr'>habet</span> <span class='ocrx_word' id='word_1_732' title='bbox 2859 5528 2926 5580; x_wconf 82' lang='grc' dir='ltr'>τὰ</span> <span class='ocrx_word' id='word_1_733' title='bbox 2952 5525 3125 5586; x_wconf 76' lang='grc' dir='ltr'>πλήθη</span> <span class='ocrx_word' id='word_1_734' title='bbox 3158 5524 3465 5600; x_wconf 76' lang='grc' dir='ltr'>ἐσκυλμένοι.</span> 
     </span>
    </p>
   </div>
   <div class='ocr_carea' id='block_1_110' title="bbox 606 5654 2519 5730">
    <p class='ocr_par' dir='ltr' id='par_1_110' title="bbox 606 5654 2519 5730">
     <span class='ocr_line' id='line_1_110' title="bbox 606 5654 2519 5730; baseline -0.002 -20"><span class='ocrx_word' id='word_1_735' title='bbox 606 5656 726 5730; x_wconf 85' lang='lat' dir='ltr'>(uu)</span> <span class='ocrx_word' id='word_1_736' title='bbox 754 5655 1002 5729; x_wconf 66' lang='lat' dir='ltr'>Efecitet</span> <span class='ocrx_word' id='word_1_737' title='bbox 1027 5655 1210 5728; x_wconf 88' lang='lat' dir='ltr'>ejecto</span> <span class='ocrx_word' id='word_1_738' title='bbox 1252 5654 1448 5711; x_wconf 90' lang='lat' dir='ltr'>soluta</span> <span class='ocrx_word' id='word_1_739' title='bbox 1473 5659 1610 5712; x_wconf 89' lang='lat' dir='ltr'>sunt</span> <span class='ocrx_word' id='word_1_740' title='bbox 1630 5654 1881 5722; x_wconf 87' lang='lat' dir='ltr'>vincula,</span> <span class='ocrx_word' id='word_1_741' title='bbox 1916 5654 2199 5711; x_wconf 88' lang='lat' dir='ltr'>intellexit</span> <span class='ocrx_word' id='word_1_742' title='bbox 2227 5658 2422 5711; x_wconf 87' lang='lat' dir='ltr'>autem</span> <span class='ocrx_word' id='word_1_743' title='bbox 2445 5657 2519 5711; x_wconf 89' lang='lat' dir='ltr'>et.</span> 
     </span>
    </p>
   </div>
  </div>
