4170 6448
209 364 317 435 321

1210 361 1575 427 COMMENT.
1617 352 1689 426 IN
1729 356 2176 425 MATTHAZUM.
2217 399 2284 411 —
2324 369 2478 425 CAP.
2521 369 2596 424 χ.

3500 370 3607 425 322

211 500 477 573 μελοῦντο
533 505 636 550 τῶν
684 495 1112 571 κατερραγμένων
1159 494 1238 568 (1)
1289 493 1416 547 ἀλλὰ
1461 493 1650 566 μᾶλλον
1692 493 1840 546 αὐτοὶ

1984 507 2153 548 uram
2208 492 2528 555 habebant,
2582 492 2689 549 sed
2727 496 2784 548 et
2815 493 2985 564 pejus
3018 481 3132 563 ipsi
3189 486 3383 548 affecti
3428 498 3609 551 erant

211 595 409 660 χεῖρον
433 594 531 640 τοῦ
552 585 685 638 λαοῦ
717 581 990 637 διέκειντο.

289 680 530 728 Τότε-
561 674 755 745 ὀλίγοι.
811 676 1074 746 Θερισμόν
1130 675 1241 744 μέν,
1291 675 1448 741 ἤγουν
1499 673 1660 744 θέρος,
1701 670 1845 723 καλεὶ⁹

211 773 308 817 νῦν
347 768 478 825 τοὺς
507 771 801 815 πιστεῦσαι
841 761 1134 833 μέλλοντας,
1169 763 1232 819 ὡς
1262 759 1499 831 ἑτοίμους
1527 760 1598 820 εἰς
1627 763 1685 811 τὸ
1719 778 1846 830 συγ-

213 855 562 926 κομισθῆναι
619 848 716 903 διὰ
775 854 834 902 τό
901 856 1466 922 προεγκατασπαρῆναι
1526 848 1697 908 αὐτοῖς
1751 853 1845 905 τὴν

216 948 412 1014 φήμην
457 948 556 1001 τῆς
609 936 970 998 διδασκαλίας
1023 942 1111 989 καὶ
1171 940 1267 989 τῶν
1319 939 1592 1009 θαυμάτων
1652 937 1836 994 αὐτοῦ,

218 1032 466 1089 Ἀπῆλθε
505 1032 633 1100 γὰρ,
661 1033 846 1100 φησὶν,
875 1029 904 1084 ἠ
941 1026 1067 1084 ἁκοή
1098 1027 1256 1078 αὐτοῦ
1283 1026 1351 1088 εἰς
1379 1027 1498 1083 ὅλην
1524 1032 1615 1084 τὴν
1638 1030 1844 1100 Συρίαν.

221 1121 502 1190 Ἐργεέτας
533 1114 616 1181 δὲ,
651 1121 770 1175 ἦτοι
807 1117 1068 1189 θεριστάς,
1091 1113 1225 1185 λέγει
1255 1118 1375 1176 τοὺς
1403 1116 1642 1186 μαθητὰς
1666 1114 1846 1182 αύτοῦ,

222 1209 312 1268 οῦς
340 1206 593 1259 ἐϐούλετο
622 1204 832 1276 πέμψαι
855 1207 985 1277 πρὸς
1011 1200 1338 1274 συγκομιδὴν
1362 1211 1462 1255 τῶν
1488 1207 1730 1256 τοιούτων
1759 1202 1850 1256 ὰσ-

224 1297 478 1367 ταχύων,
500 1292 621 1347 Ἵνα
648 1296 752 1365 γὰρ
779 1296 877 1365 μὴ,
915 1290 1280 1364 ἕπεσυρόμενος
1407 1295 1470 1343 τὰ
1495 1291 1690 1357 πλήθη,
1719 1288 1848 1364 δόξῃ

235 1383 324 1438 διὰ
356 1380 523 1436 τοῦτο
552 1382 934 1456 περιέρχεσθαι
956 1383 1045 1441 τὰς
1070 1379 1242 1440 πόλεις
1262 1384 1351 1432 καὶ
1379 1385 1574 1452 κώμας,
1606 1379 1853 1452 έκπέμπει

227 1477 354 1534 τοὺς
384 1473 636 1544 μαθητὰς
666 1468 781 1522 ἀνθ·
813 1468 1018 1522 εαυτοῦ.

301 1561 469 1613 Ἐστι
520 1555 582 1611 δὲ
635 1563 726 1610 καὶ
786 1557 966 1630 ἑτέρως
1018 1556 1192 1618 εἰπεῖν,
1227 1557 1306 1608 ὅτι
1370 1558 1613 1630 θερισμόν
1661 1560 1852 1631 εἴρηκε,

229 1648 501 1703 δεικνύων
561 1651 655 1706 τὴν
703 1645 975 1718 εὐχέρειαν
1019 1653 1113 1705 τῆς
1157 1647 1400 1705 τοιαύτης
1440 1642 1726 1711 διακονίας,
1787 1649 1854 1708 ὡς

229 1747 330 1792 τοῦ
398 1737 644 1810 μείζονος
697 1739 858 1787 πόνου
941 1732 1287 1807 προλαϐόντος
1371 1737 1460 1786 καὶ
1541 1734 1857 1796 τελεσθέντος

1949 596 2134 652 quam
2164 581 2450 652 populus.

2031 667 2192 724 Vers.
2223 674 2308 725 37.
2347 671 2506 726 Tunc
2535 701 2598 710 —
2623 670 2818 739 pauci.
2863 672 3108 726 Messem
3141 669 3235 725 hic
3275 675 3448 726 vocat
3479 687 3603 738 eos,

1951 764 2054 836 qui
2076 759 2352 818 credituri
2381 765 2564 823 erant,
2613 764 2900 829 tanquam
2936 764 3173 828 paratos
3207 762 3270 812 ut
3312 758 3386 814 ad
3423 758 3607 814 fidem

1951 851 2303 920 colligantur
2335 847 2512 920 :quia
2534 846 2659 918 jam
2711 847 2796 901 eis
2835 845 3230 901 disseminata
3273 852 3398 901 erat
3447 847 3611 903 fama

1957 937 2381 996 miraculorum
2413 936 2565 1006 ejus.
2594 934 2798 989 Emittit
2828 934 2986 988 enim
3033 935 3193 1003 fama
3219 936 3363 1002 ejus,
3396 933 3606 1006 inquit,

1953 1029 2015 1084 in
2035 1030 2370 1083 universam
2391 1025 2621 1094 Syriam
2641 1024 2708 1077 ³⁸.
2731 1024 3080 1094 Operatores
3103 1037 3242 1077 vero
3257 1027 3359 1077 aut
3384 1038 3612 1078 messo-

1955 1132 2050 1173 res
2077 1115 2219 1171 dicit
2254 1113 2581 1184 discipulos
2607 1127 2766 1177 suos,
2798 1126 2952 1183 quos
2990 1111 3217 1166 mittere
3239 1110 3479 1169 volebat
3536 1111 3610 1167 ad

1957 1204 2164 1260 talium
2194 1201 2626 1258 collectionem.
2660 1203 2738 1256 Ne
2770 1200 2930 1254 enim
2989 1199 3173 1254 ascita
3228 1199 3611 1256 multitudine

1958 1293 2254 1348 videretur
2290 1295 2532 1363 propter
2559 1289 2673 1345 hoc
2702 1287 3016 1344 circumire
3045 1287 3312 1344 civitates
3342 1293 3399 1344 et
3431 1289 3608 1354 vicos,

1961 1379 2280 1454 discipulos
2299 1395 2410 1452 pro
2433 1394 2496 1435 se
2526 1377 2758 1435 emittit.

2033 1555 2228 1612 Potest
2247 1559 2442 1610 autem
2474 1558 2530 1609 et
2558 1553 2676 1608 alio
2704 1551 2878 1607 modo
2903 1553 3140 1624 exponi,
3166 1552 3331 1625 quod
3360 1569 3615 1610 messem

1961 1646 2192 1712 dixerit,
2244 1643 2588 1700 facilitatem
2627 1642 2944 1697 ostendens
2971 1641 3312 1711 huiusmodi
3351 1642 3618 1698 ministe-

1962 1735 2030 1790 rii
2076 1736 2326 1804 :utpote
2383 1729 2594 1800 majori
2645 1728 2848 1783 labore
2896 1732 3316 1799 prmoccupato
3367 1729 3492 1798 jam
3548 1743 3616 1785 ac

230 1831 341 1880 ὑπό
375 1833 485 1877 τῶν
505 1831 807 1895 προφητῶν,
838 1821 908 1886 οἳ,
935 1823 1168 1895 καθάπερ
1182 1824 1296 1873 τινὰ
1327 1826 1854 1894 σπίρματαπίστεως,

1984 1820 2223 1878 ierfecto
2252 1835 2284 1873 ο.
2315 1816 2633 1888 prophetis,
2680 1816 2783 1887 qui
2840 1822 3130 1886 tanquam
3181 1816 3412 1871 semina
3464 1831 3616 1888 qum-

231 1924 351 1978 τοίς
395 1909 686 1974 Ἰουδαίοις
725 1914 794 1963 τὰ
825 1915 944 1982 περὶ
985 1917 1076 1962 τοῦ
1117 1917 1351 1983 Χριστοῦ
1394 1910 1854 1984 προκατεϐάλοντο,

232 2006 262 2057 ὃ
326 2007 426 2055 καὶ
486 1999 536 2052 ἐν
590 2008 666 2068 τῷ
734 1999 943 2070 Ἰωάννη
995 1997 1181 2070 ἔλεγεν,
1234 1999 1314 2050 ὅτι
1391 1997 1566 2052 Ἀλλοι
1613 2002 1858 2052 κεκοπιά-

233 2111 432 2160 κασιν,
510 2094 602 2141 καὶ
677 2089 825 2160 ὑμεῖς
908 2087 976 2148 εἰς
1039 2089 1127 2138 τόν
1205 2090 1364 2139 κόπον
1433 2086 1597 2140 αὐτῶν
1666 2087 1862 2146 εἰσελη-

233 2183 303 2234 λύ
311 2183 463 2233 θατε.

317 2269 588 2343 Θερισμόν
649 2261 709 2317 δέ
759 2269 850 2316 καὶ
906 2263 1132 2336 έργοὶτας
1183 2270 1270 2314 νῦν
1337 2263 1509 2330 εἰπὼν,
1585 2268 1862 2337 ανέμνησεν

240 2359 448 2416 αύτούς
494 2359 586 2406 καὶ
655 2361 755 2405 τῶν
798 2359 890 2404 τοῦ
942 2358 1240 2404 Βαπτιστοῦ
1284 2352 1548 2426 ῥημάτων.
1611 2359 1710 2406 Καὶ
1762 2357 1862 2427 γὰρ

241 2448 466 2514 ἐκεῖνος,
529 2446 648 2517 περὶ
711 2448 800 2494 τοῦ
870 2447 1107 2512 Χριστοῦ
1159 2439 1338 2511 λέγων,
1395 2445 1624 2516 γεωργὸν
1707 2443 1864 2496 αὐτόν

241 2534 498 2610 ᾐνίξατο,
566 2532 1042 2602 προμνημονεύσας
1109 2532 1295 2593 πτύον,
1373 2535 1458 2582 καὶ
1513 2530 1722 2598 ἅλωνος,
1774 2536 1863 2584 καὶ

246 2627 432 2686 σίτου,
515 2623 607 2671 καὶ
689 2616 916 2690 ἀχύρου,
1003 2619 1070 2679 ὡς
1147 2615 1196 2669 έν
1252 2625 1324 2687 τῷ
1383 2622 1538 2692 τρίτῳ
1607 2619 1864 2692 κεφαλαίῳ

246 2715 573 2786 προείρηται

327 2800 564 2856 Δεήθητε
639 2799 726 2847 τόν
803 2797 1046 2867 θερισμόν
1112 2794 1297 2852 αὐτοῦ,
1361 2799 1558 2869 Κύρτον
1622 2805 1712 2851 τοῦ
1779 2799 1865 2850 θι-

249 2893 462 2962 ρισμοῦ
526 2885 710 2937 ἑαυτόν
784 2883 939 2955 λέγει,
1013 2885 1082 2945 ὡς
1139 2883 1278 2954 αὐτῷ
1335 2883 1709 2958 φυλαττομένου
1773 2894 1866 2940 τοῦ

246 2978 505 3030 τοιούτου
582 2975 776 3045 θέρους,
847 2976 936 3024 καὶ
1017 2974 1145 3046 πρὸς
1219 2971 1372 3024 αύτόν
1448 2977 1866 3047 πγκομισθῆναι

247 3064 556 3138 μέλλοντος,
588 3066 678 3113 καὶ
709 3063 773 3121 ὡς
803 3059 1041 3123 ἐξουσίαν
1079 3063 1212 3131 έχων
1243 3069 1335 3113 τοῦ
1385 3063 1686 3134 θερισθῆναι
1717 3065 1862 3121 αὐτὸ.

1964 1909 2106 1966 dam
2167 1907 2323 1972 ﬁdei,
2372 1905 2590 1962 Judtnis
2639 1919 2711 1960 ea
2739 1919 2874 1976 quas
2923 1904 2997 1960 de
3028 1905 3258 1960 Christo
3307 1910 3475 1960 erant
3516 1921 3619 1962 au-

1966 1998 2177 2071 spicati
2207 1996 2466 2051 fuerant:
2506 1993 2668 2066 quod
2709 1994 2886 2049 etiam
2932 1993 2987 2049 in
3021 1993 3334 2066 Evangelio
3376 1994 3617 2050 Joannis

1967 2085 2203 2143 dicebat
2234 2084 2394 2140 :Alii
2438 2084 2878 2150 laboraverunt,
2911 2089 2963 2138 et
2988 2098 3081 2139 vos
3112 2084 3174 2138 in
3200 2083 3460 2141 laborem
3489 2083 3619 2140 illo-

1967 2191 2097 2231 rum
2125 2173 2410 2230 introistis
2440 2173 2488 2207 "
2503 2215 2515 2227 .

2039 2265 2280 2321 Messem
2296 2265 2576 2334 praeterea
2594 2259 2961 2331 etoperarios
2988 2258 3334 2324 nominans,
3350 2261 3620 2330 Baptista

1968 2352 2153 2408 verba
2197 2365 2268 2407 ac
2321 2348 2668 2404 memoriam
2726 2347 2973 2404 reducit.
3036 2348 3341 2419 Siquidem
3381 2348 3495 2414 ille,
3545 2348 3620 2404 de

1969 2440 2197 2496 Christo
2222 2439 2498 2511 loquens,
2532 2435 2828 2506 agicolam
2877 2435 3044 2491 illum
3078 2436 3332 2500 induxit,
3366 2436 3516 2493 facta
3543 2439 3622 2492 vi-

1970 2528 2179 2585 delicet
2226 2525 2521 2583 mentione
2559 2525 2634 2581 de
2688 2540 2827 2582 area
2864 2524 2993 2596 ejus
3023 2529 3078 2580 et
3126 2525 3337 2589 tritico,
3395 2541 3464 2582 ac
3520 2541 3623 2598 pa-

1971 2617 2066 2674 lea
2090 2616 2210 2689 (vv)
2239 2633 2252 2672 :
2286 2614 2446 2672 velut
2471 2613 2639 2670 tertio
2663 2613 2854 2686 capite
2893 2612 3242 2685 praedictum
3283 2619 3370 2669 est
3401 2616 3441 2668 ι.

2046 2797 2205 2851 Vers.
2265 2795 2353 2851 38.
2394 2795 2617 2864 Rogate
2645 2823 2712 2833 —
2751 2806 2990 2849 messem
3029 2807 3226 2849 suam.
3295 2791 3622 2849 Dominum

1975 2885 2188 2940 messis
2219 2883 2486 2955 seipsum
2514 2885 2709 2947 vocat,
2739 2881 2828 2938 cui
2863 2881 3134 2937 videlicet
3172 2887 3485 2938 servantur
3512 2883 3626 2940 hu-

1969 2971 2236 3044 jusmodi
2294 2976 2540 3041 segetes,
2594 2976 2650 3026 et
2690 2970 2767 3026 ad
2811 2985 2991 3042 quem
3043 2970 3392 3040 colligendas
3464 2976 3621 3037 sunt,

1975 3061 2197 3134 quique
2227 3065 2578 3133 potestatem
2606 3059 2790 3114 habet
2811 3058 2938 3114 illas
2972 3064 3206 3114 metere.
3232 3059 3452 3128 Rogata
3469 3076 3610 3130 ergo

249 3154 496 3212 Δεήθητε
527 3146 608 3217 δὲ,
655 3145 812 3212 εἶπεν,
845 3148 951 3220 οὐχ
980 3151 1047 3210 ὡς
1085 3145 1321 3222 δεόμενος
1351 3151 1749 3223 παρακληθῆναι
1779 3153 1862 3206 ὑπ’

1984 3149 2187 3222 inquit,
2217 3164 2337 3204 non
2389 3147 2553 3220 quasi
2591 3163 2745 3217 opus
2807 3147 2857 3203 ei
2912 3149 3004 3211 sit,
3060 3152 3118 3202 ut
3158 3148 3239 3202 illi
3277 3148 3626 3205 obsecrent:

249 3243 460 3294 αὐτῶν·
511 3243 587 3298 τίς
628 3239 731 3309 γὰρ
789 3235 981 3289 ἐκείνου
1027 3236 1498 3311 φιλανθρωπότέρος
1528 3255 1542 3306 ;
1574 3239 1702 3294 ἀλλὰ
1746 3261 1867 3294 παι.

250 3328 434 3384 δεύων
466 3331 590 3389 τούς
618 3328 874 3399 μαθητὰς,
909 3326 1148 3378 ἱκετεύειν
1193 3329 1278 3379 τόν
1333 3331 1461 3381 Θεὸν
1505 3329 1630 3405 ύπερ
1657 3338 1754 3383 τῶν
1788 3349 1868 3384 πε-

248 3419 432 3475 πλανη
441 3420 625 3489 μένων.

415 3563 568 3613 ΚΕΦ.
600 3555 707 3612 ΙΘ’.
749 3561 874 3632 Περὶ
903 3564 998 3619 τῆς
1026 3565 1125 3609 τῶν
1169 3555 1466 3612 ἀποστόλων
1491 3559 1718 3633 ἓκλογῆς.

337 3686 449 3737 Καὶ
480 3713 548 3722 -
584 3685 761 3752 πᾷσαν
824 3679 1102 3752 μαλακίαν.
1163 3687 1280 3742 Πῶς
1335 3678 1442 3747 οὖν,
1500 3681 1691 3756 ὀλίγοις
1749 3682 1870 3740 οὖσι

254 3781 378 3833 τοῖς
450 3771 728 3841 μαθηταῖς.
785 3769 843 3822 ού
892 3771 1182 3842 προσέθηκε
1239 3775 1328 3823 καὶ
1375 3770 1572 3846 ἑτέρους
1626 3789 1639 3840 ;
1700 3781 1870 3847 Προσ-

257 3865 455 3919 έθηκεν
492 3859 690 3926 αὐτοῖς,
741 3857 848 3910 ἀλλ’
896 3859 990 3910 ούκ
1045 3859 1116 3920 εἰς
1167 3857 1407 3932 ἀριθμόν,
1457 3859 1566 3913 ἀλλ’
1603 3863 1676 3926 εἰς
1711 3860 1871 3918 δύνα-

259 3971 378 4024 μιν.
449 3944 650 4002 Ἔδωκε
713 3949 838 4020 γὰρ,
897 3952 1076 4018 φησὶν,
1137 3947 1333 4014 αὐτοῖς,
1393 3948 1648 4013 ἐξουσίαν.
1712 3952 1872 4009 Ὠστε

259 4044 359 4093 καὶ
387 4037 594 4108 ὀλίγους
651 4036 730 4108 (4)
775 4033 908 4089 εἶπεν
965 4036 1170 4102 αύτούς,
1226 4037 1284 4090 οὐ
1331 4040 1444 4092 κατ’
1492 4039 1712 4112 ἔλλειψιν
1771 4040 1872 4096 δυ-

261 4129 496 4200 νάμεως.
545 4125 675 4178 ἀλλὰ
712 4125 829 4178 κατ’
872 4124 1094 4196 ἔλλειψιν
1147 4125 1388 4200 ἀριθμοῦ.
1426 4134 1524 4182 Καὶ
1543 4133 1668 4192 τέως
1689 4131 1875 4195 αύτούς

267 4218 491 4289 ἰατρούς
538 4215 794 4286 σωμάτων
831 4221 984 4266 ποιεῖ’
1025 4216 1155 4286 μετὰ
1197 4223 1344 4269 τοῦτο
1391 4213 1450 4270 δε
1479 4223 1564 4269 καὶ
1610 4224 1667 4271 τό
1697 4223 1874 4292 μεῖζον

266 4304 584 4377 έμτιστεύει,
645 4307 738 4361 τὴν
769 4311 866 4355 τῶν
913 4302 1104 4374 ψυχῶν
1139 4304 1427 4376 θεραπείαν.
1464 4306 1763 4368 Ἐζέϐαλλον
1798 4313 1876 4382 (5)

267 4391 334 4447 δε
365 4393 433 4444 τοί
457 4388 726 4464 δαιμόνια,
754 4396 844 4444 καί
874 4391 1020 4444 ἰῶντο
1049 4394 1136 4452 τὰς
1163 4398 1346 4456 νόσους
1369 4394 1418 4446 έν
1440 4403 1511 4466 τῷ
1543 4394 1756 4470 ὀνόματι
1785 4407 1876 4452 τοῦ

269 4489 538 4554 Χριστοῦ.

343 4578 461 4625 Τῶν
512 4566 572 4623 δε
626 4565 837 4624 δώδεκα
882 4598 950 4611 -
983 4569 1168 4628 αὐτοῦ.
1219 4568 1431 4632 Ἐπειδὴ
1496 4579 1616 4650 περὶ
1681 4579 1877 4652 Πέτρου

349 4748 398 4785 9⁸
430 4747 635 4805 Matth.
664 4763 740 4817 iv,
776 4749 864 4805 24.

1976 3237 2110 3310 quis
2132 3237 2284 3292 enim
2315 3235 2591 3291 homines
2625 3234 2817 3303 magis
2845 3240 3009 3291 amat
3036 3236 3362 3307 quamipse
3389 3236 3417 3290 ?
3438 3239 3541 3293 sed
3569 3246 3632 3292 ut

1977 3323 2300 3395 discipulos
2355 3323 2624 3389 instruat,
2675 3329 2739 3378 ut
2786 3325 2969 3378 Deum
3003 3338 3114 3394 pro
3168 3325 3501 3380 errantibus
3532 3324 3632 3381 de-

1977 3416 2312 3486 precentur.

2190 3554 2344 3611 CAP.
2367 3556 2501 3612 XIX.
2539 3555 2626 3611 De
2667 3555 3072 3624 apostolorum
3123 3553 3415 3612 electione.

2052 3687 2208 3744 CAP.
2238 3690 2299 3744 X.
2322 3703 2478 3744 vers.
2513 3688 2564 3742 1.
2597 3687 2762 3743 Et—
2787 3703 3010 3744 omnem
3071 3690 3422 3759 languorem.
3481 3690 3634 3755 Quo-

1980 3776 2163 3833 modo
2183 3791 2326 3847 ergo
2355 3793 2492 3833 cum
2524 3776 2696 3849 pauci
2725 3783 2918 3833 essent
2947 3778 3237 3851 discipuli,
3261 3794 3379 3835 non
3408 3779 3638 3836 addidit

1980 3867 2156 3925 etiam
2227 3867 2577 3939 dignitatem
2622 3869 2754 3939 (xx)
2786 3869 2814 3924 ?
2847 3867 3082 3925 Addidit
3137 3869 3340 3942 utique
3399 3867 3639 3939 illis;at

1981 3973 2098 4014 non
2134 3957 2192 4012 in
2219 3972 2486 4023 numero,
2520 3957 2625 4013 sed
2660 3957 2718 4013 in
2762 3958 2990 4014 virtute.
3045 3959 3232 4023 Dedit,
3294 3959 3499 4030 inquit,
3556 3960 3639 4016 eis

1979 4052 2340 4116 potestatem,
2373 4045 2454 4102 ita
2480 4051 2542 4102 ut
2568 4063 2790 4118 paucos
2838 4047 3010 4103 etiam
3043 4049 3255 4104 dixerit
3303 4048 3457 4112 illos,
3517 4063 3639 4104 non

1983 4135 2306 4190 secundum
2339 4133 2636 4190 defectum
2662 4135 2916 4200 virtutis,
2951 4137 3055 4191 sed
3090 4136 3343 4191 numeri.
3374 4137 3640 4192 Primum

1986 4238 2127 4291 ergo
2139 4222 2444 4277 constituit
2469 4238 2570 4278 eos
2586 4223 2850 4279 medicos
2870 4239 3212 4294 corporum.
3231 4225 3640 4296 postmodum,

1987 4310 2145 4382 quod
2180 4310 2375 4380 majus
2405 4316 2512 4375 est,
2545 4310 2722 4366 etiam
2756 4311 3073 4366 committit
3113 4327 3343 4374 curam,
3377 4311 3644 4370 videlicet

1989 4399 2349 4455 animarum.
2386 4397 2706 4469 Ejiciebant
2741 4405 2938 4455 autem
2971 4399 3272 4456 daemonia
3310 4403 3367 4456 et
3395 4400 3644 4458 morbos

1909 4513 1956 4570 D
1989 4487 2282 4546 curabant
2316 4503 2422 4559 per
2446 4503 2668 4545 nomen
2699 4488 2929 4546 Christi.

2060 4577 2228 4635 Vers.
2252 4582 2305 4635 2.
2338 4577 2643 4636 Duodecim
2673 4586 2871 4638 autem
2899 4611 2966 4622 —
3003 4579 3146 4651 ejus.
3179 4581 3328 4649 Quia
3356 4582 3432 4640 de
3473 4584 3645 4644 Petro

960 4750 1008 4785 ³ο
1037 4749 1214 4806 Joan.
1255 4765 1326 4818 iv,
1352 4751 1442 4808 38.
1519 4754 1537 4790 ¹
1570 4753 1772 4812 Matth.
1799 4771 1883 4822 ιιι,
1929 4760 2016 4814 t2.

1480 4876 1714 4949 Variae
1753 4879 2083 4950 lectiones
2125 4889 2191 4950 et
2230 4892 2442 4952 notae.

353 5015 434 5090 (1)
476 5015 586 5090 Sic,
619 5029 740 5071 non
765 5013 1197 5090 κατερῥιμμένων,
1229 5020 1400 5074 recte.

378 5034 434 5084 ιι)
476 5034 586 5080 διο,
619 5034 740 5071 non
765 5034 946 5144 κατεὲρ

378 5088 434 5160 2)
476 5085 840 5160 έπεσυρόμενα,
933 5129 946 5143 .

380 5160 437 5231 3)
479 5161 705 5231 εἴρηται,

379 5229 436 5300 4)
475 5229 976 5306 Non‘Euthymius
1011 5230 1227 5306 solum,
1263 5231 1369 5288 sed
1402 5231 1884 5306 Theophylactus

275 5301 456 5360 etiam
489 5318 541 5373 p.
575 5302 639 5358 51
674 5303 734 5365 C,
761 5301 836 5374 de
863 5301 1154 5362 vocabulo
1182 5301 1345 5374 ὀλίγοι
1375 5301 1884 5366 ωοῐιθέιῑ.’Νθεοὶο

277 5379 694 5446 tamcn,quam
719 5373 797 5429 ob
809 5373 1290 5439 causam,cumin
1306 5382 1468 5432 textu
1483 5392 1604 5435 non
1634 5380 1886 5453 reperia-

384 5551 481 5618 vv)
521 5550 601 5605 De
629 5549 975 5615 ventilabro,
1005 5567 1164 5618 area,
1188 5553 1396 5610 tritico.

384 5551 481 5618 vv)
521 5550 601 5605 De
629 5550 975 5615 ventilabro,
1005 5567 1164 5618 area,
1188 5553 1396 5610 tritico.

358 5550 496 5698 zzz)
538 5620 733 5680 Etiam
769 5623 1123 5695 dignitatem.
1162 5626 1348 5683 Etiam
1379 5625 1552 5686 alios.
1591 5629 1757 5686 Forte
1779 5645 1889 5705 pro

1985 5027 2096 5080 tur.
2130 5024 2419 5082 Videntur
2448 5041 2590 5097 ergo
2615 5027 2901 5102 respicere
2932 5029 3137 5087 Matth.
3165 5045 3246 5102 rx,
3272 5032 3362 5088 37.
3401 5033 3528 5098 Quo
3558 5049 3652 5092 ar-

1988 5104 2437 5172 gumentovero
2455 5104 2650 5172 motus
2672 5101 3136 5172 Chrysostomus
3160 5103 3441 5160 Jacobum
3473 5104 3647 5172 Hom.

1987 5165 2100 5250 VII:
2152 5184 2212 5250 p,
2254 5169 2504 5250 _359__B]_
2546 5165 3065 5250 rsiuvuu'appellet
3132 5175 3361 5246 ignoro.
3451 5165 3650 5244 Forte,

2038 5240 2334 5316 uiat'rater
2351 5240 2604 5316 δίδωιωὶ
2623 5247 2766 5300 erat.
2792 5240 3281 5316 Chrysostomum
3298 5251 3542 5304 secutus
3561 5240 3656 5306 est

2040 5311 2560 5391 hlotiusin‘Cateua
2596 5315 2815 5372 Possini
2835 5311 2923 5373 ad
2934 5319 3104 5374 Marc.
3140 5320 3314 5391 p.50.

2063 5383 2141 5455 (ὅ)
2169 5382 2421 5458 ἐξέϐαλον³
2457 5389 2502 5441 Α
2513 5428 2525 5442 .

2226 5562 2535 5636 legebatur
2579 5565 2782 5640 ἄλλόυς,
2816 5582 2847 5625 e
2875 5583 2998 5642 quo
3039 5567 3256 5627 deinde
3294 5569 3523 5630 factum
3567 5572 3658 5632 est
