4170 6448
541 346 648 405 323

1863 339 2207 398 EUTHYMII
2247 334 2578 396 ZIGABENI

3791 334 3896 399 324

541 479 599 530 et
640 472 892 538 Andrea,
937 468 1162 526 Jacobo
1210 472 1266 524 et
1305 470 1532 523 Joanne
1553 481 1624 521 ac
1663 465 1855 537 seipse
1923 465 1984 520 in
2040 482 2188 537 prm-

2311 468 2410 534 ιιὲν,
2459 470 2548 518 καὶ
2595 462 2865 540 Ἀνδρεου,
2925 471 3014 519 καὶ
3063 465 3334 534 Ἰακώϐου,
3377 470 3466 518 καὶ
3516 466 3770 534 Ἰωάννου,
3806 473 3900 521 καὶ

542 561 884 618 cedentibus
916 558 1136 618 docuit.
1171 555 1337 628 quod
1375 555 1562 610 secuti
1604 554 1815 610 fuerint
1871 553 2185 618 Christum,

538 650 612 705 de
637 649 766 704 aliis
816 663 954 704 vero
1012 645 1160 702 nihil
1214 643 1521 700 manifeste
1568 643 1822 714 scripsit,
1878 658 2035 698 nunc
2065 642 2190 698 illo-

535 754 668 794 rum
687 753 929 809 quoque
956 735 1205 791 nomina
1232 736 1514 797 recenset,
1541 737 1603 786 ut
1631 747 1699 786 ea
1727 746 2187 800 cognoscamus,

535 831 591 883 et
615 841 652 882 θ.
678 825 842 883 falsis
872 823 1152 896 apostolis
1193 821 1588 894 dijudicemus
1631 837 1644 887 ;
1676 819 1846 876 multi
1880 821 2040 875 enim
2069 819 2193 876 fue-

535 921 671 971 runt
694 911 1163 986 pseudapostoli.
1196 913 1314 966 Hoc
1353 912 1552 964 autem
1583 913 1640 964 et
1667 909 1901 964 Marcus
1922 913 1977 964 et
2005 910 2190 964 Lucas

537 1002 828 1060 fecerunt.

613 1181 880 1236 Primum
936 1191 1076 1232 vero
1122 1174 1272 1231 dixit
1321 1175 1577 1242 Petrum,
1635 1186 1757 1229 non
1815 1172 2011 1228 solum
2065 1175 2193 1229 tan-

539 1285 726 1343 quam
775 1267 1007 1323 Andrea
1036 1264 1214 1321 fratre
1245 1278 1355 1319 suo
1416 1266 1562 1318 natu
1614 1261 1926 1331 majorem,
1983 1275 2192 1316 verum

539 1359 716 1415 etiam
750 1362 1034 1426 tanquam
1075 1353 1302 1410 caeteris
1345 1350 1630 1408 omnibus
1666 1348 1944 1405 ﬁrmitate
2001 1349 2190 1404 excel-

541 1446 868 1503 lentiorem.
908 1443 1046 1498 Ideo
1089 1443 1264 1498 etiam
1313 1455 1532 1496 nomen
1588 1441 1788 1494 Petrus
1831 1438 1882 1493 ei
1921 1437 2191 1494 Christus

539 1536 864 1607 imponens,
891 1532 1039 1588 dixit
1071 1531 1288 1602 :Super
1318 1529 1465 1585 hanc
1491 1535 1718 1598 petram
1761 1527 2054 1596 aediﬁcabo
2081 1527 2195 1582 Ec-

540 1624 761 1680 clesiam
787 1636 971 1677 meam
1003 1623 1046 1672 ³.

612 1712 802 1776 Quare
833 1713 1031 1766 autem
1090 1705 1322 1762 addidit
1353 1721 1365 1760 :
1399 1705 1493 1776 qui
1519 1703 1740 1759 dicitur
1767 1703 1974 1758 Petrus
2003 1702 2031 1756 ‘I
2062 1703 2191 1758 Om-

2300 553 2479 605 ἑαυτοῦ
2558 553 2824 625 προλαϐών
2893 551 3155 620 ἐδιδαξεν,
3236 557 3313 606 ὅτι
3387 555 3750 613 ἠκολούθησαν
3824 565 3898 627 τῷ

2300 649 2534 715 Χριστῷ,
2567 648 2678 715 περὶ
2724 640 2780 695 δὲ
2830 653 2928 694 τῶν
2960 644 3120 694 ἄλλων
3151 641 3300 695 οὐδέν
3353 663 3404 694 τι
3435 648 3646 717 φανερὸν
3678 644 3893 717 ἔγραψε·

2299 738 2386 780 νῦν
2426 730 2694 801 καταλέγει
2740 737 2826 783 καὶ
2888 735 2951 782 τα
2998 735 3191 782 τούτων
3249 731 3494 802 ὀνόματα,
3539 733 3621 783 ἶνα
3668 752 3720 784 τε
3765 754 3898 803 7w»-

2299 820 2522 890 ρίζωμεν
2578 820 2785 883 αὐτοὺς,
2835 825 2924 872 καὶ
2978 822 3060 872 ἶνα
3112 817 3454 894 διακρίνωμεν
3522 824 3732 880 τούτους
3794 821 3897 874 ἀπὸ

2301 916 2399 958 τῶν
2447 905 2908 978 ψευδαποστόλων.
2967 909 3217 979 Ἐγένοντο
3290 913 3388 982 γάρ
3447 908 3623 960 πολλοὶ
3691 907 3897 980 ψευδα-

2301 995 2574 1052 πόστολοι.
2627 1002 2788 1048 Τοῦτο
2839 993 2898 1049 δὲ
2955 1002 3043 1048 καὶ
3092 999 3303 1070 Μάρκος
3351 1001 3437 1048 καὶ
3470 1003 3677 1058 Λουκᾶς
3709 1016 3899 1050 πεποι-

2303 1089 2486 1142 ἠκασμ

2376 1179 2583 1246 Πρῶτον
2615 1169 2673 1226 δὲ
2715 1176 2799 1225 τόν
2829 1178 3016 1245 Πέτρον
3045 1174 3202 1240 εἶπεν,
3253 1173 3311 1224 ού
3366 1176 3517 1244 μόνον
3567 1176 3629 1235 ὡς
3664 1173 3900 1245 πρεσϐύ-

2301 1281 2444 1335 τερον
2505 1258 2751 1331 Ἀνδρέου
2805 1269 2897 1314 τοῦ
2953 1258 3175 1333 ἀδελφοῦ
3247 1261 3429 1329 αὑτοῦ,
3489 1261 3615 1313 ἀλλά
3682 1267 3771 1314 καὶ
3831 1266 3902 1324 ὡς

2300 1352 2505 1402 πάντων
2603 1352 2983 1403 διαφοοώτεοον
3033 1352 3114 1402 ἐπὶ
3183 1352 3542 1403 σταθεοότητι.
3633 1354 3720 1402 Διὸ
3809 1355 3902 1403 καὶ

3779 1440 3900 1492 Ἐπὶ

3781 1528 3897 1581 Ἐκ-

2603 1347 2983 1424 διαφορώτερον
3033 1349 3114 1402 ἐπὶ
3183 1352 3542 1422 σταθερότητι.

2301 1441 2327 1491 6
2402 1443 2648 1512 Χριστὸς,
2717 1444 2906 1512 Πέτρον
2976 1438 3130 1490 αὐτὸν
3203 1440 3478 1510 ὀνομάσας,
3545 1437 3700 1491 εἶπεν·

2300 1530 2458 1599 ταύτῃ
2551 1535 2611 1599 τῇ
2705 1530 2867 1598 πέτρα
2957 1523 3296 1598 οἰκοδομήσω
3392 1546 3491 1598 μου
3589 1532 3682 1586 τὴν

2302 1616 2544 1673 κλησίαν.

2377 1708 2522 1756 Διατί
2585 1700 2643 1755 δέ
2719 1705 3056 1777 προσέθηκεν,
3117 1704 3196 1754 ὃτι
3249 1703 3273 1753 6
3322 1702 3585 1774 λεγόμενος
3659 1708 3896 1777 Πέτρος;

539 1801 683 1857 nino
698 1803 762 1856 ut
789 1797 1108 1862 discamus,
1137 1795 1299 1866 quod
1329 1794 1533 1850 Simon
1555 1793 1816 1864 primum
1839 1790 2193 1846 nominaba-

2311 1796 2509 1852 Πάντως
2569 1794 2651 1843 ἵνα
2701 1794 2965 1863 μάθωμεν,
3020 1793 3099 1842 ὅτι
3152 1811 3205 1842 τε
3249 1799 3418 1862 Σιμων
3449 1792 3742 1863 ὠνομάζετο
3771 1799 3897 1866 πρό-

539 1892 634 1945 tur
667 1905 680 1942 :
714 1893 769 1943 et
789 1893 852 1941 ut
879 1901 1012 1941 eum
1045 1883 1124 1940 ab
1145 1883 1325 1939 altero
1355 1881 1595 1937 Simone
1616 1879 2192 1952 distinguamus,qui

541 1976 993 2049 cognominatur
1029 1973 1417 2029 Chananasus.

615 2064 776 2119 Vers.
805 2067 858 2117 2.
891 2061 1132 2118 Jacobus
1152 2090 1222 2102 —
1248 2060 1434 2115 frater
1461 2061 1608 2128 ejus.
1642 2057 1928 2114 Jacobum
1961 2071 2195 2128 praepo-

544 2153 679 2216 suit,
713 2157 912 2223 utpote
959 2150 1190 2205 Joanne
1237 2153 1382 2204 natu
1441 2147 1932 2218 majorem;nam
1981 2145 2194 2201 virtute

541 2241 802 2298 Joannes
824 2237 1219 2310 prmcellebat.

612 2329 775 2386 Vers.
823 2331 880 2384 3.
935 2325 1254 2394 Philippus
1311 2352 1376 2366 —
1430 2323 1878 2380 Barthoiomeu
1938 2322 2004 2377 Hi
2061 2324 2198 2394 post

539 2417 853 2491 praedictos
884 2414 1176 2471 Christum
1199 2412 1380 2469 secuti
1405 2415 1544 2468 sunt
1573 2428 1586 2479 ;
1615 2411 1749 2468 ideo
1775 2412 1955 2468 etiam
1973 2411 2090 2467 hoc
2109 2424 2196 2464 or-

541 2506 674 2564 dine
693 2506 1095 2561 numerantur.

613 2597 774 2650 Vers.
806 2593 858 2647 3.
891 2591 1133 2647 Thomas
1164 2620 1229 2631 —
1253 2589 1625 2659 publicanus.
1648 2587 1881 2643 Marcus
1921 2589 1978 2642 et
2009 2587 2195 2641 Lucas

539 2683 878 2741 Matthaaum
919 2680 1159 2735 Thomas
1181 2679 1633 2750 praeposuerunt
1664 2677 1708 2739 ⁸,
1740 2680 2029 2746 tanquam
2053 2678 2192 2728 ante

540 2787 680 2828 eum
719 2768 991 2824 eﬁ'ectum
1019 2766 1374 2838 discipulum
1409 2782 1422 2822 :
1458 2763 1766 2818 Matthzeus
1795 2777 1935 2817 vero
1978 2761 2075 2816 hic
2106 2776 2194 2816 se-

541 2859 739 2932 ipsum
767 2856 1074 2914 modestiae
1112 2869 1297 2911 causa
1317 2853 1550 2922 dejecit.
1608 2855 1755 2906 Nam
1787 2849 1967 2905 etiam
2007 2847 2193 2921 publi-

543 2963 762 3003 canum
790 2961 920 3002 sese
951 2960 1187 3000 rursum
1227 2943 1286 2998 in
1323 2939 1632 3014 proprium
1659 2943 2062 3010 contemptum
2098 2953 2198 3010 ap-

542 3036 804 3109 pellavit.
2060 3073 2062 3075 .

614 3127 770 3179 Vers.
804 3126 861 3179 3.
897 3119 1157 3178 Jacobus
1213 3115 1548 3205 Thaddaeus.
1585 3113 1844 3171 Jacobus
1893 3114 1990 3170 hic
2019 3114 2200 3205 frater
2236 3149 2276 3205 ε

542 3217 664 3270 erat
701 3209 953 3267 Matthaai
997 3231 1007 3273 ;
1044 3206 1336 3280 siquidem
1365 3204 1665 3260 Matthmus
1703 3219 1942 3277 quoque
1973 3203 2200 3275 Alphmi

541 3302 698 3358 ﬁlius
729 3307 866 3366 erat,
899 3313 1019 3354 non
1052 3295 1244 3351 solum
1276 3294 1462 3350 dictus
1489 3292 1814 3358 Matthaaus,
1845 3291 1947 3347 sed
1967 3298 2022 3348 et
2045 3292 2197 3358 Levi,

550 3390 730 3453 Vidit,
771 3387 982 3459 inquit,
1016 3386 1162 3440 Levi
1182 3385 1369 3456 ﬁlium
1397 3381 1630 3452 Alphaei
1656 3380 1940 3437 sedentem
1970 3383 2032 3436 in
2057 3382 2203 3437 telo-

542 3481 641 3535 nio
671 3479 714 3534 ⁴.
752 3479 935 3532 Lucas
979 3489 1116 3528 vero
1159 3472 1292 3527 loco
1342 3471 1486 3540 ejus,
1545 3469 1650 3542 qui
1708 3467 1801 3524 hic
1861 3469 2201 3524 Thaddaeus

543 3567 779 3632 dicitur,
811 3565 1112 3620 Simonem
1159 3560 1394 3616 Zeloten
1432 3557 1558 3612 sive
1601 3556 2006 3612 Chananasum
2049 3557 2204 3612 ordi-

544 3654 769 3711 navit'.
794 3655 999 3706 Postea
1025 3655 1219 3703 autem
1265 3645 1632 3702 Thaddaeum
1692 3643 1998 3714 conjunxit
2038 3643 2203 3700 Judaa

545 3739 826 3803 lscarioti,
879 3743 933 3792 et
988 3737 1150 3790 hunc
1211 3733 1431 3788 Judam
1510 3730 1845 3787 nominavit
1899 3748 1912 3786 :
1961 3733 2200 3799 Judam,

545 3817 758 3900 inquit,
797 3824 1001 3882 Jacobi
1031 3825 1073 3888 ⁸,
1106 3827 1162 3877 et
1211 3820 1428 3876 Judam
1475 3818 1834 3874 Iscariotem.
1887 3821 2205 3893 Conjungit

547 3921 748 3976 autem
770 3913 879 3969 hos
921 3915 1161 3984 propter
1191 3908 1505 3965 nominum
1535 3905 2001 3965 similitudinem.

625 4096 749 4148 Duo
791 4091 990 4162 itaque
1029 4087 1236 4144 Simon
1289 4084 1680 4141 dicebantur:
1717 4084 1940 4153 Simon,
1973 4088 2073 4159 qui
2105 4102 2206 4143 vo-

563 4181 813 4238 cabatur
861 4179 1088 4242 Petrus,
1131 4181 1187 4232 et
1218 4175 1418 4232 Simon
1467 4173 1708 4241 Zelotes,
1747 4175 1849 4247 qui
1889 4182 1945 4231 et
1983 4174 2208 4231 Chana-

551 4286 736 4326 nasus.
803 4271 926 4324 Duo
986 4265 1254 4321 similiter
1315 4279 1535 4319 nomen
1601 4263 1915 4331 habebant,
1952 4265 2206 4320 Jacobus

551 4366 708 4432 puta,
745 4358 998 4414 Jacobus
1048 4355 1202 4410 ﬁlius
1250 4352 1538 4421 Zebedaai,
1570 4357 1625 4408 et
1655 4352 1913 4408 Jacobus
1978 4350 2205 4422 Alphaai

550 4448 729 4504 ﬁlius.
754 4449 878 4502 Duo
908 4459 1144 4517 quoque
1169 4444 1196 4497 J
1206 4443 1354 4498 udas
1381 4441 1752 4509 dicebantur,
1777 4441 1803 4493 J
1815 4443 1960 4496 udas
1981 4439 2204 4502 Jacobi,

552 4535 656 4608 qui
686 4539 739 4591 et
768 4533 1009 4588 Lebaaus
1060 4537 1116 4588 et
1166 4531 1500 4586 Thaddasus
1554 4535 1608 4585 et
1645 4529 1829 4584 Judas
1884 4528 2206 4582 Iscariotes.

553 4622 774 4680 Verum
814 4626 1056 4693 propter
1099 4621 1409 4676 nominum
1479 4615 1898 4673 similitudines
1981 4615 2213 4670 addunt

556 4708 937 4780 evangelista;
976 4713 1032 4766 et
1079 4708 1198 4766 alia
1235 4706 1592 4778 cognitionis
1622 4702 1844 4758 indicia
1898 4701 1976 4757 ad
2009 4701 2212 4758 distin-

559 4800 840 4856 ctionem.

628 4889 911 4946 Caeterum
953 4888 1000 4944 si
1047 4889 1238 4943 Lucas
1268 4887 1508 4957 propter
1534 4879 1848 4936 nominum
1875 4879 2216 4939 similitudi-

558 4993 698 5035 nem
738 4977 1104 5036 Thaddasum
1130 4975 1295 5030 Judm
1357 4968 1618 5026 Iscarioti
1649 4967 1976 5040 conjungit,
2024 4987 2214 5043 quare

559 5083 682 5126 non
731 5068 859 5139 pari
916 5065 1099 5122 modo
1132 5063 1435 5120 Simonem
1488 5059 1726 5113 Petrum
1781 5074 1920 5114 cum
1977 5059 2212 5118 Simone

561 5156 898 5214 Chananaeo
936 5154 1186 5221 ordinat,
1228 5154 1286 5207 et
1327 5163 1464 5204 cum
1505 5144 1726 5203 Jacobo
1775 5145 1895 5204 ﬁlio
1947 5148 2215 5208 Zebedaai

632 5335 654 5370 ⁸
684 5331 885 5398 Matth,
917 5345 1026 5393 xu,
1066 5329 1150 5393 18,
1228 5328 1248 5362 ³
1281 5328 1454 5394 Marc,
1486 5340 1566 5392 ιιι,
1595 5325 1661 5380 18
1693 5340 1706 5392 ;
1737 5323 1873 5384 Luc.
1909 5328 1984 5396 vi,
2019 5327 2101 5385 15.

2182 5330 2201 5364 ⁸
2225 5330 2401 5387 Marc.
2430 5346 2493 5399 ιι,
2525 5331 2606 5385 14.

2303 1901 2463 1954 τερον,
2497 1886 2586 1933 καὶ
2640 1883 2721 1931 ἱνα
2779 1878 3050 1952 διαστείλη
3107 1888 3286 1931 τοῦτον
3319 1878 3418 1932 ἀπὸ
3471 1888 3563 1933 τοῦ
3615 1882 3786 1954 ἐτέρου
3817 1891 3894 1934 Ei-

2301 1989 2487 2042 μωνος,
2520 1976 2607 2020 τοῦ
2631 1972 3140 2043 προσαγορευομένου
3166 1972 3469 2020 Κανανίτου.

2379 2057 2619 2119 Ἰάκωϐος
2644 2089 2709 2100 -—
2738 2058 2763 2108 6
2792 2054 3008 2127 ἀδελφὸς
3040 2056 3221 2110 αὐτοῦ.
3251 2056 3504 2128 Προέταξε
3525 2060 3609 2109 τὸν
3632 2057 3898 2126 Ἰάκωϐον,

2304 2150 2371 2207 ὡς
2400 2155 2492 2198 τοῦ
2531 2146 2768 2199 Ἰωάννου
2799 2143 3318 2218 πρεσϐυγενέστερον.
3357 2147 3481 2197 Κατ’
3524 2143 3708 2220 ἀρετὴν
3737 2150 3838 2222 γὰρ
3873 2150 3898 2199 6

2304 2238 2545 2296 Ἰωάννης
2576 2231 2794 2306 διέφερε.

2375 2325 2622 2382 Φίλιππός
2653 2353 2720 2362 -
2748 2321 3146 2394 Βαρθολομαῖος
3179 2321 3338 2374 Οὗτοι
3369 2325 3497 2394 μετὰ
3525 2325 3644 2384 τοὺς
3672 2323 3898 2396 προρῥη-

2307 2417 2482 2474 θέντας
2507 2411 2866 2470 ἠκολούθησαν
2896 2417 2967 2480 τῷ
2999 2417 3234 2484 Χριστῷ.
3276 2413 3363 2463 Διό
3394 2416 3482 2464 καὶ
3513 2411 3675 2472 οὕτως
3706 2409 3892 2482 ἰτάγη.

2307 2521 2423 2555 σαν.

2379 2597 2571 2661 Θωμᾶς
2602 2619 2667 2629 -
2697 2587 2936 2649 τελώνης.
2968 2589 3178 2662 Μάρκος
3204 2591 3292 2659 μὲν
3318 2592 3404 2640 καὶ
3442 2593 3641 2648 Λουκᾶς
3666 2590 3752 2639 τὸν
3783 2595 3896 2641 Μα-

2307 2681 2482 2732 τθαῖον
2514 2679 2878 2751 προτεθείκασι
2915 2683 3005 2727 τοῦ
3059 2682 3248 2748 Θωμᾶ,
3299 2679 3369 2740 ὥς
3417 2680 3512 2751 πρό
3541 2676 3698 2729 αὑτοῦ
3723 2677 3896 2748 μαθη-

2307 2769 2565 2820 τευθέντα·
2602 2766 2864 2823 Ματθαῖος
2920 2760 2977 2816 δὲ
3011 2772 3098 2816 νῦν
3162 2775 3540 2838 μετριοφρονῶν
3585 2765 3898 2817 ύπεϐἱϐασεν

2308 2855 2504 2919 ἑαυτὸν,
2539 2853 2644 2906 ἐπεὶ
2674 2858 2762 2905 καὶ
2803 2852 2953 2904 πάλιν
2983 2853 3198 2910 τελώνην
3230 2853 3405 2905 ἑαυτὸν
3437 2853 3692 2922 ἐκάλεσεν,
3732 2855 3802 2916 εἰς
3830 2855 3903 2906 οἰ-

2308 2949 2448 2996 κείαν
2479 2939 2836 3005 ἐξουδένωσιν.

2383 3118 2624 3179 Ἰάκωϐος
2675 3150 2733 3161 —
2771 3114 3066 3179 Θαδδαῖος.
3114 3117 3272 3177 Οὗτος
3320 3119 3345 3168 6
3395 3117 3631 3178 Ἰάκωϐος
3686 3116 3904 3192 ἁδελφὸς

2314 3205 2372 3267 ἦν
2417 3216 2508 3260 τοῦ
2549 3209 2840 3262 Ματθαίου.
2909 3211 3002 3260 Kei
3047 3207 3148 3278 γὰρ
3194 3206 3268 3275 (6)
3319 3207 3344 3257 ὁ
3393 3208 3648 3268 Ματθαίος
3701 3209 3812 3272 υἱὸς
3846 3207 3904 3269 ἦν

2311 3305 2402 3348 τοῦ
2452 3296 2719 3368 Ἀλφαίου,
2806 3297 2864 3348 ού
2919 3300 3070 3368 μόνον
3110 3297 3362 3360 Ματθαῖς,
3419 3293 3546 3347 ἀλλὰ
3607 3303 3695 3350 καὶ
3749 3305 3905 3364 Λευὶς

2313 3387 2700 3458 ὀνομαζόμενος.
2759 3381 2878 3437 Εῖδε
2924 3388 3047 3456 γὰρ,
3093 3388 3243 3456 φησὶ,
3301 3387 3473 3447 Λευῐν,
3532 3388 3618 3436 τὸν
3668 3395 3757 3439 τοῦ
3797 3389 3906 3441 Ἀλ-

2314 3479 2486 3546 φαίου,
2542 3476 2828 3546 καθήμενον
2900 3471 2981 3524 ἐπὶ
3025 3477 3083 3524 τὸ
3142 3472 3396 3530 τελώνιον.
3461 3472 3519 3524 Ὀ
3568 3470 3627 3526 δέ
3677 3482 3900 3543 Λουκᾶς,

2315 3561 2427 3615 ἀντὶ
2481 3566 2569 3635 μεν
2623 3569 2714 3614 τοῦ
2765 3557 3064 3624 Θαδδαίου,
3119 3569 3204 3610 νῦν
3258 3565 3458 3632 Σίμωνα
3505 3565 3592 3614 τὸν
3639 3564 3900 3633 Ζηλωτὴν,

2315 3654 2437 3712 ἣτσι
2465 3655 2549 3703 τὸν
2584 3654 2870 3706 Κανανίτην
2897 3649 3067 3710 ἔταξεν
3104 3665 3114 3676 ⁸
3149 3649 3362 3723 ὕστερον
3412 3647 3469 3702 δὲ
3500 3654 3584 3702 τὸν
3630 3648 3901 3705 Θαδδαῖον

2317 3740 2611 3802 συνέζευξεν
2656 3734 2830 3808 Ἰούδᾳ
2882 3745 2952 3807 τῷ
3007 3736 3339 3810 Ἰσκαριωτη,
3384 3736 3588 3792 Ἰούδαν
3649 3743 3736 3790 καὶ
3779 3747 3898 3791 τοῦ-

2314 3849 2399 3882 τον
2425 3827 2671 3886 καλέσας.
2714 3821 2916 3878 Ἰούδαν
2953 3827 3076 3900 γὰρ,
3105 3830 3281 3897 φησὶν,
3315 3827 3563 3880 Ἰακώϐου
3585 3832 3673 3880 καὶ
3699 3823 3900 3881 Ἰούδαν

2319 3920 2676 3989 Ἰσκαριώτην.
2744 3913 3014 3976 Συνέζευξε
3059 3910 3117 3965 δὲ
3167 3918 3374 3977 τούτους
3425 3913 3520 3969 διὰ
3571 3921 3664 3976 τὴν
3711 3918 3906 3989 ὁμωνυ-

2314 4011 2457 4079 μίαν.

2389 4092 2550 4144 Ὠστε
2583 4086 2678 4143 δύο
2708 4093 2797 4162 μὲν
2843 4086 2975 4148 ἦσαν
3024 4095 3238 4163 Σίμωνες
3281 4107 3292 4120 ·
3340 4097 3506 4165 Σίμων
3564 4095 3589 4146 6
3646 4093 3911 4168 λεγόμενος

2321 4185 2527 4253 Πέτρος,
2585 4184 2675 4230 καὶ
2737 4183 2900 4250 Σίμων
2962 4180 2988 4230 6
3048 4179 3309 4246 Ζηλωτὴς,
3356 4183 3381 4232 6
3441 4186 3530 4234 καὶ
3599 4189 3910 4246 Κανανὴηςο

2321 4265 2406 4322 δίο
2473 4265 2530 4320 δὲ
2591 4266 2828 4320 Ἰάκωϐοι
2882 4284 2894 4298 ’
2939 4267 3181 4331 Ἰάκωϐος
3243 4271 3266 4320 6
3319 4278 3408 4322 τοῦ
3460 4267 3761 4338 Ζεϐεδαίου,
3825 4277 3912 4324 καὶ

2321 4355 2578 4420 Ἰάκώϐος,
2639 4357 2662 4407 6
2729 4364 2818 4407 τοῦ
2887 4356 3136 4429 Λλεοαίου·
3200 4355 3294 4410 δύο
3352 4355 3658 4412 δεἸοῦδαιο
3713 4358 3912 4421 Ἰούδας

2322 4447 2346 4496 6
2389 4444 2704 4508 Ἰακώϐου,ὁ
2744 4449 2832 4496 καὶ
2862 4446 3079 4506 Λεϐαἰος
3106 4452 3193 4497 καὶ
3243 4445 3537 4515 Θαδδαῖος,
3569 4454 3657 4502 καὶ
3717 4447 3914 4510 Ἰούδας

2322 4535 2346 4586 6
2386 4534 2742 4608 Ἰσκαριώτης.
2779 4538 2878 4586 Καὶ
2926 4530 3018 4585 διὰ
3049 4538 3137 4596 τὰς
3180 4537 3468 4606 ὁμωνυμίας
3523 4536 3700 4587 λοιπὸν
3753 4557 3915 4610 προσ.

2322 4624 2552 4674 τιθέασιν
2597 4624 2644 4673 οἱ
2697 4621 3060 4694 ε’ὶασγγελισταὶ
3090 4630 3177 4675 καὶ
3209 4625 3354 4695 ἕτερα
3401 4629 3740 4696 γνωρίσματα
3785 4629 3914 4699 πρὸς

2324 4707 2607 4770 διαστολὴν
2634 4710 2818 4766 αὐτῶν.

2395 4892 2495 4942 Καὶ
2547 4887 2629 4941 ἐὰν
2680 4885 2774 4941 διὰ
2802 4892 2894 4946 τὴν
2941 4887 3236 4960 ὁμωνυμίαν
3290 4883 3493 4941 Ἰούδαν
3525 4891 3610 4942 τὸν
3639 4887 3916 4946 Θαδδαῖον

2322 4973 2501 5050 Ἰούδᾳ
2583 4985 2655 5047 τῷ
2729 4976 3040 5050 Ἰσκαριώτῃ
3116 4977 3408 5040 συνέζευξεν
3451 4980 3477 5031 ὁ
3533 4985 3750 5044 Λουκᾶς·
3809 4991 3918 5044 πῶς

2322 5064 2450 5136 οὐχὶ
2507 5069 2597 5118 καὶ
2659 5073 2729 5134 τῷ
2769 5069 2958 5136 Σίμωνι
3021 5068 3195 5139 Πέτρῳ
3245 5071 3449 5138 Σίμωνα
3503 5072 3588 5122 τὸν
3631 5076 3919 5129 Κανανίτην

2324 5153 2604 5217 συνάξευξε
2633 5172 2646 5222 ;
2675 5157 2762 5205 καὶ
2801 5151 3028 5225 Ἰακώϐῳ
3080 5163 3151 5226 τῷ
3203 5151 3294 5208 τού
3339 5154 3641 5230 Ζεϐεδαίου,
3677 5157 3919 5214 Ἰάκωϐον

2686 5328 2859 5386 διας.
2891 5346 2968 5386 νι.
3003 5330 3090 5388 25.
3170 5334 3192 5371 ⁸
3223 5333 3369 5392 ibid.
3406 5336 3492 5392 16.

1757 5505 1984 5576 ναι-ιω
2011 5506 2334 5580 lectiones
2362 5516 2428 5577 et
2459 5515 2662 5580 notae.

637 5649 718 5735 (ϐ)
755 5652 860 5720 καί,
890 5646 1052 5710 addit
1071 5652 1140 5710 Α.
