4170 6440
207 372 311 432 325

1156 370 1532 428 COMMENT.
1582 370 1653 427 IN
1697 366 2142 426 ΜΑΤΤΗᾸΞΟΜ.
2190 398 2258 408 -
2297 366 2457 422 CAP.
2498 367 2566 421 X.

3459 366 3566 420 326

202 503 286 552 τὸν
335 505 432 551 τοῦ
484 497 780 570 ’Δλφαῖους
829 501 968 550 Διότι
1017 501 1211 572 Πέτρος
1246 499 1336 570 μεν
1383 499 1513 570 μετὰ
1562 494 1806 569 Ἀνδρέου

1946 493 2202 550 acobum
2228 491 2460 564 Alphei
2496 489 2706 547 ﬁlium.
2751 491 2901 554 Quia
2927 491 3133 546 Petrus
3161 506 3298 546 cum
3329 490 3568 547 Andrea

203 595 294 640 τοῦ
336 583 567 658 ἀδελφοῦ
621 586 803 651 αὐτοῦ,
852 585 1090 646 Ἰάκωϐος
1149 583 1207 638 δε
1253 588 1382 658 μετά
1427 586 1658 638 Ἰωάννου
1717 592 1806 636 τού

202 673 441 747 ἀδελφοῦ
473 675 635 726 αὐτοῦ
685 681 756 734 τῶ
785 681 996 746 Χριστῷ
1027 673 1406 738 ἠκολούθησαν,
1439 679 1527 725 καὶ
1562 670 1620 725 εδ
1626 693 1668 725 ει
1714 673 1807 724 αύ-

203 767 327 824 τούς
379 765 498 835 ἅμα
539 765 828 834 ταχθῆναι,
856 763 913 815 ού
941 767 1093 834 μόνον
1124 765 1191 824 ὡς
1224 759 1493 834 ἀδελφούς,
1547 761 1675 812 ἀλλά
1721 765 1809 812 καὶ

203 854 273 912 ὡς
305 851 422 924 ἅμα
480 851 949 912 ἀκολουθήσαντας.
1000 856 1100 904 Καὶ
1147 847 1291 902 διατί
1327 855 1397 921 μη
1447 854 1537 902 καὶ
1566 848 1809 910 Ἰάκωϐος

204 944 228 993 ό
272 939 534 1011 ’Δλφαίου
565 948 637 991 τῶ
683 935 885 1011 ἀδελφῷ
934 938 1091 990 αύτοῦ
1138 940 1391 1010 Ματθαίῳ
1435 943 1807 1004 συντέτακται;

202 1032 350 1081 Διότι
379 1027 605 1102 ὕστερον
641 1023 790 1089 οὗτος
815 1027 1153 1086 ἠκολούθησε.

272 1209 455 1276 Σίμων
517 1233 589 1245 -
647 1203 822 1262 αὐτόν,
878 1204 936 1257 Ὀ
1010 1200 1243 1276 προδοὺς
1302 1203 1458 1256 αύτόν
1536 1211 1642 1268 τοῖς
1708 1203 1812 1257 έπι-

213 1294 543 1347 ςδυλεηῦουσι.

274 1384 512 1441 Τούτους
563 1411 626 1421 -
681 1381 878 1443 αύτοῖς.
934 1386 1119 1442 Ποίους
1165 1383 1418 1447 τούτους;
1474 1383 1602 1442 Τοὺς
1635 1381 1810 1450 ἁλιεῖς,

214 1475 327 1531 τοὺς
384 1469 627 1529 τελώνας.
690 1474 880 1544 Πέτρος
930 1472 1020 1542 μὲν
1075 1471 1198 1544 γὰρ,
1256 1474 1345 1521 καὶ
1395 1466 1660 1542 Ἀνδρέας,
1728 1473 1811 1522 καί

213 1555 482 1618 Ἰάκωϐος.
563 1561 652 1609 καὶ
732 1557 977 1620 Ἰωάννης
1046 1557 1205 1618 ἁλιεῖς
1279 1554 1455 1616 ἦσαν·
1548 1559 1816 1620 Ματθαῖος

212 1642 268 1698 δί
329 1650 424 1697 καὶ
488 1644 749 1712 Ἰάκωϐος,
809 1647 835 1698 6
893 1652 988 1699 τοῦ
1041 1645 1310 1717 Ἁλφαίου,
1376 1645 1626 1698 τελῶναι·
1677 1648 1703 1698 6
1758 1643 1816 1699 δε

211 1740 424 1794 Λουκᾶς
472 1730 582 1786 εἶπε
624 1738 711 1787 καὶ
747 1737 833 1786 τὸν
875 1738 1030 1787 τόπον
1073 1732 1121 1786 έν
1246 1733 1432 1795 αύτούς
1468 1734 1542 1796 εἰς
1583 1734 1817 1788 ἀποστο-

208 1822 301 1880 λὴν
374 1820 660 1895 ἀφώρισεν.
723 1825 908 1895 Εἵρηκε
959 1825 1084 1896 γὰρ,
1149 1823 1229 1874 ότι
1310 1822 1548 1886 Ἐξῆλθεν
1617 1824 1688 1886 εἰς
1758 1828 1816 1878 τὸ
1852 1839 1896 1894 Β

210 1915 334 1982 ὄρος
435 1909 831 1984 προσεύξασθαι
881 1928 894 1941 ·
962 1915 1052 1964 καὶ
1132 1907 1193 1968 ἦν
1279 1907 1682 1985 δίανυκτερεύων
1769 1913 1818 1966 έν

209 2007 324 2058 ταῖς
382 1998 470 2070 (7)
537 2005 862 2071 προσευχαῖς
937 2006 1030 2051 τοῦ
1096 2005 1250 2054 Θεοῦ.
1317 2004 1417 2053 Καὶ
1476 2001 1558 2052 ὅτε
1629 2000 1818 2072 ἐγένετο

208 2089 408 2159 ἡμρα,
495 2092 863 2158 προσεφώνησέ
954 2090 1076 2149 τοὺς
1161 2089 1401 2159 μαθητὰς
1475 2088 1656 2157 αὐτοῦ,
1732 2094 1820 2141 καὶ

207 2174 547 2246 ἐκλεξάμενος
601 2173 688 2226 ἀπ’
751 2174 918 2227 αὐτῶν
991 2171 1222 2240 δώδεκα,
1292 2175 1381 2238 οὓς
1437 2180 1525 2228 καὶ
1598 2175 1819 2229 ἀποστό-

207 2265 334 2325 λους
386 2264 648 2334 ὠνόμασε,
698 2268 787 2316 καὶ
833 2268 897 2316 τὰ
949 2263 1080 2326 ἑξῆς,
1143 2263 1279 2317 Ἀλλ’
1327 2264 1385 2316 ού
1442 2269 1556 2317 τότε
1609 2269 1821 2328 τούτους

214 2350 514 2403 ἀπέστειλε.
580 2354 789 2424 Μάρκος
855 2349 915 2404 δέ
971 2371 1101 2423 φησι
1167 2355 1251 2404 καὶ
1307 2356 1515 2424 τρόπον,
1585 2354 1664 2406 ὃτι
1723 2359 1823 2407 Καὶ

216 2438 422 2513 ἤρξατο
479 2438 667 2498 αὐτούς
743 2437 1070 2492 ἀποστέλλειν
1122 2436 1220 2492 δύο
1265 2436 1362 2492 δύο
1392 2459 1404 2470 °
1473 2441 1676 2505 πάντως
1732 2438 1826 2495 διὰ

219 2529 300 2599 (8)
335 2532 670 2600 παρηγορίαν
701 2525 949 2585 ἀλλήλων.

295 2619 483 2687 Λέγων
518 2647 586 2656 -
619 2615 856 2690 Ἰσραήλ.
913 2618 1030 2670 Ἐπὶ
1079 2618 1172 2681 τὰς
1204 2624 1305 2670 τῶν
1340 2615 1612 2672 Ἰουδαίων
1659 2620 1826 2683 πόλεις

219 2710 312 2756 καὶ
357 2710 543 2777 κώμας
589 2712 789 2777 πρῶτον
847 2709 1036 2777 πέμπει
1078 2710 1200 2767 τοὺς
1249 2709 1508 2779 μαθητὰς,
1563 2705 1828 2763 διδασκά-

220 2793 346 2854 λους
395 2796 489 2844 καὶ
552 2791 756 2864 ἰατρούς
794 2792 992 2856 αὐτοῖς,
1048 2789 1295 2846 δεικνύων
1334 2798 1392 2847 τὸ
1440 2799 1567 2871 πρὸς
1613 2797 1830 2859 ἐκείνους

220 2883 352 2952 ὑπὲρ
397 2882 600 2942 πάντας
652 2881 880 2953 φίλτρον,
924 2886 1012 2934 καὶ
1056 2886 1149 2940 τήν
1198 2882 1481 2956 ὑπερϐολὴν
1528 2893 1620 2946 τῆς
1671 2883 1831 2945 κηδε-

218 2973 429 3042 μονίας,
468 2969 548 3021 ὃτι
585 2974 673 3021 καὶ
709 2968 1042 3042 ὑϐριζόμενος
1103 2970 1190 3022 ὑπ’
1225 2971 1411 3041 αὐτῶν,
1451 2973 1510 3025 οὗ
1566 2994 1830 3046 μνησικα-

219 3066 301 3110 κεῖ
333 3060 562 3119 τούτοις,
603 3055 732 3109 ἀλλά
771 3055 988 3112 σπεύδει
1017 3064 1172 3111 παντὶ
1219 3065 1394 3134 τρόπῳ
1445 3057 1687 3136 διορθοῦν
1741 3069 1831 3116 καὶ

223 3148 531 3220 θεραπεύειν
617 3145 830 3208 αύτούς.
922 3151 1008 3199 Διό
1092 3152 1180 3200 καὶ
1277 3148 1461 3202 κωλύει
1546 3153 1635 3223 μεν
1719 3156 1835 3214 τοὺς
1873 3177 1914 3236 C

227 3234 660 3306 ἀπεσταλμένους
707 3235 948 3306 ἅψασθαι
999 3244 1093 3298 τῆς
1132 3241 1257 3310 πρὸς
1304 3240 1370 3290 τὰ
1413 3240 1528 3298 ἔθνη
1579 3245 1837 3315 φερούσης

226 3321 402 3377 ὀδοῦ·
462 3321 649 3376 κελεύει
713 3319 790 3390 δὲ,
849 3319 987 3396 μηδὲ
1041 3332 1101 3397 τῇ
1165 3326 1308 3378 πόλει
1361 3335 1458 3378 τῶν
1513 3335 1836 3402 Σαμαρειτῶν

229 3409 598 3483 ἐπιδημῆσαι,
653 3417 888 3483 κειμένην
951 3413 1143 3485 μεταξύ
1205 3422 1305 3466 τῶν
1375 3412 1676 3468 Ἰουδαϊκῶν
1749 3423 1839 3470 πό-

229 3502 378 3553 λεων.
430 3505 531 3552 Καὶ
587 3502 636 3551 οἱ
687 3507 1000 3574 Σαμαρεῖται
1047 3505 1168 3574 γὰρ,
1217 3503 1271 3566 ἐξ
1323 3505 1566 3575 ἡμισείας
1619 3502 1840 3559 Ἰουδαί-

229 3591 436 3660 ζοντες,
483 3591 721 3651 ἐναντίως
767 3593 896 3662 πρὸς
930 3594 1051 3653 τοὺς
1094 3587 1384 3654 Ἰουδαίους
1437 3590 1704 3650 διέκειντο.
1742 3602 1840 3650 Καὶ

229 3678 571 3750 πανταχόθεν
603 3676 878 3752 ἐμφράττει
909 3682 974 3732 τὰ
1005 3686 1242 3753 στόματα
1284 3690 1383 3734 τῶν
1437 3681 1760 3757 ἀχαρίστων,
1799 3686 1842 3738 εἰ

227 3771 343 3836 καὶ,
392 3767 602 3817 πάντων
651 3766 738 3817 ὑπ’
779 3766 936 3820 αὐτοῦ
988 3771 1410 3841 προτιμηθέντες,
1461 3775 1662 3824 πάντων
1709 3774 1840 3846 μᾶλ-

226 3855 319 3908 λον
369 3853 528 3906 αὐτὸν
577 3855 868 3927 ἠτίμασαν.
941 3855 1187 3928 Πρόϐατα
1235 3855 1293 3911 δὲ
1347 3858 1647 3913 ἀπολωλότα
1698 3866 1842 3917 οῖκου

230 3941 456 4016 Ἰσραὴλ
508 3945 719 4004 τούτους
773 3943 1060 4016 ὠνόμασεν,
1117 3946 1346 4007 εἰκότως.
1421 3949 1667 4023 Πρόϐατα
1729 3956 1840 4024 μὲν,

231 4036 306 4094 ὡς
360 4033 464 4084 ύπό
525 4038 656 4084 Θεοῦ
709 4030 867 4084 πάλαι
917 4039 1348 4106 ποιμαινομένους
1386 4054 1398 4067 °
1457 4036 1516 4090 Ὀ
1563 4046 1844 4112 ποιμαίνων

234 4124 366 4194 γὰρ,
444 4124 596 4191 φησὶ,
670 4123 757 4172 τὸν
823 4121 1057 4196 Ἰσραὴλ,
1125 4127 1355 4198 πρόσχες
1412 4124 1712 4179 ἀπολωλότα
1765 4125 1844 4194 δε,

241 4207 341 4262 διὰ
406 4211 464 4260 τὸ
523 4206 650 4260 εἶναι
710 4209 896 4270 αύτούς
957 4209 1294 4283 έσκυλμένους
1345 4219 1434 4266 καὶ
1497 4214 1845 4289 ἐρριμμένους,

241 4302 310 4359 ὡς
368 4301 722 4371 προείρηται’
781 4299 925 4350 οἴκου
993 4296 1051 4352 δε
1106 4300 1339 4374 Ἰσραὴλ,
1387 4305 1456 4364 ὡς
1496 4303 1846 4373 Ἰσραηλίτας.

244 4387 405 4441 Οὕτω
437 4383 496 4438 δὲ
541 4390 970 4461 προσαγορεύσας
997 4392 1118 4450 τούς
1163 4387 1470 4455 Ἰουδαίους,
1505 4393 1720 4466 ἐπράυνε
1764 4398 1851 4446 τὸν

251 4479 419 4548 θυμὸν
468 4484 567 4526 τῶν
619 4477 886 4547 μαθητῶν,
947 4482 1036 4530 καὶ
1082 4479 1364 4552 σπλάγχνα
1411 4485 1616 4545 τούτοις
1664 4483 1853 4556 μᾶλλον

250 4562 548 4634 έπιμελείας
581 4561 795 4617 ἐνέϐαλε.

334 4655 674 4726 Πορευόμενοι
725 4685 794 4694 -
837 4652 1084 4729 ούρανῶν.
1142 4653 1388 4728 Ἤγγικεν
1440 4660 1469 4717 ἠ
1529 4657 1578 4711 έν
1625 4659 1858 4733 οὐρανοῖς

259 4738 578 4806 ἀπόλαυσις,
646 4745 906 4810 τουτέστι,
974 4744 1097 4818 παρ’
1153 4746 1273 4816 ὑμῖν
1330 4745 1490 4816 ἔστιν,
1547 4746 1631 4800 ἐὰν
1686 4749 1860 4808 θέλητε

257 4828 438 4883 λαϐεῖν
496 4829 678 4888 αὐτήν.
742 4830 989 4901 Λήψεσθε
1041 4829 1100 4886 δι
1149 4832 1330 4900 αὐτὴν,
1389 4840 1716 4900 πιστεύοντες
1772 4843 1862 4892 καὶ

259 4919 360 4977 τὰς
435 4915 637 4979 ἐντολὰς
701 4917 1051 4990 φυλάττοντες.
1110 4927 1422 4995 Ιιροείρηται
1490 4921 1549 4976 δὲ
1607 4922 1864 4999 διαφόρως

259 5009 386 5080 περὶ
433 5012 529 5066 τῆς
569 5005 840 5078 βασιλείας
880 5017 979 5060 τῶν
1023 5007 1250 5082 οὐρανῶν
1300 5010 1348 5063 ἐν
1392 5020 1464 5084 τῷ
1503 5013 1661 5088 τρίτω
1707 5033 1864 5086 κεφα-

259 5093 419 5179 λαίῳ,
455 5098 546 5147 καὶ
592 5099 702 5170 χρὴ
748 5093 960 5149 κάκεῖνα
997 5103 1290 5170 γινώσκειν,
1343 5105 1432 5154 καὶ
1477 5103 1867 5179 προσαρμόζειν

262 5185 328 5237 τὸ
359 5178 548 5236 δοκοῦν
579 5188 1014 5262 προσφυέστερον.

345 5336 368 5374 τ
403 5337 539 5394 Luc.
571 5352 646 5407 γι,
681 5336 774 5396 ιιι.
895 5338 915 5374 ³
940 5339 1208 5410 Marc~vi,
1241 5341 1301 5402 7.

1918 581 2088 638 fratre
2147 597 2279 650 suo,
2337 585 2392 636 et
2441 579 2699 636 Jacobus
2753 595 2877 633 cum
2930 581 3159 634 Joanne
3217 579 3391 634 fratre
3457 594 3567 634 suo

1918 670 2212 726 Christum
2265 667 2450 724 secuti
2504 673 2645 723 sunt
2689 683 2701 720 :
2757 673 2814 723 et
2869 669 3178 740 oportebat
3234 683 3337 722 eos
3391 665 3566 722 simul

1919 758 2202 822 ordinari,
2239 772 2359 813 non
2393 756 2588 813 solum
2633 755 2776 827 quia
2805 755 3032 821 fratres,
3069 755 3175 811 sed
3217 756 3395 810 etiam
3426 755 3571 827 quia

1921 847 2098 903 simul
2144 845 2326 902 secuti
2379 844 2628 900 fuerant.
2685 843 2798 900 Sed
2864 860 3048 917 quare
3122 859 3242 900 non
3303 843 3572 898 similiter

1920 935 2180 992 Iacobus
2234 933 2455 1006 Alphei
2503 933 2659 989 ﬁlius
2707 949 2845 989 cum
2906 934 3175 990 Matthaao
3222 931 3400 988 fratre
3459 947 3571 988 suo

1922 1025 2278 1096 conjunctus
2330 1022 2360 1078 τ
2452 1022 2603 1088 Quia
2675 1021 2770 1078 ille
2866 1022 3251 1094 postmodum
3333 1026 3570 1078 secutus

1922 1118 2032 1171 est.

1993 1204 2154 1258 Vers.
2185 1201 2239 1257 4.
2267 1199 2545 1256 Simon—
2573 1200 2768 1256 illum.
2818 1199 3083 1257 Tradidit
3122 1199 3287 1256 illum
3328 1199 3572 1256 insidia-

1923 1289 2169 1348 toribus.

1992 1381 2155 1434 Vers.
2186 1378 2239 1434 5.
2284 1378 2407 1433 Hos
2454 1405 2521 1418 —
2551 1377 2649 1434 eis.
2703 1376 2921 1443 Quales
2947 1376 3057 1434 hos
3086 1376 3114 1432 τ
3145 1377 3472 1434 Piscatores
3519 1381 3577 1433 et

1923 1465 2271 1540 publicanos
2299 1481 2310 1519 :
2341 1465 2629 1537 siquidem
2662 1465 2867 1521 Petrus
2897 1470 2952 1521 et
2972 1466 3262 1531 Andreas,
3319 1464 3578 1522 Jacobus

1923 1559 1981 1613 et
2006 1555 2266 1612 Joannes
2287 1555 2610 1625 piscatores
2633 1558 2799 1609 erant
2834 1569 2845 1607 :
2881 1554 3182 1610 Mattheus
3207 1560 3262 1610 et
3292 1553 3577 1621 Jacobus,

1922 1643 2145 1715 Alphei
2175 1643 2300 1711 ﬁlii,
2349 1641 2675 1714 publicani.
2713 1642 2899 1697 Lucas
2923 1657 3065 1697 vero
3091 1642 3291 1697 locum
3335 1657 3579 1713 quoque

1923 1731 2089 1796 dixit,
2122 1733 2182 1786 in
2212 1746 2334 1802 quo
2355 1731 2520 1801 ipsos
2548 1729 2625 1786 ad
2655 1729 3055 1802 apostolatum
3090 1730 3441 1799 segregavit.
3490 1730 3584 1784 Ait

1925 1820 2081 1876 enim
2112 1820 2273 1891 quod
2318 1819 2596 1888 Egressus
2623 1825 2702 1873 est
2749 1818 2812 1872 in
2853 1823 3106 1872 montem
3154 1818 3529 1873 adorandum
3565 1831 3578 1871 :

1926 1915 2171 1979 eratque
2197 1913 2546 1977 pernoctans
2577 1907 2641 1961 in
2659 1906 2929 1962 oratione
2940 1907 3069 1962 Dei.
3097 1906 3356 1978 Cumque
3371 1906 3583 1976 factus

1927 2003 2062 2054 esset
2092 1996 2229 2065 dies,
2264 1994 2567 2052 advocavit
2594 1994 2916 2064 discipulos
2945 2009 3095 2065 suos,
3139 2000 3192 2051 et
3239 1995 3407 2066 elegit
3436 1995 3583 2050 duo-

1928 2085 2110 2141 decim
2140 2099 2211 2140 ea:
2239 2086 2339 2148 eis,
2371 2098 2517 2155 quos
2549 2090 2600 2139 et
2654 2085 2944 2152 apostolos
2972 2084 3286 2140 nominavit
3318 2085 3361 2146 ⁷,
3393 2088 3450 2139 et
3472 2099 3584 2139 caa-

1929 2177 2073 2229 tera.
2112 2173 2327 2228 Verum
2360 2187 2482 2227 non
2507 2170 2654 2227 dixit
2679 2171 2925 2243 quando
2952 2188 3054 2227 eos
3095 2173 3313 2228 emisit.
3359 2173 3586 2227 Marcus

1930 2267 2124 2317 autem
2173 2260 2423 2316 modum
2455 2275 2696 2332 quoque
2726 2260 2884 2326 dicit,
2931 2260 3091 2332 quod
3133 2261 3304 2331 Ccrpit
3326 2275 3419 2315 eos
3459 2261 3589 2314 mit-

1931 2356 2046 2406 tere
2059 2349 2269 2406 binos':
2284 2349 2530 2406 omnino
2544 2352 2787 2421 propter
2797 2352 3069 2405 mutuam
3087 2347 3584 2406 consolationem.

2005 2617 2170 2672 Vers.
2204 2620 2257 2673 5.
2289 2615 2496 2673 Dicens
2527 2645 2594 2656 —
2618 2615 2775 2670 Vers.
2810 2619 2862 2672 6.
2895 2614 3103 2671 Israel.
3137 2613 3226 2670 Ad
3251 2614 3591 2670 Judteorum

1936 2704 2198 2762 civitates
2243 2707 2300 2761 et
2345 2703 2512 2760 vicos
2568 2702 2821 2775 primum
2894 2702 3070 2759 mittit
3124 2701 3470 2776 discipulos,
3529 2708 3594 2758 ut

1937 2794 2053 2850 sint
2087 2793 2200 2850 illis
2229 2793 2289 2849 in
2317 2791 2635 2863 magistros
2664 2807 2734 2848 ac
2764 2790 3053 2858 medicos,
3081 2792 3428 2857 ostendens,
3468 2793 3591 2848 vim

1937 2882 2181 2951 amoris,
2200 2897 2382 2953 quem
2395 2881 2472 2938 ad
2494 2880 2628 2936 illos
2647 2896 2768 2953 pras-
2786 2880 3071 2936 omnibus
3093 2879 3372 2947 habebat,
3411 2881 3596 2953 quod-

1937 2987 2055 3044 que
2086 2985 2270 3042 supra
2292 2969 2540 3026 modum
2566 2985 2766 3026 curam
2796 2968 3031 3026 illorum
3048 2976 3293 3042 gereret,
3313 2969 3596 3041 quoniam

1940 3061 2173 3132 injuriis
2223 3059 2302 3114 ab
2349 3058 2437 3114 eis
2477 3059 2792 3132 appetitus,
2851 3057 3085 3114 illarum
3128 3074 3249 3114 non
3302 3058 3594 3122 meminit,

1945 3149 2046 3206 sed
2091 3148 2258 3203 omni
2285 3146 2462 3202 modo
2519 3146 2810 3216 corrigere
2853 3160 2955 3202 eos
3006 3162 3072 3201 ac
3118 3161 3332 3202 sanare
3373 3147 3598 3202 nititur.

1945 3237 2083 3294 ldeo
2111 3249 2354 3308 quoque
2379 3233 2535 3300 illos,
2566 3249 2721 3304 quos
2749 3233 2970 3298 emisit,
2998 3233 3161 3289 viam
3183 3249 3317 3304 quae
3358 3234 3433 3290 ad
3465 3249 3603 3301 gen-

1946 3331 2032 3382 tes
2068 3324 2248 3380 ducat
2275 3328 2519 3391 tangere
2550 3320 2843 3394 prohibet.
2885 3321 3061 3377 Jubet
3089 3321 3268 3377 etiam
3299 3337 3374 3377 ne
3413 3322 3490 3377 ad
3529 3322 3608 3377 ci-

1946 3415 2187 3470 vitatem
2217 3411 2727 3466 Samaritanorum
2775 3409 3083 3472 accedant,
3135 3425 3270 3480 qua:
3317 3408 3424 3465 sita
3481 3413 3609 3466 erat

1947 3502 2099 3558 inter
2121 3499 2464 3556 Judaorum
2486 3499 2770 3554 civitates.
2798 3496 3097 3570 Siquidem
3113 3497 3475 3552 Samaritani
3498 3513 3608 3569 pro

1947 3587 2200 3647 dimidia
2227 3592 2394 3662 parte
2417 3586 2792 3644 Judaismum
2812 3590 3138 3652 servantes,
3153 3584 3388 3642 inimico
3405 3586 3610 3642 animo

1948 3681 2026 3738 ad
2056 3679 2296 3736 Judaeos
2333 3675 2528 3734 aﬂ'ecti
2573 3679 2766 3734 erant.
2825 3675 2890 3732 Et
2939 3674 3207 3748 undique
3237 3675 3607 3745 ingratorum

1949 3768 2181 3843 oppilat
2209 3783 2353 3833 ora;
2395 3781 2742 3840 quanquam
2791 3780 2976 3837 supra
3015 3780 3228 3821 omnes
3274 3764 3352 3821 ab
3391 3780 3460 3821 eo
3509 3765 3611 3820 ho-

1949 3858 2162 3925 norati,
2193 3857 2390 3931 ipsum
2432 3871 2614 3928 supra
2669 3870 2881 3912 omnes
2928 3854 3155 3911 honore
3202 3853 3609 3925 privaverunt.

1953 3950 2101 4006 Oves
2137 3950 2340 4003 autem
2397 3943 2662 4017 perditas
2709 3943 2927 4000 domus
2958 3941 3137 3998 Israel
3183 3943 3394 4000 merito
3444 3943 3608 4014 ipsos

1952 4035 2284 4094 nominavit
2313 4053 2326 4103 ;
2367 4049 2509 4090 oves
2537 4033 2808 4105 quidem,
2852 4036 3050 4104 utpote
3080 4047 3236 4104 quos
3283 4030 3427 4087 olim
3463 4033 3616 4086 Deus

1953 4124 2254 4197 pascebat.
2300 4123 2414 4189 Qui
2475 4122 2692 4191 pascis,
2751 4120 2962 4192 inquit,
3034 4120 3237 4185 Israel,
3291 4120 3618 4185 intende“;

1956 4212 2217 4286 perditas
2242 4225 2402 4273 vero,
2430 4225 2500 4264 eo
2531 4210 2696 4280 quod
2727 4208 3023 4263 destitutaa
3053 4211 3249 4261 essent
3279 4221 3350 4260 ac
3397 4205 3627 4277 disper-

1957 4319 2059 4366 sae,
2093 4305 2156 4355 ut
2178 4297 2532 4370 praedictum
2584 4301 2692 4351 est.
2752 4296 2978 4350 Domus
3019 4294 3194 4348 etiam
3220 4293 3431 4359 Israel,
3483 4297 3626 4364 puta

1959 4387 2277 4446 Israelitas.
2312 4386 2396 4441 lta
2426 4390 2612 4440 autem
2651 4382 2893 4438 Iudaeos
2936 4380 3268 4453 appellans,
3297 4379 3617 4452 discipulo-

1961 4494 2095 4536 rum
2138 4475 2289 4532 iram
2341 4473 2651 4545 mitigabat
2683 4489 2695 4528 :
2725 4475 2780 4529 et
2813 4470 3014 4544 potius
3054 4470 3155 4543 pia
3187 4485 3341 4526 curae
3391 4467 3627 4526 viscera

1964 4568 2108 4642 ipsis
2146 4563 2529 4621 irnmittebat.

2039 4659 2196 4713 Vers.
2236 4654 2290 4709 7.
2338 4653 2562 4710 Euntes
2593 4682 2659 4693 —
2708 4653 3003 4711 calorum.
3032 4652 3212 4705 Instat
3267 4646 3463 4706 fruitio
3497 4661 3630 4720 qua

1967 4745 2222 4803 habetur
2276 4743 2336 4798 in
2363 4741 2548 4806 caalis,
2589 4740 2703 4796 hoc
2746 4744 2852 4804 est,
2881 4739 3042 4811 apud
3095 4754 3204 4795 vos
3229 4742 3336 4807 est,
3392 4737 3440 4793 si
3493 4751 3632 4794 eam

1970 4835 2239 4907 accipere
2268 4831 2606 4898 volueritis;
2659 4829 2945 4901 accipere,
2979 4827 3241 4900 inquam,
3276 4827 3466 4893 illam,
3511 4842 3634 4883 cre-

1973 4924 2175 4980 dentes
2229 4927 2287 4978 et
2338 4923 2626 4993 praecepta
2663 4923 2989 4976 servantes.
3050 4917 3242 4974 Tertio
3296 4921 3497 4974 autem
3543 4932 3637 4973 ca-

1975 5012 2092 5085 pite
2121 5010 2196 5066 de
2221 5025 2406 5080 regno
2438 5008 2727 5066 caelorum
2757 5007 3004 5079 pulchre
3049 5005 3276 5062 dictum
3309 5009 3414 5061 est.
3450 5006 3637 5076 Opor-

1975 5104 2057 5158 tet
2079 5115 2221 5174 ergo
2250 5103 2307 5156 et
2333 5097 2434 5156 illa
2452 5113 2654 5165 nosse,
2682 5100 2738 5154 et
2761 5094 2901 5153 inde
2923 5093 3215 5169 adaptare
3245 5093 3411 5168 quod
3435 5091 3637 5166 aptius

1978 5188 2300 5248 videbitur.

1420 5345 1442 5380 ⁹
1472 5340 1624 5402 Psal.
1663 5360 1862 5413 LXXIX,
1901 5345 1958 5403 1.

1500 5492 1725 5566 νοτία)
1757 5493 2088 5566 lectiones
2129 5503 2413 5564 etnotae.

359 5661 440 5741 (Ἰ)
469 5666 531 5739 τῇ
559 5666 835 5742 προσευχῇ
868 5667 936 5734 Α,
966 5667 1032 5722 ut
1066 5659 1264 5725 editur
1289 5665 1456 5742 apud
1481 5667 1726 5726 Lucam.

2069 5668 2147 5745 (8)
2179 5664 2300 5724 Hoc
2335 5663 2588 5728 refertur
2615 5663 2695 5726 ad
2720 5659 2820 5720 δύο
2851 5658 2972 5723 δύο.
