4170 6448
538 347 645 406 323

1859 341 2203 399 EUTHYMII
2243 334 2575 397 ZIGABENI

3787 335 3894 400 324

538 480 596 532 et
638 473 889 539 Andrea,
934 470 1158 527 Jacobo
1207 475 1262 525 et
1301 471 1528 525 Joanne
1550 482 1620 522 ac
1659 467 1851 538 seipso
1919 466 1980 522 in
2037 483 2184 538 prm-

2308 469 2406 535 ιιεν,
2456 472 2545 519 καὶ
2591 463 2862 540 Ἀνδρεου,
2922 472 3010 519 καὶ
3059 465 3330 536 Ἰακώϐου,
3373 471 3462 519 καὶ
3512 466 3767 534 Ἰωάννου,
3803 473 3897 522 καὶ

539 562 880 620 cedentibus
913 560 1132 619 docuit.
1168 557 1333 630 quod
1371 556 1558 611 secuti
1601 555 1812 611 fuerint
1868 555 2181 618 Christum,

535 651 609 707 de
635 650 762 706 aliis
813 664 951 705 vero
1009 647 1156 703 nihil
1211 644 1518 701 manifeste
1564 644 1819 715 scripsit,
1874 659 2031 700 nunc
2061 643 2186 700 illo-

532 755 664 796 rum
685 754 926 810 quoque
953 737 1202 792 nomina
1228 737 1510 798 recenset,
1538 738 1600 787 ut
1627 748 1695 787 ea
1723 748 2184 801 cognoscamus,

532 833 588 885 et
612 843 648 884 a
674 827 839 884 falsis
869 824 1148 898 apostolis
1190 821 1584 895 dijudicemus
1627 839 1641 887 ;
1672 821 1842 877 multi
1877 822 2037 876 enim
2065 820 2189 878 fue-

531 922 668 972 runt
691 913 1160 988 pseudapostoli.
1192 914 1310 967 Hoc
1349 914 1550 966 autem
1579 913 1636 965 et
1665 910 1898 965 Marcus
1919 914 1974 965 et
2001 911 2187 965 Lucas

533 1003 824 1061 fecerunt.

610 1182 878 1237 Primum
933 1193 1074 1234 vero
1119 1176 1270 1232 dixit
1317 1176 1574 1243 Petrum,
1632 1188 1754 1230 non
1811 1173 2008 1230 solum
2061 1176 2189 1230 tan-

536 1287 723 1344 quam
772 1268 1004 1324 Andrea
1033 1265 1212 1322 fratre
1243 1279 1351 1320 suo
1412 1267 1558 1318 natu
1611 1262 1922 1332 majorem,
1981 1277 2188 1317 verum

536 1361 714 1416 etiam
747 1363 1032 1428 tanquam
1071 1354 1298 1410 caeteris
1341 1351 1626 1409 omnibus
1663 1350 1941 1406 ﬁrmitate
1998 1350 2187 1406 excel-

537 1448 865 1504 lentiorem.
904 1444 1043 1500 Ideo
1087 1444 1261 1499 etiam
1310 1457 1529 1497 nomen
1585 1442 1785 1494 Petrus
1828 1439 1878 1494 ei
1917 1439 2188 1495 Christus

536 1538 861 1608 imponens,
889 1533 1036 1589 dixit
1068 1533 1286 1603 :Super
1315 1531 1462 1586 hanc
1488 1536 1714 1600 petram
1758 1528 2051 1597 zdiﬁcabo
2077 1528 2192 1584 Ec-

537 1625 758 1682 clesiam
784 1637 969 1678 meam
999 1624 1044 1674 ³.

609 1714 799 1778 Quare
830 1715 1027 1767 autem
1087 1706 1319 1764 addidit
1350 1722 1362 1761 :
1396 1706 1490 1777 qui
1516 1705 1737 1760 dicitur
1763 1704 1971 1760 Petrus
2000 1703 2028 1756 τι
2059 1704 2188 1759 Om-

2296 555 2475 606 ἑαυτοῦ
2554 555 2821 626 προλαϐὼν
2890 552 3152 620 ἐδιδαξεν,
3232 557 3310 606 ὅτι
3384 556 3746 614 ἠκολούθησαν
3820 566 3895 628 τῷ

2297 650 2531 716 Χριστῷ,
2564 649 2675 715 περὶ
2721 641 2777 696 δὲ
2827 653 2924 695 τῶν
2956 645 3116 696 ἄλλων
3147 641 3296 695 οὐδέν
3349 663 3400 695 τι
3431 649 3642 718 φανερὸν
3674 645 3890 717 ἔγραψεο

2295 739 2382 781 νῦν
2423 731 2690 802 καταλέγει
2736 738 2822 784 καὶ
2884 736 2948 783 τὰ
2995 735 3187 783 τούτων
3245 732 3491 802 ὀνόματα,
3535 734 3617 783 ἵνα
3664 752 3716 785 τε
3762 755 3895 804 γνω-

2296 822 2518 891 ρίζωμεν
2575 821 2782 884 αύτούς,
2832 826 2921 874 καὶ
2975 822 3057 872 ἶνα
3108 818 3451 894 διακρίνωμεν
3519 824 3728 882 τούτους
3791 821 3894 874 ἀπὸ

2298 917 2396 959 τῶν
2445 906 2904 979 ψευδαποστὸλων.
2963 910 3214 980 Ἐγένοντο
3287 914 3384 982 γὰρ
3444 908 3620 961 πολλοὶ
3689 907 3895 980 ψευδα-

2297 996 2570 1054 πόστολοι,
2624 1003 2784 1050 Τοῦτο
2836 994 2895 1050 δὲ
2951 1003 3040 1049 καὶ
3089 999 3300 1071 Μάρκος
3347 1002 3434 1049 καὶ
3467 1003 3673 1058 Λουκᾶς
3706 1017 3896 1050 πεποι-

2300 1090 2483 1143 ήκασμ

2373 1181 2580 1247 Πρῶτον
2611 1170 2669 1226 δε
2712 1177 2796 1226 τόν
2825 1178 3013 1246 Πέτρον
3042 1175 3198 1240 εἶπεν,
3249 1174 3308 1225 ού
3363 1177 3514 1244 μόνον
3563 1177 3626 1236 ὡς
3661 1174 3897 1246 πρεσϐύ-

2299 1281 2441 1336 τερον
2502 1259 2747 1332 Ἀνδρέου
2802 1270 2894 1315 τοῦ
2949 1259 3172 1334 ἀδελφοῦ
3243 1263 3426 1330 αὐτοῦ,
3485 1262 3612 1314 ἀλλά
3678 1268 3768 1315 καὶ
3828 1267 3900 1325 ὡς

2297 1353 2502 1403 πάντων
2599 1347 2980 1425 διαφορώτερον
3029 1349 3112 1402 ἐπὶ
3180 1353 3538 1424 σταθερότητι.
3629 1354 3716 1402 Διό
3806 1355 3898 1404 καὶ

2298 1442 2324 1492 6
2399 1443 2645 1513 Χριστὸς,
2713 1444 2902 1513 Πέτρον
2973 1439 3127 1490 αὑτὸν
3199 1441 3475 1511 ὀνομάσας,
3541 1437 3696 1492 εἶπεν·
3776 1440 3897 1492 Ἐπὶ

2297 1532 2455 1600 ταύτῃ
2547 1535 2608 1600 τῇ
2701 1531 2864 1599 πέτρᾳ
2954 1524 3292 1598 οἰκοδομήσω
3389 1547 3488 1599 μου
3585 1533 3678 1586 τὴν
3777 1529 3894 1582 Ἐκ-

2299 1617 2392 1674 κλη
2404 1622 2541 1670 σίαν.

2373 1710 2518 1757 Διατί
2581 1701 2641 1756 δέ
2716 1705 3053 1777 προσέθηκεν,
3115 1705 3193 1754 ὁτι
3245 1704 3270 1754 6
3319 1702 3582 1774 λεγόμενος
3656 1708 3892 1778 Πέτρος;

536 1803 680 1858 nino
695 1805 759 1857 ut
786 1799 1105 1862 discamus,
1133 1795 1296 1868 quod
1327 1795 1531 1850 Simon
1552 1794 1813 1865 primum
1836 1791 2190 1848 nominaba-

2308 1796 2506 1852 Πάντως
2565 1796 2648 1844 ἱνα
2698 1795 2962 1864 μάθωμεν,
3017 1794 3095 1843 ὅτι
3149 1811 3203 1843 τε
3247 1799 3415 1862 Σιμών
3445 1793 3738 1864 ὠνομάζετο
3768 1799 3895 1867 ττρὸ-

536 1893 632 1947 tur
665 1906 677 1944 :
711 1894 766 1944 et
786 1895 849 1942 ut
875 1902 1009 1942 eum
1042 1885 1121 1941 ab
1141 1884 1322 1940 altero
1351 1882 1592 1938 Simone
1613 1881 2189 1952 distinguamus,qui

539 1977 990 2050 cognominatur
1026 1974 1414 2030 Chananasus.

612 2065 773 2120 Vers.
803 2067 856 2118 2.
888 2062 1130 2119 Jacobus
1149 2091 1218 2103 —
1245 2061 1432 2117 frater
1458 2062 1605 2129 ejus.
1639 2057 1926 2115 Jacobum
1958 2072 2192 2130 praepo-

541 2155 676 2218 suit,
711 2157 910 2224 utpote
957 2151 1186 2206 Joanne
1234 2154 1379 2205 natu
1438 2148 1929 2220 majorem;nam
1978 2146 2191 2203 virtute

539 2242 799 2298 Joannes
822 2238 1215 2312 praecellebat.

610 2331 772 2386 Vers.
821 2332 878 2385 3.
933 2326 1251 2396 Philippus
1307 2353 1373 2367 —
1427 2324 1876 2381 Barthotomau
1935 2323 2000 2378 Hi
2058 2325 2196 2394 post

536 2418 851 2492 praedictos
881 2415 1174 2472 Christum
1196 2413 1377 2470 secuti
1402 2417 1541 2469 sunt
1570 2429 1584 2481 ;
1612 2412 1746 2469 ideo
1772 2413 1952 2469 etiam
1971 2412 2086 2468 hoc
2106 2425 2194 2465 or-

539 2507 672 2564 dine
690 2507 1093 2562 numerantur.

611 2597 771 2650 Vers.
804 2594 856 2648 3.
889 2592 1130 2648 Thomas
1161 2621 1226 2632 —
1250 2590 1622 2660 publicanus.
1645 2587 1878 2644 Marcus
1919 2590 1975 2642 et
2006 2587 2192 2642 Lucas

537 2684 876 2742 Matthaeum
916 2681 1156 2736 Thomas
1178 2680 1631 2751 praeposuerunt
1662 2678 1704 2740 ³,
1738 2681 2026 2747 tanquam
2051 2679 2188 2729 ante

538 2787 678 2828 eum
716 2769 988 2826 eﬂ'ectum
1017 2767 1372 2839 discipulum
1406 2783 1420 2823 :
1456 2764 1763 2819 Matthteus
1792 2778 1933 2818 vero
1976 2762 2072 2817 hic
2103 2777 2192 2816 se-

539 2860 737 2933 ipsum
764 2857 1071 2915 modestiae
1109 2871 1294 2912 causa
1314 2854 1548 2924 dejecit.
1605 2855 1752 2907 Nam
1784 2850 1964 2906 etiam
2003 2848 2190 2922 publi-

540 2963 759 3004 canum
787 2962 918 3003 sese
948 2961 1184 3001 rursum
1224 2944 1283 2998 in
1319 2940 1630 3014 proprium
1657 2944 2059 3010 contemptum
2095 2954 2196 3011 ap-

540 3037 801 3110 pellavit.
2058 3073 2059 3076 η

612 3127 768 3180 Vers.
802 3127 858 3180 3.
894 3121 1154 3179 Jacobus
1209 3115 1546 3206 Thadda’us.
1583 3113 1842 3171 Jacobus
1890 3115 1987 3171 hic
2017 3115 2197 3206 irater
2234 3151 2274 3206 C

539 3218 661 3271 erat
698 3211 950 3268 Μαιηιωί
994 3233 1004 3275 ;
1041 3207 1334 3280 siquidem
1362 3205 1662 3261 Matthmus
1701 3219 1940 3277 quoque
1970 3203 2197 3276 Alphaai

539 3303 696 3359 ﬁlius
726 3307 863 3368 erat,
897 3315 1016 3356 non
1049 3296 1241 3352 solum
1273 3295 1460 3352 dictus
1486 3293 1812 3358 Matthaaus,
1842 3292 1944 3348 sed
1963 3299 2020 3348 et
2042 3293 2194 3359 Levi,

548 3391 728 3454 Vidit,
769 3389 979 3460 inquit,
1013 3387 1159 3442 Levi
1179 3385 1366 3457 ﬁlium
1394 3383 1628 3453 Alphaei
1654 3381 1938 3438 sedentem
1967 3383 2029 3437 in
2054 3383 2200 3438 telo-

539 3481 639 3536 m’o
668 3479 712 3534 ⁴.
749 3480 932 3532 Lucas
975 3490 1113 3530 vero
1157 3473 1290 3528 loco
1339 3471 1484 3541 ejus,
1543 3469 1647 3542 qui
1706 3468 1799 3525 hic
1858 3469 2199 3525 Thaddaaus

541 3567 776 3634 dicitur,
809 3565 1110 3620 Simonem
1156 3561 1392 3616 Zeloten
1429 3557 1556 3612 sive
1599 3557 2004 3612 Chananasum
2046 3557 2202 3612 ordi-

541 3655 767 3712 navit‘.
791 3655 996 3707 Postea
1022 3655 1217 3704 autem
1263 3645 1630 3702 Thaddasum
1690 3644 1996 3714 conjunxit
2035 3645 2200 3701 Iudae

543 3739 824 3804 lscarioti,
876 3744 930 3793 et
985 3737 1148 3792 hunc
1209 3734 1429 3788 Judam
1508 3731 1842 3788 nominavit
1897 3749 1909 3787 :
1959 3733 2198 3800 Judam,

543 3817 756 3901 inquit,
795 3825 999 3883 Jacobi
1029 3826 1071 3889 ⁸,
1103 3827 1160 3878 et
1208 3821 1426 3877 Judam
1473 3819 1832 3875 Iscariotem.
1885 3821 2202 3893 Conjungit

545 3922 746 3976 autem
768 3913 877 3970 hos
918 3916 1160 3985 propter
1189 3908 1503 3966 nominum
1532 3906 1999 3965 similitudinem.

622 4097 747 4149 Duo
789 4092 988 4164 itaque
1027 4088 1233 4144 Simon
1287 4085 1678 4142 dicebantur:
1715 4085 1938 4154 Simon,
1971 4088 2070 4160 qui
2103 4103 2204 4144 vo-

561 4181 811 4239 cabatur
859 4180 1085 4244 Petrus,
1128 4181 1184 4232 et
1215 4176 1416 4233 Simon
1465 4173 1706 4241 Zelotes,
1745 4175 1846 4248 qui
1887 4183 1942 4232 et
1981 4175 2206 4232 Chana-

549 4287 734 4327 nasus.
801 4272 924 4324 Duo
983 4265 1251 4322 similiter
1313 4279 1532 4320 nomen
1598 4263 1912 4332 habebant,
1950 4266 2204 4321 Jacobus

548 4367 706 4432 puta,
743 4359 995 4414 Jacobus
1046 4355 1199 4410 ﬁlius
1247 4352 1535 4422 Zebedaai,
1568 4358 1623 4408 et
1653 4353 1910 4409 Jacobns
1977 4351 2203 4423 Alphaei

548 4449 726 4504 ﬁlius.
751 4449 875 4502 Duo
905 4460 1141 4517 quoque
1166 4443 1351 4498 Judas
1378 4442 1750 4509 dicebantur,
1775 4442 1958 4496 Judas
1979 4440 2202 4503 Jacobi,

550 4536 654 4609 qui
684 4541 737 4592 et
766 4534 1007 4589 Lebmus
1058 4538 1114 4589 et
1163 4531 1498 4586 Thaddaeus
1553 4536 1606 4586 et
1643 4529 1827 4585 Judas
1882 4528 2204 4583 lscariotes.

551 4623 772 4681 Verum
811 4627 1053 4694 propter
1097 4621 1407 4677 nominum
1477 4616 1896 4673 similitudines
1979 4615 2211 4670 addunt

555 4709 935 4781 evangelista
974 4714 1030 4767 et
1077 4709 1196 4766 alia
1233 4707 1590 4778 cognitionis
1621 4703 1842 4760 indicia
1896 4701 1974 4758 ad
2007 4702 2210 4759 distin-

557 4801 838 4858 ctionem.

626 4890 908 4946 Caeterum
951 4890 997 4946 si
1045 4891 1236 4944 Lucas
1266 4889 1506 4958 propter
1532 4880 1847 4937 nominum
1873 4881 2214 4940 similitudi-

556 4995 696 5037 nem
736 4978 1101 5037 Thaddaaum
1128 4977 1293 5032 Iudae
1355 4970 1615 5028 Iscarioti
1647 4969 1974 5042 conjungit,
2022 4988 2212 5044 quare

557 5085 680 5127 non
729 5070 856 5140 pari
913 5067 1097 5124 modo
1129 5064 1434 5121 Simonem
1486 5061 1724 5114 Petrum
1778 5075 1917 5116 cum
1975 5061 2210 5118 Simone

559 5158 895 5217 Chananan
933 5155 1183 5223 ordinat,
1226 5156 1284 5208 et
1325 5165 1462 5206 cum
1503 5146 1724 5205 Jacobo
1773 5147 1893 5205 ﬁlio
1945 5149 2213 5208 Zebedtni

630 5336 652 5371 ³
682 5333 882 5399 Matth,
914 5347 1023 5395 1m,
1063 5331 1147 5394 18,
1226 5330 1246 5363 ³
1280 5329 1452 5395 Marc,
1484 5341 1564 5394 ιιι,
1593 5326 1659 5382 18
1691 5341 1705 5393 ;
1735 5324 1871 5384 Luc.
1906 5329 1982 5396 vi,
2018 5328 2100 5385 15.

2180 5331 2199 5365 ⁸
2223 5331 2399 5388 Marc.
2428 5347 2491 5400 ιι,
2523 5333 2604 5387 14.

2299 1902 2460 1955 τερον,
2494 1887 2583 1934 καὶ
2637 1884 2718 1933 ’ίνα
2775 1879 3047 1952 διαστείλῃ
3104 1889 3282 1932 τοῦτον
3316 1879 3415 1932 ἀπὸ
3467 1888 3560 1933 τοῦ
3611 1882 3783 1955 ἑτέρου
3814 1891 3891 1934 Σι-

2299 1991 2484 2042 μωνος,
2517 1978 2604 2021 τοῦ
2628 1973 3136 2044 προσαγορευομένου
3163 1973 3466 2020 Κανανίτου.

2376 2058 2616 2120 Ἰάκωϐος
2641 2090 2706 2101 —
2735 2059 2760 2108 6
2789 2055 3005 2128 ἀδελφὸς
3037 2057 3218 2111 αὑτοῦ.
3248 2057 3501 2128 Προίταξε
3522 2061 3606 2109 τὸν
3629 2057 3896 2126 Ἰάκωϐον,

2301 2151 2368 2208 ὡς
2398 2156 2488 2199 τοῦ
2527 2147 2764 2200 Ἰωάννου
2796 2144 3315 2220 πρεσϐυγενέστερον.
3355 2147 3478 2198 Κατ’
3521 2144 3704 2221 ἀρετὴν
3733 2151 3835 2223 γὰρ
3869 2151 3895 2200 6

2302 2239 2542 2296 Ἰωάννης
2573 2232 2791 2307 διέφερε.

2373 2326 2619 2384 Φίλιππός
2649 2354 2717 2363 -
2745 2321 3143 2395 Βαρθολομαῖος·
3176 2321 3336 2375 Οὗτοι
3365 2325 3494 2394 μετὰ
3521 2326 3641 2384 τούς
3668 2323 3895 2397 προρρη-

2303 2417 2480 2474 θέντας
2504 2411 2863 2471 ἠκολούθησαν
2893 2418 2964 2480 τῷ
2996 2418 3231 2485 Χριστῷ.
3273 2415 3360 2464 Διὸ
3391 2417 3479 2464 καὶ
3510 2412 3672 2473 οὕτως
3703 2411 3889 2482 ἕτάγη-

2304 2522 2420 2556 σαν.

2376 2597 2568 2661 Θωμᾶς
2599 2620 2664 2629 -
2695 2587 2933 2650 τελώνης.
2965 2589 3175 2662 Πάριος
3201 2591 3290 2660 μὶν
3315 2593 3401 2641 καὶ
3438 2593 3638 2648 Λουκᾶς
3663 2591 3749 2640 τὸν
3781 2595 3894 2642 Μα-

2304 2682 2480 2732 τθαῐον
2511 2679 2876 2752 προτεθείκασι
2912 2683 3001 2728 τοῦ
3055 2683 3244 2749 Θωμᾶ,
3297 2679 3366 2740 ὥς
3414 2681 3510 2751 πρὸ
3537 2677 3695 2729 αὐτοῦ
3721 2678 3894 2749 μαθη-

2305 2770 2562 2821 τευθέντα·
2599 2767 2861 2824 Mareade;
2917 2761 2974 2817 δὲ
3009 2772 3096 2816 νῦν
3159 2776 3536 2838 μετριογρσνῶν
3583 2765 3895 2818 ύπεϐὶϐασεν

2306 2856 2502 2920 ἑαυτὸν,
2536 2854 2642 2906 ἐπεὶ
2671 2859 2760 2906 καὶ
2800 2853 2950 2905 πάλιν
2980 2854 3196 2911 τελώνην
3227 2853 3402 2906 ἑαυτὸν
3434 2853 3690 2923 ἐκάλεσεν,
3729 2855 3798 2917 εἰς
3827 2855 3899 2906 οἰ-

2305 2950 2445 2996 κείαν
2476 2939 2723 3006 ἐξουδένω
2733 2963 2834 2997 σιν.

2381 3118 2622 3180 Ἰάκωϐος
2673 3151 2731 3162 —
2768 3115 3064 3180 Θαδδαῖος.
3111 3118 3270 3178 Οὗτος
3317 3119 3342 3169 6
3393 3117 3629 3180 Ἰάκωϐος
3683 3117 3901 3193 ἁδελφὸς

2311 3206 2370 3268 ἦν
2415 3217 2504 3261 τοῦ
2545 3210 2837 3262 Ματθαίου.
2907 3212 2999 3261 Κοὶ
3044 3209 3145 3278 γὰρ
3190 3207 3265 3277 (6)
3316 3208 3341 3258 6
3391 3209 3646 3269 Ματθαίος
3698 3210 3810 3272 υἱὸς
3843 3208 3902 3269 ἦν

2309 3306 2399 3349 τοῦ
2450 3297 2716 3369 Ἀλφαίου,
2803 3297 2861 3349 ού
2917 3301 3067 3368 μόνον
3106 3297 3358 3361 Ματϐαῖς,
3417 3294 3543 3348 ἀλλά
3605 3304 3692 3352 καὶ
3747 3306 3902 3365 Λευίς

2310 3387 2697 3458 ὀνομαζόμενος.
2755 3382 2876 3438 Εῖδε
2921 3388 3044 3456 γὰρ,
3089 3388 3240 3456 φησὶ,
3298 3387 3470 3448 Λευίν,
3529 3389 3616 3437 τὸν
3665 3396 3754 3440 τοῦ
3794 3390 3903 3442 Ἀλ-

2311 3480 2484 3547 φαίου,
2539 3477 2826 3546 καθήμενον
2897 3471 2979 3525 ἰπὶ
3022 3477 3080 3524 τὸ
3140 3473 3393 3530 τελώνιον.
3459 3473 3516 3525 Ὀ
3565 3471 3625 3527 δέ
3674 3483 3897 3544 Λουκᾶς,

2312 3561 2425 3616 ἀντὶ
2479 3566 2566 3636 μεν
2620 3570 2712 3614 τοῦ
2762 3557 3061 3625 Θαδδαῖον,
3117 3569 3202 3611 νῦν
3256 3566 3455 3632 Σίμωνα
3503 3566 3589 3614 τὸν
3636 3565 3897 3633 Ζηλωτὴν,

2313 3655 2434 3712 ἣτσι
2463 3656 2546 3704 τὸν
2581 3655 2867 3707 Κανανίτην
2895 3650 3064 3712 ἔταξεν
3101 3667 3112 3677 '
3146 3650 3360 3724 ὕστερον
3409 3647 3466 3703 δε
3498 3655 3582 3704 τὸν
3627 3649 3898 3706 Θαδδαῖον

2315 3741 2608 3803 συνέζευξεν
2654 3735 2828 3809 Ἰούδᾳ
2879 3746 2949 3808 τῷ
3004 3737 3336 3811 Ἰσκαριωτῃ,
3381 3737 3586 3792 Ἰούδαν
3646 3744 3733 3791 καὶ
3776 3747 3895 3792 rou-

2312 3849 2397 3883 τον
2422 3829 2669 3888 καλέσας.
2712 3822 2914 3880 Ἰούδαν
2951 3828 3073 3901 γὰρ,
3103 3831 3278 3897 φησὶν.
3313 3827 3560 3880 Ἰακώϐου
3583 3833 3670 3881 καὶ
3696 3824 3898 3882 Ἰούδαν

2316 3920 2673 3990 Ἰσκαριώτην.
2742 3914 3011 3977 Συνέζευξε
3057 3911 3115 3966 δὲ
3165 3918 3372 3978 τούτους
3423 3914 3517 3970 διὰ
3568 3922 3661 3976 τὴν
3709 3919 3904 3990 ὁμωνυ-

2311 4011 2454 4080 μίαν.

2385 4093 2548 4144 Ὠστε
2580 4087 2676 4144 δύο
2705 4093 2794 4164 μὲν
2840 4087 2972 4148 ἦσαν
3021 4097 3236 4164 Σίμωνες
3278 4107 3290 4121 ⁶
3338 4098 3503 4166 Σίμων
3562 4096 3587 4147 6
3644 4095 3908 4169 λεγόμενος

2319 4186 2524 4254 Πέτρος,
2582 4185 2672 4232 καὶ
2734 4184 2898 4252 Σίμων
2960 4180 2985 4231 6
3045 4179 3378 4247 Ζηλωτὴς,ὀ
3440 4187 3529 4235 καὶ
3598 4189 3907 4246 Κανανὶτης·

2319 4267 2404 4322 δίο
2471 4267 2527 4320 δὲ
2589 4267 2825 4320 Ἰάκωϐοι
2879 4285 2892 4299 ’
2937 4268 3178 4332 Ἰάκωϐος
3240 4272 3264 4321 6
3317 4279 3406 4323 τοῦ
3458 4269 3758 4339 Ζεϐεδαίου,
3823 4277 3908 4325 καὶ

2319 4356 2576 4420 Ἰάκώϐος,
2636 4358 2660 4408 6
2726 4365 2816 4408 τοῦ
2885 4357 3134 4429 Λλφαίου·
3198 4355 3292 4411 δύο
3350 4357 3656 4413 δὲἸοῦδαν
3710 4359 3910 4422 Ἰούδας

2319 4448 2344 4498 6
2387 4445 2651 4509 Ἰακώϐου,
2678 4448 2702 4496 6
2741 4450 2830 4496 καὶ
2859 4446 3077 4507 Λεϐαἰος
3104 4453 3191 4498 καὶ
3241 4446 3535 4516 Θαδδαῖος,
3566 4454 3655 4502 καὶ
3715 4447 3912 4511 Ἰούδας

2589 4267 2825 4320 Ἰάκωϐοι

2320 4536 2344 4586 6
2384 4535 2740 4609 Ἰσκαριώτης.
2776 4540 2876 4587 Καὶ
2923 4531 3016 4586 διὰ
3046 4539 3135 4597 τὰς
3178 4538 3466 4607 ὁμωνυμίας
3521 4537 3698 4588 λοιπὸν
3751 4558 3912 4610 προσ-

2320 4625 2550 4675 τιθέασιν
2595 4625 2642 4674 οὶ
2695 4623 3057 4694 εὐαγγελισταὶ
3087 4630 3175 4676 καὶ
3207 4626 3352 4696 ἕτερα
3398 4630 3738 4697 γνωρίσματα
3783 4631 3912 4700 πρὸς

2322 4708 2604 4771 διαστολὴν
2631 4711 2816 4768 αὐτῶν.

2393 4893 2493 4942 Καὶ
2545 4888 2626 4941 ἰὰν
2678 4885 2772 4942 διὰ
2799 4893 2892 4947 τὴν
2938 4887 3233 4961 ὁμωνυμίαν
3288 4884 3490 4942 Ἰούδαν
3523 4892 3608 4944 τὸν
3636 4888 3915 4947 Θαδδαῖον

2320 4974 2498 5050 Ἰούδᾳ
2581 4985 2652 5048 τῷ
2727 4977 3037 5050 Ἰσκαριώτῃ
3113 4978 3406 5041 συνέζευξεν
3449 4981 3474 5032 6
3532 4987 3748 5044 Δουκᾶς’
3806 4992 3917 5044 πῶς

2320 5065 2447 5137 ούχὶ
2505 5071 2595 5119 καὶ
2657 5073 2727 5136 τῷ
2768 5069 2956 5137 Σίμωνι
3019 5069 3192 5140 Πέτρῳ
3242 5072 3446 5140 Σίμωνα
3500 5073 3586 5122 τὸν
3629 5076 3917 5130 Κανανίτην

2321 5154 2602 5218 συνάζευξε
2631 5173 2644 5224 ;
2672 5157 2759 5206 καὶ
2799 5152 3026 5226 Ἰακώϐῳ
3077 5164 3149 5226 τῷ
3201 5152 3291 5209 τοῦ
3336 5155 3638 5230 Ζεϐεδαίου,
3675 5158 3917 5214 Ἰακωϐον

2684 5329 2857 5386 ειυς.
2889 5347 2966 5388 v1.
3000 5331 3088 5389 25.
3167 5334 3189 5372 ⁸
3221 5333 3367 5393 ibid.
3403 5337 3489 5393 t6.

1754 5505 1982 5577 Varia:
2010 5506 2333 5581 lectiones
2360 5516 2426 5578 et
2457 5516 2660 5581 notae.

635 5650 715 5736 (ϐ)
752 5653 858 5722 καί,
888 5647 1050 5711 addit
1069 5654 1138 5712 Α.
