4170 6452
205 379 312 440 325

1159 378 1534 437 COMMENT.
1585 378 1656 435 IN
1700 375 2145 434 MATTH/EUM.
2192 407 2261 417 —
2301 375 2459 431 CAP.
2501 376 2569 430 Χ.

3461 375 3568 430 326

199 511 287 560 τόν
337 513 434 559 τοῦ
485 505 782 578 ’Δλφαῖους
831 509 971 558 Διότι
1019 509 1213 580 Πέτρος
1249 508 1339 578 μεν
1386 508 1516 578 μετὰ
1565 503 1810 577 ’Δνδρίου

1948 501 2205 558 acobum
2231 499 2464 573 Alphei
2499 498 2710 556 ﬁlium.
2754 499 2904 564 Quia
2930 500 3135 556 Petrus
3163 515 3301 555 cum
3331 499 3570 556 Andrea

199 603 296 648 106
337 591 568 666 ἀδελφοῦ
623 594 806 658 αὐτοῦ,
854 594 1092 655 Ἰάκωϐος
1151 591 1210 646 6's
1255 597 1385 666 μετὰ
1429 595 1661 646 Ἰωάννου
1719 601 1809 644 106

201 680 442 754 ἀδελφοῦ
474 682 637 734 αὐτοῦ
688 690 758 744 τῷ
787 689 998 754 Χριστῷ
1029 681 1408 748 ἠκολούθησαν,
1441 687 1530 734 καὶ
1565 677 1670 734 ἔδει
1717 681 1810 733 αύ-

200 775 328 832 τούς
381 772 498 842 οἶμα
540 773 830 842 ταχθῆναι,
859 771 916 823 ού
944 776 1095 842 μόνον
1125 773 1193 832 ὡς
1226 767 1496 842 ἀδελφούς,
1550 769 1677 822 ἀλλὰ
1723 773 1812 821 καὶ

200 861 274 920 ὣς
306 860 423 931 ἅμα
481 859 952 920 ἀκολουθήσαντας.
1002 863 1102 912 Καὶ
1149 855 1293 910 διατί
1329 863 1400 929 μή
1450 863 1540 910 καὶ
1569 857 1812 919 Ἰάκωϐος

203 951 228 1000 ὁ
273 947 534 1018 Ἀλφαίου
566 956 639 999 τῶ
685 943 888 1018 ἀδελφῷ
937 946 1094 999 016106
1140 948 1394 1018 Ματθαίῳ
1438 951 1771 1000 συντέτακται
1796 962 1809 1013 ;

201 1041 351 1088 Διότι
380 1036 606 1109 ὕστερον
643 1031 794 1098 οὗτος
817 1035 1155 1094 ἠκολούθησε.

271 1217 457 1284 Σίμων
519 1241 590 1252 -
649 1211 825 1270 αύτόν.
880 1212 938 1265 '0
1012 1208 1245 1285 προδοὺς
1305 1211 1460 1265 αύτόν
1537 1219 1645 1276 τοῖς
1710 1212 1814 1266 ἔπι-

211 1301 460 1353 ϐουλεύου
468 1319 544 1354 σι.

274 1391 514 1449 Τούτους
564 1419 629 1429 -
683 1389 881 1450 αύτοῖς.
936 1394 1121 1451 Ποίους
1167 1391 1420 1456 τούτους;
1476 1392 1604 1450 Τοὺς
1638 1389 1812 1459 ἁλιεῖς,

212 1482 328 1539 106;
385 1476 629 1537 τελώνας.
692 1482 882 1552 Πέτρος
932 1480 1022 1550 μεν
1077 1479 1200 1552 γὰρ,
1258 1483 1348 1530 καὶ
1397 1475 1662 1550 Ἀνδρίας,
1730 1482 1814 1530 καὶ

211 1563 484 1626 Ἰάκωϐος.
565 1569 654 1617 καὶ
735 1566 979 1628 Ἰωάννης
1047 1565 1207 1627 ἁλιεῖς
1281 1562 1457 1624 ἦσαν’
1550 1568 1818 1629 Ματθαῖος

211 1649 268 1706 6's
329 1657 426 1704 καὶ
490 1652 751 1720 Ἰάκωϐος,
811 1654 838 1706 ό
895 1661 990 1706 τοῦ
1043 1653 1312 1726 Ἀλφαίου,
1378 1653 1587 1706 τελῶναι
1615 1670 1628 1684 '
1679 1656 1705 1706 ό
1759 1651 1818 1708 6's

209 1747 426 1801 Λουκᾶς
475 1737 584 1794 εἷπε
625 1746 713 1795 καὶ
749 1745 836 1794 τόν
878 1746 1032 1795 τόπον
1075 1741 1123 1794 ἓν
1248 1741 1434 1803 αὐτοὺς
1471 1743 1544 1804 εἰς
1585 1742 1820 1796 ἀποστο-

207 1829 302 1888 λὴν
376 1828 662 1903 ἀφώρισεν.
725 1832 910 1903 Εἶρηκε
961 1833 1086 1904 γὰρ,
1151 1832 1230 1882 ὅτι
1312 1830 1550 1894 Ἐξῆλθεν
1619 1833 1690 1895 εἰς
1759 1837 1818 1886 τό
1853 1847 1898 1903 Β

209 1922 336 1990 ὄρος
436 1917 834 1991 προσεύξασθαι
883 1935 895 1949 ·
964 1924 1054 1972 καὶ
1133 1915 1194 1977 ἦν
1281 1915 1684 1993 δίανυκτερεύων
1771 1922 1820 1974 ἐν

208 2015 326 2066 ταῖς
383 2005 472 2078 (7)
539 2013 864 2079 προσευχαῖς
938 2015 1031 2059 106
1098 2013 1252 2062 Θεοῦ.
1319 2013 1418 2061 Καὶ
1478 2010 1560 2060 ὅτε
1631 2008 1820 2080 ἐγένετο

207 2096 410 2167 ἡμέρα,
496 2100 865 2166 προσεφώνησε
956 2098 1078 2156 1'06;
1163 2097 1403 2168 μαθητὰς
1477 2097 1658 2165 αύτού,
1733 2102 1822 2150 καὶ

207 2182 549 2254 ἐκλεξάμενος
603 2181 690 2233 ἀπ’
753 2182 921 2235 αύτῶν
993 2179 1224 2248 δώδεκα,
1294 2183 1382 2246 06;
1438 2189 1527 2236 καὶ
1599 2183 1821 2238 ἀποστό-

207 2273 336 2332 λους
387 2271 650 2342 ὠνόμασε,
700 2275 789 2323 καὶ
835 2275 899 2323 τὰ
952 2271 1081 2334 ἑξῆς.
1145 2271 1281 2324 Ἀλλ’
1328 2273 1386 2324 ού
1443 2277 1558 2325 τότε
1611 2277 1822 2337 τούτους

215 2358 516 2411 ἀπέστειλε.
581 2362 790 2432 Μάρκος
858 2357 917 2411 δέ
973 2379 1103 2431 φησι
1168 2364 1252 2412 καὶ
1309 2364 1516 2432 τρόπον,
1586 2363 1666 2414 ὅτι
1724 2368 1824 2416 Καὶ

216 2447 423 2520 ἤρξατο
481 2446 669 2506 αύτούς
745 2445 1072 2500 ἀποστέλλειν
1124 2444 1222 2500 δύο
1267 2444 1406 2500 δύο·
1474 2449 1678 2514 πάντως
1734 2447 1827 2504 διὰ

219 2537 301 2606 (8)
335 2539 672 2608 παρηγορίαν
703 2533 950 2593 ἀλλήλων.

294 2626 483 2695 Λέγων
519 2655 588 2664 -
622 2623 857 2698 Ἰσραήλ.
914 2625 1032 2678 Ἐπὶ
1081 2626 1174 2688 τὰς
1206 2633 1306 2678 τῶν
1342 2623 1614 2680 Ἰουδαίων
1661 2629 1828 2692 πόλεις

220 2717 313 2764 καὶ
358 2718 545 2784 κώμας
591 2720 790 2785 πρῶτον
848 2716 1038 2786 πέμπει
1080 2717 1202 2775 τοὺς
1251 2716 1510 2787 μαθητὰς,
1565 2713 1830 2771 διδασκά-

219 2800 348 2862 λους
396 2803 490 2852 καὶ
554 2799 758 2872 ἰατρούς
795 2800 993 2864 αὐτοῖς,
1049 2797 1297 2854 δεικνύων
1335 2806 1394 2855 τό
1441 2807 1569 2879 πρὸς
1615 2805 1831 2868 ἐκείνους

220 2891 352 2960 ὑπὲρ
398 2889 601 2950 πάντας
654 2889 881 2961 φίλτρον,
926 2894 1014 2942 καὶ
1057 2893 1151 2948 τὴν
1199 2890 1483 2964 ὑπερϐολὴν
1530 2901 1621 2954 τῆς
1673 2892 1832 2953 κηδε-

219 2981 430 3049 μονίας,
469 2977 549 3028 ὅτι
586 2981 675 3028 καὶ
709 2976 1043 3050 ὑϐριζόμενος
1105 2977 1191 3031 611'
1227 2979 1413 3049 αύτῶν,
1453 2981 1511 3033 ού
1568 3002 1832 3054 μνησικα-

220 3073 302 3118 κεῖ
333 3067 564 3126 τούτοις,
605 3063 732 3117 ἀλλά
773 3063 990 3120 σπεύδει
1018 3072 1174 3119 παντὶ
1220 3072 1396 3142 τρόπῳ
1446 3066 1688 3144 διορθοῦν
1742 3077 1832 3124 καὶ

224 3155 532 3228 Θεραπεύειν
618 3153 832 3216 αύτούς.
923 3158 1009 3207 Διό
1093 3159 1182 3208 καὶ
1279 3155 1463 3210 κωλύει
1547 3161 1637 3231 μεν
1720 3164 1836 3222 τοὺς
1874 3186 1916 3244 C

227 3242 660 3314 ἀπεσταλμένους
708 3243 948 3314 ἅψασθαι
1000 3251 1094 3306 τῆς
1132 3248 1259 3318 πρὸς
1306 3248 1371 3298 τὰ
1414 3248 1529 3306 ἔθνη
1581 3252 1838 3323 φερούσης

227 3329 403 3384 6606-
463 3330 651 3383 κελεύει
714 3327 792 3398 δὲ,
849 3327 988 3404 μηδὲ
1042 3340 1103 3404 τῇ
1166 3334 1310 3386 πόλει
1362 3343 1460 3386 τῶν
1513 3343 1838 3410 Σαμαρειτῶν

229 3416 599 3490 ἐπιδημῆσαι,
654 3424 889 3491 κειμένην
951 3420 1144 3492 μεταξύ
1207 3429 1306 3473 τῶν
1375 3420 1678 3476 Ἰουδαϊκῶν
1751 3431 1840 3479 πό-

230 3509 379 3561 λεων.
431 3513 532 3560 Καὶ
588 3509 637 3559 οἱ
688 3515 1001 3582 Σαμαρεῖται
1048 3512 1170 3582 γὰρ,
1218 3511 1272 3573 ἐξ
1323 3512 1567 3583 ἡμισείας
1620 3510 1842 3568 Ἰουδαί-

230 3599 436 3667 ζοντες,
484 3599 722 3659 ἐναντίως
768 3600 896 3670 πρὸς
931 3602 1053 3661 τοὺς
1095 3595 1385 3662 Ἰουδαίους
1438 3598 1705 3658 διέκειντο.
1743 3610 1842 3658 Καὶ

229 3685 572 3757 πανταχόθεν
605 3684 880 3758 ἐμφράττει
909 3690 975 3739 τὰ
1006 3693 1244 3761 στόματα
1285 3698 1383 3742 τῶν
1439 3689 1760 3765 ἀχαρίστων,
1799 3695 1844 3747 εἰ

227 3780 344 3844 καὶ,
392 3775 603 3825 πάντων
652 3773 738 3825 ὑπ’
779 3773 937 3827 016106
989 3779 1410 3850 προτιμηθέντες,
1462 3783 1662 3832 πάντων
1710 3781 1841 3854 μᾶλ-

227 3862 319 3915 λον
369 3861 528 3913 αὐτὸν
579 3862 868 3934 ἠτίμασαν.
941 3863 1188 3936 Πρόϐατα
1235 3863 1294 3919 6‘s
1348 3866 1648 3922 ἀπολωλότα
1699 3874 1843 3925 οἴκου

230 3949 456 4024 Ἰσραὴλ
509 3953 720 4012 τούτους
774 3951 1060 4024 ὠνόμασεν,
1117 3954 1346 4015 εἰκότως.
1423 3957 1668 4031 Πρόϐατα
1729 3963 1842 4032 μὲν,

232 4043 307 4102 ὣς
361 4041 465 4091 ὑπὸ
526 4045 657 4092 Θεοῦ
709 4038 868 4092 πάλαι
918 4047 1349 4114 ποιμαινομίνους
1387 4062 1399 4074 °
1458 4044 1516 4097 Ὀ
1564 4054 1845 4120 ποιμαίνων

235 4132 366 4201 γὰρ,
445 4131 596 4199 φησὶ,
670 4131 758 4180 τόν
824 4129 1058 4204 Ἰσραὴλ,
1125 4135 1356 4205 πρόσχες
1413 4132 1714 4188 ἀπολωλότα
1765 4133 1845 4202 6‘s,

242 4214 342 4270 διὰ
405 4219 466 4267 τὸ
523 4214 650 4268 εἶναι
711 4216 897 4278 αύτούς
958 4217 1295 4290 ἐσκυλμένους
1345 4226 1434 4274 καὶ
1498 4222 1845 4297 ἐρριμμένους,

243 4309 310 4366 ὡς
368 4309 679 4379 προείρηται
710 4325 723 4338 '
781 4307 925 4359 οἴκου
994 4304 1052 4360 6's
1106 4309 1340 4382 Ἰσραὴλ,
1388 4313 1457 4372 ὡς
1497 4311 1846 4381 Ἰσραηλίτας.

246 4394 406 4448 Οὕτω
439 4390 497 4446 6‘s
542 4398 971 4469 προσαγορεύσας
998 4400 1118 4458 1'06;
1163 4395 1470 4462 Ἰουδαίους,
1506 4401 1721 4474 ἐπράυνε
1764 4406 1852 4455 τὸν

252 4486 420 4556 θυμόν
468 4492 568 4533 τῶν
619 4485 886 4555 μαθητῶν,
948 4490 1036 4538 καὶ
1083 4486 1364 4560 σπλάγχνα
1412 4493 1616 4552 τούτοις
1665 4491 1853 4564 μᾶλλον

251 4569 550 4642 ἐπιμελείας
582 4569 796 4625 ἐνέϐαλε.

333 4662 675 4733 Πορευόμενοι
725 4692 794 4702 -
838 4661 1084 4737 οὐρανῶν.
1142 4662 1388 4736 Ἤγγικεν
1440 4668 1469 4725 ἡ
1530 4665 1578 4719 ἓν
1626 4667 1859 4741 οὐρανοῖς

259 4746 578 4814 ἀπόλαυσις,
645 4753 906 4819 τουτέστι,
974 4752 1097 4826 παρ’
1153 4753 1274 4825 ύμῖν
1331 4753 1490 4824 ἔστιν,
1548 4754 1632 4808 ἐὰν
1686 4757 1861 4816 θελητε

256 4835 439 4891 λαϐεῖν
497 4836 678 4896 αύτὴν.
741 4838 989 4909 Λήψεσθε
1041 4837 1100 4894 6's
1149 4840 1331 4908 αὐτὴν,
1389 4847 1715 4908 πιστεύοντες
1772 4851 1862 4900 καὶ

259 4927 361 4986 τὰς
435 4922 638 4988 ἐντολὰς
701 4925 1051 4998 φυλάττοντες.
1110 4935 1423 5004 Ιῐροείρηται
1491 4929 1550 4985 6's
1607 4929 1864 5007 διαφόρως

259 5017 386 5087 περὶ
433 5020 530 5074 τῆς
569 5012 840 5086 βασιλείας
880 5025 980 5068 τῶν
1023 5015 1250 5090 ούρανῶν
1300 5018 1348 5071 ἐν
1392 5028 1464 5092 τῷ
1503 5021 1661 5095 τρίτω
1708 5041 1864 5094 κεφα-

260 5101 419 5187 λαίω,
456 5106 546 5155 καὶ
592 5107 702 5177 χρὴ
748 5102 960 5157 κάκεῖνα
998 5111 1290 5178 γινώσκειν,
1342 5113 1432 5162 καὶ
1478 5111 1867 5187 προσαρμόζων

262 5193 328 5244 τὸ
359 5185 396 5244 δ
399 5197 548 5242 οκοᾶν
579 5196 1015 5270 προσφυέστερον.

346 5343 368 5383 τ
403 5345 540 5401 Luc.
570 5360 646 5415 v1,
681 5345 775 5440 1‘1.
895 5346 916 5382 ⁸
940 5347 1208 5418 Marc-vx,
1241 5350 1300 5410 7.

1920 590 2091 646 fratre
2150 605 2282 659 suo,
2339 594 2395 645 et
2443 588 2702 645 Iacobus
2755 604 2879 642 cum
2933 589 3162 644 Joanne
3219 588 3394 644 fratre
3460 604 3570 644 suo

1921 679 2215 734 Christum
2268 676 2452 734 secuti
2507 681 2648 732 sunt
2692 691 2704 730 :
2760 682 2816 732 et
2872 677 3181 748 oportebat
3237 692 3339 731 eos
3393 675 3569 731 simul

1922 766 2205 831 ordinari,
2241 781 2362 822 non
2395 764 2590 822 solum
2635 765 2778 836 quia
2808 764 3034 830 fratres,
3071 765 3178 820 sed
3219 765 3398 820 etiam
3429 764 3574 837 quia

1923 855 2100 911 simul
2147 854 2329 911 secuti
2381 853 2630 909 fuerant.
2688 853 2800 910 Sed
2867 869 3050 926 quare
3124 868 3244 909 non
3305 853 3574 908 similiter

1923 943 2182 1000 Jacobus
2236 942 2459 1015 Alphei
2506 942 2662 998 ﬁlius
2710 958 2848 998 cum
2909 943 3178 999 Matthmo
3224 940 3402 998 fratre
3462 957 3573 998 suo

1924 1034 2280 1105 conjunctus
2332 1030 2362 1087 f
2455 1031 2605 1097 Quia
2677 1030 2772 1087 ille
2868 1031 3254 1104 postmodum
3335 1035 3573 1088 secutus

1925 1126 2034 1180 est.

1996 1213 2157 1266 Vers.
2187 1209 2241 1266 4.
2269 1208 2547 1265 Simon—
2576 1209 2771 1265 illum.
2820 1208 3085 1266 Tradidit
3124 1209 3289 1266 illum
3330 1208 3575 1266 insidia-

1925 1299 2171 1357 toribus.

1995 1389 2157 1444 Vers.
2188 1387 2241 1442 5.
2286 1387 2409 1442 Hos
2455 1415 2524 1428 —
2553 1386 2651 1443 eis.
2705 1385 2924 1452 Quales
2949 1385 3060 1443 hos
3088 1385 3117 1441 7
3147 1387 3474 1444 Piscatores
3521 1390 3579 1442 et

1925 1475 2273 1549 publicanos
2301 1490 2312 1528 :
2343 1474 2631 1546 siquidem
2664 1474 2869 1530 Petrus
2899 1480 2954 1530 et
2974 1475 3264 1541 Andreas,
3321 1473 3580 1532 Iacobus

1925 1567 1983 1622 et
2008 1564 2267 1621 Joannes
2289 1564 2613 1634 piscatores
2635 1567 2802 1619 erant
2836 1579 2848 1616 :
2883 1563 3184 1619 Mattheus
3209 1569 3264 1620 et
3294 1562 3579 1631 Iacobus,

1924 1652 2148 1724 Alphei
2177 1652 2302 1720 ﬁlii,
2351 1650 2677 1723 publicani.
2714 1651 2901 1706 Lucas
2925 1667 3067 1707 vero
3093 1651 3292 1707 locum
3337 1666 3581 1723 quoque

1925 1740 2091 1804 dixit,
2124 1742 2184 1796 in
2214 1755 2336 1812 quo
2356 1740 2522 1810 ipsos
2550 1738 2627 1795 ad
2657 1738 3057 1811 apostolatum
3091 1739 3443 1808 segregavit.
3492 1739 3586 1794 Ait

1927 1829 2083 1885 enim
2114 1829 2274 1900 quod
2321 1828 2598 1898 Egressus
2625 1834 2703 1882 est
2751 1827 2814 1882 in
2855 1832 3108 1882 montem
3156 1827 3531 1883 adorandum
3567 1841 3580 1881 :

1927 1923 2173 1988 eratque
2198 1922 2548 1986 pernoctans
2579 1916 2642 1970 in
2660 1915 2931 1972 oratione
2942 1917 3071 1972 Dei.
3099 1915 3358 1988 Cumque
3373 1916 3585 1986 factus

1929 2011 2064 2062 esset
2093 2005 2231 2074 dies,
2266 2003 2568 2060 advocavit
2596 2003 2918 2073 discipulos
2947 2019 3096 2075 suos,
3140 2010 3194 2061 et
3241 2004 3409 2076 elegit
3438 2003 3584 2060 duo-

1930 2093 2111 2150 decim
2141 2108 2213 2148 ea:
2241 2095 2341 2157 eis,
2372 2107 2520 2164 quos
2551 2099 2602 2148 et
2656 2093 2946 2162 apostolos
2973 2093 3288 2150 nominavit
3319 2095 3362 2156 ⁷,
3395 2098 3452 2149 et
3474 2109 3586 2148 caa-

1932 2185 2074 2238 tera.
2113 2182 2329 2237 Verum
2362 2195 2483 2236 non
2509 2179 2656 2236 dixit
2680 2180 2926 2252 quando
2953 2197 3055 2237 eos
3096 2182 3314 2238 emisit.
3360 2182 3588 2237 Marcus

1931 2276 2126 2326 autem
2174 2269 2425 2325 modum
2457 2284 2697 2342 quoque
2728 2269 2886 2335 dicit,
2932 2270 3093 2342 quod
3134 2270 3306 2340 prit
3327 2285 3420 2325 eos
3460 2271 3590 2323 mit-

1933 2365 2048 2415 tere
2061 2357 2270 2415 binos':
2285 2359 2532 2415 omnino
2545 2362 2788 2430 propter
2799 2362 3070 2415 mutuam
3089 2357 3585 2416 consolationem.

2007 2625 2171 2681 Vers.
2206 2629 2258 2682 5.
2290 2623 2498 2682 Dicens
2529 2654 2596 2664 —
2619 2625 2776 2679 Vers.
2811 2628 2863 2681 6.
2896 2623 3104 2681 Israel.
3138 2623 3228 2680 Ad
3253 2623 3592 2680 Iudaeorum

1937 2713 2200 2770 civitates
2244 2716 2300 2770 et
2346 2712 2514 2768 vicos
2570 2712 2823 2784 primum
2895 2712 3072 2768 mittit
3125 2710 3472 2785 discipulos,
3530 2718 3595 2768 ut

1939 2802 2054 2858 sint
2088 2801 2202 2858 illis
2230 2802 2290 2857 in
2319 2800 2636 2871 magistros
2665 2817 2736 2857 ac
2766 2800 3053 2867 medicos,
3083 2801 3429 2867 ostendens,
3469 2802 3592 2857 vim

1939 2891 2182 2960 amoris,
2201 2905 2383 2962 quem
2396 2889 2473 2947 ad
2495 2889 2630 2945 illos
2648 2905 2770 2962 prae
2787 2889 3072 2946 omnibus
3093 2889 3373 2956 habebat,
3411 2890 3597 2963 quod-

1939 2995 2056 3053 que
2087 2994 2271 3051 supra
2293 2978 2541 3034 modum
2567 2994 2766 3034 curam
2798 2977 3032 3035 illorum
3049 2984 3294 3052 gereret,
3314 2978 3598 3051 quoniam

1941 3069 2175 3140 injuriis
2224 3068 2303 3123 ab
2351 3067 2438 3122 eis
2479 3067 2793 3140 appetitus,
2852 3067 3086 3124 illarum
3128 3083 3250 3124 non
3303 3067 3595 3132 meminit,

1946 3157 2047 3213 sed
2092 3155 2464 3212 omnimodo
2520 3154 2812 3225 corrigere
2853 3169 2956 3211 eos
3007 3171 3074 3210 ac
3119 3170 3332 3211 sanare
3373 3156 3598 3212 nititur.

1946 3245 2084 3302 Ideo
2112 3258 2356 3316 quoque
2380 3242 2536 3308 illos,
2567 3257 2722 3314 quos
2751 3242 2971 3307 emisit,
2999 3243 3162 3298 viam
3184 3258 3318 3314 qua:
3359 3243 3435 3299 ad
3466 3259 3604 3310 gen-

1948 3339 2034 3390 tes
2069 3332 2248 3388 ducat
2276 3336 2520 3400 tangere
2551 3329 2844 3402 prohibet.
2886 3329 3062 3386 Jubet
3089 3331 3269 3386 etiam
3299 3346 3375 3386 ne
3414 3331 3492 3387 ad
3529 3331 3609 3386 ci-

1947 3423 2188 3478 vitatem
2218 3419 2728 3475 Samaritanorum
2776 3417 3084 3481 accedant,
3137 3433 3272 3489 qum
3317 3417 3425 3474 sita
3483 3423 3610 3474 erat

1948 3510 2100 3567 inter
2123 3507 2465 3564 Iudaeorum
2487 3507 2771 3562 civitates.
2799 3505 3098 3579 Siquidem
3114 3506 3475 3562 Samaritani
3499 3522 3609 3578 pro

1949 3596 2201 3655 dimidia
2228 3600 2395 3670 parte
2418 3595 2793 3652 Judaismum
2813 3599 3139 3661 servantes,
3154 3593 3389 3650 inimico
3406 3595 3611 3652 animo

1949 3689 2028 3747 ad
2057 3687 2297 3744 Judmos
2333 3684 2528 3742 affecti
2574 3688 2767 3743 erant.
2826 3684 2891 3740 Et
2940 3683 3208 3756 undique
3238 3683 3608 3754 ingratorum

1950 3776 2182 3852 oppilat
2211 3791 2354 3842 ora;
2395 3789 2744 3849 quanquam
2791 3789 2976 3846 supra
3016 3789 3229 3830 omnes
3275 3773 3353 3830 ab
3392 3789 3460 3830 eo
3509 3774 3612 3829 ho-

1951 3866 2162 3934 norati,
2193 3866 2391 3939 ipsum
2432 3879 2615 3937 supra
2669 3879 2882 3920 omnes
2929 3863 3156 3920 honore
3202 3862 3610 3934 privaverunt.

1954 3959 2102 4014 Oves
2137 3959 2340 4012 autem
2398 3952 2662 4026 perditas
2709 3952 2928 4009 domus
2958 3950 3137 4008 Israel
3184 3952 3394 4008 merito
3444 3952 3608 4023 ipsos

1953 4043 2284 4102 nominavit
2314 4061 2327 4111 ;
2368 4058 2509 4098 oves
2537 4041 2809 4114 quidem,
2852 4044 3051 4112 utpote
3081 4055 3236 4112 quos
3283 4039 3428 4096 olim
3463 4043 3617 4095 Deus

1954 4133 2254 4206 pascebat.
2301 4131 2415 4198 Qui
2475 4131 2692 4200 pascis,
2752 4129 2962 4200 inquit,
3033 4129 3238 4193 Israel,
3291 4129 3618 4194 intende“;

1957 4221 2217 4295 perditas
2241 4234 2402 4282 vero,
2431 4234 2500 4273 eo
2532 4218 2697 4289 quod
2728 4217 3024 4272 destituta!
3053 4219 3250 4270 essent
3280 4230 3350 4269 ac
3397 4214 3628 4286 disper-

1958 4327 2059 4374 sae,
2093 4313 2156 4364 ut
2179 4305 2532 4378 prmdictum
2585 4309 2692 4360 est.
2752 4305 2978 4359 Domus
3020 4302 3194 4357 etiam
3221 4301 3431 4368 Israel,
3483 4306 3626 4373 puta

1959 4395 2278 4454 Israelitas.
2312 4394 2396 4450 Ita
2426 4398 2613 4449 autem
2651 4391 2893 4448 Judaaos
2936 4389 3268 4462 appellans,
3298 4389 3618 4461 discipulo.

1961 4503 2096 4544 rum
2137 4485 2289 4540 iram
2341 4482 2651 4554 mitigabat
2683 4497 2696 4537 :
2724 4485 2780 4538 et
2813 4479 3015 4554 potius
3054 4478 3156 4552 pia
3187 4494 3342 4536 cura:
3392 4477 3628 4535 viscera

1964 4576 2109 4650 ipsis
2147 4571 2529 4630 immittebat.

2039 4667 2196 4721 Vers.
2236 4662 2290 4717 7.
2338 4661 2562 4718 Euntes
2593 4691 2659 4702 -—
2708 4662 3004 4720 calorum.
3032 4662 3213 4714 instat
3267 4655 3464 4715 fruitio
3498 4671 3630 4729 quas

1967 4754 2222 4812 habetur
2276 4752 2336 4807 in
2363 4749 2548 4815 caelis,
2589 4749 2703 4806 hoc
2746 4753 2852 4814 est,
2881 4749 3042 4821 apud
3095 4763 3204 4804 vos
3230 4751 3337 4816 est,
3392 4746 3440 4802 si
3494 4760 3632 4803 eam

1971 4843 2238 4915 accipere
2268 4840 2606 4906 volueritis;
2659 4839 2945 4910 accipere,
2979 4837 3242 4910 inquam,
3276 4835 3466 4902 illam,
3512 4851 3635 4892 cre-

1973 4932 2175 4988 dentes
2229 4935 2286 4987 et
2338 4931 2626 5002 praecepta
2663 4932 2989 4984 servantes.
3050 4927 3242 4983 Tertio
3297 4930 3498 4982 autem
3542 4941 3638 4982 ca-

1975 5021 2092 5094 pite
2122 5019 2196 5075 de
2221 5033 2406 5089 regno
2437 5017 2727 5074 caelorum
2756 5016 3004 5088 pulchre
3049 5015 3275 5071 dictum
3309 5018 3414 5070 est.
3451 5015 3637 5085 Opor-

1976 5113 2057 5167 tet
2079 5123 2221 5182 ergo
2250 5112 2306 5165 et
2333 5106 2433 5165 illa
2452 5121 2654 5174 nosse,
2682 5109 2738 5163 et
2760 5103 2901 5162 inde
2923 5103 3215 5178 adaptare
3245 5102 3410 5176 quod
3435 5101 3637 5175 aptius

1979 5197 2300 5256 videbitur.

1420 5353 1442 5388 ⁹
1471 5349 1624 5410 Psal.
1663 5368 1862 5421 LXXIX,
1901 5354 1958 5412 1.

1499 5500 1725 5574 Variae
1757 5502 2087 5574 lectiones
2129 5513 2194 5572 et
2214 5513 2413 5572 notae.

360 5664 441 5748 (7)
469 5672 531 5746 τῇ
558 5673 834 5750 προσευχῇ
867 5676 935 5743 Α,
966 5675 1031 5731 ut
1066 5667 1263 5733 editur
1289 5675 1455 5750 apud
1481 5675 1726 5734 Lucam.

2069 5677 2147 5754 (8)
2178 5673 2300 5733 Hoc
2335 5672 2588 5738 refertur
2614 5672 2695 5735 ad
2720 5669 2819 5730 δύο
2850 5667 2971 5732 δύο.
