4170 6448
583 345 688 397 327
1897 337 2241 398 EUTHYMII
2293 335 2624 400 ZIGABENI
3837 347 3950 412 328

656 468 818 523 Vers.
859 468 911 520 8.
949 466 1204 534 lnﬁrmos
1233 496 1299 507 —
1324 464 1468 521 date.
1505 464 1672 520 Dedit
1693 465 1804 520 illis
1858 466 2107 536 gratiam
2137 484 2230 523 sa-
2263 469 2303 523 Α

2303 512 2309 523 .
2414 469 2780 531 ’Λσθενοῦντας
2832 472 2909 542 (9)
2977 502 3043 514 --
3098 468 3238 526 δότε.
3321 469 3524 526 Ἐδωκε
3766 477 3950 540 αὐτοῖς

583 557 870 610 nitatum:
902 561 965 609 ut
1007 553 1112 626 qui
1142 553 1546 625 prmdicationi
1608 569 1723 609 non
1751 553 2075 616 crederent,
2123 555 2228 610 sal-

2342 561 2502 631 χάριν
2549 559 2799 630 ἰαμάτων,
2850 561 2985 612 ὥστε
3037 564 3152 620 τούς
3194 566 3265 632 μὴ
3304 563 3638 632 πειθομένους
3664 571 3736 633 τῷ
3779 570 3950 639 κηρύ-

585 651 699 700 tem
754 643 1054 700 miraculis
1096 643 1555 700 adducerentur.
1614 642 1806 698 Simul
1870 651 1927 700 et
1973 660 2077 700 eos
2128 661 2232 716 per

2340 665 2501 717 γματι
2567 649 2837 699 πείθεσθαι
2905 656 3008 708 τοῖς
3065 651 3370 720 θαύμασιν⁶
3428 650 3539 721 ἅμα
3598 657 3688 702 καὶ
3754 653 3949 716 αύτούς

580 733 776 804 ipsam
824 732 1215 804 promptiores
1269 731 1346 787 ad
1402 731 1887 802 prxdicatiouem
1945 731 2110 788 facit.
2153 737 2227 788 Ne

2340 736 2759 807 προθυμοτέρους
2789 744 2947 786 ποιῶν
2987 737 3058 797 εἰς
3101 741 3156 788 τό
3204 743 3447 809 κήρυγμα
3477 735 3550 789 δι’
3602 740 3789 801 αὐτῆς,
3829 742 3949 796 "hac

579 827 780 877 autem
805 821 1164 876 extollantur
1209 820 1378 891 quasi
1439 835 1658 889 magna
1705 827 2072 892 preeslantes,
2128 826 2226 877 aut

2342 817 2401 872 δε
2447 827 2518 892 μὴ
2579 822 2894 894 ἐπαρθῶσιν,
2963 827 3032 886 ὡς
3093 825 3290 896 μεγάλα
3344 829 3730 898 κατορθοῦντες,
3798 827 3947 900 μηδὶ

578 915 842 966 terrenas
879 913 1152 980 quaerant
1201 908 1632 975 retributiones,
1672 909 1988 978 praemunit
2040 911 2225 979 ipsos,

2341 909 2569 968 ζητῶσιν
2641 910 2862 982 ἀμοιϐὰς
2918 911 3119 979 ύλικὰς,
3185 913 3628 984 προασφαλιζεται
3696 919 3940 987 τούτους,

578 999 784 1054 dicens
818 1018 830 1057 :
865 998 1062 1053 Gratis
1094 997 1407 1069 accepistis
1437 1013 1472 1052 a
1521 1012 1607 1051 me
1662 997 1916 1066 gratiam
1947 997 2102 1053 hanc
2143 1013 2225 1053 sa-

2340 995 2534 1067 λέγων’
2591 1001 2789 1072 Δωρεὰν
2842 997 3042 1052 nae.“
3093 1002 3216 1072 παρ’
3270 1000 3392 1072 ἐμοῦ
3446 1008 3538 1059 τὴν
3587 1005 3749 1074 χάριν
3806 1010 3942 1057 ταύ-

577 1089 854 1154 uitatum,
895 1086 1057 1142 nullo
1107 1089 1302 1141 vestro
1341 1085 1706 1156 praecedente
1752 1084 1999 1150 labore;
2050 1086 2224 1156 gratis

2339 1103 2434 1141 την
2481 1095 2580 1136 τῶν
2644 1088 2894 1158 ἰαμάτων,
2949 1085 3114 1159 μηδὲν
3164 1089 3312 1140 αύτοὶ
3368 1095 3689 1155 πονήσαντες,
3738 1088 3941 1166 δωρεὰν

575 1176 714 1233 date
743 1191 845 1232 eas
876 1173 1236 1239 hominibus,
1286 1173 1432 1228 nihil
1472 1173 1798 1245 temporale
1830 1174 1907 1230 ab
1951 1174 2097 1246 ipsis
2147 1190 2222 1231 re-

2342 1168 2462 1225 δότε
2538 1181 2702 1226 ταῦτα
2776 1182 2878 1235 τοῖς
2952 1175 3255 1249 ἀνθρώποις,
3331 1173 3496 1247 μηδεν
3573 1177 3940 1244 ἐπιζητοῦντες

575 1265 898 1337 quirentes.
953 1261 1270 1317 Intendens
1327 1266 1549 1324 autem,
1597 1266 1658 1316 ut
1708 1261 1836 1317 hec
1893 1262 2222 1334 incorrupte

2342 1259 2588 1332 βιωτικόν
2629 1261 2680 1324 ἐξ
2709 1262 2892 1317 αὐτῶν.
2945 1264 3236 1316 Ἐπιτείνων
3291 1261 3350 1316 δε
3388 1269 3445 1316 τό
3504 1262 3936 1340 ἀδωροδόκητον,

574 1357 828 1418 servent,
874 1350 1046 1421 jubet
1090 1365 1163 1404 ne
1196 1354 1481 1421 praetextu
1525 1348 1696 1404 etiam
1739 1349 1849 1404 vim
1892 1349 2221 1422 quidquam

2340 1349 2528 1401 κελεύει
2588 1347 2726 1421 μηδὲ
2786 1353 2947 1423 χάριν
3003 1359 3097 1414 τῆς
3171 1349 3299 1404 ὁδοῦ
3359 1372 3410 1405 τι
3465 1353 3763 1426 λαμϐάνειν.
3829 1363 3938 1416 Φη-

579 1441 899 1512 accipiant.
932 1439 1021 1494 Ait
1049 1438 1210 1493 enim
1245 1453 1257 1491 :

932 1439 1021 1494 Ali
1049 1438 1210 1493 enim
1245 1453 1257 1491 ξ
2343 1442 2396 1488 σι
2425 1439 2523 1508 γάρ
2553 1455 2565 1467 ·

642 1531 803 1585 Vers.
841 1532 898 1585 9.
936 1526 1129 1583 Nolite
1153 1557 1223 1567 —
1241 1540 1414 1582 zonas
1438 1531 1686 1582 vestras.
1708 1525 1877 1581 Moris
1902 1525 2065 1582 enim
2100 1531 2229 1584 erat

2410 1530 2494 1582 Μὴ
2551 1557 2618 1566 -
2679 1527 2839 1587 ζώνας
2901 1529 3063 1599 ἡμῶν,
3117 1530 3270 1589 Ἐθος
3335 1530 3436 1600 γὰρ
3498 1525 3558 1586 ἦν
3626 1537 3730 1590 τοῖς
3791 1527 3935 1584 ὁδοι-

571 1617 665 1674 his
695 1618 798 1690 qui
829 1632 935 1688 per
975 1615 1130 1670 viam
1192 1614 1640 1684 gradiebantur,
1690 1630 2010 1671 crumenas
2079 1615 2218 1670 ferre

2338 1621 2577 1686 ποροῡσι,
2623 1613 2893 1686 φασκωλια
2941 1619 3105 1688 φέρειν
3155 1620 3540 1690 παρηωρημένα
3568 1625 3683 1679 ταῖς
3723 1619 3931 1686 ζώναις,

571 1707 732 1762 zonis
761 1719 1080 1777 appensas,
1111 1703 1171 1758 in
1221 1703 1443 1774 quibus
1473 1718 1656 1758 aereos
1674 1717 1960 1758 nummos
2039 1702 2218 1758 habe-

2338 1700 2385 1752 ἐν
2416 1699 2486 1762 οἷς
2516 1699 2659 1773 εἶχον
2690 1707 2812 1764 τοὺς
2841 1701 3070 1763 ὀϐολούς.
3117 1706 3396 1775 Νομοθετεί
3423 1701 3482 1757 δε
3521 1713 3630 1767 τοῖς
3667 1708 3932 1778 μαθηταῖς

569 1792 736 1850 bant.
778 1795 885 1848 Dat
932 1796 1132 1848 autem
1187 1789 1447 1861 primum
1509 1788 1818 1860 discipulis
1859 1789 2050 1859 legem
2105 1807 2216 1862 per-

2283 1789 2524 1862 375).":11!
2590 1789 2976 1862 ἁκτημοσύνην.
3051 1799 3258 1864 Πρῶτον
3329 1795 3440 1864 μεν,
3506 1793 3565 1844 ού
3626 1799 3778 1866 μόνον
3841 1794 3930 1847 ἂν·

569 1882 730 1937 ίθοίω
769 1880 1009 1951 ὶηορὶω,
1070 1877 1274 1933 volens
1323 1882 1547 1932 utnon
1602 1877 1798 1932 solum
1850 1877 1980 1933 sine
2036 1879 2216 1950 suspi-

2335 1884 2614 1944 υπόπτους,
2683 1877 2810 1930 ἀλλὰ
2881 1884 2970 1932 καὶ
3043 1881 3368 1952 θαυμασίους
3455 1881 3644 1953 μᾶλλον
3742 1883 3925 1946 αύτούς

570 1970 760 2032 cione,
789 1968 893 2023 sed
931 1968 1110 2022 etiam
1158 1966 1218 2020 in
1258 1965 1650 2020 admiratione
1683 1966 1824 2021 sint.
1880 1966 2035 2022 Nihil
2064 1968 2217 2022 enim

2333 1963 2461 2018 εἶναι
2507 1965 2854 2038 βουλόμενος⁹
2889 1964 3039 2020 οὐδὲν
3069 1970 3169 2040 γὰρ
3201 1969 3335 2020 οὕτω
3383 1977 3518 2022 ποιεῖ
3575 1971 3922 2042 θαυμαστοὺς,

571 2057 654 2112 ita
683 2055 1068 2112 admirandos
1113 2052 1330 2115 reddit,
1377 2052 1524 2107 sicut
1553 2053 1674 2108 vita
1704 2053 1949 2122 frugalis
1977 2069 2046 2109 ac
2084 2054 2217 2125 qui-

2332 2057 2398 2116 ὼς
2436 2054 2552 2127 βίος
2597 2058 2812 2115 ἄσκευος
2859 2062 2947 2108 καὶ
2995 2056 3272 2130 ὀλιγαρκης
3302 2075 3314 2087 ·
3353 2054 3466 2110 εἶτα
3519 2056 3787 2132 φροντίδος
3825 2062 3925 2112 πά-

569 2144 830 2201 buslibet
871 2141 1062 2198 obviis
1092 2147 1384 2197 contenta.
1410 2141 1630 2196 Deinde
1655 2142 1811 2196 omni
1841 2157 1942 2197 eos
1972 2158 2115 2197 cura
2154 2143 2216 2198 Ii-

2333 2163 2428 2204 σης
2541 2143 2873 2195 ἀπαλλάττων
2959 2148 3186 2206 τούτους.
3289 2145 3529 2208 εἰωθυίας
3620 2145 3926 2219 ἔμπεδίξειν

566 2233 756 2298 berat,
805 2247 941 2304 qum
993 2230 1329 2302 frequenter
1373 2229 1803 2300 impedimento
1855 2245 1986 2286 esse
2026 2230 2213 2296 solet;

2328 2231 2568 2291 πολλάκις
2601 2249 2613 2260 ⁶
2663 2234 2836 2284 ἔπειτα
2889 2230 3057 2294 δεῖξαι
3111 2232 3264 2284 θέλων
3313 2237 3406 2291 τὴν
3465 2234 3650 2287 ἑαυτοῦ
3703 2232 3924 2308 δύναμιν

565 2336 861 2392 suamque
885 2319 1002 2375 vult
1055 2318 1365 2374 ostendere
1413 2317 1758 2389 potentiam,
1814 2333 1949 2390 quae
1985 2319 2068 2374 eis
2141 2320 2212 2374 ad

2329 2318 2653 2391 ὶπαρκοῦσαν
2721 2320 2897 2381 αὐτοῖς
2965 2321 3035 2382 εἰς
3095 2320 3319 2375 ἅπαντα.
3397 2325 3484 2374 Διό
3549 2328 3638 2375 καὶ
3707 2325 3922 2397 ὕστερον

567 2409 770 2464 omnia
829 2407 1114 2463 sufﬁciat.
1184 2407 1437 2478 Ideoque
1491 2406 1875 2477 postmodum
1932 2407 2212 2464 dicebat:

2326 2407 2506 2477 ἔλεγεν,
2566 2410 2645 2459 ὃτι
2709 2407 2832 2460 Ὀτε
2889 2406 3166 2461 ἀπέστειλα
3224 2411 3364 2482 ἡμᾶς
3444 2411 3562 2483 inp
3634 2409 3917 2482 βαλαντίου

568 2497 814 2564 Quando
840 2497 971 2551 misi
996 2511 1082 2550 vos
1114 2498 1238 2551 sine
1281 2494 1481 2549 (oculis
1511 2501 1564 2551 et
1593 2510 1752 2566 pera,
1802 2511 1943 2551 num
1986 2496 2215 2568 aliquid

1642 2510 1752 2561 era,
1802 2511 1943 2551 num
1986 2496 2220 2568 aliquid
2328 2501 2417 2546 καὶ
2447 2501 2635 2569 πήρας,
2668 2500 2740 2568 μὴ
2770 2515 2906 2557 τινος
2933 2497 3289 2571 ὑστερήσατες

565 2585 754 2655 defuit
785 2586 946 2641 vobis
969 2585 1016 2620 ¹⁰
1046 2586 1096 2639 .'.

634 2677 676 2744 -ι-
707 2673 842 2728 Hinc
889 2672 1031 2727 dicit
1062 2671 1330 2728 Salvator
1360 2671 1668 2742 apostolis,
1727 2671 1939 2728 nolens
1997 2677 2060 2727 ut
2089 2672 2204 2728 sub
2236 2673 2347 2728 hoc
2404 2677 2693 2744 prietextu
2743 2672 3048 2729 facultates
3097 2678 3479 2746 congregent.
3535 2677 3731 2747 Neque
3777 2689 3922 2745 ergo

564 2777 796 2825 aurum,
831 2760 920 2816 vel
945 2765 1272 2829 argentum,
1307 2765 1412 2814 aut
1437 2777 1537 2829 aes,
1565 2775 1752 2832 neque
1782 2776 2026 2832 panem,
2087 2777 2278 2831 neque
2322 2777 2528 2832 peram
2563 2777 2675 2818 nos
2706 2761 2923 2817 habere
2954 2761 3094 2827 vult,
3140 2779 3328 2834 neque
3363 2763 3791 2828 calceamenta,
3816 2779 3919 2819 ne-

561 2865 680 2922 que
708 2857 952 2912 vestem,
1011 2863 1206 2919 neque
1236 2847 1540 2912 baculum,
1597 2864 1739 2903 usus
1794 2864 2000 2912 causa,
2050 2855 2151 2902 aut
2201 2864 2386 2920 opum
2437 2850 2763 2922 cupiditate
2820 2865 2925 2922 per
2968 2851 3120 2907 viam
3168 2851 3438 2922 accipere
3472 2869 3484 2907 :
3517 2869 3637 2908 non
3690 2853 3769 2909 ad
3821 2869 3915 2910 zo-

562 2955 695 2994 nam
728 2953 830 3002 ωε,
864 2951 1058 3008 neque
1083 2941 1144 2990 ut
1185 2936 1424 2991 duabus
1455 2936 1777 2992 induamur
1818 2936 2049 3000 tunicis,
2103 2935 2204 2991 scd
2253 2953 2355 3009 per
2385 2939 2545 2994 viain
2573 2939 2777 2995 omnia
2808 2937 3084 2994 facillime
3119 2944 3174 2995 et
3224 2939 3620 3010 frugalissime
3651 2941 3908 3014 accipia-

565 3043 716 3082 mus.

633 3114 851 3187 1-Aqui
879 3112 1106 3169 loculos
1157 3113 1286 3185 ipse
1331 3112 1597 3171 ferebat:
1644 3129 1758 3168 non
1789 3117 1990 3169 tamen
2035 3114 2207 3187 quasi
2249 3112 2280 3168 C

2269 3112 2288 3168 Ζ
2397 3116 2518 3186 [Καὶ
2584 3115 2695 3184 (10)
2765 3119 2867 3186 μὴν
2951 3114 3105 3176 αύτός
3183 3113 3444 3190 ἔπεφέρετο
3519 3115 3916 3191 γλωσσόκομον,

562 3204 828 3276 pecunia
884 3204 1159 3275 cupidus,
1219 3202 1323 3258 sed
1354 3202 1528 3274 quasi
1577 3201 1960 3273 dispensator
2001 3219 2208 3259 eorum

2324 3202 2431 3254 ἀλλ’
2467 3203 2572 3274 οὐχ
2607 3207 2674 3263 ὡς
2712 3203 3058 3274 φιλοκτήμων,
3107 3203 3211 3255 ἀλλ’
3243 3207 3306 3264 ὡς
3355 3203 3616 3275 οἰκονόμος
3670 3215 3767 3257 τῶν
3821 3206 3918 3279 ἔμ-

562 3310 692 3365 quas
748 3293 1152 3348 offerebantur
1184 3309 1197 3359 ;
1230 3291 1542 3363 possidens
1571 3291 1764 3362 potius
1801 3291 1923 3348 btec
1979 3292 2057 3348 ad
2106 3308 2205 3348 ne-

2323 3291 2661 3364 ϐεϐλημένων,
2714 3291 3073 3363 ὰποκτώμενος
3127 3291 3314 3364 μᾶλλον
3371 3291 3503 3344 αὐτὰ.
3567 3296 3693 3366 πρὸς
3730 3300 3916 3369 χρείαν

561 3383 892 3438 cessitatem
919 3395 1091 3435 suam
1114 3385 1171 3434 et
1199 3380 1623 3450 discipulorum
1654 3395 1724 3435 ac
1753 3395 2102 3453 pauperum.

2049 3399 2102 3439 n.
2323 3379 2508 3432 ἑαυτοῦ
2533 3399 2583 3432 τε
2611 3385 2698 3432 καὶ
2731 3389 2826 3432 τῶν
2857 3383 3122 3452 μαθητῶν,
3154 3387 3238 3432 καὶ
3273 3389 3370 3432 τῶν
3397 3386 3644 3439 πενήτων.
3674 3380 3696 3456 ]

630 3469 801 3527 Vers.
844 3469 932 3524 10.
990 3469 1183 3539 Neque
1226 3483 1423 3539 peram
1452 3498 1522 3510 —
1580 3468 1868 3524 baculum.
1922 3470 2073 3534 Quia
2121 3485 2208 3526 re-

2391 3473 2476 3526 Μὴ
2532 3474 2702 3542 πήραν
2758 3499 2824 3508 -
2866 3465 3083 3542 ῥάϐδον.
3143 3469 3280 3522 Ἐπεὶ
3337 3473 3430 3528 τὴν
3503 3468 3770 3542 βασιλείαν
3814 3480 3913 3524 τῶν

559 3573 741 3629 gnum
772 3556 1059 3613 cmlorum
1086 3557 1545 3624 annuntiabant,
1567 3558 1877 3628 oportebat
1903 3573 2008 3612 eos
2029 3557 2206 3629 quasi

2321 3557 2546 3628 οὐρανῶν
2603 3557 2969 3628 κατήγγελλον,
3021 3554 3128 3610 ἔδει
3177 3560 3380 3620 πάντως
3432 3557 3634 3625 αύτούς,
3688 3563 3756 3622 ὡς
3811 3558 3913 3631 ἆγ-

561 3646 807 3716 angelos
833 3646 908 3701 de
935 3645 1084 3701 caelo
1113 3644 1560 3710 descendentes,
1609 3644 1767 3699 leves
1801 3659 1872 3699 ac
1902 3645 2208 3716 expeditos

2319 3644 2498 3716 γέλους
2527 3645 2581 3708 ἐξ
2629 3646 2845 3720 ούρανοῦ
2890 3652 3182 3710 κατιόντας,
3229 3647 3363 3698 οὕτω
3403 3643 3647 3720 βαδίζειν
3691 3650 3909 3718 κούφους

556 3736 845 3801 incedere,
875 3737 1039 3790 omni
1070 3741 1303 3789 terrena
1334 3748 1474 3787 cura
1524 3732 1766 3796 liberos,
1807 3737 1862 3785 et
1889 3733 1966 3788 ad
2017 3733 2203 3790 solum

2319 3740 2407 3786 καὶ
2457 3734 2739 3798 εὐσταλεῖς,
2788 3737 2962 3796 πάσης
3000 3739 3089 3806 μὲν
3149 3735 3330 3796 ύλικῆς
3383 3733 3654 3808 φροντίδος
3720 3734 3907 3786 ἐλευθε-

557 3823 948 3880 ministerium
984 3822 1097 3878 sibi
1123 3821 1513 3877 commissum
1541 3819 1942 3891 respicientes.
2004 3824 2204 3878 Peram

2317 3842 2460 3898 ρους,
2504 3829 2570 3882 εἰς
2612 3829 2772 3895 μόνην
2805 3819 2862 3875 δε
2913 3822 3193 3895 βλέποντας
3241 3829 3331 3881 τὴν
3372 3823 3788 3896 ἐγχειρισθεῖσαν
3820 3821 3909 3874 αύ-

555 3919 754 3968 autem
777 3911 915 3968 dicit
942 3908 1335 3981 marsupium,
1380 3923 1497 3978 quo
1555 3907 1632 3962 ad
1673 3908 1781 3963 iter
1830 3908 2202 3967 immittendo

2318 3919 2428 3972 τοῖς
2475 3907 2758 3964 διακονίαν.
2805 3916 2981 3985 Πὴραν
3043 3909 3099 3964 δὲ
3149 3911 3284 3982 λέγει
3339 3915 3396 3962 τό
3448 3911 3561 3983 (II)
3607 3916 3911 3985 μαρσίπιον,

556 4003 698 4074 pani
738 3999 1070 4057 utebantur.

2319 4000 2358 4070 ᾧ
2388 3999 2667 4072 ἐκέχρηντο
2704 4003 2836 4051 κατά
2875 4005 2967 4058 τὴν
2996 3997 3135 4069 ὁδόν,
3174 3999 3505 4071 ἐμϐάλλοντες
3531 4003 3704 4074 ἄρτον.

624 4091 879 4159 Dignum
912 4093 999 4143 est
1028 4090 1230 4142 autem
1263 4089 1324 4140 ut
1345 4099 1704 4156 quaeramus,
1735 4086 2043 4158 quomodo
2071 4090 2204 4144 Mat-

2389 4087 2564 4150 Ἀξιον
2598 4085 2654 4140 δὲ
2692 4090 2946 4154 ζητῆσαι,
2995 4098 3097 4148 πῶς
3138 4091 3396 4149 Ματθαῖος
3436 4092 3524 4161 μὲν
3569 4095 3658 4141 καὶ
3705 4095 3916 4152 Λουκᾶς

555 4178 740 4233 thmus
778 4181 834 4232 et
883 4176 1069 4230 Lucas
1110 4173 1316 4228 dicunt
1352 4172 1605 4243 jussisse
1645 4173 1713 4239 ¹¹,
1776 4178 1836 4229 ut
1886 4173 1968 4230 illi
2010 4190 2202 4248 neque

2317 4196 2464 4245 φασι,
2529 4176 2867 4236 κελευσθῆναι
2920 4179 3155 4244 τούτους,
3224 4183 3355 4249 μήτε
3403 4173 3725 4250 ὑποδήματα
3774 4176 3916 4250 μηδε

550 4266 975 4327 calceamenta,
1028 4276 1223 4334 neque
1278 4260 1562 4317 baculum
1615 4261 1930 4331 baberent,
1978 4266 2197 4320 Marcus

2314 4261 2510 4338 ῥάϐδον
2564 4267 2705 4335 ἔχειν
2753 4281 2766 4295 ⁸
2826 4267 2852 4317 ό
2907 4261 2965 4317 δὲ
3022 4268 3232 4338 Μάρκος
3292 4265 3447 4336 λέγει,
3498 4268 3917 4341 συγχωρηθῆναι

550 4370 688 4410 vero
719 4352 803 4408 ait
852 4351 979 4406 sola
1028 4351 1156 4406 haec
1212 4350 1297 4405 eis
1343 4350 1682 4422 permisisse
1724 4352 1796 4408 ³³.
1857 4352 2004 4418 Quid
2061 4367 2197 4423 ergo

2317 4363 2483 4405 ταῦτα
2547 4355 2661 4424 (12)
2737 4359 2868 4426 μόνα
2929 4354 3124 4415 αὐτοῖς.
3209 4359 3271 4406 Τί
3337 4350 3423 4405 οὖν
3501 4356 3640 4406 εστιν
3708 4355 3908 4422 εἰπεῖνς

545 4441 868 4498 dicendum
908 4444 995 4494 est
1027 4438 1244 4505 ?Quod
1267 4439 1528 4511 primum
1563 4439 1808 4510 quidem
1837 4441 1918 4497 ita
1943 4441 2192 4512 jusserit,

2266 4440 2436 4509 )Ὀτι
2486 4452 2686 4516 πρῶτον
2757 4447 2844 4515 μὲν
2915 4443 3049 4494 ούτω
3116 4441 3444 4517 προσέταξεν,
3510 4444 3579 4504 ὡς
3643 4445 3913 4506 Ματθαῖος

545 4530 698 4586 sicut
741 4527 1046 4584 Matthaeus
1095 4533 1150 4584 et
1200 4528 1388 4584 Lucas
1439 4527 1764 4585 dixerunt:
1816 4529 2192 4600 postmodum

2317 4536 2404 4582 καὶ
2445 4537 2650 4592 Λουκᾶς
2699 4527 2835 4582 εἷπον
2869 4550 2882 4564 ο
2938 4531 3147 4603 ὕστερον
3203 4527 3260 4582 δε
3307 4536 3684 4604 παρεχώρησεν
3734 4531 3915 4595 αὐτοῖς

547 4623 748 4674 autem
803 4617 1134 4688 permiserit
1200 4617 1306 4684 eis,
1375 4620 1437 4672 ut
1501 4616 1915 4673 calcearentur
1973 4621 2194 4674 tantum

2317 4616 2672 4672 ύποδεδέσθαι
2698 4624 2850 4690 μόνον
2884 4617 3141 4671 σανδάλια
3183 4623 3271 4670 καὶ
3310 4623 3551 4690 κατέχειν
3579 4616 3796 4694 ῥάϐδον,
3838 4619 3911 4683 εἰς

548 4704 853 4772 sandaliis,
881 4710 937 4762 et
988 4706 1309 4762 retinerent
1353 4704 1640 4762 baculum
1694 4704 1770 4761 ad
1804 4704 2029 4777 pedum
2079 4720 2195 4762 cus'

2319 4707 2548 4780 φυλακήν
2597 4727 2650 4761 τε
2691 4717 2790 4760 τῶν
2837 4707 3035 4778 ποδῶν,
3088 4712 3177 4760 καὶ
3229 4708 3622 4781 ύποστηριγμόν
3665 4715 3757 4760 τοῦ
3809 4714 3909 4760 σῶ-

618 4830 666 4866 ¹⁰
696 4830 832 4886 Luc.
861 4845 1005 4888 xxii.
1039 4833 1134 4888 35.
1251 4831 1294 4866 ¹¹
1315 4829 1456 4885 Luc.
1479 4844 1558 4900 1x,
1589 4831 1647 4885 3.
1765 4829 1811 4864 ³³
1840 4827 2022 4885 Marc.
2058 4845 2134 4896 v1,
2163 4831 2214 4896 8,
2259 4833 2316 4888 9.

1766 4977 1990 5047 Variae
2017 4979 2338 5048 lectiones
2381 4991 2443 5048 et
2485 4991 2690 5049 notae.

620 5178 696 5254 (79)
732 5175 1214 5254 Chrysostomus,
1260 5181 1324 5233 ut
1353 5172 1644 5254 alibi_j_am
1673 5175 1909 5254 monui,
1942 5174 2201 5254 inseruit
2381 5173 2494 5250 (to)
2530 5177 2592 5234 In
2629 5171 2897 5254 margine
2928 5171 3152 5254 habent
3180 5177 3408 5254 inclusa
3436 5184 3478 5236 A
3510 5179 3908 5254 B.rScholium

547 5247 687 5307 huic
715 5247 1167 5325 vers'uiLvsxpoo;
1197 5250 1436 5325 ἐγείρετε.
1491 5250 1628 5325 _Siue
1652 5248 1770 5325 ullo
1810 5249 1996 5325 dubio
2025 5249 2198 5325 lapsu
2311 5247 2723 5325 autem,_quod
2755 5249 2815 5303 in
2845 5251 3109 5306 versione
3139 5253 3342 5310 Latina
3368 5253 3666 5325 praecedit,
3700 5261 3909 5310 neuter

551 5324 876 5379 memorias.
911 5318 1462 5378 Trac'tnturus'enim
1491 5319 1888 5384 liunclocnm,
1919 5318 1975 5374 iu
1997 5320 2201 5389 princi-
2311 5318 2606 5388 agnoscit.

548 5394 649 5468 pio
707 5395 933 5468 habet:
971 5399 1153 5446 Σκόπει
1208 5413 1297 5465 μοι
1341 5396 1410 5468 Δτό
1462 5392 1694 5468 εὔκαιρον
1735 5388 2195 5468 τῆς-,αποστολῆς

2359 5389 2488 5468 Δ(11)
2531 5393 2615 5446 lta
2663 5388 2848 5446 codex
2905 5393 3171 5465 uterque.
3228 5391 3511 5452 Scribitur
3557 5393 3733 5452 etiam
3775 5415 3905 5468 μαο-

550 5460 627 5538 ὀύ⁸
655 5467 756 5538 γὰρ
813 5464 867 5517 ἐκ
925 5460 1217 5538 προοιμίων
1292 5462 1479 5538 αύτούς
1509 5460 1768 5538 επεμψεν,
1801 5460 1934 5538 Δαλλ’
1989 5464 2073 5514 ὅτε
2131 5494 2199 5538 A—
2311 5463 2516 5538 certior.

549 5521 688 5615 εἶδον
727 5521 814 5590 καὶ
859 5521 1035 5613 νεκρόν
1065 5521 1356 5615 ἔγερθέντα.
1425 5521 1562 5591 Vide
1603 5521 1766 5590 t'o'm.’
1800 5533 1914 5599 VII,
1957 5548 2014 5606 p.
2058 5535 2187 5590 308.

1318 5555 1356 5593 ι.
1425 5521 1562 5591 Vide
1603 5521 1766 5590 t'o'm.’
1800 5533 1914 5599 VII,
1957 5548 2014 5606 p.
2058 5535 2187 5590 308.
2381 5532 2493 5604 (ιε)
2523 5537 2676 5608 μόνα,
2704 5531 2871 5590 abest
2899 5534 2965 5589 Α.
