4170 6454
205 405 307 462 329

202 550 380 605 ματος,
436 528 866 602 συγκαταϐαίνων
918 537 980 602 τῇ
1029 528 1267 601 ἀσθενείᾳ
1317 528 1506 593 αύτῶν,
1560 525 1653 581 διὰ
1707 532 1802 586 τὴν
1831 529 1876 582 Α

199 620 299 674 ἀπό
376 627 476 680 τῆς
546 616 852 694 ὁδοιπορίας
916 619 1290 691 ταλαιπωρίαν,
1367 620 1436 678 ὡς
1497 620 1523 669 ό
1591 620 1802 692 Μάρκος

197 708 442 782 ἰγραψεν.
516 709 654 760 Ἀντὶ
707 707 766 760 δὲ
823 716 934 778 τοῦ,
992 712 1075 766 Μὴ
1149 709 1441 774 κτήσησθε,
1491 711 1575 764 Μὴ
1635 709 1803 780 αἴρετε

196 797 334 851 εἶπεν
366 799 392 849 ό
427 803 657 858 Λουκᾶς.
696 795 808 850 Ἰνα
838 794 896 849 δε
939 801 1010 869 μὴ
1064 799 1248 848 εἴπωσι
1283 813 1298 828 ·
1334 797 1492 848 Πόθεν
1545 792 1631 847 οὖν
1681 815 1802 868 τρα-

196 889 497 960 φτσόμεθα.
531 882 696 958 μηδὲν
727 889 975 960 αἴροντες,
1005 889 1162 958 φησίν
1183 905 1195 918 ο

261 1064 445 1127 Ἀξιος
489 1094 559 1105 -
608 1061 764 1117 ἐστίν.
820 1062 896 1115 Ού
944 1068 1123 1134 χρεία,
1175 1066 1352 1134 φησὶν,
1391 1063 1509 1133 ύμίν
1560 1059 1797 1133 ἐφοδίων.

194 1156 303 1224 (t3)
349 1153 531 1215 Ἀξιοι
571 1154 670 1226 γάρ
715 1151 830 1204 ἐστε
861 1153 1134 1225 τρέφεσθαι
1180 1154 1323 1224 παρὰ
1369 1158 1470 1202 τῶν
1518 1150 1800 1222 ὠφελουμέ-

194 1266 282 1294 νων
314 1243 408 1314 ὑφ’
442 1243 608 1313 ὑμῶν,
654 1241 777 1313 παρ’
807 1241 883 1300 οἷς
930 1239 1228 1312 ἰργάζεσθε,
1285 1239 1408 1312 μαρ’
1447 1240 1518 1300 οἷς
1564 1245 1795 1292 κοπιᾶτε.

201 1336 356 1385 τοῦτό
387 1334 496 1402 γὰρ
529 1330 587 1382 ού
623 1326 808 1404 δῶρον,
842 1327 970 1380 ἀλλὰ
1012 1331 1197 1400 μισθός
1252 1328 1365 1381 ἔστι
1421 1336 1517 1389 τῆς
1555 1327 1800 1403 ἰργασίας

209 1422 354 1492 ὑμῶν,
389 1424 487 1472 καὶ
517 1417 812 1490 ἀναγκαῖον,
848 1420 914 1480 ὡς
939 1417 1275 1490 ὀφειλόμενον.

259 1598 357 1660 Εἰς
386 1599 452 1656 ἦν
517 1592 568 1649 δ’
625 1594 685 1647 ἃν
738 1625 810 1637 -
863 1593 1117 1658 ἐξέλθητε.
1182 1592 1293 1648 Ἱνα
1347 1598 1420 1667 μὴ
1487 1599 1794 1667 νομίσωσιν,

192 1691 263 1741 ὅτι
331 1689 429 1747 τὰς
497 1687 702 1738 πάντων
773 1691 872 1735 τῶν
940 1682 1294 1756 ὠφελουμένων
1374 1685 1531 1758 θύρας
1622 1683 1797 1746 αύτοῖς

190 1775 401 1847 ἀνέῳξε,
447 1776 662 1841 κελεύει,
696 1773 819 1844 παρ’
860 1771 1052 1844 ἕκάστη
1105 1771 1250 1824 πόλει
1295 1776 1385 1824 καὶ
1426 1777 1574 1845 κώμῃ
1623 1772 1796 1833 ζητεῖν

189 1864 271 1916 ἕνα
319 1867 416 1914 τὸν
462 1862 606 1924 ἄξιον
649 1869 739 1922 τῆς
774 1861 888 1932 (14)
936 1856 1216 1932 ὑποδοχῆς
1272 1860 1459 1925 αύτῶν,
1509 1864 1670 1931 ἤγουν
1708 1865 1795 1912 τὸν
1833 1887 1876 1942 Β

191 1957 524 2027 σεμνότερον,
575 1953 660 2002 τὸν
717 1947 1122 2023 θεοσεϐέστερον,
1176 1954 1264 2000 καὶ
1323 1949 1445 2022 παρ’
1507 1949 1645 2019 αύτῷ
1710 1954 1797 2022 μία

187 2061 308 2110 νειν,
373 2042 467 2101 ἕως
535 2041 596 2090 οἶν
634 2037 907 2100 ίξίλθωσιν
962 2038 1017 2089 ἐκ
1074 2045 1171 2110 τῇς
1224 2036 1434 2098 πόλεως,
1503 2039 1638 2090 ὥστε
1703 2043 1792 2110 μὴ,

186 2130 360 2182 οἰκίαν
393 2126 448 2190 ἕξ
500 2127 670 2188 οἰκίας
719 2125 1044 2198 ἀμείϐοντας,
1088 2125 1264 2178 λυπεῖν
1317 2145 1370 2178 τε
1399 2129 1486 2178 τὸν
1538 2123 1796 2189 ύπόδεξά-

184 2237 362 2291 μενον,
397 2221 490 2269 καὶ
514 2218 943 2291 γαστριμαργίας
971 2211 1129 2278 δόξαν
1165 2213 1466 2286 λαμϐάνειν,

259 2393 642 2465 Εἰσερχόμενοι
703 2418 767 2430 ——
821 2389 1004 2448 αὐτήν.
1055 2389 1417 2458 ⁹Ασπάσασθε,
1488 2389 1602 2444 ἀντὶ
1680 2399 1792 2457 τοῦ,

186 2482 517 2552 ἐπεύχεσθε
566 2479 773 2552 εἰρήνην
813 2478 928 2550 (15)
977 2479 1106 2550 αύτῇ
1197 2485 1375 2531 Ταῦτα
1421 2481 1523 2554 γὰρ
1583 2480 1794 2553 ὕστερον

181 2575 278 2622 καὶ
335 2576 444 2628 τοῖς
507 2563 867 2639 ἑϐδομήκοντα
928 2567 1150 2638 μαθ-αῖς
1225 2565 1566 2640 ἐντειλάμενος
1637 2567 1793 2640 εἶπεν,

186 2661 270 2712 ὃτι
330 2657 424 2719 Εἰς
477 2655 538 2714 ἦν
597 2652 649 2708 δ’
701 2655 762 2707 ἃν
829 2655 997 2707 οἰκίαν
1062 2656 1396 2731 εἰσέρχησθε,
1460 2666 1662 2732 πρῶτον
1719 2659 1796 2712 λέ-

183 2766 304 2821 γετε
341 2765 354 2777 ·
385 2746 578 2818 Εἰρήνη
613 2751 686 2814 τῷ
717 2746 840 2815 οῖκῳ
876 2744 992 2815 (16)
1020 2747 1203 2815 τούτῳ.

260 2838 370 2891 Καὶ
418 2865 484 2874 -
532 2832 920 2905 ἐπιστραφήτω.
969 2837 1110 2884 Διότι
1166 2832 1412 2896 πολλάκις
1469 2836 1496 2886 ό
1535 2833 1794 2910 ὑποδεχό-

186 2943 362 2997 μενος,
398 2923 560 2994 ὄνομα
589 2924 678 2992 μεν
711 2921 849 2991 εἶχεν
877 2919 1043 2986 ἀξίου,
1079 2919 1196 2993 βίον
1245 2918 1303 2974 δε
1334 2920 1568 2990 ἀνάξιον,
1616 2932 1792 2997 φησὶν,

189 3016 270 3066 ὅτι
321 3013 446 3065 Ἐὰν
475 3014 563 3083 μὲν
693 3012 723 3067 ἡ
767 3009 909 3061 οἰκία
955 3010 1069 3080 (17)
1129 3010 1260 3067 αύτη
1316 3011 1460 3081 ἀξία,
1508 3012 1691 3066 ἰλθίτω
1722 3014 1796 3068 ἔπ’

187 3102 356 3159 αὐτὴν
386 3102 419 3158 ἠ
471 3095 691 3151 δοθεῖσα
730 3097 852 3172 παρ’
885 3099 1027 3170 ὑμῶν
1065 3098 1262 3173 εἰρήνη,
1317 3104 1604 3168 τουτέστιν,
1663 3102 1796 3178 ἰνερ-

184 3192 413 3262 γησάτω
470 3188 536 3248 εἰς
611 3187 796 3255 αὐτὴν,
851 3193 935 3238 καὶ
990 3189 1121 3239 ἔστω
1188 3187 1389 3261 εἰρήνης
1458 3189 1796 3247 ἀπολαύουσα

185 3283 276 3331 καί
317 3275 552 3348 γαλήνης
585 3293 598 3305 ·
633 3274 718 3327 ἐὰν
756 3271 815 3327 δε
853 3279 923 3347 μὴ
976 3275 1005 3347 ᾖ
1050 3274 1192 3341 ἀξία,
1227 3278 1256 3334 ἠ
1289 3279 1464 3349 εἰρήνη
1507 3280 1647 3351 ὑμῶν
1675 3285 1797 3354 πρὸς

185 3369 324 3430 ὑμᾶς
378 3364 754 3438 ἀναστρεφὰω,
808 3367 990 3435 ἤγουν,
1043 3360 1209 3436 μηδὲν
1267 3363 1614 3439 ίνεργησάτω,
1671 3367 1798 3422 ἀλλὰ

186 3458 386 3512 ταύτην
426 3455 536 3526 μεθ’
579 3453 770 3506 ἰαυτῶν
798 3451 1039 3514 λαϐόντες
1076 3452 1316 3515 ἕξελθετε.

257 3548 453 3598 Σκόπει
516 3538 595 3611 δὲ,
653 3549 762 3604 πῶς
835 3541 930 3594 ούκ
993 3538 1182 3594 ἔδωκεν
1263 3543 1436 3605 αὐτοῖς
1503 3549 1796 3620 πρόγνωσιν

190 3632 342 3696 ἆξίου
393 3636 484 3683 καὶ
537 3629 771 3698 ἀναξίου,
814 3631 898 3682 ἶνα
939 3638 1012 3700 τῷ
1065 3629 1459 3705 ἁναγκαιοτάτῳ
1509 3633 1798 3708 λειπόμενοι

186 3727 682 3792 ταπεινοφρονῶσιν,
756 3721 826 3781 ὡς
900 3717 1111 3780 ἀτελεῖς.
1194 3725 1308 3795 Χρὴ
1386 3719 1446 3775 δε
1518 3725 1796 3798 θαυμάξειν

185 3817 301 3871 πῶς
359 3810 567 3860 πάντων
615 3812 899 3880 γυμνώσας
949 3807 1154 3875 αύτούς,
1230 3812 1296 3862 τὰ
1363 3813 1562 3864 πάντων
1621 3814 1798 3877 αύτοῖς

187 3897 372 3958 ἀνῆκε.
441 3901 533 3958 Τίς
588 3899 689 3971 γὰρ
745 3895 838 3948 ούκ
913 3895 974 3948 ἄν
1031 3893 1200 3960 ἡδέως
1264 3896 1609 3972 ἰξενοδόχησε
1678 3906 1796 3966 τούς

185 3987 355 4046 οὕτως
402 3983 654 4047 ἀσκεύους
707 3989 797 4037 καὶ
836 3983 1170 4060 ἀμερίμνους,
1227 3985 1524 4060 λάμποντας
1577 3990 1691 4063 (18)
1739 3991 1797 4044 ού

186 4080 348 4144 μόνον
400 4072 504 4126 ἀπὸ
551 4081 646 4127 τῶν
688 4073 853 4145 λόγων
901 4079 990 4126 καὶ
1037 4084 1137 4127 τῶν
1182 4077 1480 4150 θαυμάτων,
1529 4078 1658 4133 ἀλλὰ
1709 4087 1799 4134 καὶ

187 4167 293 4241 πρὸ
331 4163 545 4226 τούτων,
573 4160 675 4214 ἀπὸ
701 4169 793 4215 τοῦ
829 4160 951 4235 βίου
977 4178 992 4230 ;

1830 3233 1871 3290 C

262 4337 371 4394 Καὶ
428 4368 496 4379 —
542 4339 704 4410 ὑμῶν.
735 4337 794 4390 Ὀ
852 4333 911 4391 δε
959 4340 1169 4412 Μάρκος
1221 4345 1415 4413 φησίνο
1471 4343 1800 4408 Ἐκτινάξατε

187 4433 277 4482 τὸν
355 4432 492 4499 χοῦν
566 4429 653 4479 τὸν
725 4428 964 4480 ύκοκάτω
1031 4435 1130 4481 τῶν
1207 4426 1384 4482 ποδῶν
1483 4433 1646 4505 ὑμῶν,
1730 4435 1800 4498 εἰς

191 4517 483 4591 μαρτύριον
532 4513 728 4581 αὐτοῖς,
788 4519 971 4588 ἤγουν,
1030 4515 1104 4579 εἰς
1153 4516 1369 4590 ἔλεγχον
1422 4520 1610 4574 αὐτῶν.
1646 4520 1802 4582 Ἐδή-

189 4583 282 4657 λού
321 4583 429 4679 γαρ
462 4605 488 4656 ό
519 4583 1018 4677 ὶκτιναγμὸςνοῦτος,
1047 4606 1129 4658 ὅτι
1156 4605 1215 4658 ού
1239 4583 1398 4679 ⁷μόνον
1433 4607 1583 4663 ούδεν
1613 4609 1801 4665 ἐκεῖθεν
1830 4583 1875 4638 D

191 4691 397 4760 ἷλαϐον,
452 4690 579 4745 ἀλλά
626 4697 716 4745 καὶ
768 4696 854 4746 τὸν
911 4691 1096 4747 ἕκεῖθεν
1146 4699 1410 4769 κονιορτὸν
1467 4697 1802 4754 ἰκτινάσσουο
1854 4728 1856 4732 τ

195 4801 277 4835 σιν
307 4780 414 4835 ἀπὸ
461 4789 561 4834 τῶν
608 4777 783 4835 ποδῶν
815 4780 1004 4852 αὐτῶν,
1036 4785 1101 4844 ὡς
1149 4789 1235 4838 καὶ
1287 4785 1441 4840 αὐτὸν
1481 4783 1558 4841 δι’
1611 4789 1803 4852 αύτούς

196 4869 430 4926 ἀνόσιον.

267 5050 316 5087 1³
358 5047 503 5106 Luc.
528 5063 610 5116 Ix,
651 5048 706 5104 3.
784 5050 833 5087 1⁸
854 5051 991 5107 Luc.
1015 5067 1074 5118 x,
1107 5055 1161 5110 5.
1240 5052 1286 5090 ³⁵
1319 5055 1490 5112 Marc.
1523 5054 1559 5110 5
1592 5071 1668 5121 Vl,
1696 5060 1781 5111 11.

1181 398 1549 459 COMMENT.
1593 398 1662 459 IN
1701 394 2133 458 MATTHIEUM.
2177 432 2244 442 —
2283 400 2438 459 CAP.
2485 401 2553 457 X.

3461 402 3567 460 330

1911 526 2139 584 todiam
2164 531 2222 582 et
2249 529 2788 584 sustentamentum
2828 524 3114 598 corporis,
3156 524 3476 584 demittens
3503 544 3566 585 se

1912 616 1990 672 ad
2021 615 2487 673 imbecillitatem
2517 632 2737 682 eorum,
2767 619 3008 688 propter
3036 613 3306 671 laborem
3352 617 3456 688 qui
3485 617 3565 674 ab

1913 704 2117 760 itinere
2175 707 2465 776 provenit.
2525 708 2710 761 Lucas
2751 720 2892 760 vero
2948 719 3056 775 pro
3093 718 3165 759 eo
3217 705 3376 775 quod
3427 709 3559 761 est:

1910 794 2113 850 Nolite
2144 795 2459 863 possidere,
2487 793 2671 851 habet
2702 813 2714 850 :
2763 794 2962 849 Nolite
3005 791 3261 863 portare
3320 796 3386 859 ",
3414 795 3566 851 sicut

1911 883 2087 939 etiam
2114 882 2289 938 refert
2315 886 2562 940 Marcus.
2584 886 2663 940 Ne
2711 888 2913 939 autem
2970 881 3191 948 dicant,
3244 882 3408 939 Unde
3449 882 3564 940 ale-

1910 987 2065 1036 mur,
2101 972 2148 1026 si
2181 971 2324 1027 nihil
2366 972 2694 1038 tulerimus,
2737 971 2871 1028 ideo
2897 971 3074 1028 dicit:

1983 1061 2147 1116 Vcrs.
2193 1064 2276 1116 10.
2328 1062 2556 1130 Dignus
2595 1092 2662 1100 —
2715 1067 2818 1116 est.
2879 1059 3070 1124 Nullo,
3123 1059 3338 1133 inquit,
3393 1061 3562 1120 vobis

1909 1163 2058 1221 opus
2087 1153 2172 1204 est
2219 1148 2432 1205 viatico
2463 1167 2480 1219 ;
2521 1149 2689 1219 digni
2739 1148 2901 1205 enim
2950 1149 3108 1213 estis,
3163 1150 3269 1222 qui
3311 1149 3561 1207 alamini

1909 1238 1986 1294 ab
2018 1237 2108 1293 his
2130 1237 2231 1310 qui
2263 1253 2300 1293 a
2324 1238 2492 1294 vobis
2502 1237 2806 1308 juvantur,
2829 1240 2994 1310 apud
3024 1254 3180 1310 quos
3198 1239 3556 1311 operamini,

1909 1327 2073 1399 apud
2099 1343 2250 1400 quos
2278 1327 2588 1385 laboratis.
2631 1331 2776 1385 Nam
2807 1328 2919 1385 hoc
2968 1343 3092 1384 non
3134 1328 3385 1394 donum,
3454 1329 3561 1385 sed

1909 1431 2138 1472 merces
2166 1421 2253 1472 est
2278 1416 2478 1489 operis
2511 1417 2707 1487 vestri,
2736 1432 2808 1474 ac
2846 1415 3250 1476 necessarium
3273 1423 3558 1491 tanquam

1908 1505 2203 1562 debitum.

1977 1597 2137 1651 Vers.
2170 1600 2252 1650 11.
2284 1595 2354 1652 In
2391 1609 2791 1667 quamcunque
2827 1626 2896 1636 —
2926 1596 3172 1653 exeatis.
3217 1598 3296 1652 Ne
3325 1601 3556 1668 putent,

1905 1683 2072 1756 quod
2119 1683 2382 1739 omnium
2426 1684 2529 1756 qui
2559 1683 2637 1740 ab
2663 1686 2748 1740 eis
2793 1683 3148 1754 juvarentur
3204 1684 3426 1755 januas
3472 1686 3558 1742 in-

1907 1771 2074 1841 gredi
2098 1771 2374 1837 debeant,
2412 1773 2582 1843 jubet
2607 1777 2670 1828 ut
2714 1773 2774 1828 in
2819 1787 3180 1844 quacunque
3227 1773 3464 1830 civitate
3504 1778 3559 1831 et

1909 1860 2055 1927 vico,
2082 1865 2353 1932 quierant
2378 1876 2567 1916 unum
2614 1860 2882 1930 dignum,
2933 1861 3037 1933 qui
3087 1877 3189 1918 eos
3247 1861 3553 1935 suscipiat.

1908 1949 2180 2005 videlicet
2229 1949 2549 2006 honestum
2605 1949 2703 2006 Dei
2764 1950 3068 2018 cultorem,
3123 1955 3181 2008 et
3221 1952 3375 2024 apud
3416 1968 3557 2009 eum

1908 2042 2204 2109 maneant,
2259 2038 2449 2095 donec
2513 2054 2545 2094 e
2596 2039 2832 2096 civitate
2888 2044 3140 2097 exeant:
3175 2056 3252 2097 ne
3304 2041 3557 2098 domum

1905 2127 1967 2183 in
2006 2127 2255 2184 domum
2310 2132 2737 2200 permutantes,
2775 2132 2832 2185 et
2859 2144 2999 2185 eum
3046 2130 3150 2201 qui
3192 2145 3254 2186 se
3285 2146 3558 2204 suscepe-

1904 2220 1996 2272 rat
2039 2216 2402 2282 contristent,
2453 2221 2509 2274 et
2533 2217 2956 2288 gastrimargim
3014 2219 3423 2290 suspicionem
3470 2219 3558 2275 in-

1907 2310 2166 2362 currant.

1977 2394 2139 2450 Vers.
2183 2394 2266 2450 l2.
2316 2394 2716 2465 Ingredientes
2768 2425 2836 2436 —
2859 2395 3049 2453 illam.
3102 2395 3384 2466 Salutate,
3439 2397 3556 2454 hoc

1904 2487 2009 2549 est,
2043 2497 2256 2554 pacem
2295 2482 2374 2538 illi
2415 2484 2760 2556 precamini.
2811 2486 2943 2540 Haac
2973 2483 3133 2542 enim
3163 2484 3555 2558 postmodum

1905 2572 2286 2644 septuaginta
2315 2572 2620 2644 discipulis
2644 2573 3006 2646 praecipiens,
3038 2573 3221 2632 dixit:
3253 2574 3322 2630 In
3350 2589 3554 2646 quam-

1905 2676 2139 2732 cunque
2175 2662 2413 2718 domum
2462 2663 2854 2731 intraveritis,
2892 2666 3154 2733 primum
3184 2663 3391 2722 dicite:
3425 2664 3557 2722 Pax

1909 2751 2040 2808 huic
2066 2750 2270 2807 domui
2302 2752 2348 2785 η

1975 2843 2138 2896 Vers.
2202 2845 2284 2896 13.
2345 2842 2423 2896 Et
2480 2847 2883 2898 convertatur.
2937 2843 3087 2908 Quia
3163 2843 3212 2898 is
3262 2843 3360 2914 qui
3429 2859 3557 2899 sus-

1906 2930 2061 3002 cipit,
2110 2933 2331 3000 saapius
2383 2929 2547 2999 digni
2604 2946 2816 2986 nomen
2867 2931 3070 2997 habet,
3119 2931 3301 2987 vitam
3354 2936 3554 2988 autem

1905 3017 2242 3088 indignam,
2257 3017 2390 3072 ideo
2407 3017 2579 3076 dicit:
2603 3018 2660 3073 Si
2673 3019 2914 3090 quidem
2931 3020 3332 3076 fueritdomus
3346 3020 3552 3090 digna,

1905 3106 2106 3163 veniat
2179 3121 2360 3177 super
2431 3106 2614 3174 illam,
2671 3123 2784 3177 pax
2863 3123 2996 3179 quae
3048 3124 3085 3164 a
3135 3108 3307 3164 vobis
3362 3110 3554 3174 datur,

1907 3195 1967 3250 id
2017 3199 2122 3259 est,
2177 3199 2453 3266 operetur
2496 3195 2555 3250 in
2621 3195 2802 3261 illam,
2863 3195 3214 3268 fruaturque
3296 3213 3446 3268 pace
3501 3204 3556 3252 et

1907 3282 2329 3356 tranquillitate
2361 3324 2373 3341 .
2403 3283 2451 3337 si
2489 3298 2626 3338 vero
2667 3282 2839 3338 fuerit
2895 3284 3156 3351 indigna,
3218 3300 3334 3356 pax
3365 3290 3556 3340 vestra

1906 3373 1982 3428 ad
2008 3387 2110 3427 vos
2162 3375 2558 3432 convertatur,
2611 3371 2734 3426 sive
2773 3371 2921 3426 nihil
2962 3377 3239 3443 operetur
3269 3389 3280 3426 :
3313 3373 3413 3428 sed
3443 3372 3557 3427 hac

1905 3460 2216 3516 vobiscum
2245 3464 2507 3531 sumpta,
2541 3460 2708 3514 exite.

1980 3549 2119 3604 Vide
2175 3547 2339 3620 quod
2409 3563 2532 3604 non
2579 3547 2808 3604 dederit
2857 3548 2942 3604 eis
3023 3546 3559 3620 praseognitionem

1905 3637 2065 3708 digni
2093 3642 2150 3693 et
2177 3635 2401 3707 indigni
2434 3653 2446 3693 :
2478 3643 2541 3693 ut
2590 3653 2650 3692 re
2683 3637 2946 3694 maxime
2998 3636 3337 3693 necessaria
3383 3637 3561 3693 desti-

1908 3726 2034 3790 tuti,
2065 3741 2194 3782 sese
2222 3724 2556 3797 deprimant
2609 3729 2900 3798 tanquam
2950 3725 3306 3799 imperfecti.
3359 3724 3562 3781 Admi-

1904 3814 2164 3873 randum
2194 3818 2282 3870 est
2310 3819 2512 3871 autem
2537 3815 2868 3888 quomodo,
2916 3820 3243 3888 postquam
3272 3813 3558 3871 omnibus

1905 3920 2008 3962 eos
2038 3903 2307 3971 nudavit,
2352 3919 2562 3961 rusum
2593 3904 2707 3960 illis
2734 3905 2939 3962 omnia
3005 3903 3366 3961 submiserit.
3421 3903 3563 3970 Quis

1906 3993 2067 4050 enim
2096 3992 2232 4050 laeta
2254 3991 2445 4050 fronte
2489 4009 2612 4049 non
2673 3994 2958 4065 suscipiat
2986 3993 3244 4066 hospitio
3290 3991 3561 4065 quibusli

1906 4081 2005 4138 bet
2051 4081 2241 4137 obviis
2301 4085 2634 4149 contentos,
2689 4098 2757 4138 ac
2807 4081 3205 4138 sollicitudine
3271 4086 3560 4146 carentes,

1906 4170 2222 4240 fulgentes,
2255 4185 2374 4226 non
2407 4171 2584 4226 verbo
2626 4176 2860 4226 tantum
2899 4176 2955 4225 et
2983 4168 3313 4234 miraculis,
3345 4184 3562 4225 verum

1907 4258 2087 4314 etiam
2115 4257 2280 4330 quod
2322 4257 2508 4330 magis
2541 4263 2650 4322 est,
2681 4257 2842 4314 bona
2881 4257 3000 4313 vita
3037 4256 3066 4310 ‘i

1985 4345 2268 4402 Vers.14.
2309 4347 2842 4403 Et—vestrorum.
2883 4348 3113 4402 Marcus
3139 4343 3286 4398 dixit
3317 4344 3556 4399 :Ewcu-

1911 4435 2014 4491 tite
2039 4435 2364 4503 pulverem,
2399 4435 2506 4504 qui
2532 4439 2615 4490 est
2644 4434 2752 4490 sub
2777 4434 3024 4503 pedibus
3056 4426 3277 4497 vestris,
3308 4431 3371 4487 in
3401 4431 3560 4486 testi-

1910 4523 2162 4580 monium
2196 4522 2312 4578 illis
2355 4525 2424 4588 1³,
2455 4525 2580 4579 sive
2625 4523 2702 4579 ad
2753 4523 3240 4592 redargutionem
3297 4519 3563 4576 illorum.

1911 4598 2364 4672 Manifestabant
2392 4612 2552 4669 enim
2579 4629 2684 4685 per
2712 4613 2888 4669 talem
2913 4612 3352 4676 excussionem,
3399 4607 3568 4682 quod

1912 4715 2036 4758 non
2067 4700 2263 4758 solum
2291 4701 2432 4757 nihil
2457 4700 2597 4758 inde
2629 4701 2978 4774 acceperint,
3019 4699 3123 4756 sed
3155 4699 3334 4756 etiam
3360 4697 3571 4771 pulve-

1912 4806 2061 4856 rem,
2081 4791 2183 4863 qui
2196 4791 2328 4846 inde
2343 4789 2712 4859 adhaesisset,
2728 4806 2765 4847 a
2784 4789 3036 4862 pedibus
3056 4788 3178 4844 suis
3201 4790 3567 4851 excuterent,

1914 4885 2206 4953 tanquam
2233 4889 2472 4954 propter
2500 4880 2634 4938 illos
2666 4880 2945 4952 impium.

1438 5203 1661 5276 Variae
1689 5206 2016 5278 lectiones
2047 5219 2114 5278 et
2142 5219 2346 5279 notae.

268 5370 315 5440 (l
328 5367 384 5440 3)
419 5361 658 5440 ξφοδίου.
695 5369 763 5423 Α.

262 5434 387 5511 ,(14)
422 5434 718 5511 ἄποδοχῆλς.
732 5509 738 5511 Α
753 5440 796 5493 Α
810 5483 824 5511 .

264 5509 388 5585 (15)
421 5509 634 5585 εἰρήνην
655 5509 742 5585 Δἐπ’
770 5510 952 5570 αύτήν.
985 5511 1049 5567 Α.

269 5581 386 5656 (16)
417 5581 766 5656 Intelligitur
781 5597 945 5654 ergo,
965 5583 1123 5640 unde
1153 5583 1214 5640 in
1234 5586 1560 5644 nonnullos
1577 5589 1810 5648 codices

196 5653 665 5734 h.“l_._;ve_nerit:
719 5653 965 5734 ῥέγοντες
1001 5673 1020 5734 °_
1072 5655 1264 5734 Εἰρήνη
1314 5666 1409 5734 ττξέΔ
1445 5662 1572 5732 οῖκῳ
1623 5665 1809 5734 τούτῳ.

268 5725 389 5805 (t7)
418 5725 554 5784 αὕτη
575 5739 698 5781 non
711 5725 902 5783 habet
924 5727 987 5784 in
1010 5725 1190 5784 textu.
1218 5731 1333 5788 Nec
1353 5725 1814 5806 Chrysostomus

567 5811 812 5876 Panos.
857 5813 966 5876 Gn.
1006 5814 1251 5880 CXXIX.

1917 5380 2192 5448 agnoscit
2215 5385 2361 5436 tom.
2401 5377 2537 5450 VII,
2565 5394 2706 5450 pag.
2739 5379 2838 5434 371
2875 5377 2981 5438 ﬁn.
3031 5377 3141 5435 Alii
3170 5382 3368 5435 tamen
3405 5371 3581 5450 apud

1917 5445 2131 5507 Wetst.
2199 5451 2460 5525 inferunt
2505 5445 2686 5510 ix}th
2768 5450 2870 5507 Est
2910 5466 3054 5523 ergo
3143 5445 3574 5525 explicationis,

1918 5526 1984 5577 ut
2023 5537 2162 5578 mox
2192 5519 2429 5575 δοθεῖσα.

2164 5593 2402 5670 Qorrexi
2471 5592 2755 5669 λάμποτας,
2817 5609 2920 5668 pro
2973 5593 3355 5670 λαμϐάνοντας.
3434 5591 3584 5648 Hen-

1920 5665 2135 5734 tenius,
2160 5665 2477 5737 fulgentes.

3235 5823 3302 5882 11
