4170 6478
649 378 748 434 331

645 591 843 647 vicum
884 591 1260 661 signiﬁcavit.
1317 592 1584 650 Sodoma
1630 603 1833 650 autem
1874 599 1928 649 et
1966 595 2292 650 Gomorrha

641 679 904 736 civitates
947 680 1091 736 olim
1139 697 1376 752 magnae
1415 699 1479 738 ac
1536 682 1845 755 populosa:
1889 687 2058 738 erant
2100 700 2114 738 :
2155 700 2290 755 quae

638 773 881 842 propter
904 769 1145 825 nimiam
1173 769 1480 828 libidinem
1511 771 1977 828 inhabitantium
2024 773 2290 829 maxima

635 857 973 915 calamitate
1001 858 1258 915 redacta;
1294 864 1433 916 sunt
1461 860 1519 914 in
1560 860 1853 932 pulveres,
1884 861 2020 929 igne
2060 860 2288 916 ccnlitus

634 947 1087 1018 conﬂagrante;
1131 951 1188 1004 et
1235 948 1446 1004 horum
1499 949 1858 1021 supplicium
1897 966 1932 1006 a
1997 951 2114 1004 Deo
2169 949 2287 1004 illis

633 1036 984 1100 immissum,
1039 1037 1254 1109 quovis
1307 1036 1424 1093 alio
1476 1037 1912 1094 formidabilius
1977 1038 2287 1094 videbatur

635 1139 706 1182 ac
738 1124 790 1180 si
829 1128 980 1181 terra
1003 1123 1106 1180 illa
1136 1124 1214 1181 ad
1245 1125 1360 1180 hoc
1391 1141 1576 1198 usque
1631 1131 1870 1197 tempus
1908 1126 2287 1183 inﬂammata

632 1213 925 1278 videatur,
966 1229 1262 1286 suamque
1307 1213 1592 1286 praedicet
1617 1215 2032 1272 calamitatem.

702 1302 803 1358 Hic
826 1317 965 1358 vero
1011 1302 1150 1358 dicit
1187 1302 1456 1360 Christus
1500 1304 1740 1374 gravius
1781 1321 1882 1360 eos
1927 1304 2282 1376 puniendos,

627 1391 731 1464 qui
761 1406 884 1448 non
914 1391 1267 1462 exceperint,
1300 1406 1407 1448 nec
1439 1392 1737 1448 audierint
1767 1391 1942 1450 verba
1987 1393 2282 1464 apostolo-

628 1497 790 1539 rum.
833 1480 1095 1537 Sodoma
1126 1480 1286 1536 enim
1319 1486 1373 1537 et
1401 1482 1733 1538 Gomorrha
1771 1498 1961 1553 neque
1987 1483 2283 1539 miracula

628 1567 917 1635 viderant,
952 1570 1098 1624 sicut
1150 1569 1246 1625 isti
1291 1569 1611 1627 innumera
1645 1590 1657 1628 :
1692 1586 1886 1642 neque
1946 1570 2022 1626 ad
2065 1576 2281 1626 terram

627 1657 864 1715 illorum
893 1657 1168 1731 discipuli
1201 1675 1238 1715 a
1275 1658 1571 1716 Salvatore
1601 1660 1768 1715 missi
1824 1659 2075 1716 fuerant.
2131 1663 2277 1716 Cum

625 1752 822 1804 autem
836 1748 1013 1804 dixit:
1049 1747 1444 1804 Tolerabilius
1477 1749 1585 1805 erit
1609 1756 1782 1805 terra
1812 1749 2196 1805 Sodomorum
2227 1758 2274 1804 el

1983 379 2328 436 EUTHYMII
2366 378 2690 435 ZIGABENI

719 505 882 558 Vers.
943 503 1023 556 l5.
1065 503 1252 560 Amen
1312 533 1380 544 -
1425 503 1542 560 illi.
1601 504 1717 562 Per
1772 503 2067 560 civitatem
2115 505 2293 561 etiam
2325 505 2372 558 A

3904 385 4024 440 332

2476 505 2640 576 Ἀμην
2688 537 2755 546 -
2796 505 2980 579 ἐκείνη.
3028 511 3123 561 Διὰ
3164 518 3257 570 τῆς
3306 509 3508 579 πόλεως,
3551 515 3641 562 καὶ
3691 514 3785 568 τὴν
3827 515 4018 584 κώμην

2401 591 2650 651 ἐδήλωσε.
2680 599 2757 648 Τόι
2798 593 2854 648 δὲ
2888 595 3094 669 Σόδομα
3123 603 3212 650 καὶ
3244 602 3307 649 τὰ
3334 598 3590 672 Γόμορρα,
3635 598 3796 650 παλαι
3839 599 4021 661 πόλεις

2399 679 2553 734 οὖσαι
2585 685 2807 754 μεγάλαι
2854 692 2942 738 καὶ
2990 687 3537 761 πολυανθρωπόταται,
3573 685 3666 740 διὰ
3710 694 3800 746 τὴν
3852 688 4018 742 ἀσέλ-

2397 791 2537 842 γειαν
2613 775 2780 825 αὑτων
2859 776 3176 848 πανωλεθρία
3247 780 3729 848 κατετερρωῦησαν,
3789 779 4016 849 οὗρανό-

2398 863 2478 913 θεν
2523 864 2633 930 (l9)
2686 868 3042 934 κατενεγθέντι
3091 871 3234 938 πυρί.
3290 872 3387 917 Καὶ
3435 871 3624 917 τούτων
3674 869 3700 924 ἡ
3758 868 4016 930 θεήλατος

2397 951 2526 1007 αύτη
2579 951 2789 1013 κόλασις
2845 953 3167 1026 φοϐερωτέρα
3218 958 3391 1014 πάσης
3450 952 3618 1006 ἐδόκει
3672 962 3849 1025 πᾶσιν,
3911 958 4011 1010 οἷτε

2393 1044 2481 1091 καὶ
2536 1050 2624 1100 τῆς
2683 1049 2776 1110 γῆς
2849 1041 3045 1102 ἐκείνης
3103 1045 3235 1116 ᾶχρι
3289 1064 3376 1094 και
3427 1053 3512 1094 νύν
3567 1047 4006 1116 ἐμπεπρησμένης

2393 1133 2719 1200 φαινομένης,
2771 1136 2858 1181 καὶ
2908 1136 3269 1202 κηρυττούσης
3317 1138 3408 1190 την
3463 1133 3651 1184 οἰκείαν
3703 1153 3999 1206 συμφοραν.

2463 1217 2616 1269 Ἀλλά
2685 1226 2771 1270 νῦν
2836 1221 2861 1270 ὁ
2917 1225 3141 1291 Χριστός
3221 1220 3505 1294 βαρύτερον
3573 1222 4000 1280 κολασθήσεσθαι

2389 1304 2522 1376 λέγει
2554 1311 2674 1368 τούς
2702 1312 2773 1379 μὴ
2806 1306 3143 1380 δεχομένους,
3191 1307 3321 1381 μηδ’
3354 1309 3634 1371 ἀκούοντας
3667 1316 3786 1373 τούς
3818 1319 4001 1383 λόγους

2390 1403 2488 1446 τῶν
2543 1394 2858 1462 ἀποστόλων,
2909 1393 3050 1449 διότι
3089 1401 3156 1449 τά
3221 1395 3428 1470 Σόδομα
3484 1404 3571 1451 καὶ
3620 1402 3683 1451 τὰ
3731 1401 3996 1476 Γόμορρα,

2390 1485 2506 1535 ούτε
2553 1486 2794 1556 θαύματα
2840 1482 2996 1549 εἶδον,
3049 1489 3117 1547 ὡς
3169 1487 3312 1538 οὗτοι
3350 1492 3534 1560 μυρία,
3581 1492 3694 1540 οὔτε
3733 1493 3857 1561 πρὸς
3900 1496 3997 1548 την

2388 1581 2486 1642 γῆν
2527 1573 2695 1624 αὐτῶν
2732 1576 2967 1645 μαθηταὶ
3000 1577 3145 1646 παρά
3176 1583 3266 1627 τοῦ
3313 1582 3548 1647 Σωτῆρος
3589 1575 3986 1636 ἀπεστάλησαν,

2391 1662 2558 1712 Εἰπὼν
2614 1659 2690 1728 δὲ,
2753 1665 2832 1714 ὃτι
2883 1663 3240 1737 Ἀνεκτότερον
3297 1667 3444 1716 ἔσται
3483 1673 3546 1736 γῇ
3606 1662 3847 1738 Σοδόμων
3904 1675 3997 1721 καὶ

2388 1750 2658 1824 Γομόρρων
2707 1750 2753 1802 ἐν
2801 1753 2969 1824 ἡμέρα
3017 1758 3260 1824 κρίσεως,
3322 1749 3602 1819 ἐδήλωσεν,
3663 1756 3742 1805 ὅτι
3798 1761 3886 1808 καὶ
3943 1756 3992 1808 ἐν

623 1837 1066 1894 Gomorrhorum
1096 1840 1156 1892 in
1199 1839 1292 1893 die
1313 1839 1550 1909 iudicii,
1594 1837 1946 1908 signiﬁcavit
1987 1840 2164 1896 etiam
2215 1841 2270 1896 in

2386 1848 2456 1910 τῷ
2500 1839 2730 1911 μέλλοντι
2779 1840 2926 1891 αὶώνι
2976 1843 3025 1892 οἱ
3069 1837 3350 1912 Σοδομῖται
3399 1847 3486 1894 καὶ
3551 1842 3862 1916 Γομορρῑται
3910 1865 3986 1896 τι-

621 1925 820 1983 futuro
838 1927 1059 1983 saeculo
1083 1927 1420 1984 Sodomitas
1439 1933 1494 1984 et
1520 1927 1918 1984 Gomorrhitas
1944 1944 2073 1984 esse
2103 1930 2274 2000 puni-

623 2018 842 2071 endos:
874 2019 931 2071 et
959 2016 1098 2071 hinc
1136 2016 1556 2086 magnifestum
1596 2022 1682 2073 est
1711 2016 1992 2090 quaedam
2026 2022 2273 2090 peccata

624 2107 680 2159 et
703 2103 798 2160 hic
826 2108 882 2160 et
910 2103 994 2160 ibi
1023 2120 1152 2160 esse
1191 2105 1522 2177 punienda.

692 2194 1032 2251 Timeamus
1045 2210 1184 2266 ergo
1207 2199 1263 2251 et
1283 2211 1392 2252 nos
1412 2195 1758 2266 hujusmodi
1783 2197 1995 2262 minas,
2021 2198 2270 2254 scientes

618 2283 777 2356 quod
798 2284 995 2339 omnis
1015 2284 1116 2356 qui
1137 2301 1257 2341 non
1286 2292 1498 2350 servat,
1527 2301 1718 2356 neque
1737 2285 1874 2341 facit
1895 2303 2030 2358 quas
2054 2286 2270 2342 docue-

617 2376 755 2428 runt
778 2371 1050 2445 apostoli,
1081 2372 1463 2429 manifestum
1495 2379 1585 2429 est
1613 2373 1771 2446 quod
1796 2389 1988 2446 neque
2023 2375 2270 2446 suscipit

617 2476 739 2530 eos,
770 2477 961 2533 neque
993 2461 1230 2517 illorum
1281 2462 1447 2518 audit
1477 2477 1812 2519 sermones.
1848 2465 2038 2528 Quare
2065 2469 2264 2520 autem

617 2565 737 2607 uno
788 2566 912 2608 non
952 2550 1330 2622 suscipiente,
1380 2552 1653 2607 universa
1705 2551 1912 2608 civitas
1966 2552 2268 2624 punienda

615 2639 744 2697 est?
766 2639 915 2706 Quia
942 2638 1381 2712 caeteriquoque
1408 2639 1669 2696 videntes
1691 2656 1810 2696 non
1837 2641 2269 2711 prohibuerunt

617 2729 805 2784 illum.
841 2728 950 2794 Qui
981 2732 1180 2785 autem
1211 2744 1331 2785 non
1363 2729 1764 2801 suscipiebant
1794 2729 2121 2800 apostolos,
2163 2745 2265 2802 pu-

616 2817 770 2872 blice
801 2833 904 2873 eos
929 2816 1320 2889 expellebant.

689 2908 850 2972 Vers,
887 2910 971 2973 16,
993 2906 1139 2962 Ecce
1168 2938 1234 2948 -—
1277 2908 1560 2976 luporum.
1615 2909 1929 2978 Postquam
1975 2907 2089 2962 illis
2163 2925 2265 2965 au-

616 2997 842 3052 daciam
868 2995 1069 3068 injecit
1098 3012 1199 3067 per
1237 3012 1308 3052 ea
1337 3012 1473 3068 quae
1502 2995 1974 3062 denuntiaverat,
1999 3003 2054 3052 et
2079 2996 2264 3054 duros

616 3101 687 3142 ac
713 3085 1118 3142 adamantinos
1138 3085 1426 3141 reddidit:
1456 3084 1723 3157 prmdicit
1747 3084 1924 3141 etiam
1951 3101 2109 3142 nunc
2130 3103 2265 3158 quas

2385 1931 2807 2000 μωρηθησονται.
2873 1931 3152 1981 Κάντεῡθεν
3210 1934 3440 2003 φανερόν,
3503 1933 3566 1992 ὧς
3624 1951 3756 1994 τινες
3823 1933 3982 2006 ἁμαρο

2383 2023 2491 2069 τίαι
2526 2023 2614 2069 καὶ
2641 2017 2878 2084 ἐνταῦθα,
2912 2022 2998 2069 καὶ
3036 2019 3141 2069 ἐκεῖ
3173 2018 3497 2079 κολάζονται.

2453 2192 2758 2265 Φοϐηθῶμεν
2804 2192 2892 2244 οὖν
2948 2198 3037 2245 καὶ
3095 2194 3242 2264 ἡμεῖς
3302 2198 3394 2252 την
3452 2198 3696 2252 τοιαύτην
3745 2193 3980 2265 ἀπειλὴν,

2381 2280 2596 2345 εἰδότες,
2644 2284 2723 2334 ὅτι
2780 2289 2876 2342 πᾶς
2921 2284 3048 2354 ὁμὴ
3105 2282 3388 2354 φυλάττων,
3439 2281 3578 2355 μηδὲ
3633 2293 3793 2336 ποιῶν
3852 2286 3978 2358 οἷπερ

2382 2368 2630 2433 ἐδίδαξαν
2689 2374 2736 2422 οἱ
2787 2370 3088 2430 ἀπόστολοι,
3135 2368 3420 2446 πρόδηλον,
3465 2376 3532 2433 ὡς
3588 2370 3709 2425 ούδε
3760 2369 3977 2443 δέχεται

2380 2463 2609 2525 τούτους,
2658 2463 2774 2512 ούτε
2826 2459 3002 2512 ἀκουει
3053 2463 3166 2520 τοὺς
3223 2460 3406 2531 λόγους
3463 2462 3644 2513 αὐτῶν.
3695 2466 3843 2512 Διατί
3893 2458 3969 2525 δὲ,

2381 2549 2483 2609 ἑνός
2532 2554 2602 2620 μὴ
2670 2545 2970 2620 δεξαμένου,
3030 2554 3178 2600 πᾶσα
3247 2552 3273 2606 η
3337 2549 3482 2611 πόλις
3541 2548 3974 2617 κολασθήσεταις

2380 2644 2521 2692 Διότι
2557 2642 2647 2690 καὶ
2681 2640 2730 2690 οἱ
2779 2636 2949 2689 λοιποὶ
3003 2636 3297 2709 βλέποντες,
3350 2639 3443 2690 ούκ
3495 2637 3753 2690 ἐκώλυσαν
3799 2638 3974 2694 αὐτόν,

2379 2729 2442 2779 Οἱ
2471 2731 2572 2799 γὰρ
2623 2731 2693 2799 μὴ
2742 2723 3166 2800 παραδεχόμενοι
3206 2731 3322 2787 τούς
3361 2727 3703 2794 ἀποστόλους,
3742 2723 3984 2800 δημοσίᾳ

2377 2820 2590 2876 τούτους
2626 2815 2938 2873 ἀπήλαυνον.

2447 2902 2586 2958 Ἰδού
2615 2934 2685 2947 -
2751 2903 2936 2956 λύκων.
2990 2902 3261 2978 Θαῤῥύνας
3312 2905 3523 2971 αύτούς,
3559 2902 3631 2957 δι’
3673 2904 3741 2956 ὧν
3781 2910 3981 2978 παρήγ-

2374 2994 2529 3065 γειλε,
2590 2998 2678 3045 καὶ
2729 2992 2966 3066 στερροὺς
3023 3000 3110 3044 και
3172 2990 3554 3064 ἀδαμαντίνους
3623 2993 3979 3066 ἐργασάμενος

2375 3083 2550 3135 λοιπόν
2606 3086 2841 3154 προλέγει
2911 3086 3000 3133 καὶ
3054 3083 3119 3134 τὰ
3181 3081 3557 3153 συμϐησόμενα
3631 3086 3854 3147 τούτοις,
3917 3083 3977 3135 ού

615 3174 728 3230 illis
745 3178 992 3230 ventura
1019 3179 1173 3240 sunt,
1196 3190 1310 3230 non
1329 3174 1525 3229 solum
1539 3189 1673 3245 quae
1692 3175 1875 3246 paulo
1893 3179 2043 3246 post,
2060 3191 2261 3231 verum

2379 3176 2524 3242 μόνον
2601 3174 2665 3223 τα
2733 3174 2918 3242 μικρὸν
2981 3171 3214 3243 ὕστερον,
3293 3169 3419 3221 ἀλλά
3502 3174 3590 3220 καὶ
3643 3172 3709 3221 τὰ
3773 3176 3975 3242 μακρόν

614 3264 793 3321 etiam
839 3279 975 3336 quae
1005 3263 1184 3333 longo
1227 3270 1361 3335 post
1394 3268 1672 3334 tempore.
1707 3264 1969 3318 Primum
2020 3264 2263 3336 quidem

617 3358 682 3409 ut
733 3353 852 3408 vim
928 3352 1310 3424 praascientiaa
1366 3351 1554 3423 ipsius
1597 3358 1997 3421 cognoscant;
2053 3354 2265 3409 deinde

613 3458 756 3498 vero
782 3459 856 3498 ne
878 3443 1187 3514 patientes,
1221 3443 1598 3514 suspicentur
1629 3458 1758 3497 sese
1818 3443 1944 3498 hinc
1989 3444 2128 3514 pati,
2185 3444 2265 3498 ob

614 3532 738 3602 ejus
763 3530 867 3604 qui
897 3529 1025 3585 illos
1047 3529 1205 3585 misit
1235 3529 1698 3586 imbecillitatem
1735 3547 1748 3596 ;
1777 3531 1942 3586 tertio
1975 3537 2038 3587 ut
2059 3532 2266 3586 audito

612 3619 896 3692 primum,
929 3619 1088 3691 quod
1121 3619 1280 3674 mala
1304 3622 1535 3690 passuri
1572 3619 1705 3683 sint,
1735 3618 1969 3672 facilius
2003 3625 2266 3690 postmo-

615 3709 762 3764 dum
795 3707 995 3765 t'erant.
1027 3709 1191 3772 Ecce,
1235 3708 1424 3778 inquit
1481 3722 1580 3776 ego
1610 3708 1776 3760 mitto
1817 3721 1936 3770 vos,
1980 3714 2262 3778 tanquam

616 3814 746 3855 oves
791 3799 852 3853 in
882 3798 1058 3854 medio
1085 3798 1374 3868 luporum.
1432 3797 1554 3864 Ego
1597 3794 1698 3865 qui
1730 3795 1934 3850 omnia
1991 3811 2261 3866 possum,

615 3888 784 3945 mitto
815 3903 944 3952 vos,
979 3892 1042 3942 ut
1071 3883 1464 3941 mordeamini
1506 3899 1576 3938 ac
1606 3882 1970 3938 dilaniemini
2001 3902 2013 3950 ;
2075 3900 2263 3957 neque

614 3975 1003 4040 ulciscamini,
1063 3978 1166 4030 aut
1227 3987 1444 4027 manus
1494 3978 1896 4040 repugnantes
1941 3973 2259 4043 objiciatis.

614 4062 1062 4132 Quamobrem?
1090 4060 1242 4126 Quia
1280 4059 1472 4131 magis
1498 4059 1578 4116 ita
1620 4059 1884 4126 vincetis,
1917 4066 1971 4117 et
1999 4061 2178 4134 lupos
2203 4065 2262 4119 in

613 4172 755 4213 oves
777 4150 1269 4212 transmutabitis.
1313 4149 1622 4216 Quomodo
1652 4149 1680 4205 ?
1715 4151 1836 4206 Mea
1865 4151 2098 4220 virtute,
2126 4170 2262 4226 quas

612 4245 820 4302 omnia
836 4241 1032 4306 vincit,
1059 4243 1368 4311 vestraque
1399 4238 1869 4304 mansuetudine,
1894 4256 2028 4312 quae
2058 4246 2114 4296 ut
2133 4242 2260 4314 plu-

609 4335 830 4391 rimum
853 4329 1205 4386 ferocitatem
1232 4343 1303 4384 ac
1325 4327 1742 4384 truculentiam
1764 4327 2092 4385 inﬁdelium
2118 4331 2258 4386 sub-

612 4423 805 4479 mittit.
820 4423 1018 4489 Neque
1031 4418 1192 4473 enim
1207 4417 1479 4474 ferocitas
1496 4432 1599 4489 per
1618 4417 2006 4483 ferocitatem,
2025 4419 2129 4474 sed
2157 4435 2262 4492 per

611 4506 1132 4568 mansuetudinem
1171 4506 1438 4563 submitti
1465 4507 1638 4563 solet.
1686 4507 1834 4562 Nam
1863 4513 2097 4579 oportet
2121 4524 2259 4564 eum

2376 3262 2610 3335 ὕστερον.
2664 3267 2868 3331 Πρῶτον
2912 3263 3024 3330 μὲν,
3084 3261 3166 3311 ἶνα
3209 3260 3416 3330 μάθωσι
3469 3263 3562 3315 τὴν
3613 3255 3836 3330 δύναμιν
3878 3269 3974 3322 τῆς

2375 3356 2714 3424 προγνώσεως
2762 3349 2921 3400 αύτού
2953 3367 2963 3376 ·
3001 3345 3236 3422 δεύτερον
3284 3344 3361 3415 δὲ,
3397 3349 3478 3398 ἵνα
3525 3349 3844 3419 πάσχοντες,
3895 3355 3970 3421 μή

2377 3441 2726 3502 ὑποπτεύωσι,
2814 3434 2886 3489 δι’
2956 3436 3219 3490 ἀσθένειαν
3277 3443 3366 3489 τοῦ
3436 3437 3735 3509 πέμψαντος
3808 3445 3975 3490 ταῦτα

2377 3532 2604 3599 πάσχειν
2654 3545 2665 3556 '
2707 3532 2900 3601 τρίτον,
2954 3528 3034 3577 ἶνα
3086 3530 3490 3600 προακηκοότες,
3547 3528 3627 3577 ὁτι
3675 3529 3971 3584 κακοπαθη-

2378 3636 2552 3683 σουσι,
2601 3618 2724 3690 ῥᾷον
2774 3621 2886 3668 τότε
2943 3618 3154 3687 φέροιεν.
3213 3611 3372 3684 Ἰδού,
3434 3619 3614 3686 φησὶν,
3684 3613 3781 3685 ἐγὼ
3842 3613 3972 3667 ἀπο..

2377 3706 2564 3759 στέλλω
2620 3707 2775 3778 ὑμᾶς,
2834 3706 2903 3764 ὣς
2958 3703 3195 3777 πρόϐατα
3252 3702 3300 3754 ἐν
3353 3708 3494 3774 μέσῳ
3551 3703 3754 3755 λύκων·
3797 3701 3894 3771 ἐγὼ
3943 3705 3969 3753 ό

2373 3797 2540 3848 πάντα
2589 3791 2908 3866 δυνάμενος·
2963 3795 3094 3844 ὥστε
3143 3788 3430 3844 δάκνεσθαι
3485 3793 3633 3864 ὑμᾶς,
3687 3795 3774 3842 καὶ
3830 3808 3968 3842 σπα-

2373 3885 2654 3957 ράττεσθαι
2704 3884 2847 3955 παρά
2894 3890 2991 3933 τῶν
3046 3880 3491 3945 ἐπιϐουλευόντων,
3552 3885 3622 3952 μὴ
3681 3877 3969 3950 ἀμύνεσθαι

2375 3969 2452 4040 δε,
2520 3969 2648 4045 μηδ’
2703 3970 3091 4043 ἀντιμάχεσθαι
3147 3977 3259 4030 ταῖς
3335 3974 3495 4042 χερσί
3533 3972 3715 4035 ;Διότι
3779 3966 3972 4039 μᾶλλον

2372 4065 2506 4114 οὕτω
2582 4065 2814 4118 νικήσετε
2892 4063 2980 4111 καὶ
3051 4057 3380 4130 μεταϐαλείτε
3460 4061 3580 4118 τούς
3655 4056 3836 4117 λύκους
3900 4057 3975 4119 εἰς

2373 4149 2626 4224 πρόϐατα.
2661 4155 2772 4208 Πῶς
2803 4165 2817 4214 ;
2847 4150 2952 4208 Τῆς
2984 4146 3109 4218 ἐμῆς
3162 4143 3428 4218 δυνάμεως
3466 4149 3522 4197 τὸ
3577 4150 3678 4197 πᾶν
3709 4163 3974 4218 κατεργα-

2374 4239 2606 4310 ζομένης,
2665 4242 2753 4289 καὶ
2813 4245 2908 4298 τῆς
2951 4236 3195 4309 ύμετέρᾱις
3243 4232 3300 4287 δὲ
3349 4239 3642 4309 πραότητος
3693 4233 3974 4305 χαλώσης,

2372 4331 2440 4388 ὡς
2485 4330 2548 4379 τὰ
2595 4325 2776 4387 πολλὰ,
2827 4328 2884 4378 τό
2934 4326 3112 4397 ἄγριον
3164 4343 3252 4376 και
3311 4326 3515 4395 φονικὸν
3563 4330 3660 4375 τῶν
3716 4321 3973 4376 ἀπίστων.

2372 4415 2446 4468 Ού
2501 4419 2601 4489 γὰρ
2657 4417 2948 4488 θρασύτητι
3005 4415 3290 4486 θρασύτης,
3351 4412 3458 4464 ἀλλ’
3514 4410 3757 4483 ἐπιεικείᾳ
3812 4431 3977 4464 κατα-

2373 4504 2671 4558 στίλλεσθαι
2729 4505 2889 4557 είωθε.
2950 4507 3065 4575 Χρὴ
3127 4504 3227 4576 γάρ
3291 4504 3376 4552 τόν
3445 4500 3742 4574 ἰατρεύοντα
3806 4519 3979 4572 μεμηο

612 4599 709 4670 qui
742 4595 1010 4651 medetur
1039 4595 1288 4664 insanis,
1321 4595 1608 4667 patienter
1652 4594 1887 4650 illorum
1914 4595 2063 4651 ferre
2108 4595 2257 4668 inju-

2379 4600 2518 4656 νότας
2596 4595 2945 4668 μακροθύμως
3003 4574 3207 4664 νφέρειν-
3263 4591 3350 4650 τὰς
3426 4593 3698 4663 παροινίας
3779 4589 3972 4658 αὐτῶν,

611 4688 748 4750 rias,
787 4683 978 4740 solam
1011 4701 1122 4756 prae
1157 4683 1343 4740 oculis
1401 4683 1682 4740 habendo
1735 4683 2156 4741 liberationem
2183 4687 2258 4742 ab

611 4773 866 4831 insania.
909 4775 974 4829 Et
1011 4789 1120 4829 nos
1159 4788 1300 4843 ergo
1341 4772 1451 4828 nisi
1495 4773 1700 4828 ovium
1734 4773 2257 4830 mansuetudinem

611 4864 896 4920 adversus
959 4861 1321 4918 ferocitatem
1380 4861 1637 4927 illorum,
1681 4861 1785 4933 qui
1841 4876 1951 4917 nos
2015 4861 2256 4931 laedunt,

611 4951 1121 5026 proposuerimus,
1154 4966 1539 5023 nequaquam
1573 4949 1830 5022 pastoris
1881 4952 2066 5008 nostri
2095 4955 2259 5010 auxi-

609 5039 754 5099 lium
793 5039 1048 5097 habituri
1079 5057 1307 5096 sumus.
1341 5040 1647 5114 Siquidem
1687 5041 1913 5114 ovium,
1941 5057 2065 5099 non
2089 5043 2258 5116 lupo-

608 5146 767 5198 rum,
796 5134 1000 5203 pastor
1028 5133 1145 5188 est.

2369 4688 2498 4756 πρὸς
2535 4688 2694 4756 μόνην
2729 4684 2928 4755 ὁρῶντα
2978 4685 3064 4738 τὴν
3120 4687 3209 4740 τῆς
3247 4683 3434 4751 μανίας
3489 4677 3813 4749 ἀπαλλαγήν.
3871 4685 3976 4732 Καὶ

2369 4775 2518 4846 ἡμεῖς
2570 4768 2676 4836 οὖν,
2737 4770 2820 4824 ia»
2877 4775 2947 4843 μὴ
3005 4768 3274 4842 προϐάτων
3341 4770 3639 4840 ἡμερότητα
3697 4769 3828 4840 πρός
3875 4771 3974 4826 τὴν

2370 4861 2657 4933 ἀγριότητα
2731 4869 2830 4913 τῶν
2914 4859 3300 4932 ἐπηρεαζόντων
3365 4858 3489 4929 ἡμῖν
3567 4852 3972 4928 ἐπιδειξωμεθα,

2367 4953 2567 5014 πάντως
2607 4950 2711 5021 οὐχ
2750 4949 2922 5021 ἕξομεν
2963 4953 3056 5006 τὴν
3095 4955 3186 5000 τοῦ
3230 4950 3468 5018 ποιμένος
3516 4947 3660 5016 ἡμῶν
3693 4943 3970 5018 βοήθειαν.

2367 5040 2644 5116 Προϐάτων
2671 5041 2791 5113 γὰρ,
2825 5038 2883 5092 ού
2913 5037 3079 5090 λύκων
3104 5035 3217 5090 ἐστὶ
3247 5040 3442 5109 ποιμήν
3476 5034 3614 5108 (20).

1843 5254 2067 5325 Varia:
2092 5257 2420 5328 lectiones
2453 5266 2738 5326 etnotae.

679 5451 791 5524 (19)
834 5449 956 5524 Εειὶ
983 5449 1158 5506 dativi
1191 5449 1366 5507 etiam
1403 5447 1670 5524 absolute
1722 5447 2018 5518 dicuntur,
2051 5455 2252 5509 tamen

607 5521 960 5605 hidmalim
1035 5528 1139 5580 aut
1211 5531 1282 5594 τῷ
1359 5523 1651 5596 οὐρανόθεν,
1711 5528 1812 5579 aut
1857 5527 2255 5596 κατενεχθέντος

608 5614 791 5744 πυξῖῗῶ
845 5665 1016 5734 Quod
1048 5665 1141 5724 hic
1189 5665 1438 5739 subjecit
1467 5664 1758 5722 scholium
1797 5665 2121 5724 Hentenius
2184 5681 2254 5725 ex

2364 5453 2632 5522 margine
2646 5449 2734 5505 sui
2749 5447 3128 5522 codicis,id_in
3142 5453 3351 5522 neutro
3366 5461 3634 5522 meorum
3652 5444 3968 5522 reperitur.

2364 5516 2597 5580 Frusira
2623 5523 2679 5576 id
2713 5522 2890 5576 etiam
2937 5519 2997 5574 in
3027 5520 3150 5574 aliis
3182 5517 3347 5574 libris
3376 5517 3648 5590 quaesivi.
3692 5516 3969 5590 Sparsim

2363 5601 2565 5652 tamen
2596 5594 2716 5648 hinc
2747 5593 3020 5666 leguntur
3048 5590 3209 5664 apud
3241 5588 3538 5663 Chrysost.
3572 5588 3731 5645 hom.
3766 5592 3856 5655 33,
3904 5589 3968 5645 in

2363 5667 2721 5726 Matthaaum.
