4170 6438
172 351 278 409 333
1172 353 1525 413 COMMENT.
1571 353 1639 412 IN
1680 349 2129 414 MATTH/EUM.
2172 388 2239 398 ——
2280 357 2434 413 CAP.
2468 358 2537 414 X.
3433 359 3538 416 334

238 480 282 546 -Ξ-
318 479 635 550 Tanquam
687 495 830 536 oves
859 481 914 535 in
973 481 1172 536 medio
1203 481 1499 553 luporum,
1549 487 1610 538 ut
1655 481 1928 538 videlicet
1955 482 2156 538 ovium
2200 481 2728 538 mansuetudinem
2759 481 3108 548 ostendatis,
3156 496 3360 538 coram
3384 482 3540 556 lupis

163 568 468 639 prostrati,
507 584 615 624 nec
642 570 846 625 ovium
887 574 1112 626 tantum
1154 572 1676 628 mansuetudinem
1709 571 1998 637 habeatis,
2030 571 2135 626 sed
2175 576 2228 626 et
2263 571 2536 626 seJulam
2578 571 3004 639 sinceritatem,
3030 571 3086 625 id
3119 576 3226 635 est,
3262 572 3542 644 simplici-

167 661 350 714 tatem
383 672 456 713 ac
489 658 890 715 innocentiam
925 679 936 718 :
983 665 1047 715 ut
1077 659 1369 715 verberati
1402 676 1470 716 ac
1503 658 2009 732 persecutionibus
2051 660 2315 731 appetiti,
2356 675 2474 714 non
2507 660 2753 715 eessetis
2794 659 3144 714 benefacere
3183 660 3541 716 verberanti-

161 747 299 802 bus.
349 747 425 802 Ut
455 753 652 802 autem
686 754 1000 822 utrumque
1024 748 1130 804 ﬁat
1176 749 1510 804 secundum
1540 748 1838 814 virtutem,
1870 748 2028 804 adsit
2055 749 2372 820 prudentia
2403 754 2736 821 serpentum
2776 749 2835 804 in
2863 748 3159 804 servando
3188 749 3402 820 capite,
3432 750 3543 805 hoc

161 841 254 892 est
283 835 443 890 ﬁde:
475 842 533 891 et
563 837 911 908 simplicitas
943 837 1258 905 columbae,
1292 837 1352 893 in
1377 854 1496 893 non
1530 837 1826 894 sumenda
1854 837 2071 893 ultione
2102 838 2176 892 de
2216 837 2309 892 his
2351 838 2456 908 qui
2491 839 2769 908 injuriam
2811 838 3098 907 irrogant.
3167 840 3281 892 Nec
3322 838 3436 894 hoc
3466 838 3545 895 ad

163 925 446 998 quinque
475 941 577 979 seu
627 925 833 981 decem
864 942 1050 982 annos
1076 927 1460 992 servandum,
1487 926 1588 982 sed
1623 942 1806 997 usque
1835 926 1911 981 ad
1929 930 2214 981 extrmum
2247 927 2521 998 spiritum
2547 943 2557 981 :
2584 926 2697 981 hoc
2725 927 2884 982 enim
2916 926 3226 995 signiﬁcat,
3250 927 3416 999 quod
3459 927 3545 982 di-

167 1015 320 1070 citur
353 1031 368 1067 :
406 1013 522 1080 Qui
559 1014 898 1070 sustinuerit
926 1031 1104 1086 usque
1131 1016 1190 1071 in
1215 1017 1414 1083 ﬁnem,
1444 1014 1542 1070 hic
1567 1014 1758 1070 salvus
1784 1014 1894 1070 erit
1937 1016 2004 1067 η.

237 1105 461 1156 Γίνεσθε
509 1135 579 1144 -
616 1109 934 1177 περιστεραί.
995 1103 1118 1178 [Καὶ
1177 1105 1290 1176 ('2l)
1346 1104 1430 1156 ἐπὶ
1485 1113 1584 1156 τῶν
1624 1108 1779 1168 ὄφεων
1815 1104 1857 1156 Α

170 1200 274 1258 νῦν,
322 1197 422 1244 καὶ
491 1194 577 1245 ἐπὶ
628 1201 720 1245 τοῦ
777 1194 1047 1266 οἰκονόμου
1095 1203 1189 1255 τῆς
1239 1190 1470 1264 ἀδικίας,
1533 1198 1780 1268 φρόνησιν

175 1285 398 1349 νοήσεις,
442 1285 541 1340 τὴν
573 1281 796 1354 φυλακὴν
817 1290 908 1336 τοῦ
940 1283 1129 1336 οἰκείου
1156 1287 1522 1358 συμφέροντος.
1547 1281 1568 1356 ]

239 1460 497 1512 Βούλεται
547 1459 731 1521 αύτούς
774 1465 862 1512 καὶ
920 1479 1158 1522 συνετους
1216 1459 1365 1528 εἶναι,
1417 1463 1548 1535 πρός
1601 1462 1657 1511 τό
1707 1464 1777 1531 μὴ

174 1549 501 1606 πλήττεσθαι
578 1553 808 1621 καιρίως,
876 1553 964 1600 καὶ
1030 1548 1337 1623 ἁπονήρους,
1396 1552 1521 1621 πρός
1584 1552 1641 1600 τὸ
1707 1552 1778 1620 μὴ

171 1644 543 1702 μνησικακεῖν,
598 1636 738 1689 Ἐπεὶ
776 1641 877 1708 γὰρ
934 1642 1179 1710 φρόνιμός
1226 1636 1362 1689 ἐστιν
1393 1639 1418 1688 ό
1463 1642 1590 1708 ὄφις
1644 1634 1783 1688 διότι

169 1731 516 1797 τυπτόμενος,
571 1728 630 1776 τὸ
680 1728 769 1796 μὲν
827 1725 949 1777 ἄλλο
999 1735 1151 1797 σῶμα
1215 1728 1470 1800 προΐεται,
1524 1729 1683 1797 μόνην
1725 1721 1782 1776 δι

170 1815 436 1886 φυλάσσει
466 1819 556 1870 την
609 1813 850 1885 κεφαλὴν,
922 1811 1069 1874 εἰδὼς
1104 1817 1151 1866 ὲν
1196 1818 1356 1886 ταύτῃ
1419 1820 1545 1887 μόνη
1577 1819 1784 1888 καιρίαν

168 1905 419 1973 γίνεσθαι
476 1908 571 1960 τὴν
631 1903 856 1974 πληγήν·
912 1902 1138 1956 ἐκέλευσε
1189 1905 1464 1976 μιμεῖσθαι
1507 1908 1601 1961 τὴν
1657 1907 1784 1977 φρό-

171 2011 323 2049 νησιν
356 2000 464 2044 τῶν
495 1996 672 2063 ὄφεων,
735 1991 783 2043 ἐν
827 1999 899 2062 τῷ
929 1992 1090 2043 τᾶλλα
1140 1995 1251 2064 μὲν,
1302 1997 1391 2044 καὶ
1421 1998 1656 2065 σώματα,
1698 1996 1788 2042 καὶ

172 2081 385 2152 ψυχὰς,
451 2085 544 2131 καὶ
589 2082 760 2132 πάντα
825 2082 1124 2154 προίεσθαι,
1185 2085 1345 2152 μόνην
1397 2077 1454 2132 δὲ
1507 2080 1786 2152 φυλάσσειν

174 2175 270 2226 τὴν
325 2174 535 2234 πίστιν,
588 2171 653 2228 ὡς
708 2169 949 2241 κεφαλὴν,
1011 2168 1122 2241 ἐνῇ
1181 2174 1308 2242 μόνη
1361 2174 1558 2240 γίνεται
1609 2173 1792 2241 καιρία

177 2259 383 2328 πληγή.
440 2262 541 2310 Καὶ
587 2257 759 2322 πάλιν,
812 2258 1016 2330 ἐπείπερ
1073 2261 1126 2310 αἰ
1164 2263 1486 2332 περιστεραὶ,
1535 2257 1792 2331 ἀφαιρού-

181 2367 335 2418 μεναι
395 2349 465 2397 τὰ
515 2349 685 2411 τέκνα,
745 2345 804 2397 ού
858 2354 1275 2412 μνησικακοῡσιν
1330 2355 1434 2406 τοῖς
1493 2345 1789 2418 ἁφελοῦσιν,

183 2435 318 2488 ἀλλὰ
372 2440 467 2487 καὶ
521 2439 824 2510 προσίενται
883 2439 1098 2496 τούτους
1163 2432 1332 2504 αὖθις,
1387 2435 1480 2487 κᾶν
1547 2435 1793 2496 πολλάκις
1825 2449 1865 2504 Β

184 2524 469 2597 ἀφίλωσιν,
503 2522 757 2576 ἐπιτάττει
813 2523 998 2587 ζηλοῦν
1042 2530 1131 2577 καὶ
1186 2530 1278 2583 τὴν
1334 2528 1528 2576 τούτων
1558 2523 1797 2598 ἀκεραιό-

183 2634 342 2680 τητοι,
401 2615 693 2680 τουτέστιν,
769 2611 1010 2679 ἀκακίαν,
1091 2612 1139 2664 ἔν
1182 2621 1251 2683 τῷ
1309 2619 1379 2686 μὴ
1453 2621 1792 2685 μνησικακεῖν

183 2708 294 2763 τοῖς
345 2697 653 2770 ἀδικοῦσιν,
708 2700 834 2753 ἀλλά
913 2706 1004 2753 καὶ
1063 2703 1375 2775 προσίεσθαι
1429 2706 1641 2764 τούτους
1703 2707 1793 2754 καὶ

185 2796 370 2862 φιλεῖν.

257 2885 364 2932 Καὶ
413 2882 512 2950 ιῇοα
567 2883 770 2951 σοφίαν.
849 2880 982 2934 Οὔτε
1038 2882 1140 2953 γὰρ
1199 2885 1292 2939 τὴν
1343 2885 1590 2954 φρόνησιν
1632 2887 1792 2955 μόνην

183 2979 282 3020 τῶν
327 2972 489 3040 ὄφεων
536 2969 813 3040 μιμεῖσθαι
869 2969 1203 3042 προσέταξεν,
1263 2972 1378 3022 οὔτε
1427 2975 1520 3028 τὴν
1558 2970 1790 3046 ἁκεραιό-

185 3077 323 3116 mra
379 3061 543 3128 μόνην
600 3065 700 3107 τῶν
771 3066 1106 3130 περιστερῶν,
1167 3057 1275 3109 ἀλλ’
1332 3058 1568 3133 ἐκέρασεν
1627 3060 1790 3132 ἀμφο-

185 3152 358 3220 τέρας,
387 3142 530 3197 διότι
583 3150 706 3216 μίαν
739 3143 1023 3220 ἀμφότεραι
1074 3154 1313 3199 ποιοῦσιν
1363 3147 1566 3222 ἀρετήν.
1624 3146 1792 3202 Οὐδὲν

185 3240 284 3310 γὰρ
363 3233 543 3307 ὄφελος
587 3243 682 3296 τῆς
751 3238 999 3298 τοιαύτης
1081 3242 1394 3310 φρονήσεως,
1449 3237 1535 3290 ἐάν
1593 3239 1698 3310 ἀπῇ
1760 3239 1788 3296 ὴ

187 3325 472 3398 ἀκεραιότη
483 3344 524 3385 ς.

254 3415 444 3485 Ἡμεῖς
500 3409 559 3464 δὲ
613 3415 967 3486 μιμησώμεθα
1021 3419 1108 3466 καὶ
1185 3413 1342 3472 οἷλλην
1404 3418 1652 3487 φρόνησιν
1703 3422 1794 3468 τοῦ

189 3508 369 3576 ὅμως.
455 3499 652 3573 Ὠσπερ
717 3504 818 3576 γὰρ
891 3501 1096 3568 ἐκεῖνος,
1157 3507 1276 3554 ὅταν
1349 3507 1585 3579 γηράσῃ,
1639 3513 1795 3575 στενῷ

187 3597 331 3662 τόπῳ
411 3587 616 3664 διείρας
692 3590 889 3661 ἑαυτὸν,
979 3590 1256 3654 ἁποξύεται
1332 3598 1424 3651 τὴν
1524 3594 1795 3666 λεγομένην

187 3676 472 3752 λεϐηρίδα,
500 3679 614 3750 (22)
663 3684 796 3751 φημὶ
838 3677 925 3749 δὴ,
968 3685 1062 3739 τὴν
1116 3679 1516 3757 ἐπιδερματίδα,
1563 3686 1676 3754 (23)
1705 3688 1795 3735 καὶ

1962 1105 2127 1160 Vers.
2162 1106 2244 1158 l6.
2280 1105 2482 1160 Estote
2507 1136 2566 1147 -—
2604 1105 2906 1162 columba.
2937 1107 2978 1174 -ι-
3013 1104 3076 1158 Et
3106 1105 3201 1160 hic
3227 1105 3284 1161 in
3310 1121 3548 1178 serpen-

1891 1193 2070 1258 tibus,
2094 1200 2150 1249 et
2177 1193 2310 1248 alibi
2351 1195 2408 1248 in
2441 1209 2756 1250 (νεουοωο
2789 1195 3015 1266 iniquo,
3044 1193 3429 1266 prudentiam
3460 1196 3545 1252 in-

1890 1281 2105 1352 tellige,
2137 1283 2587 1339 observantiam
2617 1298 2826 1339 eorum
2860 1299 2996 1355 quas
3027 1283 3244 1356 cuique
3272 1289 3410 1340 sunt
3440 1285 3550 1340 uti-

1889 1370 1996 1428 lia.

1963 1460 2092 1516 Vult
2117 1461 2282 1534 ipsos
2330 1465 2385 1516 et
2431 1461 2751 1533 prudentes
2793 1478 2942 1530 esse,
2987 1476 3061 1517 ne
3105 1461 3394 1519 lethaliter
3423 1462 3548 1519 vul-

1892 1559 2188 1615 uerentur,
2235 1555 2292 1606 et
2336 1551 2463 1605 sine
2512 1550 2670 1614 vitio,
2716 1566 2789 1605 ne
2839 1551 3119 1622 injuriam
3151 1552 3546 1608 meminerint.

1892 1642 2030 1694 Nam
2048 1641 2191 1710 quia
2203 1639 2467 1711 prudens
2479 1644 2565 1694 est
2579 1654 2846 1710 serpens,
2868 1638 3004 1694 ideo
3022 1655 3159 1694 cum
3184 1641 3549 1708 verberatur,

1893 1728 2040 1784 alias
2085 1727 2317 1799 quidem
2347 1727 2614 1800 corporis
2638 1734 2828 1798 partes
2859 1727 3082 1797 objicit,
3119 1727 3314 1783 solum
3350 1735 3550 1784 autem

1895 1819 2076 1886 caput
2106 1819 2296 1870 servat
2324 1832 2336 1870 :
2373 1817 2562 1870 sciens
2594 1815 2654 1869 in
2687 1815 2812 1871 solo
2843 1831 2913 1870 eo
2942 1814 3151 1871 lethale
3196 1816 3397 1872 inferri
3428 1816 3553 1871 vul-

1895 1920 2034 1959 nus.
2065 1904 2247 1959 Jussit
2275 1919 2416 1973 ergo
2449 1903 2828 1975 prudentiam
2857 1904 3073 1960 imitari
3103 1911 3445 1976 serpentum
3487 1908 3554 1961 ut

1897 1993 2015 2049 alia
2043 1991 2291 2065 quidem
2323 1999 2382 2050 et
2405 2008 2654 2064 corpora
2694 1997 2752 2048 et
2782 1993 3016 2048 animas
3069 2000 3402 2067 caateraque
3451 1993 3556 2050 ob-

1891 2082 2123 2155 jiciant,
2143 2082 2331 2137 solam
2359 2087 2559 2139 autem
2587 2083 2767 2138 ﬁdem
2797 2088 3032 2139 servent
3053 2084 3322 2150 illmsam,
3347 2085 3406 2140 in
3433 2101 3555 2157 qua

1900 2172 2029 2228 sola
2057 2170 2120 2227 ﬁt
2170 2171 2388 2226 vulnus
2416 2171 2657 2230 lethale.
2711 2174 2776 2227 Et
2804 2187 3034 2227 rursum
3062 2175 3205 2245 quia
3235 2174 3552 2240 columbae,

1901 2276 2035 2316 cum
2073 2260 2157 2315 eis
2184 2260 2324 2332 pulli
2363 2261 2728 2325 auferuntur,
2765 2261 3063 2318 malorum
3094 2277 3217 2317 non
3265 2262 3553 2318 memine-

1900 2354 2042 2406 runt
2087 2349 2365 2405 adversus
2401 2365 2502 2405 eos
2531 2349 2635 2421 qui
2683 2349 3070 2414 abstulerunt,
3106 2350 3212 2406 sed
3245 2350 3445 2406 denuo
3473 2351 3552 2407 ad

1903 2455 2006 2496 eos
2037 2438 2349 2504 accedunt,
2383 2439 2517 2494 licet
2542 2438 2762 2510 saepius
2799 2439 3071 2495 auferant
3103 2456 3116 2505 ;
3146 2439 3316 2510 jubet
3337 2439 3555 2496 horum

1901 2543 2143 2601 quoque
2197 2527 2631 2598 simplicitatem
2679 2527 2914 2596 imitari,
2963 2529 3076 2584 hoc
3124 2533 3230 2593 est,
3273 2529 3556 2584 innocen-

1900 2618 2065 2683 tiam,
2115 2617 2173 2672 in
2205 2631 2320 2671 non
2364 2616 2742 2671 vindicandis
2782 2616 3031 2688 injuriis,
3065 2617 3170 2673 sed
3210 2617 3552 2675 accedendo

1901 2708 1975 2763 ad
2009 2722 2111 2763 eos
2139 2707 2241 2779 qui
2280 2706 2571 2772 laeserunt,
2605 2706 2848 2779 illosque
2874 2707 3162 2764 amando.

1973 2887 2048 2944 Et
2083 2886 2218 2941 vide
2271 2885 2653 2956 sapientiam.
2709 2886 3013 2958 Siquidem
3046 2902 3165 2942 non
3215 2887 3407 2942 solam
3439 2902 3556 2943 ser-

1901 2980 2147 3047 pentum
2174 2975 2552 3046 prudentiam
2572 2976 2745 3045 jussit
2770 2975 3006 3045 imitari,
3031 2992 3223 3048 neque
3244 2977 3434 3032 solam
3461 2992 3556 3034 co-

1900 3063 2242 3119 lumbarum
2287 3062 2745 3136 simplicitatem,
2789 3064 2892 3118 sed
2931 3070 3243 3136 utramque
3287 3065 3546 3123 miscuit.

1901 3154 2048 3207 Nam
2079 3150 2270 3206 ambae
2318 3167 2501 3206 unam
2539 3150 2715 3204 simul
2760 3150 3023 3206 efﬁciunt
3065 3152 3364 3208 virtutem.
3393 3153 3557 3209 Nulla

1901 3241 2060 3296 enim
2094 3241 2278 3311 ipsius
2312 3240 2637 3311 prudentiae
2660 3245 2748 3293 est
2772 3239 3010 3304 utilitas,
3043 3242 3090 3294 si
3124 3241 3370 3296 defuerit
3391 3241 3559 3296 inno-

1902 3328 2116 3384 centia.

1973 3420 2088 3472 Nos
2131 3431 2271 3471 vero
2315 3426 2371 3471 et
2412 3416 2589 3471 aliam
2641 3416 2923 3487 serpentis
2977 3416 3279 3472 imitemur
3302 3417 3563 3488 pruden-

1903 3505 2072 3560 tiam.
2114 3507 2259 3559 Nam
2297 3505 2448 3559 sicut
2493 3503 2587 3558 ille
2630 3503 2732 3559 ubi
2769 3507 3045 3569 senuerit,
3075 3519 3179 3575 per
3237 3505 3438 3559 locum
3466 3520 3562 3559 an-

1903 3600 2146 3664 gustum
2177 3595 2496 3660 transiens,
2543 3594 2808 3666 seipsum
2852 3593 3127 3660 leberide,
3162 3594 3276 3650 hoc
3303 3598 3412 3660 est,
3448 3609 3560 3650 suo

1905 3685 2112 3740 exuvio
2137 3700 2206 3740 ac
2238 3683 2388 3756 pelle
2436 3684 2667 3756 spoliat,
2703 3691 2756 3738 et
2787 3685 2866 3740 ita
2893 3683 3130 3739 validus
3161 3683 3409 3739 efficitur
3439 3700 3452 3738 :
3481 3684 3564 3740 ita

185 3777 391 3842 γίνεται
443 3769 704 3841 σθεναρόςο
775 3772 907 3820 οὕτω
974 3773 1060 3821 καὶ
1124 3771 1292 3837 αὐτοὶ,
1363 3774 1684 3846 γηράσαντες
1731 3780 1792 3844 τῇ

1912 3789 2147 3845 quoque
2200 3789 2332 3843 nos,
2385 3772 2487 3846 qui
2535 3778 2820 3829 vetustate
2865 3773 3181 3829 affectuum
3228 3772 3563 3842 senuimus,

185 3859 511 3914 παλαιότητι
569 3865 667 3908 τῶν
727 3859 923 3923 παθῶν,
976 3857 1268 3930 ἐμϐάλωμεν
1322 3859 1532 3922 ἑαυτοὺς
1581 3862 1653 3922 εἰς
1703 3867 1796 3919 τὴν

190 3951 382 4003 στενὴν
439 3950 519 3997 καὶ
602 3947 938 4019 τεθλιμμίνην
1018 3948 1299 4018 πολιτείαν,
1354 3955 1442 4002 καὶ
1495 3948 1568 4002 δι’
1635 3951 1797 4012 αὐτῆς

187 4036 556 4098 ἁποξύσαντες
579 4037 665 4086 τὸν
721 4035 1140 4110 πεπαλαιωμένον
1195 4048 1399 4109 χιτῶνα
1454 4048 1549 4101 τῆς
1590 4039 1797 4112 ψυχῆς,

189 4127 457 4184 εὐσθενείς
501 4125 784 4195 γενώμεθα.

262 4221 378 4267 Νῦν
445 4215 535 4284 μὲν
593 4209 680 4264 οὖν
741 4213 811 4275 εἰς
885 4213 1039 4266 καλὸν
1112 4213 1452 4291 παράδειγμα
1496 4223 1612 4280 τοὺς
1669 4223 1802 4291 ὄφεις

191 4308 283 4355 καὶ
338 4304 436 4362 τὰς
492 4304 800 4376 περιστερὰς
871 4303 1063 4356 ἔλαϐεν·
1117 4303 1352 4376 ἀλλαχοῦ
1386 4305 1445 4360 δε
1491 4308 1678 4380 μᾶλλον
1734 4309 1804 4370 εἰς

191 4397 360 4444 κακόν
409 4389 733 4462 ἐλήφθησαν.
810 4394 1123 4453 Κακίζονται
1198 4398 1296 4470 γὰρ
1385 4393 1652 4462 Ἰουδαῖοι,
1737 4400 1803 4460 ὡς

195 4487 359 4562 ὄφεις,
415 4485 712 4551 γεννήματα
764 4478 1009 4551 ἐχιδνῶν⁸
1053 4488 1140 4536 καὶ
1197 4482 1527 4538 διαϐάλλεται
1559 4489 1801 4561 Ἐφραίμ,

196 4571 265 4631 ὡς
321 4571 612 4642 περιστερά
671 4570 840 4636 οἴνους,
917 4571 1010 4622 οὐκ
1068 4575 1272 4643 ἔχουσα
1346 4572 1588 4648 καρδίαν.
1646 4579 1807 4628 arma:

196 4661 299 4732 γὰρ
363 4656 616 4718 πολλάκις
669 4660 698 4716 ἡ
770 4664 944 4733 Γραφὴ
1002 4657 1287 4736 διαφόρους
1347 4663 1545 4726 εἰκόνας
1594 4663 1646 4726 ἐξ
1701 4665 1809 4728 ἑνός

202 4749 338 4806 ξὼου
393 4752 679 4819 παριστᾷν,
736 4749 856 4799 ὅταν
905 4747 1062 4801 ἐκεῖνο
1113 4755 1201 4802 καὶ
1259 4753 1539 4824 θαυμαστά
1568 4755 1691 4826 im“
1719 4758 1809 4806 καὶ

203 4838 409 4909 πονηρὰ
457 4834 895 4908 πλεονεκτήματα.
985 4842 1085 4891 Καὶ
1131 4841 1230 4910 γὰρ
1297 4839 1419 4892 λέων
1470 4845 1579 4913 μὲν,
1639 4847 1728 4894 καὶ
1785 4844 1810 4894 ὁ

206 4927 464 5000 Χριστός,
508 4927 642 4977 κατά
679 4928 737 4976 τό
791 4924 1067 4999 βασιλικόν
1097 4933 1186 4980 καὶ
1242 4930 1474 5001 ἄμαχον·
1515 4932 1810 4984 Ἀνάπεσών

206 5016 328 5089 γὰρ,
389 5016 574 5086 φησὶν,
620 5011 896 5087 human,
960 5019 1028 5078 ὡς
1078 5015 1220 5070 λέων
1273 5023 1392 5071 λέων
1455 5015 1514 5072 δὲ
1542 5025 1631 5073 καὶ
1675 5017 1797 5074 ὁδί-

1921 5020 2270 5092 dignitatem
2325 5023 2382 5074 et
2432 5016 3068 5090 inexpugnabilitatem
3129 5033 3142 5071 :

277 5193 326 5231 ³⁸
354 5193 498 5254 Luc.
537 5209 657 5262 ΠΙ,
685 5199 744 5253 3.
865 5197 908 5234 ¹⁷
940 5195 1102 5271 Osee,
1135 5214 1233 5266 vn,
1273 5201 1357 5258 11.

1906 3863 2244 3933 injiciamus
2285 3879 2396 3918 nos
2427 3862 2592 3935 ipsos
2624 3863 2681 3917 in
2705 3867 3023 3933 augustum
3055 3862 3444 3934 strictumque
3483 3862 3567 3916 vi-

1906 3952 2083 4008 vendi
2136 3953 2420 4009 modum:
2455 3957 2512 4008 et
2561 3969 2664 4025 per
2715 3953 2875 4008 hunc
2901 3956 3080 4009 exuta
3129 3952 3310 4008 veteri
3349 3951 3566 4007 animai

1906 4045 2092 4106 veste,
2123 4043 2349 4097 robusti
2379 4040 2736 4098 efﬁciamur.

1981 4220 2148 4274 Nunc
2185 4219 2384 4291 itaque
2425 4219 2480 4273 in
2518 4220 2769 4282 bonum,
2803 4222 3107 4287 serpentes
3137 4221 3313 4286 atque
3346 4216 3570 4270 colum-

1911 4306 2046 4373 bas,
2097 4307 2368 4377 exemplo
2403 4308 2666 4379 accepit:
2712 4305 2851 4358 alibi
2908 4320 3043 4358 vero
3093 4303 3150 4357 in
3187 4302 3414 4357 malum
3465 4317 3567 4373 po-

1913 4395 2026 4450 tius
2083 4399 2325 4466 sumpta
2374 4400 2529 4449 sunt.
2586 4397 2732 4448 Nam
2780 4391 3174 4462 reprobantur
3229 4389 3569 4445 Judaaitan-

1913 4499 2097 4556 quam
2131 4488 2432 4554 serpentes
2465 4488 2519 4538 et
2562 4484 2905 4553 viperarum
2939 4479 3251 4552 progenies
3285 4495 3297 4533 :
3334 4484 3389 4532 et
3418 4477 3572 4532 male

1915 4575 2082 4630 audit
2130 4573 2431 4645 Ephraim,
2477 4574 2644 4644 quasi
2689 4572 2954 4628 columba
2999 4572 3256 4636 demens,
3303 4585 3427 4642 quae
3457 4584 3573 4624 non

1917 4664 2117 4720 habeat
2157 4679 2250 4719 cor
2292 4665 2359 4715 1⁷.
2388 4663 2548 4719 Solet
2591 4662 2751 4718 enim
2781 4661 3120 4733 frequenter
3151 4661 3450 4730 Scriptura
3496 4658 3575 4714 ab

1917 4753 2129 4810 eodem
2143 4752 2385 4808 animali
2400 4750 2737 4807 differentes
2751 4751 3061 4805 ostendere
3077 4749 3575 4820 comparationes,

1918 4843 2164 4914 quando
2191 4841 2331 4896 illud
2365 4843 2556 4896 bonas
2583 4838 2760 4894 simul
2786 4845 2841 4894 et
2873 4839 3062 4894 malas
3082 4837 3263 4894 habet
3291 4836 3578 4892 conditio-

1921 4947 2050 4987 nes.
2090 4934 2235 4986 Nam
2283 4937 2340 4985 et
2379 4929 2642 4984 Christus
2681 4927 2895 4983 dicitur
2942 4918 3043 4983 leo~
3087 4929 3328 4999 propter
3356 4924 3580 4995 regiam

3202 5018 3409 5071 [tecum
3419 5015 3578 5079 bans,

1423 5377 1646 5448 Variae
1686 5378 2015 5448 lectiones
2055 5385 2124 5446 et
2149 5386 2352 5446 notze.

281 5568 397 5714 $21)
435 5569 634 5626 Codex
662 5574 910 5645 uterque
939 5572 1170 5631 inclusa
1198 5573 1383 5633 habet
1428 5575 1490 5632 in
1520 5577 1811 5650 margine.

308 5645 397 5713 '22)
439 5637 757 5714 δερματίδα.
793 5649 856 5698 Δ.

308 5637 397 5713 '22)
439 5637 477 5695 δ
478 5637 704 5718 ερματίδ
706 5662 757 5697 α.
793 5637 832 5698 A—
843 5681 856 5695 .

1996 5575 2105 5647 (23)
2170 5577 2487 5647 Utrumque
2540 5573 2923 5647 vocabulum,

2990 5569 3214 5700 λεϐηςίς,
3278 5573 3333 5627 et
3383 5562 3561 5646 ἐπιὸερ

3013 5660 3078 5700 n.
3153 5647 3209 5700 4.

1925 5646 2288 5713 ματίςὴᾶὴθι
2318 5646 2626 5704 Fretianus
2641 5647 2704 5704 in
2735 5646 2979 5711 Glossis,
3013 5660 3078 5719 p.
3113 5646 3182 5702 34
