4170 6476
648 371 748 427 331

645 584 843 640 vicum
884 584 1260 654 signiﬁcavit.
1317 586 1584 644 Sodoma
1631 597 1832 644 autem
1873 593 1928 643 et
1966 589 2292 644 Gomorrha

640 672 904 730 civitates
947 673 1091 730 olim
1139 690 1377 746 magna;
1417 692 1480 732 ac
1537 676 1844 748 papulosaz
1888 682 2058 733 erant
2099 693 2113 732 :
2155 694 2289 748 quae

637 766 880 835 propter
904 762 1144 818 nimiam
1173 763 1480 822 libidinem
1509 765 1978 822 inhabitantium
2023 767 2290 822 maxima

635 850 973 908 calamitate
1000 851 1258 909 redactae
1294 857 1433 909 sunt
1461 853 1520 909 in
1561 853 1852 926 pulveres,
1885 855 2020 923 igne
2059 853 2288 910 caelitus

634 940 1087 1011 conﬂagrante;
1130 945 1188 997 et
1234 941 1447 997 horum
1499 943 1857 1015 supplicium
1897 960 1932 1000 a
1996 945 2114 998 Deo
2167 943 2287 997 illis

633 1030 983 1094 immissum,
1039 1031 1254 1102 quovis
1306 1029 1423 1087 alio
1476 1031 1911 1088 formidabilius
1976 1032 2287 1088 videbatur

635 1133 707 1176 ac
738 1118 788 1173 si
827 1121 980 1175 terra
1003 1116 1105 1174 illa
1135 1117 1214 1174 ad
1245 1118 1360 1174 hoc
1391 1135 1575 1191 usque
1630 1125 1869 1191 tempus
1907 1119 2286 1177 inﬂammata

631 1207 924 1271 videatur,
966 1223 1262 1279 suamque
1307 1207 1592 1280 praedicet
1617 1208 2031 1265 calamitatem.

701 1296 803 1352 Hic
825 1311 964 1352 vero
1011 1295 1150 1352 dicit
1187 1296 1455 1353 Christus
1500 1297 1740 1367 gravius
1779 1313 1882 1353 eos
1927 1297 2280 1370 puniendos,

627 1384 731 1457 qui
761 1399 884 1440 non
914 1384 1266 1456 exceperint,
1300 1400 1407 1442 nec
1438 1386 1737 1442 audierint
1767 1385 1941 1443 verba
1987 1386 2282 1458 apostolo-

628 1490 790 1532 rum.
833 1473 1095 1531 Sodoma
1127 1473 1286 1529 enim
1319 1479 1372 1530 et
1400 1475 1732 1532 Gomorrha
1772 1491 1961 1547 neque
1986 1476 2283 1532 miracula

628 1561 917 1628 viderant,
952 1562 1098 1618 sicut
1150 1563 1245 1618 isti
1291 1563 1610 1620 innumera
1645 1583 1657 1622 :
1692 1579 1884 1636 neque
1945 1564 2022 1620 ad
2064 1570 2281 1620 terram

626 1651 864 1708 illorum
893 1651 1168 1724 discipuli
1201 1668 1238 1709 a
1275 1652 1571 1709 Salvatore
1600 1654 1768 1709 missi
1823 1653 2074 1710 fuerant.
2130 1656 2276 1709 Cum

624 1745 822 1797 autem
836 1741 1013 1796 dixit:
1049 1741 1444 1798 Tolerabilius
1476 1743 1584 1798 erit
1609 1749 1782 1798 terra
1811 1742 2196 1798 Sodomorum
2225 1752 2274 1798 et

1981 373 2328 430 EUTHYMII
2365 372 2690 430 ZIGABENI

718 498 881 551 Vers.
943 495 1022 549 15.
1064 497 1252 553 Amen
1311 527 1381 538 —-
1426 497 1542 553 illi.
1601 498 1718 556 Per
1771 497 2066 554 civitatem
2113 500 2293 555 etiam
2324 499 2372 552 A

3905 379 4019 435 332

2476 499 2639 570 Ἀμην
2687 531 2754 541 -
2796 499 2979 573 ἐκείνη.
3028 505 3122 555 Διὰ
3163 512 3257 564 τῆς
3305 503 3508 574 πόλεως,
3551 509 3640 556 καὶ
3690 508 3785 562 τὴν
3827 509 4016 578 κώμην

2400 585 2649 646 ἐδήλωσε.
2680 592 2756 642 Τὰ
2797 587 2854 642 δὲ
2887 588 3093 664 Σόδομα
3123 597 3212 644 καὶ
3244 595 3306 643 τὰ
3334 592 3590 666 Γόμορρα,
3635 592 3796 644 παλαι
3839 594 4017 656 πόλεις

2399 673 2551 728 οὖσαι
2585 679 2806 749 μεγάλαι
2854 685 2941 732 καὶ
2988 681 3536 756 πολυανθρωπόταται,
3573 679 3666 734 διὰ
3709 688 3800 740 τὴν
3851 682 4014 737 ασελ-

2395 785 2536 836 γειαν
2612 768 2780 819 αὑτων
2858 771 3177 842 πανωλεθρία
3246 775 3729 842 κατετεφρωῦησαν,
3789 772 4013 844 οὖρανὸ-

2397 857 2478 907 θεν
2523 858 2633 925 (l9)
2686 862 3042 927 κατενεγὺέντι
3090 865 3234 932 πυρί.
3290 866 3387 912 Καὶ
3435 864 3623 911 τούτων
3674 863 3700 917 η
3757 862 4013 925 θεήλατος

2395 945 2525 1001 αύτη
2578 945 2789 1007 κόλασις
2845 947 3166 1020 φοϐερωτέρα
3219 952 3391 1008 πάσης
3449 946 3618 1000 ἐδόκει
3672 956 3849 1019 πᾶσιν,
3911 952 4009 1004 οἶτε

2392 1037 2480 1084 καὶ
2535 1043 2622 1094 τῆς
2682 1043 2775 1105 γῆς
2849 1035 3044 1096 ἐκείνης
3103 1039 3235 1110 ἄχρι
3289 1058 3375 1088 και
3427 1046 3512 1088 νύν
3567 1042 4006 1111 ἐμπεπρησμένης

2393 1127 2718 1194 φαινομένης,
2771 1130 2858 1175 καὶ
2907 1129 3269 1196 κηρυττούσης
3315 1132 3408 1184 τὴν
3462 1127 3651 1178 οἰκείαν
3702 1139 3999 1200 συμφοραν.

3220 1213 3505 1288 βαρύτερον
3573 1216 4000 1274 κολασθήσεσθαι

2461 1211 2616 1263 Ἀλλὰ
2685 1219 2771 1263 νῦν
2836 1214 2860 1264 ὁ
2916 1218 3141 1285 Χριστός

2387 1297 2522 1370 λέγει
2553 1304 2674 1362 τούς
2701 1306 2773 1372 μὴ
2805 1299 3144 1374 δεχομένους,
3190 1301 3320 1375 μηδ’
3354 1303 3634 1365 ἀκούοντας
3665 1310 3786 1367 τούς
3818 1314 4000 1378 λόγους

2389 1397 2488 1440 τῶν
2543 1388 2858 1456 ἀποστόλων,
2909 1387 3050 1443 διότι
3089 1395 3156 1443 τὰ
3221 1388 3428 1464 Σόδομα
3484 1399 3571 1445 καὶ
3619 1396 3684 1445 τὰ
3731 1395 3996 1470 Γόμορρα,

2389 1478 2506 1528 ούτε
2552 1480 2793 1549 θαύματα
2840 1475 2996 1543 εἶδον,
3049 1483 3116 1540 ὡς
3169 1480 3312 1532 οὗτοι
3349 1486 3533 1555 μυρία,
3580 1486 3694 1534 οὔτε
3733 1487 3857 1556 πρός
3900 1490 3997 1543 τὴν

2388 1575 2486 1636 γῆν
2525 1567 2695 1618 αὐτῶν
2732 1569 2967 1639 μαθηταὶ
3000 1571 3144 1641 παρά
3176 1576 3265 1620 τοῦ
3313 1577 3548 1642 Σωτῆρος
3588 1569 3985 1630 ἀπεστάλησαν,

2389 1655 2558 1706 Εἰπὼν
2613 1652 2690 1722 δὲ,
2753 1659 2832 1708 ὅτι
2883 1657 3239 1731 Ἀνεκτότερον
3296 1661 3444 1710 ἔσται
3483 1667 3546 1730 γῇ
3606 1657 3846 1732 Σοδόμων
3905 1669 3996 1715 και

2387 1744 2657 1818 Γομόρρων
2707 1744 2753 1796 ἐν
2801 1747 2969 1818 ἡμέρα
3017 1751 3259 1818 κρίσεως,
3321 1743 3602 1813 ἐδήλωσεν,
3663 1750 3742 1800 ὅτι
3797 1755 3885 1801 καὶ
3943 1751 3990 1802 ἐν

624 1830 1066 1888 Gomorrhorum
1095 1833 1155 1885 in
1199 1832 1291 1887 die
1313 1832 1549 1901 iudicii,
1593 1831 1946 1901 signiﬁcavit
1986 1833 2164 1889 etiam
2213 1834 2271 1890 in

2385 1841 2455 1903 τῷ
2499 1832 2730 1904 μέλλοντι
2779 1834 2926 1885 αιώνι
2975 1837 3024 1886 οἱ
3068 1831 3350 1906 Σοδομῖται
3399 1841 3486 1888 καὶ
3550 1836 3862 1910 Γομορῥῖται
3909 1859 3984 1891 τι-

621 1918 820 1976 futuro
838 1920 1058 1976 saeculo
1083 1920 1420 1977 Sodomitas
1438 1926 1493 1977 et
1519 1919 1918 1977 Gomorrhitas
1943 1937 2072 1977 esse
2103 1923 2274 1993 puni-

623 2011 842 2064 endos:
874 2013 931 2064 et
959 2009 1097 2064 hinc
1135 2009 1556 2079 magnifestum
1595 2015 1682 2067 est
1710 2010 1991 2082 quaedam
2025 2015 2272 2083 peccata

623 2101 680 2153 et
702 2097 798 2152 hic
826 2101 882 2153 et
909 2097 994 2153 ibi
1023 2113 1151 2153 esse
1190 2097 1521 2170 punienda.

691 2187 1032 2244 Timeamus
1045 2203 1184 2258 ergo
1206 2192 1263 2244 et
1282 2204 1392 2245 nos
1412 2188 1758 2260 hujusmodi
1783 2190 1994 2256 minas,
2021 2191 2270 2247 scientes

618 2276 776 2350 quod
798 2277 994 2333 omnis
1014 2277 1114 2349 qui
1135 2293 1256 2334 non
1285 2285 1498 2343 servat,
1526 2294 1718 2349 neque
1737 2277 1873 2334 facit
1894 2296 2029 2352 quae
2053 2279 2270 2336 docue-

616 2369 754 2421 runt
778 2365 1050 2438 apostoli,
1080 2365 1463 2422 manifestum
1495 2372 1585 2422 est
1613 2367 1771 2439 quod
1795 2382 1987 2440 neque
2023 2368 2270 2440 suscipit

617 2469 739 2524 eos,
770 2470 960 2526 neque
992 2454 1229 2511 illorum
1281 2455 1446 2512 audit
1477 2470 1812 2512 sermones.
1848 2458 2038 2522 Quare
2065 2462 2263 2513 autem

617 2558 737 2600 uno
788 2559 912 2599 non
951 2543 1329 2615 suscipiente,
1380 2545 1652 2600 universa
1705 2545 1911 2600 civitas
1966 2546 2267 2617 punienda

616 2632 743 2689 est?
766 2632 914 2699 Quia
941 2631 1381 2705 caeteriquoque
1408 2633 1669 2689 videntes
1690 2649 1810 2690 non
1835 2634 2268 2705 prohibuerunt

616 2721 805 2777 illum.
841 2721 950 2787 Qui
980 2725 1181 2778 autem
1210 2737 1331 2778 non
1362 2723 1763 2795 suscipiebant
1793 2723 2120 2794 apostolos,
2162 2739 2265 2796 pu-

616 2809 769 2866 blice
801 2825 903 2866 eos
929 2808 1320 2882 expellebant.

689 2901 850 2964 Vers,
886 2903 970 2966 l6,
993 2899 1140 2956 Ecce
1167 2931 1234 2941 —
1276 2901 1559 2969 luporum.
1614 2903 1929 2972 Postquam
1974 2900 2088 2956 illis
2161 2919 2264 2959 au-

615 2989 842 3046 daciam
867 2988 1069 3061 injecit
1098 3005 1198 3060 per
1237 3005 1307 3046 ea
1335 3005 1472 3061 quae
1501 2988 1974 3055 denuntiaverat,
1999 2996 2053 3046 et
2079 2991 2264 3048 duros

615 3094 686 3135 ac
713 3078 1117 3135 adamantinos
1137 3079 1426 3134 reddidit:
1455 3078 1722 3151 praedicit
1747 3078 1923 3134 etiam
1950 3095 2108 3136 nunc
2129 3097 2264 3152 quas

2384 1924 2807 1994 μωρηθήσονται.
2873 1925 3152 1975 Κὰντεῡθεν
3210 1928 3440 1998 φανερόν,
3503 1927 3566 1985 ὥς
3623 1945 3756 1988 τινες
3821 1927 3981 2000 ἀμαρ-

2381 2016 2491 2063 τίαι
2525 2016 2614 2063 καὶ
2641 2010 2879 2077 ἐνταῦθα,
2911 2016 2998 2063 καὶ
3036 2013 3141 2064 ἐκεῖ
3172 2012 3496 2073 κολάζονται.

2452 2185 2758 2259 Φοϐηθῶμεν
2804 2186 2891 2238 οὖν
2947 2192 3036 2238 καὶ
3094 2188 3242 2258 ἡμεῖς
3301 2192 3393 2246 τὴν
3451 2192 3696 2246 τοιαύτην
3745 2188 3978 2258 ἀπειλὴν,

2381 2273 2596 2339 εἰδότες,
2644 2278 2722 2328 ὅτι
2779 2282 2876 2336 πᾶς
2921 2278 3047 2348 ὁμὴ
3105 2275 3387 2347 φυλάττων,
3439 2275 3578 2349 μηδὲ
3632 2287 3792 2329 ποιῶν
3851 2280 3978 2351 οἷπερ

2381 2362 2629 2427 ἐδίδαξαν
2689 2367 2736 2416 οἱ
2786 2364 3088 2424 ἀπόστολοι.
3134 2362 3420 2440 πρόδηλον,
3464 2369 3531 2427 ὡς
3588 2364 3708 2418 οὐδὲ
3759 2364 3976 2437 δέχεται

2379 2457 2608 2520 τούτους,
2657 2457 2774 2506 οὔτε
2826 2452 3001 2506 ἀκούει
3052 2456 3166 2514 τούς
3223 2453 3406 2525 λόγους
3462 2455 3643 2507 αὐτῶν.
3695 2460 3842 2506 Διατί
3892 2452 3968 2520 δὲ,

2380 2543 2482 2602 ἑνός
2532 2548 2602 2614 μὴ
2669 2539 2969 2614 δεξαμένου,
3030 2548 3179 2594 πᾶσα
3246 2545 3273 2601 η
3336 2543 3481 2606 πόλις
3541 2542 3972 2611 κολασθήσεται;

2378 2637 2520 2685 Διότι
2557 2636 2646 2684 καὶ
2680 2633 2729 2684 οἱ
2779 2630 2948 2683 λοιποὶ
3003 2629 3297 2703 βλέποντες,
3349 2633 3442 2685 ούκ
3495 2631 3752 2685 ἐκώλυσαν
3798 2632 3973 2688 αὐτόν.

2377 2722 2442 2773 Oi
2471 2724 2571 2793 γὰρ
2622 2725 2692 2793 μὴ
2741 2717 3166 2794 παραδεχόμενοι
3206 2724 3321 2781 τούς
3361 2721 3702 2788 ἀποστόλους,
3742 2717 3983 2794 δημοσίᾳ

2376 2814 2590 2870 τούτους
2626 2809 2937 2868 ἀπήλαυνον.

2446 2896 2585 2952 Ἰδού
2615 2929 2684 2941 -
2751 2897 2936 2951 λύκων.
2989 2897 3261 2972 Θαῤῥύνας
3312 2899 3522 2966 αύτούς,
3558 2896 3630 2951 δι’
3672 2898 3741 2950 ὧν
3780 2904 3981 2972 παρήγ-

2373 2988 2528 3059 γειλε,
2589 2992 2678 3039 καὶ
2728 2986 2965 3060 στερροὺς
3022 2993 3110 3038 καί
3171 2983 3553 3058 ἀδαμαντίνους
3623 2987 3979 3060 ἐργασάμενος

2374 3077 2549 3129 λοιπὸν
2606 3080 2840 3148 προλέγει
2911 3079 3000 3127 καὶ
3053 3077 3118 3128 τὰ
3181 3075 3556 3147 συμϐησόμενα
3629 3079 3854 3141 τούτοις,
3917 3077 3977 3128 ού

614 3167 728 3224 illis
744 3171 992 3223 ventura
1019 3172 1172 3233 sunt,
1195 3183 1310 3223 non
1328 3167 1524 3223 solum
1538 3183 1672 3238 qua:
1691 3168 1875 3239 paulo
1892 3173 2042 3239 post,
2059 3185 2260 3225 verum

2378 3169 2524 3236 μόνον
2600 3168 2665 3217 τα
2731 3168 2917 3236 μικρὸν
2979 3165 3213 3237 ὕστερον,
3292 3163 3419 3214 ἀλλὰ
3501 3168 3589 3214 καὶ
3642 3166 3708 3215 τὰ
3773 3168 3975 3237 μακρὸν

614 3257 792 3314 etiam
839 3272 974 3328 quae
1005 3256 1183 3326 longo
1226 3263 1361 3328 post
1392 3261 1672 3328 tempore.
1705 3257 1969 3312 Primum
2019 3258 2263 3330 quidem

617 3351 682 3402 ut
731 3346 852 3402 vim
927 3345 1309 3417 praescientiaa
1365 3345 1553 3416 ipsius
1596 3352 1996 3415 cognoscant;
2052 3348 2264 3404 deinde

613 3451 754 3491 vero
781 3451 854 3490 ne
877 3435 1186 3506 patientes,
1220 3435 1598 3507 suspicentur
1629 3452 1758 3490 sese
1817 3437 1944 3492 haec
1987 3438 2127 3508 pati,
2184 3438 2264 3492 ob

613 3524 737 3594 ejus
762 3523 866 3596 qui
897 3522 1024 3578 illos
1047 3522 1204 3578 misit
1233 3523 1698 3580 imbecillitatem
1734 3541 1747 3589 ;
1777 3525 1940 3579 tertio
1973 3531 2037 3581 ut
2058 3525 2264 3580 audito

611 3612 895 3686 primum,
929 3612 1087 3684 quod
1121 3613 1280 3668 mala
1303 3615 1534 3683 passuri
1571 3611 1704 3676 sint,
1734 3611 1968 3666 facilius
2001 3619 2265 3684 postmo-

614 3701 761 3757 dum
793 3700 994 3758 ferant.
1026 3701 1190 3765 Ecce,
1233 3701 1423 3771 inquit
1479 3715 1579 3770 ego
1609 3702 1776 3754 mitto
1816 3715 1935 3763 vos,
1979 3708 2261 3772 tanquam

615 3806 745 3848 oves
789 3791 852 3846 in
881 3791 1057 3848 medio
1085 3791 1374 3862 luporum.
1431 3789 1553 3857 Ego
1595 3787 1698 3859 qui
1729 3789 1933 3843 omnia
1989 3805 2260 3860 possum,

614 3881 784 3937 mitto
815 3896 943 3946 vos,
978 3885 1041 3935 ut
1070 3876 1463 3934 mordeamini
1505 3892 1575 3931 ac
1605 3875 1969 3932 dilaniemini
2000 3895 2012 3944 ;
2073 3894 2262 3950 neque

613 3968 1002 4033 ulciscamini,
1062 3971 1165 4023 aut
1225 3979 1443 4020 manus
1492 3970 1895 4034 repugnantes
1941 3966 2257 4036 objiciatis.

613 4059 1010 4125 Quamobrem
1035 4055 1062 4110 ‘I
1089 4053 1241 4119 Quia
1279 4052 1471 4124 magis
1497 4053 1577 4108 ita
1619 4053 1883 4119 vincetis,
1916 4059 1970 4110 et
1998 4055 2176 4128 lupos
2202 4058 2261 4112 in

612 4165 754 4206 oves
777 4143 1268 4204 transmutabitis.
1313 4142 1622 4209 Quomodo
1651 4143 1680 4198 ?
1714 4145 1836 4198 Mea
1865 4144 2097 4213 virtute,
2125 4163 2261 4219 quae

611 4237 819 4294 omnia
835 4235 1031 4300 vincit,
1057 4236 1367 4304 vestraque
1398 4231 1868 4297 mansuetudine,
1893 4249 2028 4305 quae
2057 4240 2114 4288 ut
2131 4235 2259 4307 plu.

609 4328 831 4383 rimum
852 4323 1205 4380 ferocitatem
1232 4337 1302 4377 ac
1323 4320 1740 4377 truculentiam
1763 4320 2091 4378 inﬁdelium
2117 4325 2257 4379 sub-

611 4416 804 4472 mittit.
819 4416 1018 4482 Neque
1031 4411 1191 4466 enim
1206 4410 1478 4467 ferocitas
1495 4425 1598 4483 per
1618 4410 2004 4477 ferocitatem,
2025 4413 2128 4468 sed
2155 4429 2261 4485 per

610 4499 1132 4560 mansuetudinem
1171 4499 1437 4556 submitti
1465 4500 1637 4556 solet.
1684 4501 1833 4555 Nam
1863 4506 2095 4572 oportet
2120 4517 2258 4558 eum

612 4591 708 4662 qui
741 4589 1009 4644 medetur
1038 4589 1287 4657 insanis,
1319 4589 1607 4660 patienter
1650 4587 1886 4643 illorum
1905 4567 2062 4644 ierre
2105 4589 2256 4660 iuju-
2291 4567 2334 4621 θ

610 4681 749 4744 rias,
787 4676 978 4733 solam
1010 4694 1122 4748 prae
1157 4677 1342 4733 oculis
1401 4677 1681 4734 habendo
1735 4676 2155 4734 liberationem
2181 4680 2258 4735 ab

610 4767 865 4824 insania.
908 4767 974 4822 Et
1010 4783 1119 4822 nos
1158 4781 1300 4836 ergo
1340 4766 1450 4822 nisi
1494 4766 1700 4822 ovium
1732 4766 2256 4824 mansuetudinem

611 4857 895 4914 adversus
958 4855 1321 4911 ferocitatem
1379 4854 1636 4920 illorum,
1680 4855 1783 4926 qui
1839 4869 1950 4910 nos
2014 4855 2254 4924 laedunt,

611 4945 1120 5018 proposuerimus,
1152 4959 1537 5016 nequaquam
1571 4943 1828 5015 pastoris
1880 4945 2065 5002 nostri
2094 4949 2258 5003 auxi-

608 5032 754 5091 lium
792 5033 1047 5090 habituri
1079 5050 1306 5089 sumus.
1340 5033 1645 5106 Siquidem
1686 5033 1912 5106 ovium,
1939 5050 2062 5092 non
2087 5035 2256 5110 lupo-

608 5139 766 5191 rum,
795 5127 1000 5196 pastor
1027 5126 1144 5181 est.

2375 3256 2610 3329 ὕστερον.
2663 3260 2866 3325 Πρῶτον
2912 3256 3023 3324 μὲν,
3083 3255 3166 3305 ἶνα
3208 3254 3416 3324 μάθωσι
3468 3257 3561 3309 τὴν
3612 3249 3836 3324 δύναμιν
3878 3263 3974 3316 τῆς

2374 3350 2713 3418 προγνώσεως
2761 3343 2920 3394 αύτού
2952 3360 2962 3370 ·
3000 3339 3236 3416 δεύτερον
3283 3337 3360 3409 δι,
3395 3342 3478 3392 ἵνα
3523 3343 3844 3413 πάσχοντες,
3895 3348 3969 3415 μὴ

2813 3428 2885 3483 δι’
2955 3430 3218 3484 ἀσθένειαν
3276 3437 3366 3482 τοῦ
3435 3430 3734 3502 πέμψαντος
3807 3440 3975 3484 ταῦτα

3546 3522 3625 3571 ὅτι
3674 3523 3971 3578 κακοπαθή-

2375 3435 2726 3496 ὑποπτεύωσι,

2376 3526 2603 3593 πάσχειν
2653 3539 2664 3550 ⁶
2706 3525 2899 3595 τρίτον,
2953 3522 3033 3572 ἶνα
3085 3524 3489 3594 προακηκοότες,

2377 3630 2551 3676 σουσι,
2599 3611 2722 3684 ῥᾷον
2773 3615 2886 3662 τότε
2941 3612 3153 3680 φέροιεν.
3211 3605 3371 3678 Ἰδού,
3433 3613 3613 3680 φησιν,
3684 3607 3780 3679 ἐγὼ
3842 3608 3972 3661 ἁπο-

2375 3700 2563 3752 στέλλω
2619 3701 2774 3772 ὑμᾶς,
2833 3700 2902 3758 ὡς
2957 3697 3194 3771 πρόϐατα
3251 3696 3298 3748 ἐν
3352 3702 3493 3768 μέσῳ
3549 3696 3753 3749 λύκων·
3796 3695 3893 3765 ἐγὼ
3943 3699 3970 3748 ὁ

2372 3791 2540 3842 πάντα
2587 3784 2907 3860 δυναμενος’
2961 3789 3094 3838 ὥστε
3142 3783 3429 3838 δάκνεσθαι
3484 3787 3632 3858 ὑμᾶς,
3685 3789 3773 3835 και
3829 3802 3968 3836 σπα-

2371 3879 2654 3952 ράττεσθαι
2703 3877 2845 3948 παρὰ
2892 3885 2990 3927 τῶν
3044 3874 3490 3940 ἐπιϐουλευόντων,
3551 3878 3621 3946 μὴ
3679 3871 3969 3944 ἀμύνεσθαι

2373 3963 2450 4034 δὲ,
2519 3962 2648 4038 μηδ’
2703 3964 3090 4037 ἀντιμάχεσθαι
3146 3970 3258 4025 ταῖς
3333 3967 3494 4036 χερσί
3532 3979 3544 4029 ;
3576 3966 3714 4014 Διότι
3779 3961 3972 4033 μᾶλλον

2371 4059 2505 4107 οὕτω
2581 4059 2813 4111 νικήσετε
2891 4057 2979 4104 καὶ
3049 4051 3378 4124 μεταϐαλεῖτε
3459 4055 3579 4112 τούς
3653 4050 3835 4111 λύκους
3899 4051 3976 4114 εἰς

2372 4142 2625 4217 πρόϐατα.
2661 4149 2770 4202 Πῶς
2802 4159 2816 4208 ;
2846 4143 2950 4202 Τῆς
2983 4139 3108 4212 ἐμῆς
3161 4137 3426 4212 δυνάμεως
3465 4143 3520 4191 τὸ
3576 4144 3677 4192 πᾶν
3708 4158 3974 4213 κατεργα-

2372 4232 2604 4304 ζομένης,
2664 4236 2753 4282 καὶ
2812 4238 2906 4292 τῆς
2950 4230 3194 4302 ύμετέρὰς
3242 4226 3300 4281 δὲ
3347 4232 3641 4302 πραότητος
3692 4227 3974 4300 χαλώσης,

2371 4324 2440 4382 ὡς
2484 4323 2546 4373 τὰ
2593 4319 2775 4382 πολλὰ,
2825 4321 2883 4372 τό
2933 4320 3111 4391 ἄγριον
3162 4337 3251 4370 και
3310 4320 3514 4388 φονικὸν
3561 4325 3659 4368 τῶν
3715 4315 3973 4371 ἀπίστων.

2371 4409 2446 4462 Ού
2500 4412 2600 4482 γὰρ
2656 4410 2947 4482 θρασύτητι
3003 4409 3289 4480 θρασύτης,
3350 4405 3456 4458 ἀλλ’
3512 4404 3756 4478 ἐπιεικείᾳ
3811 4425 3979 4459 κατα-

2373 4497 2670 4552 στέλλεσθαι
2727 4499 2888 4552 είωθε.
2949 4501 3064 4570 Χρὴ
3125 4498 3226 4570 γὰρ
3289 4498 3374 4546 τὸν
3444 4493 3741 4568 ἰατρεύοντα
3805 4514 3981 4566 μεμη-

2368 4593 2517 4650 νότας
2595 4588 2944 4662 μακροθύμως
3018 4589 3182 4658 φέρειν
3262 4585 3348 4643 τὰς
3425 4587 3697 4658 παροινίας
3777 4583 3974 4654 αὐτῶν,

2367 4681 2496 4750 πρὸς
2535 4681 2693 4749 μόνην
2729 4677 2927 4748 ὁρῶντα
2976 4679 3064 4732 τὴν
3118 4681 3208 4734 τῆς
3245 4676 3432 4745 μανίας
3488 4671 3812 4744 ἀπαλλαγήν.
3870 4679 3978 4727 Καὶ

2368 4767 2517 4839 ἡμεῖς
2569 4761 2675 4830 οὖν,
2736 4764 2819 4818 ἐὰν
2875 4769 2946 4837 μὴ
3003 4762 3272 4836 προϐάτων
3339 4764 3638 4835 ἡμερότητα
3696 4764 3827 4834 πρὸς
3873 4765 3976 4821 τὴν

2368 4854 2656 4927 ἀγριότητα
2730 4862 2828 4906 τῶν
2913 4853 3299 4926 ἐπηρεαζόντων
3363 4851 3488 4922 ἡμῖν
3565 4846 3973 4922 ἔπιδειξώμεθα,

2366 4947 2566 5006 πάντως
2607 4943 2710 5014 ούχ
2749 4942 2921 5015 ἕξομεν
2961 4947 3054 5000 τὴν
3093 4949 3184 4994 τοῦ
3228 4943 3466 5011 ποιμένος
3515 4941 3660 5011 ἡμῶν
3693 4937 3972 5012 βοήθειαν.

2366 5033 2643 5109 Προϐάτων
2669 5035 2790 5107 γὰρ,
2823 5031 2882 5086 ού
2912 5031 3078 5084 λύκων
3103 5029 3216 5084 ἐστὶ
3245 5034 3440 5103 ποιμήν
3475 5029 3613 5102 (20).

1842 5246 2065 5318 Variae
2089 5249 2419 5321 lectiones
2451 5259 2516 5319 et
2538 5259 2737 5319 notae.

677 5444 790 5516 (19)
833 5443 954 5516 Εειί
983 5443 1158 5500 dativi
1189 5442 1365 5499 etiam
1402 5440 1668 5499 absolute
1721 5441 2016 5512 dicuntur,
2050 5449 2251 5503 tamen

606 5515 959 5598 hidmalim
1034 5521 1138 5572 aut
1210 5523 1281 5587 τῷ
1358 5515 1649 5589 ούρανόθεν,
1709 5521 1811 5572 aut
1856 5520 2253 5590 κατενεχθέντος

607 5606 790 5737 πυξΞῶ
845 5658 1015 5727 Quod
1046 5657 1140 5716 hic
1188 5658 1437 5732 subjecit
1466 5657 1756 5715 scholium
1796 5659 2120 5717 Hentenius
2182 5674 2253 5718 ex

2362 5445 2630 5515 margine
2645 5443 2732 5498 sui
2748 5441 3126 5515 codicis,idin
3141 5447 3349 5515 neutro
3365 5455 3633 5515 meorum
3651 5439 3973 5515 reperitur.

2362 5511 2596 5572 Frustra
2623 5517 2678 5570 id
2713 5516 2888 5570 etiam
2935 5513 2995 5568 in
3026 5514 3149 5568 aliis
3180 5512 3346 5568 libris
3374 5513 3646 5584 quaesivi.
3690 5511 3974 5584 Sparsim

2362 5594 2563 5645 tamen
2596 5587 2715 5642 haec
2746 5585 3018 5660 leguntur
3046 5584 3207 5658 apud
3239 5583 3536 5657 Chrysost.
3570 5583 3730 5639 hom.
3765 5587 3854 5649 33,
3902 5583 3973 5642 in

2361 5660 2720 5720 Matthaaum.
