4170 6442
182 356 285 414 333
1176 358 1530 418 COMMENT.
1575 357 1644 416 IN
1684 361 1798 418 MA'

1915 357 2133 418 UEUM.
2176 393 2243 402 —
2285 361 2438 417 CAP.
2473 362 2541 419 X.
3437 363 3542 420 334

246 485 288 552 -ξ-
323 484 638 555 Tanquam
691 500 833 541 oves
862 486 920 540 in
977 486 1176 541 medio
1208 486 1504 557 luporum,
1553 491 1614 543 ut
1659 485 1933 542 videlicet
1959 486 2159 543 ovium
2205 485 2733 542 mansuetudinem
2764 485 3112 552 ostendatis,
3161 499 3364 542 coram
3387 486 3544 560 lupis

171 573 472 644 prostrati,
511 588 619 630 nec
647 575 850 630 ovium
891 578 1116 631 tantum
1158 577 1680 632 mansuetudinem
1713 575 2002 641 habeatis,
2034 576 2140 630 sed
2180 580 2232 631 et
2268 576 2540 631 sedulam
2583 575 3007 642 sinceritatem,
3034 575 3090 629 id
3123 581 3230 638 est,
3266 576 3546 647 simplici-

174 667 354 718 tatem
387 677 460 718 ac
492 662 894 719 innocentiam
930 684 941 722 :
988 670 1052 719 ut
1082 664 1373 720 verberati
1406 680 1474 720 ac
1507 663 2013 736 persecutionibus
2056 665 2319 736 appetiti,
2361 679 2478 718 non
2511 664 2757 719 cessetis
2799 663 3147 718 benefacere
3187 664 3545 719 verberanti-

167 751 303 807 bus.
355 751 428 806 Ut
460 758 656 807 autem
691 759 1004 826 utrumque
1030 754 1134 808 fiat
1181 753 1514 808 secundum
1544 753 1842 819 virtutem,
1875 753 2033 808 adsit
2059 753 2377 824 prudentia
2408 759 2740 825 serpentum
2780 753 2839 808 in
2867 752 3163 808 servando
3192 753 3406 824 capite,
3436 754 3547 809 hoc

167 845 256 896 est
287 840 448 895 ﬁde:
479 846 537 896 et
567 841 916 912 simplicitas
947 842 1262 909 columbae,
1297 842 1357 898 in
1383 859 1500 898 non
1534 842 1830 898 sumenda
1859 841 2076 897 ultione
2106 842 2180 897 de
2221 842 2314 897 his
2356 842 2460 913 qui
2496 843 2773 913 injuriam
2815 843 3102 911 irrogant.
3172 845 3285 896 Nec
3326 842 3440 898 hoc
3470 842 3549 899 ad

170 929 450 1002 quinque
479 945 582 984 seu
631 930 838 986 decem
868 947 1055 987 annos
1081 931 1465 997 servandum,
1491 931 1593 986 sed
1627 947 1810 1002 usque
1839 931 1915 986 ad
1933 935 2218 986 extrmum
2251 931 2525 1003 spiritum
2551 947 2562 986 :
2590 931 2701 985 hoc
2729 931 2887 985 enim
2921 930 3231 1000 signiﬁcat,
3254 931 3420 1002 quod
3463 931 3550 986 di-

173 1019 324 1074 citur
357 1036 371 1073 :
409 1017 526 1085 Qui
563 1019 902 1075 sustinuerit
931 1035 1108 1090 usque
1135 1021 1194 1075 in
1220 1021 1418 1087 ﬁnem,
1449 1019 1546 1074 hic
1572 1019 1763 1074 salvus
1789 1018 1899 1074 erit
1942 1021 2008 1071 η.

242 1109 464 1160 Γίνεσθε
513 1139 583 1148 -
622 1113 939 1181 περιστεραί.
1000 1107 1123 1182 [Καὶ
1182 1109 1294 1181 (21)
1350 1109 1435 1161 ἐπὶ
1490 1117 1588 1160 τῶν
1629 1112 1784 1171 ὄφεων

1967 1109 2132 1165 Vers.
2167 1110 2249 1163 16.
2285 1109 2486 1164 Estote
2511 1140 2570 1151 -—
2608 1109 2911 1166 columba).
2941 1111 2983 1178 -ί-
3017 1108 3080 1162 Et
3111 1109 3205 1164 hic
3232 1109 3289 1164 in
3314 1125 3553 1182 serpen-

176 1205 278 1261 νῦν,
324 1201 425 1248 καὶ
495 1198 582 1250 ἐπὶ
633 1205 725 1250 τοῦ
782 1198 1052 1270 οἰκονόμου
1100 1208 1193 1260 τῆς
1243 1195 1474 1268 ἀδικίας,
1538 1203 1784 1272 φρόνησιν

182 1290 400 1355 νοήσεις,
446 1290 546 1344 τὴν
577 1285 801 1359 φυλακὴν
822 1295 914 1340 τοῦ
945 1287 1134 1340 οἰκείου
1161 1292 1527 1362 συμφέροντος.
1551 1285 1573 1360 ]

245 1464 502 1516 Βούλεται
552 1463 736 1525 αὐτοὺς
778 1470 867 1517 καὶ
925 1483 1162 1526 συνετους
1221 1463 1370 1532 εἶναι,
1422 1467 1552 1539 πρὸς
1606 1467 1662 1516 τό
1712 1469 1780 1536 μὴ

180 1552 506 1610 πλήττεσθαι
583 1558 813 1625 καιρίως,
880 1558 969 1605 καὶ
1035 1552 1342 1628 ἀπόνηρους,
1400 1556 1525 1625 πρὸς
1589 1556 1645 1604 τό
1712 1556 1782 1625 μὴ

175 1649 548 1706 μνησικακεῖν.
604 1641 743 1693 Ἐπεὶ
781 1646 882 1713 γὰρ
939 1646 1183 1715 φρόνιμός
1231 1641 1366 1693 ἐστιν
1397 1644 1422 1692 ό
1467 1646 1594 1713 ὄφις·
1648 1638 1788 1693 διότι

174 1736 522 1802 τυπτόμενος,
577 1733 634 1780 τό
685 1732 773 1800 μεν
831 1729 953 1782 ἄλλο
1005 1739 1155 1802 σῶμα
1220 1733 1474 1805 προίεται,
1529 1735 1688 1802 μόνην
1729 1726 1787 1781 δι

174 1819 440 1891 φυλάσσει
470 1824 562 1875 τὴν
614 1818 856 1889 κεφαλὴν,
927 1815 1073 1879 εἰδὼς
1109 1822 1156 1870 ἐν
1201 1823 1361 1891 ταύτῃ
1423 1825 1550 1891 μόνη
1582 1823 1788 1892 καιρίαν

173 1909 422 1978 γενεσθαι
481 1912 576 1965 την
635 1907 860 1979 πληγήν·
917 1907 1144 1961 inﬁxus:
1194 1910 1468 1980 μιμεῖσθαι
1512 1913 1606 1966 τὴν
1660 1912 1789 1982 φρό-

175 2016 328 2054 νησιν
359 2004 468 2048 τῶν
500 2001 677 2067 ὄφεων,
740 1995 788 2048 ἐν
831 2005 904 2066 τῷ
934 1996 1095 2048 τᾶλλα
1145 1999 1256 2068 μὲν,
1307 2001 1396 2048 καὶ
1426 2002 1660 2068 σώματα,
1703 2001 1792 2047 καὶ

176 2086 389 2156 ψυχὰς,
456 2089 549 2136 καὶ
594 2086 765 2136 πάντα
830 2087 1129 2159 προίεσθαι,
1189 2089 1350 2156 μόνην
1402 2081 1458 2136 3's
1512 2085 1790 2156 φυλάσσειν

179 2179 274 2231 τήν
329 2179 540 2238 πίστιν,
593 2176 658 2233 ὡς
712 2173 954 2245 κεφαλὴν,
1016 2173 1126 2246 ἐνῇ
1185 2179 1313 2246 μόνη
1366 2179 1563 2245 γίνεται
1614 2179 1797 2245 καιρία

181 2263 388 2333 πληγή.
446 2267 546 2314 Καὶ
592 2262 764 2326 πάλιν,
818 2262 1021 2335 ἐπείπερ
1078 2265 1131 2314 αἱ
1168 2267 1491 2337 περιστεραὶ,
1540 2261 1797 2335 ἀφαιρού-

185 2371 340 2423 μεναι
400 2353 470 2402 τὰ
520 2355 690 2416 τέκνα,
751 2350 809 2402 οὗ
863 2360 1280 2416 μνησικακοῦσιν
1335 2359 1439 2411 τοῖς
1498 2350 1794 2422 ἀφελοῦσιδ,

1895 1197 2075 1262 tibus,
2099 1204 2154 1254 et
2182 1198 2314 1253 alibi
2355 1200 2412 1252 in
2446 1213 2761 1254 mconomo
2794 1199 3020 1270 iniquo,
3049 1199 3434 1271 prudentiam
3465 1200 3550 1256 in-

1895 1286 2109 1357 tellige,
2142 1287 2591 1344 observantiam
2621 1302 2830 1343 eorum
2864 1304 3000 1360 quae
3032 1288 3249 1360 cuique
3277 1293 3415 1344 sunt
3445 1289 3555 1344 uti-

1894 1374 2000 1432 lia.

1967 1464 2097 1521 Vult
2122 1465 2286 1538 ipsos
2335 1469 2390 1520 et
2436 1465 2756 1537 prudentes
2798 1482 2946 1535 esse,
2991 1481 3066 1521 ne
3110 1466 3399 1523 letbaliter
3429 1466 3553 1522 vul-

1897 1563 2192 1619 uerentur,
2240 1560 2296 1610 et
2341 1555 2467 1610 sine
2517 1555 2674 1618 vitio,
2721 1571 2794 1609 ne
2843 1555 3124 1626 injuriam
3156 1556 3551 1612 meminerint.

1897 1646 2034 1699 Nam
2053 1645 2196 1714 quia
2208 1643 2472 1715 prudens
2484 1648 2569 1698 est
2584 1658 2851 1714 serpens,
2873 1643 3008 1698 ideo
3027 1659 3164 1699 cum
3190 1644 3554 1711 verberatur,

1897 1733 2044 1788 alias
2090 1732 2322 1804 quidem
2351 1732 2619 1804 corporis
2643 1739 2832 1802 partes
2863 1731 3087 1801 objicit,
3123 1731 3318 1787 solum
3355 1740 3555 1788 autem

1899 1824 2080 1891 caput
2110 1824 2301 1874 servat
2329 1837 2341 1874 :
2377 1822 2566 1875 sciens
2599 1819 2659 1873 in
2691 1819 2817 1874 solo
2847 1835 2917 1874 eo
2947 1819 3156 1875 lethale
3201 1820 3402 1876 inferri
3433 1821 3558 1875 vul-

1900 1924 2038 1963 nus.
2069 1909 2251 1963 Jussit
2279 1923 2420 1977 ergo
2454 1907 2832 1979 prudentiam
2862 1908 3077 1964 imitari
3107 1915 3449 1980 serpentum
3492 1912 3559 1965 ut

1901 1998 2020 2053 alia
2047 1996 2295 2069 quidem
2327 2003 2386 2054 et
2409 2012 2658 2068 corpora
2698 2001 2757 2051 et
2787 1997 3020 2052 animas
3074 2004 3406 2070 casteraque
3455 1997 3561 2054 ob-

1896 2087 2128 2160 jiciant,
2147 2087 2336 2142 solam
2363 2092 2563 2143 autem
2592 2087 2771 2142 fidem
2802 2092 3037 2143 servent
3059 2088 3326 2153 illzesam,
3353 2089 3410 2144 in
3437 2105 3560 2161 qua

1904 2176 2033 2232 sola
2061 2174 2124 2231 ﬁt
2175 2175 2393 2230 vulnus
2421 2175 2662 2234 lethale.
2717 2178 2781 2231 Et
2809 2192 3039 2231 rursum
3067 2178 3210 2249 quia
3240 2178 3557 2244 columbas,

1905 2281 2039 2321 cum
2077 2265 2161 2319 eis
2189 2264 2329 2336 pulli
2368 2265 2733 2329 auferuntur,
2770 2265 3068 2321 malorum
3099 2281 3221 2320 non
3269 2266 3558 2322 memine-

1905 2358 2047 2410 runt
2091 2353 2370 2409 adversus
2405 2369 2508 2409 eos
2535 2353 2640 2425 qui
2688 2353 3074 2419 abstulerunt,
3112 2354 3217 2410 sed
3250 2354 3450 2410 denuo
3478 2355 3557 2411 ad

187 2440 322 2492 ἀλλὰ
377 2445 472 2491 καὶ
526 2444 829 2514 προσίενται
888 2443 1102 2501 τούτους
1168 2436 1337 2508 αὖθις,
1391 2439 1486 2491 κᾶν
1552 2439 1798 2500 πολλάκις

1915 2459 2010 2500 eos
2042 2442 2354 2508 accedunt,
2387 2443 2522 2498 licet
2547 2442 2767 2514 saepius
2804 2442 3076 2499 auferant
3108 2460 3121 2508 ;
3151 2443 3321 2514 jubet
3342 2444 3560 2500 horum

188 2528 474 2602 ἀφελωσιν,
507 2527 762 2580 ἐπιτάττει
818 2528 1002 2591 ζηλοῦν
1047 2535 1135 2581 καὶ
1190 2534 1283 2587 τὴν
1340 2532 1532 2580 τούτων
1564 2527 1802 2602 ἀκεραιό-

185 2638 348 2685 τητα,
407 2621 698 2684 τουτέστιν,
775 2615 1014 2683 ἀκακίαν,
1097 2617 1143 2669 ἒν
1187 2626 1256 2688 τῷ
1314 2623 1384 2690 μὴ
1458 2625 1797 2689 μνησικακεῖν

187 2713 299 2768 τοῖς
351 2702 658 2775 ἀδικοῦσιν,
713 2705 840 2758 ἀλλὰ
918 2711 1008 2758 καὶ
1067 2708 1380 2779 προσίεσθαι
1434 2710 1646 2769 τούτους
1708 2711 1797 2758 καὶ

190 2800 376 2866 φιλεῖν.

261 2889 369 2936 Καὶ
418 2887 516 2955 ὅρα
572 2887 775 2956 σοφίαν.
854 2885 986 2940 Οὔτε
1043 2887 1144 2957 γὰρ
1203 2889 1297 2943 τὴν
1347 2890 1594 2958 φρόνησιν
1637 2891 1796 2959 μόνην

187 2984 287 3024 τῶν
333 2977 494 3044 ὄφεων
541 2974 818 3044 μιμεῖσθαι
875 2974 1208 3046 προσέταξεν,
1268 2977 1382 3026 οὔτε
1432 2980 1524 3033 την
1563 2975 1794 3050 ἀκεραιό-

189 3082 329 3120 τητα
384 3065 548 3133 μόνην
605 3070 704 3112 τῶν
775 3070 1112 3134 περιστερῶν,
1172 3061 1280 3113 ἀλλ’
1337 3062 1572 3137 ἐκέρασεν
1632 3065 1795 3137 ἀμφο-

189 3157 363 3224 τέρας,
393 3147 536 3202 διότι
587 3155 712 3221 μίαν
744 3148 1027 3224 ἀμφότεραι
1079 3159 1318 3204 ποιοῦσιν
1367 3151 1571 3226 ἀρετήν.
1629 3151 1796 3206 Οὐδὲν

189 3245 289 3314 γὰρ
369 3238 548 3311 ὄφελος
593 3247 687 3301 τῆς
757 3243 1004 3302 τοιαύτης
1085 3247 1399 3314 φρονήσεως,
1455 3241 1540 3294 ἐάν
1597 3243 1702 3314 ἀπῇ
1765 3244 1793 3301 ἠ

192 3329 314 3403 ἰαερ
322 3333 477 3386 αιότη
488 3349 528 3389 ς.

259 3419 449 3490 Ἡμεῖς
505 3413 564 3468 δε
619 3419 972 3490 μιμησὼμεθα
1027 3423 1112 3470 καὶ
1190 3418 1347 3476 ἄλλην
1409 3423 1657 3491 φρόνησιν
1708 3427 1799 3472 τοῦ

194 3513 375 3581 ὄφεως.
460 3504 658 3577 Ὠσπερ
723 3508 824 3580 γὰρ
896 3506 1102 3573 ἐκεῖνος,
1162 3512 1281 3559 ὅταν
1354 3511 1590 3583 γηράσῃ,
1643 3518 1800 3580 στενῷ

191 3602 336 3667 τόπῳ
416 3592 620 3669 διείρας
697 3594 894 3666 ἑαυτὸν,
984 3595 1260 3659 ἀποξύεται
1338 3603 1428 3656 τὴν
1529 3599 1800 3671 λεγομένην

191 3681 477 3756 λεϐηρίδα,
506 3684 620 3755 (2'2)
669 3689 802 3756 φημὶ
844 3681 930 3753 δὴ,
974 3690 1067 3743 τὴν
1121 3683 1521 3762 ἐπιδερματίδα,
1569 3691 1682 3759 (23)
1711 3693 1799 3740 καὶ

1905 2548 2148 2605 quoque
2202 2531 2635 2602 simplicitatem
2683 2531 2920 2601 imitari,
2968 2532 3081 2588 hoc
3129 2537 3235 2596 est,
3279 2533 3561 2588 innocen-

1904 2622 2070 2686 tiam,
2120 2621 2177 2676 in
2210 2635 2325 2675 non
2369 2620 2748 2675 vindicandis
2788 2620 3036 2692 injuriis,
3071 2621 3175 2677 sed
3215 2621 3557 2679 accedendo

1906 2712 1980 2767 ad
2014 2726 2116 2767 eos
2144 2711 2246 2783 qui
2285 2710 2576 2776 lmserunt,
2610 2710 2852 2783 illosque
2879 2711 3167 2768 amando.

1978 2891 2052 2948 Et
2087 2889 2223 2945 vide
2275 2889 2658 2960 sapientiam.
2714 2889 3017 2963 Siquidem
3052 2907 3170 2946 non
3220 2891 3412 2946 solam
3444 2907 3561 2947 ser-

1906 2984 2152 3051 pentum
2179 2979 2557 3051 prudentiam
2577 2980 2750 3049 jussit
2776 2979 3011 3048 imitari,
3035 2996 3228 3052 neque
3249 2980 3438 3036 solam
3466 2996 3561 3038 co-

1905 3067 2247 3123 lumbarum
2291 3067 2750 3141 simplicitatem,
2794 3069 2897 3122 sed
2935 3074 3248 3140 utramque
3293 3069 3551 3127 miscuit.

1906 3159 2053 3211 Nam
2085 3155 2276 3210 ambae
2324 3171 2506 3210 unam
2544 3154 2720 3208 simul
2765 3155 3028 3210 efficiunt
3071 3157 3368 3212 virtutem.
3398 3156 3562 3213 Nulla

1906 3245 2066 3300 enim
2098 3245 2284 3315 ipsius
2317 3244 2642 3316 prudentiae
2665 3249 2752 3297 est
2777 3244 3016 3309 utilitas,
3049 3246 3095 3298 si
3129 3245 3374 3300 defuerit
3395 3245 3563 3301 inno-

1907 3333 2121 3388 centia.

1978 3424 2093 3476 Nos
2136 3436 2276 3475 vero
2321 3431 2376 3475 et
2417 3420 2593 3476 aliam
2647 3421 2928 3491 serpentis
2982 3421 3284 3476 imitemur
3308 3421 3568 3492 pruden-

1909 3509 2078 3565 tiam.
2119 3511 2264 3564 Nam
2302 3510 2452 3563 sicut
2499 3507 2592 3562 ille
2635 3507 2736 3563 ubi
2775 3512 3050 3574 senuerit,
3081 3524 3184 3580 per
3243 3509 3443 3563 locum
3471 3525 3568 3564 an-

1909 3604 2152 3669 gustum
2183 3600 2501 3664 transiens,
2548 3598 2813 3670 seipsum
2857 3597 3132 3665 leberide,
3167 3598 3280 3654 hoc
3309 3602 3418 3664 est,
3453 3613 3565 3654 suo

1910 3689 2117 3744 exuvio
2143 3705 2211 3744 ac
2243 3688 2393 3760 pelle
2441 3688 2672 3760 spoliat,
2707 3695 2761 3742 et
2792 3688 2871 3745 ita
2899 3687 3136 3743 validus
3167 3687 3414 3744 efficitur
3445 3704 3458 3742 :
3487 3688 3570 3744 ita

189 3781 396 3846 γίνεται
448 3774 709 3845 σθεναρὸς
780 3777 912 3824 οὕτω
980 3779 1066 3825 καὶ
1129 3775 1296 3842 αὐτοὶ,
1368 3779 1690 3851 γηράσαντες
1736 3785 1796 3848 τῇ

1915 3794 2152 3850 quoque
2205 3793 2337 3847 nos,
2390 3777 2492 3850 qui
2541 3783 2826 3833 vetustate
2871 3777 3186 3833 affectuum
3234 3776 3568 3846 senuimus,

189 3863 517 3918 παλαιότητι
575 3870 672 3912 τῶν
732 3863 929 3927 παθῶν,
982 3862 1273 3935 ἐμϐάλωμεν
1327 3864 1537 3926 ἑαυτοὺς
1586 3866 1658 3927 εἰς
1708 3871 1801 3924 τὴν

194 3957 387 4008 στενὴν
445 3954 525 4001 καὶ
607 3951 944 4023 τεθλιμμένην
1024 3952 1304 4023 πολιτείαν,
1359 3959 1448 4007 καὶ
1501 3952 1574 4007 δι’
1641 3956 1802 4017 αὐτῆς

191 4040 561 4103 ἁποξύσαντες
586 4043 670 4091 τὸν
726 4039 1145 4115 πεπαλαιωμένον
1200 4053 1404 4114 χιτῶνα
1459 4053 1554 4106 τῆς
1595 4043 1802 4117 ψυχῆς,

194 4131 463 4189 εὐσθενεῖς
507 4130 790 4200 ⁶γενώμεθα.

267 4226 383 4272 Νῦν
451 4220 540 4289 μὲν
599 4213 686 4268 οὖν
747 4218 817 4280 εἰς
890 4218 1044 4271 καλὸν
1117 4218 1456 4295 παράδειγμα
1502 4227 1617 4284 τοὺς
1675 4228 1808 4296 ὄφεις

195 4313 288 4360 καὶ
343 4309 442 4366 τὰς
498 4309 805 4380 περιστερὰς
876 4307 1068 4361 ἔλαϐεν·
1123 4308 1357 4381 ἀλλαχοῦ
1391 4309 1450 4364 δε
1495 4312 1683 4384 μᾶλλον
1739 4313 1810 4374 εἰς

195 4400 365 4448 κακόν
416 4394 738 4466 ἐλήφθησαν.
815 4399 1128 4458 Κακίζονται
1203 4403 1301 4474 γὰρ
1390 4398 1658 4467 Ἰουδαῖοι,
1742 4404 1808 4464 ὡς

199 4492 364 4567 ὄφεις,
420 4490 718 4556 γεννήματα
769 4483 1014 4556 ἐχιδνῶν
1058 4493 1146 4540 καὶ
1201 4487 1532 4542 διαϐάλλεται
1565 4493 1806 4565 Ἐφραίμ,

200 4577 270 4635 ὡς
326 4576 617 4646 περιστερὰ
677 4575 846 4640 οἴνους,
922 4576 1014 4627 οὐκ
1073 4579 1278 4647 ἔχουσα
1351 4576 1593 4652 καρδίαν.
1653 4583 1812 4632 Εἰωθε

200 4665 305 4736 γὰρ
369 4660 621 4722 πολλάκις
674 4665 703 4720 ἠ
775 4669 949 4738 Γραφὴ
1007 4661 1292 4740 διαφόρους
1351 4668 1550 4729 εἰκόνας
1600 4667 1651 4730 ἐξ
1707 4670 1814 4732 ἑνός

205 4754 344 4811 ςὼου
399 4757 684 4824 παριστᾴν,
741 4753 861 4804 ὅταν
910 4751 1068 4806 ἐκεῖνο
1118 4759 1206 4806 καὶ
1265 4757 1545 4828 θαυμαστὰ
1573 4760 1696 4830 ἔχη,
1725 4763 1814 4810 καὶ

209 4843 414 4914 πονηρά
463 4839 900 4912 πλεονεκτήματα.
989 4847 1090 4895 Καὶ
1137 4846 1236 4915 γὰρ
1302 4843 1424 4897 λέων
1475 4849 1585 4917 μεν,
1644 4851 1734 4898 καὶ
1790 4848 1815 4898 ό

211 4931 469 5005 Χριστὸς,
513 4931 648 4981 κατὰ
685 4933 742 4981 τό
797 4929 1072 5003 βασιλικόν
1103 4937 1191 4984 καὶ
1247 4934 1479 5005 ἄμαχονο
1521 4936 1816 4988 Ἀνάπεσών

212 5021 334 5094 γὰρ,
395 5021 580 5091 φησὶν,
625 5016 902 5092 ἕκοιμὴθη,
965 5023 1032 5083 ὡς
1083 5020 1226 5075 λέων·
1278 5027 1398 5075 λέων
1461 5019 1519 5076 δι
1548 5029 1636 5077 καὶ
1680 5027 1705 5077 ό
1738 5021 1796 5078 δί

1926 5024 2276 5096 dignitatem
2330 5028 2387 5079 et
2438 5020 3073 5094 inexpugnabilitatem
3135 5037 3147 5076 :

282 5198 332 5235 ³⁸
359 5198 504 5258 Luc.
543 5213 662 5267 xvi,
690 5203 749 5258 3.
870 5202 914 5238 ¹τ
945 5199 1108 5275 Osee,
1141 5219 1238 5270 vn,
1278 5205 1362 5262 11.

1911 3867 2250 3937 injiciamus
2291 3883 2401 3922 nos
2432 3866 2598 3939 ipsos
2629 3867 2687 3921 in
2709 3871 3028 3937 angustum
3061 3867 3450 3938 strictumque
3488 3866 3572 3920 vi-

1912 3957 2088 4012 vendi
2141 3957 2425 4013 modum:
2460 3961 2517 4012 et
2566 3972 2669 4029 per
2720 3957 2880 4012 hunc
2907 3961 3085 4013 exuta
3135 3957 3316 4012 veteri
3355 3955 3571 4012 animus

1912 4049 2096 4110 veste,
2128 4047 2353 4102 robusti
2385 4043 2742 4102 efficiamur.

1987 4223 2152 4278 Nunc
2189 4223 2389 4295 itaque
2429 4223 2486 4278 in
2523 4224 2774 4288 bonum,
2809 4226 3112 4292 serpentes
3143 4225 3318 4290 atque
3351 4220 3576 4274 colum-

1917 4310 2051 4377 bas,
2102 4312 2373 4381 exemplo
2409 4313 2672 4383 accepit:
2717 4310 2856 4363 alibi
2913 4324 3048 4362 vero
3099 4307 3156 4361 in
3192 4306 3420 4361 malum
3470 4321 3572 4377 po-

1919 4399 2031 4454 tius
2088 4404 2330 4470 sumpta
2379 4405 2534 4453 sunt.
2591 4402 2737 4453 Nam
2787 4396 3180 4467 reprobantur
3235 4393 3574 4449 Judaaitan-

1918 4503 2102 4560 quam
2136 4492 2437 4559 serpentes
2470 4492 2524 4542 et
2567 4488 2911 4557 viperarum
2945 4483 3256 4556 progenies
3290 4499 3302 4537 :
3340 4488 3395 4537 et
3423 4481 3578 4536 male

1920 4579 2087 4634 audit
2137 4577 2436 4649 Ephraim,
2482 4579 2649 4648 quasi
2695 4576 2959 4632 columba
3004 4576 3262 4640 demens,
3308 4589 3432 4646 qua?
3463 4588 3578 4628 non

1922 4668 2121 4724 habeat
2162 4684 2255 4722 cor
2299 4669 2364 4720 ιτ.
2393 4667 2554 4722 Solet
2597 4667 2756 4722 enim
2788 4666 3126 4737 frequenter
3157 4665 3455 4734 Scriptura
3501 4662 3581 4718 ab

1922 4758 2134 4814 eodem
2149 4756 2391 4812 animali
2406 4755 2742 4811 differentes
2757 4756 3067 4809 ostendere
3082 4753 3580 4824 comparationes,

1923 4847 2170 4919 quando
2197 4845 2337 4900 illud
2370 4847 2562 4900 bonas
2589 4842 2765 4899 simul
2792 4849 2847 4898 et
2880 4843 3068 4898 malas
3088 4841 3268 4898 habet
3297 4840 3584 4896 conditio-

1925 4951 2055 4990 nes.
2095 4938 2242 4990 Nam
2289 4940 2345 4989 et
2385 4933 2648 4988 Christus
2687 4931 2900 4987 dicitur
2948 4921 3048 4987 leo
3092 4933 3334 5004 propter
3362 4928 3586 4998 regiam

3207 5018 3583 5083 Recumbens,

1429 5381 1652 5452 Variae
1692 5382 2020 5451 lectiones
2061 5388 2130 5450 et
2154 5390 2358 5450 notae.

286 5572 402 5718 $21)
441 5573 639 5631 Codex
667 5579 915 5648 uterque
944 5576 1176 5636 inclusa
1204 5577 1388 5636 habet
1435 5579 1495 5637 in
1526 5580 1816 5654 margine.

313 5650 402 5718 ‘22)
445 5641 762 5718 δερματίδα.
798 5654 861 5702 Α.

313 5641 402 5718 ‘22)
445 5641 762 5722 δερματίδα.
798 5641 837 5702 A-
849 5686 861 5699 .

2002 5579 2111 5651 (23)
2175 5580 2493 5651 Utrumque
2546 5577 2928 5651 vocabulum,

2997 5573 3220 5702 lsgngig,
3283 5577 3339 5630 et
3388 5566 3566 5650 ἐπιθερ

3018 5663 3084 5702 n.
3159 5650 3214 5702 4.

1931 5649 2293 5717 partehabet
2324 5649 2632 5708 Fretianus
2647 5650 2710 5708 in
2740 5650 2985 5714 Glossis,
3018 5663 3084 5722 p.
3118 5649 3187 5704 3i
