  <div class='ocr_page' id='page_1' title='image "/cluster/home/n/w/nwhite01/storage/ocr_20150623/129/hvd.32044019208511/187.png"; bbox 0 0 4170 6448; ppageno 0'>
   <div class='ocr_carea' id='block_1_1' title="bbox 639 321 4010 406">
    <p class='ocr_par' dir='ltr' id='par_1_1' title="bbox 639 321 4010 406">
     <span class='ocr_line' id='line_1_1' title="bbox 639 321 4010 406; baseline 0.013 -46"><span class='ocrx_word' id='word_1_1' title='bbox 639 324 746 380; x_wconf 74' lang='lat'><strong>335</strong></span> <span class='ocrx_word' id='word_1_2' title='bbox 1959 321 2310 380; x_wconf 85' lang='lat' dir='ltr'><strong>EUTHYMII</strong></span> <span class='ocrx_word' id='word_1_3' title='bbox 2351 324 2680 384; x_wconf 84' lang='lat' dir='ltr'><strong>ZlGABENl</strong></span> <span class='ocrx_word' id='word_1_4' title='bbox 3892 343 4010 406; x_wconf 84' lang='lat'><strong>336</strong></span> 
     </span>
    </p>
   </div>
   <div class='ocr_carea' id='block_1_2' title="bbox 635 445 2282 542">
    <p class='ocr_par' dir='ltr' id='par_1_2' title="bbox 635 445 2282 520">
     <span class='ocr_line' id='line_1_2' title="bbox 635 445 2282 520; baseline 0.002 -19"><span class='ocrx_word' id='word_1_5' title='bbox 635 446 845 520; x_wconf 86' lang='lat' dir='ltr'><strong>inquit,</strong></span> <span class='ocrx_word' id='word_1_6' title='bbox 901 447 1173 504; x_wconf 78' lang='lat' dir='ltr'><strong>dormivit</strong></span> <span class='ocrx_word' id='word_1_7' title='bbox 1230 452 1296 502; x_wconf 87' lang='lat' dir='ltr'><strong>ut</strong></span> <span class='ocrx_word' id='word_1_8' title='bbox 1342 447 1450 513; x_wconf 88' lang='lat' dir='ltr'><strong>leo,</strong></span> <span class='ocrx_word' id='word_1_9' title='bbox 1509 445 1640 517; x_wconf 91' lang='lat' dir='ltr'><strong>quis</strong></span> <span class='ocrx_word' id='word_1_10' title='bbox 1666 445 1965 503; x_wconf 80' lang='lat' dir='ltr'><strong>suscitabit</strong></span> <span class='ocrx_word' id='word_1_11' title='bbox 2014 462 2146 504; x_wconf 91' lang='lat' dir='ltr'><strong>eum</strong></span> <span class='ocrx_word' id='word_1_12' title='bbox 2189 449 2282 504; x_wconf 67' lang='lat'><strong>1°?</strong></span> 
     </span>
    </p>
   </div>
   <div class='ocr_carea' id='block_1_3' title="bbox 2353 445 4000 542">
    <p class='ocr_par' dir='ltr' id='par_1_3' title="bbox 2353 457 4000 542">
     <span class='ocr_line' id='line_1_3' title="bbox 2353 457 4000 542; baseline 0.013 -38"><span class='ocrx_word' id='word_1_13' title='bbox 2353 469 2557 516; x_wconf 69' lang='grc' dir='ltr'>ικαιος,</span> <span class='ocrx_word' id='word_1_14' title='bbox 2590 458 2724 506; x_wconf 88' lang='grc' dir='ltr'><strong>κατά</strong></span> <span class='ocrx_word' id='word_1_15' title='bbox 2752 458 2809 507; x_wconf 88' lang='grc' dir='ltr'>τὸ</span> <span class='ocrx_word' id='word_1_16' title='bbox 2863 457 3336 532; x_wconf 80' lang='grc' dir='ltr'>εύπαρῥησίαστον.</span> <span class='ocrx_word' id='word_1_17' title='bbox 3396 469 3603 528; x_wconf 77' lang='grc' dir='ltr'><strong>Δίκαιος</strong></span> <span class='ocrx_word' id='word_1_18' title='bbox 3645 472 3768 542; x_wconf 82' lang='grc' dir='ltr'>γὰρ,</span> <span class='ocrx_word' id='word_1_19' title='bbox 3813 479 4000 542; x_wconf 75' lang='grc' dir='ltr'>φησὶν,</span> 
     </span>
    </p>
   </div>
   <div class='ocr_carea' id='block_1_4' title="bbox 627 535 2274 621">
    <p class='ocr_par' dir='ltr' id='par_1_4' title="bbox 627 535 2274 607">
     <span class='ocr_line' id='line_1_4' title="bbox 627 535 2274 607; baseline 0 -15"><span class='ocrx_word' id='word_1_20' title='bbox 627 537 832 592; x_wconf 81' lang='lat' dir='ltr'><strong>Justus</strong></span> <span class='ocrx_word' id='word_1_21' title='bbox 879 537 1058 593; x_wconf 88' lang='lat' dir='ltr'><strong>etiam</strong></span> <span class='ocrx_word' id='word_1_22' title='bbox 1102 536 1196 592; x_wconf 92' lang='lat' dir='ltr'><strong>leo</strong></span> <span class='ocrx_word' id='word_1_23' title='bbox 1247 540 1513 600; x_wconf 81' lang='lat' dir='ltr'><strong>vocatur,</strong></span> <span class='ocrx_word' id='word_1_24' title='bbox 1572 541 1804 607; x_wconf 82' lang='lat' dir='ltr'><strong>propter</strong></span> <span class='ocrx_word' id='word_1_25' title='bbox 1860 535 2274 594; x_wconf 74' lang='lat' dir='ltr'><strong>fortitudinem.</strong></span> 
     </span>
    </p>
   </div>
   <div class='ocr_carea' id='block_1_5' title="bbox 2356 535 4003 621">
    <p class='ocr_par' dir='ltr' id='par_1_5' title="bbox 2397 541 4003 621">
     <span class='ocr_line' id='line_1_5' title="bbox 2397 541 4003 621; baseline 0.015 -31"><span class='ocrx_word' id='word_1_26' title='bbox 2397 543 2463 601; x_wconf 85' lang='grc' dir='ltr'>ὡς</span> <span class='ocrx_word' id='word_1_27' title='bbox 2504 541 2624 593; x_wconf 76' lang='grc' dir='ltr'>λέων</span> <span class='ocrx_word' id='word_1_28' title='bbox 2661 547 2889 598; x_wconf 86' lang='grc' dir='ltr'>πέποιθε·</span> <span class='ocrx_word' id='word_1_29' title='bbox 2962 547 3083 600; x_wconf 78' lang='grc' dir='ltr'>λέων</span> <span class='ocrx_word' id='word_1_30' title='bbox 3123 546 3182 602; x_wconf 72' lang='grc' dir='ltr'>δὲ</span> <span class='ocrx_word' id='word_1_31' title='bbox 3234 556 3322 604; x_wconf 85' lang='grc' dir='ltr'>καὶ</span> <span class='ocrx_word' id='word_1_32' title='bbox 3377 555 3402 605; x_wconf 82' lang='grc' dir='ltr'><strong><em>ὁ</em></strong></span> <span class='ocrx_word' id='word_1_33' title='bbox 3444 551 3706 621; x_wconf 84' lang='grc' dir='ltr'>διάϐολος,</span> <span class='ocrx_word' id='word_1_34' title='bbox 3749 564 3887 612; x_wconf 86' lang='grc' dir='ltr'><strong>κατά</strong></span> <span class='ocrx_word' id='word_1_35' title='bbox 3945 567 4003 614; x_wconf 88' lang='grc' dir='ltr'>τὸ</span> 
     </span>
    </p>
   </div>
   <div class='ocr_carea' id='block_1_6' title="bbox 626 623 2273 719">
    <p class='ocr_par' dir='ltr' id='par_1_6' title="bbox 626 623 2273 696">
     <span class='ocr_line' id='line_1_6' title="bbox 626 623 2273 696; baseline 0.002 -16"><span class='ocrx_word' id='word_1_36' title='bbox 626 625 850 691; x_wconf 87' lang='lat' dir='ltr'><strong>Justus,</strong></span> <span class='ocrx_word' id='word_1_37' title='bbox 883 624 977 689; x_wconf 85' lang='lat' dir='ltr'><strong>ait,</strong></span> <span class='ocrx_word' id='word_1_38' title='bbox 1012 628 1184 696; x_wconf 84' lang='lat' dir='ltr'><strong>quasi</strong></span> <span class='ocrx_word' id='word_1_39' title='bbox 1209 624 1294 682; x_wconf 89' lang='lat' dir='ltr'><strong>leo</strong></span> <span class='ocrx_word' id='word_1_40' title='bbox 1311 623 1552 693; x_wconf 78' lang='lat' dir='ltr'><strong>conﬁdit</strong></span> <span class='ocrx_word' id='word_1_41' title='bbox 1576 626 1649 680; x_wconf 84' lang='grc'><strong>¹⁹.</strong></span> <span class='ocrx_word' id='word_1_42' title='bbox 1675 624 1961 682; x_wconf 64' lang='lat' dir='ltr'><strong>Praeterea</strong></span> <span class='ocrx_word' id='word_1_43' title='bbox 1990 631 2046 681; x_wconf 90' lang='lat' dir='ltr'><strong>et</strong></span> <span class='ocrx_word' id='word_1_44' title='bbox 2078 626 2273 684; x_wconf 29' lang='lat' dir='ltr'><strong>diabo‘</strong></span> 
     </span>
    </p>
   </div>
   <div class='ocr_carea' id='block_1_7' title="bbox 2357 623 4004 719">
    <p class='ocr_par' dir='ltr' id='par_1_7' title="bbox 2397 627 4004 719">
     <span class='ocr_line' id='line_1_7' title="bbox 2397 627 4004 719; baseline 0.016 -40"><span class='ocrx_word' id='word_1_45' title='bbox 2397 627 2647 704; x_wconf 76' lang='grc' dir='ltr'>ἀνήμερον</span> <span class='ocrx_word' id='word_1_46' title='bbox 2698 638 2785 685; x_wconf 86' lang='grc' dir='ltr'>καὶ</span> <span class='ocrx_word' id='word_1_47' title='bbox 2840 635 3134 710; x_wconf 82' lang='grc' dir='ltr'>αἱμοϐόρον·</span> <span class='ocrx_word' id='word_1_48' title='bbox 3168 639 3270 702; x_wconf 66' lang='grc' dir='ltr'><strong>⁷Ως</strong></span> <span class='ocrx_word' id='word_1_49' title='bbox 3324 641 3444 694; x_wconf 82' lang='grc' dir='ltr'>λέων</span> <span class='ocrx_word' id='word_1_50' title='bbox 3491 648 3616 719; x_wconf 82' lang='grc' dir='ltr'>γαρ,</span> <span class='ocrx_word' id='word_1_51' title='bbox 3675 653 3832 718; x_wconf 80' lang='grc' dir='ltr'>φησὶ,</span> <span class='ocrx_word' id='word_1_52' title='bbox 3903 671 4004 704; x_wconf 82' lang='grc' dir='ltr'>πε-</span> 
     </span>
    </p>
   </div>
   <div class='ocr_carea' id='block_1_8' title="bbox 624 712 2271 801">
    <p class='ocr_par' dir='ltr' id='par_1_8' title="bbox 624 712 2271 786">
     <span class='ocr_line' id='line_1_8' title="bbox 624 712 2271 786; baseline 0.003 -19"><span class='ocrx_word' id='word_1_53' title='bbox 624 713 718 768; x_wconf 92' lang='lat' dir='ltr'><strong>lus</strong></span> <span class='ocrx_word' id='word_1_54' title='bbox 747 713 840 770; x_wconf 92' lang='lat' dir='ltr'><strong>leo</strong></span> <span class='ocrx_word' id='word_1_55' title='bbox 887 713 1122 780; x_wconf 83' lang='lat' dir='ltr'><strong>dicitur,</strong></span> <span class='ocrx_word' id='word_1_56' title='bbox 1157 729 1227 770; x_wconf 90' lang='lat' dir='ltr'><strong>eo</strong></span> <span class='ocrx_word' id='word_1_57' title='bbox 1257 714 1422 786; x_wconf 91' lang='lat' dir='ltr'><strong>quod</strong></span> <span class='ocrx_word' id='word_1_58' title='bbox 1452 712 1702 769; x_wconf 84' lang='lat' dir='ltr'><strong>immitis</strong></span> <span class='ocrx_word' id='word_1_59' title='bbox 1735 714 1807 768; x_wconf 90' lang='lat' dir='ltr'><strong>sit</strong></span> <span class='ocrx_word' id='word_1_60' title='bbox 1831 729 1901 770; x_wconf 92' lang='lat' dir='ltr'><strong>ac</strong></span> <span class='ocrx_word' id='word_1_61' title='bbox 1928 716 2271 784; x_wconf 84' lang='lat' dir='ltr'><strong>sanguinem</strong></span> 
     </span>
    </p>
   </div>
   <div class='ocr_carea' id='block_1_9' title="bbox 1601 712 3248 801">
    <p class='ocr_par' dir='ltr' id='par_1_9' title="bbox 1605 712 3248 801">
     <span class='ocr_line' id='line_1_9' title="bbox 1605 712 3248 801; baseline 0.008 -33"><span class='ocrx_word' id='word_1_62' title='bbox 1605 712 1702 769; x_wconf 85' lang='lat' dir='ltr'><strong>itis</strong></span> <span class='ocrx_word' id='word_1_63' title='bbox 1735 714 1807 768; x_wconf 88' lang='lat' dir='ltr'><strong>sit</strong></span> <span class='ocrx_word' id='word_1_64' title='bbox 1831 729 1901 770; x_wconf 92' lang='lat' dir='ltr'><strong>ac</strong></span> <span class='ocrx_word' id='word_1_65' title='bbox 1928 716 2283 784; x_wconf 84' lang='lat' dir='ltr'><strong>sanguinem</strong></span> <span class='ocrx_word' id='word_1_66' title='bbox 2391 728 2620 790; x_wconf 81' lang='grc' dir='ltr'>ριπατεῖ,</span> <span class='ocrx_word' id='word_1_67' title='bbox 2646 722 2816 782; x_wconf 77' lang='grc' dir='ltr'>ζητῶν</span> <span class='ocrx_word' id='word_1_68' title='bbox 2847 731 2961 777; x_wconf 91' lang='grc' dir='ltr'>τίνα</span> <span class='ocrx_word' id='word_1_69' title='bbox 2995 733 3248 801; x_wconf 73' lang='grc' dir='ltr'>καταπίῃ.</span> 
     </span>
    </p>
   </div>
   <div class='ocr_carea' id='block_1_10' title="bbox 622 802 2283 875">
    <p class='ocr_par' dir='ltr' id='par_1_10' title="bbox 622 802 2283 875">
     <span class='ocr_line' id='line_1_10' title="bbox 622 802 2283 875; baseline 0.003 -18"><span class='ocrx_word' id='word_1_70' title='bbox 622 805 810 860; x_wconf 89' lang='lat' dir='ltr'><strong>voret.</strong></span> <span class='ocrx_word' id='word_1_71' title='bbox 859 802 930 860; x_wconf 87' lang='lat' dir='ltr'><strong>Ut</strong></span> <span class='ocrx_word' id='word_1_72' title='bbox 972 802 1074 870; x_wconf 86' lang='lat' dir='ltr'><strong>leo,</strong></span> <span class='ocrx_word' id='word_1_73' title='bbox 1106 802 1317 875; x_wconf 88' lang='lat' dir='ltr'>inquit,</span> <span class='ocrx_word' id='word_1_74' title='bbox 1363 802 1686 860; x_wconf 76' lang='lat' dir='ltr'><strong>obambulat</strong></span> <span class='ocrx_word' id='word_1_75' title='bbox 1715 818 1970 874; x_wconf 78' lang='lat' dir='ltr'><strong>quaerens</strong></span> <span class='ocrx_word' id='word_1_76' title='bbox 2000 820 2165 875; x_wconf 85' lang='lat' dir='ltr'><strong>quem</strong></span> <span class='ocrx_word' id='word_1_77' title='bbox 2188 806 2283 862; x_wconf 88' lang='lat' dir='ltr'><strong>de-</strong></span> 
     </span>
    </p>
   </div>
   <div class='ocr_carea' id='block_1_11' title="bbox 620 893 953 949">
    <p class='ocr_par' dir='ltr' id='par_1_11' title="bbox 620 893 953 949">
     <span class='ocr_line' id='line_1_11' title="bbox 620 893 953 949; baseline 0.006 -2"><span class='ocrx_word' id='word_1_78' title='bbox 620 895 773 949; x_wconf 85' lang='lat' dir='ltr'><strong>voret</strong></span> <span class='ocrx_word' id='word_1_79' title='bbox 802 893 927 948; x_wconf 80' lang='grc' dir='ltr'><strong>²ο.⁸⁰</strong></span> <span class='ocrx_word' id='word_1_80' title='bbox 941 937 953 949; x_wconf 97' lang='grc'><strong>.</strong></span> 
     </span>
    </p>
   </div>
   <div class='ocr_carea' id='block_1_12' title="bbox 691 975 2338 1054">
    <p class='ocr_par' dir='ltr' id='par_1_12' title="bbox 691 981 2278 1039">
     <span class='ocr_line' id='line_1_12' title="bbox 691 981 2278 1039; baseline 0.003 -4"><span class='ocrx_word' id='word_1_81' title='bbox 691 983 858 1037; x_wconf 82' lang='lat' dir='ltr'><strong>Vers.</strong></span> <span class='ocrx_word' id='word_1_82' title='bbox 897 981 1296 1038; x_wconf 83' lang='lat' dir='ltr'><strong>l7.Attendite</strong></span> <span class='ocrx_word' id='word_1_83' title='bbox 1341 1013 1409 1022; x_wconf 94' lang='lat'><strong>—-</strong></span> <span class='ocrx_word' id='word_1_84' title='bbox 1452 997 1571 1038; x_wconf 88' lang='lat' dir='ltr'><strong>vos.</strong></span> <span class='ocrx_word' id='word_1_85' title='bbox 1623 982 1884 1038; x_wconf 70' lang='lat' dir='ltr'><strong>Praedicit</strong></span> <span class='ocrx_word' id='word_1_86' title='bbox 1925 983 2010 1038; x_wconf 91' lang='lat' dir='ltr'><strong>eis</strong></span> <span class='ocrx_word' id='word_1_87' title='bbox 2049 982 2278 1039; x_wconf 87' lang='lat' dir='ltr'><strong>futuras</strong></span> 
     </span>
    </p>
   </div>
   <div class='ocr_carea' id='block_1_13' title="bbox 2350 975 3997 1054">
    <p class='ocr_par' dir='ltr' id='par_1_13' title="bbox 2464 975 3997 1054">
     <span class='ocr_line' id='line_1_13' title="bbox 2464 975 3997 1054; baseline 0.016 -33"><span class='ocrx_word' id='word_1_88' title='bbox 2464 975 2757 1042; x_wconf 72' lang='grc' dir='ltr'><strong>Προσέχετε</strong></span> <span class='ocrx_word' id='word_1_89' title='bbox 2820 1006 2886 1013; x_wconf 92' lang='lat'>—</span> <span class='ocrx_word' id='word_1_90' title='bbox 2968 978 3120 1048; x_wconf 74' lang='grc' dir='ltr'>ὑμᾶς.</span> <span class='ocrx_word' id='word_1_91' title='bbox 3185 985 3546 1054; x_wconf 71' lang='grc' dir='ltr'>Προαναφωνεῖ</span> <span class='ocrx_word' id='word_1_92' title='bbox 3609 989 3810 1050; x_wconf 78' lang='grc' dir='ltr'><strong>τούτοις</strong></span> <span class='ocrx_word' id='word_1_93' title='bbox 3873 996 3997 1053; x_wconf 88' lang='grc' dir='ltr'>τούς</span> 
     </span>
    </p>
   </div>
   <div class='ocr_carea' id='block_1_14' title="bbox 617 1058 2264 1148">
    <p class='ocr_par' dir='ltr' id='par_1_14' title="bbox 617 1069 2264 1139">
     <span class='ocr_line' id='line_1_14' title="bbox 617 1069 2264 1139; baseline 0.001 -13"><span class='ocrx_word' id='word_1_94' title='bbox 617 1069 991 1137; x_wconf 88' lang='lat' dir='ltr'><strong>tentationes,</strong></span> <span class='ocrx_word' id='word_1_95' title='bbox 1022 1085 1320 1128; x_wconf 79' lang='lat' dir='ltr'><strong>exacuens</strong></span> <span class='ocrx_word' id='word_1_96' title='bbox 1345 1071 1422 1128; x_wconf 91' lang='lat' dir='ltr'><strong>ad</strong></span> <span class='ocrx_word' id='word_1_97' title='bbox 1451 1071 1808 1130; x_wconf 84' lang='lat' dir='ltr'><strong>certamina.</strong></span> <span class='ocrx_word' id='word_1_98' title='bbox 1846 1072 2157 1139; x_wconf 78' lang='lat' dir='ltr'><strong>Attendite,</strong></span> <span class='ocrx_word' id='word_1_99' title='bbox 2191 1073 2264 1129; x_wconf 92' lang='lat' dir='ltr'><strong>in-</strong></span> 
     </span>
    </p>
   </div>
   <div class='ocr_carea' id='block_1_15' title="bbox 2343 1058 3990 1148">
    <p class='ocr_par' dir='ltr' id='par_1_15' title="bbox 2385 1058 3990 1148">
     <span class='ocr_line' id='line_1_15' title="bbox 2385 1058 3990 1148; baseline 0.015 -39"><span class='ocrx_word' id='word_1_100' title='bbox 2385 1058 2662 1130; x_wconf 87' lang='grc' dir='ltr'>μέλλοντας</span> <span class='ocrx_word' id='word_1_101' title='bbox 2712 1070 3048 1138; x_wconf 76' lang='grc' dir='ltr'>πειρασμοῦς,</span> <span class='ocrx_word' id='word_1_102' title='bbox 3101 1072 3414 1141; x_wconf 71' lang='grc' dir='ltr'><strong>παραθήγων</strong></span> <span class='ocrx_word' id='word_1_103' title='bbox 3472 1073 3539 1133; x_wconf 87' lang='grc' dir='ltr'>εἰς</span> <span class='ocrx_word' id='word_1_104' title='bbox 3591 1079 3710 1138; x_wconf 75' lang='grc' dir='ltr'>τοὺς</span> <span class='ocrx_word' id='word_1_105' title='bbox 3763 1076 3990 1148; x_wconf 86' lang='grc' dir='ltr'>ἀγῶνας.</span> 
     </span>
    </p>
   </div>
   <div class='ocr_carea' id='block_1_16' title="bbox 616 1147 2263 1233">
    <p class='ocr_par' dir='ltr' id='par_1_16' title="bbox 616 1159 2263 1232">
     <span class='ocr_line' id='line_1_16' title="bbox 616 1159 2263 1232; baseline 0.002 -17"><span class='ocrx_word' id='word_1_106' title='bbox 616 1159 764 1232; x_wconf 90' lang='lat' dir='ltr'>quit,</span> <span class='ocrx_word' id='word_1_107' title='bbox 795 1159 873 1216; x_wconf 92' lang='lat' dir='ltr'><strong>ab</strong></span> <span class='ocrx_word' id='word_1_108' title='bbox 904 1159 1271 1225; x_wconf 88' lang='lat' dir='ltr'><strong>hominibus,</strong></span> <span class='ocrx_word' id='word_1_109' title='bbox 1297 1159 1414 1216; x_wconf 89' lang='lat' dir='ltr'><strong>hoc</strong></span> <span class='ocrx_word' id='word_1_110' title='bbox 1461 1164 1570 1231; x_wconf 90' lang='lat' dir='ltr'><strong>est,</strong></span> <span class='ocrx_word' id='word_1_111' title='bbox 1624 1160 1938 1217; x_wconf 82' lang='lat' dir='ltr'><strong>observate</strong></span> <span class='ocrx_word' id='word_1_112' title='bbox 1979 1161 2263 1229; x_wconf 82' lang='lat' dir='ltr'><strong>homines,</strong></span> 
     </span>
    </p>
   </div>
   <div class='ocr_carea' id='block_1_17' title="bbox 2345 1147 3992 1233">
    <p class='ocr_par' dir='ltr' id='par_1_17' title="bbox 2388 1147 3992 1233">
     <span class='ocr_line' id='line_1_17' title="bbox 2388 1147 3992 1233; baseline 0.015 -35"><span class='ocrx_word' id='word_1_113' title='bbox 2388 1152 2682 1220; x_wconf 73' lang='grc' dir='ltr'><strong>Προσέχετε</strong></span> <span class='ocrx_word' id='word_1_114' title='bbox 2721 1147 2780 1202; x_wconf 75' lang='grc' dir='ltr'><strong>δε</strong></span> <span class='ocrx_word' id='word_1_115' title='bbox 2837 1151 2938 1204; x_wconf 77' lang='grc' dir='ltr'>ἀπὸ</span> <span class='ocrx_word' id='word_1_116' title='bbox 2976 1163 3077 1205; x_wconf 86' lang='grc' dir='ltr'>τῶν</span> <span class='ocrx_word' id='word_1_117' title='bbox 3135 1155 3434 1231; x_wconf 82' lang='grc' dir='ltr'>ἀνθρώπων,</span> <span class='ocrx_word' id='word_1_118' title='bbox 3487 1160 3598 1214; x_wconf 82' lang='grc' dir='ltr'>ἀντὶ</span> <span class='ocrx_word' id='word_1_119' title='bbox 3649 1173 3760 1233; x_wconf 91' lang='grc' dir='ltr'>τοῦ,</span> <span class='ocrx_word' id='word_1_120' title='bbox 3793 1147 3992 1222; x_wconf 59' lang='grc' dir='ltr'>φυλάτ-</span> 
     </span>
    </p>
   </div>
   <div class='ocr_carea' id='block_1_18' title="bbox 615 1238 2262 1321">
    <p class='ocr_par' dir='ltr' id='par_1_18' title="bbox 615 1247 1657 1321">
     <span class='ocr_line' id='line_1_18' title="bbox 615 1247 1657 1321; baseline 0.004 -19"><span class='ocrx_word' id='word_1_121' title='bbox 615 1248 738 1305; x_wconf 90' lang='lat' dir='ltr'><strong>sive</strong></span> <span class='ocrx_word' id='word_1_122' title='bbox 764 1248 1028 1320; x_wconf 90' lang='lat' dir='ltr'><strong>pericula</strong></span> <span class='ocrx_word' id='word_1_123' title='bbox 1049 1249 1126 1306; x_wconf 92' lang='lat' dir='ltr'><strong>ab</strong></span> <span class='ocrx_word' id='word_1_124' title='bbox 1157 1247 1269 1304; x_wconf 86' lang='lat' dir='ltr'>illis</span> <span class='ocrx_word' id='word_1_125' title='bbox 1299 1253 1657 1321; x_wconf 83' lang='lat' dir='ltr'><strong>exspectate.</strong></span> 
     </span>
    </p>
   </div>
   <div class='ocr_carea' id='block_1_19' title="bbox 2343 1238 3990 1321">
    <p class='ocr_par' dir='ltr' id='par_1_19' title="bbox 2383 1238 3990 1321">
     <span class='ocr_line' id='line_1_19' title="bbox 2383 1238 3990 1321; baseline 0.015 -34"><span class='ocrx_word' id='word_1_126' title='bbox 2383 1239 2532 1289; x_wconf 86' lang='grc' dir='ltr'>τεσθε</span> <span class='ocrx_word' id='word_1_127' title='bbox 2562 1242 2682 1299; x_wconf 80' lang='grc' dir='ltr'>τοὺς</span> <span class='ocrx_word' id='word_1_128' title='bbox 2726 1238 3050 1316; x_wconf 77' lang='grc' dir='ltr'><strong>ἀνθρώπους,</strong></span> <span class='ocrx_word' id='word_1_129' title='bbox 3104 1249 3290 1317; x_wconf 85' lang='grc' dir='ltr'>εἶτουν,</span> <span class='ocrx_word' id='word_1_130' title='bbox 3339 1247 3674 1321; x_wconf 83' lang='grc' dir='ltr'>Προσδοκᾶτε</span> <span class='ocrx_word' id='word_1_131' title='bbox 3721 1251 3870 1309; x_wconf 85' lang='grc' dir='ltr'>δεινά</span> <span class='ocrx_word' id='word_1_132' title='bbox 3904 1258 3990 1312; x_wconf 87' lang='grc' dir='ltr'>ἀπ’</span> 
     </span>
    </p>
   </div>
   <div class='ocr_carea' id='block_1_20' title="bbox 684 1325 2570 1411">
    <p class='ocr_par' dir='ltr' id='par_1_20' title="bbox 684 1325 2570 1411">
     <span class='ocr_line' id='line_1_20' title="bbox 684 1325 2570 1411; baseline 0.001 -19"><span class='ocrx_word' id='word_1_133' title='bbox 684 1336 960 1393; x_wconf 74' lang='lat' dir='ltr'><strong>Vers.18.</strong></span> <span class='ocrx_word' id='word_1_134' title='bbox 1003 1339 1078 1394; x_wconf 84' lang='lat' dir='ltr'><strong>Et</strong></span> <span class='ocrx_word' id='word_1_135' title='bbox 1122 1369 1175 1379; x_wconf 97' lang='lat'>—</span> <span class='ocrx_word' id='word_1_136' title='bbox 1211 1352 1325 1396; x_wconf 88' lang='lat' dir='ltr'><strong>me.</strong></span> <span class='ocrx_word' id='word_1_137' title='bbox 1388 1339 1706 1410; x_wconf 89' lang='lat' dir='ltr'>Postquam</span> <span class='ocrx_word' id='word_1_138' title='bbox 1755 1338 2062 1411; x_wconf 64' lang='lat' dir='ltr'><strong>dixitque:</strong></span> <span class='ocrx_word' id='word_1_139' title='bbox 2112 1355 2148 1397; x_wconf 94' lang='lat' dir='ltr'><strong>a</strong></span> <span class='ocrx_word' id='word_1_140' title='bbox 2175 1342 2270 1396; x_wconf 85' lang='lat' dir='ltr'><strong>Ju-</strong></span> <span class='ocrx_word' id='word_1_141' title='bbox 2383 1325 2570 1380; x_wconf 65' lang='grc' dir='ltr'><strong>αὖτῶνο</strong></span> 
     </span>
    </p>
   </div>
   <div class='ocr_carea' id='block_1_21' title="bbox 611 1419 2258 1506">
    <p class='ocr_par' dir='ltr' id='par_1_21' title="bbox 611 1424 2258 1500">
     <span class='ocr_line' id='line_1_21' title="bbox 611 1424 2258 1500; baseline 0.003 -19"><span class='ocrx_word' id='word_1_142' title='bbox 611 1424 758 1482; x_wconf 76' lang='lat' dir='ltr'><strong>deeis</strong></span> <span class='ocrx_word' id='word_1_143' title='bbox 777 1425 1008 1498; x_wconf 83' lang='lat' dir='ltr'><strong>passuri</strong></span> <span class='ocrx_word' id='word_1_144' title='bbox 1036 1430 1225 1492; x_wconf 88' lang='lat' dir='ltr'><strong>erant,</strong></span> <span class='ocrx_word' id='word_1_145' title='bbox 1255 1441 1417 1484; x_wconf 90' lang='lat' dir='ltr'><strong>nunc</strong></span> <span class='ocrx_word' id='word_1_146' title='bbox 1460 1428 1640 1485; x_wconf 88' lang='lat' dir='ltr'><strong>etiam</strong></span> <span class='ocrx_word' id='word_1_147' title='bbox 1669 1426 1806 1484; x_wconf 89' lang='lat' dir='ltr'>dicit</span> <span class='ocrx_word' id='word_1_148' title='bbox 1843 1445 1978 1500; x_wconf 72' lang='lat' dir='ltr'><strong>quae</strong></span> <span class='ocrx_word' id='word_1_149' title='bbox 2026 1429 2104 1485; x_wconf 90' lang='lat' dir='ltr'><strong>ab</strong></span> <span class='ocrx_word' id='word_1_150' title='bbox 2143 1428 2258 1486; x_wconf 73' lang='lat' dir='ltr'><strong>aliis</strong></span> 
     </span>
    </p>
   </div>
   <div class='ocr_carea' id='block_1_22' title="bbox 2340 1419 3987 1506">
    <p class='ocr_par' dir='ltr' id='par_1_22' title="bbox 2455 1419 3987 1506">
     <span class='ocr_line' id='line_1_22' title="bbox 2455 1419 3987 1506; baseline 0.014 -39"><span class='ocrx_word' id='word_1_151' title='bbox 2455 1421 2553 1468; x_wconf 79' lang='grc' dir='ltr'><strong>Καὶ</strong></span> <span class='ocrx_word' id='word_1_152' title='bbox 2605 1447 2673 1458; x_wconf 88' lang='grc'><strong><em>-</em></strong></span> <span class='ocrx_word' id='word_1_153' title='bbox 2723 1419 2869 1490; x_wconf 77' lang='grc' dir='ltr'>ἐμοῦ.</span> <span class='ocrx_word' id='word_1_154' title='bbox 2920 1421 3108 1489; x_wconf 84' lang='grc' dir='ltr'>Εἰπὼν,</span> <span class='ocrx_word' id='word_1_155' title='bbox 3177 1423 3212 1476; x_wconf 82' lang='grc' dir='ltr'>ἃ</span> <span class='ocrx_word' id='word_1_156' title='bbox 3253 1427 3644 1486; x_wconf 74' lang='grc' dir='ltr'>ὑποστήσανται</span> <span class='ocrx_word' id='word_1_157' title='bbox 3691 1437 3835 1506; x_wconf 81' lang='grc' dir='ltr'>παρὰ</span> <span class='ocrx_word' id='word_1_158' title='bbox 3884 1446 3987 1488; x_wconf 81' lang='grc' dir='ltr'>τῶν</span> 
     </span>
    </p>
   </div>
   <div class='ocr_carea' id='block_1_23' title="bbox 611 1502 3985 1591">
    <p class='ocr_par' dir='ltr' id='par_1_23' title="bbox 611 1502 3985 1591">
     <span class='ocr_line' id='line_1_23' title="bbox 611 1502 3985 1591; baseline 0.016 -66"><span class='ocrx_word' id='word_1_159' title='bbox 611 1515 911 1585; x_wconf 50' lang='lat' dir='ltr'><strong>gentibus.</strong></span> <span class='ocrx_word' id='word_1_160' title='bbox 2378 1502 2669 1574; x_wconf 81' lang='grc' dir='ltr'><strong>Ἰουδαίων,</strong></span> <span class='ocrx_word' id='word_1_161' title='bbox 2721 1507 2895 1562; x_wconf 87' lang='grc' dir='ltr'>λοιπὸν</span> <span class='ocrx_word' id='word_1_162' title='bbox 2925 1510 3059 1583; x_wconf 73' lang='grc' dir='ltr'>λέγει</span> <span class='ocrx_word' id='word_1_163' title='bbox 3105 1519 3192 1566; x_wconf 80' lang='grc' dir='ltr'><strong>καί</strong></span> <span class='ocrx_word' id='word_1_164' title='bbox 3225 1512 3260 1566; x_wconf 82' lang='grc' dir='ltr'><strong><em>ἆ</em></strong></span> <span class='ocrx_word' id='word_1_165' title='bbox 3287 1519 3429 1591; x_wconf 88' lang='grc' dir='ltr'><strong>παρά</strong></span> <span class='ocrx_word' id='word_1_166' title='bbox 3458 1526 3557 1570; x_wconf 87' lang='grc' dir='ltr'>τῶν</span> <span class='ocrx_word' id='word_1_167' title='bbox 3604 1502 3774 1574; x_wconf 68' lang='grc' dir='ltr'><strong>ἄλλων⁷</strong></span> <span class='ocrx_word' id='word_1_168' title='bbox 3797 1522 3985 1581; x_wconf 70' lang='grc' dir='ltr'>ἐθνῶν.</span> 
     </span>
    </p>
   </div>
   <div class='ocr_carea' id='block_1_24' title="bbox 680 1685 2327 1771">
    <p class='ocr_par' dir='ltr' id='par_1_24' title="bbox 680 1695 2266 1768">
     <span class='ocr_line' id='line_1_24' title="bbox 680 1695 2266 1768; baseline 0.004 -19"><span class='ocrx_word' id='word_1_169' title='bbox 680 1695 847 1754; x_wconf 81' lang='lat' dir='ltr'><strong>Vere.</strong></span> <span class='ocrx_word' id='word_1_170' title='bbox 910 1696 994 1752; x_wconf 90' lang='grc'><strong>18.</strong></span> <span class='ocrx_word' id='word_1_171' title='bbox 1059 1697 1132 1752; x_wconf 87' lang='grc' dir='ltr'><em>[η</em></span> <span class='ocrx_word' id='word_1_172' title='bbox 1189 1727 1257 1737; x_wconf 91' lang='grc'><strong><em>-</em></strong></span> <span class='ocrx_word' id='word_1_173' title='bbox 1308 1696 1598 1768; x_wconf 80' lang='lat' dir='ltr'><strong>gentibus.</strong></span> <span class='ocrx_word' id='word_1_174' title='bbox 1651 1696 1738 1752; x_wconf 83' lang='lat' dir='ltr'><strong>Ad</strong></span> <span class='ocrx_word' id='word_1_175' title='bbox 1779 1697 2266 1768; x_wconf 82' lang='lat' dir='ltr'><strong>redargutionem</strong></span> 
     </span>
    </p>
   </div>
   <div class='ocr_carea' id='block_1_25' title="bbox 2331 1685 3978 1771">
    <p class='ocr_par' dir='ltr' id='par_1_25' title="bbox 2451 1685 3978 1771">
     <span class='ocr_line' id='line_1_25' title="bbox 2451 1685 3978 1771; baseline 0.014 -35"><span class='ocrx_word' id='word_1_176' title='bbox 2451 1685 2538 1747; x_wconf 80' lang='grc' dir='ltr'>Εἰς</span> <span class='ocrx_word' id='word_1_177' title='bbox 2592 1717 2661 1726; x_wconf 91' lang='lat'><strong>-—</strong></span> <span class='ocrx_word' id='word_1_178' title='bbox 2697 1689 2911 1744; x_wconf 78' lang='grc' dir='ltr'>ἔθνεσιν.</span> <span class='ocrx_word' id='word_1_179' title='bbox 2973 1693 3060 1752; x_wconf 80' lang='grc' dir='ltr'>Εἰς</span> <span class='ocrx_word' id='word_1_180' title='bbox 3110 1691 3326 1764; x_wconf 78' lang='grc' dir='ltr'>ἔλεγχον</span> <span class='ocrx_word' id='word_1_181' title='bbox 3382 1701 3471 1748; x_wconf 83' lang='grc' dir='ltr'>καὶ</span> <span class='ocrx_word' id='word_1_182' title='bbox 3532 1707 3630 1748; x_wconf 83' lang='grc' dir='ltr'>τῶν</span> <span class='ocrx_word' id='word_1_183' title='bbox 3683 1698 3978 1771; x_wconf 81' lang='grc' dir='ltr'><strong>Ἰουδαίων,</strong></span> 
     </span>
    </p>
   </div>
   <div class='ocr_carea' id='block_1_26' title="bbox 602 1775 2249 1864">
    <p class='ocr_par' dir='ltr' id='par_1_26' title="bbox 602 1783 2249 1860">
     <span class='ocr_line' id='line_1_26' title="bbox 602 1783 2249 1860; baseline 0.002 -20"><span class='ocrx_word' id='word_1_184' title='bbox 602 1783 946 1842; x_wconf 71' lang='lat' dir='ltr'><strong>Judaeorum</strong></span> <span class='ocrx_word' id='word_1_185' title='bbox 977 1789 1033 1842; x_wconf 88' lang='lat' dir='ltr'><strong>et</strong></span> <span class='ocrx_word' id='word_1_186' title='bbox 1062 1787 1352 1858; x_wconf 80' lang='lat' dir='ltr'><strong>gentium,</strong></span> <span class='ocrx_word' id='word_1_187' title='bbox 1385 1802 1460 1842; x_wconf 91' lang='lat' dir='ltr'><strong>ne</strong></span> <span class='ocrx_word' id='word_1_188' title='bbox 1485 1786 1878 1858; x_wconf 91' lang='lat' dir='ltr'>postmodum</span> <span class='ocrx_word' id='word_1_189' title='bbox 1909 1787 2103 1844; x_wconf 87' lang='lat' dir='ltr'><strong>dicere</strong></span> <span class='ocrx_word' id='word_1_190' title='bbox 2131 1804 2249 1860; x_wconf 79' lang='lat' dir='ltr'><strong>pos</strong></span> 
     </span>
    </p>
   </div>
   <div class='ocr_carea' id='block_1_27' title="bbox 2328 1775 3975 1864">
    <p class='ocr_par' dir='ltr' id='par_1_27' title="bbox 2328 1775 3975 1864">
     <span class='ocr_line' id='line_1_27' title="bbox 2328 1775 3975 1864; baseline 0.014 -41"><span class='ocrx_word' id='word_1_191' title='bbox 2328 1778 2465 1861; x_wconf 60' lang='grc' dir='ltr'>,καὶ</span> <span class='ocrx_word' id='word_1_192' title='bbox 2527 1783 2624 1826; x_wconf 87' lang='grc' dir='ltr'>τῶν</span> <span class='ocrx_word' id='word_1_193' title='bbox 2683 1775 2854 1844; x_wconf 82' lang='grc' dir='ltr'>ἐθνῶν,</span> <span class='ocrx_word' id='word_1_194' title='bbox 2927 1781 3008 1830; x_wconf 84' lang='grc' dir='ltr'><strong>ἱνα</strong></span> <span class='ocrx_word' id='word_1_195' title='bbox 3071 1786 3142 1852; x_wconf 76' lang='grc' dir='ltr'>μὴ</span> <span class='ocrx_word' id='word_1_196' title='bbox 3219 1779 3476 1836; x_wconf 75' lang='grc' dir='ltr'><strong>δύνωνται</strong></span> <span class='ocrx_word' id='word_1_197' title='bbox 3526 1786 3685 1857; x_wconf 81' lang='grc' dir='ltr'>λέγειν</span> <span class='ocrx_word' id='word_1_198' title='bbox 3740 1791 3975 1864; x_wconf 79' lang='grc' dir='ltr'>ὕστερον,</span> 
     </span>
    </p>
   </div>
   <div class='ocr_carea' id='block_1_28' title="bbox 603 1863 2250 1952">
    <p class='ocr_par' dir='ltr' id='par_1_28' title="bbox 603 1874 2250 1946">
     <span class='ocr_line' id='line_1_28' title="bbox 603 1874 2250 1946; baseline 0.004 -18"><span class='ocrx_word' id='word_1_199' title='bbox 603 1875 738 1940; x_wconf 85' lang='lat' dir='ltr'><strong>sint,</strong></span> <span class='ocrx_word' id='word_1_200' title='bbox 765 1874 931 1946; x_wconf 90' lang='lat' dir='ltr'><strong>quod</strong></span> <span class='ocrx_word' id='word_1_201' title='bbox 945 1875 1426 1946; x_wconf 70' lang='lat' dir='ltr'><strong>praedicationem</strong></span> <span class='ocrx_word' id='word_1_202' title='bbox 1442 1891 1564 1931; x_wconf 92' lang='lat' dir='ltr'><strong>non</strong></span> <span class='ocrx_word' id='word_1_203' title='bbox 1584 1876 1884 1932; x_wconf 87' lang='lat' dir='ltr'><strong>audierint</strong></span> <span class='ocrx_word' id='word_1_204' title='bbox 1913 1894 1926 1930; x_wconf 89' lang='lat'><strong>:</strong></span> <span class='ocrx_word' id='word_1_205' title='bbox 1951 1876 2010 1932; x_wconf 92' lang='lat' dir='ltr'><strong>in</strong></span> <span class='ocrx_word' id='word_1_206' title='bbox 2031 1882 2250 1934; x_wconf 87' lang='lat' dir='ltr'><strong>tantum</strong></span> 
     </span>
    </p>
   </div>
   <div class='ocr_carea' id='block_1_29' title="bbox 2321 1863 3968 1952">
    <p class='ocr_par' dir='ltr' id='par_1_29' title="bbox 2375 1863 3968 1952">
     <span class='ocr_line' id='line_1_29' title="bbox 2375 1863 3968 1952; baseline 0.013 -39"><span class='ocrx_word' id='word_1_207' title='bbox 2375 1864 2455 1914; x_wconf 87' lang='grc' dir='ltr'>ὃτι</span> <span class='ocrx_word' id='word_1_208' title='bbox 2503 1863 2595 1915; x_wconf 69' lang='grc' dir='ltr'>οὐκ</span> <span class='ocrx_word' id='word_1_209' title='bbox 2657 1868 2887 1922; x_wconf 76' lang='grc' dir='ltr'>ἤκουσαν</span> <span class='ocrx_word' id='word_1_210' title='bbox 2950 1877 3040 1920; x_wconf 91' lang='grc' dir='ltr'><strong>τοῦ</strong></span> <span class='ocrx_word' id='word_1_211' title='bbox 3116 1874 3476 1943; x_wconf 88' lang='grc' dir='ltr'>κηρύγματος.</span> <span class='ocrx_word' id='word_1_212' title='bbox 3569 1882 3826 1932; x_wconf 83' lang='grc' dir='ltr'>Τοσοῦτον</span> <span class='ocrx_word' id='word_1_213' title='bbox 3864 1863 3968 1952; x_wconf 78' lang='grc' dir='ltr'>γὰρ</span> 
     </span>
    </p>
   </div>
   <div class='ocr_carea' id='block_1_30' title="bbox 601 1950 2248 2040">
    <p class='ocr_par' dir='ltr' id='par_1_30' title="bbox 601 1962 2248 2038">
     <span class='ocr_line' id='line_1_30' title="bbox 601 1962 2248 2038; baseline 0.003 -21"><span class='ocrx_word' id='word_1_214' title='bbox 601 1962 763 2018; x_wconf 91' lang='lat' dir='ltr'><strong>enim</strong></span> <span class='ocrx_word' id='word_1_215' title='bbox 791 1963 1054 2029; x_wconf 90' lang='lat' dir='ltr'><strong>audient,</strong></span> <span class='ocrx_word' id='word_1_216' title='bbox 1113 1968 1176 2020; x_wconf 91' lang='lat' dir='ltr'><strong>ut</strong></span> <span class='ocrx_word' id='word_1_217' title='bbox 1231 1965 1410 2021; x_wconf 87' lang='lat' dir='ltr'><strong>etiam</strong></span> <span class='ocrx_word' id='word_1_218' title='bbox 1462 1965 1883 2038; x_wconf 79' lang='lat' dir='ltr'><strong>praedicatores</strong></span> <span class='ocrx_word' id='word_1_219' title='bbox 1934 1967 2248 2023; x_wconf 71' lang='lat' dir='ltr'><strong>innumeri:</strong></span> 
     </span>
    </p>
   </div>
   <div class='ocr_carea' id='block_1_31' title="bbox 2324 1950 3971 2040">
    <p class='ocr_par' dir='ltr' id='par_1_31' title="bbox 2374 1950 3971 2040">
     <span class='ocr_line' id='line_1_31' title="bbox 2374 1950 3971 2040; baseline 0.013 -38"><span class='ocrx_word' id='word_1_220' title='bbox 2374 1950 2712 2018; x_wconf 86' lang='grc' dir='ltr'>ἀκούσουσιν,</span> <span class='ocrx_word' id='word_1_221' title='bbox 2752 1957 2886 2008; x_wconf 79' lang='grc' dir='ltr'>ὥστε</span> <span class='ocrx_word' id='word_1_222' title='bbox 2937 1961 3025 2009; x_wconf 78' lang='grc' dir='ltr'>καὶ</span> <span class='ocrx_word' id='word_1_223' title='bbox 3079 1963 3195 2020; x_wconf 80' lang='grc' dir='ltr'>τοὺς</span> <span class='ocrx_word' id='word_1_224' title='bbox 3253 1965 3486 2035; x_wconf 80' lang='grc' dir='ltr'>κήρυκας</span> <span class='ocrx_word' id='word_1_225' title='bbox 3547 1971 3756 2040; x_wconf 88' lang='grc' dir='ltr'>μυρίοις</span> <span class='ocrx_word' id='word_1_226' title='bbox 3793 1977 3971 2032; x_wconf 88' lang='grc' dir='ltr'>κακοῖς</span> 
     </span>
    </p>
   </div>
   <div class='ocr_carea' id='block_1_32' title="bbox 602 2040 2249 2108">
    <p class='ocr_par' dir='ltr' id='par_1_32' title="bbox 602 2050 1090 2108">
     <span class='ocr_line' id='line_1_32' title="bbox 602 2050 1090 2108; baseline -0.002 0"><span class='ocrx_word' id='word_1_227' title='bbox 602 2051 778 2108; x_wconf 88' lang='lat' dir='ltr'><strong>malis</strong></span> <span class='ocrx_word' id='word_1_228' title='bbox 807 2050 1090 2108; x_wconf 81' lang='lat' dir='ltr'><strong>afﬁciant.</strong></span> 
     </span>
    </p>
   </div>
   <div class='ocr_carea' id='block_1_33' title="bbox 1021 2040 2668 2108">
    <p class='ocr_par' dir='ltr' id='par_1_33' title="bbox 1021 2040 2668 2108">
     <span class='ocr_line' id='line_1_33' title="bbox 1021 2040 2668 2108; baseline 0.005 -21"><span class='ocrx_word' id='word_1_229' title='bbox 1021 2055 1090 2108; x_wconf 55' lang='grc' dir='ltr'>η,</span> <span class='ocrx_word' id='word_1_230' title='bbox 2373 2040 2644 2094; x_wconf 71' lang='grc' dir='ltr'>ὑποϐαλεῖν</span> <span class='ocrx_word' id='word_1_231' title='bbox 2657 2086 2668 2097; x_wconf 97' lang='grc'><strong>.</strong></span> 
     </span>
    </p>
   </div>
   <div class='ocr_carea' id='block_1_34' title="bbox 673 2129 2320 2216">
    <p class='ocr_par' dir='ltr' id='par_1_34' title="bbox 673 2141 2256 2216">
     <span class='ocr_line' id='line_1_34' title="bbox 673 2141 2256 2216; baseline 0.003 -19"><span class='ocrx_word' id='word_1_232' title='bbox 673 2141 830 2197; x_wconf 82' lang='lat' dir='ltr'><strong>Vers.</strong></span> <span class='ocrx_word' id='word_1_233' title='bbox 862 2141 946 2197; x_wconf 87' lang='grc'><strong>19.</strong></span> <span class='ocrx_word' id='word_1_234' title='bbox 977 2141 1124 2198; x_wconf 85' lang='lat' dir='ltr'><strong>Cum</strong></span> <span class='ocrx_word' id='word_1_235' title='bbox 1165 2148 1361 2199; x_wconf 88' lang='lat' dir='ltr'><strong>autem</strong></span> <span class='ocrx_word' id='word_1_236' title='bbox 1387 2173 1455 2184; x_wconf 94' lang='lat'><em>—</em></span> <span class='ocrx_word' id='word_1_237' title='bbox 1494 2143 1830 2216; x_wconf 81' lang='lat' dir='ltr'><strong>loquamini.</strong></span> <span class='ocrx_word' id='word_1_238' title='bbox 1885 2148 1964 2201; x_wconf 86' lang='lat' dir='ltr'><strong>Ne</strong></span> <span class='ocrx_word' id='word_1_239' title='bbox 2017 2145 2256 2202; x_wconf 88' lang='lat' dir='ltr'><strong>dicant:</strong></span> 
     </span>
    </p>
   </div>
   <div class='ocr_carea' id='block_1_35' title="bbox 2322 2129 3969 2216">
    <p class='ocr_par' dir='ltr' id='par_1_35' title="bbox 2438 2129 3969 2214">
     <span class='ocr_line' id='line_1_35' title="bbox 2438 2129 3969 2214; baseline 0.012 -33"><span class='ocrx_word' id='word_1_240' title='bbox 2438 2130 2599 2183; x_wconf 84' lang='grc' dir='ltr'>”Οταν</span> <span class='ocrx_word' id='word_1_241' title='bbox 2641 2129 2699 2184; x_wconf 76' lang='grc' dir='ltr'><strong>δε</strong></span> <span class='ocrx_word' id='word_1_242' title='bbox 2741 2164 2808 2172; x_wconf 88' lang='grc'><strong>-</strong></span> <span class='ocrx_word' id='word_1_243' title='bbox 2866 2133 3134 2194; x_wconf 78' lang='grc' dir='ltr'>λαλήσετε.</span> <span class='ocrx_word' id='word_1_244' title='bbox 3180 2143 3293 2190; x_wconf 84' lang='grc' dir='ltr'>Ἵνα</span> <span class='ocrx_word' id='word_1_245' title='bbox 3338 2144 3408 2211; x_wconf 78' lang='grc' dir='ltr'>μὴ</span> <span class='ocrx_word' id='word_1_246' title='bbox 3464 2141 3704 2214; x_wconf 72' lang='grc' dir='ltr'>λέγωσιν,</span> <span class='ocrx_word' id='word_1_247' title='bbox 3742 2147 3820 2198; x_wconf 83' lang='grc' dir='ltr'>ὅτι</span> <span class='ocrx_word' id='word_1_248' title='bbox 3867 2151 3969 2200; x_wconf 76' lang='grc' dir='ltr'><strong>Καὶ</strong></span> 
     </span>
    </p>
   </div>
   <div class='ocr_carea' id='block_1_36' title="bbox 597 2219 2244 2307">
    <p class='ocr_par' dir='ltr' id='par_1_36' title="bbox 597 2231 2244 2305">
     <span class='ocr_line' id='line_1_36' title="bbox 597 2231 2244 2305; baseline 0.002 -19"><span class='ocrx_word' id='word_1_249' title='bbox 597 2232 664 2286; x_wconf 83' lang='grc' dir='ltr'>Ει</span> <span class='ocrx_word' id='word_1_250' title='bbox 701 2246 819 2302; x_wconf 89' lang='lat' dir='ltr'><strong>quo</strong></span> <span class='ocrx_word' id='word_1_251' title='bbox 852 2235 1022 2302; x_wconf 91' lang='lat' dir='ltr'><strong>pacto</strong></span> <span class='ocrx_word' id='word_1_252' title='bbox 1040 2231 1246 2287; x_wconf 62' lang='lat' dir='ltr'><strong>idiotas</strong></span> <span class='ocrx_word' id='word_1_253' title='bbox 1278 2248 1346 2287; x_wconf 88' lang='lat' dir='ltr'><strong>ac</strong></span> <span class='ocrx_word' id='word_1_254' title='bbox 1377 2231 1676 2297; x_wconf 89' lang='lat' dir='ltr'><strong>illitterati,</strong></span> <span class='ocrx_word' id='word_1_255' title='bbox 1711 2234 2075 2305; x_wconf 86' lang='lat' dir='ltr'><strong>persuadere</strong></span> <span class='ocrx_word' id='word_1_256' title='bbox 2096 2239 2244 2305; x_wconf 23' lang='lat' dir='ltr'><strong>potet</strong></span> 
     </span>
    </p>
   </div>
   <div class='ocr_carea' id='block_1_37' title="bbox 2326 2219 3973 2307">
    <p class='ocr_par' dir='ltr' id='par_1_37' title="bbox 2369 2219 3973 2307">
     <span class='ocr_line' id='line_1_37' title="bbox 2369 2219 3973 2307; baseline 0.009 -34"><span class='ocrx_word' id='word_1_257' title='bbox 2369 2229 2499 2285; x_wconf 81' lang='grc' dir='ltr'>πῶς,</span> <span class='ocrx_word' id='word_1_258' title='bbox 2559 2219 2768 2274; x_wconf 84' lang='grc' dir='ltr'>ἰδιῶται</span> <span class='ocrx_word' id='word_1_259' title='bbox 2839 2230 2927 2276; x_wconf 80' lang='grc' dir='ltr'>καὶ</span> <span class='ocrx_word' id='word_1_260' title='bbox 2987 2226 3344 2299; x_wconf 83' lang='grc' dir='ltr'>ἀγράμματοι,</span> <span class='ocrx_word' id='word_1_261' title='bbox 3394 2238 3570 2283; x_wconf 89' lang='grc' dir='ltr'>πεῖσαι</span> <span class='ocrx_word' id='word_1_262' title='bbox 3633 2229 3973 2307; x_wconf 78' lang='grc' dir='ltr'>δυνησόμεθα</span> 
     </span>
    </p>
   </div>
   <div class='ocr_carea' id='block_1_38' title="bbox 596 2310 2243 2394">
    <p class='ocr_par' dir='ltr' id='par_1_38' title="bbox 596 2319 2243 2394">
     <span class='ocr_line' id='line_1_38' title="bbox 596 2319 2243 2394; baseline 0.002 -18"><span class='ocrx_word' id='word_1_263' title='bbox 596 2319 784 2376; x_wconf 88' lang='lat' dir='ltr'><strong>rimus</strong></span> <span class='ocrx_word' id='word_1_264' title='bbox 809 2319 1146 2377; x_wconf 90' lang='lat' dir='ltr'><strong>rhetoribus</strong></span> <span class='ocrx_word' id='word_1_265' title='bbox 1167 2337 1237 2376; x_wconf 90' lang='lat' dir='ltr'><strong>ac</strong></span> <span class='ocrx_word' id='word_1_266' title='bbox 1255 2321 1627 2393; x_wconf 85' lang='lat' dir='ltr'><strong>philosophis</strong></span> <span class='ocrx_word' id='word_1_267' title='bbox 1648 2324 1675 2377; x_wconf 70' lang='grc' dir='ltr'><strong>τ</strong></span> <span class='ocrx_word' id='word_1_268' title='bbox 1707 2324 1971 2394; x_wconf 90' lang='lat' dir='ltr'><strong>primum</strong></span> <span class='ocrx_word' id='word_1_269' title='bbox 1989 2323 2145 2379; x_wconf 89' lang='lat' dir='ltr'><strong>hanc</strong></span> <span class='ocrx_word' id='word_1_270' title='bbox 2162 2340 2243 2379; x_wconf 91' lang='lat' dir='ltr'><strong>eo-</strong></span> 
     </span>
    </p>
   </div>
   <div class='ocr_carea' id='block_1_39' title="bbox 2320 2310 3967 2394">
    <p class='ocr_par' dir='ltr' id='par_1_39' title="bbox 2366 2310 3967 2391">
     <span class='ocr_line' id='line_1_39' title="bbox 2366 2310 3967 2391; baseline 0.01 -31"><span class='ocrx_word' id='word_1_271' title='bbox 2366 2310 2592 2385; x_wconf 71' lang='grc' dir='ltr'>ῥήτορας</span> <span class='ocrx_word' id='word_1_272' title='bbox 2650 2315 2738 2363; x_wconf 88' lang='grc' dir='ltr'><strong>καί</strong></span> <span class='ocrx_word' id='word_1_273' title='bbox 2792 2312 3158 2386; x_wconf 73' lang='grc' dir='ltr'>φιλοσοφους;</span> <span class='ocrx_word' id='word_1_274' title='bbox 3208 2320 3577 2391; x_wconf 79' lang='grc' dir='ltr'>προθεραπεύει</span> <span class='ocrx_word' id='word_1_275' title='bbox 3631 2328 3719 2374; x_wconf 81' lang='grc' dir='ltr'>καὶ</span> <span class='ocrx_word' id='word_1_276' title='bbox 3771 2327 3967 2382; x_wconf 88' lang='grc' dir='ltr'>ταύτην</span> 
     </span>
    </p>
   </div>
   <div class='ocr_carea' id='block_1_40' title="bbox 594 2399 2241 2482">
    <p class='ocr_par' dir='ltr' id='par_1_40' title="bbox 594 2409 2241 2470">
     <span class='ocr_line' id='line_1_40' title="bbox 594 2409 2241 2470; baseline 0.002 -3"><span class='ocrx_word' id='word_1_277' title='bbox 594 2424 732 2467; x_wconf 86' lang='lat' dir='ltr'><strong>rum</strong></span> <span class='ocrx_word' id='word_1_278' title='bbox 770 2409 942 2466; x_wconf 84' lang='lat' dir='ltr'>solvit</span> <span class='ocrx_word' id='word_1_279' title='bbox 970 2410 1406 2466; x_wconf 88' lang='lat' dir='ltr'><strong>dubitationem</strong></span> <span class='ocrx_word' id='word_1_280' title='bbox 1440 2411 1645 2467; x_wconf 89' lang='lat' dir='ltr'><strong>dicens</strong></span> <span class='ocrx_word' id='word_1_281' title='bbox 1679 2430 1690 2468; x_wconf 93' lang='lat'>:</span> <span class='ocrx_word' id='word_1_282' title='bbox 1721 2413 1812 2469; x_wconf 94' lang='lat' dir='ltr'><strong>Ne</strong></span> <span class='ocrx_word' id='word_1_283' title='bbox 1834 2414 2079 2469; x_wconf 77' lang='lat' dir='ltr'><strong>solliciti</strong></span> <span class='ocrx_word' id='word_1_284' title='bbox 2130 2414 2241 2470; x_wconf 64' lang='lat' dir='ltr'><strong>siti:</strong></span> 
     </span>
    </p>
   </div>
   <div class='ocr_carea' id='block_1_41' title="bbox 2316 2399 3963 2482">
    <p class='ocr_par' dir='ltr' id='par_1_41' title="bbox 2367 2399 3963 2482">
     <span class='ocr_line' id='line_1_41' title="bbox 2367 2399 3963 2482; baseline 0.009 -33"><span class='ocrx_word' id='word_1_285' title='bbox 2367 2399 2535 2450; x_wconf 64' lang='grc' dir='ltr'>αὐτῶν</span> <span class='ocrx_word' id='word_1_286' title='bbox 2592 2406 2684 2458; x_wconf 80' lang='grc' dir='ltr'>τὴν</span> <span class='ocrx_word' id='word_1_287' title='bbox 2763 2401 2980 2475; x_wconf 79' lang='grc' dir='ltr'>ἀπορίαν</span> <span class='ocrx_word' id='word_1_288' title='bbox 3024 2403 3201 2476; x_wconf 74' lang='grc' dir='ltr'>λέγων’</span> <span class='ocrx_word' id='word_1_289' title='bbox 3279 2412 3364 2465; x_wconf 77' lang='grc' dir='ltr'><strong>Μὴ</strong></span> <span class='ocrx_word' id='word_1_290' title='bbox 3429 2416 3796 2482; x_wconf 71' lang='grc' dir='ltr'>μεριμνήσητε,</span> <span class='ocrx_word' id='word_1_291' title='bbox 3853 2421 3963 2474; x_wconf 85' lang='grc' dir='ltr'><strong>πῶς</strong></span> 
     </span>
    </p>
   </div>
   <div class='ocr_carea' id='block_1_42' title="bbox 593 2487 2240 2571">
    <p class='ocr_par' dir='ltr' id='par_1_42' title="bbox 593 2499 1555 2571">
     <span class='ocr_line' id='line_1_42' title="bbox 593 2499 1555 2571; baseline 0 -15"><span class='ocrx_word' id='word_1_292' title='bbox 593 2500 880 2571; x_wconf 90' lang='lat' dir='ltr'><strong>quomodo</strong></span> <span class='ocrx_word' id='word_1_293' title='bbox 913 2505 1018 2556; x_wconf 89' lang='lat' dir='ltr'><strong>aut</strong></span> <span class='ocrx_word' id='word_1_294' title='bbox 1048 2499 1187 2571; x_wconf 80' lang='lat' dir='ltr'><strong>quid</strong></span> <span class='ocrx_word' id='word_1_295' title='bbox 1211 2501 1555 2571; x_wconf 84' lang='lat' dir='ltr'><strong>loquamini.</strong></span> 
     </span>
    </p>
   </div>
   <div class='ocr_carea' id='block_1_43' title="bbox 1132 2487 2779 2571">
    <p class='ocr_par' dir='ltr' id='par_1_43' title="bbox 1132 2487 2779 2571">
     <span class='ocr_line' id='line_1_43' title="bbox 1132 2487 2779 2571; baseline 0.016 -17"><span class='ocrx_word' id='word_1_296' title='bbox 1132 2499 1187 2554; x_wconf 82' lang='lat' dir='ltr'><strong>id</strong></span> <span class='ocrx_word' id='word_1_297' title='bbox 1211 2501 1555 2571; x_wconf 84' lang='lat' dir='ltr'><strong>loquamini.</strong></span> <span class='ocrx_word' id='word_1_298' title='bbox 2369 2487 2396 2545; x_wconf 59' lang='grc' dir='ltr'><em>ἦ</em></span> <span class='ocrx_word' id='word_1_299' title='bbox 2434 2493 2482 2540; x_wconf 65' lang='grc' dir='ltr'><strong>τί</strong></span> <span class='ocrx_word' id='word_1_300' title='bbox 2511 2488 2634 2546; x_wconf 37' lang='lat' dir='ltr'><strong>iam</strong></span> <span class='ocrx_word' id='word_1_301' title='bbox 2649 2509 2779 2545; x_wconf 57' lang='grc' dir='ltr'><strong>⁸⁸η·</strong></span> 
     </span>
    </p>
   </div>
   <div class='ocr_carea' id='block_1_44' title="bbox 663 2580 2310 2662">
    <p class='ocr_par' dir='ltr' id='par_1_44' title="bbox 663 2589 2256 2662">
     <span class='ocr_line' id='line_1_44' title="bbox 663 2589 2256 2662; baseline 0.003 -17"><span class='ocrx_word' id='word_1_302' title='bbox 663 2591 823 2646; x_wconf 81' lang='lat' dir='ltr'><strong>Vers.</strong></span> <span class='ocrx_word' id='word_1_303' title='bbox 864 2589 952 2644; x_wconf 91' lang='grc'><strong>19.</strong></span> <span class='ocrx_word' id='word_1_304' title='bbox 985 2589 1241 2645; x_wconf 80' lang='lat' dir='ltr'><strong>Dabitur</strong></span> <span class='ocrx_word' id='word_1_305' title='bbox 1267 2620 1338 2632; x_wconf 93' lang='lat'><strong><em>—</em></strong></span> <span class='ocrx_word' id='word_1_306' title='bbox 1391 2590 1740 2662; x_wconf 84' lang='lat' dir='ltr'><strong>loquamini.</strong></span> <span class='ocrx_word' id='word_1_307' title='bbox 1781 2591 2063 2647; x_wconf 87' lang='lat' dir='ltr'><strong>Dabitur:</strong></span> <span class='ocrx_word' id='word_1_308' title='bbox 2094 2608 2129 2648; x_wconf 91' lang='lat' dir='ltr'><strong>a</strong></span> <span class='ocrx_word' id='word_1_309' title='bbox 2161 2609 2256 2649; x_wconf 92' lang='lat' dir='ltr'><strong>me</strong></span> 
     </span>
    </p>
   </div>
   <div class='ocr_carea' id='block_1_45' title="bbox 2317 2580 3964 2662">
    <p class='ocr_par' dir='ltr' id='par_1_45' title="bbox 2439 2580 3964 2661">
     <span class='ocr_line' id='line_1_45' title="bbox 2439 2580 3964 2661; baseline 0.008 -32"><span class='ocrx_word' id='word_1_310' title='bbox 2439 2580 2724 2636; x_wconf 81' lang='grc' dir='ltr'>Δοθησεται</span> <span class='ocrx_word' id='word_1_311' title='bbox 2777 2611 2844 2618; x_wconf 89' lang='lat'><strong>—-</strong></span> <span class='ocrx_word' id='word_1_312' title='bbox 2905 2580 3172 2639; x_wconf 79' lang='grc' dir='ltr'>λαλήσετε.</span> <span class='ocrx_word' id='word_1_313' title='bbox 3255 2587 3554 2652; x_wconf 79' lang='grc' dir='ltr'>Δοθησεται,</span> <span class='ocrx_word' id='word_1_314' title='bbox 3631 2587 3752 2661; x_wconf 88' lang='grc' dir='ltr'>παρ’</span> <span class='ocrx_word' id='word_1_315' title='bbox 3835 2588 3964 2660; x_wconf 72' lang='grc' dir='ltr'>ἐμοῦ</span> 
     </span>
    </p>
   </div>
   <div class='ocr_carea' id='block_1_46' title="bbox 596 2662 2243 2748">
    <p class='ocr_par' dir='ltr' id='par_1_46' title="bbox 596 2677 2243 2737">
     <span class='ocr_line' id='line_1_46' title="bbox 596 2677 2243 2737; baseline 0.001 -3"><span class='ocrx_word' id='word_1_316' title='bbox 596 2677 886 2734; x_wconf 83' lang='lat' dir='ltr'><strong>videlicet.</strong></span> <span class='ocrx_word' id='word_1_317' title='bbox 929 2679 1063 2733; x_wconf 70' lang='lat' dir='ltr'><strong>Haec</strong></span> <span class='ocrx_word' id='word_1_318' title='bbox 1093 2683 1292 2734; x_wconf 90' lang='lat' dir='ltr'><strong>autem</strong></span> <span class='ocrx_word' id='word_1_319' title='bbox 1320 2678 1532 2736; x_wconf 89' lang='lat' dir='ltr'><strong>iterum</strong></span> <span class='ocrx_word' id='word_1_320' title='bbox 1555 2679 1700 2736; x_wconf 83' lang='lat' dir='ltr'><strong>dixit</strong></span> <span class='ocrx_word' id='word_1_321' title='bbox 1729 2681 1812 2735; x_wconf 85' lang='lat' dir='ltr'><strong>eis</strong></span> <span class='ocrx_word' id='word_1_322' title='bbox 1843 2681 2099 2737; x_wconf 88' lang='lat' dir='ltr'><strong>instante</strong></span> <span class='ocrx_word' id='word_1_323' title='bbox 2128 2697 2243 2736; x_wconf 92' lang='lat' dir='ltr'><strong>cru-</strong></span> 
     </span>
    </p>
   </div>
   <div class='ocr_carea' id='block_1_47' title="bbox 2319 2662 3966 2748">
    <p class='ocr_par' dir='ltr' id='par_1_47' title="bbox 2368 2662 3966 2748">
     <span class='ocr_line' id='line_1_47' title="bbox 2368 2662 3966 2748; baseline 0.007 -29"><span class='ocrx_word' id='word_1_324' title='bbox 2368 2662 2600 2726; x_wconf 77' lang='grc' dir='ltr'>δηλαδή.</span> <span class='ocrx_word' id='word_1_325' title='bbox 2643 2669 2819 2722; x_wconf 85' lang='grc' dir='ltr'>Ταῦτα</span> <span class='ocrx_word' id='word_1_326' title='bbox 2849 2666 2907 2721; x_wconf 73' lang='grc' dir='ltr'>δὲ</span> <span class='ocrx_word' id='word_1_327' title='bbox 2956 2667 3090 2723; x_wconf 80' lang='grc' dir='ltr'>εἶπεν</span> <span class='ocrx_word' id='word_1_328' title='bbox 3120 2671 3298 2734; x_wconf 73' lang='grc' dir='ltr'>αὐτοῖς</span> <span class='ocrx_word' id='word_1_329' title='bbox 3336 2680 3424 2727; x_wconf 84' lang='grc' dir='ltr'>καὶ</span> <span class='ocrx_word' id='word_1_330' title='bbox 3475 2671 3638 2742; x_wconf 82' lang='grc' dir='ltr'>αὖθις,</span> <span class='ocrx_word' id='word_1_331' title='bbox 3671 2675 3966 2748; x_wconf 73' lang='grc' dir='ltr'>ἐγγίζοντος</span> 
     </span>
    </p>
   </div>
   <div class='ocr_carea' id='block_1_48' title="bbox 597 2752 2244 2840">
    <p class='ocr_par' dir='ltr' id='par_1_48' title="bbox 597 2765 2244 2840">
     <span class='ocr_line' id='line_1_48' title="bbox 597 2765 2244 2840; baseline 0.003 -18"><span class='ocrx_word' id='word_1_332' title='bbox 597 2766 680 2822; x_wconf 91' lang='lat' dir='ltr'><strong>cis</strong></span> <span class='ocrx_word' id='word_1_333' title='bbox 710 2765 1012 2838; x_wconf 88' lang='lat' dir='ltr'><strong>passione,</strong></span> <span class='ocrx_word' id='word_1_334' title='bbox 1054 2766 1300 2840; x_wconf 87' lang='lat' dir='ltr'><strong>quando</strong></span> <span class='ocrx_word' id='word_1_335' title='bbox 1351 2771 1426 2824; x_wconf 89' lang='lat' dir='ltr'><strong>de</strong></span> <span class='ocrx_word' id='word_1_336' title='bbox 1471 2768 1680 2825; x_wconf 88' lang='lat' dir='ltr'><strong>mundi</strong></span> <span class='ocrx_word' id='word_1_337' title='bbox 1735 2769 2244 2827; x_wconf 83' lang='lat' dir='ltr'><strong>consummatione</strong></span> 
     </span>
    </p>
   </div>
   <div class='ocr_carea' id='block_1_49' title="bbox 2318 2752 3965 2840">
    <p class='ocr_par' dir='ltr' id='par_1_49' title="bbox 2364 2752 3965 2839">
     <span class='ocr_line' id='line_1_49' title="bbox 2364 2752 3965 2839; baseline 0.008 -32"><span class='ocrx_word' id='word_1_338' title='bbox 2364 2764 2454 2808; x_wconf 86' lang='grc' dir='ltr'><strong>τοῦ</strong></span> <span class='ocrx_word' id='word_1_339' title='bbox 2505 2752 2598 2808; x_wconf 87' lang='grc' dir='ltr'><strong>διά</strong></span> <span class='ocrx_word' id='word_1_340' title='bbox 2661 2766 2890 2831; x_wconf 89' lang='grc' dir='ltr'>σταυροῦ</span> <span class='ocrx_word' id='word_1_341' title='bbox 2929 2762 3142 2824; x_wconf 79' lang='grc' dir='ltr'>πάθους,</span> <span class='ocrx_word' id='word_1_342' title='bbox 3204 2763 3285 2814; x_wconf 85' lang='grc' dir='ltr'>ὅτε</span> <span class='ocrx_word' id='word_1_343' title='bbox 3315 2769 3433 2837; x_wconf 82' lang='grc' dir='ltr'>περὶ</span> <span class='ocrx_word' id='word_1_344' title='bbox 3491 2772 3586 2826; x_wconf 88' lang='grc' dir='ltr'>τῆς</span> <span class='ocrx_word' id='word_1_345' title='bbox 3639 2774 3730 2817; x_wconf 86' lang='grc' dir='ltr'><strong>τοῦ</strong></span> <span class='ocrx_word' id='word_1_346' title='bbox 3761 2773 3965 2839; x_wconf 83' lang='grc' dir='ltr'>κόσμου</span> 
     </span>
    </p>
   </div>
   <div class='ocr_carea' id='block_1_50' title="bbox 593 2845 2240 2930">
    <p class='ocr_par' dir='ltr' id='par_1_50' title="bbox 593 2854 2240 2930">
     <span class='ocr_line' id='line_1_50' title="bbox 593 2854 2240 2930; baseline 0.003 -19"><span class='ocrx_word' id='word_1_347' title='bbox 593 2854 764 2912; x_wconf 92' lang='lat' dir='ltr'><strong>illum</strong></span> <span class='ocrx_word' id='word_1_348' title='bbox 796 2856 1330 2926; x_wconf 82' lang='lat' dir='ltr'><strong>interrogaverunt.</strong></span> <span class='ocrx_word' id='word_1_349' title='bbox 1381 2859 1468 2914; x_wconf 78' lang='lat' dir='ltr'><strong>Ait</strong></span> <span class='ocrx_word' id='word_1_350' title='bbox 1500 2858 1659 2914; x_wconf 91' lang='lat' dir='ltr'><strong>enim</strong></span> <span class='ocrx_word' id='word_1_351' title='bbox 1683 2859 1892 2923; x_wconf 90' lang='lat' dir='ltr'><strong>Lucas,</strong></span> <span class='ocrx_word' id='word_1_352' title='bbox 1917 2857 2082 2930; x_wconf 91' lang='lat' dir='ltr'><strong>quod</strong></span> <span class='ocrx_word' id='word_1_353' title='bbox 2115 2864 2240 2916; x_wconf 82' lang='lat' dir='ltr'><strong>tunc</strong></span> 
     </span>
    </p>
   </div>
   <div class='ocr_carea' id='block_1_51' title="bbox 2316 2845 3963 2930">
    <p class='ocr_par' dir='ltr' id='par_1_51' title="bbox 2365 2845 3963 2927">
     <span class='ocr_line' id='line_1_51' title="bbox 2365 2845 3963 2927; baseline 0.008 -31"><span class='ocrx_word' id='word_1_354' title='bbox 2365 2845 2651 2908; x_wconf 81' lang='grc' dir='ltr'>συντελείας</span> <span class='ocrx_word' id='word_1_355' title='bbox 2711 2848 2986 2918; x_wconf 78' lang='grc' dir='ltr'>ἠρώτησαν</span> <span class='ocrx_word' id='word_1_356' title='bbox 3056 2849 3230 2904; x_wconf 70' lang='grc' dir='ltr'>αὐτόν.</span> <span class='ocrx_word' id='word_1_357' title='bbox 3307 2857 3444 2910; x_wconf 78' lang='grc' dir='ltr'>Φησὶ</span> <span class='ocrx_word' id='word_1_358' title='bbox 3492 2857 3592 2927; x_wconf 83' lang='grc' dir='ltr'><strong>γὰρ</strong></span> <span class='ocrx_word' id='word_1_359' title='bbox 3651 2857 3676 2906; x_wconf 86' lang='grc' dir='ltr'><strong><em>ὁ</em></strong></span> <span class='ocrx_word' id='word_1_360' title='bbox 3732 2862 3963 2923; x_wconf 78' lang='grc' dir='ltr'>Λουκᾶς,</span> 
     </span>
    </p>
   </div>
   <div class='ocr_carea' id='block_1_52' title="bbox 594 2938 2241 3017">
    <p class='ocr_par' dir='ltr' id='par_1_52' title="bbox 594 2943 2241 3016">
     <span class='ocr_line' id='line_1_52' title="bbox 594 2943 2241 3016; baseline 0.001 -14"><span class='ocrx_word' id='word_1_361' title='bbox 594 2944 774 3002; x_wconf 88' lang='lat' dir='ltr'><strong>etiam</strong></span> <span class='ocrx_word' id='word_1_362' title='bbox 789 2943 1186 3016; x_wconf 88' lang='lat' dir='ltr'><strong>subjunxerit:</strong></span> <span class='ocrx_word' id='word_1_363' title='bbox 1215 2947 1376 3016; x_wconf 85' lang='lat' dir='ltr'><strong>Ergo</strong></span> <span class='ocrx_word' id='word_1_364' title='bbox 1388 2946 1530 3002; x_wconf 86' lang='lat' dir='ltr'><strong>dabo</strong></span> <span class='ocrx_word' id='word_1_365' title='bbox 1553 2947 1708 3002; x_wconf 84' lang='lat' dir='ltr'><strong>vobis</strong></span> <span class='ocrx_word' id='word_1_366' title='bbox 1727 2963 1787 3002; x_wconf 90' lang='lat' dir='ltr'><strong>os</strong></span> <span class='ocrx_word' id='word_1_367' title='bbox 1808 2954 1862 3002; x_wconf 89' lang='lat' dir='ltr'><strong>et</strong></span> <span class='ocrx_word' id='word_1_368' title='bbox 1877 2947 2241 3015; x_wconf 84' lang='lat' dir='ltr'><strong>sapientiam,</strong></span> 
     </span>
    </p>
   </div>
   <div class='ocr_carea' id='block_1_53' title="bbox 2319 2938 3966 3017">
    <p class='ocr_par' dir='ltr' id='par_1_53' title="bbox 2361 2938 3966 3017">
     <span class='ocr_line' id='line_1_53' title="bbox 2361 2938 3966 3017; baseline 0.008 -33"><span class='ocrx_word' id='word_1_369' title='bbox 2361 2938 2450 2986; x_wconf 83' lang='grc' dir='ltr'>καὶ</span> <span class='ocrx_word' id='word_1_370' title='bbox 2506 2944 2791 2993; x_wconf 88' lang='grc' dir='ltr'>τηνικαῦτα</span> <span class='ocrx_word' id='word_1_371' title='bbox 2862 2938 3018 2989; x_wconf 82' lang='grc' dir='ltr'>εἰπεῖν</span> <span class='ocrx_word' id='word_1_372' title='bbox 3074 2939 3248 3010; x_wconf 67' lang='grc' dir='ltr'>αὐτόν,</span> <span class='ocrx_word' id='word_1_373' title='bbox 3312 2943 3392 2992; x_wconf 84' lang='grc' dir='ltr'>ὅτι</span> <span class='ocrx_word' id='word_1_374' title='bbox 3450 2943 3579 3012; x_wconf 83' lang='grc' dir='ltr'><strong>Ἐγώ</strong></span> <span class='ocrx_word' id='word_1_375' title='bbox 3631 2941 3789 2996; x_wconf 86' lang='grc' dir='ltr'>δωσω</span> <span class='ocrx_word' id='word_1_376' title='bbox 3842 2947 3966 3017; x_wconf 79' lang='grc' dir='ltr'>ύμῖν</span> 
     </span>
    </p>
   </div>
   <div class='ocr_carea' id='block_1_54' title="bbox 594 3026 2241 3104">
    <p class='ocr_par' dir='ltr' id='par_1_54' title="bbox 594 3034 2241 3104">
     <span class='ocr_line' id='line_1_54' title="bbox 594 3034 2241 3104; baseline 0.002 -13"><span class='ocrx_word' id='word_1_377' title='bbox 594 3034 694 3092; x_wconf 89' lang='lat' dir='ltr'><strong>cui</strong></span> <span class='ocrx_word' id='word_1_378' title='bbox 713 3049 833 3090; x_wconf 86' lang='lat' dir='ltr'><strong>non</strong></span> <span class='ocrx_word' id='word_1_379' title='bbox 870 3039 1148 3104; x_wconf 81' lang='lat' dir='ltr'><strong>poterunt</strong></span> <span class='ocrx_word' id='word_1_380' title='bbox 1177 3035 1590 3092; x_wconf 86' lang='lat' dir='ltr'><strong>contradicere</strong></span> <span class='ocrx_word' id='word_1_381' title='bbox 1609 3043 1712 3093; x_wconf 89' lang='lat' dir='ltr'><strong>aut</strong></span> <span class='ocrx_word' id='word_1_382' title='bbox 1745 3037 2016 3094; x_wconf 80' lang='lat' dir='ltr'><strong>resistere</strong></span> <span class='ocrx_word' id='word_1_383' title='bbox 2052 3053 2241 3094; x_wconf 75' lang='lat' dir='ltr'><strong>omnes</strong></span> 
     </span>
    </p>
   </div>
   <div class='ocr_carea' id='block_1_55' title="bbox 2314 3026 3961 3104">
    <p class='ocr_par' dir='ltr' id='par_1_55' title="bbox 2363 3026 3961 3103">
     <span class='ocr_line' id='line_1_55' title="bbox 2363 3026 3961 3103; baseline 0.007 -28"><span class='ocrx_word' id='word_1_384' title='bbox 2363 3028 2533 3095; x_wconf 83' lang='grc' dir='ltr'>στόμα</span> <span class='ocrx_word' id='word_1_385' title='bbox 2631 3030 2719 3076; x_wconf 80' lang='grc' dir='ltr'>καὶ</span> <span class='ocrx_word' id='word_1_386' title='bbox 2800 3032 2984 3097; x_wconf 65' lang='grc' dir='ltr'>σοφίαν</span> <span class='ocrx_word' id='word_1_387' title='bbox 3064 3028 3094 3099; x_wconf 72' lang='grc' dir='ltr'>ᾖ</span> <span class='ocrx_word' id='word_1_388' title='bbox 3163 3029 3220 3080; x_wconf 79' lang='grc' dir='ltr'><strong>ού</strong></span> <span class='ocrx_word' id='word_1_389' title='bbox 3288 3026 3607 3086; x_wconf 79' lang='grc' dir='ltr'>δυνήσονται</span> <span class='ocrx_word' id='word_1_390' title='bbox 3680 3031 3961 3103; x_wconf 79' lang='grc' dir='ltr'>ἀντειπεῖν,</span> 
     </span>
    </p>
   </div>
   <div class='ocr_carea' id='block_1_56' title="bbox 591 3109 2238 3215">
    <p class='ocr_par' dir='ltr' id='par_1_56' title="bbox 591 3123 1400 3196">
     <span class='ocr_line' id='line_1_56' title="bbox 591 3123 1400 3196; baseline -0.001 -17"><span class='ocrx_word' id='word_1_391' title='bbox 591 3123 690 3196; x_wconf 89' lang='lat' dir='ltr'><strong>qui</strong></span> <span class='ocrx_word' id='word_1_392' title='bbox 723 3124 1117 3181; x_wconf 85' lang='lat' dir='ltr'><strong>adversantur</strong></span> <span class='ocrx_word' id='word_1_393' title='bbox 1143 3125 1300 3182; x_wconf 84' lang='lat' dir='ltr'><strong>vobis</strong></span> <span class='ocrx_word' id='word_1_394' title='bbox 1331 3126 1400 3178; x_wconf 74' lang='grc' dir='ltr'><strong>δι.</strong></span> 
     </span>
    </p>
   </div>
   <div class='ocr_carea' id='block_1_57' title="bbox 1985 3109 3632 3215">
    <p class='ocr_par' dir='ltr' id='par_1_57' title="bbox 2283 3109 3632 3215">
     <span class='ocr_line' id='line_1_57' title="bbox 2283 3109 3632 3215; baseline 0.005 -52"><span class='ocrx_word' id='word_1_395' title='bbox 2283 3159 2323 3215; x_wconf 79' lang='lat' dir='ltr'>C</span> <span class='ocrx_word' id='word_1_396' title='bbox 2360 3109 2481 3165; x_wconf 69' lang='grc' dir='ltr'>οὐδὲ</span> <span class='ocrx_word' id='word_1_397' title='bbox 2505 3113 2809 3173; x_wconf 75' lang='grc' dir='ltr'>ἀντιστῆναι</span> <span class='ocrx_word' id='word_1_398' title='bbox 2840 3118 3023 3178; x_wconf 84' lang='grc' dir='ltr'>πάντες</span> <span class='ocrx_word' id='word_1_399' title='bbox 3049 3119 3097 3169; x_wconf 81' lang='grc' dir='ltr'>οἱ</span> <span class='ocrx_word' id='word_1_400' title='bbox 3123 3118 3461 3189; x_wconf 83' lang='grc' dir='ltr'>ἀντικείμενοι</span> <span class='ocrx_word' id='word_1_401' title='bbox 3493 3121 3632 3191; x_wconf 87' lang='grc' dir='ltr'>ύμῖν,</span> 
     </span>
    </p>
   </div>
   <div class='ocr_carea' id='block_1_58' title="bbox 662 3202 2309 3288">
    <p class='ocr_par' dir='ltr' id='par_1_58' title="bbox 662 3202 2309 3288">
     <span class='ocr_line' id='line_1_58' title="bbox 662 3202 2309 3288; baseline 0.002 -18"><span class='ocrx_word' id='word_1_402' title='bbox 662 3213 826 3270; x_wconf 81' lang='lat' dir='ltr'><strong>Vere.</strong></span> <span class='ocrx_word' id='word_1_403' title='bbox 858 3217 948 3270; x_wconf 91' lang='lat'><strong>20.</strong></span> <span class='ocrx_word' id='word_1_404' title='bbox 997 3215 1126 3272; x_wconf 90' lang='lat' dir='ltr'><strong>Non</strong></span> <span class='ocrx_word' id='word_1_405' title='bbox 1155 3245 1224 3256; x_wconf 91' lang='lat'><strong><em>—</em></strong></span> <span class='ocrx_word' id='word_1_406' title='bbox 1275 3215 1599 3285; x_wconf 81' lang='lat' dir='ltr'><strong>loquentes.</strong></span> <span class='ocrx_word' id='word_1_407' title='bbox 1636 3217 1754 3272; x_wconf 82' lang='lat' dir='ltr'><strong>Hoc</strong></span> <span class='ocrx_word' id='word_1_408' title='bbox 1823 3218 1929 3281; x_wconf 89' lang='lat' dir='ltr'><strong>est,</strong></span> <span class='ocrx_word' id='word_1_409' title='bbox 1961 3215 2061 3288; x_wconf 89' lang='lat' dir='ltr'><strong>qui</strong></span> <span class='ocrx_word' id='word_1_410' title='bbox 2110 3219 2250 3273; x_wconf 90' lang='lat' dir='ltr'><strong>tunc</strong></span> <span class='ocrx_word' id='word_1_411' title='bbox 2286 3202 2309 3215; x_wconf 59' lang='grc'>”</span> 
     </span>
    </p>
   </div>
   <div class='ocr_carea' id='block_1_59' title="bbox 1842 3202 3489 3288">
    <p class='ocr_par' dir='ltr' id='par_1_59' title="bbox 1842 3202 3489 3288">
     <span class='ocr_line' id='line_1_59' title="bbox 1842 3202 3489 3288; baseline 0.006 -37"><span class='ocrx_word' id='word_1_412' title='bbox 1842 3218 1929 3281; x_wconf 54' lang='grc' dir='ltr'><strong>,δι’</strong></span> <span class='ocrx_word' id='word_1_413' title='bbox 1961 3215 2061 3288; x_wconf 73' lang='lat' dir='ltr'><strong>qui</strong></span> <span class='ocrx_word' id='word_1_414' title='bbox 2110 3219 2250 3273; x_wconf 61' lang='lat' dir='ltr'><strong>tunc</strong></span> <span class='ocrx_word' id='word_1_415' title='bbox 2286 3202 2323 3215; x_wconf 53' lang='lat' dir='ltr'><strong>V</strong></span> <span class='ocrx_word' id='word_1_416' title='bbox 2432 3202 2506 3254; x_wconf 73' lang='lat' dir='ltr'><strong>Ou’</strong></span> <span class='ocrx_word' id='word_1_417' title='bbox 2539 3233 2603 3242; x_wconf 91' lang='lat'>—</span> <span class='ocrx_word' id='word_1_418' title='bbox 2631 3202 2919 3266; x_wconf 75' lang='grc' dir='ltr'>λαλοῦντες.</span> <span class='ocrx_word' id='word_1_419' title='bbox 2962 3207 3027 3257; x_wconf 83' lang='lat' dir='ltr'><strong>Oi</strong></span> <span class='ocrx_word' id='word_1_420' title='bbox 3056 3205 3320 3267; x_wconf 80' lang='grc' dir='ltr'>λαλοῦντες</span> <span class='ocrx_word' id='word_1_421' title='bbox 3358 3211 3489 3262; x_wconf 87' lang='grc' dir='ltr'>τότε.</span> 
     </span>
    </p>
   </div>
   <div class='ocr_carea' id='block_1_60' title="bbox 587 3301 925 3376">
    <p class='ocr_par' dir='ltr' id='par_1_60' title="bbox 587 3301 925 3376">
     <span class='ocr_line' id='line_1_60' title="bbox 587 3301 925 3376; baseline 0.003 -18"><span class='ocrx_word' id='word_1_422' title='bbox 587 3301 925 3376; x_wconf 81' lang='lat' dir='ltr'><strong>loquentur.</strong></span> 
     </span>
    </p>
   </div>
   <div class='ocr_carea' id='block_1_61' title="bbox 656 3380 2303 3468">
    <p class='ocr_par' dir='ltr' id='par_1_61' title="bbox 656 3391 2248 3468">
     <span class='ocr_line' id='line_1_61' title="bbox 656 3391 2248 3468; baseline 0.003 -21"><span class='ocrx_word' id='word_1_423' title='bbox 656 3393 829 3449; x_wconf 88' lang='lat' dir='ltr'><strong>Vers.</strong></span> <span class='ocrx_word' id='word_1_424' title='bbox 877 3392 972 3449; x_wconf 87' lang='lat'><strong>20.</strong></span> <span class='ocrx_word' id='word_1_425' title='bbox 1010 3391 1121 3449; x_wconf 87' lang='lat' dir='ltr'><strong>Sed</strong></span> <span class='ocrx_word' id='word_1_426' title='bbox 1146 3423 1212 3434; x_wconf 94' lang='lat'><strong>-</strong></span> <span class='ocrx_word' id='word_1_427' title='bbox 1245 3393 1425 3451; x_wconf 86' lang='lat' dir='ltr'><strong>vobis.</strong></span> <span class='ocrx_word' id='word_1_428' title='bbox 1462 3392 1578 3450; x_wconf 91' lang='lat' dir='ltr'><strong>Sed</strong></span> <span class='ocrx_word' id='word_1_429' title='bbox 1603 3393 1850 3467; x_wconf 90' lang='lat' dir='ltr'><strong>Spiritu</strong></span> <span class='ocrx_word' id='word_1_430' title='bbox 1873 3398 2118 3452; x_wconf 90' lang='lat' dir='ltr'><strong>sanctus</strong></span> <span class='ocrx_word' id='word_1_431' title='bbox 2145 3395 2248 3468; x_wconf 91' lang='lat' dir='ltr'><strong>qui</strong></span> 
     </span>
    </p>
   </div>
   <div class='ocr_carea' id='block_1_62' title="bbox 2314 3380 3961 3468">
    <p class='ocr_par' dir='ltr' id='par_1_62' title="bbox 2430 3380 3961 3462">
     <span class='ocr_line' id='line_1_62' title="bbox 2430 3380 3961 3462; baseline 0.01 -31"><span class='ocrx_word' id='word_1_432' title='bbox 2430 3380 2586 3433; x_wconf 84' lang='grc' dir='ltr'>Ἀλλά</span> <span class='ocrx_word' id='word_1_433' title='bbox 2645 3413 2708 3423; x_wconf 88' lang='lat'><em>—</em></span> <span class='ocrx_word' id='word_1_434' title='bbox 2763 3382 2902 3454; x_wconf 86' lang='grc' dir='ltr'>ύμῖν.</span> <span class='ocrx_word' id='word_1_435' title='bbox 2960 3383 3116 3439; x_wconf 84' lang='grc' dir='ltr'>Ἀλλά</span> <span class='ocrx_word' id='word_1_436' title='bbox 3168 3389 3224 3438; x_wconf 84' lang='grc' dir='ltr'>τὸ</span> <span class='ocrx_word' id='word_1_437' title='bbox 3292 3392 3498 3458; x_wconf 85' lang='grc' dir='ltr'>Πνεῦμα</span> <span class='ocrx_word' id='word_1_438' title='bbox 3540 3391 3599 3440; x_wconf 87' lang='grc' dir='ltr'>τὸ</span> <span class='ocrx_word' id='word_1_439' title='bbox 3662 3389 3831 3462; x_wconf 75' lang='grc' dir='ltr'>ἅγιον,</span> <span class='ocrx_word' id='word_1_440' title='bbox 3899 3396 3961 3446; x_wconf 88' lang='grc' dir='ltr'>τὸ</span> 
     </span>
    </p>
   </div>
   <div class='ocr_carea' id='block_1_63' title="bbox 581 3470 2228 3556">
    <p class='ocr_par' dir='ltr' id='par_1_63' title="bbox 581 3480 1160 3556">
     <span class='ocr_line' id='line_1_63' title="bbox 581 3480 1160 3556; baseline -0.005 -17"><span class='ocrx_word' id='word_1_441' title='bbox 581 3480 846 3556; x_wconf 89' lang='lat' dir='ltr'><strong>loquitur</strong></span> <span class='ocrx_word' id='word_1_442' title='bbox 877 3483 938 3538; x_wconf 90' lang='lat' dir='ltr'><strong>in</strong></span> <span class='ocrx_word' id='word_1_443' title='bbox 969 3482 1160 3538; x_wconf 87' lang='lat' dir='ltr'><strong>vobis.</strong></span> 
     </span>
    </p>
   </div>
   <div class='ocr_carea' id='block_1_64' title="bbox 1280 3470 2927 3556">
    <p class='ocr_par' dir='ltr' id='par_1_64' title="bbox 2357 3470 2927 3543">
     <span class='ocr_line' id='line_1_64' title="bbox 2357 3470 2927 3543; baseline 0.002 -19"><span class='ocrx_word' id='word_1_444' title='bbox 2357 3470 2539 3524; x_wconf 85' lang='grc' dir='ltr'>λαλοῦν</span> <span class='ocrx_word' id='word_1_445' title='bbox 2571 3470 2618 3522; x_wconf 77' lang='grc' dir='ltr'>ἐν</span> <span class='ocrx_word' id='word_1_446' title='bbox 2645 3473 2764 3543; x_wconf 83' lang='grc' dir='ltr'>ύμῖν</span> <span class='ocrx_word' id='word_1_447' title='bbox 2795 3477 2927 3525; x_wconf 86' lang='grc' dir='ltr'>τότε.</span> 
     </span>
    </p>
   </div>
   <div class='ocr_carea' id='block_1_65' title="bbox 653 3556 2300 3640">
    <p class='ocr_par' dir='ltr' id='par_1_65' title="bbox 653 3571 2248 3640">
     <span class='ocr_line' id='line_1_65' title="bbox 653 3571 2248 3640; baseline 0 -12"><span class='ocrx_word' id='word_1_448' title='bbox 653 3574 811 3630; x_wconf 85' lang='lat' dir='ltr'><strong>Vers.</strong></span> <span class='ocrx_word' id='word_1_449' title='bbox 840 3573 929 3626; x_wconf 86' lang='lat' dir='ltr'><strong>2t.</strong></span> <span class='ocrx_word' id='word_1_450' title='bbox 959 3571 1478 3640; x_wconf 82' lang='lat' dir='ltr'><strong>Prodet—ﬁlium.</strong></span> <span class='ocrx_word' id='word_1_451' title='bbox 1510 3572 1593 3628; x_wconf 91' lang='lat' dir='ltr'><strong>Illi</strong></span> <span class='ocrx_word' id='word_1_452' title='bbox 1623 3588 1746 3630; x_wconf 91' lang='lat' dir='ltr'><strong>non</strong></span> <span class='ocrx_word' id='word_1_453' title='bbox 1769 3574 2108 3638; x_wconf 89' lang='lat' dir='ltr'><strong>credentes,</strong></span> <span class='ocrx_word' id='word_1_454' title='bbox 2137 3573 2248 3630; x_wconf 86' lang='lat' dir='ltr'><strong>hos</strong></span> 
     </span>
    </p>
   </div>
   <div class='ocr_carea' id='block_1_66' title="bbox 2312 3556 3959 3640">
    <p class='ocr_par' dir='ltr' id='par_1_66' title="bbox 2431 3556 3959 3636">
     <span class='ocr_line' id='line_1_66' title="bbox 2431 3556 3959 3636; baseline 0.007 -24"><span class='ocrx_word' id='word_1_455' title='bbox 2431 3556 2742 3633; x_wconf 82' lang='grc' dir='ltr'>Παραδώσει</span> <span class='ocrx_word' id='word_1_456' title='bbox 2798 3592 2866 3602; x_wconf 96' lang='grc'><strong>-</strong></span> <span class='ocrx_word' id='word_1_457' title='bbox 2910 3566 3100 3618; x_wconf 78' lang='grc' dir='ltr'>τέκνον.</span> <span class='ocrx_word' id='word_1_458' title='bbox 3161 3566 3227 3616; x_wconf 77' lang='grc' dir='ltr'><strong>Οἱ</strong></span> <span class='ocrx_word' id='word_1_459' title='bbox 3280 3569 3353 3636; x_wconf 77' lang='grc' dir='ltr'>μὴ</span> <span class='ocrx_word' id='word_1_460' title='bbox 3397 3570 3781 3634; x_wconf 84' lang='grc' dir='ltr'>πιστεύσαντες,</span> <span class='ocrx_word' id='word_1_461' title='bbox 3837 3573 3959 3633; x_wconf 82' lang='grc' dir='ltr'>τοὺς</span> 
     </span>
    </p>
   </div>
   <div class='ocr_carea' id='block_1_67' title="bbox 584 3651 2231 3731">
    <p class='ocr_par' dir='ltr' id='par_1_67' title="bbox 584 3657 1100 3731">
     <span class='ocr_line' id='line_1_67' title="bbox 584 3657 1100 3731; baseline 0.002 -17"><span class='ocrx_word' id='word_1_462' title='bbox 584 3660 842 3731; x_wconf 88' lang='lat' dir='ltr'><strong>prodent</strong></span> <span class='ocrx_word' id='word_1_463' title='bbox 866 3657 1100 3715; x_wconf 77' lang='lat' dir='ltr'><strong>fideles.</strong></span> 
     </span>
    </p>
   </div>
   <div class='ocr_carea' id='block_1_68' title="bbox 1112 3651 2759 3731">
    <p class='ocr_par' dir='ltr' id='par_1_68' title="bbox 2357 3651 2759 3712">
     <span class='ocr_line' id='line_1_68' title="bbox 2357 3651 2759 3712; baseline 0.01 -12"><span class='ocrx_word' id='word_1_464' title='bbox 2357 3651 2759 3712; x_wconf 84' lang='grc' dir='ltr'>πιστεύσαντας.</span> 
     </span>
    </p>
   </div>
   <div class='ocr_carea' id='block_1_69' title="bbox 657 3740 2304 3815">
    <p class='ocr_par' dir='ltr' id='par_1_69' title="bbox 657 3747 2246 3809">
     <span class='ocr_line' id='line_1_69' title="bbox 657 3747 2246 3809; baseline 0.004 -8"><span class='ocrx_word' id='word_1_465' title='bbox 657 3747 823 3804; x_wconf 90' lang='lat' dir='ltr'><strong>Vers.</strong></span> <span class='ocrx_word' id='word_1_466' title='bbox 851 3749 916 3802; x_wconf 75' lang='grc'><strong>21</strong></span> <span class='ocrx_word' id='word_1_467' title='bbox 948 3748 1028 3803; x_wconf 89' lang='lat' dir='ltr'><strong>Et</strong></span> <span class='ocrx_word' id='word_1_468' title='bbox 1058 3777 1124 3790; x_wconf 91' lang='lat'><strong>-</strong></span> <span class='ocrx_word' id='word_1_469' title='bbox 1155 3763 1275 3806; x_wconf 85' lang='lat' dir='ltr'><strong>eos.</strong></span> <span class='ocrx_word' id='word_1_470' title='bbox 1308 3751 1372 3804; x_wconf 87' lang='lat' dir='ltr'><strong>Et</strong></span> <span class='ocrx_word' id='word_1_471' title='bbox 1402 3749 1670 3805; x_wconf 85' lang='lat' dir='ltr'><strong>similiter</strong></span> <span class='ocrx_word' id='word_1_472' title='bbox 1699 3749 1773 3805; x_wconf 92' lang='lat' dir='ltr'><strong>de</strong></span> <span class='ocrx_word' id='word_1_473' title='bbox 1803 3750 1894 3806; x_wconf 90' lang='lat' dir='ltr'><strong>his</strong></span> <span class='ocrx_word' id='word_1_474' title='bbox 1926 3751 2246 3809; x_wconf 91' lang='lat' dir='ltr'><strong>dicendum</strong></span> 
     </span>
    </p>
   </div>
   <div class='ocr_carea' id='block_1_70' title="bbox 2304 3740 3951 3815">
    <p class='ocr_par' dir='ltr' id='par_1_70' title="bbox 2433 3740 3951 3815">
     <span class='ocr_line' id='line_1_70' title="bbox 2433 3740 3951 3815; baseline 0.004 -25"><span class='ocrx_word' id='word_1_475' title='bbox 2433 3743 2624 3791; x_wconf 80' lang='grc' dir='ltr'><strong>Καὶ-</strong></span> <span class='ocrx_word' id='word_1_476' title='bbox 2673 3740 2881 3802; x_wconf 67' lang='grc' dir='ltr'>αὐτούς.</span> <span class='ocrx_word' id='word_1_477' title='bbox 2920 3745 3018 3794; x_wconf 80' lang='grc' dir='ltr'><strong>Καὶ</strong></span> <span class='ocrx_word' id='word_1_478' title='bbox 3064 3741 3207 3794; x_wconf 84' lang='grc' dir='ltr'>οὗτοι</span> <span class='ocrx_word' id='word_1_479' title='bbox 3255 3744 3464 3815; x_wconf 85' lang='grc' dir='ltr'>ὁμοίως.</span> <span class='ocrx_word' id='word_1_480' title='bbox 3523 3747 3615 3796; x_wconf 85' lang='grc' dir='ltr'>Διά</span> <span class='ocrx_word' id='word_1_481' title='bbox 3644 3752 3738 3796; x_wconf 81' lang='grc' dir='ltr'>τῶν</span> <span class='ocrx_word' id='word_1_482' title='bbox 3774 3743 3951 3815; x_wconf 75' lang='grc' dir='ltr'>φιλτά-</span> 
     </span>
    </p>
   </div>
   <div class='ocr_carea' id='block_1_71' title="bbox 584 3825 2231 3913">
    <p class='ocr_par' dir='ltr' id='par_1_71' title="bbox 584 3836 2231 3913">
     <span class='ocr_line' id='line_1_71' title="bbox 584 3836 2231 3913; baseline 0.003 -20"><span class='ocrx_word' id='word_1_483' title='bbox 584 3839 698 3893; x_wconf 88' lang='lat' dir='ltr'><strong>est.</strong></span> <span class='ocrx_word' id='word_1_484' title='bbox 731 3839 835 3892; x_wconf 89' lang='lat' dir='ltr'><strong>Per</strong></span> <span class='ocrx_word' id='word_1_485' title='bbox 864 3836 974 3892; x_wconf 90' lang='lat' dir='ltr'><strong>hos</strong></span> <span class='ocrx_word' id='word_1_486' title='bbox 1006 3841 1206 3892; x_wconf 91' lang='lat' dir='ltr'><strong>autem</strong></span> <span class='ocrx_word' id='word_1_487' title='bbox 1228 3837 1625 3894; x_wconf 84' lang='lat' dir='ltr'><strong>amicissimos</strong></span> <span class='ocrx_word' id='word_1_488' title='bbox 1646 3838 1824 3894; x_wconf 90' lang='lat' dir='ltr'><strong>etiam</strong></span> <span class='ocrx_word' id='word_1_489' title='bbox 1853 3839 2005 3896; x_wconf 89' lang='lat' dir='ltr'><strong>alios</strong></span> <span class='ocrx_word' id='word_1_490' title='bbox 2029 3856 2231 3913; x_wconf 83' lang='lat' dir='ltr'><strong>cogna-</strong></span> 
     </span>
    </p>
   </div>
   <div class='ocr_carea' id='block_1_72' title="bbox 2307 3825 3954 3913">
    <p class='ocr_par' dir='ltr' id='par_1_72' title="bbox 2356 3825 3954 3906">
     <span class='ocr_line' id='line_1_72' title="bbox 2356 3825 3954 3906; baseline 0.004 -26"><span class='ocrx_word' id='word_1_491' title='bbox 2356 3847 2453 3880; x_wconf 89' lang='grc' dir='ltr'><strong>των</strong></span> <span class='ocrx_word' id='word_1_492' title='bbox 2517 3825 2574 3880; x_wconf 75' lang='grc' dir='ltr'><strong>δε</strong></span> <span class='ocrx_word' id='word_1_493' title='bbox 2622 3833 2834 3896; x_wconf 87' lang='grc' dir='ltr'>τούτων,</span> <span class='ocrx_word' id='word_1_494' title='bbox 2891 3835 2980 3882; x_wconf 81' lang='grc' dir='ltr'>καὶ</span> <span class='ocrx_word' id='word_1_495' title='bbox 3054 3834 3146 3891; x_wconf 81' lang='grc' dir='ltr'><strong>τὰς</strong></span> <span class='ocrx_word' id='word_1_496' title='bbox 3196 3831 3346 3894; x_wconf 77' lang='grc' dir='ltr'>α’λλας</span> <span class='ocrx_word' id='word_1_497' title='bbox 3396 3832 3591 3906; x_wconf 67' lang='grc' dir='ltr'>ἐνέφηνε</span> <span class='ocrx_word' id='word_1_498' title='bbox 3654 3837 3954 3905; x_wconf 70' lang='grc' dir='ltr'>συγγενείας</span> 
     </span>
    </p>
   </div>
   <div class='ocr_carea' id='block_1_73' title="bbox 583 3918 2230 3996">
    <p class='ocr_par' dir='ltr' id='par_1_73' title="bbox 583 3924 1434 3996">
     <span class='ocr_line' id='line_1_73' title="bbox 583 3924 1434 3996; baseline 0.002 -16"><span class='ocrx_word' id='word_1_499' title='bbox 583 3927 676 3982; x_wconf 86' lang='lat' dir='ltr'><strong>tos</strong></span> <span class='ocrx_word' id='word_1_500' title='bbox 707 3930 765 3979; x_wconf 89' lang='lat' dir='ltr'><strong>et</strong></span> <span class='ocrx_word' id='word_1_501' title='bbox 790 3924 1110 3981; x_wconf 79' lang='lat' dir='ltr'><strong>familiares</strong></span> <span class='ocrx_word' id='word_1_502' title='bbox 1140 3925 1434 3996; x_wconf 81' lang='lat' dir='ltr'><strong>intelligit.</strong></span> 
     </span>
    </p>
   </div>
   <div class='ocr_carea' id='block_1_74' title="bbox 1146 3918 2793 3996">
    <p class='ocr_par' dir='ltr' id='par_1_74' title="bbox 1146 3918 2793 3996">
     <span class='ocr_line' id='line_1_74' title="bbox 1146 3918 2793 3996; baseline -0.004 -15"><span class='ocrx_word' id='word_1_503' title='bbox 1146 3925 1434 3996; x_wconf 79' lang='lat' dir='ltr'><strong>intelligit.</strong></span> <span class='ocrx_word' id='word_1_504' title='bbox 2354 3923 2443 3970; x_wconf 83' lang='grc' dir='ltr'>καὶ</span> <span class='ocrx_word' id='word_1_505' title='bbox 2465 3918 2793 3980; x_wconf 70' lang='grc' dir='ltr'>οἰκειότητας.</span> 
     </span>
    </p>
   </div>
   <div class='ocr_carea' id='block_1_75' title="bbox 654 4010 2301 4085">
    <p class='ocr_par' dir='ltr' id='par_1_75' title="bbox 654 4010 2242 4085">
     <span class='ocr_line' id='line_1_75' title="bbox 654 4010 2242 4085; baseline 0.004 -18"><span class='ocrx_word' id='word_1_506' title='bbox 654 4010 818 4068; x_wconf 90' lang='lat' dir='ltr'><strong>Vers.</strong></span> <span class='ocrx_word' id='word_1_507' title='bbox 855 4012 944 4068; x_wconf 75' lang='lat'><strong>22.</strong></span> <span class='ocrx_word' id='word_1_508' title='bbox 999 4014 1078 4069; x_wconf 87' lang='lat' dir='ltr'><strong>Et</strong></span> <span class='ocrx_word' id='word_1_509' title='bbox 1107 4044 1174 4052; x_wconf 97' lang='lat'><strong>—</strong></span> <span class='ocrx_word' id='word_1_510' title='bbox 1204 4029 1409 4071; x_wconf 87' lang='lat' dir='ltr'><strong>nomen</strong></span> <span class='ocrx_word' id='word_1_511' title='bbox 1461 4029 1674 4072; x_wconf 87' lang='lat' dir='ltr'><strong>meum.</strong></span> <span class='ocrx_word' id='word_1_512' title='bbox 1715 4047 1782 4057; x_wconf 92' lang='lat'><strong>-</strong></span> <span class='ocrx_word' id='word_1_513' title='bbox 1811 4016 1899 4073; x_wconf 80' lang='lat' dir='ltr'><strong>Ab</strong></span> <span class='ocrx_word' id='word_1_514' title='bbox 1942 4018 2242 4085; x_wconf 90' lang='lat' dir='ltr'><strong>omnibus,</strong></span> 
     </span>
    </p>
   </div>
   <div class='ocr_carea' id='block_1_76' title="bbox 2308 4010 3955 4085">
    <p class='ocr_par' dir='ltr' id='par_1_76' title="bbox 2429 4011 3955 4081">
     <span class='ocr_line' id='line_1_76' title="bbox 2429 4011 3955 4081; baseline 0.005 -21"><span class='ocrx_word' id='word_1_515' title='bbox 2429 4013 2527 4060; x_wconf 82' lang='grc' dir='ltr'><strong>Καὶ</strong></span> <span class='ocrx_word' id='word_1_516' title='bbox 2575 4040 2643 4049; x_wconf 88' lang='grc'><strong><em>-</em></strong></span> <span class='ocrx_word' id='word_1_517' title='bbox 2700 4011 2858 4081; x_wconf 77' lang='grc' dir='ltr'>ὄνομά</span> <span class='ocrx_word' id='word_1_518' title='bbox 2905 4029 3025 4081; x_wconf 90' lang='grc' dir='ltr'>μου,</span> <span class='ocrx_word' id='word_1_519' title='bbox 3069 4011 3193 4062; x_wconf 84' lang='grc' dir='ltr'>’Υπό</span> <span class='ocrx_word' id='word_1_520' title='bbox 3243 4012 3463 4076; x_wconf 84' lang='grc' dir='ltr'>πάντων,</span> <span class='ocrx_word' id='word_1_521' title='bbox 3521 4011 3631 4064; x_wconf 81' lang='grc' dir='ltr'>ἀντὶ</span> <span class='ocrx_word' id='word_1_522' title='bbox 3674 4020 3784 4078; x_wconf 89' lang='grc' dir='ltr'>τοῦ,</span> <span class='ocrx_word' id='word_1_523' title='bbox 3830 4013 3955 4068; x_wconf 81' lang='grc' dir='ltr'><strong>’Υπὸ</strong></span> 
     </span>
    </p>
   </div>
   <div class='ocr_carea' id='block_1_77' title="bbox 579 4097 2226 4178">
    <p class='ocr_par' dir='ltr' id='par_1_77' title="bbox 579 4099 2220 4178">
     <span class='ocr_line' id='line_1_77' title="bbox 579 4099 2220 4178; baseline 0.005 -21"><span class='ocrx_word' id='word_1_524' title='bbox 579 4099 641 4158; x_wconf 90' lang='lat' dir='ltr'><strong>id</strong></span> <span class='ocrx_word' id='word_1_525' title='bbox 680 4106 788 4166; x_wconf 88' lang='lat' dir='ltr'><strong>est.</strong></span> <span class='ocrx_word' id='word_1_526' title='bbox 845 4118 880 4158; x_wconf 96' lang='lat' dir='ltr'><strong>a</strong></span> <span class='ocrx_word' id='word_1_527' title='bbox 936 4101 1204 4175; x_wconf 90' lang='lat' dir='ltr'><strong>pluribus</strong></span> <span class='ocrx_word' id='word_1_528' title='bbox 1240 4119 1251 4158; x_wconf 94' lang='lat'>:</span> <span class='ocrx_word' id='word_1_529' title='bbox 1281 4119 1426 4160; x_wconf 92' lang='lat' dir='ltr'><strong>nam</strong></span> <span class='ocrx_word' id='word_1_530' title='bbox 1461 4104 1628 4161; x_wconf 92' lang='lat' dir='ltr'><strong>multi</strong></span> <span class='ocrx_word' id='word_1_531' title='bbox 1674 4106 1835 4178; x_wconf 90' lang='lat' dir='ltr'><strong>ipsos</strong></span> <span class='ocrx_word' id='word_1_532' title='bbox 1889 4107 2220 4166; x_wconf 82' lang='lat' dir='ltr'><strong>dilexerunt</strong></span> 
     </span>
    </p>
   </div>
   <div class='ocr_carea' id='block_1_78' title="bbox 2310 4097 3957 4178">
    <p class='ocr_par' dir='ltr' id='par_1_78' title="bbox 2354 4097 3957 4172">
     <span class='ocr_line' id='line_1_78' title="bbox 2354 4097 3957 4172; baseline 0.003 -22"><span class='ocrx_word' id='word_1_533' title='bbox 2354 4107 2452 4150; x_wconf 83' lang='grc' dir='ltr'>τῶν</span> <span class='ocrx_word' id='word_1_534' title='bbox 2489 4097 2745 4152; x_wconf 81' lang='grc' dir='ltr'>πλειόνων.</span> <span class='ocrx_word' id='word_1_535' title='bbox 2801 4099 2988 4151; x_wconf 84' lang='grc' dir='ltr'>Πολλοὶ</span> <span class='ocrx_word' id='word_1_536' title='bbox 3034 4103 3135 4172; x_wconf 82' lang='grc' dir='ltr'>γὰρ</span> <span class='ocrx_word' id='word_1_537' title='bbox 3185 4100 3375 4162; x_wconf 78' lang='grc' dir='ltr'>αύτούς</span> <span class='ocrx_word' id='word_1_538' title='bbox 3427 4103 3734 4171; x_wconf 74' lang='grc' dir='ltr'>ἠγάπησαν.</span> <span class='ocrx_word' id='word_1_539' title='bbox 3786 4099 3957 4157; x_wconf 82' lang='grc' dir='ltr'>Ἰδίω-</span> 
     </span>
    </p>
   </div>
   <div class='ocr_carea' id='block_1_79' title="bbox 578 4184 2225 4266">
    <p class='ocr_par' dir='ltr' id='par_1_79' title="bbox 578 4193 2220 4266">
     <span class='ocr_line' id='line_1_79' title="bbox 578 4193 2220 4266; baseline 0.004 -19"><span class='ocrx_word' id='word_1_540' title='bbox 578 4193 675 4248; x_wconf 85' lang='lat' dir='ltr'><strong>Est</strong></span> <span class='ocrx_word' id='word_1_541' title='bbox 707 4198 906 4249; x_wconf 92' lang='lat' dir='ltr'><strong>autem</strong></span> <span class='ocrx_word' id='word_1_542' title='bbox 945 4199 1001 4250; x_wconf 93' lang='lat' dir='ltr'><strong>et</strong></span> <span class='ocrx_word' id='word_1_543' title='bbox 1028 4193 1144 4250; x_wconf 93' lang='lat' dir='ltr'><strong>hoc</strong></span> <span class='ocrx_word' id='word_1_544' title='bbox 1169 4195 1484 4266; x_wconf 62' lang='lat' dir='ltr'><strong>Scriptura:</strong></span> <span class='ocrx_word' id='word_1_545' title='bbox 1531 4195 1760 4252; x_wconf 86' lang='lat' dir='ltr'><strong>idioma</strong></span> <span class='ocrx_word' id='word_1_546' title='bbox 1789 4198 2119 4253; x_wconf 87' lang='lat' dir='ltr'><strong>utomnibus</strong></span> <span class='ocrx_word' id='word_1_547' title='bbox 2159 4199 2220 4254; x_wconf 88' lang='lat' dir='ltr'><strong>dl</strong></span> 
     </span>
    </p>
   </div>
   <div class='ocr_carea' id='block_1_80' title="bbox 2310 4184 3957 4266">
    <p class='ocr_par' dir='ltr' id='par_1_80' title="bbox 2353 4184 3957 4263">
     <span class='ocr_line' id='line_1_80' title="bbox 2353 4184 3957 4263; baseline 0.002 -23"><span class='ocrx_word' id='word_1_548' title='bbox 2353 4208 2426 4260; x_wconf 90' lang='grc' dir='ltr'><strong>μα</strong></span> <span class='ocrx_word' id='word_1_549' title='bbox 2467 4184 2525 4240; x_wconf 64' lang='grc' dir='ltr'>δὲ</span> <span class='ocrx_word' id='word_1_550' title='bbox 2551 4192 2640 4239; x_wconf 84' lang='grc' dir='ltr'>καὶ</span> <span class='ocrx_word' id='word_1_551' title='bbox 2693 4196 2844 4240; x_wconf 85' lang='grc' dir='ltr'>τοῦτο</span> <span class='ocrx_word' id='word_1_552' title='bbox 2905 4193 3179 4263; x_wconf 68' lang='grc' dir='ltr'>γραφικόν,</span> <span class='ocrx_word' id='word_1_553' title='bbox 3229 4191 3421 4250; x_wconf 78' lang='grc' dir='ltr'>πάντας</span> <span class='ocrx_word' id='word_1_554' title='bbox 3476 4190 3657 4261; x_wconf 78' lang='grc' dir='ltr'>λέγειν,</span> <span class='ocrx_word' id='word_1_555' title='bbox 3714 4196 3957 4256; x_wconf 81' lang='grc' dir='ltr'>καὶτοὺς</span> 
     </span>
    </p>
   </div>
   <div class='ocr_carea' id='block_1_81' title="bbox 577 4274 2224 4358">
    <p class='ocr_par' dir='ltr' id='par_1_81' title="bbox 577 4284 2197 4358">
     <span class='ocr_line' id='line_1_81' title="bbox 577 4284 2197 4358; baseline 0.002 -19"><span class='ocrx_word' id='word_1_556' title='bbox 577 4287 671 4339; x_wconf 89' lang='lat' dir='ltr'><strong>cat</strong></span> <span class='ocrx_word' id='word_1_557' title='bbox 690 4298 799 4356; x_wconf 90' lang='lat' dir='ltr'><strong>pro</strong></span> <span class='ocrx_word' id='word_1_558' title='bbox 821 4284 1111 4356; x_wconf 87' lang='lat' dir='ltr'><strong>pluribus.</strong></span> <span class='ocrx_word' id='word_1_559' title='bbox 1141 4284 1289 4340; x_wconf 92' lang='lat' dir='ltr'><strong>Cum</strong></span> <span class='ocrx_word' id='word_1_560' title='bbox 1314 4290 1513 4341; x_wconf 91' lang='lat' dir='ltr'><strong>autem</strong></span> <span class='ocrx_word' id='word_1_561' title='bbox 1539 4286 1812 4358; x_wconf 88' lang='lat' dir='ltr'><strong>superius</strong></span> <span class='ocrx_word' id='word_1_562' title='bbox 1828 4286 2123 4342; x_wconf 87' lang='lat' dir='ltr'><strong>addiderit</strong></span> <span class='ocrx_word' id='word_1_563' title='bbox 2151 4291 2197 4324; x_wconf 74' lang='grc'>³⁸</span> 
     </span>
    </p>
   </div>
   <div class='ocr_carea' id='block_1_82' title="bbox 2305 4274 3952 4358">
    <p class='ocr_par' dir='ltr' id='par_1_82' title="bbox 2352 4274 3952 4353">
     <span class='ocr_line' id='line_1_82' title="bbox 2352 4274 3952 4353; baseline 0.003 -23"><span class='ocrx_word' id='word_1_564' title='bbox 2352 4276 2606 4339; x_wconf 85' lang='grc' dir='ltr'>πλείονας.</span> <span class='ocrx_word' id='word_1_565' title='bbox 2650 4277 2916 4352; x_wconf 81' lang='grc' dir='ltr'>Ἀνωτέρω</span> <span class='ocrx_word' id='word_1_566' title='bbox 2973 4274 3032 4331; x_wconf 79' lang='grc' dir='ltr'><strong>δε</strong></span> <span class='ocrx_word' id='word_1_567' title='bbox 3088 4280 3350 4353; x_wconf 87' lang='grc' dir='ltr'>προσθεὶς,</span> <span class='ocrx_word' id='word_1_568' title='bbox 3404 4281 3484 4331; x_wconf 84' lang='grc' dir='ltr'>ὅτι</span> <span class='ocrx_word' id='word_1_569' title='bbox 3546 4278 3742 4333; x_wconf 75' lang='grc' dir='ltr'>Ἕνεκεν</span> <span class='ocrx_word' id='word_1_570' title='bbox 3802 4279 3952 4353; x_wconf 73' lang='grc' dir='ltr'>ἐμοῦ,</span> 
     </span>
    </p>
   </div>
   <div class='ocr_carea' id='block_1_83' title="bbox 573 4363 2220 4445">
    <p class='ocr_par' dir='ltr' id='par_1_83' title="bbox 573 4370 2220 4445">
     <span class='ocr_line' id='line_1_83' title="bbox 573 4370 2220 4445; baseline 0.002 -18"><span class='ocrx_word' id='word_1_571' title='bbox 573 4370 834 4442; x_wconf 87' lang='lat' dir='ltr'><strong>Propter</strong></span> <span class='ocrx_word' id='word_1_572' title='bbox 860 4391 968 4442; x_wconf 89' lang='lat' dir='ltr'><strong>me,</strong></span> <span class='ocrx_word' id='word_1_573' title='bbox 1005 4389 1166 4430; x_wconf 90' lang='lat' dir='ltr'><strong>nunc</strong></span> <span class='ocrx_word' id='word_1_574' title='bbox 1217 4374 1446 4430; x_wconf 90' lang='lat' dir='ltr'><strong>addens</strong></span> <span class='ocrx_word' id='word_1_575' title='bbox 1477 4375 1654 4430; x_wconf 87' lang='lat' dir='ltr'><strong>etiam</strong></span> <span class='ocrx_word' id='word_1_576' title='bbox 1690 4391 1702 4428; x_wconf 93' lang='lat'>:</span> <span class='ocrx_word' id='word_1_577' title='bbox 1754 4377 2010 4445; x_wconf 81' lang='lat' dir='ltr'><strong>Propter</strong></span> <span class='ocrx_word' id='word_1_578' title='bbox 2039 4393 2220 4432; x_wconf 64' lang='lat' dir='ltr'><strong>nomen</strong></span> 
     </span>
    </p>
   </div>
   <div class='ocr_carea' id='block_1_84' title="bbox 2307 4363 3954 4445">
    <p class='ocr_par' dir='ltr' id='par_1_84' title="bbox 2352 4363 3954 4440">
     <span class='ocr_line' id='line_1_84' title="bbox 2352 4363 3954 4440; baseline 0.004 -22"><span class='ocrx_word' id='word_1_579' title='bbox 2352 4371 2436 4418; x_wconf 84' lang='grc' dir='ltr'>καὶ</span> <span class='ocrx_word' id='word_1_580' title='bbox 2466 4374 2552 4418; x_wconf 88' lang='grc' dir='ltr'><strong>νῦν</strong></span> <span class='ocrx_word' id='word_1_581' title='bbox 2620 4363 2677 4419; x_wconf 73' lang='grc' dir='ltr'><strong>δε</strong></span> <span class='ocrx_word' id='word_1_582' title='bbox 2720 4368 2893 4433; x_wconf 88' lang='grc' dir='ltr'>πάλιν,</span> <span class='ocrx_word' id='word_1_583' title='bbox 2941 4369 3024 4419; x_wconf 83' lang='grc' dir='ltr'>ὅτι</span> <span class='ocrx_word' id='word_1_584' title='bbox 3087 4371 3180 4420; x_wconf 88' lang='grc' dir='ltr'>Διά</span> <span class='ocrx_word' id='word_1_585' title='bbox 3234 4372 3292 4420; x_wconf 85' lang='grc' dir='ltr'>τὸ</span> <span class='ocrx_word' id='word_1_586' title='bbox 3351 4371 3509 4440; x_wconf 85' lang='grc' dir='ltr'>ὄνομά</span> <span class='ocrx_word' id='word_1_587' title='bbox 3577 4385 3697 4439; x_wconf 89' lang='grc' dir='ltr'>μου·</span> <span class='ocrx_word' id='word_1_588' title='bbox 3759 4370 3954 4430; x_wconf 77' lang='grc' dir='ltr'>πολλὴν</span> 
     </span>
    </p>
   </div>
   <div class='ocr_carea' id='block_1_85' title="bbox 573 4455 2220 4533">
    <p class='ocr_par' dir='ltr' id='par_1_85' title="bbox 573 4463 2218 4533">
     <span class='ocr_line' id='line_1_85' title="bbox 573 4463 2218 4533; baseline 0.002 -15"><span class='ocrx_word' id='word_1_589' title='bbox 573 4477 776 4529; x_wconf 85' lang='lat' dir='ltr'><strong>meum,</strong></span> <span class='ocrx_word' id='word_1_590' title='bbox 813 4478 1100 4533; x_wconf 79' lang='lat' dir='ltr'><strong>magnam</strong></span> <span class='ocrx_word' id='word_1_591' title='bbox 1131 4463 1216 4518; x_wconf 89' lang='lat' dir='ltr'><strong>eis</strong></span> <span class='ocrx_word' id='word_1_592' title='bbox 1247 4463 1710 4520; x_wconf 89' lang='lat' dir='ltr'><strong>consolationem</strong></span> <span class='ocrx_word' id='word_1_593' title='bbox 1732 4480 1800 4520; x_wconf 90' lang='lat' dir='ltr'><strong>ac</strong></span> <span class='ocrx_word' id='word_1_594' title='bbox 1818 4466 2005 4521; x_wconf 90' lang='lat' dir='ltr'><strong>animi</strong></span> <span class='ocrx_word' id='word_1_595' title='bbox 2037 4466 2218 4521; x_wconf 91' lang='lat' dir='ltr'><strong>alacri</strong></span> 
     </span>
    </p>
   </div>
   <div class='ocr_carea' id='block_1_86' title="bbox 2307 4455 3954 4533">
    <p class='ocr_par' dir='ltr' id='par_1_86' title="bbox 2307 4455 3954 4533">
     <span class='ocr_line' id='line_1_86' title="bbox 2307 4455 3954 4533; baseline 0.001 -23"><span class='ocrx_word' id='word_1_596' title='bbox 2307 4456 2679 4533; x_wconf 67' lang='grc' dir='ltr'><strong>ιπαράκλησιν</strong></span> <span class='ocrx_word' id='word_1_597' title='bbox 2744 4461 2832 4509; x_wconf 85' lang='grc' dir='ltr'>καὶ</span> <span class='ocrx_word' id='word_1_598' title='bbox 2887 4458 3180 4530; x_wconf 88' lang='grc' dir='ltr'>προθυμίαν</span> <span class='ocrx_word' id='word_1_599' title='bbox 3269 4457 3446 4518; x_wconf 75' lang='grc' dir='ltr'>αὐτοῖς</span> <span class='ocrx_word' id='word_1_600' title='bbox 3502 4455 3718 4525; x_wconf 74' lang='grc' dir='ltr'>ἐνέϐαλε,</span> <span class='ocrx_word' id='word_1_601' title='bbox 3778 4478 3954 4512; x_wconf 77' lang='grc' dir='ltr'>πεπει-</span> 
     </span>
    </p>
   </div>
   <div class='ocr_carea' id='block_1_87' title="bbox 573 4514 2220 4625">
    <p class='ocr_par' dir='ltr' id='par_1_87' title="bbox 573 4514 2220 4625">
     <span class='ocr_line' id='line_1_87' title="bbox 573 4514 2220 4625; baseline 0.002 -20"><span class='ocrx_word' id='word_1_602' title='bbox 573 4514 1001 4622; x_wconf 27' lang='lat' dir='ltr'><strong>tatevm’injecgit,</strong></span> <span class='ocrx_word' id='word_1_603' title='bbox 1035 4567 1171 4607; x_wconf 92' lang='lat' dir='ltr'><strong>cum</strong></span> <span class='ocrx_word' id='word_1_604' title='bbox 1205 4567 1566 4624; x_wconf 90' lang='lat' dir='ltr'><strong>persuasum</strong></span> <span class='ocrx_word' id='word_1_605' title='bbox 1617 4553 1902 4618; x_wconf 84' lang='lat' dir='ltr'><strong>habeant,</strong></span> <span class='ocrx_word' id='word_1_606' title='bbox 1933 4554 2100 4625; x_wconf 92' lang='lat' dir='ltr'><strong>quod</strong></span> <span class='ocrx_word' id='word_1_607' title='bbox 2130 4553 2220 4610; x_wconf 78' lang='lat' dir='ltr'><strong>illi:</strong></span> 
     </span>
    </p>
   </div>
   <div class='ocr_carea' id='block_1_88' title="bbox 2307 4514 3954 4625">
    <p class='ocr_par' dir='ltr' id='par_1_88' title="bbox 2307 4514 3954 4621">
     <span class='ocr_line' id='line_1_88' title="bbox 2425 4514 3718 4532; baseline -0.005 0"><span class='ocrx_word' id='word_1_608' title='bbox 2425 4514 2434 4532; x_wconf 85' lang='lat'><strong>.</strong></span> <span class='ocrx_word' id='word_1_609' title='bbox 2926 4514 2935 4530; x_wconf 88' lang='lat'><strong>.</strong></span> <span class='ocrx_word' id='word_1_610' title='bbox 3057 4514 3066 4529; x_wconf 91' lang='lat'><strong>.</strong></span> <span class='ocrx_word' id='word_1_611' title='bbox 3433 4514 3443 4518; x_wconf 58' lang='grc' dir='ltr'>ν</span> <span class='ocrx_word' id='word_1_612' title='bbox 3707 4514 3718 4525; x_wconf 92' lang='grc'><strong>.</strong></span> 
     </span>
     <span class='ocr_line' id='line_1_89' title="bbox 2307 4517 3954 4621; baseline 0.002 -23"><span class='ocrx_word' id='word_1_613' title='bbox 2307 4517 2580 4618; x_wconf 57' lang='grc' dir='ltr'>’σμένοις,</span> <span class='ocrx_word' id='word_1_614' title='bbox 2631 4547 2712 4599; x_wconf 85' lang='grc' dir='ltr'>ὅτι</span> <span class='ocrx_word' id='word_1_615' title='bbox 2760 4551 3126 4621; x_wconf 81' lang='grc' dir='ltr'>συμπαρίσται</span> <span class='ocrx_word' id='word_1_616' title='bbox 3183 4551 3271 4598; x_wconf 85' lang='grc' dir='ltr'>καὶ</span> <span class='ocrx_word' id='word_1_617' title='bbox 3334 4544 3674 4618; x_wconf 71' lang='grc' dir='ltr'>ἀντιλήψεται</span> <span class='ocrx_word' id='word_1_618' title='bbox 3724 4556 3823 4599; x_wconf 85' lang='grc' dir='ltr'>τῶν</span> <span class='ocrx_word' id='word_1_619' title='bbox 3853 4568 3954 4602; x_wconf 83' lang='grc' dir='ltr'><strong>πα-</strong></span> 
     </span>
    </p>
   </div>
   <div class='ocr_carea' id='block_1_89' title="bbox 572 4632 2219 4713">
    <p class='ocr_par' dir='ltr' id='par_1_89' title="bbox 572 4638 2166 4713">
     <span class='ocr_line' id='line_1_90' title="bbox 572 4638 2166 4713; baseline 0.001 -17"><span class='ocrx_word' id='word_1_620' title='bbox 572 4638 730 4696; x_wconf 89' lang='lat' dir='ltr'><strong>adsit</strong></span> <span class='ocrx_word' id='word_1_621' title='bbox 754 4643 812 4694; x_wconf 91' lang='lat' dir='ltr'><strong>et</strong></span> <span class='ocrx_word' id='word_1_622' title='bbox 843 4639 1176 4704; x_wconf 84' lang='lat' dir='ltr'><strong>auxilietur,</strong></span> <span class='ocrx_word' id='word_1_623' title='bbox 1207 4641 1309 4712; x_wconf 92' lang='lat' dir='ltr'><strong>qui</strong></span> <span class='ocrx_word' id='word_1_624' title='bbox 1341 4646 1578 4713; x_wconf 89' lang='lat' dir='ltr'><strong>propter</strong></span> <span class='ocrx_word' id='word_1_625' title='bbox 1609 4641 1803 4713; x_wconf 91' lang='lat' dir='ltr'><strong>ipsum</strong></span> <span class='ocrx_word' id='word_1_626' title='bbox 1835 4642 2166 4712; x_wconf 89' lang='lat' dir='ltr'><strong>patiuntur.</strong></span> 
     </span>
    </p>
   </div>
   <div class='ocr_carea' id='block_1_90' title="bbox 1252 4632 2899 4713">
    <p class='ocr_par' dir='ltr' id='par_1_90' title="bbox 1254 4632 2899 4713">
     <span class='ocr_line' id='line_1_91' title="bbox 1254 4632 2899 4713; baseline -0.002 -17"><span class='ocrx_word' id='word_1_627' title='bbox 1254 4641 1309 4696; x_wconf 92' lang='lat' dir='ltr'><strong>ui</strong></span> <span class='ocrx_word' id='word_1_628' title='bbox 1341 4646 1578 4713; x_wconf 89' lang='lat' dir='ltr'><strong>propter</strong></span> <span class='ocrx_word' id='word_1_629' title='bbox 1609 4641 1803 4713; x_wconf 91' lang='lat' dir='ltr'><strong>ipsum</strong></span> <span class='ocrx_word' id='word_1_630' title='bbox 1835 4642 2166 4712; x_wconf 89' lang='lat' dir='ltr'><strong>patiuntur.</strong></span> <span class='ocrx_word' id='word_1_631' title='bbox 2353 4640 2590 4707; x_wconf 78' lang='grc' dir='ltr'>σχόντων</span> <span class='ocrx_word' id='word_1_632' title='bbox 2623 4632 2694 4688; x_wconf 84' lang='grc' dir='ltr'>δι’</span> <span class='ocrx_word' id='word_1_633' title='bbox 2726 4636 2899 4688; x_wconf 70' lang='grc' dir='ltr'>αὐτόν.</span> 
     </span>
    </p>
   </div>
   <div class='ocr_carea' id='block_1_91' title="bbox 643 4724 2290 4803">
    <p class='ocr_par' dir='ltr' id='par_1_91' title="bbox 643 4727 2242 4803">
     <span class='ocr_line' id='line_1_92' title="bbox 643 4727 2242 4803; baseline 0.004 -21"><span class='ocrx_word' id='word_1_634' title='bbox 643 4727 803 4782; x_wconf 86' lang='lat' dir='ltr'><strong>Vers.</strong></span> <span class='ocrx_word' id='word_1_635' title='bbox 862 4732 949 4784; x_wconf 75' lang='lat'><strong>22.</strong></span> <span class='ocrx_word' id='word_1_636' title='bbox 1001 4729 1112 4796; x_wconf 79' lang='lat' dir='ltr'><strong>Qui</strong></span> <span class='ocrx_word' id='word_1_637' title='bbox 1176 4730 1464 4786; x_wconf 84' lang='lat' dir='ltr'><strong>—-salvus</strong></span> <span class='ocrx_word' id='word_1_638' title='bbox 1500 4731 1634 4786; x_wconf 85' lang='lat' dir='ltr'><strong>erit.</strong></span> <span class='ocrx_word' id='word_1_639' title='bbox 1686 4729 1816 4785; x_wconf 91' lang='lat' dir='ltr'><strong>Tria</strong></span> <span class='ocrx_word' id='word_1_640' title='bbox 1845 4730 2038 4787; x_wconf 91' lang='lat' dir='ltr'><strong>innuit</strong></span> <span class='ocrx_word' id='word_1_641' title='bbox 2088 4747 2242 4803; x_wconf 61' lang='lat' dir='ltr'><strong>prie-</strong></span> 
     </span>
    </p>
   </div>
   <div class='ocr_carea' id='block_1_92' title="bbox 2299 4724 3946 4803">
    <p class='ocr_par' dir='ltr' id='par_1_92' title="bbox 2419 4724 3946 4801">
     <span class='ocr_line' id='line_1_93' title="bbox 2419 4724 3946 4801; baseline 0 -23"><span class='ocrx_word' id='word_1_642' title='bbox 2419 4725 2567 4778; x_wconf 76' lang='grc' dir='ltr'><strong>Ὀ-</strong></span> <span class='ocrx_word' id='word_1_643' title='bbox 2616 4727 2932 4784; x_wconf 73' lang='grc' dir='ltr'>σωθήσεται.</span> <span class='ocrx_word' id='word_1_644' title='bbox 2981 4730 3114 4801; x_wconf 84' lang='grc' dir='ltr'>Τρία</span> <span class='ocrx_word' id='word_1_645' title='bbox 3169 4727 3227 4778; x_wconf 90' lang='grc' dir='ltr'>τὸ</span> <span class='ocrx_word' id='word_1_646' title='bbox 3268 4728 3430 4799; x_wconf 87' lang='grc' dir='ltr'>παρὸν</span> <span class='ocrx_word' id='word_1_647' title='bbox 3485 4725 3717 4798; x_wconf 70' lang='grc' dir='ltr'>ἐμφαίνει</span> <span class='ocrx_word' id='word_1_648' title='bbox 3767 4724 3946 4801; x_wconf 84' lang='grc' dir='ltr'>ῥητόν·</span> 
     </span>
    </p>
   </div>
   <div class='ocr_carea' id='block_1_93' title="bbox 571 4812 2218 4893">
    <p class='ocr_par' dir='ltr' id='par_1_93' title="bbox 571 4816 2213 4893">
     <span class='ocr_line' id='line_1_94' title="bbox 571 4816 2213 4893; baseline 0.004 -21"><span class='ocrx_word' id='word_1_649' title='bbox 571 4831 709 4873; x_wconf 83' lang='lat' dir='ltr'><strong>sene</strong></span> <span class='ocrx_word' id='word_1_650' title='bbox 739 4816 1017 4875; x_wconf 87' lang='lat' dir='ltr'><strong>verbum.</strong></span> <span class='ocrx_word' id='word_1_651' title='bbox 1053 4817 1304 4874; x_wconf 88' lang='lat' dir='ltr'><strong>Primum</strong></span> <span class='ocrx_word' id='word_1_652' title='bbox 1330 4818 1495 4890; x_wconf 90' lang='lat' dir='ltr'><strong>quod</strong></span> <span class='ocrx_word' id='word_1_653' title='bbox 1514 4833 1636 4875; x_wconf 92' lang='lat' dir='ltr'><strong>non</strong></span> <span class='ocrx_word' id='word_1_654' title='bbox 1661 4819 1859 4874; x_wconf 88' lang='lat' dir='ltr'><strong>solum</strong></span> <span class='ocrx_word' id='word_1_655' title='bbox 1886 4817 1971 4874; x_wconf 87' lang='lat' dir='ltr'><strong>eis</strong></span> <span class='ocrx_word' id='word_1_656' title='bbox 1993 4836 2146 4893; x_wconf 91' lang='lat' dir='ltr'><strong>opus</strong></span> <span class='ocrx_word' id='word_1_657' title='bbox 2167 4822 2213 4878; x_wconf 91' lang='lat' dir='ltr'><strong>si</strong></span> 
     </span>
    </p>
   </div>
   <div class='ocr_carea' id='block_1_94' title="bbox 2306 4812 3953 4893">
    <p class='ocr_par' dir='ltr' id='par_1_94' title="bbox 2349 4812 3953 4889">
     <span class='ocr_line' id='line_1_95' title="bbox 2349 4812 3953 4889; baseline -0.001 -19"><span class='ocrx_word' id='word_1_658' title='bbox 2349 4819 2429 4870; x_wconf 87' lang='grc' dir='ltr'>ὅτι</span> <span class='ocrx_word' id='word_1_659' title='bbox 2477 4817 2535 4869; x_wconf 80' lang='grc' dir='ltr'><strong>ού</strong></span> <span class='ocrx_word' id='word_1_660' title='bbox 2580 4817 2732 4888; x_wconf 84' lang='grc' dir='ltr'>μόνον</span> <span class='ocrx_word' id='word_1_661' title='bbox 2763 4820 2922 4889; x_wconf 83' lang='grc' dir='ltr'>χρεία</span> <span class='ocrx_word' id='word_1_662' title='bbox 2967 4823 3057 4876; x_wconf 85' lang='grc' dir='ltr'>τῆς</span> <span class='ocrx_word' id='word_1_663' title='bbox 3108 4815 3232 4889; x_wconf 88' lang='grc' dir='ltr'>παρ’</span> <span class='ocrx_word' id='word_1_664' title='bbox 3284 4815 3444 4868; x_wconf 86' lang='grc' dir='ltr'>αύτοῦ</span> <span class='ocrx_word' id='word_1_665' title='bbox 3499 4812 3765 4887; x_wconf 79' lang='grc' dir='ltr'>βοηθείας,</span> <span class='ocrx_word' id='word_1_666' title='bbox 3822 4814 3953 4870; x_wconf 82' lang='grc' dir='ltr'>ἀλλὰ</span> 
     </span>
    </p>
   </div>
   <div class='ocr_carea' id='block_1_95' title="bbox 571 4903 2218 4980">
    <p class='ocr_par' dir='ltr' id='par_1_95' title="bbox 571 4904 2218 4978">
     <span class='ocr_line' id='line_1_96' title="bbox 571 4904 2218 4978; baseline 0.004 -16"><span class='ocrx_word' id='word_1_667' title='bbox 571 4904 763 4978; x_wconf 89' lang='lat' dir='ltr'><strong>ipsius</strong></span> <span class='ocrx_word' id='word_1_668' title='bbox 819 4907 1064 4972; x_wconf 84' lang='lat' dir='ltr'><strong>auxilio,</strong></span> <span class='ocrx_word' id='word_1_669' title='bbox 1097 4907 1202 4962; x_wconf 92' lang='lat' dir='ltr'><strong>sed</strong></span> <span class='ocrx_word' id='word_1_670' title='bbox 1250 4912 1307 4962; x_wconf 93' lang='lat' dir='ltr'><strong>et</strong></span> <span class='ocrx_word' id='word_1_671' title='bbox 1338 4907 1580 4978; x_wconf 85' lang='lat' dir='ltr'><strong>prOpria</strong></span> <span class='ocrx_word' id='word_1_672' title='bbox 1610 4907 1949 4965; x_wconf 86' lang='lat' dir='ltr'><strong>fortitudine</strong></span> <span class='ocrx_word' id='word_1_673' title='bbox 1982 4926 1995 4966; x_wconf 91' lang='lat'><strong>:</strong></span> <span class='ocrx_word' id='word_1_674' title='bbox 2024 4915 2087 4966; x_wconf 92' lang='lat' dir='ltr'><strong>ut</strong></span> <span class='ocrx_word' id='word_1_675' title='bbox 2116 4927 2218 4968; x_wconf 77' lang='lat' dir='ltr'><strong>nor</strong></span> 
     </span>
    </p>
   </div>
   <div class='ocr_carea' id='block_1_96' title="bbox 2306 4903 3953 4980">
    <p class='ocr_par' dir='ltr' id='par_1_96' title="bbox 2347 4903 3953 4980">
     <span class='ocr_line' id='line_1_97' title="bbox 2347 4903 3953 4980; baseline -0.001 -20"><span class='ocrx_word' id='word_1_676' title='bbox 2347 4911 2436 4960; x_wconf 87' lang='grc' dir='ltr'>καὶ</span> <span class='ocrx_word' id='word_1_677' title='bbox 2475 4914 2565 4966; x_wconf 84' lang='grc' dir='ltr'>τῆς</span> <span class='ocrx_word' id='word_1_678' title='bbox 2614 4906 2780 4958; x_wconf 68' lang='grc' dir='ltr'>αὐτῶν</span> <span class='ocrx_word' id='word_1_679' title='bbox 2824 4909 3120 4980; x_wconf 83' lang='grc' dir='ltr'>καρτερίας,</span> <span class='ocrx_word' id='word_1_680' title='bbox 3167 4905 3250 4957; x_wconf 82' lang='grc' dir='ltr'>ἵνα</span> <span class='ocrx_word' id='word_1_681' title='bbox 3288 4909 3352 4963; x_wconf 82' lang='grc' dir='ltr'>αὴ</span> <span class='ocrx_word' id='word_1_682' title='bbox 3407 4904 3566 4957; x_wconf 71' lang='grc' dir='ltr'>αὐτοῦ</span> <span class='ocrx_word' id='word_1_683' title='bbox 3595 4909 3770 4977; x_wconf 89' lang='grc' dir='ltr'>μόνον,</span> <span class='ocrx_word' id='word_1_684' title='bbox 3820 4903 3953 4959; x_wconf 86' lang='grc' dir='ltr'><strong>ἀλλά</strong></span> 
     </span>
    </p>
   </div>
   <div class='ocr_carea' id='block_1_97' title="bbox 568 4995 2215 5072">
    <p class='ocr_par' dir='ltr' id='par_1_97' title="bbox 568 4995 2210 5072">
     <span class='ocr_line' id='line_1_98' title="bbox 568 4995 2210 5072; baseline 0.004 -22"><span class='ocrx_word' id='word_1_685' title='bbox 568 4995 725 5065; x_wconf 73' lang='lat' dir='ltr'><strong>illius</strong></span> <span class='ocrx_word' id='word_1_686' title='bbox 757 4996 973 5064; x_wconf 90' lang='lat' dir='ltr'><strong>solum,</strong></span> <span class='ocrx_word' id='word_1_687' title='bbox 1031 4995 1138 5053; x_wconf 89' lang='lat' dir='ltr'><strong>sed</strong></span> <span class='ocrx_word' id='word_1_688' title='bbox 1164 5000 1219 5052; x_wconf 91' lang='lat' dir='ltr'><strong>et</strong></span> <span class='ocrx_word' id='word_1_689' title='bbox 1266 4995 1528 5068; x_wconf 88' lang='lat' dir='ltr'><strong>ipsorum</strong></span> <span class='ocrx_word' id='word_1_690' title='bbox 1581 4995 1745 5054; x_wconf 90' lang='lat' dir='ltr'><strong>bona</strong></span> <span class='ocrx_word' id='word_1_691' title='bbox 1784 4998 1902 5056; x_wconf 90' lang='lat' dir='ltr'><strong>sint</strong></span> <span class='ocrx_word' id='word_1_692' title='bbox 1931 5016 2138 5072; x_wconf 91' lang='lat' dir='ltr'><strong>opera.</strong></span> <span class='ocrx_word' id='word_1_693' title='bbox 2171 5004 2210 5057; x_wconf 90' lang='lat' dir='ltr'>E</span> 
     </span>
    </p>
   </div>
   <div class='ocr_carea' id='block_1_98' title="bbox 2303 4995 3950 5072">
    <p class='ocr_par' dir='ltr' id='par_1_98' title="bbox 2347 4995 3950 5068">
     <span class='ocr_line' id='line_1_99' title="bbox 2347 4995 3950 5068; baseline -0.001 -19"><span class='ocrx_word' id='word_1_694' title='bbox 2347 5002 2436 5049; x_wconf 82' lang='grc' dir='ltr'>καὶ</span> <span class='ocrx_word' id='word_1_695' title='bbox 2492 4996 2657 5048; x_wconf 69' lang='grc' dir='ltr'>αὐτῶν</span> <span class='ocrx_word' id='word_1_696' title='bbox 2708 4999 2931 5068; x_wconf 86' lang='grc' dir='ltr'>γίνοιντο</span> <span class='ocrx_word' id='word_1_697' title='bbox 2995 4997 3059 5047; x_wconf 84' lang='grc' dir='ltr'>τὰ</span> <span class='ocrx_word' id='word_1_698' title='bbox 3124 4996 3534 5067; x_wconf 86' lang='grc' dir='ltr'>κατορθώματα·</span> <span class='ocrx_word' id='word_1_699' title='bbox 3588 4999 3677 5047; x_wconf 86' lang='grc' dir='ltr'>καὶ</span> <span class='ocrx_word' id='word_1_700' title='bbox 3743 4995 3823 5046; x_wconf 88' lang='grc' dir='ltr'>ὅτι</span> <span class='ocrx_word' id='word_1_701' title='bbox 3886 4995 3950 5048; x_wconf 79' lang='grc' dir='ltr'><strong>οῦ</strong></span> 
     </span>
    </p>
   </div>
   <div class='ocr_carea' id='block_1_99' title="bbox 563 5082 2210 5161">
    <p class='ocr_par' dir='ltr' id='par_1_99' title="bbox 563 5083 2207 5160">
     <span class='ocr_line' id='line_1_100' title="bbox 563 5083 2207 5160; baseline 0.004 -20"><span class='ocrx_word' id='word_1_702' title='bbox 563 5083 734 5158; x_wconf 91' lang='lat' dir='ltr'><strong>quod</strong></span> <span class='ocrx_word' id='word_1_703' title='bbox 758 5084 1072 5156; x_wconf 80' lang='lat' dir='ltr'><strong>defetigari</strong></span> <span class='ocrx_word' id='word_1_704' title='bbox 1093 5100 1214 5141; x_wconf 93' lang='lat' dir='ltr'><strong>non</strong></span> <span class='ocrx_word' id='word_1_705' title='bbox 1243 5090 1533 5158; x_wconf 88' lang='lat' dir='ltr'><strong>oporteat.</strong></span> <span class='ocrx_word' id='word_1_706' title='bbox 1568 5089 1715 5142; x_wconf 89' lang='lat' dir='ltr'><strong>Nam</strong></span> <span class='ocrx_word' id='word_1_707' title='bbox 1736 5103 1869 5160; x_wconf 74' lang='lat' dir='ltr'><strong>quae</strong></span> <span class='ocrx_word' id='word_1_708' title='bbox 1900 5089 2119 5147; x_wconf 89' lang='lat' dir='ltr'><strong>utilitas</strong></span> <span class='ocrx_word' id='word_1_709' title='bbox 2145 5106 2207 5146; x_wconf 90' lang='lat' dir='ltr'><strong>es</strong></span> 
     </span>
    </p>
   </div>
   <div class='ocr_carea' id='block_1_100' title="bbox 2305 5082 3952 5161">
    <p class='ocr_par' dir='ltr' id='par_1_100' title="bbox 2344 5082 3952 5161">
     <span class='ocr_line' id='line_1_101' title="bbox 2344 5082 3952 5161; baseline -0.002 -24"><span class='ocrx_word' id='word_1_710' title='bbox 2344 5090 2455 5161; x_wconf 79' lang='grc' dir='ltr'>χρὴ</span> <span class='ocrx_word' id='word_1_711' title='bbox 2487 5085 2819 5158; x_wconf 70' lang='grc' dir='ltr'>ἀποκάμνειν*</span> <span class='ocrx_word' id='word_1_712' title='bbox 2870 5089 2918 5137; x_wconf 93' lang='grc' dir='ltr'><strong>τί</strong></span> <span class='ocrx_word' id='word_1_713' title='bbox 2972 5086 3074 5159; x_wconf 84' lang='grc' dir='ltr'><strong>γὰρ</strong></span> <span class='ocrx_word' id='word_1_714' title='bbox 3119 5082 3289 5156; x_wconf 72' lang='grc' dir='ltr'>ὄφελος</span> <span class='ocrx_word' id='word_1_715' title='bbox 3348 5082 3545 5158; x_wconf 80' lang='grc' dir='ltr'>ἀρχῆς,</span> <span class='ocrx_word' id='word_1_716' title='bbox 3590 5083 3682 5136; x_wconf 80' lang='grc' dir='ltr'><strong>ούκ</strong></span> <span class='ocrx_word' id='word_1_717' title='bbox 3713 5082 3952 5155; x_wconf 74' lang='grc' dir='ltr'>ἔχούσης</span> 
     </span>
    </p>
   </div>
   <div class='ocr_carea' id='block_1_101' title="bbox 561 5172 2208 5252">
    <p class='ocr_par' dir='ltr' id='par_1_101' title="bbox 561 5173 2208 5252">
     <span class='ocr_line' id='line_1_102' title="bbox 561 5173 2208 5252; baseline 0.003 -23"><span class='ocrx_word' id='word_1_718' title='bbox 561 5173 856 5247; x_wconf 88' lang='lat' dir='ltr'><strong>principii,</strong></span> <span class='ocrx_word' id='word_1_719' title='bbox 889 5173 1055 5246; x_wconf 91' lang='lat' dir='ltr'><strong>quod</strong></span> <span class='ocrx_word' id='word_1_720' title='bbox 1088 5173 1272 5230; x_wconf 88' lang='lat' dir='ltr'><strong>ﬁnem</strong></span> <span class='ocrx_word' id='word_1_721' title='bbox 1304 5189 1427 5230; x_wconf 91' lang='lat' dir='ltr'><strong>non</strong></span> <span class='ocrx_word' id='word_1_722' title='bbox 1473 5175 1655 5232; x_wconf 89' lang='lat' dir='ltr'><strong>habet</strong></span> <span class='ocrx_word' id='word_1_723' title='bbox 1682 5177 1710 5233; x_wconf 82' lang='lat' dir='ltr'><strong>‘l</strong></span> <span class='ocrx_word' id='word_1_724' title='bbox 1736 5177 2026 5236; x_wconf 60' lang='lat' dir='ltr'><strong>Praeterea</strong></span> <span class='ocrx_word' id='word_1_725' title='bbox 2072 5195 2208 5252; x_wconf 66' lang='lat' dir='ltr'><strong>quo:</strong></span> 
     </span>
    </p>
   </div>
   <div class='ocr_carea' id='block_1_102' title="bbox 2303 5172 3950 5252">
    <p class='ocr_par' dir='ltr' id='par_1_102' title="bbox 2343 5172 3950 5248">
     <span class='ocr_line' id='line_1_103' title="bbox 2343 5172 3950 5248; baseline -0.002 -20"><span class='ocrx_word' id='word_1_726' title='bbox 2343 5176 2517 5243; x_wconf 85' lang='grc' dir='ltr'>τέλος,</span> <span class='ocrx_word' id='word_1_727' title='bbox 2549 5180 2638 5228; x_wconf 83' lang='grc' dir='ltr'>καὶ</span> <span class='ocrx_word' id='word_1_728' title='bbox 2695 5178 2774 5228; x_wconf 87' lang='grc' dir='ltr'>ὅτι</span> <span class='ocrx_word' id='word_1_729' title='bbox 2816 5179 2980 5248; x_wconf 81' lang='grc' dir='ltr'>μέχρι</span> <span class='ocrx_word' id='word_1_730' title='bbox 3009 5173 3186 5236; x_wconf 72' lang='grc' dir='ltr'>τέλους</span> <span class='ocrx_word' id='word_1_731' title='bbox 3243 5174 3382 5236; x_wconf 80' lang='grc' dir='ltr'>ζωῆς</span> <span class='ocrx_word' id='word_1_732' title='bbox 3436 5173 3606 5226; x_wconf 75' lang='grc' dir='ltr'>αὐτῶν</span> <span class='ocrx_word' id='word_1_733' title='bbox 3635 5172 3950 5247; x_wconf 80' lang='grc' dir='ltr'>παραταθὴ-</span> 
     </span>
    </p>
   </div>
   <div class='ocr_carea' id='block_1_103' title="bbox 561 5262 2208 5338">
    <p class='ocr_par' dir='ltr' id='par_1_103' title="bbox 561 5262 2013 5338">
     <span class='ocr_line' id='line_1_104' title="bbox 561 5262 2013 5338; baseline 0.003 -18"><span class='ocrx_word' id='word_1_734' title='bbox 561 5262 641 5320; x_wconf 91' lang='lat' dir='ltr'><strong>ad</strong></span> <span class='ocrx_word' id='word_1_735' title='bbox 670 5263 853 5320; x_wconf 88' lang='lat' dir='ltr'><strong>finem</strong></span> <span class='ocrx_word' id='word_1_736' title='bbox 881 5279 1071 5336; x_wconf 90' lang='lat' dir='ltr'><strong>usque</strong></span> <span class='ocrx_word' id='word_1_737' title='bbox 1101 5263 1237 5319; x_wconf 66' lang='lat' dir='ltr'><strong>vitae</strong></span> <span class='ocrx_word' id='word_1_738' title='bbox 1278 5262 1558 5322; x_wconf 91' lang='lat' dir='ltr'><strong>adeunda</strong></span> <span class='ocrx_word' id='word_1_739' title='bbox 1588 5265 1705 5323; x_wconf 92' lang='lat' dir='ltr'><strong>sint</strong></span> <span class='ocrx_word' id='word_1_740' title='bbox 1733 5267 2013 5338; x_wconf 90' lang='lat' dir='ltr'><strong>pericula.</strong></span> 
     </span>
    </p>
   </div>
   <div class='ocr_carea' id='block_1_104' title="bbox 1135 5262 2782 5338">
    <p class='ocr_par' dir='ltr' id='par_1_104' title="bbox 1135 5262 2782 5338">
     <span class='ocr_line' id='line_1_105' title="bbox 1135 5262 2782 5338; baseline 0.003 -19"><span class='ocrx_word' id='word_1_741' title='bbox 1135 5263 1237 5319; x_wconf 68' lang='lat' dir='ltr'><strong>itte</strong></span> <span class='ocrx_word' id='word_1_742' title='bbox 1278 5262 1558 5322; x_wconf 91' lang='lat' dir='ltr'><strong>adeunda</strong></span> <span class='ocrx_word' id='word_1_743' title='bbox 1588 5265 1705 5323; x_wconf 92' lang='lat' dir='ltr'><strong>sint</strong></span> <span class='ocrx_word' id='word_1_744' title='bbox 1733 5267 2013 5338; x_wconf 90' lang='lat' dir='ltr'><strong>pericula.</strong></span> <span class='ocrx_word' id='word_1_745' title='bbox 2346 5285 2492 5318; x_wconf 80' lang='grc' dir='ltr'>σεται</span> <span class='ocrx_word' id='word_1_746' title='bbox 2524 5267 2589 5318; x_wconf 83' lang='grc' dir='ltr'><strong>τὰ</strong></span> <span class='ocrx_word' id='word_1_747' title='bbox 2618 5262 2782 5318; x_wconf 79' lang='grc' dir='ltr'>δεινά.</span> 
     </span>
    </p>
   </div>
   <div class='ocr_carea' id='block_1_105' title="bbox 631 5351 2278 5430">
    <p class='ocr_par' dir='ltr' id='par_1_105' title="bbox 631 5352 2229 5430">
     <span class='ocr_line' id='line_1_106' title="bbox 631 5352 2229 5430; baseline 0.005 -23"><span class='ocrx_word' id='word_1_748' title='bbox 631 5352 890 5423; x_wconf 83' lang='lat' dir='ltr'><strong>Dignum</strong></span> <span class='ocrx_word' id='word_1_749' title='bbox 923 5357 1008 5410; x_wconf 89' lang='lat' dir='ltr'><strong>est</strong></span> <span class='ocrx_word' id='word_1_750' title='bbox 1027 5357 1251 5420; x_wconf 89' lang='lat' dir='ltr'><strong>autem,</strong></span> <span class='ocrx_word' id='word_1_751' title='bbox 1279 5353 1466 5410; x_wconf 89' lang='lat' dir='ltr'><strong>uthos</strong></span> <span class='ocrx_word' id='word_1_752' title='bbox 1491 5355 1862 5412; x_wconf 91' lang='lat' dir='ltr'><strong>admiremur</strong></span> <span class='ocrx_word' id='word_1_753' title='bbox 1883 5372 1896 5412; x_wconf 90' lang='lat'><strong>:</strong></span> <span class='ocrx_word' id='word_1_754' title='bbox 1917 5357 2229 5430; x_wconf 90' lang='lat' dir='ltr'><strong>quomodo</strong></span> 
     </span>
    </p>
   </div>
   <div class='ocr_carea' id='block_1_106' title="bbox 2297 5351 3944 5430">
    <p class='ocr_par' dir='ltr' id='par_1_106' title="bbox 2415 5351 3944 5428">
     <span class='ocr_line' id='line_1_107' title="bbox 2415 5351 3944 5428; baseline -0.004 -21"><span class='ocrx_word' id='word_1_755' title='bbox 2415 5357 2702 5428; x_wconf 87' lang='grc' dir='ltr'>Θαυμάσαι</span> <span class='ocrx_word' id='word_1_756' title='bbox 2743 5351 2800 5407; x_wconf 70' lang='grc' dir='ltr'>δὲ</span> <span class='ocrx_word' id='word_1_757' title='bbox 2837 5357 3046 5414; x_wconf 84' lang='grc' dir='ltr'>τούτους</span> <span class='ocrx_word' id='word_1_758' title='bbox 3092 5353 3257 5422; x_wconf 83' lang='grc' dir='ltr'>ἄξιον,</span> <span class='ocrx_word' id='word_1_759' title='bbox 3284 5360 3393 5415; x_wconf 87' lang='grc' dir='ltr'>πῶς</span> <span class='ocrx_word' id='word_1_760' title='bbox 3442 5352 3510 5414; x_wconf 87' lang='grc' dir='ltr'><strong>εἰς</strong></span> <span class='ocrx_word' id='word_1_761' title='bbox 3541 5353 3825 5411; x_wconf 88' lang='grc' dir='ltr'>τοσούτους</span> <span class='ocrx_word' id='word_1_762' title='bbox 3853 5351 3944 5401; x_wconf 73' lang='grc' dir='ltr'>καὶ</span> 
     </span>
    </p>
   </div>
   <div class='ocr_carea' id='block_1_107' title="bbox 560 5439 2207 5518">
    <p class='ocr_par' dir='ltr' id='par_1_107' title="bbox 560 5441 2202 5518">
     <span class='ocr_line' id='line_1_108' title="bbox 560 5441 2202 5518; baseline 0.002 -18"><span class='ocrx_word' id='word_1_763' title='bbox 560 5441 640 5500; x_wconf 89' lang='lat' dir='ltr'><strong>ad</strong></span> <span class='ocrx_word' id='word_1_764' title='bbox 688 5446 852 5498; x_wconf 91' lang='lat' dir='ltr'><strong>tanta</strong></span> <span class='ocrx_word' id='word_1_765' title='bbox 924 5458 994 5500; x_wconf 87' lang='lat' dir='ltr'><strong>ac</strong></span> <span class='ocrx_word' id='word_1_766' title='bbox 1062 5442 1198 5501; x_wconf 88' lang='lat' dir='ltr'><strong>talia</strong></span> <span class='ocrx_word' id='word_1_767' title='bbox 1279 5443 1480 5502; x_wconf 92' lang='lat' dir='ltr'><strong>emissi</strong></span> <span class='ocrx_word' id='word_1_768' title='bbox 1553 5446 1838 5518; x_wconf 89' lang='lat' dir='ltr'><strong>pericula,</strong></span> <span class='ocrx_word' id='word_1_769' title='bbox 1903 5447 2202 5504; x_wconf 86' lang='lat' dir='ltr'><strong>audientes</strong></span> 
     </span>
    </p>
   </div>
   <div class='ocr_carea' id='block_1_108' title="bbox 2302 5439 3949 5518">
    <p class='ocr_par' dir='ltr' id='par_1_108' title="bbox 2341 5439 3949 5515">
     <span class='ocr_line' id='line_1_109' title="bbox 2341 5439 3949 5515; baseline -0.006 -18"><span class='ocrx_word' id='word_1_770' title='bbox 2341 5449 2606 5506; x_wconf 85' lang='grc' dir='ltr'>τοιούτους</span> <span class='ocrx_word' id='word_1_771' title='bbox 2659 5440 2933 5506; x_wconf 86' lang='grc' dir='ltr'>κινδύνους</span> <span class='ocrx_word' id='word_1_772' title='bbox 2992 5442 3440 5515; x_wconf 87' lang='grc' dir='ltr'>ἀποστελλόμενοι,</span> <span class='ocrx_word' id='word_1_773' title='bbox 3495 5444 3585 5492; x_wconf 82' lang='grc' dir='ltr'>καὶ</span> <span class='ocrx_word' id='word_1_774' title='bbox 3632 5445 3804 5492; x_wconf 87' lang='grc' dir='ltr'>πᾶσαν</span> <span class='ocrx_word' id='word_1_775' title='bbox 3855 5439 3949 5510; x_wconf 71' lang='grc' dir='ltr'>μὲν</span> 
     </span>
    </p>
   </div>
   <div class='ocr_carea' id='block_1_109' title="bbox 634 5620 2281 5703">
    <p class='ocr_par' dir='ltr' id='par_1_109' title="bbox 634 5621 2281 5698">
     <span class='ocr_line' id='line_1_110' title="bbox 634 5621 2281 5698; baseline 0.002 -16"><span class='ocrx_word' id='word_1_776' title='bbox 634 5621 681 5662; x_wconf 81' lang='grc'><strong>¹⁸</strong></span> <span class='ocrx_word' id='word_1_777' title='bbox 715 5623 854 5683; x_wconf 87' lang='lat' dir='ltr'><strong>Gen.</strong></span> <span class='ocrx_word' id='word_1_778' title='bbox 907 5640 1061 5694; x_wconf 69' lang='grc' dir='ltr'>χιιι,</span> <span class='ocrx_word' id='word_1_779' title='bbox 1094 5626 1154 5686; x_wconf 89' lang='grc'><strong>9.</strong></span> <span class='ocrx_word' id='word_1_780' title='bbox 1299 5626 1346 5664; x_wconf 76' lang='grc'><strong>¹⁹</strong></span> <span class='ocrx_word' id='word_1_781' title='bbox 1376 5625 1544 5685; x_wconf 89' lang='lat' dir='ltr'><strong>Prov.</strong></span> <span class='ocrx_word' id='word_1_782' title='bbox 1571 5641 1776 5698; x_wconf 78' lang='lat' dir='ltr'><strong>xxvui,</strong></span> <span class='ocrx_word' id='word_1_783' title='bbox 1813 5627 1873 5686; x_wconf 87' lang='grc'><strong>1.</strong></span> <span class='ocrx_word' id='word_1_784' title='bbox 1992 5630 2129 5690; x_wconf 78' lang='grc'>²⁰.³⁰</span> <span class='ocrx_word' id='word_1_785' title='bbox 2158 5629 2180 5684; x_wconf 89' lang='grc' dir='ltr'><strong>Ι</strong></span> <span class='ocrx_word' id='word_1_786' title='bbox 2221 5628 2281 5686; x_wconf 84' lang='grc' dir='ltr'><strong>Ρι</strong></span> 
     </span>
    </p>
   </div>
   <div class='ocr_carea' id='block_1_110' title="bbox 2059 5620 3706 5703">
    <p class='ocr_par' dir='ltr' id='par_1_110' title="bbox 2059 5620 3706 5703">
     <span class='ocr_line' id='line_1_111' title="bbox 2059 5620 3706 5703; baseline -0.009 -13"><span class='ocrx_word' id='word_1_787' title='bbox 2059 5629 2180 5690; x_wconf 75' lang='grc' dir='ltr'><strong>,³θί</strong></span> <span class='ocrx_word' id='word_1_788' title='bbox 2221 5628 2372 5687; x_wconf 91' lang='lat' dir='ltr'><strong>Petr.</strong></span> <span class='ocrx_word' id='word_1_789' title='bbox 2395 5643 2450 5703; x_wconf 77' lang='grc' dir='ltr'><strong>ν,</strong></span> <span class='ocrx_word' id='word_1_790' title='bbox 2482 5628 2538 5685; x_wconf 89' lang='grc'><strong>8.</strong></span> <span class='ocrx_word' id='word_1_791' title='bbox 2651 5626 2849 5684; x_wconf 77' lang='lat' dir='ltr'><strong>&quot;Luc.</strong></span> <span class='ocrx_word' id='word_1_792' title='bbox 2878 5627 2966 5694; x_wconf 81' lang='grc'><strong>21,</strong></span> <span class='ocrx_word' id='word_1_793' title='bbox 2999 5629 3088 5682; x_wconf 80' lang='grc'><strong>15.</strong></span> <span class='ocrx_word' id='word_1_794' title='bbox 3210 5626 3256 5659; x_wconf 79' lang='grc'><em>³³</em></span> <span class='ocrx_word' id='word_1_795' title='bbox 3286 5622 3484 5682; x_wconf 82' lang='lat' dir='ltr'><strong>Matth.</strong></span> <span class='ocrx_word' id='word_1_796' title='bbox 3523 5620 3706 5690; x_wconf 69' lang='lat' dir='ltr'><strong>x,18.</strong></span> 
     </span>
    </p>
   </div>
  </div>
