  <div class='ocr_page' id='page_1' title='image "/cluster/home/n/w/nwhite01/storage/ocr_20150623/129/hvd.32044019208511/188.png"; bbox 0 0 4170 6458; ppageno 0'>
   <div class='ocr_carea' id='block_1_1' title="bbox 182 441 290 498">
    <p class='ocr_par' dir='ltr' id='par_1_1' title="bbox 182 441 290 498">
     <span class='ocr_line' id='line_1_1' title="bbox 182 441 290 498; baseline 0 0"><span class='ocrx_word' id='word_1_1' title='bbox 182 441 290 498; x_wconf 87' lang='grc'><strong>337</strong></span> 
     </span>
    </p>
   </div>
   <div class='ocr_carea' id='block_1_2' title="bbox 1170 436 2547 497">
    <p class='ocr_par' dir='ltr' id='par_1_2' title="bbox 1170 436 2547 497">
     <span class='ocr_line' id='line_1_2' title="bbox 1170 436 2547 497; baseline -0.002 0"><span class='ocrx_word' id='word_1_2' title='bbox 1170 439 1529 497; x_wconf 83' lang='lat' dir='ltr'><strong>COMMENT.</strong></span> <span class='ocrx_word' id='word_1_3' title='bbox 1573 437 1646 495; x_wconf 89' lang='lat' dir='ltr'><strong>IN</strong></span> <span class='ocrx_word' id='word_1_4' title='bbox 1687 436 2127 494; x_wconf 67' lang='lat' dir='ltr'><strong>MATTHEUM.</strong></span> <span class='ocrx_word' id='word_1_5' title='bbox 2168 468 2239 480; x_wconf 92' lang='lat'><strong><em>—</em></strong></span> <span class='ocrx_word' id='word_1_6' title='bbox 2281 437 2440 494; x_wconf 81' lang='lat' dir='ltr'><strong>CAP.</strong></span> <span class='ocrx_word' id='word_1_7' title='bbox 2481 439 2547 494; x_wconf 88' lang='lat' dir='ltr'><strong>X.</strong></span> 
     </span>
    </p>
   </div>
   <div class='ocr_carea' id='block_1_3' title="bbox 3433 439 3538 496">
    <p class='ocr_par' dir='ltr' id='par_1_3' title="bbox 3433 439 3538 496">
     <span class='ocr_line' id='line_1_3' title="bbox 3433 439 3538 496; baseline -0.019 0"><span class='ocrx_word' id='word_1_8' title='bbox 3433 439 3538 496; x_wconf 86' lang='lat'><strong>338</strong></span> 
     </span>
    </p>
   </div>
   <div class='ocr_carea' id='block_1_4' title="bbox 179 562 1781 640">
    <p class='ocr_par' dir='ltr' id='par_1_4' title="bbox 179 565 1781 640">
     <span class='ocr_line' id='line_1_4' title="bbox 179 565 1781 640; baseline -0.001 -22"><span class='ocrx_word' id='word_1_9' title='bbox 179 572 274 625; x_wconf 73' lang='grc' dir='ltr'>τὴν</span> <span class='ocrx_word' id='word_1_10' title='bbox 305 566 612 639; x_wconf 76' lang='grc' dir='ltr'><strong>οἰκουμένην</strong></span> <span class='ocrx_word' id='word_1_11' title='bbox 647 566 893 640; x_wconf 84' lang='grc' dir='ltr'>πολεμίαν</span> <span class='ocrx_word' id='word_1_12' title='bbox 933 569 1073 639; x_wconf 74' lang='grc' dir='ltr'>ἔχειν</span> <span class='ocrx_word' id='word_1_13' title='bbox 1126 565 1416 634; x_wconf 73' lang='grc' dir='ltr'>ἀκούοντες,</span> <span class='ocrx_word' id='word_1_14' title='bbox 1479 565 1602 638; x_wconf 86' lang='grc' dir='ltr'>παρ’</span> <span class='ocrx_word' id='word_1_15' title='bbox 1663 565 1781 624; x_wconf 84' lang='grc' dir='ltr'>ὅλην</span> 
     </span>
    </p>
   </div>
   <div class='ocr_carea' id='block_1_5' title="bbox 1899 562 3546 640">
    <p class='ocr_par' dir='ltr' id='par_1_5' title="bbox 1899 562 3546 637">
     <span class='ocr_line' id='line_1_5' title="bbox 1899 562 3546 637; baseline 0.001 -17"><span class='ocrx_word' id='word_1_16' title='bbox 1899 563 2056 636; x_wconf 80' lang='lat' dir='ltr'><strong>quod</strong></span> <span class='ocrx_word' id='word_1_17' title='bbox 2068 563 2416 620; x_wconf 89' lang='lat' dir='ltr'><strong>universum</strong></span> <span class='ocrx_word' id='word_1_18' title='bbox 2430 563 2639 619; x_wconf 88' lang='lat' dir='ltr'><strong>orbem</strong></span> <span class='ocrx_word' id='word_1_19' title='bbox 2657 562 2961 620; x_wconf 87' lang='lat' dir='ltr'><strong>inimicum</strong></span> <span class='ocrx_word' id='word_1_20' title='bbox 2975 563 3284 630; x_wconf 90' lang='lat' dir='ltr'><strong>haberent,</strong></span> <span class='ocrx_word' id='word_1_21' title='bbox 3301 567 3546 637; x_wconf 86' lang='lat' dir='ltr'><strong>totaque</strong></span> 
     </span>
    </p>
   </div>
   <div class='ocr_carea' id='block_1_6' title="bbox 178 651 1782 727">
    <p class='ocr_par' dir='ltr' id='par_1_6' title="bbox 178 651 1782 727">
     <span class='ocr_line' id='line_1_6' title="bbox 178 651 1782 727; baseline -0.001 -19"><span class='ocrx_word' id='word_1_22' title='bbox 178 653 238 708; x_wconf 77' lang='grc' dir='ltr'>δὲ</span> <span class='ocrx_word' id='word_1_23' title='bbox 269 656 619 727; x_wconf 75' lang='grc' dir='ltr'><strong>πειράζεσθαι</strong></span> <span class='ocrx_word' id='word_1_24' title='bbox 657 661 750 715; x_wconf 78' lang='grc' dir='ltr'>τὴν</span> <span class='ocrx_word' id='word_1_25' title='bbox 807 661 963 723; x_wconf 80' lang='grc' dir='ltr'>ζωὴν,</span> <span class='ocrx_word' id='word_1_26' title='bbox 1015 656 1110 708; x_wconf 76' lang='grc' dir='ltr'>οὐκ</span> <span class='ocrx_word' id='word_1_27' title='bbox 1165 652 1479 721; x_wconf 74' lang='grc' dir='ltr'>ἕδειλίασαν,</span> <span class='ocrx_word' id='word_1_28' title='bbox 1513 651 1628 707; x_wconf 78' lang='grc' dir='ltr'>οὐδ’</span> <span class='ocrx_word' id='word_1_29' title='bbox 1660 654 1782 715; x_wconf 73' lang='grc' dir='ltr'><strong>ἐξὴ-</strong></span> 
     </span>
    </p>
   </div>
   <div class='ocr_carea' id='block_1_7' title="bbox 173 742 1783 816">
    <p class='ocr_par' dir='ltr' id='par_1_7' title="bbox 173 742 1783 816">
     <span class='ocr_line' id='line_1_7' title="bbox 173 742 1783 816; baseline -0.002 -19"><span class='ocrx_word' id='word_1_30' title='bbox 173 764 346 803; x_wconf 80' lang='grc' dir='ltr'>τησαν</span> <span class='ocrx_word' id='word_1_31' title='bbox 394 743 701 816; x_wconf 78' lang='grc' dir='ltr'>ἀπαλλαγήν</span> <span class='ocrx_word' id='word_1_32' title='bbox 762 754 860 798; x_wconf 86' lang='grc' dir='ltr'>τῶν</span> <span class='ocrx_word' id='word_1_33' title='bbox 904 742 1082 798; x_wconf 83' lang='grc' dir='ltr'>δεινῶν</span> <span class='ocrx_word' id='word_1_34' title='bbox 1139 761 1151 809; x_wconf 92' lang='grc'>;</span> <span class='ocrx_word' id='word_1_35' title='bbox 1196 745 1479 802; x_wconf 78' lang='grc' dir='ltr'>Ὑπήκουον</span> <span class='ocrx_word' id='word_1_36' title='bbox 1541 746 1666 816; x_wconf 84' lang='grc' dir='ltr'>γὰρ,</span> <span class='ocrx_word' id='word_1_37' title='bbox 1716 747 1783 805; x_wconf 82' lang='grc' dir='ltr'>ὡς</span> 
     </span>
    </p>
   </div>
   <div class='ocr_carea' id='block_1_8' title="bbox 174 831 1779 908">
    <p class='ocr_par' dir='ltr' id='par_1_8' title="bbox 174 831 1779 908">
     <span class='ocr_line' id='line_1_8' title="bbox 174 831 1779 908; baseline -0.002 -21"><span class='ocrx_word' id='word_1_38' title='bbox 174 834 438 894; x_wconf 66' lang='grc' dir='ltr'>εὐπειθεῖς</span> <span class='ocrx_word' id='word_1_39' title='bbox 479 843 553 904; x_wconf 85' lang='grc' dir='ltr'>τῷ</span> <span class='ocrx_word' id='word_1_40' title='bbox 593 831 923 906; x_wconf 79' lang='grc' dir='ltr'><strong>διδασκάλῳ,</strong></span> <span class='ocrx_word' id='word_1_41' title='bbox 979 839 1069 886; x_wconf 82' lang='grc' dir='ltr'>καὶ</span> <span class='ocrx_word' id='word_1_42' title='bbox 1120 833 1366 908; x_wconf 77' lang='grc' dir='ltr'>ἐθάρῥουν</span> <span class='ocrx_word' id='word_1_43' title='bbox 1408 835 1471 893; x_wconf 81' lang='grc' dir='ltr'>ὡς</span> <span class='ocrx_word' id='word_1_44' title='bbox 1499 837 1680 885; x_wconf 88' lang='grc' dir='ltr'>πιστοὶ</span> <span class='ocrx_word' id='word_1_45' title='bbox 1716 840 1779 904; x_wconf 69' lang='grc' dir='ltr'>τῇ</span> 
     </span>
    </p>
   </div>
   <div class='ocr_carea' id='block_1_9' title="bbox 171 917 1783 995">
    <p class='ocr_par' dir='ltr' id='par_1_9' title="bbox 171 917 1783 995">
     <span class='ocr_line' id='line_1_9' title="bbox 171 917 1783 995; baseline -0.003 -19"><span class='ocrx_word' id='word_1_46' title='bbox 171 920 404 994; x_wconf 78' lang='grc' dir='ltr'>δυνάμει</span> <span class='ocrx_word' id='word_1_47' title='bbox 461 930 554 974; x_wconf 80' lang='grc' dir='ltr'>τοῦ</span> <span class='ocrx_word' id='word_1_48' title='bbox 625 922 1040 984; x_wconf 71' lang='grc' dir='ltr'><strong>ἀποστέλλοντος.</strong></span> <span class='ocrx_word' id='word_1_49' title='bbox 1122 924 1492 995; x_wconf 85' lang='grc' dir='ltr'>Μεμαθηκότες</span> <span class='ocrx_word' id='word_1_50' title='bbox 1562 917 1620 972; x_wconf 65' lang='grc' dir='ltr'><strong>δε</strong></span> <span class='ocrx_word' id='word_1_51' title='bbox 1693 925 1783 971; x_wconf 80' lang='grc' dir='ltr'>καὶ</span> 
     </span>
    </p>
   </div>
   <div class='ocr_carea' id='block_1_10' title="bbox 169 1011 1783 1084">
    <p class='ocr_par' dir='ltr' id='par_1_10' title="bbox 169 1011 1783 1084">
     <span class='ocr_line' id='line_1_10' title="bbox 169 1011 1783 1084; baseline -0.004 -19"><span class='ocrx_word' id='word_1_52' title='bbox 169 1015 245 1065; x_wconf 79' lang='grc' dir='ltr'>ὃτι</span> <span class='ocrx_word' id='word_1_53' title='bbox 295 1019 560 1064; x_wconf 82' lang='grc' dir='ltr'>τοσοῦτον</span> <span class='ocrx_word' id='word_1_54' title='bbox 621 1011 838 1083; x_wconf 74' lang='grc' dir='ltr'>ἓσχύσει</span> <span class='ocrx_word' id='word_1_55' title='bbox 886 1015 943 1064; x_wconf 92' lang='grc' dir='ltr'><strong>τό</strong></span> <span class='ocrx_word' id='word_1_56' title='bbox 990 1017 1238 1084; x_wconf 84' lang='grc' dir='ltr'>κήρυγμα</span> <span class='ocrx_word' id='word_1_57' title='bbox 1290 1019 1384 1072; x_wconf 83' lang='grc' dir='ltr'>τῆς</span> <span class='ocrx_word' id='word_1_58' title='bbox 1428 1015 1670 1077; x_wconf 87' lang='grc' dir='ltr'>πίστεως,</span> <span class='ocrx_word' id='word_1_59' title='bbox 1715 1011 1783 1070; x_wconf 82' lang='grc' dir='ltr'>ὡς</span> 
     </span>
    </p>
   </div>
   <div class='ocr_carea' id='block_1_11' title="bbox 173 1097 1780 1173">
    <p class='ocr_par' dir='ltr' id='par_1_11' title="bbox 173 1097 1780 1173">
     <span class='ocr_line' id='line_1_11' title="bbox 173 1097 1780 1173; baseline -0.002 -19"><span class='ocrx_word' id='word_1_60' title='bbox 173 1099 434 1154; x_wconf 79' lang='grc' dir='ltr'>διαλύσαι</span> <span class='ocrx_word' id='word_1_61' title='bbox 491 1105 583 1153; x_wconf 81' lang='grc' dir='ltr'>καὶ</span> <span class='ocrx_word' id='word_1_62' title='bbox 617 1105 710 1158; x_wconf 76' lang='grc' dir='ltr'>τὴν</span> <span class='ocrx_word' id='word_1_63' title='bbox 770 1097 1125 1172; x_wconf 78' lang='grc' dir='ltr'><strong>ἀδαμαντίνην</strong></span> <span class='ocrx_word' id='word_1_64' title='bbox 1168 1104 1395 1173; x_wconf 72' lang='grc' dir='ltr'>στοργήν</span> <span class='ocrx_word' id='word_1_65' title='bbox 1420 1108 1511 1160; x_wconf 80' lang='grc' dir='ltr'>τῆς</span> <span class='ocrx_word' id='word_1_66' title='bbox 1559 1102 1780 1171; x_wconf 77' lang='grc' dir='ltr'>φύσεως,</span> 
     </span>
    </p>
   </div>
   <div class='ocr_carea' id='block_1_12' title="bbox 173 1188 1783 1262">
    <p class='ocr_par' dir='ltr' id='par_1_12' title="bbox 173 1188 1783 1262">
     <span class='ocr_line' id='line_1_12' title="bbox 173 1188 1783 1262; baseline -0.001 -20"><span class='ocrx_word' id='word_1_67' title='bbox 173 1196 250 1243; x_wconf 79' lang='grc' dir='ltr'>καὶ</span> <span class='ocrx_word' id='word_1_68' title='bbox 340 1191 446 1251; x_wconf 83' lang='grc' dir='ltr'><strong>τὰς</strong></span> <span class='ocrx_word' id='word_1_69' title='bbox 534 1194 751 1260; x_wconf 84' lang='grc' dir='ltr'>σχίσεις</span> <span class='ocrx_word' id='word_1_70' title='bbox 828 1188 1074 1252; x_wconf 76' lang='grc' dir='ltr'><strong>ἀλλήλαις</strong></span> <span class='ocrx_word' id='word_1_71' title='bbox 1139 1188 1513 1261; x_wconf 75' lang='grc' dir='ltr'>ὶκπολεμωσαι,</span> <span class='ocrx_word' id='word_1_72' title='bbox 1595 1188 1783 1262; x_wconf 86' lang='grc' dir='ltr'>μᾶλλον</span> 
     </span>
    </p>
   </div>
   <div class='ocr_carea' id='block_1_13' title="bbox 183 1276 1782 1354">
    <p class='ocr_par' dir='ltr' id='par_1_13' title="bbox 183 1276 1782 1354">
     <span class='ocr_line' id='line_1_13' title="bbox 183 1276 1782 1354; baseline -0.002 -23"><span class='ocrx_word' id='word_1_73' title='bbox 183 1280 630 1353; x_wconf 69' lang='grc' dir='ltr'>ὲνηρεθίσθησαν,</span> <span class='ocrx_word' id='word_1_74' title='bbox 676 1283 765 1331; x_wconf 84' lang='grc' dir='ltr'>καὶ</span> <span class='ocrx_word' id='word_1_75' title='bbox 822 1281 1154 1354; x_wconf 80' lang='grc' dir='ltr'>νευρωθίντες</span> <span class='ocrx_word' id='word_1_76' title='bbox 1204 1278 1381 1330; x_wconf 84' lang='grc' dir='ltr'>λοιπόν</span> <span class='ocrx_word' id='word_1_77' title='bbox 1455 1284 1568 1338; x_wconf 87' lang='grc' dir='ltr'>ταῖς</span> <span class='ocrx_word' id='word_1_78' title='bbox 1624 1276 1782 1349; x_wconf 77' lang='grc' dir='ltr'>ἀναμ-</span> 
     </span>
    </p>
   </div>
   <div class='ocr_carea' id='block_1_14' title="bbox 201 1363 1785 1440">
    <p class='ocr_par' dir='ltr' id='par_1_14' title="bbox 201 1363 1785 1440">
     <span class='ocr_line' id='line_1_14' title="bbox 201 1363 1785 1440; baseline -0.001 -20"><span class='ocrx_word' id='word_1_79' title='bbox 201 1369 405 1440; x_wconf 36' lang='lat' dir='ltr'><strong>Inﬁma;</strong></span> <span class='ocrx_word' id='word_1_80' title='bbox 460 1367 640 1419; x_wconf 82' lang='grc' dir='ltr'>ἐλπίσι</span> <span class='ocrx_word' id='word_1_81' title='bbox 695 1375 784 1419; x_wconf 84' lang='grc' dir='ltr'>τοῦ</span> <span class='ocrx_word' id='word_1_82' title='bbox 832 1370 1138 1440; x_wconf 82' lang='grc' dir='ltr'>κατορθοῦν,</span> <span class='ocrx_word' id='word_1_83' title='bbox 1168 1364 1518 1431; x_wconf 80' lang='grc' dir='ltr'>ἁπεδύσαντο,</span> <span class='ocrx_word' id='word_1_84' title='bbox 1575 1363 1785 1420; x_wconf 83' lang='grc' dir='ltr'>δώδεκα</span> 
     </span>
    </p>
   </div>
   <div class='ocr_carea' id='block_1_15' title="bbox 184 1453 1780 1530">
    <p class='ocr_par' dir='ltr' id='par_1_15' title="bbox 184 1453 1780 1530">
     <span class='ocr_line' id='line_1_15' title="bbox 184 1453 1780 1530; baseline -0.001 -21"><span class='ocrx_word' id='word_1_85' title='bbox 184 1478 334 1529; x_wconf 73' lang='grc' dir='ltr'>μόνοι,</span> <span class='ocrx_word' id='word_1_86' title='bbox 401 1459 540 1530; x_wconf 85' lang='grc' dir='ltr'>πρὸς</span> <span class='ocrx_word' id='word_1_87' title='bbox 585 1457 792 1508; x_wconf 78' lang='grc' dir='ltr'>ἅπασαν</span> <span class='ocrx_word' id='word_1_88' title='bbox 851 1461 944 1514; x_wconf 78' lang='grc' dir='ltr'>τὴν</span> <span class='ocrx_word' id='word_1_89' title='bbox 1004 1457 1327 1528; x_wconf 74' lang='grc' dir='ltr'>οἰκουμένην,</span> <span class='ocrx_word' id='word_1_90' title='bbox 1380 1453 1518 1528; x_wconf 73' lang='grc' dir='ltr'>ᾗτινι</span> <span class='ocrx_word' id='word_1_91' title='bbox 1571 1475 1780 1527; x_wconf 84' lang='grc' dir='ltr'>συμπα-</span> 
     </span>
    </p>
   </div>
   <div class='ocr_carea' id='block_1_16' title="bbox 177 1543 1781 1618">
    <p class='ocr_par' dir='ltr' id='par_1_16' title="bbox 177 1543 1781 1618">
     <span class='ocr_line' id='line_1_16' title="bbox 177 1543 1781 1618; baseline -0.001 -20"><span class='ocrx_word' id='word_1_92' title='bbox 177 1549 450 1618; x_wconf 68' lang='grc' dir='ltr'>ρετάττετο</span> <span class='ocrx_word' id='word_1_93' title='bbox 487 1545 599 1598; x_wconf 86' lang='grc' dir='ltr'>κατ’</span> <span class='ocrx_word' id='word_1_94' title='bbox 637 1545 802 1597; x_wconf 82' lang='grc' dir='ltr'>αύτὼν</span> <span class='ocrx_word' id='word_1_95' title='bbox 839 1550 927 1597; x_wconf 87' lang='grc' dir='ltr'>καὶ</span> <span class='ocrx_word' id='word_1_96' title='bbox 957 1547 982 1597; x_wconf 98' lang='lat'><strong>6</strong></span> <span class='ocrx_word' id='word_1_97' title='bbox 1015 1543 1255 1607; x_wconf 76' lang='grc' dir='ltr'>διάϐολος</span> <span class='ocrx_word' id='word_1_98' title='bbox 1308 1548 1435 1616; x_wconf 87' lang='grc' dir='ltr'>μετὰ</span> <span class='ocrx_word' id='word_1_99' title='bbox 1490 1553 1590 1597; x_wconf 85' lang='grc' dir='ltr'>τῶν</span> <span class='ocrx_word' id='word_1_100' title='bbox 1639 1544 1781 1597; x_wconf 78' lang='grc' dir='ltr'>ἀπεί-</span> 
     </span>
    </p>
   </div>
   <div class='ocr_carea' id='block_1_17' title="bbox 176 1631 1782 1708">
    <p class='ocr_par' dir='ltr' id='par_1_17' title="bbox 176 1631 1782 1708">
     <span class='ocr_line' id='line_1_17' title="bbox 176 1631 1782 1708; baseline -0.002 -21"><span class='ocrx_word' id='word_1_101' title='bbox 176 1657 261 1708; x_wconf 59' lang='grc' dir='ltr'><strong>οων</strong></span> <span class='ocrx_word' id='word_1_102' title='bbox 323 1635 504 1687; x_wconf 69' lang='grc' dir='ltr'>αὐτοῦ</span> <span class='ocrx_word' id='word_1_103' title='bbox 564 1631 846 1706; x_wconf 76' lang='grc' dir='ltr'>δαιμόνων,</span> <span class='ocrx_word' id='word_1_104' title='bbox 910 1640 999 1686; x_wconf 83' lang='grc' dir='ltr'>καὶ</span> <span class='ocrx_word' id='word_1_105' title='bbox 1053 1638 1400 1699; x_wconf 77' lang='grc' dir='ltr'>νενικήκασιν,</span> <span class='ocrx_word' id='word_1_106' title='bbox 1451 1633 1544 1685; x_wconf 74' lang='grc' dir='ltr'>οὐκ</span> <span class='ocrx_word' id='word_1_107' title='bbox 1586 1631 1782 1685; x_wconf 79' lang='grc' dir='ltr'>ἀνελόν-</span> 
     </span>
    </p>
   </div>
   <div class='ocr_carea' id='block_1_18' title="bbox 178 1721 1782 1796">
    <p class='ocr_par' dir='ltr' id='par_1_18' title="bbox 178 1721 1782 1796">
     <span class='ocr_line' id='line_1_18' title="bbox 178 1721 1782 1796; baseline -0.003 -19"><span class='ocrx_word' id='word_1_108' title='bbox 178 1744 243 1785; x_wconf 75' lang='grc' dir='ltr'><strong>τες</strong></span> <span class='ocrx_word' id='word_1_109' title='bbox 334 1728 471 1786; x_wconf 82' lang='grc' dir='ltr'>τοὺς</span> <span class='ocrx_word' id='word_1_110' title='bbox 544 1723 822 1788; x_wconf 72' lang='grc' dir='ltr'>ἐναντίους,</span> <span class='ocrx_word' id='word_1_111' title='bbox 902 1721 1029 1774; x_wconf 76' lang='grc' dir='ltr'>ἀλλὰ</span> <span class='ocrx_word' id='word_1_112' title='bbox 1101 1723 1630 1796; x_wconf 81' lang='grc' dir='ltr'>μεταρρυθμίσαντες,</span> <span class='ocrx_word' id='word_1_113' title='bbox 1693 1726 1782 1773; x_wconf 83' lang='grc' dir='ltr'>καὶ</span> 
     </span>
    </p>
   </div>
   <div class='ocr_carea' id='block_1_19' title="bbox 177 1810 1781 1884">
    <p class='ocr_par' dir='ltr' id='par_1_19' title="bbox 177 1810 1781 1884">
     <span class='ocr_line' id='line_1_19' title="bbox 177 1810 1781 1884; baseline -0.001 -19"><span class='ocrx_word' id='word_1_114' title='bbox 177 1811 441 1884; x_wconf 71' lang='grc' dir='ltr'>δαιμόνων</span> <span class='ocrx_word' id='word_1_115' title='bbox 483 1812 601 1884; x_wconf 77' lang='grc'><strong>(24)</strong></span> <span class='ocrx_word' id='word_1_116' title='bbox 650 1815 796 1872; x_wconf 83' lang='grc' dir='ltr'>ἴσους</span> <span class='ocrx_word' id='word_1_117' title='bbox 825 1810 1082 1873; x_wconf 86' lang='grc' dir='ltr'>λαϐόντες,</span> <span class='ocrx_word' id='word_1_118' title='bbox 1144 1810 1372 1883; x_wconf 80' lang='grc' dir='ltr'>ἀγγέλων</span> <span class='ocrx_word' id='word_1_119' title='bbox 1425 1814 1576 1872; x_wconf 81' lang='grc' dir='ltr'>ἴσους</span> <span class='ocrx_word' id='word_1_120' title='bbox 1604 1810 1781 1868; x_wconf 75' lang='grc' dir='ltr'>ἐποίη-</span> 
     </span>
    </p>
   </div>
   <div class='ocr_carea' id='block_1_20' title="bbox 175 1922 278 1956">
    <p class='ocr_par' dir='ltr' id='par_1_20' title="bbox 175 1922 278 1956">
     <span class='ocr_line' id='line_1_20' title="bbox 175 1922 278 1956; baseline 0.019 -3"><span class='ocrx_word' id='word_1_121' title='bbox 175 1922 278 1956; x_wconf 79' lang='grc' dir='ltr'>σαν.</span> 
     </span>
    </p>
   </div>
   <div class='ocr_carea' id='block_1_21' title="bbox 236 1985 1782 2061">
    <p class='ocr_par' dir='ltr' id='par_1_21' title="bbox 236 1985 1782 2061">
     <span class='ocr_line' id='line_1_21' title="bbox 236 1985 1782 2061; baseline -0.003 -18"><span class='ocrx_word' id='word_1_122' title='bbox 236 1998 386 2044; x_wconf 86' lang='grc' dir='ltr'>Οταν</span> <span class='ocrx_word' id='word_1_123' title='bbox 449 1987 513 2042; x_wconf 60' lang='grc' dir='ltr'>δὲ</span> <span class='ocrx_word' id='word_1_124' title='bbox 568 2019 637 2030; x_wconf 92' lang='lat'><strong>—-</strong></span> <span class='ocrx_word' id='word_1_125' title='bbox 694 1989 869 2047; x_wconf 81' lang='grc' dir='ltr'>ἄλλην.</span> <span class='ocrx_word' id='word_1_126' title='bbox 922 1989 1088 2043; x_wconf 85' lang='grc' dir='ltr'>Εἰπὼν</span> <span class='ocrx_word' id='word_1_127' title='bbox 1136 1992 1200 2042; x_wconf 85' lang='grc' dir='ltr'><strong>τὰ</strong></span> <span class='ocrx_word' id='word_1_128' title='bbox 1255 1992 1382 2061; x_wconf 80' lang='grc' dir='ltr'>μετὰ</span> <span class='ocrx_word' id='word_1_129' title='bbox 1438 1992 1530 2045; x_wconf 72' lang='grc' dir='ltr'>τήν</span> <span class='ocrx_word' id='word_1_130' title='bbox 1597 1985 1782 2045; x_wconf 76' lang='grc' dir='ltr'>ἀνείλη·</span> 
     </span>
    </p>
   </div>
   <div class='ocr_carea' id='block_1_22' title="bbox 172 2076 1783 2152">
    <p class='ocr_par' dir='ltr' id='par_1_22' title="bbox 172 2076 1783 2152">
     <span class='ocr_line' id='line_1_22' title="bbox 172 2076 1783 2152; baseline -0.002 -20"><span class='ocrx_word' id='word_1_131' title='bbox 172 2081 256 2151; x_wconf 55' lang='grc' dir='ltr'>φιν</span> <span class='ocrx_word' id='word_1_132' title='bbox 313 2081 486 2133; x_wconf 71' lang='grc' dir='ltr'>αὐτοῦ</span> <span class='ocrx_word' id='word_1_133' title='bbox 545 2077 938 2152; x_wconf 88' lang='grc' dir='ltr'>συμϐησόμενα,</span> <span class='ocrx_word' id='word_1_134' title='bbox 995 2077 1147 2131; x_wconf 81' lang='grc' dir='ltr'>πάλιν</span> <span class='ocrx_word' id='word_1_135' title='bbox 1179 2082 1345 2149; x_wconf 80' lang='grc' dir='ltr'>ἤγαγε</span> <span class='ocrx_word' id='word_1_136' title='bbox 1387 2080 1473 2129; x_wconf 88' lang='grc' dir='ltr'><strong>τόν</strong></span> <span class='ocrx_word' id='word_1_137' title='bbox 1503 2076 1650 2148; x_wconf 90' lang='grc' dir='ltr'>λόγον</span> <span class='ocrx_word' id='word_1_138' title='bbox 1701 2076 1783 2128; x_wconf 72' lang='grc' dir='ltr'><strong>ἐπὶ</strong></span> 
     </span>
    </p>
   </div>
   <div class='ocr_carea' id='block_1_23' title="bbox 176 2165 1784 2246">
    <p class='ocr_par' dir='ltr' id='par_1_23' title="bbox 176 2165 1784 2246">
     <span class='ocr_line' id='line_1_23' title="bbox 176 2165 1784 2246; baseline -0.004 -24"><span class='ocrx_word' id='word_1_139' title='bbox 176 2174 238 2222; x_wconf 80' lang='grc' dir='ltr'><strong>τὰ</strong></span> <span class='ocrx_word' id='word_1_140' title='bbox 283 2173 433 2246; x_wconf 83' lang='grc' dir='ltr'>πρὸύ</span> <span class='ocrx_word' id='word_1_141' title='bbox 482 2175 576 2220; x_wconf 84' lang='grc' dir='ltr'>τοῦ</span> <span class='ocrx_word' id='word_1_142' title='bbox 627 2176 880 2241; x_wconf 76' lang='grc' dir='ltr'>σταυροῦ.</span> <span class='ocrx_word' id='word_1_143' title='bbox 942 2167 1142 2220; x_wconf 76' lang='grc' dir='ltr'>Κελεύιι</span> <span class='ocrx_word' id='word_1_144' title='bbox 1191 2165 1250 2219; x_wconf 78' lang='grc' dir='ltr'><strong>δε</strong></span> <span class='ocrx_word' id='word_1_145' title='bbox 1299 2170 1520 2238; x_wconf 81' lang='grc' dir='ltr'>φεύγειν,</span> <span class='ocrx_word' id='word_1_146' title='bbox 1571 2166 1675 2238; x_wconf 76' lang='grc' dir='ltr'>οὐχ</span> <span class='ocrx_word' id='word_1_147' title='bbox 1719 2168 1784 2226; x_wconf 85' lang='grc' dir='ltr'>ὡς</span> 
     </span>
    </p>
   </div>
   <div class='ocr_carea' id='block_1_24' title="bbox 177 2253 1784 2330">
    <p class='ocr_par' dir='ltr' id='par_1_24' title="bbox 177 2253 1784 2330">
     <span class='ocr_line' id='line_1_24' title="bbox 177 2253 1784 2330; baseline -0.004 -18"><span class='ocrx_word' id='word_1_148' title='bbox 177 2257 404 2326; x_wconf 75' lang='grc' dir='ltr'>δειλοὺς,</span> <span class='ocrx_word' id='word_1_149' title='bbox 454 2256 564 2310; x_wconf 80' lang='grc' dir='ltr'>ἀλλ’</span> <span class='ocrx_word' id='word_1_150' title='bbox 610 2260 680 2317; x_wconf 77' lang='grc' dir='ltr'>ὡς</span> <span class='ocrx_word' id='word_1_151' title='bbox 726 2253 1090 2330; x_wconf 80' lang='grc' dir='ltr'>διωκομένους.</span> <span class='ocrx_word' id='word_1_152' title='bbox 1146 2256 1204 2308; x_wconf 80' lang='grc' dir='ltr'><strong>Ὀ</strong></span> <span class='ocrx_word' id='word_1_153' title='bbox 1258 2253 1316 2308; x_wconf 72' lang='grc' dir='ltr'>δὲ</span> <span class='ocrx_word' id='word_1_154' title='bbox 1356 2255 1604 2327; x_wconf 85' lang='grc' dir='ltr'>Θεολόγος</span> <span class='ocrx_word' id='word_1_155' title='bbox 1657 2262 1784 2327; x_wconf 81' lang='grc' dir='ltr'>Γρη·</span> 
     </span>
    </p>
   </div>
   <div class='ocr_carea' id='block_1_25' title="bbox 176 2342 1784 2421">
    <p class='ocr_par' dir='ltr' id='par_1_25' title="bbox 176 2342 1784 2421">
     <span class='ocr_line' id='line_1_25' title="bbox 176 2342 1784 2421; baseline -0.003 -20"><span class='ocrx_word' id='word_1_156' title='bbox 176 2354 355 2420; x_wconf 73' lang='grc' dir='ltr'>γόριος</span> <span class='ocrx_word' id='word_1_157' title='bbox 419 2347 709 2421; x_wconf 73' lang='grc' dir='ltr'><strong>ἑρμηνεύων</strong></span> <span class='ocrx_word' id='word_1_158' title='bbox 751 2351 904 2398; x_wconf 81' lang='grc' dir='ltr'>τοῦτό</span> <span class='ocrx_word' id='word_1_159' title='bbox 953 2365 1130 2418; x_wconf 76' lang='grc' dir='ltr'>φησιν,</span> <span class='ocrx_word' id='word_1_160' title='bbox 1172 2347 1252 2398; x_wconf 86' lang='grc' dir='ltr'>ὅτι</span> <span class='ocrx_word' id='word_1_161' title='bbox 1303 2342 1478 2418; x_wconf 77' lang='grc' dir='ltr'>φειδοῖ</span> <span class='ocrx_word' id='word_1_162' title='bbox 1530 2354 1627 2396; x_wconf 89' lang='grc' dir='ltr'>τῶν</span> <span class='ocrx_word' id='word_1_163' title='bbox 1656 2342 1784 2398; x_wconf 85' lang='grc' dir='ltr'>διω-</span> 
     </span>
    </p>
   </div>
   <div class='ocr_carea' id='block_1_26' title="bbox 176 2430 1784 2509">
    <p class='ocr_par' dir='ltr' id='par_1_26' title="bbox 176 2430 1784 2509">
     <span class='ocr_line' id='line_1_26' title="bbox 176 2430 1784 2509; baseline -0.002 -19"><span class='ocrx_word' id='word_1_164' title='bbox 176 2443 368 2490; x_wconf 80' lang='grc' dir='ltr'>κόντων</span> <span class='ocrx_word' id='word_1_165' title='bbox 427 2441 517 2488; x_wconf 81' lang='grc' dir='ltr'><strong>καὶ</strong></span> <span class='ocrx_word' id='word_1_166' title='bbox 587 2443 688 2488; x_wconf 86' lang='grc' dir='ltr'>τῶν</span> <span class='ocrx_word' id='word_1_167' title='bbox 751 2437 1155 2509; x_wconf 78' lang='grc' dir='ltr'>ἀσθενεστέρων·</span> <span class='ocrx_word' id='word_1_168' title='bbox 1230 2439 1319 2486; x_wconf 84' lang='grc' dir='ltr'>καὶ</span> <span class='ocrx_word' id='word_1_169' title='bbox 1393 2430 1516 2487; x_wconf 71' lang='grc' dir='ltr'>οὐδε</span> <span class='ocrx_word' id='word_1_170' title='bbox 1581 2437 1784 2509; x_wconf 87' lang='grc' dir='ltr'>μακρὰν</span> 
     </span>
    </p>
   </div>
   <div class='ocr_carea' id='block_1_27' title="bbox 179 2522 1779 2598">
    <p class='ocr_par' dir='ltr' id='par_1_27' title="bbox 179 2522 1779 2598">
     <span class='ocr_line' id='line_1_27' title="bbox 179 2522 1779 2598; baseline -0.004 -19"><span class='ocrx_word' id='word_1_171' title='bbox 179 2530 404 2598; x_wconf 65' lang='grc' dir='ltr'>φεύγειν,</span> <span class='ocrx_word' id='word_1_172' title='bbox 465 2523 572 2577; x_wconf 72' lang='grc' dir='ltr'>ἀλλ’</span> <span class='ocrx_word' id='word_1_173' title='bbox 624 2523 724 2576; x_wconf 81' lang='grc' dir='ltr'><strong>ἀπὸ</strong></span> <span class='ocrx_word' id='word_1_174' title='bbox 771 2527 966 2585; x_wconf 80' lang='grc' dir='ltr'>ταύτης</span> <span class='ocrx_word' id='word_1_175' title='bbox 1028 2532 1120 2584; x_wconf 84' lang='grc' dir='ltr'>τῆς</span> <span class='ocrx_word' id='word_1_176' title='bbox 1170 2522 1358 2583; x_wconf 78' lang='grc' dir='ltr'>πόλεως</span> <span class='ocrx_word' id='word_1_177' title='bbox 1427 2523 1497 2584; x_wconf 81' lang='grc' dir='ltr'>εἰς</span> <span class='ocrx_word' id='word_1_178' title='bbox 1568 2527 1779 2589; x_wconf 79' lang='grc' dir='ltr'>ἐκείνην,</span> 
     </span>
    </p>
   </div>
   <div class='ocr_carea' id='block_1_28' title="bbox 181 2611 1785 2687">
    <p class='ocr_par' dir='ltr' id='par_1_28' title="bbox 181 2611 1785 2687">
     <span class='ocr_line' id='line_1_28' title="bbox 181 2611 1785 2687; baseline -0.002 -20"><span class='ocrx_word' id='word_1_179' title='bbox 181 2618 255 2667; x_wconf 84' lang='grc' dir='ltr'><strong>ἱνα</strong></span> <span class='ocrx_word' id='word_1_180' title='bbox 291 2611 566 2687; x_wconf 80' lang='grc' dir='ltr'>μηδεμίαν</span> <span class='ocrx_word' id='word_1_181' title='bbox 595 2613 1008 2687; x_wconf 75' lang='grc' dir='ltr'>παραλείψωσιν,</span> <span class='ocrx_word' id='word_1_182' title='bbox 1077 2613 1143 2673; x_wconf 84' lang='grc' dir='ltr'>εἰς</span> <span class='ocrx_word' id='word_1_183' title='bbox 1175 2612 1234 2670; x_wconf 79' lang='grc' dir='ltr'><strong>ἢν</strong></span> <span class='ocrx_word' id='word_1_184' title='bbox 1270 2612 1364 2663; x_wconf 87' lang='grc' dir='ltr'><strong>ούκ</strong></span> <span class='ocrx_word' id='word_1_185' title='bbox 1415 2613 1529 2680; x_wconf 81' lang='grc'><strong>(25)</strong></span> <span class='ocrx_word' id='word_1_186' title='bbox 1584 2611 1785 2684; x_wconf 73' lang='grc' dir='ltr'>ἀφίξον-</span> 
     </span>
    </p>
   </div>
   <div class='ocr_carea' id='block_1_29' title="bbox 180 2725 278 2757">
    <p class='ocr_par' dir='ltr' id='par_1_29' title="bbox 180 2725 278 2757">
     <span class='ocr_line' id='line_1_29' title="bbox 180 2725 278 2757; baseline 0.01 -1"><span class='ocrx_word' id='word_1_187' title='bbox 180 2725 278 2757; x_wconf 79' lang='grc' dir='ltr'>ται.</span> 
     </span>
    </p>
   </div>
   <div class='ocr_carea' id='block_1_30' title="bbox 246 2789 1782 2866">
    <p class='ocr_par' dir='ltr' id='par_1_30' title="bbox 246 2789 1782 2866">
     <span class='ocr_line' id='line_1_30' title="bbox 246 2789 1782 2866; baseline -0.003 -21"><span class='ocrx_word' id='word_1_188' title='bbox 246 2796 417 2865; x_wconf 77' lang='grc' dir='ltr'>’Δμην</span> <span class='ocrx_word' id='word_1_189' title='bbox 488 2823 558 2831; x_wconf 93' lang='grc'><strong><em>--</em></strong></span> <span class='ocrx_word' id='word_1_190' title='bbox 635 2799 725 2844; x_wconf 84' lang='grc' dir='ltr'>τοῦ</span> <span class='ocrx_word' id='word_1_191' title='bbox 807 2789 1098 2866; x_wconf 79' lang='grc' dir='ltr'>ἀνθρώπου.</span> <span class='ocrx_word' id='word_1_192' title='bbox 1158 2789 1289 2851; x_wconf 79' lang='grc' dir='ltr'>Ἐως</span> <span class='ocrx_word' id='word_1_193' title='bbox 1352 2789 1412 2841; x_wconf 82' lang='grc' dir='ltr'>ἂν</span> <span class='ocrx_word' id='word_1_194' title='bbox 1477 2789 1596 2858; x_wconf 82' lang='grc' dir='ltr'>ἔλθη</span> <span class='ocrx_word' id='word_1_195' title='bbox 1654 2791 1782 2864; x_wconf 84' lang='grc' dir='ltr'>πρὸς</span> 
     </span>
    </p>
   </div>
   <div class='ocr_carea' id='block_1_31' title="bbox 179 2877 1786 2956">
    <p class='ocr_par' dir='ltr' id='par_1_31' title="bbox 179 2877 1786 2956">
     <span class='ocr_line' id='line_1_31' title="bbox 179 2877 1786 2956; baseline -0.003 -21"><span class='ocrx_word' id='word_1_196' title='bbox 179 2886 329 2955; x_wconf 69' lang='grc' dir='ltr'>ὑμᾶς.</span> <span class='ocrx_word' id='word_1_197' title='bbox 385 2888 558 2935; x_wconf 80' lang='grc' dir='ltr'>Τοῦτο</span> <span class='ocrx_word' id='word_1_198' title='bbox 597 2877 657 2934; x_wconf 72' lang='grc' dir='ltr'><strong>δε</strong></span> <span class='ocrx_word' id='word_1_199' title='bbox 695 2883 819 2956; x_wconf 81' lang='grc' dir='ltr'>πρὸς</span> <span class='ocrx_word' id='word_1_200' title='bbox 847 2879 1201 2952; x_wconf 71' lang='grc' dir='ltr'>ψυχαγωγίαν</span> <span class='ocrx_word' id='word_1_201' title='bbox 1250 2883 1338 2930; x_wconf 87' lang='grc' dir='ltr'>καὶ</span> <span class='ocrx_word' id='word_1_202' title='bbox 1387 2877 1638 2949; x_wconf 74' lang='grc' dir='ltr'>ἀνάψυξιν</span> <span class='ocrx_word' id='word_1_203' title='bbox 1686 2879 1786 2930; x_wconf 83' lang='grc' dir='ltr'>αύ-</span> 
     </span>
    </p>
   </div>
   <div class='ocr_carea' id='block_1_32' title="bbox 178 2966 1779 3042">
    <p class='ocr_par' dir='ltr' id='par_1_32' title="bbox 178 2966 1779 3042">
     <span class='ocr_line' id='line_1_32' title="bbox 178 2966 1779 3042; baseline -0.003 -19"><span class='ocrx_word' id='word_1_204' title='bbox 178 2982 268 3024; x_wconf 61' lang='lat' dir='ltr'><strong>?er</strong></span> <span class='ocrx_word' id='word_1_205' title='bbox 330 2968 466 3038; x_wconf 82' lang='grc' dir='ltr'>εἶπε,</span> <span class='ocrx_word' id='word_1_206' title='bbox 527 2968 772 3042; x_wconf 85' lang='grc' dir='ltr'>βεϐαιῶν,</span> <span class='ocrx_word' id='word_1_207' title='bbox 851 2971 930 3022; x_wconf 83' lang='grc' dir='ltr'>ὅτι</span> <span class='ocrx_word' id='word_1_208' title='bbox 990 2971 1172 3021; x_wconf 80' lang='grc' dir='ltr'>θᾶττον</span> <span class='ocrx_word' id='word_1_209' title='bbox 1227 2972 1434 3027; x_wconf 82' lang='grc' dir='ltr'>τούτους</span> <span class='ocrx_word' id='word_1_210' title='bbox 1489 2966 1779 3039; x_wconf 75' lang='grc' dir='ltr'>καταλάϐῃ,</span> 
     </span>
    </p>
   </div>
   <div class='ocr_carea' id='block_1_33' title="bbox 183 3056 1781 3135">
    <p class='ocr_par' dir='ltr' id='par_1_33' title="bbox 183 3056 1781 3135">
     <span class='ocr_line' id='line_1_33' title="bbox 183 3056 1781 3135; baseline -0.004 -21"><span class='ocrx_word' id='word_1_211' title='bbox 183 3067 278 3135; x_wconf 71' lang='grc' dir='ltr'>πρὸ</span> <span class='ocrx_word' id='word_1_212' title='bbox 360 3067 462 3112; x_wconf 81' lang='grc' dir='ltr'>τοῦ</span> <span class='ocrx_word' id='word_1_213' title='bbox 530 3058 810 3132; x_wconf 74' lang='grc' dir='ltr'><strong>περιελθεῖν</strong></span> <span class='ocrx_word' id='word_1_214' title='bbox 879 3057 1063 3117; x_wconf 82' lang='grc' dir='ltr'>αύτούς</span> <span class='ocrx_word' id='word_1_215' title='bbox 1106 3059 1280 3118; x_wconf 79' lang='grc' dir='ltr'>πάσας</span> <span class='ocrx_word' id='word_1_216' title='bbox 1332 3059 1421 3117; x_wconf 84' lang='grc' dir='ltr'><strong>τὰς</strong></span> <span class='ocrx_word' id='word_1_217' title='bbox 1465 3056 1631 3116; x_wconf 88' lang='grc' dir='ltr'>πόλεις</span> <span class='ocrx_word' id='word_1_218' title='bbox 1682 3065 1781 3108; x_wconf 84' lang='grc' dir='ltr'>τῶν</span> 
     </span>
    </p>
   </div>
   <div class='ocr_carea' id='block_1_34' title="bbox 181 3143 1783 3220">
    <p class='ocr_par' dir='ltr' id='par_1_34' title="bbox 181 3143 1783 3220">
     <span class='ocr_line' id='line_1_34' title="bbox 181 3143 1783 3220; baseline -0.005 -17"><span class='ocrx_word' id='word_1_219' title='bbox 181 3147 476 3213; x_wconf 80' lang='grc' dir='ltr'>Ἰουδαίων,</span> <span class='ocrx_word' id='word_1_220' title='bbox 509 3151 691 3219; x_wconf 77' lang='grc' dir='ltr'>ἤγουν,</span> <span class='ocrx_word' id='word_1_221' title='bbox 723 3149 824 3220; x_wconf 87' lang='grc' dir='ltr'>πρὸ</span> <span class='ocrx_word' id='word_1_222' title='bbox 872 3154 962 3198; x_wconf 84' lang='grc' dir='ltr'>τοῦ</span> <span class='ocrx_word' id='word_1_223' title='bbox 1017 3143 1232 3198; x_wconf 76' lang='grc' dir='ltr'><strong>διελθεῖν</strong></span> <span class='ocrx_word' id='word_1_224' title='bbox 1284 3144 1404 3203; x_wconf 85' lang='grc' dir='ltr'>ὅλην</span> <span class='ocrx_word' id='word_1_225' title='bbox 1453 3150 1546 3203; x_wconf 75' lang='grc' dir='ltr'>τὴν</span> <span class='ocrx_word' id='word_1_226' title='bbox 1591 3143 1783 3197; x_wconf 66' lang='grc' dir='ltr'>Παλαιο</span> 
     </span>
    </p>
   </div>
   <div class='ocr_carea' id='block_1_35' title="bbox 184 3231 1780 3310">
    <p class='ocr_par' dir='ltr' id='par_1_35' title="bbox 184 3231 1780 3310">
     <span class='ocr_line' id='line_1_35' title="bbox 184 3231 1780 3310; baseline -0.004 -19"><span class='ocrx_word' id='word_1_227' title='bbox 184 3244 378 3296; x_wconf 81' lang='grc' dir='ltr'>στίνην.</span> <span class='ocrx_word' id='word_1_228' title='bbox 421 3236 609 3310; x_wconf 81' lang='grc' dir='ltr'>Ἤρκει</span> <span class='ocrx_word' id='word_1_229' title='bbox 661 3237 784 3309; x_wconf 84' lang='grc' dir='ltr'>γὰρ,</span> <span class='ocrx_word' id='word_1_230' title='bbox 818 3240 906 3287; x_wconf 83' lang='grc' dir='ltr'><strong>καὶ</strong></span> <span class='ocrx_word' id='word_1_231' title='bbox 940 3239 1090 3307; x_wconf 89' lang='grc' dir='ltr'>μόνον</span> <span class='ocrx_word' id='word_1_232' title='bbox 1131 3234 1392 3306; x_wconf 78' lang='grc' dir='ltr'>ἐπιφανεὶς</span> <span class='ocrx_word' id='word_1_233' title='bbox 1445 3233 1622 3294; x_wconf 83' lang='grc' dir='ltr'>αύτοῖς</span> <span class='ocrx_word' id='word_1_234' title='bbox 1667 3231 1780 3284; x_wconf 80' lang='grc' dir='ltr'>ἀντὶ</span> 
     </span>
    </p>
   </div>
   <div class='ocr_carea' id='block_1_36' title="bbox 183 3319 1777 3400">
    <p class='ocr_par' dir='ltr' id='par_1_36' title="bbox 183 3319 1777 3400">
     <span class='ocr_line' id='line_1_36' title="bbox 183 3319 1777 3400; baseline -0.004 -22"><span class='ocrx_word' id='word_1_235' title='bbox 183 3332 348 3387; x_wconf 71' lang='grc' dir='ltr'>πάσης</span> <span class='ocrx_word' id='word_1_236' title='bbox 374 3323 774 3400; x_wconf 80' lang='grc' dir='ltr'>παρακλήσεως,</span> <span class='ocrx_word' id='word_1_237' title='bbox 807 3325 965 3384; x_wconf 74' lang='grc' dir='ltr'>οὕτως</span> <span class='ocrx_word' id='word_1_238' title='bbox 993 3323 1362 3394; x_wconf 67' lang='grc' dir='ltr'>ἐλαυνομένοις,</span> <span class='ocrx_word' id='word_1_239' title='bbox 1390 3322 1414 3374; x_wconf 89' lang='lat'><strong>6</strong></span> <span class='ocrx_word' id='word_1_240' title='bbox 1451 3319 1518 3380; x_wconf 87' lang='grc' dir='ltr'>δὴ</span> <span class='ocrx_word' id='word_1_241' title='bbox 1544 3327 1654 3374; x_wconf 87' lang='grc' dir='ltr'>τότε</span> <span class='ocrx_word' id='word_1_242' title='bbox 1691 3325 1777 3372; x_wconf 81' lang='grc' dir='ltr'>καὶ</span> 
     </span>
    </p>
   </div>
   <div class='ocr_carea' id='block_1_37' title="bbox 193 3409 1779 3484">
    <p class='ocr_par' dir='ltr' id='par_1_37' title="bbox 193 3409 1779 3484">
     <span class='ocr_line' id='line_1_37' title="bbox 193 3409 1779 3484; baseline -0.003 -18"><span class='ocrx_word' id='word_1_243' title='bbox 193 3423 483 3481; x_wconf 64' lang='grc' dir='ltr'>πεποίηκεν,</span> <span class='ocrx_word' id='word_1_244' title='bbox 515 3417 584 3475; x_wconf 81' lang='grc' dir='ltr'>ὡς</span> <span class='ocrx_word' id='word_1_245' title='bbox 627 3414 910 3484; x_wconf 76' lang='grc' dir='ltr'>ὑπίσχετο.</span> <span class='ocrx_word' id='word_1_246' title='bbox 941 3416 1084 3466; x_wconf 80' lang='grc' dir='ltr'>Ἐπεὶ</span> <span class='ocrx_word' id='word_1_247' title='bbox 1113 3409 1172 3464; x_wconf 74' lang='grc' dir='ltr'><strong>δε</strong></span> <span class='ocrx_word' id='word_1_248' title='bbox 1217 3417 1306 3464; x_wconf 83' lang='grc' dir='ltr'>καὶ</span> <span class='ocrx_word' id='word_1_249' title='bbox 1351 3409 1779 3484; x_wconf 82' lang='grc' dir='ltr'>βλασφημεῖσθαι</span> 
     </span>
    </p>
   </div>
   <div class='ocr_carea' id='block_1_38' title="bbox 187 3497 1774 3578">
    <p class='ocr_par' dir='ltr' id='par_1_38' title="bbox 187 3497 1774 3578">
     <span class='ocr_line' id='line_1_38' title="bbox 187 3497 1774 3578; baseline -0.003 -24"><span class='ocrx_word' id='word_1_250' title='bbox 187 3510 312 3578; x_wconf 67' lang='grc' dir='ltr'>παρὰ</span> <span class='ocrx_word' id='word_1_251' title='bbox 343 3513 452 3556; x_wconf 83' lang='grc' dir='ltr'>τῶν</span> <span class='ocrx_word' id='word_1_252' title='bbox 486 3499 781 3555; x_wconf 77' lang='grc' dir='ltr'>διωκόντων</span> <span class='ocrx_word' id='word_1_253' title='bbox 809 3501 1032 3573; x_wconf 76' lang='grc' dir='ltr'>ἔμελλἰν,</span> <span class='ocrx_word' id='word_1_254' title='bbox 1061 3500 1152 3552; x_wconf 84' lang='grc' dir='ltr'><strong>καί</strong></span> <span class='ocrx_word' id='word_1_255' title='bbox 1179 3497 1272 3552; x_wconf 74' lang='grc' dir='ltr'><strong>διὰ</strong></span> <span class='ocrx_word' id='word_1_256' title='bbox 1297 3508 1446 3552; x_wconf 80' lang='grc' dir='ltr'>τούτο</span> <span class='ocrx_word' id='word_1_257' title='bbox 1471 3497 1774 3565; x_wconf 80' lang='grc' dir='ltr'>δάκνεσθαι,</span> 
     </span>
    </p>
   </div>
   <div class='ocr_carea' id='block_1_39' title="bbox 179 3588 1778 3667">
    <p class='ocr_par' dir='ltr' id='par_1_39' title="bbox 179 3588 1778 3667">
     <span class='ocr_line' id='line_1_39' title="bbox 179 3588 1778 3667; baseline -0.003 -23"><span class='ocrx_word' id='word_1_258' title='bbox 179 3594 567 3667; x_wconf 72' lang='grc' dir='ltr'>παραμυθεῖται</span> <span class='ocrx_word' id='word_1_259' title='bbox 597 3596 684 3643; x_wconf 86' lang='grc' dir='ltr'>καὶ</span> <span class='ocrx_word' id='word_1_260' title='bbox 713 3598 867 3644; x_wconf 80' lang='grc' dir='ltr'>τοῦτο</span> <span class='ocrx_word' id='word_1_261' title='bbox 892 3594 949 3643; x_wconf 87' lang='grc' dir='ltr'><strong>τό</strong></span> <span class='ocrx_word' id='word_1_262' title='bbox 989 3593 1163 3662; x_wconf 73' lang='grc' dir='ltr'>μέρος,</span> <span class='ocrx_word' id='word_1_263' title='bbox 1196 3589 1296 3641; x_wconf 80' lang='grc' dir='ltr'>ἀπὸ</span> <span class='ocrx_word' id='word_1_264' title='bbox 1336 3596 1423 3642; x_wconf 78' lang='grc' dir='ltr'>τοῦ</span> <span class='ocrx_word' id='word_1_265' title='bbox 1450 3590 1568 3642; x_wconf 85' lang='grc' dir='ltr'>καθ’</span> <span class='ocrx_word' id='word_1_266' title='bbox 1599 3588 1778 3642; x_wconf 77' lang='grc' dir='ltr'>ἑαυτὸν</span> 
     </span>
    </p>
   </div>
   <div class='ocr_carea' id='block_1_40' title="bbox 178 3679 794 3753">
    <p class='ocr_par' dir='ltr' id='par_1_40' title="bbox 178 3679 794 3753">
     <span class='ocr_line' id='line_1_40' title="bbox 178 3679 794 3753; baseline -0.006 -18"><span class='ocrx_word' id='word_1_267' title='bbox 178 3679 588 3753; x_wconf 66' lang='grc' dir='ltr'>ὑποδείγματος,</span> <span class='ocrx_word' id='word_1_268' title='bbox 622 3680 794 3732; x_wconf 81' lang='grc' dir='ltr'>εἰπών·</span> 
     </span>
    </p>
   </div>
   <div class='ocr_carea' id='block_1_41' title="bbox 234 3857 1778 3934">
    <p class='ocr_par' dir='ltr' id='par_1_41' title="bbox 234 3857 1778 3934">
     <span class='ocr_line' id='line_1_41' title="bbox 234 3857 1778 3934; baseline -0.005 -16"><span class='ocrx_word' id='word_1_269' title='bbox 234 3865 357 3918; x_wconf 69' lang='grc' dir='ltr'><strong>Οὐκ</strong></span> <span class='ocrx_word' id='word_1_270' title='bbox 405 3893 480 3903; x_wconf 92' lang='lat'><strong>—</strong></span> <span class='ocrx_word' id='word_1_271' title='bbox 526 3864 611 3912; x_wconf 88' lang='grc' dir='ltr'><strong>τόν</strong></span> <span class='ocrx_word' id='word_1_272' title='bbox 659 3862 836 3934; x_wconf 84' lang='grc' dir='ltr'>κύριον</span> <span class='ocrx_word' id='word_1_273' title='bbox 894 3858 1072 3912; x_wconf 69' lang='grc' dir='ltr'>αὐτοῦ.</span> <span class='ocrx_word' id='word_1_274' title='bbox 1144 3859 1430 3930; x_wconf 76' lang='grc' dir='ltr'>Ἀπόφασιν</span> <span class='ocrx_word' id='word_1_275' title='bbox 1494 3860 1584 3930; x_wconf 71' lang='grc' dir='ltr'><strong>μεν</strong></span> <span class='ocrx_word' id='word_1_276' title='bbox 1644 3857 1778 3929; x_wconf 81' lang='grc' dir='ltr'>λέγει</span> 
     </span>
    </p>
   </div>
   <div class='ocr_carea' id='block_1_42' title="bbox 170 3944 1775 4022">
    <p class='ocr_par' dir='ltr' id='par_1_42' title="bbox 170 3944 1775 4022">
     <span class='ocr_line' id='line_1_42' title="bbox 170 3944 1775 4022; baseline -0.004 -17"><span class='ocrx_word' id='word_1_277' title='bbox 170 3959 348 4011; x_wconf 76' lang='grc' dir='ltr'>κοινὴν</span> <span class='ocrx_word' id='word_1_278' title='bbox 403 3954 499 4002; x_wconf 82' lang='grc' dir='ltr'>καὶ</span> <span class='ocrx_word' id='word_1_279' title='bbox 550 3955 683 4001; x_wconf 81' lang='grc' dir='ltr'>πᾶσι</span> <span class='ocrx_word' id='word_1_280' title='bbox 735 3953 1012 4022; x_wconf 79' lang='grc' dir='ltr'>γνώριμον,</span> <span class='ocrx_word' id='word_1_281' title='bbox 1079 3947 1437 4021; x_wconf 77' lang='grc' dir='ltr'>προσαρμόζει</span> <span class='ocrx_word' id='word_1_282' title='bbox 1506 3944 1564 3999; x_wconf 67' lang='grc' dir='ltr'>δὲ</span> <span class='ocrx_word' id='word_1_283' title='bbox 1611 3967 1775 4020; x_wconf 75' lang='grc' dir='ltr'>ταυτῃ</span> 
     </span>
    </p>
   </div>
   <div class='ocr_carea' id='block_1_43' title="bbox 167 4032 1778 4108">
    <p class='ocr_par' dir='ltr' id='par_1_43' title="bbox 167 4032 1778 4108">
     <span class='ocr_line' id='line_1_43' title="bbox 167 4032 1778 4108; baseline -0.004 -14"><span class='ocrx_word' id='word_1_284' title='bbox 167 4047 226 4094; x_wconf 71' lang='grc' dir='ltr'><strong>τὰ</strong></span> <span class='ocrx_word' id='word_1_285' title='bbox 284 4040 410 4092; x_wconf 82' lang='grc' dir='ltr'>καθ’</span> <span class='ocrx_word' id='word_1_286' title='bbox 477 4039 678 4104; x_wconf 74' lang='grc' dir='ltr'>ἑαυτὸν,</span> <span class='ocrx_word' id='word_1_287' title='bbox 725 4039 808 4090; x_wconf 79' lang='grc' dir='ltr'>ἵνα</span> <span class='ocrx_word' id='word_1_288' title='bbox 870 4032 1059 4108; x_wconf 82' lang='grc' dir='ltr'>μηδεὶς</span> <span class='ocrx_word' id='word_1_289' title='bbox 1115 4035 1392 4108; x_wconf 84' lang='grc' dir='ltr'>ἀντιλέγειν</span> <span class='ocrx_word' id='word_1_290' title='bbox 1452 4039 1589 4107; x_wconf 82' lang='grc' dir='ltr'>ἔχοι,</span> <span class='ocrx_word' id='word_1_291' title='bbox 1668 4036 1778 4087; x_wconf 78' lang='grc' dir='ltr'>Οὐκ</span> 
     </span>
    </p>
   </div>
   <div class='ocr_carea' id='block_1_44' title="bbox 167 4125 1776 4199">
    <p class='ocr_par' dir='ltr' id='par_1_44' title="bbox 167 4125 1776 4199">
     <span class='ocr_line' id='line_1_44' title="bbox 167 4125 1776 4199; baseline -0.004 -15"><span class='ocrx_word' id='word_1_292' title='bbox 167 4137 305 4184; x_wconf 75' lang='grc' dir='ltr'>ἔστιν</span> <span class='ocrx_word' id='word_1_293' title='bbox 368 4134 547 4195; x_wconf 81' lang='grc' dir='ltr'>ὄντως,</span> <span class='ocrx_word' id='word_1_294' title='bbox 615 4131 731 4179; x_wconf 71' lang='grc' dir='ltr'>οὔτε</span> <span class='ocrx_word' id='word_1_295' title='bbox 809 4128 1047 4198; x_wconf 81' lang='grc' dir='ltr'>μαθητὴς</span> <span class='ocrx_word' id='word_1_296' title='bbox 1129 4129 1370 4199; x_wconf 82' lang='grc' dir='ltr'>κρείττων</span> <span class='ocrx_word' id='word_1_297' title='bbox 1439 4133 1531 4176; x_wconf 83' lang='grc' dir='ltr'>τοῦ</span> <span class='ocrx_word' id='word_1_298' title='bbox 1587 4125 1776 4177; x_wconf 86' lang='grc' dir='ltr'>οἰκείου</span> 
     </span>
    </p>
   </div>
   <div class='ocr_carea' id='block_1_45' title="bbox 166 4212 1773 4289">
    <p class='ocr_par' dir='ltr' id='par_1_45' title="bbox 166 4212 1773 4289">
     <span class='ocr_line' id='line_1_45' title="bbox 166 4212 1773 4289; baseline -0.005 -15"><span class='ocrx_word' id='word_1_299' title='bbox 166 4218 534 4282; x_wconf 71' lang='grc' dir='ltr'>διδασκάλου,</span> <span class='ocrx_word' id='word_1_300' title='bbox 563 4220 680 4269; x_wconf 71' lang='grc' dir='ltr'>οὔτε</span> <span class='ocrx_word' id='word_1_301' title='bbox 728 4212 914 4276; x_wconf 77' lang='grc' dir='ltr'>δοῦλος</span> <span class='ocrx_word' id='word_1_302' title='bbox 955 4219 1194 4289; x_wconf 81' lang='grc' dir='ltr'>κρείττων</span> <span class='ocrx_word' id='word_1_303' title='bbox 1246 4223 1338 4266; x_wconf 81' lang='grc' dir='ltr'><strong>τού</strong></span> <span class='ocrx_word' id='word_1_304' title='bbox 1376 4219 1558 4288; x_wconf 87' lang='grc' dir='ltr'>κυρίου</span> <span class='ocrx_word' id='word_1_305' title='bbox 1593 4215 1773 4279; x_wconf 70' lang='grc' dir='ltr'>αὐτοῦ,</span> 
     </span>
    </p>
   </div>
   <div class='ocr_carea' id='block_1_46' title="bbox 163 4299 1774 4378">
    <p class='ocr_par' dir='ltr' id='par_1_46' title="bbox 163 4299 1774 4378">
     <span class='ocr_line' id='line_1_46' title="bbox 163 4299 1774 4378; baseline -0.001 -18"><span class='ocrx_word' id='word_1_306' title='bbox 163 4314 253 4373; x_wconf 79' lang='grc' dir='ltr'>ἕως</span> <span class='ocrx_word' id='word_1_307' title='bbox 308 4311 377 4360; x_wconf 79' lang='grc' dir='ltr'>οἶν</span> <span class='ocrx_word' id='word_1_308' title='bbox 405 4309 432 4359; x_wconf 89' lang='lat'><strong>6</strong></span> <span class='ocrx_word' id='word_1_309' title='bbox 488 4309 578 4378; x_wconf 75' lang='grc' dir='ltr'><strong>μεν</strong></span> <span class='ocrx_word' id='word_1_310' title='bbox 612 4309 686 4362; x_wconf 82' lang='grc' dir='ltr'><strong>εἴη</strong></span> <span class='ocrx_word' id='word_1_311' title='bbox 720 4307 975 4377; x_wconf 76' lang='grc' dir='ltr'>μαθητὴς,</span> <span class='ocrx_word' id='word_1_312' title='bbox 1005 4305 1030 4355; x_wconf 92' lang='lat'><strong>6</strong></span> <span class='ocrx_word' id='word_1_313' title='bbox 1063 4300 1122 4356; x_wconf 73' lang='grc' dir='ltr'>δὲ</span> <span class='ocrx_word' id='word_1_314' title='bbox 1161 4299 1369 4365; x_wconf 71' lang='grc' dir='ltr'>δοῦλος.</span> <span class='ocrx_word' id='word_1_315' title='bbox 1398 4309 1608 4375; x_wconf 80' lang='grc' dir='ltr'>Ὕφεσις</span> <span class='ocrx_word' id='word_1_316' title='bbox 1654 4304 1774 4374; x_wconf 79' lang='lat'><strong>(‘26)</strong></span> 
     </span>
    </p>
   </div>
   <div class='ocr_carea' id='block_1_47' title="bbox 163 4388 1776 4471">
    <p class='ocr_par' dir='ltr' id='par_1_47' title="bbox 163 4388 1776 4471">
     <span class='ocr_line' id='line_1_47' title="bbox 163 4388 1776 4471; baseline -0.005 -20"><span class='ocrx_word' id='word_1_317' title='bbox 163 4404 255 4471; x_wconf 52' lang='lat' dir='ltr'><strong>rip</strong></span> <span class='ocrx_word' id='word_1_318' title='bbox 287 4399 411 4451; x_wconf 78' lang='grc' dir='ltr'>ἔστι</span> <span class='ocrx_word' id='word_1_319' title='bbox 450 4398 629 4447; x_wconf 80' lang='grc' dir='ltr'>καὶτὸ</span> <span class='ocrx_word' id='word_1_320' title='bbox 688 4391 1044 4447; x_wconf 73' lang='grc' dir='ltr'>διδάσκεσθαι</span> <span class='ocrx_word' id='word_1_321' title='bbox 1095 4397 1182 4445; x_wconf 85' lang='grc' dir='ltr'>καὶ</span> <span class='ocrx_word' id='word_1_322' title='bbox 1243 4396 1300 4444; x_wconf 89' lang='grc' dir='ltr'><strong>τό</strong></span> <span class='ocrx_word' id='word_1_323' title='bbox 1359 4388 1638 4453; x_wconf 60' lang='grc' dir='ltr'>δουλεύειν,</span> <span class='ocrx_word' id='word_1_324' title='bbox 1687 4396 1776 4444; x_wconf 81' lang='grc' dir='ltr'>καὶ</span> 
     </span>
    </p>
   </div>
   <div class='ocr_carea' id='block_1_48' title="bbox 163 4481 1775 4553">
    <p class='ocr_par' dir='ltr' id='par_1_48' title="bbox 163 4481 1775 4553">
     <span class='ocr_line' id='line_1_48' title="bbox 163 4481 1775 4553; baseline -0.006 -12"><span class='ocrx_word' id='word_1_325' title='bbox 163 4490 275 4541; x_wconf 82' lang='grc' dir='ltr'>κατ’</span> <span class='ocrx_word' id='word_1_326' title='bbox 339 4486 474 4538; x_wconf 77' lang='grc' dir='ltr'>αύτό</span> <span class='ocrx_word' id='word_1_327' title='bbox 523 4491 676 4536; x_wconf 77' lang='grc' dir='ltr'>τοῦτο</span> <span class='ocrx_word' id='word_1_328' title='bbox 730 4485 932 4544; x_wconf 77' lang='grc' dir='ltr'>πάντως</span> <span class='ocrx_word' id='word_1_329' title='bbox 985 4483 1100 4553; x_wconf 79' lang='grc'><strong>(27)</strong></span> <span class='ocrx_word' id='word_1_330' title='bbox 1153 4481 1526 4540; x_wconf 80' lang='grc' dir='ltr'>ὑποϐεϐἠκασι·</span> <span class='ocrx_word' id='word_1_331' title='bbox 1581 4484 1775 4534; x_wconf 85' lang='grc' dir='ltr'>Λοιπὸν</span> 
     </span>
    </p>
   </div>
   <div class='ocr_carea' id='block_1_49' title="bbox 165 4568 1776 4646">
    <p class='ocr_par' dir='ltr' id='par_1_49' title="bbox 165 4568 1776 4646">
     <span class='ocr_line' id='line_1_49' title="bbox 165 4568 1776 4646; baseline -0.004 -16"><span class='ocrx_word' id='word_1_332' title='bbox 165 4576 247 4630; x_wconf 70' lang='grc' dir='ltr'>οὖν</span> <span class='ocrx_word' id='word_1_333' title='bbox 282 4573 407 4630; x_wconf 69' lang='grc' dir='ltr'>οὐδ’</span> <span class='ocrx_word' id='word_1_334' title='bbox 431 4577 582 4646; x_wconf 83' lang='grc' dir='ltr'>ὑμεῖς</span> <span class='ocrx_word' id='word_1_335' title='bbox 613 4573 722 4625; x_wconf 80' lang='grc' dir='ltr'>ἐστε</span> <span class='ocrx_word' id='word_1_336' title='bbox 751 4573 878 4644; x_wconf 66' lang='grc' dir='ltr'>ὑπὲρ</span> <span class='ocrx_word' id='word_1_337' title='bbox 911 4570 1016 4644; x_wconf 76' lang='grc' dir='ltr'>ἐμὲ,</span> <span class='ocrx_word' id='word_1_338' title='bbox 1040 4575 1126 4624; x_wconf 90' lang='grc' dir='ltr'><strong>τόν</strong></span> <span class='ocrx_word' id='word_1_339' title='bbox 1159 4568 1486 4624; x_wconf 75' lang='grc' dir='ltr'>διδάσκαλον</span> <span class='ocrx_word' id='word_1_340' title='bbox 1515 4572 1657 4643; x_wconf 82' lang='grc' dir='ltr'>ὑμῶν</span> <span class='ocrx_word' id='word_1_341' title='bbox 1687 4576 1776 4623; x_wconf 83' lang='grc' dir='ltr'>καὶ</span> 
     </span>
    </p>
   </div>
   <div class='ocr_carea' id='block_1_50' title="bbox 171 4625 1852 4742">
    <p class='ocr_par' dir='ltr' id='par_1_50' title="bbox 171 4625 1852 4742">
     <span class='ocr_line' id='line_1_50' title="bbox 171 4625 1852 4678; baseline -0.003 -31"><span class='ocrx_word' id='word_1_342' title='bbox 171 4625 239 4630; x_wconf 71' lang='grc'><strong>’⁷-</strong></span> <span class='ocrx_word' id='word_1_343' title='bbox 286 4625 378 4630; x_wconf 77' lang='lat'><strong>&quot;&#39;</strong></span> <span class='ocrx_word' id='word_1_344' title='bbox 442 4625 477 4646; x_wconf 62' lang='lat' dir='ltr'><strong>’t</strong></span> <span class='ocrx_word' id='word_1_345' title='bbox 518 4625 526 4626; x_wconf 42' lang='grc' dir='ltr'><strong>ί</strong></span> <span class='ocrx_word' id='word_1_346' title='bbox 569 4625 582 4634; x_wconf 77' lang='grc' dir='ltr'><strong>ν</strong></span> <span class='ocrx_word' id='word_1_347' title='bbox 850 4625 858 4644; x_wconf 78' lang='grc' dir='ltr'><strong>ι</strong></span> <span class='ocrx_word' id='word_1_348' title='bbox 935 4625 944 4644; x_wconf 75' lang='grc' dir='ltr'><strong>ι</strong></span> <span class='ocrx_word' id='word_1_349' title='bbox 1006 4625 1016 4636; x_wconf 79' lang='grc' dir='ltr'><strong><em>ν</em></strong></span> <span class='ocrx_word' id='word_1_350' title='bbox 1549 4625 1558 4643; x_wconf 81' lang='grc' dir='ltr'><strong>ι</strong></span> <span class='ocrx_word' id='word_1_351' title='bbox 1807 4625 1852 4678; x_wconf 85' lang='lat' dir='ltr'><strong>D</strong></span> 
     </span>
     <span class='ocr_line' id='line_1_51' title="bbox 171 4671 383 4742; baseline -0.005 -22"><span class='ocrx_word' id='word_1_352' title='bbox 171 4671 383 4742; x_wconf 77' lang='grc' dir='ltr'>Κύριον.</span> 
     </span>
    </p>
   </div>
   <div class='ocr_carea' id='block_1_51' title="bbox 231 4747 1776 4830">
    <p class='ocr_par' dir='ltr' id='par_1_51' title="bbox 231 4747 1776 4830">
     <span class='ocr_line' id='line_1_52' title="bbox 231 4747 1776 4830; baseline -0.005 -22"><span class='ocrx_word' id='word_1_353' title='bbox 231 4757 485 4830; x_wconf 81' lang='grc' dir='ltr'>Ἀρκετὸν</span> <span class='ocrx_word' id='word_1_354' title='bbox 508 4782 576 4792; x_wconf 88' lang='lat'><strong>--</strong></span> <span class='ocrx_word' id='word_1_355' title='bbox 598 4752 623 4802; x_wconf 87' lang='lat'><strong>6</strong></span> <span class='ocrx_word' id='word_1_356' title='bbox 643 4747 968 4812; x_wconf 79' lang='grc' dir='ltr'>διδάσκαλος</span> <span class='ocrx_word' id='word_1_357' title='bbox 996 4751 1174 4805; x_wconf 77' lang='grc' dir='ltr'>αὐτοῦ.</span> <span class='ocrx_word' id='word_1_358' title='bbox 1195 4751 1370 4824; x_wconf 86' lang='grc' dir='ltr'>Ἀρκεῖ</span> <span class='ocrx_word' id='word_1_359' title='bbox 1387 4756 1496 4810; x_wconf 89' lang='grc' dir='ltr'>τοῖς</span> <span class='ocrx_word' id='word_1_360' title='bbox 1511 4750 1776 4822; x_wconf 83' lang='grc' dir='ltr'>μαθηταῖς</span> 
     </span>
    </p>
   </div>
   <div class='ocr_carea' id='block_1_52' title="bbox 173 4839 1775 4916">
    <p class='ocr_par' dir='ltr' id='par_1_52' title="bbox 173 4839 1775 4916">
     <span class='ocr_line' id='line_1_53' title="bbox 173 4839 1775 4916; baseline -0.004 -22"><span class='ocrx_word' id='word_1_361' title='bbox 173 4847 280 4916; x_wconf 67' lang='grc' dir='ltr'>ὑμῖν</span> <span class='ocrx_word' id='word_1_362' title='bbox 312 4845 388 4904; x_wconf 77' lang='grc' dir='ltr'>εἰς</span> <span class='ocrx_word' id='word_1_363' title='bbox 435 4842 796 4914; x_wconf 84' lang='grc' dir='ltr'>παραμυθίαν,</span> <span class='ocrx_word' id='word_1_364' title='bbox 832 4841 914 4890; x_wconf 81' lang='grc' dir='ltr'>ἶνα</span> <span class='ocrx_word' id='word_1_365' title='bbox 945 4841 1161 4910; x_wconf 82' lang='grc' dir='ltr'>γένησθε</span> <span class='ocrx_word' id='word_1_366' title='bbox 1193 4839 1674 4910; x_wconf 79' lang='grc' dir='ltr'>βλασφημούμενοι,</span> <span class='ocrx_word' id='word_1_367' title='bbox 1707 4839 1775 4898; x_wconf 79' lang='grc' dir='ltr'>ὡς</span> 
     </span>
    </p>
   </div>
   <div class='ocr_carea' id='block_1_53' title="bbox 176 4925 1775 5002">
    <p class='ocr_par' dir='ltr' id='par_1_53' title="bbox 176 4925 1775 5002">
     <span class='ocr_line' id='line_1_54' title="bbox 176 4925 1775 5002; baseline -0.004 -19"><span class='ocrx_word' id='word_1_368' title='bbox 176 4932 261 5002; x_wconf 78' lang='grc' dir='ltr'><strong>ἐγὼ</strong></span> <span class='ocrx_word' id='word_1_369' title='bbox 292 4934 319 4985; x_wconf 91' lang='lat'><strong>6</strong></span> <span class='ocrx_word' id='word_1_370' title='bbox 357 4927 690 4990; x_wconf 76' lang='grc' dir='ltr'>διδάσκαλος</span> <span class='ocrx_word' id='word_1_371' title='bbox 722 4930 886 5001; x_wconf 72' lang='grc' dir='ltr'>ὑμῶν,</span> <span class='ocrx_word' id='word_1_372' title='bbox 917 4933 1007 4979; x_wconf 85' lang='grc' dir='ltr'>καὶ</span> <span class='ocrx_word' id='word_1_373' title='bbox 1042 4931 1178 5000; x_wconf 79' lang='grc' dir='ltr'>μέγα</span> <span class='ocrx_word' id='word_1_374' title='bbox 1206 4929 1327 5000; x_wconf 84' lang='grc' dir='ltr'>ύμῖν</span> <span class='ocrx_word' id='word_1_375' title='bbox 1365 4930 1444 4995; x_wconf 88' lang='grc' dir='ltr'><strong>τό,</strong></span> <span class='ocrx_word' id='word_1_376' title='bbox 1481 4930 1569 4978; x_wconf 85' lang='grc' dir='ltr'>καὶ</span> <span class='ocrx_word' id='word_1_377' title='bbox 1597 4925 1644 4977; x_wconf 80' lang='grc' dir='ltr'>ἐν</span> <span class='ocrx_word' id='word_1_378' title='bbox 1673 4933 1775 4986; x_wconf 89' lang='grc' dir='ltr'>τοῖς</span> 
     </span>
    </p>
   </div>
   <div class='ocr_carea' id='block_1_54' title="bbox 177 5018 920 5089">
    <p class='ocr_par' dir='ltr' id='par_1_54' title="bbox 177 5018 920 5089">
     <span class='ocr_line' id='line_1_55' title="bbox 177 5018 920 5089; baseline -0.004 -19"><span class='ocrx_word' id='word_1_379' title='bbox 177 5025 421 5080; x_wconf 79' lang='grc' dir='ltr'>τοιούτοις</span> <span class='ocrx_word' id='word_1_380' title='bbox 464 5018 780 5080; x_wconf 78' lang='grc' dir='ltr'>ἐξισωθῆναί</span> <span class='ocrx_word' id='word_1_381' title='bbox 809 5036 920 5089; x_wconf 91' lang='grc' dir='ltr'>μοι.</span> 
     </span>
    </p>
   </div>
   <div class='ocr_carea' id='block_1_55' title="bbox 239 5103 1772 5178">
    <p class='ocr_par' dir='ltr' id='par_1_55' title="bbox 239 5103 1772 5178">
     <span class='ocr_line' id='line_1_56' title="bbox 239 5103 1772 5178; baseline -0.005 -15"><span class='ocrx_word' id='word_1_382' title='bbox 239 5116 336 5164; x_wconf 75' lang='grc' dir='ltr'>Καί</span> <span class='ocrx_word' id='word_1_383' title='bbox 369 5111 398 5160; x_wconf 87' lang='lat'><strong>6</strong></span> <span class='ocrx_word' id='word_1_384' title='bbox 439 5105 624 5167; x_wconf 80' lang='grc' dir='ltr'>δοῦλος</span> <span class='ocrx_word' id='word_1_385' title='bbox 653 5137 721 5147; x_wconf 94' lang='lat'><strong>-—</strong></span> <span class='ocrx_word' id='word_1_386' title='bbox 751 5105 932 5160; x_wconf 74' lang='grc' dir='ltr'>αὐτοῦ.</span> <span class='ocrx_word' id='word_1_387' title='bbox 973 5103 1271 5158; x_wconf 84' lang='grc' dir='ltr'>Ἑλκυστίον</span> <span class='ocrx_word' id='word_1_388' title='bbox 1297 5109 1385 5157; x_wconf 83' lang='grc' dir='ltr'>καὶ</span> <span class='ocrx_word' id='word_1_389' title='bbox 1417 5103 1500 5156; x_wconf 84' lang='grc' dir='ltr'><strong>ἐπὶ</strong></span> <span class='ocrx_word' id='word_1_390' title='bbox 1529 5107 1586 5155; x_wconf 90' lang='grc' dir='ltr'>τὸ</span> <span class='ocrx_word' id='word_1_391' title='bbox 1616 5105 1772 5178; x_wconf 81' lang='grc' dir='ltr'>ῥητόν</span> 
     </span>
    </p>
   </div>
   <div class='ocr_carea' id='block_1_56' title="bbox 179 5193 1272 5269">
    <p class='ocr_par' dir='ltr' id='par_1_56' title="bbox 179 5193 1272 5269">
     <span class='ocr_line' id='line_1_57' title="bbox 179 5193 1272 5269; baseline -0.001 -21"><span class='ocrx_word' id='word_1_392' title='bbox 179 5207 315 5251; x_wconf 72' lang='grc' dir='ltr'>τοῦτο</span> <span class='ocrx_word' id='word_1_393' title='bbox 336 5197 500 5250; x_wconf 82' lang='grc' dir='ltr'>πάλιν</span> <span class='ocrx_word' id='word_1_394' title='bbox 530 5199 611 5264; x_wconf 89' lang='grc' dir='ltr'>τὸ,</span> <span class='ocrx_word' id='word_1_395' title='bbox 649 5193 882 5269; x_wconf 79' lang='grc' dir='ltr'>ἀρκετὸν,</span> <span class='ocrx_word' id='word_1_396' title='bbox 924 5197 1010 5246; x_wconf 80' lang='grc' dir='ltr'>ἵνα</span> <span class='ocrx_word' id='word_1_397' title='bbox 1040 5197 1272 5266; x_wconf 86' lang='grc' dir='ltr'>γένηται.</span> 
     </span>
    </p>
   </div>
   <div class='ocr_carea' id='block_1_57' title="bbox 237 5281 1770 5356">
    <p class='ocr_par' dir='ltr' id='par_1_57' title="bbox 237 5281 1770 5356">
     <span class='ocr_line' id='line_1_58' title="bbox 237 5281 1770 5356; baseline -0.005 -16"><span class='ocrx_word' id='word_1_398' title='bbox 237 5290 297 5340; x_wconf 80' lang='grc' dir='ltr'><strong>Εἰ</strong></span> <span class='ocrx_word' id='word_1_399' title='bbox 353 5317 426 5327; x_wconf 90' lang='lat'><strong>-—</strong></span> <span class='ocrx_word' id='word_1_400' title='bbox 494 5285 787 5347; x_wconf 58' lang='grc' dir='ltr'>οἰκιακοὺς</span> <span class='ocrx_word' id='word_1_401' title='bbox 849 5283 1026 5338; x_wconf 76' lang='grc' dir='ltr'>αὐτοῦ.</span> <span class='ocrx_word' id='word_1_402' title='bbox 1113 5281 1413 5345; x_wconf 78' lang='grc' dir='ltr'>Βεελζεϐοὺλ</span> <span class='ocrx_word' id='word_1_403' title='bbox 1483 5281 1770 5356; x_wconf 82' lang='grc' dir='ltr'>ὠνόμαζον,</span> 
     </span>
    </p>
   </div>
   <div class='ocr_carea' id='block_1_58' title="bbox 1891 652 3542 725">
    <p class='ocr_par' dir='ltr' id='par_1_58' title="bbox 1891 652 3542 725">
     <span class='ocr_line' id='line_1_59' title="bbox 1891 652 3542 725; baseline -0.001 -15"><span class='ocrx_word' id='word_1_404' title='bbox 1891 654 2011 710; x_wconf 89' lang='lat' dir='ltr'><strong>vita</strong></span> <span class='ocrx_word' id='word_1_405' title='bbox 2037 668 2146 709; x_wconf 90' lang='lat' dir='ltr'><strong>sua</strong></span> <span class='ocrx_word' id='word_1_406' title='bbox 2171 656 2540 708; x_wconf 90' lang='lat' dir='ltr'><strong>tentarentur</strong></span> <span class='ocrx_word' id='word_1_407' title='bbox 2571 669 2584 706; x_wconf 88' lang='lat'><strong>:</strong></span> <span class='ocrx_word' id='word_1_408' title='bbox 2611 667 2735 708; x_wconf 90' lang='lat' dir='ltr'><strong>non</strong></span> <span class='ocrx_word' id='word_1_409' title='bbox 2763 653 3163 709; x_wconf 77' lang='lat' dir='ltr'><strong>detrectarunt</strong></span> <span class='ocrx_word' id='word_1_410' title='bbox 3189 652 3542 725; x_wconf 90' lang='lat' dir='ltr'><strong>periculum,</strong></span> 
     </span>
    </p>
   </div>
   <div class='ocr_carea' id='block_1_59' title="bbox 1891 741 3548 814">
    <p class='ocr_par' dir='ltr' id='par_1_59' title="bbox 1891 741 3548 814">
     <span class='ocr_line' id='line_1_60' title="bbox 1891 741 3548 814; baseline 0.001 -16"><span class='ocrx_word' id='word_1_411' title='bbox 1891 757 2081 814; x_wconf 88' lang='lat' dir='ltr'><strong>neque</strong></span> <span class='ocrx_word' id='word_1_412' title='bbox 2112 741 2516 798; x_wconf 81' lang='lat' dir='ltr'><strong>liberationem</strong></span> <span class='ocrx_word' id='word_1_413' title='bbox 2545 757 2580 797; x_wconf 93' lang='lat' dir='ltr'><strong>a</strong></span> <span class='ocrx_word' id='word_1_414' title='bbox 2607 741 2778 798; x_wconf 88' lang='lat' dir='ltr'><strong>malis</strong></span> <span class='ocrx_word' id='word_1_415' title='bbox 2800 747 3220 814; x_wconf 81' lang='lat' dir='ltr'><strong>poposcerunt.</strong></span> <span class='ocrx_word' id='word_1_416' title='bbox 3250 741 3548 799; x_wconf 89' lang='lat' dir='ltr'><strong>Parebant</strong></span> 
     </span>
    </p>
   </div>
   <div class='ocr_carea' id='block_1_60' title="bbox 1893 829 3544 900">
    <p class='ocr_par' dir='ltr' id='par_1_60' title="bbox 1893 829 3544 900">
     <span class='ocr_line' id='line_1_61' title="bbox 1893 829 3544 900; baseline 0.001 -14"><span class='ocrx_word' id='word_1_417' title='bbox 1893 832 2052 886; x_wconf 89' lang='lat' dir='ltr'><strong>enim</strong></span> <span class='ocrx_word' id='word_1_418' title='bbox 2078 834 2361 898; x_wconf 82' lang='lat' dir='ltr'><strong>tanquam</strong></span> <span class='ocrx_word' id='word_1_419' title='bbox 2393 829 2671 899; x_wconf 81' lang='lat' dir='ltr'><strong>morigeri</strong></span> <span class='ocrx_word' id='word_1_420' title='bbox 2697 831 2984 900; x_wconf 90' lang='lat' dir='ltr'><strong>magistro</strong></span> <span class='ocrx_word' id='word_1_421' title='bbox 3013 845 3026 883; x_wconf 88' lang='lat'>:</span> <span class='ocrx_word' id='word_1_422' title='bbox 3054 833 3112 886; x_wconf 94' lang='lat' dir='ltr'><strong>et</strong></span> <span class='ocrx_word' id='word_1_423' title='bbox 3139 829 3544 900; x_wconf 88' lang='lat' dir='ltr'><strong>conﬁdebant,</strong></span> 
     </span>
    </p>
   </div>
   <div class='ocr_carea' id='block_1_61' title="bbox 1894 917 3546 992">
    <p class='ocr_par' dir='ltr' id='par_1_61' title="bbox 1894 917 3546 992">
     <span class='ocr_line' id='line_1_62' title="bbox 1894 917 3546 992; baseline 0.001 -16"><span class='ocrx_word' id='word_1_424' title='bbox 1894 924 2095 992; x_wconf 84' lang='lat' dir='ltr'><strong>utpote</strong></span> <span class='ocrx_word' id='word_1_425' title='bbox 2126 919 2351 989; x_wconf 89' lang='lat' dir='ltr'><strong>ﬁdeles,</strong></span> <span class='ocrx_word' id='word_1_426' title='bbox 2385 918 2460 974; x_wconf 89' lang='lat' dir='ltr'><strong>de</strong></span> <span class='ocrx_word' id='word_1_427' title='bbox 2493 918 2761 990; x_wconf 90' lang='lat' dir='ltr'><strong>potentia</strong></span> <span class='ocrx_word' id='word_1_428' title='bbox 2789 917 3131 975; x_wconf 89' lang='lat' dir='ltr'><strong>emittentis.</strong></span> <span class='ocrx_word' id='word_1_429' title='bbox 3164 918 3312 975; x_wconf 90' lang='lat' dir='ltr'><strong>Cum</strong></span> <span class='ocrx_word' id='word_1_430' title='bbox 3345 924 3546 977; x_wconf 88' lang='lat' dir='ltr'><strong>autem</strong></span> 
     </span>
    </p>
   </div>
   <div class='ocr_carea' id='block_1_62' title="bbox 1891 1006 3546 1080">
    <p class='ocr_par' dir='ltr' id='par_1_62' title="bbox 1891 1006 3546 1080">
     <span class='ocr_line' id='line_1_63' title="bbox 1891 1006 3546 1080; baseline 0 -16"><span class='ocrx_word' id='word_1_431' title='bbox 1891 1009 2256 1073; x_wconf 86' lang='lat' dir='ltr'><strong>didicissent,</strong></span> <span class='ocrx_word' id='word_1_432' title='bbox 2286 1007 2451 1080; x_wconf 89' lang='lat' dir='ltr'><strong>quod</strong></span> <span class='ocrx_word' id='word_1_433' title='bbox 2483 1011 2707 1063; x_wconf 83' lang='lat' dir='ltr'><strong>tantam</strong></span> <span class='ocrx_word' id='word_1_434' title='bbox 2747 1006 2995 1064; x_wconf 87' lang='lat' dir='ltr'><strong>haberet</strong></span> <span class='ocrx_word' id='word_1_435' title='bbox 3032 1006 3172 1063; x_wconf 90' lang='lat' dir='ltr'><strong>ﬁdei</strong></span> <span class='ocrx_word' id='word_1_436' title='bbox 3201 1008 3546 1080; x_wconf 74' lang='lat' dir='ltr'><strong>praedicatio</strong></span> 
     </span>
    </p>
   </div>
   <div class='ocr_carea' id='block_1_63' title="bbox 1892 1095 3547 1169">
    <p class='ocr_par' dir='ltr' id='par_1_63' title="bbox 1892 1095 3547 1169">
     <span class='ocr_line' id='line_1_64' title="bbox 1892 1095 3547 1169; baseline -0.002 -14"><span class='ocrx_word' id='word_1_437' title='bbox 1892 1097 2322 1162; x_wconf 77' lang='lat' dir='ltr'><strong>fortitudinem,</strong></span> <span class='ocrx_word' id='word_1_438' title='bbox 2383 1100 2444 1152; x_wconf 90' lang='lat' dir='ltr'><strong>ut</strong></span> <span class='ocrx_word' id='word_1_439' title='bbox 2499 1095 2960 1153; x_wconf 89' lang='lat' dir='ltr'><strong>adamantinum</strong></span> <span class='ocrx_word' id='word_1_440' title='bbox 3016 1111 3260 1169; x_wconf 89' lang='lat' dir='ltr'><strong>quoque</strong></span> <span class='ocrx_word' id='word_1_441' title='bbox 3316 1100 3547 1155; x_wconf 64' lang='lat' dir='ltr'><strong>natura:</strong></span> 
     </span>
    </p>
   </div>
   <div class='ocr_carea' id='block_1_64' title="bbox 1893 1184 3547 1250">
    <p class='ocr_par' dir='ltr' id='par_1_64' title="bbox 1893 1184 3547 1250">
     <span class='ocr_line' id='line_1_65' title="bbox 1893 1184 3547 1250; baseline 0.001 -8"><span class='ocrx_word' id='word_1_442' title='bbox 1893 1202 2161 1243; x_wconf 84' lang='lat' dir='ltr'><strong>amorem</strong></span> <span class='ocrx_word' id='word_1_443' title='bbox 2209 1184 2578 1250; x_wconf 82' lang='lat' dir='ltr'><strong>dissolveret,</strong></span> <span class='ocrx_word' id='word_1_444' title='bbox 2630 1185 2810 1241; x_wconf 89' lang='lat' dir='ltr'><strong>variis</strong></span> <span class='ocrx_word' id='word_1_445' title='bbox 2862 1184 3174 1242; x_wconf 77' lang='lat' dir='ltr'><strong>affectibus</strong></span> <span class='ocrx_word' id='word_1_446' title='bbox 3223 1202 3286 1243; x_wconf 89' lang='lat' dir='ltr'><strong>se</strong></span> <span class='ocrx_word' id='word_1_447' title='bbox 3335 1190 3547 1243; x_wconf 90' lang='lat' dir='ltr'><strong>mutuo</strong></span> 
     </span>
    </p>
   </div>
   <div class='ocr_carea' id='block_1_65' title="bbox 1892 1273 3544 1347">
    <p class='ocr_par' dir='ltr' id='par_1_65' title="bbox 1892 1273 3544 1347">
     <span class='ocr_line' id='line_1_66' title="bbox 1892 1273 3544 1347; baseline 0.001 -18"><span class='ocrx_word' id='word_1_448' title='bbox 1892 1275 2282 1343; x_wconf 80' lang='lat' dir='ltr'><strong>vincentibus,</strong></span> <span class='ocrx_word' id='word_1_449' title='bbox 2301 1274 2492 1343; x_wconf 88' lang='lat' dir='ltr'><strong>magis</strong></span> <span class='ocrx_word' id='word_1_450' title='bbox 2510 1273 2731 1330; x_wconf 83' lang='lat' dir='ltr'><strong>incitati</strong></span> <span class='ocrx_word' id='word_1_451' title='bbox 2747 1276 2908 1339; x_wconf 91' lang='lat' dir='ltr'><strong>sunt,</strong></span> <span class='ocrx_word' id='word_1_452' title='bbox 2933 1273 3272 1347; x_wconf 84' lang='lat' dir='ltr'><strong>additisque</strong></span> <span class='ocrx_word' id='word_1_453' title='bbox 3293 1274 3544 1340; x_wconf 82' lang='lat' dir='ltr'><strong>viribus,</strong></span> 
     </span>
    </p>
   </div>
   <div class='ocr_carea' id='block_1_66' title="bbox 1890 1362 3545 1435">
    <p class='ocr_par' dir='ltr' id='par_1_66' title="bbox 1890 1362 3545 1435">
     <span class='ocr_line' id='line_1_67' title="bbox 1890 1362 3545 1435; baseline 0 -15"><span class='ocrx_word' id='word_1_454' title='bbox 1890 1364 2220 1420; x_wconf 86' lang='lat' dir='ltr'><strong>indubitata</strong></span> <span class='ocrx_word' id='word_1_455' title='bbox 2251 1378 2356 1434; x_wconf 87' lang='lat' dir='ltr'><strong>spe</strong></span> <span class='ocrx_word' id='word_1_456' title='bbox 2395 1362 2678 1435; x_wconf 88' lang='lat' dir='ltr'><strong>deinceps</strong></span> <span class='ocrx_word' id='word_1_457' title='bbox 2715 1362 2954 1434; x_wconf 87' lang='lat' dir='ltr'><strong>egregia</strong></span> <span class='ocrx_word' id='word_1_458' title='bbox 2989 1377 3174 1435; x_wconf 83' lang='lat' dir='ltr'><strong>opera</strong></span> <span class='ocrx_word' id='word_1_459' title='bbox 3203 1362 3545 1429; x_wconf 85' lang='lat' dir='ltr'><strong>exhibendi,</strong></span> 
     </span>
    </p>
   </div>
   <div class='ocr_carea' id='block_1_67' title="bbox 1892 1450 3544 1521">
    <p class='ocr_par' dir='ltr' id='par_1_67' title="bbox 1892 1450 3544 1521">
     <span class='ocr_line' id='line_1_68' title="bbox 1892 1450 3544 1521; baseline 0 -14"><span class='ocrx_word' id='word_1_460' title='bbox 1892 1451 1999 1508; x_wconf 92' lang='lat' dir='ltr'><strong>soli</strong></span> <span class='ocrx_word' id='word_1_461' title='bbox 2043 1450 2362 1508; x_wconf 83' lang='lat' dir='ltr'><strong>duodecim</strong></span> <span class='ocrx_word' id='word_1_462' title='bbox 2407 1450 2675 1521; x_wconf 74' lang='lat' dir='ltr'><strong>aggressi</strong></span> <span class='ocrx_word' id='word_1_463' title='bbox 2720 1454 2858 1506; x_wconf 87' lang='lat' dir='ltr'><strong>sunt</strong></span> <span class='ocrx_word' id='word_1_464' title='bbox 2899 1451 3108 1507; x_wconf 91' lang='lat' dir='ltr'><strong>orbem</strong></span> <span class='ocrx_word' id='word_1_465' title='bbox 3154 1452 3544 1508; x_wconf 88' lang='lat' dir='ltr'><strong>universum:</strong></span> 
     </span>
    </p>
   </div>
   <div class='ocr_carea' id='block_1_68' title="bbox 1891 1538 3550 1612">
    <p class='ocr_par' dir='ltr' id='par_1_68' title="bbox 1891 1538 3550 1612">
     <span class='ocr_line' id='line_1_69' title="bbox 1891 1538 3550 1612; baseline 0 -17"><span class='ocrx_word' id='word_1_466' title='bbox 1891 1555 2029 1596; x_wconf 90' lang='lat' dir='ltr'><strong>cum</strong></span> <span class='ocrx_word' id='word_1_467' title='bbox 2056 1555 2179 1612; x_wconf 89' lang='lat' dir='ltr'><strong>quo</strong></span> <span class='ocrx_word' id='word_1_468' title='bbox 2205 1538 2496 1594; x_wconf 87' lang='lat' dir='ltr'><strong>adversus</strong></span> <span class='ocrx_word' id='word_1_469' title='bbox 2521 1538 2652 1593; x_wconf 89' lang='lat' dir='ltr'><strong>illos</strong></span> <span class='ocrx_word' id='word_1_470' title='bbox 2685 1553 2747 1594; x_wconf 89' lang='lat' dir='ltr'><strong>se</strong></span> <span class='ocrx_word' id='word_1_471' title='bbox 2776 1538 3054 1594; x_wconf 86' lang='lat' dir='ltr'><strong>diabolus</strong></span> <span class='ocrx_word' id='word_1_472' title='bbox 3079 1540 3386 1611; x_wconf 89' lang='lat' dir='ltr'><strong>opposuit,</strong></span> <span class='ocrx_word' id='word_1_473' title='bbox 3411 1539 3550 1610; x_wconf 89' lang='lat' dir='ltr'><strong>jun-</strong></span> 
     </span>
    </p>
   </div>
   <div class='ocr_carea' id='block_1_69' title="bbox 1891 1626 3546 1684">
    <p class='ocr_par' dir='ltr' id='par_1_69' title="bbox 1891 1626 3546 1684">
     <span class='ocr_line' id='line_1_70' title="bbox 1891 1626 3546 1684; baseline -0.001 0"><span class='ocrx_word' id='word_1_474' title='bbox 1891 1629 1998 1684; x_wconf 90' lang='lat' dir='ltr'><strong>ctis</strong></span> <span class='ocrx_word' id='word_1_475' title='bbox 2029 1643 2229 1683; x_wconf 84' lang='lat' dir='ltr'><strong>secum</strong></span> <span class='ocrx_word' id='word_1_476' title='bbox 2262 1627 2588 1682; x_wconf 89' lang='lat' dir='ltr'><strong>innumeris</strong></span> <span class='ocrx_word' id='word_1_477' title='bbox 2619 1626 2955 1682; x_wconf 68' lang='lat' dir='ltr'><strong>daemoniis.</strong></span> <span class='ocrx_word' id='word_1_478' title='bbox 2997 1626 3075 1682; x_wconf 85' lang='lat' dir='ltr'><strong>[lli</strong></span> <span class='ocrx_word' id='word_1_479' title='bbox 3107 1643 3249 1683; x_wconf 87' lang='lat' dir='ltr'><strong>vero</strong></span> <span class='ocrx_word' id='word_1_480' title='bbox 3277 1627 3546 1683; x_wconf 86' lang='lat' dir='ltr'><strong>obtinue-</strong></span> 
     </span>
    </p>
   </div>
   <div class='ocr_carea' id='block_1_70' title="bbox 1893 1715 3547 1781">
    <p class='ocr_par' dir='ltr' id='par_1_70' title="bbox 1893 1715 3547 1781">
     <span class='ocr_line' id='line_1_71' title="bbox 1893 1715 3547 1781; baseline 0 -9"><span class='ocrx_word' id='word_1_481' title='bbox 1893 1720 2028 1772; x_wconf 88' lang='lat' dir='ltr'><strong>runt</strong></span> <span class='ocrx_word' id='word_1_482' title='bbox 2055 1715 2380 1781; x_wconf 82' lang='lat' dir='ltr'><strong>victoriam,</strong></span> <span class='ocrx_word' id='word_1_483' title='bbox 2417 1731 2536 1772; x_wconf 91' lang='lat' dir='ltr'><strong>non</strong></span> <span class='ocrx_word' id='word_1_484' title='bbox 2567 1715 2981 1772; x_wconf 87' lang='lat' dir='ltr'><strong>interﬁcientes</strong></span> <span class='ocrx_word' id='word_1_485' title='bbox 3016 1716 3406 1778; x_wconf 85' lang='lat' dir='ltr'><strong>adversarios.</strong></span> <span class='ocrx_word' id='word_1_486' title='bbox 3443 1715 3547 1772; x_wconf 89' lang='lat' dir='ltr'><strong>sed</strong></span> 
     </span>
    </p>
   </div>
   <div class='ocr_carea' id='block_1_71' title="bbox 1893 1803 3550 1876">
    <p class='ocr_par' dir='ltr' id='par_1_71' title="bbox 1893 1803 3550 1876">
     <span class='ocr_line' id='line_1_72' title="bbox 1893 1803 3550 1876; baseline -0.001 -14"><span class='ocrx_word' id='word_1_487' title='bbox 1893 1805 2006 1862; x_wconf 88' lang='lat' dir='ltr'><strong>sibi</strong></span> <span class='ocrx_word' id='word_1_488' title='bbox 2037 1809 2538 1861; x_wconf 88' lang='lat' dir='ltr'><strong>connumerantes</strong></span> <span class='ocrx_word' id='word_1_489' title='bbox 2565 1821 2578 1859; x_wconf 88' lang='lat'><strong>:</strong></span> <span class='ocrx_word' id='word_1_490' title='bbox 2613 1808 2670 1859; x_wconf 91' lang='lat' dir='ltr'><strong>et</strong></span> <span class='ocrx_word' id='word_1_491' title='bbox 2692 1819 2847 1876; x_wconf 90' lang='lat' dir='ltr'><strong>quos</strong></span> <span class='ocrx_word' id='word_1_492' title='bbox 2873 1803 3254 1861; x_wconf 65' lang='lat' dir='ltr'><strong>damonibus</strong></span> <span class='ocrx_word' id='word_1_493' title='bbox 3284 1803 3550 1876; x_wconf 65' lang='lat' dir='ltr'><strong>aequales</strong></span> 
     </span>
    </p>
   </div>
   <div class='ocr_carea' id='block_1_72' title="bbox 1816 1893 3224 1972">
    <p class='ocr_par' dir='ltr' id='par_1_72' title="bbox 1816 1893 3224 1972">
     <span class='ocr_line' id='line_1_73' title="bbox 1816 1893 3224 1972; baseline -0.001 -21"><span class='ocrx_word' id='word_1_494' title='bbox 1816 1917 1859 1972; x_wconf 78' lang='grc' dir='ltr'><strong><em>Β</em></strong></span> <span class='ocrx_word' id='word_1_495' title='bbox 1891 1899 2269 1966; x_wconf 87' lang='lat' dir='ltr'><strong>acceperunt,</strong></span> <span class='ocrx_word' id='word_1_496' title='bbox 2303 1893 2531 1963; x_wconf 82' lang='lat' dir='ltr'><strong>angelis</strong></span> <span class='ocrx_word' id='word_1_497' title='bbox 2565 1893 2787 1949; x_wconf 88' lang='lat' dir='ltr'><strong>similes</strong></span> <span class='ocrx_word' id='word_1_498' title='bbox 2818 1893 3224 1951; x_wconf 89' lang='lat' dir='ltr'><strong>reddiderunt.</strong></span> 
     </span>
    </p>
   </div>
   <div class='ocr_carea' id='block_1_73' title="bbox 1963 1981 3552 2057">
    <p class='ocr_par' dir='ltr' id='par_1_73' title="bbox 1963 1981 3552 2057">
     <span class='ocr_line' id='line_1_74' title="bbox 1963 1981 3552 2057; baseline 0.002 -19"><span class='ocrx_word' id='word_1_499' title='bbox 1963 1986 2118 2039; x_wconf 89' lang='lat' dir='ltr'><strong>Vers.</strong></span> <span class='ocrx_word' id='word_1_500' title='bbox 2160 1987 2249 2039; x_wconf 88' lang='lat'><strong>23.</strong></span> <span class='ocrx_word' id='word_1_501' title='bbox 2293 1982 2430 2038; x_wconf 87' lang='lat' dir='ltr'><strong>Cum</strong></span> <span class='ocrx_word' id='word_1_502' title='bbox 2465 1988 2658 2040; x_wconf 79' lang='lat' dir='ltr'><strong>autem</strong></span> <span class='ocrx_word' id='word_1_503' title='bbox 2688 2013 2755 2023; x_wconf 93' lang='lat'><strong>—</strong></span> <span class='ocrx_word' id='word_1_504' title='bbox 2784 1983 2991 2040; x_wconf 78' lang='lat' dir='ltr'><strong>aliam.</strong></span> <span class='ocrx_word' id='word_1_505' title='bbox 3039 1986 3363 2057; x_wconf 86' lang='lat' dir='ltr'><strong>Postquam</strong></span> <span class='ocrx_word' id='word_1_506' title='bbox 3401 1981 3552 2041; x_wconf 81' lang='lat' dir='ltr'><strong>dixit</strong></span> 
     </span>
    </p>
   </div>
   <div class='ocr_carea' id='block_1_74' title="bbox 1891 2071 3550 2146">
    <p class='ocr_par' dir='ltr' id='par_1_74' title="bbox 1891 2071 3550 2146">
     <span class='ocr_line' id='line_1_75' title="bbox 1891 2071 3550 2146; baseline 0.001 -18"><span class='ocrx_word' id='word_1_507' title='bbox 1891 2087 2027 2146; x_wconf 66' lang='lat' dir='ltr'><strong>qum</strong></span> <span class='ocrx_word' id='word_1_508' title='bbox 2057 2077 2196 2145; x_wconf 89' lang='lat' dir='ltr'><strong>post</strong></span> <span class='ocrx_word' id='word_1_509' title='bbox 2225 2071 2636 2128; x_wconf 88' lang='lat' dir='ltr'><strong>ascensionem</strong></span> <span class='ocrx_word' id='word_1_510' title='bbox 2679 2086 2853 2128; x_wconf 89' lang='lat' dir='ltr'><strong>suam</strong></span> <span class='ocrx_word' id='word_1_511' title='bbox 2895 2076 3064 2129; x_wconf 90' lang='lat' dir='ltr'><strong>erant</strong></span> <span class='ocrx_word' id='word_1_512' title='bbox 3093 2078 3399 2139; x_wconf 82' lang='lat' dir='ltr'><strong>eventura,</strong></span> <span class='ocrx_word' id='word_1_513' title='bbox 3432 2088 3550 2130; x_wconf 87' lang='lat' dir='ltr'><strong>ser-</strong></span> 
     </span>
    </p>
   </div>
   <div class='ocr_carea' id='block_1_75' title="bbox 1893 2160 3552 2234">
    <p class='ocr_par' dir='ltr' id='par_1_75' title="bbox 1893 2160 3552 2234">
     <span class='ocr_line' id='line_1_76' title="bbox 1893 2160 3552 2234; baseline 0.001 -16"><span class='ocrx_word' id='word_1_514' title='bbox 1893 2177 2135 2218; x_wconf 88' lang='lat' dir='ltr'><strong>monem</strong></span> <span class='ocrx_word' id='word_1_515' title='bbox 2182 2161 2259 2217; x_wconf 91' lang='lat' dir='ltr'><strong>ad</strong></span> <span class='ocrx_word' id='word_1_516' title='bbox 2303 2175 2376 2216; x_wconf 91' lang='lat' dir='ltr'><strong>ea</strong></span> <span class='ocrx_word' id='word_1_517' title='bbox 2413 2160 2664 2225; x_wconf 87' lang='lat' dir='ltr'><strong>reduxit,</strong></span> <span class='ocrx_word' id='word_1_518' title='bbox 2707 2177 2843 2234; x_wconf 62' lang='lat' dir='ltr'><strong>qua)</strong></span> <span class='ocrx_word' id='word_1_519' title='bbox 2891 2166 3027 2219; x_wconf 88' lang='lat' dir='ltr'><strong>ante</strong></span> <span class='ocrx_word' id='word_1_520' title='bbox 3070 2177 3309 2219; x_wconf 91' lang='lat' dir='ltr'><strong>crucem</strong></span> <span class='ocrx_word' id='word_1_521' title='bbox 3350 2163 3552 2220; x_wconf 83' lang='lat' dir='ltr'><strong>futura</strong></span> 
     </span>
    </p>
   </div>
   <div class='ocr_carea' id='block_1_76' title="bbox 1893 2249 3546 2323">
    <p class='ocr_par' dir='ltr' id='par_1_76' title="bbox 1893 2249 3546 2323">
     <span class='ocr_line' id='line_1_77' title="bbox 1893 2249 3546 2323; baseline -0.001 -17"><span class='ocrx_word' id='word_1_522' title='bbox 1893 2256 2079 2307; x_wconf 90' lang='lat' dir='ltr'><strong>erant.</strong></span> <span class='ocrx_word' id='word_1_523' title='bbox 2111 2249 2282 2306; x_wconf 87' lang='lat' dir='ltr'><strong>Jubet</strong></span> <span class='ocrx_word' id='word_1_524' title='bbox 2313 2253 2512 2306; x_wconf 89' lang='lat' dir='ltr'><strong>autem</strong></span> <span class='ocrx_word' id='word_1_525' title='bbox 2543 2249 2768 2320; x_wconf 85' lang='lat' dir='ltr'><strong>fugere,</strong></span> <span class='ocrx_word' id='word_1_526' title='bbox 2812 2264 2934 2306; x_wconf 91' lang='lat' dir='ltr'><strong>non</strong></span> <span class='ocrx_word' id='word_1_527' title='bbox 2965 2254 3254 2323; x_wconf 89' lang='lat' dir='ltr'><strong>tanquam</strong></span> <span class='ocrx_word' id='word_1_528' title='bbox 3284 2249 3546 2316; x_wconf 87' lang='lat' dir='ltr'><strong>timidos,</strong></span> 
     </span>
    </p>
   </div>
   <div class='ocr_carea' id='block_1_77' title="bbox 1893 2337 3552 2412">
    <p class='ocr_par' dir='ltr' id='par_1_77' title="bbox 1893 2337 3552 2412">
     <span class='ocr_line' id='line_1_78' title="bbox 1893 2337 3552 2412; baseline 0 -18"><span class='ocrx_word' id='word_1_529' title='bbox 1893 2339 1998 2396; x_wconf 89' lang='lat' dir='ltr'><strong>sed</strong></span> <span class='ocrx_word' id='word_1_530' title='bbox 2022 2344 2311 2412; x_wconf 89' lang='lat' dir='ltr'><strong>tanquam</strong></span> <span class='ocrx_word' id='word_1_531' title='bbox 2336 2355 2438 2395; x_wconf 88' lang='lat' dir='ltr'><strong>eos</strong></span> <span class='ocrx_word' id='word_1_532' title='bbox 2463 2338 2568 2410; x_wconf 89' lang='lat' dir='ltr'><strong>qui</strong></span> <span class='ocrx_word' id='word_1_533' title='bbox 2589 2337 2981 2411; x_wconf 84' lang='lat' dir='ltr'><strong>expelluntur.</strong></span> <span class='ocrx_word' id='word_1_534' title='bbox 3009 2339 3227 2394; x_wconf 83' lang='lat' dir='ltr'><strong>Verum</strong></span> <span class='ocrx_word' id='word_1_535' title='bbox 3250 2338 3400 2396; x_wconf 87' lang='lat' dir='ltr'><strong>sicut</strong></span> <span class='ocrx_word' id='word_1_536' title='bbox 3420 2341 3552 2395; x_wconf 88' lang='lat' dir='ltr'><strong>Gre-</strong></span> 
     </span>
    </p>
   </div>
   <div class='ocr_carea' id='block_1_78' title="bbox 1895 2427 3552 2500">
    <p class='ocr_par' dir='ltr' id='par_1_78' title="bbox 1895 2427 3552 2500">
     <span class='ocr_line' id='line_1_79' title="bbox 1895 2427 3552 2500; baseline -0.001 -16"><span class='ocrx_word' id='word_1_537' title='bbox 1895 2431 2102 2500; x_wconf 88' lang='lat' dir='ltr'><strong>gorius</strong></span> <span class='ocrx_word' id='word_1_538' title='bbox 2122 2428 2910 2499; x_wconf 90' lang='lat' dir='ltr'><strong>Theologusinterpretatur,</strong></span> <span class='ocrx_word' id='word_1_539' title='bbox 2937 2427 3110 2498; x_wconf 86' lang='lat' dir='ltr'><strong>jubet</strong></span> <span class='ocrx_word' id='word_1_540' title='bbox 3140 2431 3203 2483; x_wconf 91' lang='lat' dir='ltr'><strong>ut</strong></span> <span class='ocrx_word' id='word_1_541' title='bbox 3223 2427 3552 2484; x_wconf 88' lang='lat' dir='ltr'><strong>miserean-</strong></span> 
     </span>
    </p>
   </div>
   <div class='ocr_carea' id='block_1_79' title="bbox 1895 2515 3548 2590">
    <p class='ocr_par' dir='ltr' id='par_1_79' title="bbox 1895 2515 3548 2590">
     <span class='ocr_line' id='line_1_80' title="bbox 1895 2515 3548 2590; baseline -0.001 -17"><span class='ocrx_word' id='word_1_542' title='bbox 1895 2523 1988 2574; x_wconf 90' lang='lat' dir='ltr'><strong>tur</strong></span> <span class='ocrx_word' id='word_1_543' title='bbox 2018 2516 2500 2590; x_wconf 86' lang='lat' dir='ltr'><strong>persequentium</strong></span> <span class='ocrx_word' id='word_1_544' title='bbox 2528 2520 2584 2572; x_wconf 87' lang='lat' dir='ltr'><strong>et</strong></span> <span class='ocrx_word' id='word_1_545' title='bbox 2608 2515 3086 2584; x_wconf 89' lang='lat' dir='ltr'><strong>imbecilliorum,</strong></span> <span class='ocrx_word' id='word_1_546' title='bbox 3119 2531 3228 2573; x_wconf 88' lang='lat' dir='ltr'><strong>nec</strong></span> <span class='ocrx_word' id='word_1_547' title='bbox 3257 2515 3435 2587; x_wconf 88' lang='lat' dir='ltr'><strong>longe</strong></span> <span class='ocrx_word' id='word_1_548' title='bbox 3460 2516 3548 2572; x_wconf 82' lang='lat' dir='ltr'><strong>fu-</strong></span> 
     </span>
    </p>
   </div>
   <div class='ocr_carea' id='block_1_80' title="bbox 1893 2605 3551 2678">
    <p class='ocr_par' dir='ltr' id='par_1_80' title="bbox 1893 2605 3551 2678">
     <span class='ocr_line' id='line_1_81' title="bbox 1893 2605 3551 2678; baseline 0 -16"><span class='ocrx_word' id='word_1_549' title='bbox 1893 2607 2075 2678; x_wconf 88' lang='lat' dir='ltr'><strong>giant,</strong></span> <span class='ocrx_word' id='word_1_550' title='bbox 2109 2606 2213 2662; x_wconf 91' lang='lat' dir='ltr'><strong>sed</strong></span> <span class='ocrx_word' id='word_1_551' title='bbox 2235 2606 2312 2663; x_wconf 90' lang='lat' dir='ltr'><strong>ab</strong></span> <span class='ocrx_word' id='word_1_552' title='bbox 2333 2605 2447 2662; x_wconf 90' lang='lat' dir='ltr'><strong>hac</strong></span> <span class='ocrx_word' id='word_1_553' title='bbox 2469 2605 2698 2662; x_wconf 88' lang='lat' dir='ltr'><strong>civitate</strong></span> <span class='ocrx_word' id='word_1_554' title='bbox 2719 2605 2778 2661; x_wconf 90' lang='lat' dir='ltr'><strong>in</strong></span> <span class='ocrx_word' id='word_1_555' title='bbox 2799 2605 2985 2676; x_wconf 91' lang='lat' dir='ltr'><strong>illam,</strong></span> <span class='ocrx_word' id='word_1_556' title='bbox 3008 2621 3085 2663; x_wconf 88' lang='lat' dir='ltr'><strong>ne</strong></span> <span class='ocrx_word' id='word_1_557' title='bbox 3107 2605 3289 2663; x_wconf 91' lang='lat' dir='ltr'><strong>ullam</strong></span> <span class='ocrx_word' id='word_1_558' title='bbox 3316 2608 3551 2678; x_wconf 67' lang='lat' dir='ltr'><strong>praeter-</strong></span> 
     </span>
    </p>
   </div>
   <div class='ocr_carea' id='block_1_81' title="bbox 1893 2694 2939 2768">
    <p class='ocr_par' dir='ltr' id='par_1_81' title="bbox 1893 2694 2939 2768">
     <span class='ocr_line' id='line_1_82' title="bbox 1893 2694 2939 2768; baseline -0.002 -16"><span class='ocrx_word' id='word_1_559' title='bbox 1893 2701 2051 2762; x_wconf 90' lang='lat' dir='ltr'><strong>eant,</strong></span> <span class='ocrx_word' id='word_1_560' title='bbox 2085 2697 2162 2752; x_wconf 93' lang='lat' dir='ltr'><strong>ad</strong></span> <span class='ocrx_word' id='word_1_561' title='bbox 2196 2711 2382 2768; x_wconf 90' lang='lat' dir='ltr'><strong>quam</strong></span> <span class='ocrx_word' id='word_1_562' title='bbox 2418 2709 2537 2752; x_wconf 92' lang='lat' dir='ltr'><strong>non</strong></span> <span class='ocrx_word' id='word_1_563' title='bbox 2567 2694 2939 2766; x_wconf 89' lang='lat' dir='ltr'><strong>perveniant.</strong></span> 
     </span>
    </p>
   </div>
   <div class='ocr_carea' id='block_1_82' title="bbox 1965 2783 3553 2858">
    <p class='ocr_par' dir='ltr' id='par_1_82' title="bbox 1965 2783 3553 2858">
     <span class='ocr_line' id='line_1_83' title="bbox 1965 2783 3553 2858; baseline 0 -16"><span class='ocrx_word' id='word_1_564' title='bbox 1965 2786 2123 2842; x_wconf 87' lang='lat' dir='ltr'><strong>Vers.</strong></span> <span class='ocrx_word' id='word_1_565' title='bbox 2145 2787 2231 2840; x_wconf 83' lang='lat'><strong>23.</strong></span> <span class='ocrx_word' id='word_1_566' title='bbox 2252 2785 2442 2841; x_wconf 83' lang='lat' dir='ltr'><strong>Amen</strong></span> <span class='ocrx_word' id='word_1_567' title='bbox 2455 2815 2522 2825; x_wconf 90' lang='lat'><strong>-—</strong></span> <span class='ocrx_word' id='word_1_568' title='bbox 2540 2783 3246 2858; x_wconf 80' lang='lat' dir='ltr'><strong>hominis.—Priusquam</strong></span> <span class='ocrx_word' id='word_1_569' title='bbox 3266 2784 3461 2842; x_wconf 79' lang='lat' dir='ltr'><strong>veniat</strong></span> <span class='ocrx_word' id='word_1_570' title='bbox 3479 2784 3553 2842; x_wconf 84' lang='lat' dir='ltr'><strong>ad</strong></span> 
     </span>
    </p>
   </div>
   <div class='ocr_carea' id='block_1_83' title="bbox 1894 2873 3553 2947">
    <p class='ocr_par' dir='ltr' id='par_1_83' title="bbox 1894 2873 3553 2947">
     <span class='ocr_line' id='line_1_84' title="bbox 1894 2873 3553 2947; baseline 0 -17"><span class='ocrx_word' id='word_1_571' title='bbox 1894 2890 2014 2932; x_wconf 84' lang='lat' dir='ltr'><strong>vos.</strong></span> <span class='ocrx_word' id='word_1_572' title='bbox 2045 2876 2166 2931; x_wconf 87' lang='lat' dir='ltr'><strong>Hoc</strong></span> <span class='ocrx_word' id='word_1_573' title='bbox 2197 2878 2398 2930; x_wconf 90' lang='lat' dir='ltr'><strong>autem</strong></span> <span class='ocrx_word' id='word_1_574' title='bbox 2429 2873 2506 2930; x_wconf 90' lang='lat' dir='ltr'><strong>ad</strong></span> <span class='ocrx_word' id='word_1_575' title='bbox 2547 2873 2826 2930; x_wconf 84' lang='lat' dir='ltr'><strong>solatium</strong></span> <span class='ocrx_word' id='word_1_576' title='bbox 2858 2879 2913 2931; x_wconf 89' lang='lat' dir='ltr'><strong>et</strong></span> <span class='ocrx_word' id='word_1_577' title='bbox 2942 2873 3312 2947; x_wconf 84' lang='lat' dir='ltr'><strong>refrigerium</strong></span> <span class='ocrx_word' id='word_1_578' title='bbox 3343 2888 3553 2930; x_wconf 90' lang='lat' dir='ltr'><strong>eorum</strong></span> 
     </span>
    </p>
   </div>
   <div class='ocr_carea' id='block_1_84' title="bbox 1893 2963 3557 3034">
    <p class='ocr_par' dir='ltr' id='par_1_84' title="bbox 1893 2963 3557 3034">
     <span class='ocr_line' id='line_1_85' title="bbox 1893 2963 3557 3034; baseline 0.001 -16"><span class='ocrx_word' id='word_1_579' title='bbox 1893 2963 2063 3020; x_wconf 85' lang='lat' dir='ltr'><strong>dixit.</strong></span> <span class='ocrx_word' id='word_1_580' title='bbox 2093 2963 2480 3027; x_wconf 88' lang='lat' dir='ltr'><strong>conﬁrmans,</strong></span> <span class='ocrx_word' id='word_1_581' title='bbox 2504 2963 2670 3028; x_wconf 86' lang='lat' dir='ltr'><strong>quod</strong></span> <span class='ocrx_word' id='word_1_582' title='bbox 2696 2963 2866 3019; x_wconf 85' lang='lat' dir='ltr'><strong>citius</strong></span> <span class='ocrx_word' id='word_1_583' title='bbox 2891 2978 2994 3020; x_wconf 89' lang='lat' dir='ltr'><strong>eos</strong></span> <span class='ocrx_word' id='word_1_584' title='bbox 3018 2967 3172 3020; x_wconf 87' lang='lat' dir='ltr'><strong>esset</strong></span> <span class='ocrx_word' id='word_1_585' title='bbox 3195 2963 3307 3019; x_wconf 91' lang='lat' dir='ltr'><strong>sibi</strong></span> <span class='ocrx_word' id='word_1_586' title='bbox 3332 2963 3557 3034; x_wconf 81' lang='lat' dir='ltr'><strong>adjun-</strong></span> 
     </span>
    </p>
   </div>
   <div class='ocr_carea' id='block_1_85' title="bbox 1894 3051 3555 3124">
    <p class='ocr_par' dir='ltr' id='par_1_85' title="bbox 1894 3051 3555 3124">
     <span class='ocr_line' id='line_1_86' title="bbox 1894 3051 3555 3124; baseline 0.001 -17"><span class='ocrx_word' id='word_1_587' title='bbox 1894 3057 2116 3116; x_wconf 88' lang='lat' dir='ltr'><strong>cturus,</strong></span> <span class='ocrx_word' id='word_1_588' title='bbox 2150 3067 2335 3124; x_wconf 89' lang='lat' dir='ltr'><strong>quam</strong></span> <span class='ocrx_word' id='word_1_589' title='bbox 2379 3051 2491 3123; x_wconf 92' lang='lat' dir='ltr'><strong>ipsi</strong></span> <span class='ocrx_word' id='word_1_590' title='bbox 2531 3066 2739 3108; x_wconf 88' lang='lat' dir='ltr'><strong>omnes</strong></span> <span class='ocrx_word' id='word_1_591' title='bbox 2777 3051 3116 3108; x_wconf 70' lang='lat' dir='ltr'><strong>Iudaeorum</strong></span> <span class='ocrx_word' id='word_1_592' title='bbox 3150 3052 3420 3109; x_wconf 86' lang='lat' dir='ltr'><strong>civitates</strong></span> <span class='ocrx_word' id='word_1_593' title='bbox 3446 3051 3555 3108; x_wconf 87' lang='lat' dir='ltr'><strong>cir-</strong></span> 
     </span>
    </p>
   </div>
   <div class='ocr_carea' id='block_1_86' title="bbox 1893 3139 3552 3211">
    <p class='ocr_par' dir='ltr' id='par_1_86' title="bbox 1893 3139 3552 3211">
     <span class='ocr_line' id='line_1_87' title="bbox 1893 3139 3552 3211; baseline 0.001 -15"><span class='ocrx_word' id='word_1_594' title='bbox 1893 3141 2200 3210; x_wconf 90' lang='lat' dir='ltr'><strong>cumirent,</strong></span> <span class='ocrx_word' id='word_1_595' title='bbox 2227 3141 2350 3195; x_wconf 87' lang='lat' dir='ltr'><strong>sive</strong></span> <span class='ocrx_word' id='word_1_596' title='bbox 2367 3145 2691 3211; x_wconf 86' lang='lat' dir='ltr'><strong>antequam</strong></span> <span class='ocrx_word' id='word_1_597' title='bbox 2712 3139 2788 3194; x_wconf 92' lang='lat' dir='ltr'><strong>ad</strong></span> <span class='ocrx_word' id='word_1_598' title='bbox 2814 3141 3152 3196; x_wconf 88' lang='lat' dir='ltr'><strong>universam</strong></span> <span class='ocrx_word' id='word_1_599' title='bbox 3177 3140 3552 3198; x_wconf 66' lang='lat' dir='ltr'><strong>Palaestinam</strong></span> 
     </span>
    </p>
   </div>
   <div class='ocr_carea' id='block_1_87' title="bbox 1891 3227 3549 3298">
    <p class='ocr_par' dir='ltr' id='par_1_87' title="bbox 1891 3227 3549 3298">
     <span class='ocr_line' id='line_1_88' title="bbox 1891 3227 3549 3298; baseline 0 -13"><span class='ocrx_word' id='word_1_600' title='bbox 1891 3230 2259 3286; x_wconf 89' lang='lat' dir='ltr'><strong>accederent.</strong></span> <span class='ocrx_word' id='word_1_601' title='bbox 2282 3227 2622 3284; x_wconf 77' lang='lat' dir='ltr'><strong>Suﬁiciebat</strong></span> <span class='ocrx_word' id='word_1_602' title='bbox 2639 3229 2797 3284; x_wconf 88' lang='lat' dir='ltr'><strong>enim</strong></span> <span class='ocrx_word' id='word_1_603' title='bbox 2819 3243 2922 3298; x_wconf 90' lang='lat' dir='ltr'><strong>pro</strong></span> <span class='ocrx_word' id='word_1_604' title='bbox 2939 3228 3103 3284; x_wconf 92' lang='lat' dir='ltr'><strong>omni</strong></span> <span class='ocrx_word' id='word_1_605' title='bbox 3122 3228 3549 3296; x_wconf 89' lang='lat' dir='ltr'><strong>consolatione,</strong></span> 
     </span>
    </p>
   </div>
   <div class='ocr_carea' id='block_1_88' title="bbox 1893 3316 3551 3390">
    <p class='ocr_par' dir='ltr' id='par_1_88' title="bbox 1893 3316 3551 3390">
     <span class='ocr_line' id='line_1_89' title="bbox 1893 3316 3551 3390; baseline -0.001 -17"><span class='ocrx_word' id='word_1_606' title='bbox 1893 3323 1954 3374; x_wconf 90' lang='lat' dir='ltr'><strong>ut</strong></span> <span class='ocrx_word' id='word_1_607' title='bbox 1984 3318 2093 3373; x_wconf 90' lang='lat' dir='ltr'><strong>illis</strong></span> <span class='ocrx_word' id='word_1_608' title='bbox 2125 3318 2276 3374; x_wconf 88' lang='lat' dir='ltr'><strong>adeo</strong></span> <span class='ocrx_word' id='word_1_609' title='bbox 2307 3316 2614 3386; x_wconf 84' lang='lat' dir='ltr'><strong>exagitatis</strong></span> <span class='ocrx_word' id='word_1_610' title='bbox 2647 3321 2962 3388; x_wconf 87' lang='lat' dir='ltr'><strong>appareret</strong></span> <span class='ocrx_word' id='word_1_611' title='bbox 2990 3333 3002 3372; x_wconf 94' lang='lat'>:</span> <span class='ocrx_word' id='word_1_612' title='bbox 3031 3316 3200 3390; x_wconf 91' lang='lat' dir='ltr'><strong>quod</strong></span> <span class='ocrx_word' id='word_1_613' title='bbox 3231 3331 3376 3372; x_wconf 90' lang='lat' dir='ltr'><strong>sane</strong></span> <span class='ocrx_word' id='word_1_614' title='bbox 3408 3321 3551 3372; x_wconf 92' lang='lat' dir='ltr'><strong>tunc</strong></span> 
     </span>
    </p>
   </div>
   <div class='ocr_carea' id='block_1_89' title="bbox 1889 3403 3553 3476">
    <p class='ocr_par' dir='ltr' id='par_1_89' title="bbox 1889 3403 3553 3476">
     <span class='ocr_line' id='line_1_90' title="bbox 1889 3403 3553 3476; baseline -0.002 -13"><span class='ocrx_word' id='word_1_615' title='bbox 1889 3407 2070 3463; x_wconf 90' lang='lat' dir='ltr'><strong>etiam</strong></span> <span class='ocrx_word' id='word_1_616' title='bbox 2095 3406 2248 3472; x_wconf 90' lang='lat' dir='ltr'><strong>fecit,</strong></span> <span class='ocrx_word' id='word_1_617' title='bbox 2269 3406 2417 3461; x_wconf 90' lang='lat' dir='ltr'><strong>sicut</strong></span> <span class='ocrx_word' id='word_1_618' title='bbox 2433 3405 2722 3476; x_wconf 83' lang='lat' dir='ltr'><strong>promisit.</strong></span> <span class='ocrx_word' id='word_1_619' title='bbox 2745 3405 2896 3470; x_wconf 87' lang='lat' dir='ltr'><strong>Quia</strong></span> <span class='ocrx_word' id='word_1_620' title='bbox 2916 3410 3115 3462; x_wconf 91' lang='lat' dir='ltr'><strong>autem</strong></span> <span class='ocrx_word' id='word_1_621' title='bbox 3138 3403 3404 3459; x_wconf 88' lang='lat' dir='ltr'><strong>futurum</strong></span> <span class='ocrx_word' id='word_1_622' title='bbox 3426 3407 3553 3460; x_wconf 87' lang='lat' dir='ltr'><strong>erat</strong></span> 
     </span>
    </p>
   </div>
   <div class='ocr_carea' id='block_1_90' title="bbox 1890 3492 3551 3567">
    <p class='ocr_par' dir='ltr' id='par_1_90' title="bbox 1890 3492 3551 3567">
     <span class='ocr_line' id='line_1_91' title="bbox 1890 3492 3551 3567; baseline -0.004 -15"><span class='ocrx_word' id='word_1_623' title='bbox 1890 3500 1954 3552; x_wconf 90' lang='lat' dir='ltr'><strong>ut</strong></span> <span class='ocrx_word' id='word_1_624' title='bbox 1982 3497 2060 3551; x_wconf 90' lang='lat' dir='ltr'><strong>ab</strong></span> <span class='ocrx_word' id='word_1_625' title='bbox 2084 3494 2177 3551; x_wconf 89' lang='lat' dir='ltr'><strong>his</strong></span> <span class='ocrx_word' id='word_1_626' title='bbox 2201 3494 2305 3567; x_wconf 92' lang='lat' dir='ltr'><strong>qui</strong></span> <span class='ocrx_word' id='word_1_627' title='bbox 2336 3509 2398 3549; x_wconf 89' lang='lat' dir='ltr'><strong>se</strong></span> <span class='ocrx_word' id='word_1_628' title='bbox 2428 3497 2948 3566; x_wconf 89' lang='lat' dir='ltr'><strong>persequerentur,</strong></span> <span class='ocrx_word' id='word_1_629' title='bbox 2973 3492 3340 3549; x_wconf 90' lang='lat' dir='ltr'><strong>calumniam</strong></span> <span class='ocrx_word' id='word_1_630' title='bbox 3369 3492 3551 3547; x_wconf 88' lang='lat' dir='ltr'><strong>susti-</strong></span> 
     </span>
    </p>
   </div>
   <div class='ocr_carea' id='block_1_91' title="bbox 1889 3580 3552 3654">
    <p class='ocr_par' dir='ltr' id='par_1_91' title="bbox 1889 3580 3552 3654">
     <span class='ocr_line' id='line_1_92' title="bbox 1889 3580 3552 3654; baseline -0.002 -13"><span class='ocrx_word' id='word_1_631' title='bbox 1889 3588 2115 3653; x_wconf 89' lang='lat' dir='ltr'><strong>nerent,</strong></span> <span class='ocrx_word' id='word_1_632' title='bbox 2159 3588 2216 3640; x_wconf 92' lang='lat' dir='ltr'><strong>et</strong></span> <span class='ocrx_word' id='word_1_633' title='bbox 2249 3583 2380 3639; x_wconf 88' lang='lat' dir='ltr'><strong>ideo</strong></span> <span class='ocrx_word' id='word_1_634' title='bbox 2417 3582 2666 3639; x_wconf 90' lang='lat' dir='ltr'><strong>moleste</strong></span> <span class='ocrx_word' id='word_1_635' title='bbox 2698 3581 2958 3639; x_wconf 85' lang='lat' dir='ltr'><strong>ferrent:</strong></span> <span class='ocrx_word' id='word_1_636' title='bbox 2999 3596 3181 3654; x_wconf 89' lang='lat' dir='ltr'><strong>super</strong></span> <span class='ocrx_word' id='word_1_637' title='bbox 3217 3581 3330 3638; x_wconf 90' lang='lat' dir='ltr'><strong>hoc</strong></span> <span class='ocrx_word' id='word_1_638' title='bbox 3371 3580 3552 3638; x_wconf 88' lang='lat' dir='ltr'><strong>etiam</strong></span> 
     </span>
    </p>
   </div>
   <div class='ocr_carea' id='block_1_92' title="bbox 1889 3671 3553 3746">
    <p class='ocr_par' dir='ltr' id='par_1_92' title="bbox 1889 3671 3553 3746">
     <span class='ocr_line' id='line_1_93' title="bbox 1889 3671 3553 3746; baseline -0.002 -15"><span class='ocrx_word' id='word_1_639' title='bbox 1889 3674 2356 3731; x_wconf 91' lang='lat' dir='ltr'><strong>consolationem</strong></span> <span class='ocrx_word' id='word_1_640' title='bbox 2383 3672 2571 3738; x_wconf 73' lang='lat' dir='ltr'><strong>affert,</strong></span> <span class='ocrx_word' id='word_1_641' title='bbox 2593 3673 2811 3746; x_wconf 88' lang='lat' dir='ltr'><strong>partim</strong></span> <span class='ocrx_word' id='word_1_642' title='bbox 2835 3689 2870 3730; x_wconf 79' lang='grc' dir='ltr'>ε.</span> <span class='ocrx_word' id='word_1_643' title='bbox 2891 3672 3134 3746; x_wconf 89' lang='lat' dir='ltr'><strong>proprio</strong></span> <span class='ocrx_word' id='word_1_644' title='bbox 3165 3671 3463 3745; x_wconf 89' lang='lat' dir='ltr'><strong>exemplo,</strong></span> <span class='ocrx_word' id='word_1_645' title='bbox 3493 3677 3553 3728; x_wconf 86' lang='lat' dir='ltr'><strong>et</strong></span> 
     </span>
    </p>
   </div>
   <div class='ocr_carea' id='block_1_93' title="bbox 1889 3761 3228 3837">
    <p class='ocr_par' dir='ltr' id='par_1_93' title="bbox 1889 3761 3228 3837">
     <span class='ocr_line' id='line_1_94' title="bbox 1889 3761 3228 3837; baseline -0.002 -16"><span class='ocrx_word' id='word_1_646' title='bbox 1889 3764 1968 3821; x_wconf 90' lang='lat' dir='ltr'><strong>ab</strong></span> <span class='ocrx_word' id='word_1_647' title='bbox 1997 3764 2090 3820; x_wconf 90' lang='lat' dir='ltr'><strong>his</strong></span> <span class='ocrx_word' id='word_1_648' title='bbox 2120 3779 2253 3837; x_wconf 64' lang='lat' dir='ltr'><strong>quin</strong></span> <span class='ocrx_word' id='word_1_649' title='bbox 2281 3762 2392 3819; x_wconf 91' lang='lat' dir='ltr'><strong>sibi</strong></span> <span class='ocrx_word' id='word_1_650' title='bbox 2424 3761 2537 3836; x_wconf 91' lang='lat' dir='ltr'><strong>ipsi</strong></span> <span class='ocrx_word' id='word_1_651' title='bbox 2563 3761 2938 3829; x_wconf 88' lang='lat' dir='ltr'><strong>accidebant,</strong></span> <span class='ocrx_word' id='word_1_652' title='bbox 2973 3761 3180 3818; x_wconf 85' lang='lat' dir='ltr'><strong>dicens</strong></span> <span class='ocrx_word' id='word_1_653' title='bbox 3215 3777 3228 3817; x_wconf 91' lang='lat'>:</span> 
     </span>
    </p>
   </div>
   <div class='ocr_carea' id='block_1_94' title="bbox 1962 3850 3546 3911">
    <p class='ocr_par' dir='ltr' id='par_1_94' title="bbox 1962 3850 3546 3911">
     <span class='ocr_line' id='line_1_95' title="bbox 1962 3850 3546 3911; baseline 0 -3"><span class='ocrx_word' id='word_1_654' title='bbox 1962 3856 2124 3911; x_wconf 89' lang='lat' dir='ltr'><strong>Vers.</strong></span> <span class='ocrx_word' id='word_1_655' title='bbox 2163 3856 2252 3911; x_wconf 73' lang='grc'><strong>24.</strong></span> <span class='ocrx_word' id='word_1_656' title='bbox 2290 3853 2428 3910; x_wconf 90' lang='grc' dir='ltr'>Νοη</span> <span class='ocrx_word' id='word_1_657' title='bbox 2466 3883 2535 3893; x_wconf 93' lang='lat'><strong>—-</strong></span> <span class='ocrx_word' id='word_1_658' title='bbox 2574 3852 2879 3908; x_wconf 77' lang='lat' dir='ltr'><strong>dominum</strong></span> <span class='ocrx_word' id='word_1_659' title='bbox 2919 3867 3115 3908; x_wconf 82' lang='lat' dir='ltr'><strong>suum.</strong></span> <span class='ocrx_word' id='word_1_660' title='bbox 3147 3850 3546 3908; x_wconf 89' lang='lat' dir='ltr'><strong>Communem</strong></span> 
     </span>
    </p>
   </div>
   <div class='ocr_carea' id='block_1_95' title="bbox 1887 3942 3549 4018">
    <p class='ocr_par' dir='ltr' id='par_1_95' title="bbox 1887 3942 3549 4018">
     <span class='ocr_line' id='line_1_96' title="bbox 1887 3942 3549 4018; baseline -0.003 -17"><span class='ocrx_word' id='word_1_661' title='bbox 1887 3944 2112 4018; x_wconf 87' lang='lat' dir='ltr'><strong>profert</strong></span> <span class='ocrx_word' id='word_1_662' title='bbox 2140 3943 2514 4010; x_wconf 91' lang='lat' dir='ltr'><strong>sententiam,</strong></span> <span class='ocrx_word' id='word_1_663' title='bbox 2543 3956 2803 4016; x_wconf 73' lang='lat' dir='ltr'><strong>quaeque</strong></span> <span class='ocrx_word' id='word_1_664' title='bbox 2841 3942 3119 3998; x_wconf 89' lang='lat' dir='ltr'><strong>omnibus</strong></span> <span class='ocrx_word' id='word_1_665' title='bbox 3151 3945 3292 3998; x_wconf 92' lang='lat' dir='ltr'><strong>nota</strong></span> <span class='ocrx_word' id='word_1_666' title='bbox 3321 3945 3408 3997; x_wconf 88' lang='lat' dir='ltr'><strong>est</strong></span> <span class='ocrx_word' id='word_1_667' title='bbox 3443 3963 3456 3995; x_wconf 87' lang='lat'><strong>:</strong></span> <span class='ocrx_word' id='word_1_668' title='bbox 3488 3943 3549 3998; x_wconf 91' lang='lat' dir='ltr'><strong>et</strong></span> 
     </span>
    </p>
   </div>
   <div class='ocr_carea' id='block_1_96' title="bbox 1887 4029 3553 4106">
    <p class='ocr_par' dir='ltr' id='par_1_96' title="bbox 1887 4029 3553 4106">
     <span class='ocr_line' id='line_1_97' title="bbox 1887 4029 3553 4106; baseline -0.004 -16"><span class='ocrx_word' id='word_1_669' title='bbox 1887 4034 2026 4090; x_wconf 87' lang='lat' dir='ltr'><strong>huic</strong></span> <span class='ocrx_word' id='word_1_670' title='bbox 2057 4034 2326 4106; x_wconf 90' lang='lat' dir='ltr'><strong>adaptat,</strong></span> <span class='ocrx_word' id='word_1_671' title='bbox 2353 4048 2488 4105; x_wconf 64' lang='lat' dir='ltr'><strong>quas</strong></span> <span class='ocrx_word' id='word_1_672' title='bbox 2511 4031 2670 4087; x_wconf 90' lang='lat' dir='ltr'><strong>circa</strong></span> <span class='ocrx_word' id='word_1_673' title='bbox 2703 4046 2766 4085; x_wconf 91' lang='lat' dir='ltr'><strong>se</strong></span> <span class='ocrx_word' id='word_1_674' title='bbox 2794 4030 3162 4097; x_wconf 88' lang='lat' dir='ltr'><strong>accidunt,ut</strong></span> <span class='ocrx_word' id='word_1_675' title='bbox 3195 4029 3394 4086; x_wconf 89' lang='lat' dir='ltr'><strong>nullus</strong></span> <span class='ocrx_word' id='word_1_676' title='bbox 3415 4045 3553 4103; x_wconf 87' lang='lat' dir='ltr'><strong>pos-</strong></span> 
     </span>
    </p>
   </div>
   <div class='ocr_carea' id='block_1_97' title="bbox 1889 4118 3550 4192">
    <p class='ocr_par' dir='ltr' id='par_1_97' title="bbox 1889 4118 3550 4192">
     <span class='ocr_line' id='line_1_98' title="bbox 1889 4118 3550 4192; baseline -0.002 -15"><span class='ocrx_word' id='word_1_677' title='bbox 1889 4123 1962 4178; x_wconf 91' lang='lat' dir='ltr'><strong>sit</strong></span> <span class='ocrx_word' id='word_1_678' title='bbox 2011 4121 2434 4178; x_wconf 89' lang='lat' dir='ltr'><strong>contradicere.</strong></span> <span class='ocrx_word' id='word_1_679' title='bbox 2483 4122 2623 4176; x_wconf 88' lang='lat' dir='ltr'><strong>Vere</strong></span> <span class='ocrx_word' id='word_1_680' title='bbox 2666 4118 2827 4175; x_wconf 87' lang='lat' dir='ltr'><strong>enim</strong></span> <span class='ocrx_word' id='word_1_681' title='bbox 2870 4119 2952 4176; x_wconf 89' lang='lat' dir='ltr'><strong>ita</strong></span> <span class='ocrx_word' id='word_1_682' title='bbox 2995 4124 3097 4183; x_wconf 87' lang='lat' dir='ltr'><strong>est,</strong></span> <span class='ocrx_word' id='word_1_683' title='bbox 3148 4119 3313 4192; x_wconf 90' lang='lat' dir='ltr'><strong>quod</strong></span> <span class='ocrx_word' id='word_1_684' title='bbox 3352 4133 3550 4191; x_wconf 88' lang='lat' dir='ltr'><strong>neque</strong></span> 
     </span>
    </p>
   </div>
   <div class='ocr_carea' id='block_1_98' title="bbox 1887 4207 3551 4282">
    <p class='ocr_par' dir='ltr' id='par_1_98' title="bbox 1887 4207 3551 4282">
     <span class='ocr_line' id='line_1_99' title="bbox 1887 4207 3551 4282; baseline -0.002 -16"><span class='ocrx_word' id='word_1_685' title='bbox 1887 4209 2219 4282; x_wconf 89' lang='lat' dir='ltr'><strong>discipulus</strong></span> <span class='ocrx_word' id='word_1_686' title='bbox 2247 4225 2356 4265; x_wconf 91' lang='lat' dir='ltr'><strong>suo</strong></span> <span class='ocrx_word' id='word_1_687' title='bbox 2378 4209 2663 4278; x_wconf 90' lang='lat' dir='ltr'><strong>magistro</strong></span> <span class='ocrx_word' id='word_1_688' title='bbox 2683 4207 3060 4280; x_wconf 61' lang='lat' dir='ltr'><strong>praestantior</strong></span> <span class='ocrx_word' id='word_1_689' title='bbox 3080 4211 3185 4273; x_wconf 88' lang='lat' dir='ltr'><strong>est,</strong></span> <span class='ocrx_word' id='word_1_690' title='bbox 3208 4221 3403 4278; x_wconf 89' lang='lat' dir='ltr'><strong>neque</strong></span> <span class='ocrx_word' id='word_1_691' title='bbox 3431 4221 3551 4262; x_wconf 89' lang='lat' dir='ltr'><strong>ser-</strong></span> 
     </span>
    </p>
   </div>
   <div class='ocr_carea' id='block_1_99' title="bbox 1887 4294 3548 4368">
    <p class='ocr_par' dir='ltr' id='par_1_99' title="bbox 1887 4294 3548 4368">
     <span class='ocr_line' id='line_1_100' title="bbox 1887 4294 3548 4368; baseline -0.003 -14"><span class='ocrx_word' id='word_1_692' title='bbox 1887 4315 1997 4354; x_wconf 89' lang='lat' dir='ltr'><strong>vus</strong></span> <span class='ocrx_word' id='word_1_693' title='bbox 2023 4313 2133 4353; x_wconf 89' lang='lat' dir='ltr'><strong>suo</strong></span> <span class='ocrx_word' id='word_1_694' title='bbox 2158 4298 2404 4353; x_wconf 89' lang='lat' dir='ltr'><strong>domino</strong></span> <span class='ocrx_word' id='word_1_695' title='bbox 2436 4313 2446 4352; x_wconf 94' lang='lat'><strong>:</strong></span> <span class='ocrx_word' id='word_1_696' title='bbox 2476 4296 2623 4352; x_wconf 90' lang='lat' dir='ltr'><strong>dum</strong></span> <span class='ocrx_word' id='word_1_697' title='bbox 2653 4295 2748 4352; x_wconf 91' lang='lat' dir='ltr'><strong>ille</strong></span> <span class='ocrx_word' id='word_1_698' title='bbox 2773 4295 3107 4368; x_wconf 90' lang='lat' dir='ltr'><strong>discipulus</strong></span> <span class='ocrx_word' id='word_1_699' title='bbox 3135 4294 3328 4359; x_wconf 91' lang='lat' dir='ltr'><strong>fuerit,</strong></span> <span class='ocrx_word' id='word_1_700' title='bbox 3358 4297 3414 4350; x_wconf 90' lang='lat' dir='ltr'><strong>et</strong></span> <span class='ocrx_word' id='word_1_701' title='bbox 3437 4294 3548 4349; x_wconf 88' lang='lat' dir='ltr'><strong>iste</strong></span> 
     </span>
    </p>
   </div>
   <div class='ocr_carea' id='block_1_100' title="bbox 1889 4381 3547 4457">
    <p class='ocr_par' dir='ltr' id='par_1_100' title="bbox 1889 4381 3547 4457">
     <span class='ocr_line' id='line_1_101' title="bbox 1889 4381 3547 4457; baseline -0.003 -14"><span class='ocrx_word' id='word_1_702' title='bbox 1889 4403 2114 4444; x_wconf 89' lang='lat' dir='ltr'><strong>servus.</strong></span> <span class='ocrx_word' id='word_1_703' title='bbox 2134 4386 2282 4441; x_wconf 88' lang='lat' dir='ltr'><strong>Nam</strong></span> <span class='ocrx_word' id='word_1_704' title='bbox 2298 4385 2878 4457; x_wconf 65' lang='lat' dir='ltr'><strong>subjectioqumdam</strong></span> <span class='ocrx_word' id='word_1_705' title='bbox 2893 4389 2981 4440; x_wconf 88' lang='lat' dir='ltr'><strong>est</strong></span> <span class='ocrx_word' id='word_1_706' title='bbox 2997 4382 3196 4439; x_wconf 90' lang='lat' dir='ltr'><strong>doceri</strong></span> <span class='ocrx_word' id='word_1_707' title='bbox 3213 4398 3281 4439; x_wconf 90' lang='lat' dir='ltr'><strong>ac</strong></span> <span class='ocrx_word' id='word_1_708' title='bbox 3300 4381 3547 4446; x_wconf 86' lang='lat' dir='ltr'><strong>servire.</strong></span> 
     </span>
    </p>
   </div>
   <div class='ocr_carea' id='block_1_101' title="bbox 1887 4471 3547 4545">
    <p class='ocr_par' dir='ltr' id='par_1_101' title="bbox 1887 4471 3547 4545">
     <span class='ocr_line' id='line_1_102' title="bbox 1887 4471 3547 4545; baseline -0.003 -13"><span class='ocrx_word' id='word_1_709' title='bbox 1887 4475 2282 4532; x_wconf 89' lang='lat' dir='ltr'><strong>etsecundum</strong></span> <span class='ocrx_word' id='word_1_710' title='bbox 2296 4473 2409 4530; x_wconf 92' lang='lat' dir='ltr'><strong>hoc</strong></span> <span class='ocrx_word' id='word_1_711' title='bbox 2423 4473 2624 4545; x_wconf 89' lang='lat' dir='ltr'><strong>ipsum</strong></span> <span class='ocrx_word' id='word_1_712' title='bbox 2638 4474 2885 4530; x_wconf 90' lang='lat' dir='ltr'><strong>omnino</strong></span> <span class='ocrx_word' id='word_1_713' title='bbox 2898 4472 3148 4544; x_wconf 89' lang='lat' dir='ltr'><strong>subjecti</strong></span> <span class='ocrx_word' id='word_1_714' title='bbox 3163 4475 3320 4528; x_wconf 89' lang='lat' dir='ltr'><strong>sunt.</strong></span> <span class='ocrx_word' id='word_1_715' title='bbox 3339 4471 3547 4542; x_wconf 86' lang='lat' dir='ltr'><strong>Itaque</strong></span> 
     </span>
    </p>
   </div>
   <div class='ocr_carea' id='block_1_102' title="bbox 1888 4559 3546 4638">
    <p class='ocr_par' dir='ltr' id='par_1_102' title="bbox 1888 4559 3546 4638">
     <span class='ocr_line' id='line_1_103' title="bbox 1888 4559 3546 4638; baseline -0.004 -16"><span class='ocrx_word' id='word_1_716' title='bbox 1888 4581 2080 4638; x_wconf 91' lang='lat' dir='ltr'><strong>neque</strong></span> <span class='ocrx_word' id='word_1_717' title='bbox 2095 4579 2201 4620; x_wconf 91' lang='lat' dir='ltr'><strong>vos</strong></span> <span class='ocrx_word' id='word_1_718' title='bbox 2214 4577 2396 4635; x_wconf 88' lang='lat' dir='ltr'><strong>supra</strong></span> <span class='ocrx_word' id='word_1_719' title='bbox 2408 4577 2504 4618; x_wconf 90' lang='lat' dir='ltr'><strong>me</strong></span> <span class='ocrx_word' id='word_1_720' title='bbox 2517 4562 2825 4628; x_wconf 90' lang='lat' dir='ltr'><strong>estis,cum</strong></span> <span class='ocrx_word' id='word_1_721' title='bbox 2839 4562 2954 4619; x_wconf 90' lang='lat' dir='ltr'><strong>sim</strong></span> <span class='ocrx_word' id='word_1_722' title='bbox 2965 4563 3253 4634; x_wconf 85' lang='lat' dir='ltr'><strong>magister</strong></span> <span class='ocrx_word' id='word_1_723' title='bbox 3266 4576 3336 4619; x_wconf 90' lang='lat' dir='ltr'><strong>ac</strong></span> <span class='ocrx_word' id='word_1_724' title='bbox 3349 4559 3546 4618; x_wconf 87' lang='lat' dir='ltr'><strong>Domi-</strong></span> 
     </span>
    </p>
   </div>
   <div class='ocr_carea' id='block_1_103' title="bbox 1886 4656 2260 4711">
    <p class='ocr_par' dir='ltr' id='par_1_103' title="bbox 1886 4656 2260 4711">
     <span class='ocr_line' id='line_1_104' title="bbox 1886 4656 2260 4711; baseline -0.016 0"><span class='ocrx_word' id='word_1_725' title='bbox 1886 4670 2001 4711; x_wconf 89' lang='lat' dir='ltr'><strong>nus</strong></span> <span class='ocrx_word' id='word_1_726' title='bbox 2052 4656 2260 4710; x_wconf 85' lang='lat' dir='ltr'><strong>vester.</strong></span> 
     </span>
    </p>
   </div>
   <div class='ocr_carea' id='block_1_104' title="bbox 1956 4739 3546 4814">
    <p class='ocr_par' dir='ltr' id='par_1_104' title="bbox 1956 4739 3546 4814">
     <span class='ocr_line' id='line_1_105' title="bbox 1956 4739 3546 4814; baseline -0.003 -15"><span class='ocrx_word' id='word_1_727' title='bbox 1956 4745 2118 4799; x_wconf 86' lang='lat' dir='ltr'><strong>Vers.</strong></span> <span class='ocrx_word' id='word_1_728' title='bbox 2151 4746 2239 4799; x_wconf 83' lang='lat'><strong>25.</strong></span> <span class='ocrx_word' id='word_1_729' title='bbox 2273 4740 2502 4814; x_wconf 77' lang='lat' dir='ltr'><strong>Sufﬁcit</strong></span> <span class='ocrx_word' id='word_1_730' title='bbox 2533 4770 2600 4782; x_wconf 91' lang='lat'><strong>-</strong></span> <span class='ocrx_word' id='word_1_731' title='bbox 2628 4739 2914 4811; x_wconf 81' lang='lat' dir='ltr'><strong>magister</strong></span> <span class='ocrx_word' id='word_1_732' title='bbox 2945 4754 3108 4796; x_wconf 84' lang='lat' dir='ltr'><strong>suus.</strong></span> <span class='ocrx_word' id='word_1_733' title='bbox 3150 4739 3303 4797; x_wconf 88' lang='lat' dir='ltr'><strong>Satis</strong></span> <span class='ocrx_word' id='word_1_734' title='bbox 3331 4742 3418 4796; x_wconf 90' lang='lat' dir='ltr'><strong>est</strong></span> <span class='ocrx_word' id='word_1_735' title='bbox 3443 4754 3546 4795; x_wconf 83' lang='lat' dir='ltr'><strong>vo-</strong></span> 
     </span>
    </p>
   </div>
   <div class='ocr_carea' id='block_1_105' title="bbox 1885 4828 3548 4904">
    <p class='ocr_par' dir='ltr' id='par_1_105' title="bbox 1885 4828 3548 4904">
     <span class='ocr_line' id='line_1_106' title="bbox 1885 4828 3548 4904; baseline -0.003 -15"><span class='ocrx_word' id='word_1_736' title='bbox 1885 4834 1979 4889; x_wconf 91' lang='lat' dir='ltr'><strong>bis</strong></span> <span class='ocrx_word' id='word_1_737' title='bbox 2004 4832 2308 4904; x_wconf 89' lang='lat' dir='ltr'><strong>discipulis</strong></span> <span class='ocrx_word' id='word_1_738' title='bbox 2331 4831 2403 4887; x_wconf 92' lang='lat' dir='ltr'><strong>ad</strong></span> <span class='ocrx_word' id='word_1_739' title='bbox 2433 4828 2923 4893; x_wconf 89' lang='lat' dir='ltr'><strong>consolationem,</strong></span> <span class='ocrx_word' id='word_1_740' title='bbox 2948 4833 3012 4886; x_wconf 91' lang='lat' dir='ltr'><strong>ut</strong></span> <span class='ocrx_word' id='word_1_741' title='bbox 3033 4828 3398 4886; x_wconf 90' lang='lat' dir='ltr'><strong>contumelia</strong></span> <span class='ocrx_word' id='word_1_742' title='bbox 3419 4828 3548 4884; x_wconf 80' lang='lat' dir='ltr'><strong>afﬁ-</strong></span> 
     </span>
    </p>
   </div>
   <div class='ocr_carea' id='block_1_106' title="bbox 1885 4917 3544 4991">
    <p class='ocr_par' dir='ltr' id='par_1_106' title="bbox 1885 4917 3544 4991">
     <span class='ocr_line' id='line_1_107' title="bbox 1885 4917 3544 4991; baseline -0.002 -13"><span class='ocrx_word' id='word_1_743' title='bbox 1885 4921 2149 4986; x_wconf 90' lang='lat' dir='ltr'><strong>ciamini,</strong></span> <span class='ocrx_word' id='word_1_744' title='bbox 2169 4921 2320 4976; x_wconf 91' lang='lat' dir='ltr'><strong>sicut</strong></span> <span class='ocrx_word' id='word_1_745' title='bbox 2337 4924 2392 4976; x_wconf 91' lang='lat' dir='ltr'><strong>et</strong></span> <span class='ocrx_word' id='word_1_746' title='bbox 2408 4933 2540 4990; x_wconf 87' lang='lat' dir='ltr'><strong>ego,</strong></span> <span class='ocrx_word' id='word_1_747' title='bbox 2556 4917 2657 4991; x_wconf 89' lang='lat' dir='ltr'><strong>qui</strong></span> <span class='ocrx_word' id='word_1_748' title='bbox 2677 4933 2812 4973; x_wconf 90' lang='lat' dir='ltr'><strong>sum</strong></span> <span class='ocrx_word' id='word_1_749' title='bbox 2829 4918 3102 4988; x_wconf 83' lang='lat' dir='ltr'><strong>Magister</strong></span> <span class='ocrx_word' id='word_1_750' title='bbox 3116 4924 3310 4975; x_wconf 87' lang='lat' dir='ltr'><strong>vester</strong></span> <span class='ocrx_word' id='word_1_751' title='bbox 3331 4935 3344 4973; x_wconf 91' lang='lat'><strong>:</strong></span> <span class='ocrx_word' id='word_1_752' title='bbox 3361 4917 3544 4989; x_wconf 89' lang='lat' dir='ltr'><strong>idque</strong></span> 
     </span>
    </p>
   </div>
   <div class='ocr_carea' id='block_1_107' title="bbox 1885 5006 3542 5080">
    <p class='ocr_par' dir='ltr' id='par_1_107' title="bbox 1885 5006 3542 5080">
     <span class='ocr_line' id='line_1_108' title="bbox 1885 5006 3542 5080; baseline -0.002 -12"><span class='ocrx_word' id='word_1_753' title='bbox 1885 5025 2176 5080; x_wconf 88' lang='lat' dir='ltr'><strong>magnum</strong></span> <span class='ocrx_word' id='word_1_754' title='bbox 2204 5013 2308 5074; x_wconf 92' lang='lat' dir='ltr'><strong>est,</strong></span> <span class='ocrx_word' id='word_1_755' title='bbox 2337 5013 2401 5065; x_wconf 91' lang='lat' dir='ltr'><strong>ut</strong></span> <span class='ocrx_word' id='word_1_756' title='bbox 2427 5008 2605 5064; x_wconf 89' lang='lat' dir='ltr'><strong>etiam</strong></span> <span class='ocrx_word' id='word_1_757' title='bbox 2629 5007 2690 5064; x_wconf 89' lang='lat' dir='ltr'><strong>in</strong></span> <span class='ocrx_word' id='word_1_758' title='bbox 2719 5006 2936 5064; x_wconf 85' lang='lat' dir='ltr'><strong>talibus</strong></span> <span class='ocrx_word' id='word_1_759' title='bbox 2962 5007 3111 5064; x_wconf 91' lang='lat' dir='ltr'><strong>mihi</strong></span> <span class='ocrx_word' id='word_1_760' title='bbox 3137 5006 3361 5064; x_wconf 89' lang='lat' dir='ltr'><strong>similes</strong></span> <span class='ocrx_word' id='word_1_761' title='bbox 3390 5006 3542 5064; x_wconf 89' lang='lat' dir='ltr'><strong>sitis.</strong></span> 
     </span>
    </p>
   </div>
   <div class='ocr_carea' id='block_1_108' title="bbox 1955 5083 3540 5156">
    <p class='ocr_par' dir='ltr' id='par_1_108' title="bbox 1955 5083 3540 5156">
     <span class='ocr_line' id='line_1_109' title="bbox 1955 5083 3540 5156; baseline -0.001 0"><span class='ocrx_word' id='word_1_762' title='bbox 1955 5103 2113 5156; x_wconf 85' lang='lat' dir='ltr'><strong>Vers.</strong></span> <span class='ocrx_word' id='word_1_763' title='bbox 2148 5101 2235 5155; x_wconf 81' lang='lat'><strong>25.</strong></span> <span class='ocrx_word' id='word_1_764' title='bbox 2269 5099 2349 5155; x_wconf 83' lang='lat' dir='ltr'><strong>Et</strong></span> <span class='ocrx_word' id='word_1_765' title='bbox 2377 5113 2581 5156; x_wconf 82' lang='lat' dir='ltr'><strong>servus</strong></span> <span class='ocrx_word' id='word_1_766' title='bbox 2621 5128 2690 5139; x_wconf 90' lang='lat'><strong>—</strong></span> <span class='ocrx_word' id='word_1_767' title='bbox 2729 5112 2890 5154; x_wconf 82' lang='lat' dir='ltr'><strong>suus.</strong></span> <span class='ocrx_word' id='word_1_768' title='bbox 2923 5083 3180 5154; x_wconf 80' lang='lat' dir='ltr'><strong>Rursum</strong></span> <span class='ocrx_word' id='word_1_769' title='bbox 3211 5098 3389 5154; x_wconf 88' lang='lat' dir='ltr'><strong>etiam</strong></span> <span class='ocrx_word' id='word_1_770' title='bbox 3419 5096 3540 5154; x_wconf 89' lang='lat' dir='ltr'><strong>huc</strong></span> 
     </span>
    </p>
   </div>
   <div class='ocr_carea' id='block_1_109' title="bbox 1882 5185 3325 5261">
    <p class='ocr_par' dir='ltr' id='par_1_109' title="bbox 1882 5185 3325 5261">
     <span class='ocr_line' id='line_1_110' title="bbox 1882 5185 3325 5261; baseline -0.002 -13"><span class='ocrx_word' id='word_1_771' title='bbox 1882 5188 2244 5248; x_wconf 89' lang='lat' dir='ltr'><strong>trahendum</strong></span> <span class='ocrx_word' id='word_1_772' title='bbox 2269 5192 2376 5254; x_wconf 89' lang='lat' dir='ltr'><strong>est,</strong></span> <span class='ocrx_word' id='word_1_773' title='bbox 2404 5187 2570 5261; x_wconf 91' lang='lat' dir='ltr'><strong>quod</strong></span> <span class='ocrx_word' id='word_1_774' title='bbox 2598 5186 2745 5244; x_wconf 89' lang='lat' dir='ltr'><strong>dixit</strong></span> <span class='ocrx_word' id='word_1_775' title='bbox 2778 5205 2790 5246; x_wconf 92' lang='lat'><strong>:</strong></span> <span class='ocrx_word' id='word_1_776' title='bbox 2824 5185 3066 5256; x_wconf 79' lang='lat' dir='ltr'><strong>Sufﬁcit</strong></span> <span class='ocrx_word' id='word_1_777' title='bbox 3099 5192 3164 5243; x_wconf 84' lang='lat' dir='ltr'><strong>ut</strong></span> <span class='ocrx_word' id='word_1_778' title='bbox 3193 5188 3325 5256; x_wconf 78' lang='lat' dir='ltr'><strong>ﬁat.</strong></span> 
     </span>
    </p>
   </div>
   <div class='ocr_carea' id='block_1_110' title="bbox 1955 5275 3541 5349">
    <p class='ocr_par' dir='ltr' id='par_1_110' title="bbox 1955 5275 3541 5349">
     <span class='ocr_line' id='line_1_111' title="bbox 1955 5275 3541 5349; baseline -0.002 -14"><span class='ocrx_word' id='word_1_779' title='bbox 1955 5283 2116 5337; x_wconf 87' lang='lat' dir='ltr'><strong>Vers.</strong></span> <span class='ocrx_word' id='word_1_780' title='bbox 2146 5283 2236 5335; x_wconf 82' lang='lat'><strong>25.</strong></span> <span class='ocrx_word' id='word_1_781' title='bbox 2268 5279 2339 5337; x_wconf 80' lang='lat' dir='ltr'><strong>Si</strong></span> <span class='ocrx_word' id='word_1_782' title='bbox 2364 5309 2433 5320; x_wconf 86' lang='lat'><strong>——</strong></span> <span class='ocrx_word' id='word_1_783' title='bbox 2460 5276 2807 5336; x_wconf 80' lang='lat' dir='ltr'><strong>domesticos</strong></span> <span class='ocrx_word' id='word_1_784' title='bbox 2837 5277 2965 5349; x_wconf 84' lang='lat' dir='ltr'><strong>ejus</strong></span> <span class='ocrx_word' id='word_1_785' title='bbox 2982 5275 3011 5333; x_wconf 83' lang='lat'><strong>?</strong></span> <span class='ocrx_word' id='word_1_786' title='bbox 3029 5275 3541 5335; x_wconf 85' lang='lat' dir='ltr'><strong>Beelzebulnomi—</strong></span> 
     </span>
    </p>
   </div>
   <div class='ocr_carea' id='block_1_111' title="bbox 1393 5460 2314 5531">
    <p class='ocr_par' dir='ltr' id='par_1_111' title="bbox 1393 5460 2314 5531">
     <span class='ocr_line' id='line_1_112' title="bbox 1393 5460 2314 5531; baseline -0.008 0"><span class='ocrx_word' id='word_1_787' title='bbox 1393 5460 1619 5531; x_wconf 72' lang='lat' dir='ltr'><strong>Variae</strong></span> <span class='ocrx_word' id='word_1_788' title='bbox 1656 5460 1988 5530; x_wconf 90' lang='lat' dir='ltr'><strong>lectiones</strong></span> <span class='ocrx_word' id='word_1_789' title='bbox 2029 5467 2094 5525; x_wconf 89' lang='lat' dir='ltr'><strong>et</strong></span> <span class='ocrx_word' id='word_1_790' title='bbox 2135 5467 2314 5525; x_wconf 65' lang='lat' dir='ltr'><strong>notae</strong></span> 
     </span>
    </p>
   </div>
   <div class='ocr_carea' id='block_1_112' title="bbox 398 5657 1289 5730">
    <p class='ocr_par' dir='ltr' id='par_1_112' title="bbox 398 5657 1289 5730">
     <span class='ocr_line' id='line_1_113' title="bbox 398 5657 1289 5730; baseline -0.002 -15"><span class='ocrx_word' id='word_1_791' title='bbox 398 5662 494 5716; x_wconf 89' lang='lat' dir='ltr'><strong>Bis</strong></span> <span class='ocrx_word' id='word_1_792' title='bbox 525 5674 666 5730; x_wconf 88' lang='lat' dir='ltr'><strong>ergo</strong></span> <span class='ocrx_word' id='word_1_793' title='bbox 697 5662 810 5719; x_wconf 79' lang='grc' dir='ltr'>ἶσος</span> <span class='ocrx_word' id='word_1_794' title='bbox 839 5674 974 5715; x_wconf 90' lang='lat' dir='ltr'><strong>cum</strong></span> <span class='ocrx_word' id='word_1_795' title='bbox 1014 5657 1289 5730; x_wconf 89' lang='lat' dir='ltr'><strong>genitivo.</strong></span> 
     </span>
    </p>
   </div>
   <div class='ocr_carea' id='block_1_113' title="bbox 239 5663 931 5808">
    <p class='ocr_par' dir='ltr' id='par_1_113' title="bbox 239 5663 931 5808">
     <span class='ocr_line' id='line_1_114' title="bbox 243 5663 931 5730; baseline -0.001 -15"><span class='ocrx_word' id='word_1_796' title='bbox 243 5663 330 5730; x_wconf 55' lang='lat' dir='ltr'><strong>(2&#39;s</strong></span> <span class='ocrx_word' id='word_1_797' title='bbox 398 5663 494 5716; x_wconf 89' lang='lat' dir='ltr'><strong>Bis</strong></span> <span class='ocrx_word' id='word_1_798' title='bbox 525 5674 666 5730; x_wconf 88' lang='lat' dir='ltr'><strong>ergo</strong></span> <span class='ocrx_word' id='word_1_799' title='bbox 697 5663 810 5719; x_wconf 82' lang='grc' dir='ltr'>ἶσος</span> <span class='ocrx_word' id='word_1_800' title='bbox 839 5674 931 5714; x_wconf 75' lang='lat' dir='ltr'><strong>cui</strong></span> 
     </span>
     <span class='ocr_line' id='line_1_115' title="bbox 239 5663 931 5808; baseline -0.007 -21"><span class='ocrx_word' id='word_1_801' title='bbox 239 5663 353 5808; x_wconf 55' lang='lat'><strong>(25;</strong></span> <span class='ocrx_word' id='word_1_802' title='bbox 395 5731 589 5789; x_wconf 83' lang='lat' dir='ltr'><strong>Malim</strong></span> <span class='ocrx_word' id='word_1_803' title='bbox 625 5731 931 5804; x_wconf 72' lang='grc' dir='ltr'>ἁφίξωνται.</span> 
     </span>
    </p>
   </div>
   <div class='ocr_carea' id='block_1_114' title="bbox 1955 5653 2557 5728">
    <p class='ocr_par' dir='ltr' id='par_1_114' title="bbox 1955 5653 2557 5728">
     <span class='ocr_line' id='line_1_116' title="bbox 1955 5653 2557 5728; baseline -0.008 -17"><span class='ocrx_word' id='word_1_804' title='bbox 1955 5655 2065 5728; x_wconf 78' lang='grc'>(26)</span> <span class='ocrx_word' id='word_1_805' title='bbox 2094 5658 2134 5710; x_wconf 89' lang='grc' dir='ltr'><strong>Ι.</strong></span> <span class='ocrx_word' id='word_1_806' title='bbox 2170 5670 2237 5728; x_wconf 37' lang='grc' dir='ltr'>8η</span> <span class='ocrx_word' id='word_1_807' title='bbox 2256 5653 2557 5728; x_wconf 78' lang='grc' dir='ltr'>ἐλάττωσις.</span> 
     </span>
    </p>
   </div>
   <div class='ocr_carea' id='block_1_115' title="bbox 1953 5727 2615 5799">
    <p class='ocr_par' dir='ltr' id='par_1_115' title="bbox 1953 5727 2615 5799">
     <span class='ocr_line' id='line_1_117' title="bbox 1953 5727 2615 5799; baseline -0.003 -15"><span class='ocrx_word' id='word_1_808' title='bbox 1953 5730 2067 5799; x_wconf 79' lang='grc'><strong>(27)</strong></span> <span class='ocrx_word' id='word_1_809' title='bbox 2107 5727 2516 5786; x_wconf 82' lang='grc' dir='ltr'>ύποϐεϐλήκασι.</span> <span class='ocrx_word' id='word_1_810' title='bbox 2556 5728 2615 5782; x_wconf 89' lang='grc' dir='ltr'><strong>Β.</strong></span> 
     </span>
    </p>
   </div>
  </div>
