4170 6444
637 330 743 386 335

1957 326 2308 384 EUTHYMII
2349 328 2678 387 ZlGABENI

3889 345 4012 408 336

634 452 843 526 inquit,
899 453 1172 510 dormivit
1229 458 1294 507 ut
1340 453 1448 518 leo,
1507 451 1639 522 quis
1664 451 1963 508 suscitabit
2012 467 2144 509 eum
2187 454 2232 489 ¹³

2394 473 2555 519 καιος,
2588 461 2722 509 κατά
2750 462 2807 510 τό
2861 460 3335 535 εύπαρρησίαστον.
3395 472 3601 531 Δίκαιος
3643 474 3767 544 γὰρ,
3811 481 4003 544 φησὶν,

626 544 830 599 Justus
877 543 1056 599 etiam
1100 541 1194 598 leo
1246 545 1511 606 vocatur,
1569 545 1802 612 propter
1858 539 2280 598 fortitudinem.

625 631 848 697 Justus,
881 630 976 696 ait,
1011 633 1183 702 quasi
1209 630 1292 687 leo
1309 629 1549 698 conﬁdit
1574 631 1647 686 ¹⁹.
1673 629 1959 686 Praeterea
1988 635 2043 686 et
2076 630 2282 688 diabo-

623 718 718 775 lus
746 720 839 776 leo
886 719 1122 786 dicitur,
1156 735 1226 776 eo
1255 719 1420 792 quod
1450 717 1700 774 immitis
1733 719 1805 773 sit
1829 734 1899 774 ac
1926 720 2282 789 sanguinem

621 812 808 866 voret.
857 808 930 866 Ut
971 809 1072 876 leo,
1106 808 1316 880 inquit,
1361 807 1684 864 obambulat
1713 823 1968 880 quaerens
1998 824 2163 879 quem
2187 811 2282 866 de—

618 901 772 955 voret
801 899 926 953 ²⁰.³⁰
939 943 951 955 .

691 989 856 1044 Vers.
895 986 1295 1043 l7.Attendite
1339 1017 1408 1026 -—
1450 1002 1569 1042 vos.
1621 986 1883 1042 Prmdicit
1923 987 2008 1043 eis
2048 987 2277 1043 futuras

616 1076 989 1143 tentationes,
1021 1090 1319 1134 exacuens
1344 1075 1421 1133 ad
1450 1075 1807 1134 certamina.
1845 1075 2156 1142 Attendite,
2190 1077 2276 1133 in-

615 1166 763 1238 quit,
793 1166 871 1222 ab
902 1165 1270 1231 hominibus,
1296 1164 1412 1222 hoc
1461 1169 1570 1236 est,
1622 1165 1937 1222 observate
1979 1165 2270 1233 homines,

613 1254 736 1311 sive
763 1253 1027 1326 pericula
1047 1254 1124 1311 ab
1155 1253 1268 1310 illis
1297 1257 1655 1326 exspectate.

684 1345 840 1399 Vers.
871 1342 959 1398 18.
1002 1344 1077 1399 Et
1120 1375 1174 1385 —
1209 1357 1324 1402 me.
1386 1343 1706 1414 Postquam
1753 1342 1902 1400 dixit
1925 1359 2062 1416 quas
2111 1359 2148 1401 a
2175 1346 2270 1400 Ju-

609 1431 758 1489 dmis
776 1432 1007 1504 passuri
1034 1436 1224 1498 erant,
1253 1447 1416 1490 nunc
1459 1433 1639 1490 etiam
1669 1431 1805 1489 dicit
1842 1449 1978 1506 quae
2026 1433 2104 1490 ab
2142 1433 2269 1490 aliis

610 1521 910 1592 gentibus.

679 1701 847 1760 Vers.
910 1702 994 1757 18.
1059 1703 1131 1758 In
1189 1733 1257 1742 —
1307 1701 1598 1773 gentibus.
1650 1701 1738 1757 Ad
1779 1702 2265 1772 redargutionem

2395 546 2461 605 ὡς
2502 545 2623 597 λέων
2659 550 2887 601 πέποιθε·
2960 550 3081 602 λέων
3121 549 3180 605 δὲ
3232 558 3320 606 καὶ
3375 557 3401 608 ὁ
3443 553 3705 624 διάϐολος,
3747 566 3885 614 κατὰ
3944 569 4006 617 τὸ

2395 631 2644 707 ἀνήμερον
2697 641 2784 688 καὶ
2838 638 3133 714 αὶμοϐόρον-
3167 642 3270 705 Ὠς
3323 644 3443 697 λέων
3489 651 3614 721 γάρ,
3674 655 3830 720 φησὶ,
3901 673 4006 706 πε-

2390 732 2618 794 ριπατεῖ,
2645 725 2814 786 ζητῶν
2845 734 2959 780 τίνα
2994 736 3248 804 καταπίῃ.

2463 979 2756 1046 Προσέχετε
2819 1009 2884 1016 -
2967 981 3120 1052 ὑμᾶς.
3184 989 3544 1056 Προαναφωνεῖ
3607 991 3808 1052 τούτοις
3870 998 4000 1055 τοὺς

2384 1062 2661 1133 μέλλοντας
2711 1073 3047 1141 πειρασμούς,
3099 1075 3413 1144 παραθήγων
3471 1075 3538 1136 εἰς
3590 1081 3709 1140 τούς
3762 1079 3992 1151 ἀγῶνας.

2386 1157 2681 1224 Προσέχετε
2721 1151 2779 1206 δε
2837 1155 2937 1208 ἀπὸ
2976 1166 3076 1208 τῶν
3134 1158 3434 1234 ἀνθρώπων,
3486 1163 3598 1217 ἀντὶ
3648 1175 3759 1236 τοῦ,
3792 1171 3994 1224 Φυλάτ-

2382 1243 2531 1293 τεσθε
2561 1246 2681 1303 τούς
2725 1242 3050 1319 ἀνθρώπους,
3103 1252 3289 1319 εἶτουν,
3339 1250 3673 1324 Προσδοκᾶτε
3720 1253 3869 1311 δεινά
3903 1259 3992 1314 ἀπ’

2381 1349 2568 1384 αυτων.

2454 1425 2552 1472 Καὶ
2605 1451 2672 1461 —
2722 1422 2868 1494 ἐμοῦ.
2920 1425 3108 1492 Εἰπὼν,
3177 1427 3211 1479 ἃ
3252 1430 3644 1489 ὑποστήσανται
3690 1439 3834 1508 πειρὰ
3883 1448 3990 1491 τῶν

2377 1506 2668 1578 Ἰουδαίων,
2719 1511 2895 1566 λοιπόν
2924 1514 3058 1586 λέγει
3103 1522 3192 1569 καὶ
3225 1515 3259 1569 ἃ
3287 1522 3429 1595 παρά
3458 1529 3557 1573 τῶν
3604 1506 3772 1576 (illam
3797 1525 3986 1583 ἐθνῶν.

2451 1689 2538 1751 Εἰς
2592 1721 2660 1730 -
2697 1693 2910 1747 ἔθνεσιν.
2972 1695 3060 1755 Εἰς
3110 1695 3326 1767 ἔλεγχον
3382 1703 3471 1750 καὶ
3532 1710 3630 1751 τῶν
3683 1700 3980 1774 Ἰουδαίων,

601 1790 946 1848 Judzeorum
977 1795 1033 1848 et
1062 1792 1351 1864 gentium,
1385 1807 1458 1848 ne
1485 1791 1878 1864 postmodum
1909 1791 2103 1848 dicere
2130 1809 2252 1865 pos

2375 1783 2465 1829 καὶ
2527 1788 2624 1830 τῶν
2682 1779 2853 1847 ἐθνῶν,
2927 1784 3008 1834 ἶνα
3071 1789 3142 1856 μὴ
3220 1782 3476 1838 δύνωνται
3526 1789 3685 1860 λέγειν
3739 1793 3977 1866 ὕστερον,

603 1882 737 1947 sint,
765 1879 931 1952 quod
945 1880 1426 1952 praedicationem
1441 1896 1564 1936 non
1584 1881 1884 1937 audierint
1913 1899 1926 1935 :
1951 1881 2009 1936 in
2030 1886 2263 1938 tantum

601 1969 762 2024 enim
791 1969 1054 2036 audient,
1113 1973 1175 2026 ut
1230 1971 1409 2026 etiam
1461 1971 1883 2043 praedicatores
1934 1971 2262 2028 innumeris

602 2057 777 2114 malis
807 2057 1089 2114 afﬁciant.

673 2148 829 2203 Vers.
862 2147 946 2202 19.
976 2147 1124 2204 Cum
1165 2153 1360 2204 autem
1386 2179 1455 2190 —
1494 2149 1831 2220 loquamini.
1887 2152 1965 2206 Ne
2017 2149 2256 2206 dicant:

597 2239 664 2293 Et
701 2251 818 2308 quo
852 2241 1021 2308 pacto
1039 2236 1246 2293 idiotas
1278 2254 1346 2293 ac
1377 2237 1676 2303 illitterati,
1711 2239 2075 2310 persuadere
2097 2243 2259 2310 pote-

596 2327 784 2383 rimus
810 2325 1147 2383 rhetoribus
1167 2343 1237 2382 ac
1255 2327 1627 2398 philosophis
1648 2329 1676 2382 ‘l
1707 2329 1972 2400 primum
1989 2327 2145 2384 hanc
2162 2345 2257 2383 eo-

594 2431 732 2474 rum
771 2415 942 2472 solvit
970 2416 1406 2472 dubitationem
1440 2416 1646 2473 dicens
1679 2435 1691 2472 :
1721 2419 1813 2474 Ne
1835 2419 2080 2474 solliciti
2131 2419 2257 2474 sitis

594 2506 880 2577 quomodo
913 2511 1018 2562 aut
1049 2505 1188 2577 quid
1211 2506 1555 2577 loquamini.

664 2597 823 2652 Vers.
865 2595 953 2650 19.
985 2595 1242 2651 Dabitur
1268 2626 1338 2638 —
1392 2595 1740 2668 loquamini.
1783 2596 2063 2652 Dabitur:
2095 2613 2130 2652 a
2162 2613 2257 2653 me

597 2684 886 2740 videlicet.
931 2684 1063 2739 Haec
1094 2689 1292 2740 autem
1320 2684 1532 2742 iterum
1555 2685 1701 2742 dixit
1730 2685 1814 2740 eis
1845 2686 2100 2741 instante
2129 2701 2258 2741 cru-

597 2772 681 2828 cis
712 2772 1012 2844 passione,
1054 2772 1300 2846 quando
1351 2777 1426 2830 de
1471 2774 1680 2830 mundi
1736 2774 2254 2831 consummatione

594 2860 766 2918 illum
797 2862 1330 2931 interrogaverunt.
1380 2865 1468 2919 Ait
1500 2863 1660 2919 enim
1683 2864 1893 2927 Lucas,
1917 2861 2083 2934 quod
2115 2868 2252 2920 tunc

595 2950 775 3008 etiam
790 2949 1186 3022 subjunxerit:
1216 2953 1376 3022 Ergo
1388 2952 1531 3008 dabo
1554 2952 1708 3008 vobis
1728 2968 1788 3007 os
1809 2958 1862 3007 et
1877 2951 2248 3020 sapientiam,

595 3040 694 3098 cui
715 3055 834 3096 non
871 3044 1148 3110 poterunt
1177 3041 1590 3097 contradicere
1610 3048 1713 3098 aut
1746 3043 2017 3098 resistere
2053 3057 2250 3099 omnes

592 3130 692 3202 qui
725 3130 1118 3187 adversantur
1145 3131 1302 3187 vobis
1331 3131 1401 3183 ³³.

665 3219 826 3276 Vers.
859 3223 949 3276 20.
999 3220 1128 3278 Non
1157 3251 1226 3260 —
1277 3220 1600 3290 loquentes.
1637 3221 1755 3276 Hoc
1824 3223 1930 3285 est,
1962 3220 2061 3292 qui
2111 3223 2251 3277 tunc

588 3307 926 3383 loquentur.

658 3399 830 3455 Vers.
879 3398 974 3455 20.
1012 3397 1123 3454 Sed
1148 3428 1214 3438 —
1246 3397 1426 3456 vobis.
1463 3397 1580 3455 Sed
1605 3399 1851 3472 Spiritus
1875 3403 2119 3456 sanctus
2147 3399 2249 3472 qui

583 3487 848 3562 loquitur
879 3488 940 3544 in
971 3487 1160 3544 vobis.

654 3580 812 3636 Vers.
841 3579 930 3632 2t.
961 3577 1480 3646 Prodat—filium.
1511 3577 1594 3633 llli
1625 3593 1748 3634 non
1771 3579 2110 3643 credentes,
2138 3577 2250 3634 hos

586 3666 844 3738 prodent
867 3663 1074 3720 fideles
1089 3707 1102 3721 .

658 3754 824 3810 Vers.
853 3755 917 3808 21
950 3754 1029 3809 Et
1059 3784 1126 3796 —
1157 3769 1276 3811 eos.
1309 3757 1373 3810 Et
1404 3753 1671 3810 similiter
1701 3755 1775 3810 de
1805 3755 1896 3812 his
1927 3756 2248 3814 dicendum

585 3846 698 3900 est.
732 3845 836 3898 Per
865 3842 975 3897 hos
1008 3846 1208 3898 autem
1229 3842 1626 3899 amicissimos
1648 3843 1826 3900 etiam
1855 3844 2008 3901 alios
2031 3861 2249 3918 cogna-

585 3934 677 3989 tos
709 3936 766 3986 et
792 3930 1112 3987 familieres
1142 3930 1435 4001 intelligit.

657 4017 820 4075 Vers.
857 4018 946 4073 22.
1001 4020 1080 4074 Et
1109 4050 1176 4058 —
1206 4035 1411 4076 nomen
1463 4035 1677 4078 meum.
1717 4053 1784 4062 —
1813 4021 1902 4078 Ab
1944 4023 2244 4090 omnibus,

581 4106 643 4164 id
682 4113 790 4172 est.
847 4124 882 4164 a
939 4108 1206 4181 pluribus
1242 4125 1253 4163 :
1283 4125 1428 4166 nam
1463 4110 1630 4166 multi
1677 4112 1837 4183 ipsos
1891 4113 2244 4170 dilexerunt.

581 4199 678 4253 Est
709 4203 909 4255 autem
948 4205 1004 4256 et
1032 4199 1146 4256 hoc
1171 4200 1486 4272 Scriptura.-
1534 4200 1762 4258 idioma
1791 4203 2122 4258 utomnibus
2162 4203 2249 4259 di-

581 4293 674 4344 cat
695 4304 802 4362 pro
825 4290 1114 4361 pluribus.
1144 4289 1292 4346 Cum
1317 4296 1516 4346 autem
1542 4291 1815 4362 superius
1831 4291 2126 4348 addiderit
2154 4296 2200 4328 ³³
2231 4310 2243 4347 ;

577 4375 838 4448 Propter
864 4397 970 4448 me,
1009 4394 1169 4434 nunc
1220 4379 1450 4435 addens
1481 4380 1657 4436 etiam
1693 4396 1705 4434 :
1757 4383 2014 4450 Propter
2042 4397 2246 4437 nomen

577 4483 780 4535 meum,
815 4483 1104 4538 magnam
1134 4468 1219 4524 eis
1251 4468 1713 4525 consolationem
1735 4485 1803 4525 ac
1821 4471 2008 4526 animi
2040 4470 2247 4526 alacri-

577 4561 756 4612 tatem
783 4556 1004 4628 injecit,
1037 4573 1175 4612 cum
1209 4572 1570 4629 persuasum
1621 4558 1905 4623 habeant,
1937 4559 2103 4630 quod
2134 4559 2244 4615 illis

575 4645 733 4702 adsit
757 4649 815 4700 et
845 4645 1179 4710 auxilietur,
1210 4646 1313 4718 qui
1344 4651 1581 4718 propter
1612 4647 1807 4718 ipsum
1838 4647 2168 4718 patiuntur.

647 4733 806 4788 Vers.
865 4739 952 4790 22.
1004 4735 1115 4802 Qui
1179 4735 1468 4791 -—-salvus
1504 4736 1638 4792 erit.
1690 4735 1819 4791 Tria
1849 4735 2041 4792 innuit
2091 4753 2244 4808 prie-

575 4837 712 4880 sens
742 4823 1020 4880 verbum.
1056 4823 1308 4880 Primum
1335 4823 1500 4896 quod
1518 4839 1641 4881 non
1665 4825 1862 4880 solum
1889 4823 1975 4880 eis
1997 4841 2149 4899 opus
2170 4827 2244 4885 sit

575 4911 766 4985 ipsius
822 4912 1068 4978 auxilio,
1101 4913 1206 4968 sed
1255 4917 1312 4968 et
1342 4913 1584 4985 propria
1615 4913 1952 4970 fortitudine
1985 4931 1998 4972 :
2027 4921 2090 4972 ut
2119 4931 2242 4974 non

572 5002 729 5072 illius
761 5002 976 5069 solum,
1034 5001 1141 5059 sed
1167 5007 1224 5058 et
1270 5002 1533 5074 ipsorum
1585 5001 1748 5060 bona
1787 5003 1906 5061 sint
1934 5021 2142 5077 opera.
2175 5009 2241 5062 Et

567 5091 738 5164 quod
761 5091 1075 5163 defatigari
1098 5107 1218 5148 non
1248 5097 1536 5164 oporteat.
1571 5095 1718 5148 Nam
1739 5109 1872 5166 quae
1905 5095 2123 5152 utilitas
2149 5099 2242 5151 est

565 5179 860 5254 principii,
893 5180 1059 5253 quod
1092 5180 1276 5237 ﬁnem
1308 5195 1431 5237 non
1477 5181 1659 5239 habet
1686 5183 1714 5238 ‘t
1740 5183 2030 5241 Prmterea
2076 5185 2237 5257 quod

565 5269 645 5327 ad
673 5269 857 5326 ﬁnem
885 5286 1075 5344 usque
1105 5270 1241 5326 vitas
1281 5269 1562 5328 adeunda
1592 5271 1708 5328 sint
1737 5272 2017 5344 pericula.

635 5359 894 5430 Dignum
927 5364 1011 5417 est
1031 5363 1254 5427 autem,
1283 5363 1344 5416 ut
1359 5360 1469 5416 hos
1495 5361 1866 5418 admiremur
1887 5377 1900 5416 :
1921 5362 2233 5434 quomodo

564 5448 644 5507 ad
691 5453 856 5505 tanta
927 5465 997 5507 ac
1065 5449 1202 5509 talia
1283 5449 1484 5508 emissi
1557 5451 1843 5524 pericula,
1907 5451 2230 5521 audientes,

637 5629 684 5669 ¹⁸
718 5630 857 5690 Gen.
911 5648 1065 5701 χιιι,
1098 5633 1159 5693 9.
1304 5633 1350 5670 ¹⁹
1381 5631 1550 5691 Prov.
1577 5647 1781 5702 xxvui,
1818 5632 1877 5692 1.

1997 5635 2134 5694 ²⁰.³⁰
2163 5633 2185 5689 l
2225 5633 2376 5692 Petr.
2400 5647 2454 5707 ν,
2486 5632 2542 5689 8.

2375 1868 2455 1919 ὃτι
2503 1868 2596 1919 ούκ
2658 1872 2886 1926 ἤκουσαν
2950 1880 3040 1924 τοῦ
3116 1877 3476 1946 κηρύγματος,
3569 1885 3827 1934 Τοσοῦτον
3871 1885 3970 1954 γὰρ

2375 1954 2712 2021 ἀκούσουσιν,
2752 1960 2885 2011 ὥστε
2937 1965 3025 2012 καὶ
3079 1966 3195 2024 τοὺς
3254 1968 3486 2038 κήρυκας
3546 1973 3756 2041 μυρίοις
3793 1979 3974 2035 κακοῖς

2373 2044 2644 2098 ὑποϐαλεῖν
2658 2089 2670 2102 .

2439 2134 2599 2187 Ὀταν
2641 2133 2699 2188 δὲ
2742 2168 2808 2176 —
2866 2137 3134 2196 λαλήσετε.
3181 2146 3293 2194 Ἵνα
3338 2147 3409 2214 μὴ
3464 2143 3705 2217 λέγωσιν,
3742 2149 3820 2199 ὅτι
3868 2153 3970 2201 Καὶ

2368 2233 2498 2288 πῶς,
2560 2223 2769 2278 ἰδιῶται
2839 2233 2928 2280 καὶ
2987 2229 3344 2302 ἀγράμματοι,
3395 2240 3571 2285 πεῖσαι
3634 2232 3974 2309 δυνησόμεθα

2366 2315 2593 2389 ῥήτορας
2650 2319 2738 2366 καί
2793 2315 3159 2390 φιλοσόφουςς
3209 2323 3578 2393 προθεραπεύει
3632 2331 3720 2376 καὶ
3772 2330 3969 2384 ταύτην

2367 2403 2536 2455 αὐτῶν
2593 2410 2685 2462 τὴν
2764 2405 2981 2479 ἀπορίαν
3024 2407 3202 2479 λέγων·

2369 2492 2397 2549 ἡ
2434 2498 2483 2544 τί
2512 2492 2635 2550 λαλη
2649 2513 2780 2548 σετε.

2439 2584 2726 2640 Δοθήσεται
2777 2614 2845 2622 -
2906 2583 3172 2643 λαλήσετε.

3280 2414 3365 2468 Μὴ
3429 2418 3645 2484 μεριμνη
3659 2431 3796 2477 σητε,
3854 2423 3964 2476 πῶς

3256 2589 3555 2654 Δοοήσεται,
3631 2590 3752 2664 παρ’
3837 2590 3966 2662 ἐμοῦ

2368 2666 2600 2730 δηλαδή.
2643 2673 2819 2726 Ταῦτα
2850 2670 2908 2725 δι
2957 2670 3090 2726 εἶπεν
3121 2675 3298 2738 αὐτοῖς
3336 2683 3425 2730 καὶ
3475 2674 3639 2744 αὖθις,
3672 2678 3969 2750 ἐγγίζοντος

2365 2768 2455 2812 τοῦ
2506 2757 2599 2812 διά
2663 2769 2890 2836 σταυροῦ
2930 2765 3143 2828 πάθους,
3205 2767 3286 2817 ὅτε
3316 2772 3433 2840 περὶ
3492 2776 3587 2828 τῆς
3639 2776 3731 2820 τοῦ
3761 2775 3969 2841 κόσμου

2365 2849 2652 2912 συντελείας
2713 2852 2987 2923 ἠρώτησαν
3057 2853 3231 2908 αύτόν.
3308 2860 3445 2913 Φησὶ
3493 2859 3593 2930 γὰρ
3651 2859 3676 2909 ό
3733 2864 3966 2926 Λουκᾶς,

2362 2943 2451 2990 καὶ
2507 2947 2792 2997 τηνικαῦτα
2863 2941 3018 2993 εἰπεῖν
3076 2942 3249 3013 αὐτόν,
3314 2946 3392 2996 ὅτι
3451 2946 3580 3015 Ἐγὼ
3631 2943 3790 2998 δώσω
3844 2949 3970 3019 ύμῖν

2363 3032 2534 3099 στόμα
2632 3034 2720 3080 καὶ
2801 3035 2986 3101 σοφίαν
3065 3031 3095 3102 ᾖ
3164 3032 3222 3083 ού
3290 3029 3609 3090 δυνήσονται
3680 3034 3967 3106 ἀντειπεῖν,

2361 3113 2482 3169 οὐδὲ
2507 3117 2809 3177 ἀντιστῆναι
2842 3121 3024 3181 πάντες
3050 3123 3098 3172 οἱ
3125 3122 3462 3192 ἀντικείμενοι
3495 3123 3634 3194 ύμῖν.

2434 3206 2507 3258 0:5
2540 3237 2604 3246 ——
2632 3205 2920 3270 λαλοῦντες.
2963 3211 3029 3261 Οἱ
3057 3208 3322 3270 λαλοῦντες
3360 3215 3491 3264 τότε.

2431 3384 2586 3437 Ἀλλὰ
2646 3417 2710 3426 -
2765 3386 2904 3458 ύμῖν.
2961 3387 3117 3443 Ἀλλά
3170 3392 3226 3441 τό
3295 3395 3500 3461 Πνεῦμα
3542 3394 3600 3443 τὸ
3663 3392 3833 3464 ἅγιον,
3902 3398 3966 3448 τὸ

2358 3474 2541 3528 λαλοῦν
2573 3474 2619 3526 ἓν
2647 3477 2766 3547 ὑμῖν
2797 3481 2930 3529 τότε.

2431 3560 2744 3637 Παραδώσει
2800 3596 2868 3606 —
2913 3570 3102 3621 τέκνον.
3163 3569 3229 3619 Oi
3282 3573 3355 3640 μὴ
3400 3572 3782 3637 πιστεύσαντες,
3839 3576 3964 3636 τοὺς

2358 3656 2762 3716 πιστεύσαντας.

2433 3748 2626 3796 Καὶ-
2675 3745 2882 3806 αύτούς.
2922 3749 3020 3797 Καὶ
3066 3745 3209 3798 οὗτοι
3257 3747 3466 3818 ὁμοίως.
3526 3751 3617 3800 Διά
3646 3755 3740 3799 τῶν
3777 3745 3955 3817 φιλτά-

2358 3852 2455 3884 των
2518 3829 2576 3886 δὲ
2624 3836 2836 3900 τούτων,
2894 3840 2982 3886 καὶ
3056 3837 3148 3895 τὰς
3198 3834 3348 3897 ἄλλας
3397 3835 3593 3909 ἐνέφηνε
3656 3839 3958 3907 συγγενείας

2357 3928 2445 3975 καὶ
2467 3923 2797 3984 οἰκειότητας.

2431 4018 2529 4065 Καὶ
2577 4044 2645 4054 -
2702 4015 2860 4085 ὄνομα
2907 4033 3028 4085 μου.
3072 4014 3195 4066 ’Υπό
3244 4015 3466 4079 πάντων,
3523 4013 3633 4066 ἀντὶ
3677 4023 3787 4080 τοῦ,
3832 4015 3959 4069 ’Υπὸ

2356 4111 2455 4154 τῶν
2490 4102 2747 4156 πλειόνων.
2804 4102 2991 4154 Πολλοὶ
3037 4106 3137 4176 γὰρ
3188 4103 3378 4165 αύτούς
3431 4106 3736 4174 ἠγάπησαν,
3788 4101 3962 4159 Ίδίω·

2355 4213 2430 4264 μα
2470 4189 2527 4244 δε
2554 4197 2642 4244 καὶ
2696 4200 2846 4244 τοῦτο
2908 4197 3182 4266 γραφικόν,
3232 4194 3424 4254 πάντας
3479 4193 3660 4264 λέγειν,
3715 4198 3960 4257 καὶτοὺς

2355 4280 2609 4344 πλείονας.
2652 4282 2918 4356 Ἀνωτίρω
2976 4278 3035 4334 δὲ
3091 4283 3353 4356 προσθεὶς,
3407 4284 3486 4334 ὅτι
3549 4281 3744 4336 Ἕνεκεν
3804 4282 3955 4355 ἐμοῦ,

2355 4376 2440 4423 καὶ
2469 4379 2555 4422 νῦν
2623 4367 2680 4424 δε
2722 4372 2896 4437 πάλιν,
2945 4372 3027 4423 ὅτι
3089 4374 3184 4424 Διά
3237 4376 3296 4423 τό
3354 4374 3512 4443 ὄνομα
3580 4388 3699 4442 μου·
3763 4372 3957 4432 πολλὴν

2351 4461 2682 4537 παράκλησιν
2747 4465 2836 4513 καὶ
2889 4462 3183 4534 προθυμίαν
3272 4460 3449 4520 αὐτοῖς
3505 4458 3721 4528 ἐνέϐαλε,
3781 4480 3957 4514 πεπει-

2357 4554 2582 4623 σμένοις,
2633 4552 2714 4604 ὅτι
2763 4554 3129 4624 συμπαρίσται
3186 4553 3275 4601 καὶ
3338 4547 3678 4620 ἀντιλήψεται
3727 4558 3826 4602 τῶν
3855 4570 3958 4604 πα-

2356 4644 2592 4712 σχόντων
2625 4636 2659 4692 δ
2666 4639 2697 4691 ι’
2729 4640 2903 4692 αὐτόν.

2422 4730 2570 4783 Ὀ-
2619 4731 2935 4788 σωθήσεται.
2985 4734 3117 4804 Τρία
3172 4730 3230 4781 τὸ
3271 4731 3434 4802 παρόν
3489 4727 3720 4800 ἐμφαίνει
3769 4726 3950 4802 ῥητόν·

2351 4823 2432 4874 ὅτι
2480 4820 2538 4873 ού
2583 4821 2735 4892 μόνον
2766 4823 2926 4893 χρεία
2971 4827 3060 4880 τῆς
3111 4817 3235 4892 παρ’
3287 4817 3447 4870 αὐτοῦ
3503 4814 3768 4890 βοηθείας,
3825 4815 3958 4872 ἀλλά

2351 4916 2440 4964 καὶ
2478 4917 2568 4970 τῆς
2617 4909 2784 4961 αὐτῶν
2827 4913 3123 4984 καρτερίας,
3171 4908 3253 4960 ἱνα
3292 4911 3356 4966 αὴ
3410 4906 3570 4959 αὐτοῦ
3598 4911 3774 4979 μόνον,
3823 4905 3958 4960 ἀλλὰ

2351 5005 2439 5053 καὶ
2495 5000 2660 5052 αὐτῶν
2712 5003 2934 5072 γίνοιντο
2998 5000 3062 5050 τὰ
3127 4999 3538 5070 κατορθώματα·
3591 5001 3681 5049 καὶ
3747 4997 3826 5048 ὅτι
3889 4997 3954 5049 ού

2348 5094 2458 5164 χρὴ
2491 5090 2823 5162 ἀποκάμνειν
2873 5093 2922 5141 τί
2975 5089 3077 5162 γὰρ
3123 5085 3292 5160 ὄφελος
3351 5085 3548 5161 ἀρχῆς,
3594 5085 3685 5138 ούκ
3716 5083 3956 5157 ἐχούσης

2347 5180 2521 5247 τέλος,
2553 5184 2641 5232 καὶ
2699 5181 2778 5232 ὅτι
2820 5183 2983 5252 μέχρι
3011 5177 3189 5239 τέλους
3247 5177 3386 5238 ζωῆς
3440 5175 3610 5229 αὐτῶν
3638 5173 3954 5248 παραταθή-

2351 5289 2496 5322 σεται
2529 5272 2593 5322 τὰ
2622 5266 2787 5322 δεινά.

2419 5361 2706 5432 Θαυμάσαι
2747 5355 2804 5411 δὲ
2841 5360 3050 5418 τούτους
3095 5356 3261 5425 ἄξιον,
3288 5363 3396 5418 πῶς
3446 5354 3514 5416 εἰς
3545 5355 3829 5413 τοσούτους
3857 5353 3949 5403 καὶ

2345 5453 2610 5510 τοιούτους
2663 5445 2937 5508 κινδύνους
2995 5445 3444 5519 ἀποστελλόμενοι,
3499 5446 3589 5495 καὶ
3636 5447 3808 5494 πᾶσαν
3860 5441 3954 5512 μὲν

2655 5630 2853 5688 "Luc.
2882 5630 2970 5698 21,
3003 5633 3092 5686 l5.
3215 5629 3260 5663 ³³
3290 5625 3489 5685 Matth.
3529 5640 3589 5693 κ,
3617 5623 3711 5680 18.
