4170 6462
185 428 295 484 337

1173 429 1532 486 COMMENT.
1575 427 1649 485 IN
1690 426 2130 485 ΜΑΤῙἮᾹΞΠΜ.
2171 459 2242 472 -
2285 428 2443 486 CAP.
2484 431 2550 486 X.

3436 433 3541 490 338

181 558 277 611 τὴν
307 553 615 625 οἰκουμένην
651 553 896 627 πολεμίαν
936 557 1076 627 ἔχειν
1130 553 1420 622 ἀκούοντες,
1482 555 1605 627 παρ’
1667 555 1778 614 ὅλην

1896 555 2060 627 quod
2073 555 2419 612 universum
2433 555 2642 611 orbem
2660 555 2965 613 inimicum
2978 557 3287 623 haberent,
3304 561 3549 632 totaque

179 639 241 695 δὲ
271 643 622 713 πειράζεσθαι
661 649 754 702 τὴν
810 649 966 712 ζωὴν,
1018 645 1112 696 οὐκ
1168 641 1482 710 ἐδειλίασαν,
1516 641 1630 696 οὐδ’
1663 644 1786 705 ίςὴυ

173 751 347 789 τησαν
395 730 704 803 ἀπαλλαγὴν
765 741 863 785 τῶν
907 730 1085 786 δεινῶν
1141 750 1154 797 ;
1199 733 1482 790 ’Υπήκουον
1544 735 1668 806 γὰρ,
1719 737 1786 796 ὡς

175 821 439 881 εὐπειθεῖς
481 830 554 891 τῷ
595 818 926 893 διδασκάλῳ,
982 828 1071 875 καὶ
1122 822 1369 896 ἐθάρρουν
1410 824 1473 882 ὡς
1503 827 1682 875 πιστοὶ
1719 830 1782 894 τῇ

173 906 405 980 δυνάμει
462 917 555 962 τοῦ
627 909 1041 972 ἀποστελλοντος.
1124 913 1495 983 Μεμαθηκότες
1564 907 1622 962 δι
1696 914 1785 962 καὶ

171 1001 246 1051 ὅτι
293 1006 562 1051 τοσοῦτον
623 998 840 1070 ἰσχύσει
888 1003 945 1052 τὸ
993 1005 1240 1072 κήρυγμα
1292 1008 1386 1062 τῆς
1429 1004 1672 1067 πίστεως,
1717 1001 1786 1060 ὡς

174 1085 434 1140 διαλύσαι
492 1091 584 1139 καί
619 1092 712 1146 τὴν
772 1085 1127 1160 ἀδαμαντίνην
1169 1093 1397 1161 στοργήν
1423 1097 1512 1149 τῆς
1560 1091 1782 1160 φύσεως,

174 1183 250 1229 καὶ
338 1179 446 1238 τὰς
535 1181 752 1248 σχέσεις
830 1176 1075 1240 ἀλλήλαις
1140 1177 1514 1250 ἐκπολεμωσαι,
1596 1177 1785 1250 μᾶλλον

185 1267 632 1339 ξειηρεθίσθησαν,
677 1271 766 1318 καὶ
823 1269 1156 1341 νευρωθίντες
1205 1267 1383 1319 λοιπὸν
1457 1273 1570 1328 ταῖς
1625 1265 1782 1338 ἀναμ-

201 1355 406 1425 ςοιὶολοις
460 1354 641 1406 ἐλπίσι
697 1363 785 1406 τοῦ
834 1358 1139 1428 κατορθοῦν,
1169 1352 1519 1420 ἁπεδύσαντο,
1577 1353 1786 1409 δώδεκα

184 1451 332 1514 μόνοι,
402 1447 540 1517 πρὸς
585 1444 792 1496 ἅπασαν
852 1449 945 1502 τὴν
1005 1445 1328 1516 οἰκουμένην,
1382 1442 1519 1517 ᾗτινι
1571 1465 1782 1517 συμπα-

177 1536 450 1603 ρετάττετο
486 1533 600 1585 κατ’
637 1533 803 1584 αὐτῶν
839 1538 928 1585 καὶ
958 1536 982 1585 ὁ
1015 1531 1256 1595 διάϐολος
1309 1537 1436 1605 μετὰ
1491 1542 1590 1586 τῶν
1639 1533 1782 1587 ἀπεί-

175 1643 261 1694 ρων
323 1622 503 1674 αὐτοῦ
564 1618 846 1693 δαιμόνων,
911 1627 1000 1674 καὶ
1054 1626 1400 1687 νενικήκασιν,
1452 1623 1545 1674 οὐκ
1587 1621 1782 1675 ἀνελόν-

177 1731 243 1771 τες
333 1715 470 1772 τοὺς
545 1709 822 1775 ἕναντίους,
903 1709 1028 1762 ἀλλὰ
1101 1711 1630 1784 μεταρρυθμίσαντες,
1693 1715 1782 1763 καὶ

177 1797 442 1870 δαιμόνων
483 1799 600 1872 (24)
650 1802 797 1859 ἴσους
825 1797 1082 1861 λαϐόντες,
1144 1798 1372 1872 ἀγγέλων
1425 1803 1576 1862 ἴσους
1604 1799 1782 1858 ἐποίη-

174 1908 279 1942 σαν.

234 1985 385 2030 Οταν
449 1973 512 2028 δὲ
567 2007 636 2016 -
693 1976 868 2034 ἄλλην.
922 1977 1088 2031 Εἰπὼν
1136 1980 1200 2030 τὰ
1255 1981 1382 2050 μετὰ
1437 1981 1529 2034 τὴν
1597 1975 1782 2035 ἀνάλη-

169 2067 255 2136 ’ᾇιν
313 2067 486 2118 αὐτοῦ
545 2065 938 2139 συμϐησόμενα,
995 2066 1146 2119 πάλιν
1178 2070 1344 2138 ἤγαγε
1385 2069 1472 2118 τὸν
1502 2066 1650 2137 λόγον
1700 2065 1783 2118 ἐπὶ

171 2160 232 2209 τὰ
283 2160 432 2232 πρόὑ
480 2162 575 2208 τοῦ
626 2163 880 2228 σταυροῦ.
941 2155 1141 2208 Κελεύει
1190 2153 1249 2208 δὲ
1298 2159 1519 2226 φεύγειν,
1570 2155 1674 2228 οὐχ
1718 2158 1784 2216 ὡς

169 2244 402 2312 δειλοὺς,
454 2243 564 2296 ἀλλ’
609 2247 679 2305 ὡς
725 2241 1089 2317 διωκομένους.
1145 2245 1204 2296 Ὀ
1257 2241 1315 2297 δὲ
1355 2244 1603 2316 Θεολὸγος
1655 2251 1783 2317 Γρη·

168 2339 353 2406 γὸριος
416 2333 707 2407 ἑρμηνεύων
750 2339 902 2386 τοῦτό
953 2353 1130 2406 φησιν,
1171 2336 1251 2386 ὅτι
1302 2331 1477 2406 φειδοῖ
1528 2343 1626 2386 τῶν
1655 2331 1782 2387 διωο

171 2430 366 2477 κοντων
425 2428 517 2475 καὶ
587 2431 687 2474 τῶν
749 2424 1153 2497 ἀσθενεστέρων
1228 2429 1318 2475 καὶ
1392 2419 1515 2476 οάδξ
1579 2427 1783 2498 μακρὰν

174 2517 402 2584 φεύγειν,
464 2511 570 2564 ἀλλ’
622 2511 723 2564 ἀπὸ
769 2515 965 2573 ταύτης
1027 2520 1118 2572 τῆς
1168 2511 1356 2572 πόλεως
1425 2512 1495 2572 εἰς
1566 2516 1777 2579 ἐκείνην,

176 2604 251 2654 ἱνα
288 2598 566 2674 μηδεμίαν
593 2600 1006 2674 παραλείψωσιν,
1075 2601 1141 2661 εἰς
1174 2599 1233 2659 ἣν
1268 2601 1362 2652 οὐκ
1413 2602 1527 2670 (25)
1581 2600 1783 2673 ἀφίξον-

174 2711 234 2742 τα
240 2713 275 2744 ι.

241 2783 414 2853 Ἀμὴν
486 2809 556 2818 -
631 2787 723 2831 τοῦ
805 2777 1096 2854 ἀνθρώπου.
1155 2778 1286 2840 Ἕως
1350 2777 1409 2830 ἃν
1475 2778 1594 2847 ἔλθη
1652 2781 1780 2854 πρὸς

174 2872 326 2942 ὑμᾶς.
382 2875 556 2922 Τοῦτο
595 2865 654 2921 δι
692 2871 817 2943 πρὸς
845 2867 1199 2939 ψυχαγωγίαν
1248 2872 1336 2919 καὶ
1385 2866 1636 2938 ἀνάψυξιν
1683 2869 1783 2920 αὑ-

172 2968 263 3010 τῶν
325 2955 463 3025 εἶπε,
525 2955 770 3029 βεϐαιῶν,
849 2958 928 3009 ὃτι
988 2959 1170 3009 θᾶττον
1224 2961 1430 3016 τούτους
1487 2956 1776 3029 καταλάϐῃ,

178 3053 272 3122 πρὸ
355 3053 457 3098 τοῦ
527 3045 807 3119 περιελθεῖν
876 3045 1060 3105 αὐτοὺς
1103 3047 1277 3106 πάσας
1329 3048 1418 3106 τὰς
1462 3046 1629 3105 πόλεις
1680 3055 1778 3098 τῶν

176 3133 473 3199 Ἰουδαίων,
506 3138 687 3206 ἤγουν,
720 3136 821 3208 πρὸ
869 3142 959 3186 τοῦ
1013 3130 1229 3186 διελθεῖν
1281 3133 1401 3192 ὅλην
1451 3139 1543 3192 τὴν
1590 3133 1780 3186 Παλαι-

177 3230 374 3282 στίνην.
417 3223 606 3297 Ἤρκει
657 3225 781 3296 γὰρ,
815 3228 902 3274 καὶ
937 3227 1087 3294 μόνον
1129 3222 1389 3294 ἐπιφανεὶς
1442 3222 1620 3284 αὐτοῖς
1664 3221 1776 3274 ἀντὶ

176 3319 344 3374 πάσης
370 3311 770 3386 παρακλήσεως,
803 3312 961 3372 οὕτως
989 3310 1358 3383 ἐλαυνομένοις,
1387 3311 1411 3363 ὁ
1447 3307 1514 3370 δὴ
1541 3316 1650 3364 τότε
1688 3315 1773 3362 καὶ

186 3410 479 3466 πεποίηκεν,
511 3403 580 3462 ὡς
624 3401 906 3472 ὑπίσχετο.
938 3404 1081 3454 Ἐπεὶ
1109 3397 1168 3452 δὲ
1213 3405 1302 3452 καὶ
1347 3399 1775 3473 βλασφημεῐσθαι

182 3497 308 3564 παρὰ
337 3499 447 3542 τῶν
482 3486 777 3542 διωκόντων
805 3489 1028 3562 ἔμελλνν,
1057 3489 1148 3540 καί
1175 3485 1267 3541 διὰ
1293 3497 1442 3541 τοῦτο
1468 3486 1770 3556 δάκνεσθαι,

173 3581 562 3653 παραμυθεῖται
593 3583 680 3630 καὶ
709 3586 862 3631 τοῦτο
888 3582 945 3631 τό
985 3582 1159 3651 μέρος,
1192 3577 1292 3630 ἀπὸ
1332 3585 1419 3630 τοῦ
1446 3579 1564 3631 καθ’
1595 3577 1774 3630 ἑαυτὸν

171 3666 302 3722 ὑποδ
309 3674 390 3740 είγ
396 3687 583 3740 ματος,
618 3667 790 3720 εἰπών·

228 3851 351 3905 Οὐκ
400 3879 475 3889 -
522 3851 606 3899 τὸν
655 3850 831 3921 κύριον
889 3846 1067 3900 αὐτοῦ.
1140 3847 1425 3918 Ἀπόφασιν
1489 3849 1579 3919 μεν
1640 3846 1773 3919 λέγει

162 3945 341 3998 κοινὴν
397 3941 495 3989 καὶ
545 3943 678 3989 πᾶσι
731 3940 1007 4010 γνώριμον,
1075 3936 1432 4010 προσαρμόζει
1501 3933 1560 3988 δε
1606 3956 1770 4010 ταυτῃ

161 4033 220 4080 τὰ
277 4026 405 4079 καθ’
472 4025 672 4091 ἑαυτὸν,
721 4026 802 4077 ἶνα
864 4021 1054 4096 μηδεὶς
1110 4023 1388 4096 ἀντιλέγειν
1447 4027 1583 4096 ἔχοι.
1663 4026 1773 4077 Οὐκ

159 4122 299 4170 ἔστιν
360 4120 542 4182 ὅντως,
610 4118 726 4166 οὔτε
805 4115 1042 4185 μαθητὴς
1123 4118 1364 4187 κρείττων
1434 4121 1526 4165 τοῦ
1581 4115 1770 4166 οἰκείου

160 4204 528 4269 διδασκάλου,
558 4207 675 4256 οὔτε
722 4200 908 4264 δοῦλος
949 4207 1188 4276 κρείττων
1240 4211 1332 4254 τοῦ
1370 4208 1552 4277 κυρίου
1588 4205 1768 4268 αὐτοῦ,

157 4299 247 4359 ἕως
301 4297 370 4347 ἄν
400 4296 426 4345 ὁ
482 4297 572 4365 μεν
606 4295 681 4349 εἴη
714 4294 970 4364 μαθητὴς,
999 4293 1024 4343 ὁ
1058 4288 1116 4344 δὲ
1156 4288 1363 4353 δοῦλος.
1393 4298 1602 4364 ’Υφεσις
1648 4293 1769 4364 (26)

156 4391 249 4458 rip
281 4386 406 4437 ἐστι
443 4385 622 4434 καὶτὸ
683 4378 1037 4434 διδάσκεσθαι
1089 4386 1176 4433 καὶ
1237 4384 1294 4432 τὸ
1353 4377 1631 4443 δουλεύειν,
1681 4386 1770 4434 καὶ

156 4476 268 4526 κατ’
332 4473 467 4525 αὐτὸ
517 4479 669 4522 τοῦτο
723 4473 926 4532 πάντως
979 4471 1094 4541 (27)
1147 4469 1520 4529 ὑποϐεϐἡκασι’
1575 4473 1769 4524 Λοιπὸν

158 4561 241 4615 οὖν
274 4559 401 4616 οὐδ’
425 4563 575 4633 ὑμεῖς
607 4559 717 4612 ἐστε
746 4561 872 4632 ὑπερ
905 4559 1009 4632 ἐμὲ,
1033 4562 1120 4612 τὸν
1152 4556 1479 4612 διδάσκαλον
1509 4562 1650 4632 ὑμῶν
1681 4565 1769 4612 καὶ

164 4657 263 4727 Κὺρ
273 4672 376 4706 ιον.

224 4742 478 4816 Ἀρκετόν
502 4769 569 4779 -
591 4739 616 4788 ὁ
635 4733 961 4800 διδάσκαλος
989 4738 1168 4792 αὐτοῦ.
1189 4739 1363 4812 Ἀρκεῖ
1379 4745 1489 4799 τοῖς
1505 4739 1770 4810 μαθηταῖς

165 4833 272 4902 ὑμῖν
304 4830 380 4889 εἰς
429 4829 790 4901 παραμυθίαν,
825 4828 907 4878 ἱνα
938 4829 1154 4898 γένησθε
1186 4826 1667 4898 βλασφημούμενοι,
1700 4829 1768 4888 ὡς

169 4917 254 4988 ἐγὼ
284 4920 311 4971 ὁ
349 4913 683 4977 διδάσκαλος
715 4917 879 4987 ὑμῶν,
909 4920 1000 4967 καὶ
1035 4919 1170 4987 μέγα
1199 4917 1320 4988 ὑμῖν
1357 4919 1436 4983 τὸ,
1474 4919 1562 4967 καὶ
1590 4914 1636 4966 ἐν
1665 4923 1768 4976 τοῖς

169 5010 414 5066 τοιούτοις
457 5004 773 5066 ἐξισωθῆναί
802 5023 913 5076 μοι,

230 5102 328 5149 Καὶ
360 5097 389 5146 ὁ
431 5091 616 5153 δοῦλος
645 5123 713 5133 -
744 5092 925 5147 αὐτοῦ.
965 5091 1263 5145 Ἑλκυστέον
1289 5097 1378 5145 καὶ
1408 5092 1492 5145 ἐπὶ
1523 5096 1579 5144 τὸ
1608 5094 1765 5167 ῥητὸν

171 5192 306 5237 τοῦτο
328 5182 491 5236 πάλιν
521 5185 602 5250 τὸ,
641 5180 875 5256 ἀρκετὸν,
915 5184 1002 5233 ἶνα
1032 5185 1264 5252 γένηται.

228 5275 288 5325 Εἰ
344 5303 417 5313 -
485 5271 778 5334 οἰκιακοὺς
840 5270 1019 5325 αὐτοῦ.
1105 5269 1405 5332 Βεελζεϐοὺλ
1475 5270 1762 5344 ὠνόμαζον,

1893 644 2014 701 vita
2040 659 2149 700 sua
2174 648 2542 700 tentarentur
2574 661 2586 699 :
2614 659 2738 700 non
2765 645 3166 702 detrectarunt
3192 646 3545 718 periculum,

1894 748 2084 804 neque
2115 733 2519 788 liberationem
2547 749 2583 789 a
2610 733 2780 790 malis
2802 741 3222 806 poposcerunt.
3252 735 3550 793 Parebant

1895 822 2054 877 enim
2082 825 2364 890 tanquam
2396 821 2674 891 morigeri
2700 823 2986 893 magistro
3015 838 3028 876 :
3057 827 3114 879 et
3141 823 3546 895 conﬁdebant,

1895 915 2098 983 utpote
2128 910 2353 981 ﬁdeles,
2387 909 2462 966 de
2496 911 2763 982 potentia
2791 911 3133 968 emittentis.
3167 912 3315 968 Cum
3347 919 3548 972 autem

1892 999 2258 1064 didicissent,
2288 998 2454 1072 quod
2485 1003 2710 1055 tantam
2750 999 2997 1057 haberet
3033 999 3174 1056 ﬁdei
3203 1002 3548 1074 praedicatio

1895 1087 2324 1154 fortitudinem,
2385 1091 2445 1144 ut
2501 1087 2961 1144 adamantinum
3018 1104 3262 1162 quoque
3317 1095 3548 1148 natura

1894 1193 2162 1234 amorem
2211 1176 2580 1242 dissolveret,
2631 1177 2812 1233 variis
2863 1177 3174 1236 affectibus
3224 1195 3288 1237 se
3337 1185 3549 1237 mutuo

1893 1266 2284 1334 vincentibus,
2302 1266 2493 1334 magis
2511 1265 2732 1323 incitati
2749 1269 2909 1332 sunt,
2934 1267 3273 1341 additisque
3294 1269 3546 1334 viribus,

1892 1355 2221 1410 indubitata
2252 1369 2357 1425 spe
2397 1353 2679 1426 deinceps
2716 1355 2956 1426 egregia
2989 1371 3175 1428 opera
3204 1357 3546 1424 exhibendi,

1893 1442 2000 1498 soli
2045 1441 2363 1498 duodecim
2409 1443 2676 1512 aggressi
2721 1447 2860 1499 sunt
2900 1444 3108 1501 orbem
3155 1445 3544 1502 universum:

1892 1546 2029 1586 cum
2057 1546 2180 1602 quo
2206 1529 2496 1585 adversus
2523 1531 2653 1586 illos
2686 1545 2748 1586 se
2777 1531 3055 1587 diabolus
3080 1533 3386 1604 opposuit,
3412 1533 3550 1604 jun-

1891 1619 1999 1674 ctis
2029 1634 2230 1674 secum
2262 1619 2589 1674 innumeris
2619 1619 2956 1675 daemoniis.
2998 1619 3076 1675 llli
3107 1636 3250 1676 vero
3278 1621 3547 1677 obtinue-

1893 1711 2028 1763 runt
2056 1706 2380 1773 victoriam,
2417 1723 2537 1764 non
2567 1708 2982 1764 interﬁcientes
3016 1709 3407 1772 adversarios,
3443 1710 3548 1766 sed

1893 1796 2006 1852 sibi
2037 1800 2538 1852 connumerantes
2566 1813 2578 1850 :
2614 1800 2670 1852 et
2692 1812 2847 1868 quos
2873 1797 3254 1854 daemonibus
3285 1797 3550 1870 aequales

1816 1907 1859 1962 Β
1891 1890 2269 1956 acceperunt,
2303 1885 2531 1955 angelis
2565 1886 2787 1942 similes
2817 1886 3224 1944 reddiderunt.

1801 4615 1844 4669 D

1963 1976 2117 2029 Vers.
2160 1978 2248 2030 23.
2292 1973 2430 2029 Cum
2465 1979 2656 2032 autem
2687 2006 2754 2015 —
2784 1975 2990 2032 aliam.
3038 1979 3362 2050 Postquam
3400 1976 3552 2035 dixit

1890 2078 2027 2136 qum
2056 2067 2195 2136 post
2224 2063 2635 2119 ascensionem
2679 2079 2852 2121 suam
2894 2069 3063 2122 erant
3093 2072 3398 2134 eventura,
3432 2081 3549 2124 ser-

1892 2167 2134 2208 monem
2181 2152 2258 2208 ad
2303 2167 2375 2208 ea
2412 2152 2662 2218 reduxit,
2705 2169 2842 2226 quin
2890 2159 3026 2211 ante
3069 2171 3308 2212 crucem
3350 2156 3551 2214 futura

1892 2246 2078 2297 erant.
2111 2240 2281 2297 Jubel
2312 2245 2510 2297 autem
2543 2240 2767 2311 fugere,
2810 2257 2933 2299 non
2965 2247 3253 2316 tanquam
3283 2243 3545 2310 timidos,

1893 2330 1997 2386 sed
2021 2334 2310 2402 tanquam
2335 2346 2437 2386 eos
2461 2330 2567 2402 qui
2587 2330 2980 2403 expelluntur.
3009 2332 3226 2388 Verum
3249 2332 3399 2389 sicut
3419 2335 3552 2390 Gre-

1893 2421 2100 2489 gorius
2121 2419 2452 2489 Theologus
2469 2419 2908 2491 interpretatur,
2935 2420 3108 2491 jubet
3139 2425 3202 2477 ut
3221 2421 3550 2478 miserean-

1893 2513 1986 2564 tur
2016 2507 2499 2580 persequentium
2526 2512 2583 2564 et
2607 2507 3084 2576 imbecilliorum,
3117 2525 3226 2566 nec
3256 2509 3433 2581 longe
3459 2510 3546 2566 {u-

1892 2597 2074 2668 giant,
2107 2597 2211 2653 sed
2233 2597 2310 2654 ab
2331 2597 2445 2653 hac
2467 2597 2697 2654 civitate
2718 2598 2776 2653 in
2797 2597 2984 2669 illam,
3006 2614 3082 2655 ne
3104 2598 3288 2656 ullam
3315 2603 3549 2672 praeter-

1891 2691 2049 2753 eant,
2083 2687 2160 2743 ad
2194 2702 2379 2759 quam
2416 2701 2534 2743 non
2565 2686 2937 2758 perveniant.

1962 2777 2121 2832 Vers.
2143 2777 2229 2832 23.
2251 2776 2439 2832 Amen
2452 2807 2519 2816 —
2538 2775 3244 2850 hominis.—Priusquam
3264 2777 3458 2836 veniat
3477 2778 3551 2836 ad

1891 2881 2013 2923 vos.
2043 2866 2164 2922 Hoc
2195 2869 2395 2922 autem
2427 2865 2503 2921 ad
2545 2865 2823 2922 solatium
2855 2872 2910 2923 et
2940 2867 3310 2940 refrigerium
3341 2883 3550 2925 eorum

1890 2953 2060 3011 dixit.
2091 2954 2478 3019 conﬁrmans,
2501 2955 2668 3019 quod
2693 2955 2864 3012 citius
2889 2970 2991 3013 eos
3015 2960 3170 3013 esset
3191 2957 3304 3013 sibi
3329 2957 3554 3028 adjun-

1891 3047 2114 3107 cturus,
2147 3058 2332 3114 quam
2376 3043 2488 3114 ipsi
2529 3058 2737 3100 omnes
2773 3043 3113 3102 Iudaeorum
3147 3045 3416 3103 civitates
3444 3045 3552 3102 cir-

1889 3131 2196 3201 cumirent,
2223 3132 2346 3186 sive
2363 3136 2687 3203 antequam
2709 3131 2786 3187 ad
2811 3133 3149 3188 universam
3173 3133 3549 3193 Palaestinam

1888 3220 2256 3276 accederent.
2279 3219 2618 3276 Suﬂiciebat
2636 3221 2794 3276 enim
2815 3235 2919 3291 pro
2936 3221 3100 3276 omni
3119 3223 3546 3290 consolatione,

1890 3313 1951 3365 ut
1980 3309 2090 3363 illis
2121 3309 2272 3364 adeo
2303 3308 2611 3378 exagitatis
2644 3314 2958 3380 appareret
2987 3325 2999 3364 :
3028 3310 3196 3382 quod
3227 3325 3372 3366 sane
3405 3315 3547 3367 tunc

1886 3397 2067 3453 etiam
2091 3397 2244 3463 fecit,
2265 3397 2414 3452 sicut
2430 3397 2718 3468 promisit.
2741 3397 2892 3462 Quia
2913 3402 3112 3454 autem
3135 3397 3400 3452 futurum
3422 3402 3549 3454 erat

1887 3490 1950 3542 ut
1978 3487 2056 3541 ab
2080 3484 2173 3542 his
2197 3486 2301 3558 qui
2332 3501 2393 3540 se
2424 3489 2944 3558 persequerentur,
2969 3485 3336 3541 calumniam
3364 3486 3547 3541 susti-

1885 3579 2111 3643 nerent,
2155 3579 2212 3631 et
2244 3574 2376 3630 ideo
2414 3573 2662 3631 moleste
2695 3573 2954 3632 ferrent:
2994 3589 3176 3646 super
3213 3574 3326 3632 hoc
3366 3574 3548 3632 etiam

1885 3665 2352 3722 consolationem
2378 3664 2566 3729 aﬂ‘ert,
2589 3666 2806 3738 partim
2830 3681 2866 3722 a
2886 3665 3130 3739 proprio
3160 3665 3458 3739 exemplo,
3489 3671 3548 3722 et

1885 3755 1963 3811 ab
1992 3754 2086 3810 his
2116 3770 2248 3828 quas
2277 3753 2388 3810 sibi
2419 3753 2532 3827 ipsi
2558 3753 2933 3822 accidebant,
2968 3754 3174 3811 dicens
3210 3771 3224 3810 :

1957 3846 2119 3902 Vers.
2159 3847 2247 3902 2t.
2286 3845 2424 3902 Non
2461 3875 2530 3884 —
2569 3844 2874 3901 dominum
2914 3859 3110 3901 suum.
3143 3843 3541 3902 Communem

1882 3934 2107 4008 profert
2135 3935 2510 4002 sententiam,
2538 3948 2797 4007 quaeque
2835 3935 3114 3990 omnibus
3146 3939 3287 3992 nota
3316 3939 3404 3991 est
3437 3957 3450 3990 :
3483 3937 3544 3992 et

1882 4024 2021 4080 huic
2052 4024 2321 4096 adaptat,
2348 4039 2483 4096 quae
2505 4022 2664 4079 circa
2698 4038 2761 4078 se
2788 4022 3156 4090 accidunt,ut
3190 4023 3388 4080 nullus
3410 4039 3548 4096 pos-

1883 4113 1957 4168 sit
2006 4111 2429 4168 contradicere.
2478 4113 2618 4167 Vere
2660 4110 2821 4167 enim
2864 4111 2947 4169 ita
2990 4117 3092 4176 est,
3142 4112 3307 4185 quod
3347 4127 3545 4185 neque

1881 4200 2214 4272 discipulus
2241 4216 2350 4256 suo
2372 4200 2658 4270 magistro
2678 4200 3054 4272 praestantior
3075 4205 3179 4265 est,
3203 4215 3398 4272 neque
3425 4216 3545 4256 ser-

1881 4305 1992 4344 vus
2017 4303 2127 4344 suo
2152 4288 2399 4343 domino
2430 4304 2441 4343 :
2471 4288 2618 4344 dum
2648 4287 2742 4344 ille
2767 4287 3102 4360 discipulus
3129 4287 3322 4352 fuerit,
3352 4291 3408 4343 et
3431 4288 3542 4343 iste

1883 4393 2108 4434 servus.
2128 4377 2276 4432 Nam
2292 4376 2579 4445 subjectio
2591 4377 2872 4449 quaedam
2887 4381 2975 4433 est
2990 4375 3190 4432 doceri
3207 4391 3276 4432 ac
3294 4375 3540 4441 servire,

1880 4466 2276 4523 etsecundum
2289 4465 2403 4521 hoc
2417 4465 2617 4536 ipsum
2632 4466 2878 4523 omnino
2892 4465 3142 4537 subjecti
3157 4468 3314 4521 sunt.
3332 4465 3540 4536 Itaque

1882 4571 2074 4629 neque
2089 4570 2194 4610 vos
2207 4569 2389 4627 supra
2402 4569 2498 4610 me
2511 4554 2818 4621 estis,cum
2833 4554 2947 4612 sim
2959 4556 3246 4627 magister
3259 4570 3329 4612 ac
3342 4553 3540 4612 Domi-

1879 4660 1995 4701 nus
2045 4647 2254 4700 vester.

1949 4735 2111 4790 Vers.
2144 4737 2232 4790 25.
2267 4731 2496 4805 Sufﬁcit
2527 4762 2594 4774 -—
2622 4730 2907 4803 magister
2938 4747 3101 4788 suus.
3143 4732 3296 4790 Satis
3324 4736 3411 4790 est
3437 4748 3539 4790 vo-

1877 4824 1971 4880 bis
1997 4823 2300 4894 discipulis
2323 4822 2396 4878 ad
2425 4820 2916 4885 consolationem,
2941 4825 3004 4878 ut
3027 4821 3391 4879 contumelia
3412 4822 3541 4878 afﬁ-

1879 4912 2142 4976 ciamini,
2163 4912 2314 4967 sicut
2329 4915 2385 4967 et
2401 4925 2532 4982 ego,
2548 4909 2650 4982 qui
2669 4925 2804 4965 sum
2823 4911 3094 4980 Magister
3109 4917 3303 4968 vester
3323 4929 3336 4966 :
3354 4911 3537 4984 idque

1877 5017 2169 5071 magnum
2196 5004 2300 5066 est,
2330 5004 2394 5056 ut
2419 4999 2598 5056 etiam
2621 4999 2683 5056 in
2711 4998 2928 5056 talibus
2955 4999 3104 5056 mihi
3129 4999 3354 5058 similes
3383 5001 3534 5058 sitis.

1947 5093 2105 5147 Vers.
2141 5091 2227 5146 25.
2261 5090 2341 5146 Et
2369 5105 2573 5147 servus
2613 5121 2682 5131 —
2721 5105 2882 5146 suus.
2916 5075 3172 5146 Rursum
3203 5091 3382 5148 etiam
3411 5090 3533 5148 huc

1875 5179 2235 5238 trahendum
2261 5183 2368 5246 est,
2396 5179 2562 5252 quod
2591 5179 2736 5236 dixit
2770 5198 2782 5238 :
2816 5179 3059 5249 Sufﬁcit
3091 5185 3157 5236 ut
3185 5181 3318 5249 ﬁat.

1947 5273 2108 5328 Vers.
2138 5274 2228 5327 25.
2260 5270 2331 5328 Si
2355 5300 2424 5311 —-
2452 5269 2799 5328 domesticos
2828 5270 2956 5341 ejus
2974 5268 3003 5325 Τ
3021 5268 3534 5329 Beelzebulnomi-

1385 5449 1610 5519 Variae
1647 5449 1980 5519 lectiones
2021 5457 2086 5515 et
2127 5457 2305 5516 notae

251 5649 343 5719 2i)
387 5647 488 5719 Bis
504 5660 658 5719 ergo
687 5648 800 5719 ἶσος
830 5661 965 5702 cum
1005 5645 1280 5716 genitivo.

251 5649 343 5719 2i)
387 5649 484 5702 Bis
515 5660 658 5716 ergo
687 5649 800 5705 ἶσος
830 5661 922 5700 cui

228 5649 338 5792 :25)
383 5717 580 5776 Malim
616 5716 922 5790 ἀφίξωνται.

2085 5649 2125 5701 Ι.
2161 5660 2211 5701 e.
2247 5644 2548 5709 ελάττωσις.

2097 5717 2506 5777 ύποϐεϐλήκασι.
2547 5719 2606 5774 Β.

1943 5645 2058 5790 :22:
