4170 6492
577 419 685 477 339

1895 417 2248 476 EUTHYMII
2291 418 2621 476 ZIGABENI

3835 429 3962 486 340

575 545 808 604 nabant
829 543 1162 617 principem
1187 541 1646 599 daemoniorum.
1674 542 1741 600 Et
1764 542 1896 599 licet
1921 543 2227 602 manifeste

2344 548 2429 597 τὸν
2477 548 2715 620 ἄρχοντα
2742 554 2842 598 τῶν
2867 544 3170 619 δαιμονίων.
3201 549 3260 602 Εἰ
3291 545 3351 602 δι
3397 555 3484 602 καὶ
3517 561 3744 625 φανερῶς
3767 555 3827 607 ού
3857 560 3959 627 γέ-

579 636 860 704 scriptum
892 647 1008 688 non
1043 633 1118 688 sit
1145 635 1426 688 vocatum
1453 647 1580 688 esse
1611 631 1901 688 Christum
1930 633 2234 690 Beelzebul

575 737 612 780 θ.
642 722 886 786 Judaais,
919 720 1236 777 verisimile
1278 726 1476 776 tamen
1519 725 1628 791 est,
1667 726 1721 777 et
1749 721 1864 777 hoc
1895 723 2232 778 convicium

574 811 862 870 adversus
888 810 1056 865 illum
1080 810 1370 879 jactatum
1396 825 1543 865 esse.
1572 809 1675 865 Vel
1701 811 1877 866 etiam
1905 809 2022 866 alio
2048 810 2232 868 modo

570 905 855 956 vocatum
887 914 1014 954 esse
1045 899 1188 954 dicit
1225 898 1547 962 Beelzebul,
1589 899 1732 971 quia
1769 899 2032 955 amicum
2077 899 2232 954 illius

572 988 1047 1053 vocabanteum,
1063 987 1326 1043 dicentes
1347 1004 1358 1040 :
1375 989 1491 1043 Hic
1505 1004 1620 1042 non
1635 989 1791 1057 ejicil
1808 988 2102 1044 daemonia
2117 989 2232 1044 nisi

571 1093 674 1148 per
699 1076 1007 1134 Beelzebul
1031 1077 1362 1146 principem
1386 1075 1809 1132 daemoniorum
1829 1080 1898 1143 ³³,
1920 1082 1982 1132 ut
2006 1076 2064 1131 in
2093 1092 2230 1148 pro-

572 1181 748 1223 cessu
778 1165 1177 1221 inveniemus.
1212 1164 1387 1236 Atqui
1410 1164 1598 1221 multa
1619 1180 1862 1236 quoque
1889 1165 2006 1220 alia
2032 1165 2231 1220 convi-

573 1255 664 1314 cia
689 1253 1002 1325 jactabant
1029 1253 1090 1308 in
1121 1268 1258 1308 eum
1293 1269 1304 1308 :
1338 1269 1548 1308 verum
1577 1253 1693 1310 hoc
1723 1253 1918 1309 solum
1949 1254 2232 1325 apposuit

570 1347 859 1416 tanquam
893 1345 1167 1400 omnium
1199 1343 1550 1416 pessimum.

643 1435 800 1490 Vers.
835 1434 968 1504 (26).
1007 1433 1096 1489 Ne
1127 1461 1194 1474 --
1224 1433 1381 1488 illos.
1419 1431 1832 1488 Conviciantes
1860 1431 2133 1489 videlicet
2160 1448 2230 1490 ao

570 1522 916 1579 mordentes
939 1521 1089 1594 (yy).

642 1613 806 1667 Vers.
822 1615 912 1666 26.
924 1608 1788 1666 Nihil—sciatur.Universalis
1803 1609 2025 1680 quidem
2042 1626 2229 1666 sermo

567 1700 797 1757 videtur
812 1715 825 1765 ;
841 1703 930 1754 est
944 1701 1144 1754 tamen
1158 1697 1587 1769 etprOprius,de
1601 1697 1812 1753 virtute
1824 1698 1985 1753 enim
1999 1703 2232 1770 aposto-

567 1790 764 1846 lorum
786 1788 1066 1860 loquitur,
1085 1787 1250 1860 quod
1268 1787 1424 1842 hanc
1443 1786 1811 1857 impossibile
1831 1788 1898 1842 sit
1917 1787 2226 1855 abscondi,

2339 654 2589 707 γραπται,
2643 634 2897 693 κληθῆναι
2939 636 3240 697 Βεελζιϐούλ
3287 641 3372 690 τὸν
3421 644 3652 713 Χριστὸν
3701 643 3802 694 ὑπὸ
3840 653 3959 696 τῶν

2341 720 2632 789 Ἰουδαίων,
2698 723 2806 776 ἀλλ’
2857 725 3010 790 εἰκὸς,
3092 732 3181 778 καὶ
3255 735 3406 780 τοῦτο
3487 727 3961 802 βλασφημηθῆναι

2339 813 2454 864 κατ’
2487 813 2665 875 αύτοῦ,
2698 812 2727 872 ἣ
2762 818 2850 865 καὶ
2890 813 3068 887 ἑτέρως
3113 814 3368 874 κληθῆναι
3398 825 3552 869 τοῦτο
3603 818 3758 890 λέγει,
3798 816 3961 874 διότι

2341 900 2483 972 φίλον
2541 902 2699 953 αύτού
2762 909 2942 954 τοῦτον
2990 902 3221 969 ἐκάλουν,
3284 904 3536 975 λέγοντες,
3609 909 3689 959 ὅτι
3771 910 3959 972 Οὗτος

2339 990 2431 1042 ούκ
2484 989 2712 1043 ἐκϐάλλει
2778 996 2842 1043 τά
2925 988 3192 1064 δαιμόνια,
3260 993 3303 1045 εἰ
3367 999 3438 1065 μη
3501 994 3548 1045 έν
3608 1005 3678 1066 τῷ
3733 998 3954 1060 Βιελζε-

2339 1078 2482 1147 ϐούλ,
2515 1082 2740 1153 ἄρχοντι
2776 1089 2876 1132 τῶν
2935 1077 3232 1153 δαιμονίων,
3288 1084 3358 1144 ὡς
3394 1089 3658 1156 προιόντες
3715 1087 3958 1158 εὑρήσο-

2338 1186 2449 1238 μεν.
2508 1172 2607 1220 Καὶ
2648 1172 2750 1239 μὴν
2801 1169 2908 1239 (28)
2941 1169 3101 1221 πολλά
3151 1174 3236 1221 καὶ
3266 1169 3396 1222 σῦλα
3432 1172 3950 1246 κατεϐλασφὴμησαν

2339 1256 2517 1310 αὑτοῦ.
2582 1263 2746 1310 Τοῦτο
2796 1254 2855 1310 δέ
2915 1264 3068 1329 μόνον
3120 1261 3310 1312 τέθεικε
3347 1268 3457 1330 νῦν,
3511 1265 3579 1324 ὡς
3619 1270 3800 1334 χεῖρον
3840 1273 3951 1316 τῶν

2338 1344 2500 1397 ἄλλων
2513 1388 2525 1400 .

2409 1438 2495 1492 Μὴ
2549 1465 2619 1476 -
2662 1435 2867 1497 αὐτοῦς.
2934 1433 3315 1509 Λοιδοροῦντας
3377 1444 3467 1492 καὶ
3520 1436 3950 1514 διακωμῳδοῦν-

2338 1542 2450 1584 τας.

2411 1608 2578 1664 Ούδεν
2634 1642 2704 1653 -
2758 1615 3140 1684 γνωσθήσεται.
3210 1623 3357 1669 Δοκεῖ
3431 1621 3520 1689 μιν
3585 1619 3861 1682 καθολικὸς
3913 1625 3945 1676 ὁ

2337 1701 2506 1772 λόγος,
2545 1702 2658 1753 ἔστι
2716 1699 2774 1754 δὲ
2830 1699 3020 1763 ίδίκός.
3086 1709 3207 1778 Περὶ
3264 1713 3354 1765 τῆς
3413 1705 3597 1779 ἀρετῆς
3655 1711 3756 1781 γὰρ
3803 1709 3944 1779 λέγει

2338 1797 2437 1839 τῶν
2487 1788 2807 1856 ἀποστόλων,
2863 1793 2943 1843 ὅτι
3003 1789 3261 1845 ἀδύνατον
3312 1794 3568 1866 κρυϐῆναι
3626 1800 3840 1855 ταύτην.
3878 1799 3940 1852 Εἰ

567 1893 918 1950 quanquam
949 1875 1109 1931 enim
1142 1891 1301 1930 nunc
1345 1875 1701 1931 abscondita
1743 1876 1833 1941 sit,
1871 1881 1924 1932 et
1955 1877 2089 1932 ideo
2118 1894 2227 1934 vos

2338 1880 2439 1950 γάρ
2485 1883 2571 1930 καὶ
2609 1887 2696 1930 νῦν
2744 1880 3080 1946 κεκάλυπται,
3114 1887 3202 1933 καὶ
3265 1879 3358 1934 διά
3412 1892 3564 1936 τοῦτο
3607 1882 3934 1959 λοιδοροῦσιν

567 1967 667 2037 obj
679 1969 895 2034 urgant
919 1981 931 2019 :
961 1981 1067 2018 suo
1090 1968 1288 2019 tamen
1313 1969 1579 2035 tempore
1599 1964 1921 2033 delegatur.
1949 1966 2063 2021 Etsi
2086 1983 2229 2037 ergo

568 2070 730 2110 nunc
743 2053 819 2108 ab
833 2051 1119 2108 omnibus
1133 2051 1488 2122 arguamini,
1507 2067 1578 2107 ne
1592 2053 1688 2107 tim
1704 2053 1901 2108 ueritis
1916 2059 2110 2110 tamen
2126 2072 2228 2112 eos

568 2144 670 2216 qui
702 2142 1087 2211 redarguunt,
1122 2141 1225 2196 sed
1255 2140 1389 2195 illos
1422 2143 1618 2212 potius
1648 2149 1999 2214 exspectate,
2033 2145 2135 2215 qui
2169 2146 2226 2200 in

566 2236 873 2304 posterum
904 2235 1040 2286 sunt
1071 2229 1403 2295 laudaturi;
1438 2247 1631 2304 neque
1662 2233 1977 2303 praesentia
2003 2235 2226 2288 contri-

567 2325 746 2388 stant,
771 2320 879 2376 sed
901 2320 1098 2376 futura
1118 2319 1317 2392 potius
1341 2321 1416 2375 ad
1440 2320 1866 2377 confidendum
1891 2322 2221 2379 adducant.

636 2413 800 2466 Vers.
839 2413 928 2465 27.
973 2409 1113 2476 Quae
1150 2440 1218 2451 —
1261 2409 1446 2466 tectis.
1488 2413 1805 2483 Postquam
1844 2412 1955 2466 hos
1996 2411 2227 2468 tristitia

564 2499 846 2560 liberavit,
882 2515 1018 2571 quae
1049 2503 1293 2570 propter
1326 2499 1590 2555 convicia
1626 2504 1925 2567 causatur,
1958 2515 2118 2556 nunc
2150 2501 2224 2556 de

565 2589 992 2662 prmdicatione
1023 2587 1284 2643 disserit.
1329 2588 1502 2660 Atqui
1542 2605 1737 2660 neque
1771 2589 2026 2645 tenebrae
2055 2595 2226 2646 erant

564 2677 812 2751 quando
842 2677 969 2732 haec
997 2676 1252 2741 dicebat,
1280 2693 1474 2749 neque
1503 2677 1563 2732 in
1595 2693 1800 2733 aurem
1827 2678 1912 2733 eis
1939 2677 2226 2750 loqueba-

566 2771 681 2822 tur.
715 2765 828 2822 Sed
854 2766 991 2837 quia
1018 2764 1292 2836 privatim
1321 2767 1448 2821 haec
1475 2771 1530 2821 et
1555 2782 1677 2822 non
1704 2765 1934 2838 publice
1966 2767 2221 2833 dicebat,

565 2859 623 2912 et
644 2853 782 2909 solis
805 2854 908 2917 eis,
934 2869 1054 2909 non
1076 2853 1380 2920 omnibus,
1407 2855 1540 2910 ideo
1562 2855 1640 2910 ait
1667 2871 1678 2910 :
1705 2854 1874 2920 Quod
1893 2854 2027 2910 dico
2049 2855 2224 2911 vobis

567 2942 870 3016 privatim,
923 2942 1095 2998 dicite
1151 2943 1387 3013 publice
1438 2960 1450 2998 :
1506 2947 1562 2999 et
1613 2943 1776 3015 quod
1822 2942 1929 2998 soli
1981 2945 2220 3013 auditis,

565 3031 887 3105 praedicata
930 3031 1229 3087 omnibus.
1273 3033 1333 3086 ln
1377 3031 1634 3087 tenebris
1677 3046 1819 3101 ergo
1863 3032 2219 3100 nominavit,

565 3119 731 3194 quod
787 3119 1062 3190 privatim
1118 3119 1443 3176 dicebatur.
1504 3120 1566 3174 In
1623 3135 1830 3175 aurem
1862 3136 2023 3188 vero,
2057 3123 2222 3194 quod

2340 1969 2494 2038 ὑμᾶς,
2543 1968 2648 2019 ἀλλ’
2699 1967 3189 2041 ἀποκαλυφθήσεται
3246 1981 3316 2041 τῷ
3368 1977 3564 2046 χρόνῳ,
3624 1980 3710 2027 καὶ
3759 1975 3932 2028 λοιπόν

2340 2059 2696 2128 τιμηθήσεσθι
2752 2061 2896 2131 παρά
2949 2062 3172 2114 πάντων.
3235 2066 3317 2118 Μὴ
3378 2058 3465 2112 οὖν
3515 2062 3776 2133 φοϐηθῆτε
3822 2070 3940 2125 τοὺς

2337 2154 2424 2196 νύν
2452 2142 2854 2216 κωμῳδοῦντας,
2893 2146 3017 2199 ἀλλά
3046 2145 3378 2222 προσδοκᾶτε
3398 2154 3518 2210 τοὺς
3544 2152 3757 2225 ὕστερον
3781 2151 3912 2222 ἐγκω

2337 2237 2635 2305 μιάσοντας,
2673 2233 2811 2306 μηδὲ
2843 2240 2906 2288 τὰ
2937 2242 3170 2309 παρόντα
3205 2237 3428 2290 λυπείτω
3475 2239 3683 2311 μᾶλλον,
3718 2239 3846 2293 ἀλλά
3871 2245 3938 2294 τά

2335 2323 2583 2395 μέλλοντα
2625 2327 2839 2376 πειθέτω
2872 2325 3100 2400 Θαρρεῖν.

2405 2410 2470 2464 Ὀ
2504 2442 2572 2452 --
2623 2409 2899 2485 δωμάτων.
2965 2414 3288 2477 Ἀπαλλάξας
3330 2416 3514 2477 αύτούς
3566 2422 3652 2468 καὶ
3707 2425 3795 2476 τῆς
3847 2417 3931 2469 in":

2335 2507 2444 2560 τοῖς
2502 2498 2728 2554 ὀνείδεσι
2779 2502 2962 2566 λύπης,
3007 2509 3123 2576 περὶ
3177 2512 3266 2555 τοῦ
3315 2508 3639 2576 κηρύγματος
3697 2502 3932 2576 διαλέγε-

2336 2608 2442 2641 ται.
2514 2595 2612 2643 Καὶ
2659 2596 2764 2662 μὴν
2814 2596 2930 2644 οὔτε
2994 2598 3180 2654 σκότος
3219 2590 3300 2662 ἧν,
3365 2596 3443 2646 ὅτι
3492 2602 3657 2646 ταῦτα
3711 2593 3931 2665 ἐλέγετο,

2334 2682 2452 2731 οὔτε
2498 2680 2570 2741 εἰς
2602 2684 2660 2732 1'6
2715 2678 2797 2741 οὖς
2849 2681 3025 2743 αὐτοῖς
3082 2682 3265 2754 ἐλεγιν·
3320 2681 3425 2733 ἀλλ’
3485 2679 3761 2757 ἐπειδήπερ
3820 2680 3939 2756 ἰδίᾳ

2336 2773 2424 2820 καὶ
2460 2769 2518 2820 ού
2573 2765 2808 2841 δημοσίᾳ
2848 2779 3014 2822 ταῦτα
3054 2768 3180 2837 εἶπε,
3212 2777 3300 2823 καὶ
3331 2778 3527 2843 μόνοις,
3555 2778 3644 2824 καὶ
3683 2773 3740 2824 ού
3774 2779 3931 2838 πᾶσι,

2334 2863 2490 2928 φησιν
2531 2857 2666 2928 (29),
2704 2861 2783 2910 ὅτι
2836 2859 2900 2911 Ὃ
2925 2860 3055 2930 λέγω
3104 2862 3223 2930 ύμῖν
3282 2858 3413 2932 ἰδίᾳ,
3474 2865 3644 2914 εἴπατε
3692 2859 3932 2934 δημοσίᾳ

2331 2951 2421 2999 καὶ
2491 2947 2517 2998 ὁ
2568 2947 2828 3005 ἠκούσατε
2893 2954 3057 3018 μόνοι,
3114 2950 3371 3020 κηρύξατε
3418 2957 3598 3002 πᾶσιν⁶
3646 2950 3693 3002 ἐν
3745 2956 3935 3023 σκοτίᾳ

2331 3039 2421 3108 μιν
2468 3035 2744 3106 ὀνομάσας,
2778 3041 2835 3089 1'6
2864 3038 2976 3090 κατ’
3011 3035 3173 3090 ίδίαν·
3209 3038 3278 3098 εἰς
3319 3041 3375 3089 τό
3407 3036 3496 3100 οὖς
3526 3035 3604 3106 δε,
3638 3041 3694 3090 τό
3723 3044 3924 3110 μόνοις,

2335 3129 2435 3178 Καὶ
2469 3123 2620 3186 αὖθις
2672 3125 2754 3179 Ἐν
2790 3132 2917 3198 φωτὶ
2948 3130 3057 3200 μὲν,
3087 3132 3144 3179 τό
3187 3123 3426 3199 δημοσίᾳ
3466 3145 3478 3157 '
3513 3126 3596 3180 ἐπὶ
3621 3136 3720 3179 τῶν
3753 3125 3936 3202 δωμά-

567 3208 730 3266 solis.
767 3210 830 3264 Et
860 3224 1067 3264 rursus
1108 3224 1120 3264 :
1163 3209 1230 3264 In
1273 3209 1425 3278 luce,
1466 3207 1631 3280 quod
1675 3196 1931 3280 publice,
1969 3210 2030 3266 in
2057 3211 2222 3267 tectis

2337 3233 2431 3266 των
2462 3210 2540 3278 δι,
2563 3217 2622 3266 τό
2661 3221 2813 3269 πᾶσι.

567 3301 789 3362 autem,
817 3297 984 3370 quod
1013 3298 1316 3356 omnibus.

637 3389 795 3443 Vers.
845 3387 934 3442 28.
984 3387 1063 3442 Et
1105 3417 1174 3429 —-
1220 3387 1515 3458 gehenna.
1567 3389 1712 3444 Cum
1756 3389 1924 3462 prius
1970 3389 2044 3446 de
2093 3390 2224 3447 aliis

565 3475 844 3549 periculis
871 3475 1202 3543 dissereret,
1233 3475 1556 3532 subincidit
1580 3482 1636 3532 et
1665 3494 1862 3534 sermo
1888 3479 1962 3534 de
1993 3479 2226 3535 interfe-

567 3565 761 3626 otione
792 3565 1062 3637 ipsorum
1099 3581 1113 3631 ;
1145 3566 1302 3622 hanc
1331 3579 1473 3635 ergo
1505 3567 1684 3621 etiam
1717 3567 2005 3638 praedicit,
2024 3568 2224 3638 jubet-

565 3671 682 3729 que
712 3670 846 3711 eam
876 3654 1230 3726 parvipendi
1272 3670 1286 3709 :
1329 3655 1418 3710 Ne
1457 3655 1788 3719 timueritis,
1823 3657 2118 3727 inquiens,
2152 3657 2227 3712 ab

568 3743 659 3802 his
707 3744 810 3816 qui
855 3744 1134 3800 occidunt
1183 3757 1418 3812 corpus,
1468 3743 1582 3798 hoc
1631 3748 1737 3798 est.
1787 3747 1868 3800 Ne
1917 3744 2226 3801 timueritis

566 3832 902 3890 occidentes
925 3848 1165 3903 corpus,
1187 3846 1380 3902 neque
1401 3837 1715 3903 propterea
1737 3833 2227 3904 praedicationem

565 3921 915 3995 relinquatis
942 3943 954 3974 :
987 3919 1089 3975 sed
1118 3935 1256 3975 eum
1285 3921 1480 3976 timete
1505 3921 1610 3992 qui
1637 3937 1744 3977 vos
1775 3922 1852 3978 ad
1877 3923 2228 3993 hujusmodi

568 4011 964 4068 ministerium
996 4007 1209 4074 emisit,
1242 4013 1298 4064 et
1327 4008 1502 4065 facite
1546 4010 1711 4082 quod
1734 4012 1974 4084 jussum
2007 4019 2112 4070 est.
2147 4015 2228 4070 Si-

567 4101 813 4169 quidem
832 4098 932 4164 illi,
952 4097 1058 4154 etsi
1076 4113 1293 4168 corpus
1308 4099 1603 4165 occidant,
1622 4115 2007 4175 nequaquam
2029 4109 2228 4160 tamen

568 4191 839 4248 animam
888 4186 1302 4259 superabunt:
1351 4188 1444 4244 hic
1497 4194 1698 4246 autem
1751 4197 1807 4247 et
1854 4193 2122 4249 animam
2175 4199 2232 4250 et

569 4295 785 4352 corpus
811 4279 1005 4348 potest
1030 4276 1278 4348 perdere
1304 4277 1363 4333 in
1391 4278 1686 4347 gebenna,
1715 4281 1828 4336 hoc
1855 4287 1964 4346 est,
1995 4283 2227 4353 punire.

569 4369 868 4426 Timorem
918 4365 1098 4436 igitur
1148 4366 1488 4436 hominum,
1533 4369 1630 4424 Dei
1680 4370 1888 4428 timore
1944 4371 2227 4443 repellite,

567 4458 864 4514 minorem
888 4452 1161 4510 videlicet
1185 4455 1428 4526 majore.
1460 4456 1711 4515 Aliunde
1739 4475 1982 4532 quoque
2013 4460 2123 4514 hos
2156 4459 2231 4515 de

568 4541 996 4600 interfectionis
1063 4549 1229 4599 metu
1285 4545 1630 4603 consolatur

572 4632 758 4688 dicat.

640 4722 802 4776 Vers.
835 4720 922 4774 29.
950 4721 1160 4778 Nonne
1187 4752 1254 4764 —
1277 4730 1448 4794 patre
1477 4731 1686 4783 vestro.
1721 4725 2010 4799 ’Λσσάριον
2042 4741 2232 4796 genus

571 4808 754 4875 oboli,
779 4808 1200 4867 diminutivum
1227 4817 1312 4870 est
1332 4814 1410 4870 ab
1436 4830 1589 4882 asse,
1619 4815 1788 4885 cujus
1815 4819 2012 4870 tamen
2038 4815 2230 4872 vilitas

569 4897 886 4972 proverbio
936 4899 1182 4957 celebris
1231 4907 1340 4960 est.
1389 4904 1537 4961 Dicit
1573 4918 1716 4974 ergo
1760 4918 1920 4960 nunc
1967 4904 2229 4961 Christus

643 5025 692 5060 ⁸⁸
725 5023 924 5082 Matth.
957 5041 1058 5093 χιι,
1093 5028 1185 5086 24.

2406 3397 2506 3446 Καὶ
2536 3422 2602 3434 —-
2625 3398 2819 3466 γεέννῃ.
2855 3399 2979 3468 Περὶ
3003 3402 3103 3446 τῶν
3134 3393 3296 3446 ἄλλων
3324 3391 3503 3447 δεινῶν
3541 3394 3930 3470 προδιαλαϐὠν,

2334 3481 2627 3541 ὑποκατέϐη
2659 3487 2748 3536 καὶ
2770 3483 2841 3545 εἰς
2862 3486 2948 3535 τόν
2977 3488 3093 3558 περὶ
3123 3492 3216 3545 τῆς
3239 3482 3547 3557 ἀναιρέσεως
3566 3485 3734 3537 αὐτῶν
3758 3486 3931 3559 λόγον,

2334 3576 2423 3624 καὶ
2475 3571 2711 3646 προλέγει
2763 3577 2852 3624 καὶ
2907 3576 3124 3639 ταύτην,
3187 3577 3272 3624 καὶ
3329 3572 3520 3626 κελεύει
3595 3584 3932 3647 καταφρονεῖν

2336 3661 2512 3720 αὐτῆς.
2571 3666 2653 3718 Μή
2716 3661 2962 3732 φοϐῆσθε,
3020 3660 3195 3732 λέγων,
3249 3660 3348 3713 ἀπὸ
3401 3671 3500 3713 τῶν
3555 3661 3930 3715 ἀποκτενόντων

2335 3753 2393 3803 1'6
2428 3758 2598 3822 σῶμα,
2623 3754 2880 3803 τουτέστι,
2925 3754 3008 3808 Μὴ
3050 3749 3278 3822 φοϐῆσθε
3299 3755 3417 3812 τούς
3450 3750 3826 3810 ἀποκτείνοντας
3865 3754 3925 3801 τὸ

2339 3848 2512 3911 σῶμα,
2567 3835 2704 3909 μηδι
2761 3835 2853 3890 διά
2905 3846 3056 3890 τοῦτο
3122 3839 3438 3897 καταλίπητε
3490 3844 3546 3892 τό
3621 3841 3926 3913 κηρύσσειν,

2339 3927 2464 3979 ἀλλά
2493 3926 2752 3999 φοϐήθητε
2777 3930 2863 3978 τόν
2891 3927 3268 3980 ἀποστείλαντα
3297 3930 3432 4000 ὑμᾶς
3463 3929 3532 3990 εἰς
3561 3935 3655 3987 τὴν
3685 3931 3934 3986 τοιαύτην

2340 4014 2626 4084 διακονίαν,
2679 4021 2766 4067 και
2795 4023 2988 4069 ποιεῖτε
3031 4021 3088 4068 τὸ
3119 4017 3404 4070 κελευσθέν.
3449 4019 3663 4070 Ἐκεῖνοι
3689 4020 3778 4089 μὲν
3805 4021 3936 4092 γὰρ,

2340 4105 2382 4158 εἰ
2427 4108 2593 4156 καὶτὸ
2628 4114 2779 4175 σῶμα
2808 4104 3198 4176 ἀποκτείνωσιν,
3235 4105 3342 4157 ἀλλ’
3374 4107 3460 4158 οὖν
3491 4105 3549 4158 ού
3575 4111 3939 4178 περιγενησον-

2338 4213 2425 4246 ται
2465 4199 2553 4245 καὶ
2601 4202 2690 4254 τῆς
2731 4194 2936 4265 ψυχῆς·
2989 4195 3137 4256 οὗτος
3196 4191 3254 4248 δι
3302 4199 3390 4247 καὶ
3429 4199 3520 4253 τὴν
3549 4194 3735 4266 ψυχὴν
3757 4201 3844 4247 καὶ
3875 4199 3937 4248 τὸ

2343 4291 2494 4352 σῶμα
2537 4279 2758 4334 δύναται
2809 4282 3057 4335 ἀπολέσαι
3114 4282 3162 4335 ἐν
3208 4288 3399 4356 γεέννη,
3451 4285 3477 4336 ὅ
3530 4283 3661 4352 ἔστι,
3690 4283 3935 4340 κολάσαι.

2340 4370 2497 4424 Φόϐον
2528 4368 2615 4424 οὖν
2661 4370 2944 4424 ἀπώσασθε
2997 4371 3136 4444 φόϐᾠ
3181 4376 3266 4423 τὸν
3293 4382 3392 4424 τῶν
3421 4372 3698 4444 ύνθρωπων
3730 4381 3802 4443 τῷ
3844 4381 3939 4424 τοῦ

2343 4462 2477 4526 θεοῦ,
2509 4465 2598 4512 καὶ
2660 4465 2745 4512 τὸν
2813 4465 3002 4519 ἦττονα
3066 4462 3136 4530 τῷ
3176 4462 3394 4533 μείζονι.
3458 4466 3557 4514 Καὶ
3596 4461 3833 4534 ἑτέρωθεν
3876 4458 3939 4515 δὲ

1699 4563 1711 4604 ζ
1781 4554 1838 4604 et
1896 4547 2030 4604 vide
2084 4547 2231 4620 quid
2262 4591 2307 4646 D
2339 4552 2722 4623 παραμυθεῖται
2754 4554 2871 4622 (30)
2900 4552 3102 4610 τούτοις
3130 4554 3222 4607 την
3248 4546 3444 4602 δειλίαν
3462 4557 3556 4612 τῆς
3594 4550 3926 4623 ἀναιρέσεως,

2343 4643 2442 4692 Καὶ
2463 4640 2559 4713 ὅρα
2583 4645 2632 4690 τί
2662 4659 2838 4711 φησιν.

2411 4728 2554 4800 Ούχὶ
2598 4760 2665 4769 -
2715 4729 2954 4800 οὐρανοῖς
3001 4729 3136 4799 (31).
3191 4731 3259 4781 Τὸ
3309 4729 3398 4799 μὶν
3467 4725 3740 4800 ἀσσάριον,
3793 4724 3937 4790 εἶδος

2340 4816 2520 4870 ὀϐολοῦ
2572 4816 2704 4872 ἐστι.
2765 4823 2916 4888 Λέγει
2949 4813 3006 4870 δὲ
3031 4825 3118 4868 νῦν
3157 4819 3182 4868 ό
3222 4820 3452 4890 Χριστός
3497 4816 3610 4868 κατ’
3661 4816 3934 4892 ἐρώτησιν,

2341 4908 2420 4959 ὅτι
2472 4906 2600 4978 ούχὶ
2664 4912 2911 4959 τοσοῦτόν
2963 4906 3091 4959 εἰσιν
3151 4905 3486 4958 εὐτελέστατα
3541 4908 3608 4958 τά
3661 4907 3934 4980 στρουθία,

1796 5152 2020 5222 Variae
2057 5151 2384 5222 lectiones
2427 5163 2491 5222 et
2531 5164 2709 5223 notae

664 5369 754 5443 29)
780 5371 881 5443 γάρ
924 5369 1092 5425 addit
1130 5371 1196 5422 A.

667 5436 756 5513 3Q)
789 5436 890 5496 'It'a
931 5454 1174 5513 quoque
1220 5436 1564 5513 Cinnamus,
1604 5453 1674 5513 _p.
1706 5443 1808 5513 _78.
1856 5436 2086 5513 Ἀνδρας
2129 5448 2227 5493 τῶν

570 5507 874 5638 ἐπῖλξόξης
919 5507 1458 5585 παραμυθησόμενους
1517 5507 1769 5587 Κοῤῥάδῳ
1817 5517 1906 5570 τήν
1957 5507 2226 5588 συμφοράν

570 5603 680 5640 ευτε
743 5605 790 5639 ε.

664 5299 732 5353 28
786 5301 874 5350 καὶ
905 5297 1036 5350 ἄλλα
1063 5297 1254 5353 πολλά.
1299 5295 1370 5350 Α.

639 5297 756 5513 ἑὲθξ
780 5371 881 5443 γάρ
924 5369 1092 5425 addit
1130 5371 1196 5422 A.
1266 5436 1277 5447 .

667 5446 734 5513 3Q
809 5446 890 5496 Ita
931 5454 1174 5513 quoque
1220 5439 1365 5513 Cinn

2411 5297 2861 5372 (31)_Hentenius
2884 5299 3218 5371 ergo,cujus
3235 5299 3629 5372 interpretatio
3642 5297 3934 5372 dissentit,

2338 5384 2469 5445 non
2489 5369 2718 5445 videtur
2746 5372 3030 5441 reperisse
3061 5369 3190 5443 post
3216 5369 3437 5445 πατρὸς
3464 5373 3603 5445 ὑμῶν
3643 5369 3939 5445 vocabula.

2337 5448 2427 5492 τοῦ
2451 5439 2498 5491 ἐν
2527 5440 2776 5513 οὐρανοῖς,
2801 5439 2936 5513 quae
2971 5439 3212 5513 uterque
3239 5439 3408 5499 meus
3425 5439 3724 5499 ha'beLSic
3754 5442 3935 5498 etiam

2337 5460 2427 5492 του
2451 5459 2498 5491 εν
2527 5459 2776 5513 ουρανοις,
2801 5459 2936 5512 qum
2971 5459 3093 5498 nter
3144 5459 3212 5498 ue
3239 5460 3408 5499 meus
3425 5459 3724 5499 nanetmc

2337 5527 2495 5568 vers.
2536 5515 2624 5577 27,
2649 5528 2756 5584 pro
2795 5514 2821 5564 6
2849 5511 2999 5584 λέγω,
3033 5459 3264 5570 vigetur
3301 5515 3512 5586 legisse
3541 5515 3576 5566 ἄ
3603 5513 3750 5587 λέγω.

640 5711 773 5781 (yy)
804 5703 1160 5762 Mordentes.
1194 5705 1274 5763 Ac
1305 5705 1354 5765 si
1381 5704 1607 5779 legerit,
1642 5703 1944 5774 δάκνοντας,
1979 5710 2106 5765 Mox
2139 5707 2227 5764 sin

2337 5722 2389 5763 ex
2420 5702 2800 5781 κωμῳδοῦντας
2828 5705 3062 5778 legitur.
