4170 6456
202 389 294 444 341
1199 377 1568 437 COMMENT.
1610 375 1681 431 IN
1716 374 1808 430 MA

1925 371 2158 428 HzEUM.
2200 402 2266 412 —-
2307 369 2462 426 CAP.
2494 369 2567 423 X.

3457 367 3563 424 342

200 517 264 574 ὡς
300 510 592 569 πωλεῖσθαι
645 505 742 560 δύο
803 515 893 560 τοῦ
945 507 1224 581 ἀσσαρίου,
1275 511 1365 557 xui
1403 506 1560 576 ὅμως,
1598 498 1720 554 οὐδε
1749 500 1798 553 ἓν

1933 495 2336 569 nterrogando
2365 513 2378 550 :
2421 497 2626 550 Nonne
2680 495 2859 549 tantae
2888 492 3126 550 vilitatis
3155 496 3294 550 sunt
3330 509 3568 567 passer-

198 602 251 654 ἐκ
280 602 480 651 τούτων
534 599 802 672 θηρεύεται
857 602 1025 670 χωρὶς
1072 603 1164 648 τοῦ
1209 593 1513 664 Θεοῦ;ούχ
1558 595 1625 653 ὡς
1676 610 1801 643 συν-

201 695 491 766 εργοῦντος,
523 685 628 738 ἀλλ’
654 689 724 748 ὡς
752 692 1210 760 παραχωροῦντοςο

258 948 432 1020 Ὺμῶν
484 944 545 1000 δὲ
586 978 656 987 -
708 947 863 1003 εἰσίν,
926 946 1090 1018 Ὑμεῖς
1151 942 1208 998 δε
1263 947 1508 997 τοσοῦτόν
1561 942 1676 995 ἐστε
1728 961 1801 993 τι·

194 1043 326 1108 μίοι,
364 1039 506 1088 ὥστε
554 1041 643 1088 xui
684 1038 861 1096 πάσας
889 1037 1028 1108 ὑμῶν
1059 1037 1151 1096 τὰς
1199 1027 1393 1105 τρίχας
1445 1033 1802 1104 ἠριθμημένας

195 1124 320 1179 εἶναι
352 1128 506 1200 παρὰ
538 1133 692 1178 Θεοῦ.
740 1125 894 1182 Δηλοῖ
944 1121 1001 1177 δὲ
1052 1127 1080 1182 ἡ
1131 1123 1500 1197 ἁπαρίθμησις
1542 1131 1641 1174 των
1691 1141 1802 1195 τρι-

198 1225 323 1287 χῶν,
369 1219 473 1273 τήν
505 1214 694 1287 ἀκριϐῆ
748 1223 958 1284 γνῶσιν,
1013 1215 1094 1266 ὅτι
1139 1212 1252 1264 λίαν
1289 1214 1609 1284 γινώσκεσθε
1637 1211 1798 1281 αὐτῷ,

205 1310 280 1356 καὶ
330 1303 668 1375 λεπτομεροῦς
723 1300 834 1354 oio“:
883 1305 1052 1355 πάντα
1107 1305 1173 1353 τὰ
1225 1301 1341 1354 καθ’
1395 1303 1530 1373 ὑμᾶς
1561 1298 1654 1353 διὰ
1710 1306 1804 1358 τήν

207 1394 321 1462 ἄγαν
396 1394 550 1463 ὑμῶν
617 1392 895 1444 οἰκείωσιν.
974 1396 1072 1443 Καὶ
1147 1391 1189 1442 εἰ
1267 1399 1363 1441 τῶν
1434 1389 1804 1442 εὐτελεστάτων

201 1483 492 1553 στρουθίων
537 1477 688 1533 οὐδὲν
744 1483 1014 1552 θηρεύεται
1065 1484 1230 1553 χωρὶς
1280 1479 1463 1545 αὐτοῦ,
1513 1481 1684 1540 καθὼς
1738 1483 1804 1532 εῖ-

191 1588 369 1641 ρηται,
422 1568 598 1640 πολλῷ
645 1568 832 1641 μᾶλλον
887 1570 1032 1640 ὑμεῖς
1077 1570 1126 1619 οἱ
1169 1573 1334 1639 τίμιοι
1386 1567 1478 1619 ούκ
1537 1567 1806 1640 ἀναιρεθή-

195 1660 371 1726 σεσθε,
413 1662 489 1728 μή
520 1665 958 1732 παραχωροῦντος
987 1657 1172 1712 αὐτοῦ.
1216 1661 1314 1709 Καὶ
1359 1656 1536 1708 λοιπόν
1593 1656 1650 1707 ού
1693 1661 1800 1729 χρή

194 1744 524 1803 δεδοικέναι,

266 1931 358 1982 Μὴ
404 1955 472 1964 -
503 1924 592 1975 οὖν
645 1925 808 1996 ὑμεῖς.
871 1923 1126 1984 Πολλάκις
1182 1923 1497 1994 ἐγχελεύεται
1534 1928 1628 1980 τὴν
1685 1923 1810 1996 ἀφο-

197 2013 313 2066 ϐίαν
377 2013 582 2078 αὐτοῖς,
633 2009 726 2064 διὰ
781 2016 846 2065 τὰ
897 2015 1087 2085 μεγέθη
1147 2021 1244 2064 τῶν
1303 2012 1581 2084 μελλόντων
1633 2032 1808 2087 πειρα-

195 2112 367 2176 σμῶν.

274 2197 391 2252 Πᾶς
446 2221 516 2230 --
568 2190 618 2242 ἕν
675 2190 929 2264 οὐρανοῖς.
989 2189 1316 2262 Ὀμολογίαν,
1371 2195 1464 2248 τὴν
1517 2195 1808 2266 μαρτυρίαν

194 2281 356 2349 λέγει,
417 2280 741 2351 παραθήγων
799 2279 989 2340 αὐτοὺς
1049 2279 1120 2340 εἰς
1171 2283 1230 2331 τὸ
1297 2283 1597 2353 μαρτύριον.
1671 2285 1808 2337 Φησὶ

197 2372 325 2440 γὰρ,
410 2370 492 2419 ὅτι
546 2374 654 2427 Πᾶς
727 2369 869 2426 ὅστις
939 2373 1263 2442 μαρτυρήσει
1322 2389 1411 2440 μοι
1465 2371 1682 2426 θεότητα
1734 2368 1807 2420 ίν-

203 2464 370 2510 ωπιον
401 2465 502 2507 τῶν
535 2455 836 2529 ἀνθρώπων,
887 2463 1212 2530 μαρτυρήσω
1242 2457 1382 2527 αύτῷ
1433 2457 1577 2529 κάγὼ
1630 2462 1808 2511 πίστιν

204 2547 426 2599 ἐνώπιον
483 2553 574 2598 τοῦ
635 2549 836 2619 Πατρός
877 2566 996 2617 μου,
1050 2551 1338 2612 τουτέστιν,
1403 2554 1496 2609 ⁸ος
1553 2547 1808 2620 ἀνακηρύ-

200 2638 277 2698 ξει
307 2654 373 2706 με
406 2637 556 2698 Θεὸν,
610 2633 915 2708 ἀνακηρύξω
968 2634 1124 2688 αὐτόν
1160 2634 1305 2706 κάγὼ
1362 2642 1568 2691 πιστόν.
1623 2635 1810 2699 Ὀστις

206 2721 259 2774 δ’
290 2723 353 2774 ἂν
403 2721 677 2780 ἀπώσηται
724 2742 804 2794 με,
851 2722 1129 2795 ἀπώσομαι
1186 2723 1327 2796 κάγὼ
1383 2725 1551 2780 αὐτόν.
1586 2730 1654 2778 Τὸ
1683 2735 1808 2797 γοῦν

209 2813 291 2863 Ἐν
347 2810 484 2882 ἔμοι,
525 2810 639 2864 ἀντὶ
689 2820 801 2878 τοῦ,
852 2811 1019 2884 Ἐμοί.
1079 2818 1178 2865 Καὶ
1211 2817 1289 2879 τό,
1340 2813 1420 2866 Ἐν
1476 2815 1634 2885 αύτῷ,
1696 2814 1808 2868 ἀντὶ

207 2909 316 2962 τοῦ,
376 2899 547 2969 Δύτῷ.
578 2899 636 2951 Ὀ
677 2897 736 2952 δε
765 2905 1140 2972 Χροσοστομός
1189 2903 1301 2972 (32)
1350 2921 1528 2973 φησιν,
1579 2906 1658 2955 ὅτι
1715 2904 1809 2956 οὐκ

205 2987 361 3056 εἶπεν,
418 2995 603 3050 Ὅστις
658 2988 970 3059 ὁμολογήσει
1023 2988 1155 3060 ἐμοὶ,
1207 2989 1314 3042 ἀλλ’
1363 2992 1442 3043 Ἐν
1491 2991 1623 3063 ἐμοι,
1665 3012 1807 3044 τουτ⁹

205 3077 370 3144 ἐστιν,
407 3077 494 3128 ὑπ’
542 3076 664 3148 ἐμοῦ
718 3076 1089 3150 βοηθούμενος.
1131 3079 1281 3131 Ὀθεν
1332 3079 1619 3141 ἀκολούθως
1665 3089 1809 3134 νοοῦ-

204 3185 293 3236 μέν
348 3171 441 3217 καὶ
493 3171 551 3216 το
586 3183 598 3194 ⁸

202 3255 322 3307 Ὑπὸ
370 3262 468 3315 τῆς
535 3253 932 3326 εὐγνωμοσύνης
976 3256 1134 3308 αὐτοῦ
1192 3261 1509 3328 κινούμενος.
1560 3260 1700 3312 Ἐπεὶ
1751 3256 1809 3312 δι

208 3350 455 3417 ταραχῆς
505 3348 592 3394 xui
633 3342 790 3414 φόϐου
855 3348 1044 3415 μεστὸν
1102 3345 1270 3417 ἔμελλε
1319 3349 1555 3417 γίνεσθαι
1607 3352 1664 3400 τό
1717 3354 1807 3406 κή-

209 3451 408 3505 ρυγμα,
441 3427 889 3504 προδιαλαμϐάνει
918 3438 1006 3485 καὶ
1031 3439 1147 3506 περὶ
1176 3437 1382 3503 τούτου,
1415 3435 1597 3506 λέγων.

1909 587 2044 652 culi,
2067 590 2129 641 ut
2162 585 2283 641 duo
2333 585 2672 639 vendantur
2710 582 2954 646 assario,
3013 583 3127 638 hoc
3175 587 3280 649 est,
3314 584 3563 639 minimo

1908 675 2088 732 obolo
2114 675 2141 729 ‘t
2171 679 2227 730 et
2254 679 2454 730 tamen
2477 686 2674 744 neque
2701 687 2856 726 unus
2874 687 2948 726 ex
2963 671 3057 726 bis
3081 672 3318 745 capitur
3346 672 3565 744 laqueo

1909 765 2139 837 absque
2157 766 2296 830 Deo,
2317 778 2438 819 non
2452 767 2739 834 tanquam
2756 766 3136 832 cooperante,
3156 761 3261 818 sed
3279 765 3567 834 tanquam

1908 854 2302 926 permittente.

1980 943 2154 1000 Vers.
2197 943 2284 998 30.
2329 941 2522 998 Vestri
2547 945 2741 996 autem
2774 971 2841 979 —
2867 944 3024 995 sunt.
3055 940 3168 995 Vos
3193 942 3389 994 autem
3423 939 3571 996 tanti

1910 1033 2073 1097 estis,
2106 1035 2172 1088 ut
2197 1046 2408 1087 omnes
2431 1045 2677 1102 quoque
2707 1028 2903 1100 capilli
2932 1029 3423 1085 vestrinumerati
3454 1029 3573 1084 sint

1911 1139 1946 1180 a
1978 1127 2113 1180 Deo.
2149 1120 2456 1190 Signiﬁcat
2487 1123 2688 1174 autem
2722 1117 3075 1190 capillorum
3099 1133 3383 1173 numerus
3402 1134 3575 1176 exac-

1914 1218 2031 1267 tam
2061 1211 2351 1274 notitiam,
2385 1207 2550 1280 quod
2577 1206 2750 1262 valde
2778 1205 2998 1276 cogniti
3026 1206 3152 1262 sitis
3191 1205 3269 1262 ab
3291 1221 3383 1275 eo,
3406 1211 3464 1263 et
3492 1206 3572 1263 ad

1912 1301 2212 1356 minutum
2235 1312 2470 1370 quoque
2496 1295 2662 1352 novit
2682 1311 2768 1360 ea,
2800 1311 2936 1368 quas
2954 1295 3114 1352 circa
3128 1309 3234 1351 vos
3248 1299 3407 1361 sunt,
3435 1311 3571 1368 pro-

1911 1393 2040 1460 pter
2080 1401 2344 1458 magnan
2399 1384 2709 1440 vobiscum
2740 1383 3160 1444 familiaritem.
3195 1384 3369 1447 Quod
3406 1384 3453 1438 si
3497 1399 3572 1440 ne

1916 1493 2068 1532 unus
2112 1475 2360 1549 quidem
2393 1473 2824 1529 vilissimorum
2855 1472 3328 1545 passerculorum
3355 1473 3573 1546 laqueo

1914 1567 2164 1638 capitur,
2214 1564 2438 1636 absque
2469 1563 2598 1633 ejus
2641 1577 2956 1628 consensu,
2991 1562 3141 1618 sicut
3190 1562 3421 1618 dictum
3461 1566 3573 1629 est,

1915 1655 2102 1710 multo
2136 1653 2332 1722 magis
2366 1667 2491 1714 vos,
2525 1651 2627 1722 qui
2659 1651 2901 1723 pretiosi
2928 1651 3089 1714 estis,
3123 1665 3244 1705 non
3267 1650 3572 1724 interﬁcie-

1915 1744 2082 1807 miui,
2113 1743 2225 1798 nisi
2254 1742 2380 1814 ipse
2411 1740 2798 1796 consenserit.
2829 1743 2955 1795 Non
3004 1742 3237 1811 oportet
3275 1753 3417 1809 ergo
3459 1739 3575 1796 for-

1840 1827 1886 1884 B
1920 1833 2170 1888 midare.

1987 1923 2146 1976 Vers.
2179 1921 2266 1976 31.
2300 1919 2382 1974 Ne
2412 1918 2595 1989 igitur
2640 1948 2706 1956 —
2755 1932 2863 1972 vos.
2900 1916 2984 1970 Ad
3015 1916 3242 1973 timoris
3295 1915 3574 1988 abjectioc

1916 2025 2054 2066 nem
2099 2008 2318 2080 smpius
2374 2007 2740 2071 adhortatur,
2808 2009 3050 2078 propter
3101 2005 3576 2076 magnitudinem

1917 2098 2328 2155 tentationum.

1990 2189 2044 2241 V.
2083 2189 2170 2242 32.
2199 2184 2397 2240 Omnis
2421 2215 2489 2226 —
2515 2185 2574 2238 V.
2606 2185 2694 2239 33.
2727 2182 2796 2239 In
2819 2182 2978 2240 culis
3002 2187 3103 2240 est.
3125 2183 3577 2240 Confessionem

1918 2280 2094 2332 vocat
2121 2274 2552 2342 testimonium,
2579 2287 2910 2344 provocans
2941 2287 3044 2327 eos
3076 2271 3154 2328 ad
3186 2273 3275 2327 sui
3313 2273 3576 2328 testimo-

1919 2368 2105 2420 nium.
2157 2363 2302 2419 Dicit
2332 2377 2504 2431 ergo:
2535 2360 2742 2418 Omnis
2771 2359 2876 2432 qui
2923 2359 3333 2416 testimonium
3381 2359 3579 2416 tulerit

1917 2455 1991 2510 de
2022 2468 2157 2510 mea
2181 2451 2488 2507 divinitate
2528 2465 2733 2506 coram
2781 2447 3153 2513 hominibus,
3182 2451 3239 2505 et
3265 2463 3377 2519 ego
3419 2449 3577 2506 testi-

1919 2541 2178 2598 monium
2213 2540 2399 2596 feram
2428 2538 2506 2594 illi
2533 2553 2739 2594 coram
2765 2539 2928 2592 Patre
2960 2551 3095 2593 meo
3123 2554 3136 2591 :
3169 2537 3283 2594 hoc
3323 2541 3432 2602 est,
3466 2537 3578 2601 Qui

1917 2631 2324 2704 praedicaverit
2377 2645 2471 2685 me
2530 2642 2659 2684 esse
2706 2629 2911 2693 Deum,
2962 2626 3307 2699 praadicabo
3358 2631 3415 2683 et
3464 2641 3578 2700 ego

1918 2738 2056 2778 eum
2087 2737 2222 2777 esse
2253 2719 2506 2776 ﬁdelem.
2566 2716 2846 2790 Quisquis
2902 2720 3104 2773 autem
3135 2731 3231 2772 me
3280 2716 3574 2790 repulerit,

1917 2809 2202 2883 repellam
2224 2814 2280 2866 et
2311 2824 2423 2880 ego
2468 2807 2658 2864 illum.
2693 2805 2863 2872 Quod
2894 2821 3036 2876 ergo
3061 2805 3276 2862 dicitur
3309 2821 3322 2862 :
3356 2806 3426 2862 In
3466 2821 3574 2877 me,

1917 2901 2074 2956 idem
2105 2903 2192 2955 est
2235 2915 2304 2956 ac
2360 2898 2408 2953 si
2461 2898 2634 2962 dicat,
2682 2896 2853 2951 Mihi.
2909 2900 2965 2951 et
3009 2895 3174 2968 quod
3221 2894 3437 2952 dicitur
3470 2911 3481 2949 :
3511 2896 3576 2952 In

1918 2989 2044 3052 illo,
2100 3003 2170 3044 ac
2232 2987 2279 3042 si
2332 2987 2509 3056 dicat,
2568 2985 2678 3041 illi.
2740 2984 3209 3056 Chrysostomus
3267 2999 3404 3041 vero
3473 2982 3577 3056 ait,

1916 3077 2081 3148 quod
2112 3091 2233 3131 non
2263 3075 2404 3130 dixit
2428 3090 2444 3130 :
2472 3073 2750 3144 Quisquis
2778 3071 3156 3128 conﬁtebitur
3177 3071 3298 3127 sive
3323 3071 3582 3128 testimo-

631 3165 976 3237 Ὀμολογήσω
1023 3166 1166 3238 κάγὼ
1221 3168 1267 3219 ἐν
1319 3169 1478 3239 αύτῷ,
1535 3169 1648 3222 ἀντὶ
1693 3179 1805 3238 τοῦ,

1925 3168 2085 3222 nium
2131 3164 2360 3220 dederit
2390 3161 2556 3227 mihi,
2605 3161 2709 3216 sed
2741 3164 2803 3216 In
2836 3176 2930 3216 me
2976 3161 3100 3216 sive
3150 3176 3250 3230 per
3294 3177 3410 3226 me,
3465 3161 3578 3216 hoc

1919 3259 2025 3318 est,
2054 3270 2089 3311 a
2114 3269 2209 3309 me
2235 3253 2492 3322 adjutus.
2521 3250 2683 3306 Unde
2711 3253 3142 3321 consequenter
3162 3249 3339 3304 etiam
3367 3248 3581 3304 intelli-

1920 3346 2138 3414 gimus,
2172 3359 2299 3398 cum
2330 3342 2540 3396 dicitur
2571 3357 2582 3393 :
2618 3337 2949 3395 Conﬁtebor
2974 3343 3030 3394 et
3063 3353 3172 3408 ego
3204 3338 3263 3393 in
3296 3337 3412 3404 illo,
3445 3353 3575 3410 per-

1917 3434 2056 3491 inde
2087 3447 2218 3488 esse
2248 3447 2318 3488 ac
2344 3431 2392 3486 si
2421 3429 2582 3485 dicat
2610 3445 2621 3484 :
2656 3433 2702 3484 Α
2733 3427 3091 3498 gratitudine
3121 3427 3310 3500 ipsius
3341 3432 3569 3485 motus.

207 3522 356 3586 Quia
396 3526 599 3575 autem
633 3519 894 3576 futurum
937 3537 1034 3576 era
1076 3527 1134 3577 ut
1187 3523 1522 3581 turbatione
1555 3543 1624 3582 ac
1674 3527 1832 3584 crede
1857 3523 2204 3596 impleretur
2258 3518 2626 3593 praedicatio,
2669 3516 2744 3574 de
2795 3516 2910 3573 hoc
2962 3530 3197 3589 quoque
3236 3518 3447 3572 tractat
3497 3515 3580 3571 di-

202 3624 372 3665 cens.

277 3702 366 3755 Μή
399 3701 652 3770 νομίσητε
707 3727 769 3738 -
818 3700 1111 3773 μάχαιραν.
1151 3699 1300 3772 [Τοῦ
1353 3705 1461 3774 (33)
1504 3705 1760 3779 Θεολόγου
1795 3723 1806 3736 ⁸

200 3793 264 3839 Τί
321 3783 380 3839 δὲ
424 3787 453 3843 ἠ
511 3788 758 3859 μάχαιρα
788 3803 800 3850 ;
832 3786 890 3839 Ἠ
940 3793 1071 3860 τομή
1113 3798 1206 3841 τοῦ
1235 3789 1408 3861 λόγου,
1444 3794 1473 3850 ἠ
1527 3790 1814 3867 διαιροῦσα

202 3880 263 3928 τό
314 3883 499 3947 χεῖρον
546 3873 648 3928 ἀπὸ
690 3884 781 3928 τοῦ
831 3881 1136 3949 κρείττονος,
1177 3884 1266 3931 καὶ
1320 3877 1691 3955 διχοτομοῦσα
1727 3889 1812 3937 τὸν

201 3968 397 4017 πιστόν
445 3969 534 4016 καὶ
579 3967 662 4016 τόν
718 3966 957 4030 ἄπιστον,
1011 3971 1099 4018 xui
1153 3965 1491 4042 ἐπεγείρουσα
1542 3976 1628 4023 τὸν
1678 3975 1812 4039 υἱὸν,

200 4058 296 4104 xui
347 4057 446 4109 τὴν
497 4054 777 4126 θυγατέρα,
834 4059 922 4105 καὶ
976 4059 1068 4113 τήν
1116 4059 1316 4128 νύμφην
1369 4067 1440 4128 τῷ
1485 4067 1668 4136 πατρὶ,
1723 4068 1813 4115 xui

202 4150 264 4213 τῇ
330 4146 518 4214 μητρὶ,
579 4148 667 4194 xui
715 4151 776 4215 τῇ
835 4146 1071 4218 πενθερᾷ,
1113 4147 1178 4196 τὰ
1227 4151 1314 4198 νέα
1364 4153 1454 4200 xui
1512 4154 1809 4223 πρόσφατα,

203 4238 319 4293 τοῖς
344 4229 585 4291 παλαιοῖς
610 4237 699 4284 καὶ
733 4229 1007 4286 σκίὼδεσι.
1030 4234 1048 4304 ]

279 4325 385 4372 Καὶ
433 4323 536 4391 μήν
594 4320 763 4391 ἔλεγον
829 4324 878 4372 οἰ
931 4322 1156 4393 ἄγγελοι,
1238 4327 1564 4396 γεννηθέντος
1617 4329 1810 4382 αὐτοῦ’

205 4409 344 4472 Δόξα
390 4408 443 4461 ἐν
491 4408 735 4478 ὑψίστοις
783 4417 917 4480 Θεῷ,
962 4416 1048 4463 xui
1100 4412 1183 4464 ἐπὶ
1229 4422 1328 4485 γῆς
1375 4416 1569 4490 εἰρήνη.
1620 4423 1718 4471 Καὶ
1765 4421 1813 4471 οἱ

206 4507 479 4570 προφῆται
535 4495 592 4549 δὲ
644 4503 738 4555 τὴν
775 4499 978 4572 εἰρήνην
1027 4501 1185 4554 αὐτοῦ
1228 4503 1389 4556 πάλαι
1437 4513 1812 4580 προκατήγγειο

205 4588 319 4640 λαν.
370 4591 473 4639 Καὶ
511 4586 666 4647 αὐτὸς
706 4585 764 4640 δὲ
795 4596 902 4650 τοῖς
957 4592 1217 4660 μαθηταῖς
1270 4595 1601 4666 προσέταξεν,
1653 4597 1812 4673 εἰσερ-

206 4680 472 4746 χομένους
552 4676 623 4736 εἰς
708 4677 932 4735 εκάστην
1011 4679 1198 4746 οἰκίαν,
1282 4682 1486 4755 εἰρήνην
1567 4685 1813 4756 ἐπιλέγειν

209 4765 366 4835 αὐτῇ.
442 4771 558 4824 Πῶς
625 4761 712 4816 οὖν
780 4786 909 4837 φησι
960 4775 1070 4829 νῦν,
1128 4771 1209 4821 ὅτι
1265 4771 1375 4822 Οὐκ
1428 4769 1581 4829 ἦλθον
1637 4774 1812 4846 βαλεῖν

209 4853 458 4926 siparium;
510 4858 648 4905 Διότι
711 4857 742 4912 ἡ
798 4857 1044 4928 μάχαιρα
1098 4858 1228 4916 αὕτη
1282 4868 1442 4912 ποιεῖν
1503 4863 1669 4933 ἔμελλε
1725 4869 1812 4922 τήν

210 4942 418 5016 εἰρήνην
478 4940 692 5009 ἐκείνην,
747 4949 866 5016 περὶ
915 4946 976 5005 ἧς
1031 4943 1170 4998 εἶπον
1230 4949 1278 4999 οῖ
1330 4969 1382 5000 τε
1435 4951 1666 5021 ἄγγελοι,
1725 4959 1814 5006 xui

209 5034 310 5102 πρὸ
370 5033 567 5082 τούτων
621 5034 670 5084 οἱ
715 5041 998 5106 προφῆται.
1065 5039 1352 5111 Μάχαιραν
1407 5035 1464 5090 δὲ
1511 5039 1663 5111 λέγει,
1721 5048 1813 5102 τήν

211 5123 343 5194 πρὸς
373 5121 533 5171 αὐτόν
563 5121 792 5192 ἀγάπην,
845 5124 914 5183 ὡς
945 5119 1256 5197 διαιροῦσαν
1307 5131 1422 5188 τοὺς
1478 5132 1815 5192 πιστεύοντας

283 5299 334 5333 η
363 5297 509 5354 Luc.
539 5313 597 5364 ιι,
634 5302 717 5355 14.
798 5301 844 5337 ³⁵
869 5301 1044 5359 Math.
1071 5319 1130 5371 x,
1158 5306 1246 5362 12.

1995 3704 2161 3759 Vers.
2192 3701 2281 3756 34.
2331 3699 2420 3756 Ne
2464 3698 2670 3770 putetis
2733 3727 2801 3737 —
2856 3695 3137 3768 gladium.
3173 3695 3217 3766 -ι-
3259 3692 3413 3761 Quid
3455 3708 3582 3766 per—

1923 3791 2195 3862 gladium
2217 3789 2606 3860 signiﬁcatur,
2627 3785 2740 3842 nisi
2771 3787 2951 3843 sectio
2971 3784 3157 3851 verbi,
3181 3784 3454 3841 dividens
3474 3799 3582 3857 pe-

1916 3881 2013 3952 jus
2037 3897 2071 3938 a
2096 3879 2348 3949 meliori,
2370 3881 2427 3934 et
2449 3892 2740 3950 separans
2767 3875 3010 3932 ﬁdelem
3040 3875 3116 3932 ab
3148 3872 3363 3930 inﬁdeli
3393 3888 3405 3927 :
3430 3872 3584 3929 exci-

1922 3977 2052 4027 tans
2104 3969 2281 4026 ﬁlium
2317 3972 2373 4024 et
2425 3968 2598 4022 ﬁliam
2633 3983 2702 4023 ac
2742 3982 2958 4022 nurum
3016 3966 3298 4021 adversus
3349 3966 3582 4035 patrem

1921 4063 1978 4115 et
1996 4064 2252 4115 matrem
2277 4073 2347 4114 ac
2374 4072 2648 4114 socrum:
2669 4059 2725 4111 et
2747 4070 2902 4112 nova
2925 4069 2993 4111 ac
3015 4052 3272 4110 recentia
3295 4051 3582 4110 adversus

1923 4149 2173 4220 antiqua
2210 4153 2266 4203 et
2291 4147 2629 4202 inveterata.

1989 4333 2162 4406 Atqui
2191 4336 2334 4388 nato
2361 4347 2430 4387 eo
2456 4330 2735 4386 dicebant
2759 4328 2956 4398 angeli
2988 4348 3002 4383 :
3039 4327 3237 4383 Gloria
3267 4327 3330 4383 in
3362 4325 3584 4383 altissi-

1920 4423 2022 4477 mis
2049 4423 2182 4485 Deo,
2207 4427 2259 4475 et
2305 4421 2367 4475 in
2418 4425 2576 4476 terra
2619 4433 2742 4488 pax
2791 4419 2856 4467 ³⁸.
2893 4415 2961 4471 Et
3009 4415 3311 4489 prophetat
3367 4428 3584 4486 pacem

1921 4512 2049 4583 ejus
2075 4508 2595 4566 annuntiaverant.
2627 4513 2756 4578 Ipse
2782 4521 3025 4579 quoque
3056 4501 3358 4577 discipulis
3373 4502 3582 4577 jussit,

1925 4605 1986 4656 ut
2059 4597 2393 4671 quamlibet
2451 4597 2699 4652 domum
2761 4595 3180 4666 ingredientes,
3249 4609 3464 4666 pacem
3531 4593 3584 4650 ei

1923 4693 2191 4761 optarent
2229 4689 2297 4743 ³⁵.
2333 4686 2637 4753 Quomodo
2675 4700 2816 4754 ergo
2862 4700 3018 4740 nunc
3049 4683 3232 4740 dicit:
3263 4684 3398 4740 Non
3452 4682 3586 4739 veni

1922 4780 2204 4834 missurus
2249 4792 2457 4849 pacem,
2510 4776 2612 4832 sed
2651 4774 2914 4846 gladium
2939 4775 2968 4828 7
2996 4773 3146 4840 Quia
3198 4771 3432 4843 gladius
3464 4772 3581 4838 hic,

1924 4883 2134 4938 pacem
2164 4867 2326 4922 illam
2356 4866 2617 4922 facturus
2647 4869 2753 4929 est,
2787 4863 2862 4918 de
2908 4879 3031 4935 qua
3059 4861 3338 4918 dixerunt
3367 4861 3584 4936 angeli,

1923 4963 1976 5010 et
2007 4955 2296 5011 anteillos
2324 4955 2645 5028 prophetae.
2692 4953 2974 5008 Gladium
3033 4956 3233 5008 autem
3278 4957 3454 5007 vocat
3498 4951 3589 5007 di-

1925 5044 2227 5100 lectionem
2274 5059 2416 5114 erga
2470 5059 2552 5108 se,
2610 5045 2812 5116 utpote
2868 5041 3069 5098 ﬁdeles
3121 5041 3199 5098 ab
3251 5039 3585 5097 inﬁdelibus

1928 5132 2339 5190 dividentem:
2417 5133 2590 5205 cujus
2664 5130 3108 5204 inexpugnabili
3177 5129 3404 5198 virtute,
3469 5126 3584 5201 ipsi

1430 5433 1651 5504 Variae
1691 5435 2020 5506 lectiones
2067 5445 2134 5505 et
2165 5446 2365 5505 notae.

283 5566 378 5637 (32
409 5567 576 5639 Tom.
614 5567 724 5632 VII,
758 5582 816 5639 p.
842 5570 945 5624 392
975 5572 1032 5624 Ε.

281 5636 404 5712 (⁷33)
434 5636 670 5694 lnclusa
708 5636 776 5694 in
801 5641 1074 5711 margine
1102 5641 1284 5701 habet
1305 5646 1373 5701 A.
1411 5647 1807 5718 Legirurhicl

1925 5649 2032 5707 sin
2072 5649 2362 5719 oratione,
2388 5654 2459 5715 είς
2488 5655 2552 5704 τὰ
2583 5649 2845 5728 ἐπιφάνια,
2866 5666 2927 5726 p.
2958 5649 3083 5706 236.
