4176 6444
585 407 693 466 339

1902 407 2255 464 EUTHYMII
2297 407 2628 464 ZIGABENI

3845 418 3982 474 340

583 534 816 592 nabant
837 531 1170 606 principem
1195 531 1653 588 daamoniorum.
1682 531 1749 588 Et
1772 531 1904 588 licet
1928 533 2235 590 manifeste

2351 537 2436 586 τὸν
2484 536 2722 608 ἄρχοντα
2749 542 2848 587 τῶν
2874 533 3176 608 δαιμονίων.
3207 537 3267 590 Εἰ
3298 533 3357 591 δε
3403 543 3492 591 καὶ
3523 549 3750 613 φανερῶς
3774 542 3835 594 οὐ
3873 548 3979 615 γέ-

587 625 868 693 scriptum
899 637 1017 676 non
1051 622 1126 676 sit
1154 623 1432 676 vocatum
1460 636 1588 676 esse
1618 620 1908 677 Christum
1937 621 2242 679 Beelzebul

583 726 620 769 a
651 711 894 775 Judaais,
928 709 1244 765 verisimile
1285 714 1484 765 tamen
1527 714 1634 780 est,
1675 715 1728 765 et
1757 710 1872 766 hoc
1902 712 2239 768 convicium

581 799 871 860 adversus
896 799 1064 854 illum
1089 799 1378 868 jactatum
1403 813 1550 853 esse.
1579 797 1682 854 Vel
1708 799 1885 854 etiam
1913 798 2029 855 alio
2055 799 2240 856 modo

579 894 863 945 vocatum
895 903 1023 942 esse
1053 887 1195 942 dicit
1233 886 1554 951 Beelzebul,
1596 888 1740 959 quia
1777 887 2041 943 amicum
2085 887 2239 943 illius

580 977 1055 1042 vocabanteum,
1071 975 1333 1031 dicentes
1355 977 1498 1031 :Hic
1512 992 1629 1031 non
1643 977 1799 1046 ejicit
1816 977 2110 1033 dcemonia
2123 977 2240 1032 nisi

580 1081 683 1138 per
706 1065 1014 1123 Beelzebul
1038 1065 1369 1134 principem
1393 1064 1817 1120 daemoniorum
1837 1069 1906 1131 ³³,
1928 1071 1990 1120 ut
2014 1065 2072 1120 in
2100 1081 2237 1137 pro-

581 1170 756 1211 cessu
785 1154 1184 1209 inveniemus.
1219 1153 1393 1224 Atqui
1417 1153 1606 1209 multa
1627 1169 1870 1226 quoque
1897 1154 2014 1209 alia
2040 1154 2238 1210 convi-

581 1243 672 1302 cia
697 1242 1009 1314 jactabant
1036 1241 1096 1296 in
1128 1257 1265 1297 eum
1300 1258 1311 1296 :
1345 1257 1555 1297 verum
1585 1241 1700 1298 hoc
1731 1242 1925 1297 solum
1958 1243 2240 1314 apposuit

578 1336 866 1406 tanquam
901 1333 1174 1389 omnium
1206 1331 1558 1404 pessimum.

650 1425 808 1479 Vers.
843 1422 976 1493 (26).
1014 1422 1103 1478 Ne
1133 1450 1202 1462 —
1231 1421 1388 1477 illos.
1426 1419 1840 1477 Conviciantes
1868 1421 2141 1478 videlicet
2167 1437 2238 1479 ac

578 1511 924 1568 mordentes
947 1509 1096 1582 (yy).

650 1602 814 1656 Vers.
830 1603 919 1654 26.
932 1597 1796 1654 Nihil—sciatur.Universalis
1811 1598 2034 1670 quidem
2051 1614 2237 1656 sermo

575 1689 805 1745 videtur
820 1704 833 1753 ;
849 1692 937 1742 est
951 1690 1152 1743 tamen
1165 1686 1595 1758 etproprius,de
1609 1686 1820 1742 virtute
1832 1686 1993 1742 enim
2007 1693 2239 1758 aposto-

575 1778 772 1834 lorum
793 1777 1074 1848 loquitur,
1093 1775 1258 1849 quod
1276 1776 1432 1831 hanc
1450 1775 1819 1846 impossibile
1839 1776 1906 1832 sit
1926 1777 2234 1844 abscondi,

2346 643 2596 695 γραπται,
2650 623 2904 682 κληθῆναι
2946 624 3248 686 Βεελξεϐούλ
3293 630 3378 678 τὸν
3428 632 3659 701 Χριστὸν
3707 631 3807 682 ύπό
3851 641 3977 684 τῶν

2348 709 2638 778 Ἰουδαίων,
2705 711 2813 764 ἀλλ’
2864 713 3016 780 εἰκὸς,
3099 719 3188 766 καὶ
3262 723 3414 768 τοῦτο
3493 715 3979 790 βλασφημηθῆναι

2346 802 2462 853 κατ’
2494 801 2672 863 αύτοῦ,
2705 801 2734 860 ἣ
2769 807 2857 854 καὶ
2897 802 3075 876 ἑτέρως
3120 803 3376 863 κληθῆναι
3405 813 3558 858 τοῦτο
3609 806 3764 878 λέγει,
3804 805 3979 862 διότι

2349 889 2490 961 φίλον
2548 890 2706 942 αὐτοῦ
2769 898 2950 943 τοῦτον
2997 891 3228 958 ἐκάλουν,
3291 892 3542 964 λέγοντες,
3616 897 3696 948 ὅτι
3778 898 3977 960 Οὗτος

2346 979 2438 1030 οῦκ
2491 978 2719 1032 ἐκϐάλλει
2785 984 2849 1032 τα
2933 977 3200 1052 δαιμόνια,
3267 981 3310 1034 εἰ
3373 987 3445 1054 μὴ
3508 982 3556 1034 ἓν
3615 993 3685 1054 τῷ
3740 986 3971 1049 Βεελζε-

2347 1067 2489 1136 ϐούλ,
2522 1071 2747 1141 ἄρχοντι
2783 1078 2883 1120 τῶν
2942 1066 3239 1141 δαιμονίων,
3295 1073 3366 1132 ὡς
3402 1078 3665 1144 προιόντες
3721 1076 3974 1146 εὑρήσο-

2345 1175 2456 1227 μεν.
2516 1161 2614 1209 Καὶ
2655 1161 2757 1228 μην
2808 1158 2916 1228 (28)
2948 1157 3108 1210 πολλὰ
3158 1162 3243 1209 καὶ
3273 1158 3404 1211 ἄλλα
3439 1160 3967 1234 κατεϐλασφήμησαν

2346 1245 2524 1299 αύτοῦ.
2589 1252 2754 1298 Τοῦτο
2803 1243 2863 1299 δέ
2923 1253 3075 1318 μόνον
3127 1249 3318 1300 τέθεικε
3355 1256 3464 1318 νῦν,
3518 1253 3587 1312 ὡς
3626 1259 3806 1322 χεῖρον
3848 1261 3966 1305 τῶν

2345 1333 2507 1386 ἄλλων
2520 1377 2532 1388 .

2416 1427 2502 1481 Μὴ
2556 1453 2626 1464 —
2669 1423 2874 1486 αῦτοῦς.
2940 1421 3322 1498 Λοιδοροῦντας
3384 1432 3474 1480 καὶ
3527 1425 3964 1502 διακωμῳδοῦν-

2345 1531 2457 1572 τας.

2418 1597 2586 1653 Ούδὶν
2641 1631 2711 1641 —
2765 1604 3147 1672 γνωσθήσεται.
3218 1611 3364 1658 Δοκεί
3438 1609 3528 1677 μεν
3593 1607 3870 1670 καθολικός
3925 1613 3958 1664 ὁ

2345 1689 2513 1761 λόγος,
2553 1691 2665 1742 ἔστι
2723 1687 2782 1743 δὲ
2837 1688 3027 1752 ἰδίκός.
3094 1698 3215 1766 Περὶ
3271 1703 3362 1754 τῆς
3420 1693 3604 1768 ἀρετῆς
3662 1699 3762 1768 γάρ
3809 1697 3958 1767 λέγει

2345 1786 2444 1828 τῶν
2495 1776 2815 1846 ἀποστόλων,
2871 1782 2950 1832 ότι
3011 1778 3268 1834 ἀδύνατον
3319 1782 3576 1855 κρυϐῆναι
3633 1788 3846 1843 ταύτην.
3884 1787 3953 1840 Ei

575 1881 926 1938 quanquam
957 1864 1117 1920 enim
1150 1880 1309 1920 nunc
1352 1864 1708 1920 abscondita
1750 1865 1841 1931 sit,
1879 1870 1932 1921 et
1964 1866 2097 1921 ideo
2126 1882 2235 1923 vos

2345 1870 2446 1938 γὰρ
2492 1872 2578 1919 καὶ
2616 1876 2703 1918 νῦν
2751 1869 3088 1936 κεκάλυπται,
3121 1876 3210 1922 καὶ
3272 1868 3365 1923 διά
3419 1880 3571 1924 τοῦτο
3613 1871 3944 1947 λοιδοροῦσιν

575 1955 675 2026 obj
688 1957 903 2022 urgant
926 1970 938 2008 :
969 1969 1074 2007 suo
1097 1957 1295 2008 tamen
1320 1957 1586 2024 tempore
1607 1953 1929 2022 detegetur.
1957 1955 2071 2010 Etsi
2094 1971 2236 2025 ergo

577 2059 738 2098 nunc
751 2042 827 2097 ab
841 2040 1127 2096 omnibus
1141 2040 1496 2111 arguamini,
1514 2056 1586 2096 ne
1600 2042 1696 2096 tim
1711 2042 1910 2097 ueritis
1925 2047 2118 2099 tamen
2134 2061 2236 2101 eos

577 2133 678 2205 qui
710 2131 1095 2200 redarguunt,
1129 2130 1232 2185 sed
1263 2129 1398 2184 illos
1430 2132 1626 2202 potius
1656 2137 2008 2203 exspectate,
2041 2134 2143 2204 qui
2176 2135 2234 2190 in

575 2225 880 2292 posterum
912 2225 1048 2276 sunt
1079 2218 1410 2284 laudaturi;
1446 2236 1639 2292 neque
1670 2223 1985 2292 praesentia
2011 2224 2233 2277 contri-

575 2314 754 2376 stant,
779 2309 885 2365 sed
908 2309 1105 2365 futura
1126 2308 1324 2380 potius
1349 2309 1424 2364 ad
1448 2309 1875 2366 conﬁdendum
1899 2311 2228 2368 adducant.

643 2401 808 2455 Vers.
847 2402 936 2453 27.
981 2398 1120 2464 Quae
1157 2428 1225 2440 —
1269 2399 1454 2454 tectis.
1495 2401 1813 2471 Postquam
1852 2401 1963 2456 hos
2005 2401 2234 2457 tristitia

572 2488 853 2548 liberavit.
889 2503 1024 2559 quae
1057 2491 1301 2558 propter
1333 2487 1599 2543 convicia
1634 2493 1933 2556 causatur,
1966 2505 2125 2545 nunc
2158 2490 2232 2545 de

574 2577 999 2650 praedicatione
1030 2576 1292 2631 disserit.
1337 2576 1509 2648 Atqui
1550 2593 1745 2648 neque
1780 2579 2034 2634 tenebrae
2063 2583 2233 2636 erant

572 2666 819 2739 quando
848 2665 976 2720 haec
1003 2664 1260 2730 dicebat,
1288 2681 1482 2737 neque
1511 2665 1572 2721 in
1603 2682 1808 2722 aurem
1836 2668 1920 2722 eis
1947 2667 2234 2740 loqueba-

574 2758 689 2809 tur.
723 2753 836 2809 Sed
861 2754 999 2825 quia
1025 2753 1301 2824 privatim
1329 2755 1457 2810 haac
1483 2760 1538 2810 et
1563 2771 1685 2811 non
1713 2755 1942 2827 publice
1974 2757 2229 2822 dicebat,

573 2847 631 2900 et
652 2841 790 2897 solis
812 2842 916 2906 eis,
942 2857 1062 2897 non
1084 2841 1388 2908 omnibus,
1415 2843 1548 2900 ideo
1570 2844 1648 2899 ait
1676 2861 1687 2899 :
1714 2844 1883 2910 Quod
1901 2844 2036 2900 dico
2057 2845 2232 2901 vobis

575 2929 878 3005 privatim,
931 2930 1105 2986 dicite
1160 2931 1395 3002 publice
1446 2949 1458 2987 :
1514 2937 1571 2989 et
1621 2932 1784 3004 quod
1830 2932 1937 2987 soli
1989 2934 2228 3002 auditis,

572 3019 896 3093 prmdicate
939 3019 1238 3075 omnibus.
1281 3021 1341 3074 ln
1384 3021 1643 3076 tenebris
1686 3036 1828 3091 ergo
1869 3021 2226 3089 nominavit,

572 3107 739 3182 quod
795 3107 1072 3179 privatim
1127 3107 1452 3165 dicebatur.
1511 3111 1574 3164 In
1631 3125 1839 3164 aurem
1870 3126 2031 3176 vero,
2066 3112 2230 3183 quod

2347 1958 2502 2028 ὑμᾶς,
2551 1957 2656 2008 ἀλλ’
2707 1956 3197 2030 ἀποκαλυφθήσεται
3253 1969 3324 2030 τῷ
3375 1966 3571 2034 χρόνῳ,
3631 1969 3718 2015 καὶ
3766 1963 3942 2016 λοιπόν

2347 2048 2704 2116 τιμηθήσεσθε
2761 2050 2904 2120 παρά
2956 2051 3179 2103 πάντων.
3242 2054 3324 2106 Μὴ
3385 2047 3472 2100 οὖν
3523 2051 3783 2122 φοϐηθῆτε
3828 2057 3950 2114 τοὺς

2345 2143 2431 2185 νῦν
2459 2131 2862 2206 κωμῳδοῦντας,
2900 2135 3025 2188 ἀλλὰ
3054 2134 3385 2210 προσδοκᾶτε
3405 2143 3525 2200 τοὺς
3551 2141 3764 2213 ύστερον
3788 2139 3919 2211 ἐγκω

2344 2227 2643 2295 μιάσοντας,
2681 2221 2819 2294 μηδὲ
2851 2229 2915 2277 τὰ
2944 2231 3177 2298 παρόντα
3213 2226 3434 2279 λυπείτω
3482 2227 3689 2300 μᾶλλον,
3725 2228 3852 2282 ἀλλά
3878 2233 3946 2282 τὰ

2342 2311 2590 2384 μέλλοντα
2632 2315 2846 2365 πειθέτω
2880 2314 3107 2388 θαρρεῖν.

2412 2399 2478 2453 ⁸0
2513 2431 2580 2441 -
2631 2398 2907 2474 δωμάτων.
2973 2403 3295 2466 Ἀπαλλάξας
3337 2405 3520 2466 αύτούς
3573 2411 3659 2458 καὶ
3714 2414 3801 2464 τῆς
3852 2405 3936 2457 ἐπὶ

2343 2496 2452 2549 τοῖς
2510 2487 2736 2542 ὀνείδεσι
2787 2490 2970 2554 λύπης,
3015 2498 3132 2564 περὶ
3185 2502 3274 2544 τού
3323 2498 3646 2565 κηρύγματος
3703 2491 3938 2565 διαλέγε-

2343 2597 2450 2630 ται.
2521 2584 2620 2632 Καὶ
2667 2585 2772 2651 μὴν
2821 2584 2938 2633 οὔτε
3002 2587 3188 2642 σκότος
3227 2579 3308 2650 ἦν,
3372 2586 3450 2635 ὅτε
3499 2591 3663 2635 ταῦτα
3718 2582 3938 2654 ἐλέγετο,

2342 2671 2459 2720 οὔτε
2506 2668 2577 2730 εἰς
2610 2672 2668 2720 τό
2722 2667 2805 2729 οὖς
2856 2671 3033 2732 αὐτοῖς
3090 2671 3272 2742 ἔλεγεν·
3328 2671 3432 2722 ἀλλ’
3492 2669 3767 2746 ἐπειδήπερ
3826 2669 3946 2746 ἰδίει

2343 2762 2432 2809 καὶ
2468 2758 2525 2809 ού
2581 2755 2816 2830 δημοσίᾳ
2855 2767 3022 2810 ταῦτα
3062 2757 3188 2826 εἶπε,
3219 2766 3307 2812 καὶ
3339 2767 3534 2832 μόνοις,
3563 2767 3651 2813 καὶ
3690 2762 3747 2813 ού
3780 2767 3940 2828 πᾶσι,

2341 2852 2497 2918 φησὶν
2539 2847 2674 2918 (29),
2711 2850 2790 2899 ὅτι
2843 2848 2908 2900 ⁴⁵0
2933 2849 3063 2919 λέγω
3112 2850 3231 2919 ύμῖν
3290 2847 3420 2921 ἰδίᾳ,
3481 2854 3651 2903 εἴπατε
3699 2848 3942 2923 δημοσίᾳ

2339 2940 2429 2988 καὶ
2499 2936 2524 2987 ὁ
2575 2937 2836 2994 ἠκούσατε
2900 2943 3065 3007 μόνοι,
3122 2939 3379 3009 κηρύξατε
3425 2945 3606 2991 πᾶσιν
3652 2939 3700 2990 ἐν
3752 2945 3945 3012 σκοτίᾳ

2338 3028 2429 3097 μεν
2475 3023 2751 3096 ὀνομάσας,
2785 3030 2843 3078 τό
2871 3027 2985 3078 κατ’
3019 3024 3182 3079 ἰδίαν
3217 3027 3286 3087 εἰς
3326 3031 3383 3078 τό
3414 3025 3502 3089 ούς
3533 3024 3612 3094 δᾶ,
3645 3030 3701 3080 τὸ
3730 3033 3934 3099 μόνοις,

2342 3119 2442 3166 Καὶ
2475 3112 2627 3175 αὖθις
2680 3115 2761 3168 Ἐν
2798 3121 2925 3187 φωτὶ
2956 3119 3065 3188 μὲν,
3095 3121 3152 3168 τό
3196 3113 3433 3188 δημοσίᾳ
3473 3133 3485 3146 ·
3520 3115 3603 3168 έπὶ
3628 3124 3728 3168 τῶν
3761 3113 3946 3190 δωμά-

575 3197 739 3256 solis.
774 3199 838 3253 Et
869 3212 1077 3253 rursus
1117 3212 1129 3252 :
1172 3198 1238 3252 In
1281 3197 1433 3268 luce,
1474 3197 1640 3271 quod
1684 3186 1940 3270 publice,
1977 3199 2038 3255 in
2066 3201 2230 3256 tectis

2345 3223 2438 3255 των
2469 3199 2548 3268 δε,
2571 3206 2630 3256 τό
2668 3209 2821 3258 πᾶσι.

575 3290 797 3352 autem,
825 3286 993 3359 quod
1022 3287 1324 3344 omnibus.

645 3377 804 3432 νοτε.
854 3375 942 3431 28.
993 3376 1071 3430 Et
1114 3407 1182 3417 —
1229 3376 1523 3447 gehenna.
1576 3378 1721 3433 Cum
1765 3377 1932 3450 prius
1979 3378 2053 3434 de
2101 3379 2231 3436 aliis

573 3464 852 3538 periculis
879 3464 1210 3532 dissereret,
1241 3465 1564 3521 subincidit
1589 3470 1645 3521 et
1675 3482 1870 3523 sermo
1896 3468 1970 3524 de
2001 3468 2234 3524 interte-

575 3554 770 3614 ctione
800 3553 1071 3626 ipsorum
1107 3569 1121 3620 ;
1154 3555 1310 3611 hanc
1340 3570 1481 3625 ergo
1513 3555 1693 3610 etiam
1725 3556 2012 3628 prmdicit,
2031 3557 2232 3627 jubet-

575 3660 690 3718 que
721 3659 854 3700 eam
885 3643 1238 3716 parvipendi
1280 3661 1294 3700 :
1337 3645 1427 3700 Ne
1465 3645 1796 3708 timueritis,
1830 3646 2126 3716 inquiens,
2159 3645 2235 3700 ab

577 3732 668 3791 his
717 3732 819 3804 qui
863 3733 1142 3788 occidunt
1191 3747 1426 3802 corpus,
1476 3733 1590 3788 hoc
1639 3737 1745 3788 est.
1796 3737 1875 3789 Ne
1925 3733 2234 3789 timueritis

575 3820 910 3878 occidentes
932 3837 1173 3894 corpus,
1195 3836 1388 3892 neque
1409 3826 1723 3892 propterea
1744 3821 2236 3893 praedicationem

574 3910 923 3983 relinquatis
950 3932 961 3964 :
995 3909 1097 3966 sed
1126 3926 1264 3965 eum
1294 3911 1488 3965 timete
1513 3911 1618 3982 qui
1645 3926 1752 3967 vos
1783 3911 1860 3966 ad
1886 3911 2237 3982 hujusmodi

577 3999 972 4056 ministerium
1003 3998 1216 4064 emisit,
1250 4002 1307 4053 et
1335 3997 1510 4053 facite
1555 3999 1719 4070 quod
1742 4001 1983 4073 jussum
2016 4007 2121 4058 est.
2156 4003 2237 4058 Sis

577 4089 820 4156 quidem
841 4088 939 4154 illi,
959 4088 1065 4144 etsi
1083 4103 1302 4158 corpus
1317 4087 1611 4153 occidant,
1630 4104 2016 4163 nequaquam
2037 4097 2237 4148 tamen

578 4178 846 4236 animam
895 4176 1310 4248 superabunt:
1358 4175 1453 4231 hic
1506 4183 1706 4234 autem
1759 4185 1816 4235 et
1863 4181 2130 4237 animam
2183 4187 2240 4238 et

578 4283 793 4340 corpus
819 4270 1012 4338 potest
1037 4265 1286 4336 perdere
1313 4264 1372 4320 in
1400 4265 1694 4334 gehenna,
1724 4269 1838 4324 hoc
1864 4275 1973 4335 est,
2004 4271 2235 4342 punire.

578 4357 876 4414 Timorem
927 4354 1106 4425 igitur
1156 4353 1496 4423 hominum,
1542 4357 1640 4412 Dei
1688 4359 1898 4416 timore
1953 4361 2236 4431 repellite,

576 4447 871 4502 minorem
895 4439 1169 4497 videlicet
1193 4444 1436 4514 majore.
1469 4443 1721 4502 Aliunde
1749 4463 1992 4519 quoque
2022 4449 2132 4503 hos
2165 4449 2240 4504 de

577 4529 1004 4590 interfectionis
1071 4536 1236 4587 metu
1293 4533 1640 4590 consolatur
1709 4551 1721 4591 :

579 4623 765 4679 dicat.

649 4713 809 4766 Vers.
843 4709 929 4764 29.
957 4709 1169 4767 Nonne
1195 4741 1263 4754 —
1286 4717 1459 4782 patre
1487 4717 1696 4770 vestro.
1731 4713 2020 4788 ’Λσσάριον
2052 4731 2240 4786 genus

578 4797 761 4865 oboli,
785 4798 1209 4855 diminutivum
1237 4804 1322 4857 est
1343 4800 1422 4857 ab
1446 4817 1600 4870 asse,
1629 4803 1799 4874 cujus
1825 4808 2022 4859 tamen
2047 4805 2238 4862 vilitas

576 4887 894 4960 proverbio
944 4888 1192 4945 celebris
1241 4894 1351 4946 est.
1400 4891 1548 4948 Dicit
1584 4906 1726 4962 ergo
1769 4908 1930 4949 nunc
1975 4894 2237 4951 Christus

650 5014 698 5050 ⁸⁸
733 5012 933 5071 Matth.
966 5029 1068 5081 xn,
1103 5015 1196 5072 24.

2413 3386 2513 3436 Καὶ
2544 3411 2609 3423 -
2633 3387 2827 3455 γεέννῃ.
2864 3387 2988 3456 Περὶ
3011 3391 3111 3434 τῶν
3142 3383 3303 3436 ἄλλων
3331 3379 3511 3436 δεινῶν
3548 3383 3938 3458 προδιαλαϐὼν,

2341 3470 2635 3530 ύποκατέϐη
2667 3477 2756 3524 καὶ
2778 3472 2849 3534 εἰς
2870 3475 2956 3524 τόν
2985 3477 3101 3547 περὶ
3131 3481 3224 3534 τῆς
3247 3471 3554 3546 ἀναιρέσεως
3574 3474 3742 3526 αὐτῶν
3765 3475 3939 3548 λόγον,

2342 3565 2431 3612 καὶ
2484 3560 2719 3634 προλέγει
2771 3566 2861 3612 καὶ
2916 3565 3132 3628 ταύτην,
3195 3566 3280 3613 καὶ
3336 3561 3528 3615 κελεύει
3603 3573 3940 3636 καταφρονεῖν

2344 3649 2520 3709 αὐτῆς.
2578 3655 2661 3707 Μή
2724 3649 2970 3721 φοϐῆσθε,
3029 3649 3203 3720 λέγων,
3256 3649 3355 3702 ἀπό
3408 3659 3508 3702 τῶν
3563 3650 3938 3703 ἀποκτενόντων

2343 3741 2401 3790 τό
2436 3747 2606 3810 σῶμα,
2631 3743 2889 3791 τουτέστι.
2933 3743 3016 3796 Μὴ
3058 3738 3286 3811 φοϐῆσθε
3307 3744 3425 3800 τοῦς
3458 3739 3835 3798 ἀποκτείνοντας
3873 3742 3932 3790 τό

2348 3836 2520 3899 σῶμα,
2575 3823 2712 3898 μηδε
2769 3825 2861 3880 διὰ
2913 3835 3064 3879 τοῦτο
3131 3828 3445 3886 καταλίπητε
3498 3833 3554 3881 τό
3628 3830 3933 3902 κηρύσσειν,

2347 3915 2473 3967 ἀλλὰ
2501 3915 2760 3988 φοϐήθητε
2785 3919 2871 3966 τόν
2899 3915 3275 3969 ἀποστείλαντα
3305 3919 3439 3989 ὑμᾶς
3471 3918 3540 3979 εἰς
3569 3923 3662 3975 τὴν
3692 3920 3940 3974 τοιαύτην

2348 4002 2634 4073 διακονίαν,
2687 4009 2775 4056 καὶ
2803 4012 2996 4058 ποιεῖτε
3039 4010 3096 4057 τό
3127 4005 3412 4058 κελευσθέν.
3457 4008 3670 4059 Ἐκεῖνοι
3697 4009 3785 4079 μεν
3813 4010 3942 4081 γὰρ,

2349 4094 2391 4147 εἰ
2434 4098 2602 4146 καὶτὸ
2636 4103 2787 4165 σῶμα
2816 4093 3206 4165 ἀποκτείνωσιν,
3243 4094 3350 4146 ἀλλ’
3382 4096 3467 4147 οὖν
3499 4095 3557 4146 ού
3584 4100 3946 4166 περιγετὴσον-

2347 4203 2434 4236 ται
2474 4189 2562 4235 καὶ
2609 4192 2698 4244 τῆς
2739 4183 2945 4254 ψυχῆς·
2997 4184 3146 4246 οὗτος
3204 4181 3262 4237 δε
3310 4189 3398 4236 καὶ
3437 4188 3528 4242 τὴν
3557 4183 3744 4255 ψυχὴν
3765 4189 3852 4235 καὶ
3883 4188 3944 4237 τό

2351 4280 2502 4342 σῶμα
2545 4268 2766 4324 δύναται
2817 4271 3066 4324 ἀπολέσαι
3122 4271 3170 4324 έν
3216 4277 3407 4345 γεέννῃ,
3459 4274 3485 4325 ὅ
3537 4271 3942 4340 έστι,κολάσαι.

2349 4359 2506 4414 Φόϐον
2537 4357 2623 4413 οὖν
2670 4359 2952 4413 ἀπώσασθε
3005 4361 3144 4432 φόϐῷ
3189 4365 3274 4412 τόν
3301 4371 3400 4412 τῶν
3429 4361 3706 4433 ύνθρωπων
3739 4370 3810 4431 τῷ
3853 4369 3946 4413 τοῦ

2352 4451 2485 4515 θεοῦ,
2518 4455 2606 4502 καὶ
2668 4454 2753 4502 τὸν
2822 4454 3011 4508 ἦττονα
3074 4451 3144 4519 τῷ
3185 4450 3402 4522 μείζονι.
3466 4455 3566 4502 Καὶ
3604 4449 3841 4523 ἑτέρωθεν
3885 4446 3946 4503 δε

1791 4542 1848 4591 et
1906 4535 2040 4592 vide
2093 4536 2241 4609 quid
2272 4580 2317 4635 D
2348 4542 2730 4613 παραμυθεῖται
2763 4543 2880 4612 (30)
2909 4541 3110 4599 τούτοις
3139 4543 3230 4596 τὴν
3255 4535 3452 4590 δειλίαν
3471 4545 3565 4600 τῆς
3603 4539 3933 4610 ἀναιρέσεως.

2353 4633 2450 4681 Καὶ
2471 4630 2567 4703 ὅρα
2591 4633 2641 4680 τί
2670 4647 2846 4700 φησιν.

2420 4717 2563 4789 Ούχὶ
2606 4749 2673 4758 -
2723 4717 2962 4790 οὐρανοῖς
3010 4717 3144 4788 (31).
3199 4719 3267 4770 T6
3317 4718 3406 4788 μὶν
3475 4714 3749 4789 ἀσσάριον,
3802 4713 3946 4778 εἶδος

2348 4805 2528 4859 ὀϐολοῦ
2581 4805 2712 4861 ἐστι.
2774 4811 2925 4878 Λέγει
2957 4803 3015 4859 δε
3039 4815 3125 4857 νῦν
3165 4807 3190 4857 ό
3229 4809 3460 4879 Χριστός
3506 4805 3618 4857 κατ’
3669 4804 3941 4880 ἐρώτησιν,

2349 4897 2428 4948 ὃτι
2481 4895 2608 4968 ούχὶ
2672 4900 2920 4948 τοσοῦτόν
2971 4895 3099 4948 εἰσιν
3158 4895 3495 4948 εὐτελέστατα
3550 4898 3616 4948 τὰ
3669 4895 3942 4969 στρουθία,

1805 5142 2028 5212 Varia:
2065 5142 2394 5212 lectiones
2436 5153 2499 5212 et
2539 5153 2717 5213 notae

674 5356 766 5431 29)
791 5359 892 5431 γάρ
935 5356 1102 5413 addit
1139 5361 1206 5412 A.

679 5425 900 5502 3ρ)λ1ῐὲι
941 5443 1184 5500 quoque
1229 5426 1573 5495 Cinnamus,
1614 5444 1682 5502 7p.
1716 5433 1817 5502 _‘78.
1865 5425 2096 5502 Ἀνδρας
2138 5437 2236 5482 τῶν

580 5497 884 5624 ini-going
929 5497 1466 5577 παραμυθησομένους
1525 5497 1779 5577 Κοῤῥάδῳ
1828 5506 1916 5560 τήν
1967 5497 2236 5576 συμφοράν

581 5589 692 5626 ευτε
755 5591 800 5627 ε.

673 5288 742 5342 28
796 5290 885 5338 καὶ
916 5284 1047 5338 ἄλλα
1074 5283 1264 5342 πολλά.
1309 5285 1380 5341 Α.

650 5286 768 5499 ἓ29ξ
791 5359 892 5431 γάρ
935 5356 1102 5413 addit
1139 5361 1206 5412 A.
1275 5426 1286 5437 .

679 5433 744 5485 30
820 5433 900 5484 Ita
941 5443 1184 5499 quoque
1229 5429 1373 5484 Cinn

2420 5287 2870 5361 (3t)_Hentenius
2893 5288 3148 5360 ergo,ch
3160 5305 3227 5344 us
3243 5287 3638 5361 interpretatio
3651 5287 3942 5361 dissentit,

2347 5373 2478 5434 non
2497 5359 2726 5434 videtur
2754 5358 3046 5430 reperisse
3069 5358 3199 5432 post
3224 5358 3445 5434 πατρὸς
3473 5363 3611 5434 ὑμῶν
3652 5358 3947 5434 vocabula

2346 5438 2436 5481 τοῦ
2460 5429 2506 5481 ἐν
2535 5430 2784 5502 ούρανοίς,
2809 5429 2944 5502 quae
2979 5429 3221 5502 uterque
3249 5429 3417 5488 meus
3434 5429 3733 5488 habet.Sic
3763 5431 3944 5487 etiam

2346 5449 2436 5481 του
2460 5449 2506 5481 εν
2535 5448 2784 5502 ουρανοις,
2809 5448 2944 5502 quae
2979 5448 3102 5488 mer
3153 5448 3221 5488 ue
3249 5449 3417 5488 meus
3434 5448 3733 5488 habenam

2346 5516 2504 5556 vers.
2545 5505 2632 5567 27,
2657 5517 2764 5574 pro
2804 5504 2830 5554 ὅ
2858 5501 3008 5574 λέγω,
3041 5448 3272 5560 videtur
3309 5504 3521 5576 legisse
3551 5503 3585 5555 ἄ
3611 5502 3760 5575 λέγω.

651 5697 783 5770 (yy)
813 5697 1167 5756 Mordentes.
1201 5697 1282 5754 Ac
1313 5695 1363 5755 si
1391 5694 1618 5768 legerit,
1653 5692 1954 5762 δάκνοντας,
1989 5698 2116 5752 Mox
2149 5695 2235 5752 sin

2345 5710 2399 5752 3x
2429 5692 2809 5770 κωμῳδοῦντας
2837 5695 3072 5768 legitur.
