4176 6432
197 390 291 446 341
1197 378 1566 439 COMMENT.
1609 377 1680 433 IN
1714 376 1804 432 ΜΔ

1922 373 2156 430 ΗᾹΞΗΜ.
2197 404 2264 414 —-
2304 372 2460 428 CAP.
2491 371 2564 426 Χ.

3455 371 3561 428 342

193 518 260 575 ὡς
295 511 589 565 πωλεῖσθαι
642 507 740 562 δύο
801 517 891 562 τοῦ
943 509 1223 583 ἀσσαρίου,
1273 512 1362 559 καὶ
1401 507 1558 578 ὅμως,
1595 500 1717 556 ούδὶ
1747 502 1795 555 ἓν

1922 498 2376 571 ηιιιθιτοεοιιᾱοτ
2419 500 2624 553 Nonne
2678 498 2856 552 tantm
2887 495 3124 553 vilitatis
3153 499 3291 553 sunt
3328 512 3564 570 passer-

192 603 248 655 ἐκ
276 603 479 652 τούτων
531 601 800 672 θηρεύεται
855 603 1024 671 χωρὶς
1070 605 1162 649 τοῦ
1207 604 1377 662 Θεοῦ;
1408 595 1511 666 οὐχ
1556 597 1623 655 ὡς
1675 612 1799 645 συν-

194 696 489 768 εργοῦντος,
519 686 626 740 ἀλλ’
652 690 722 750 ὡς
749 693 1208 761 παραχωροῦντος.

253 950 427 1021 Tyrii»
482 946 540 1001 δὲ
584 979 654 989 -—
705 949 860 1005 εἰσίν,
923 948 1089 1020 ’Υμεῖς
1148 943 1205 1000 δε
1260 949 1505 998 τοσοῦτόν
1559 943 1673 997 ἕστε
1726 963 1798 994 τι-

190 1045 318 1110 μίοι,
359 1040 504 1090 ὥστε
551 1043 640 1089 καὶ
682 1039 858 1098 πασας
885 1039 1026 1109 ὑμῶν
1056 1039 1149 1098 τὰς
1196 1029 1390 1107 τρίχας
1442 1036 1800 1106 ἡριθμημένας

191 1125 314 1180 ιέιαι
346 1129 504 1201 παρὰ
534 1135 689 1180 Θεοῦ.
736 1126 891 1184 Δηλοῖ
941 1123 999 1178 δὲ
1050 1128 1078 1183 ἡ
1129 1124 1498 1198 ἀπαρίθμησις
1540 1132 1638 1175 των
1688 1143 1799 1197 τρι-

195 1226 315 1289 χῶν,
364 1221 469 1274 τὴν
502 1215 691 1288 ἀκριϐῆ
745 1224 956 1286 γνῶσιν,
1010 1216 1091 1268 ὅτι
1136 1214 1249 1266 λίαν
1286 1215 1606 1285 γινώσκεσθε
1635 1213 1794 1283 αύτῷ,

205 1313 273 1357 ut
321 1305 665 1376 λεπομερώς
720 1302 831 1356 οἶδε
879 1307 1049 1357 πάντα
1104 1307 1170 1355 τὰ
1222 1303 1338 1355 καθ’
1392 1305 1526 1374 ὑμᾶς
1558 1300 1651 1355 διὰ
1707 1308 1800 1361 τὴν

206 1395 314 1463 ἄγα)
394 1395 546 1465 ὑμῶν
614 1393 891 1446 οἰχείωσιν.
970 1398 1069 1445 Καὶ
1145 1393 1186 1444 εἰ
1264 1401 1361 1444 τῶν
1431 1391 1801 1444 εὐτελεστάτων

199 1485 489 1555 στρουθίων
534 1479 684 1534 οὐδὲν
740 1485 1011 1554 θηρεύεται
1063 1485 1227 1555 χωρὶς
1277 1481 1460 1546 αὐτοῦ,
1510 1483 1682 1542 καθὼς
1735 1485 1801 1534 εῖ-

187 1590 363 1642 ρηται,
419 1570 595 1641 πολλῷ
641 1570 829 1642 μᾶλλον
883 1572 1030 1641 ὑμεῖς
1075 1571 1122 1621 οἱ
1166 1575 1330 1640 τίμιοι
1383 1569 1476 1621 ούκ
1534 1569 1802 1642 ἀναιρεθή-

191 1661 365 1727 σεσθε,
412 1664 484 1730 μὴ
518 1666 953 1732 παραχωροῦντος
984 1658 1168 1713 αὐτοῦ.
1213 1662 1311 1710 Καὶ
1356 1657 1533 1709 λοιπόν
1590 1658 1647 1709 ού
1689 1663 1797 1731 χρή

191 1745 522 1804 δεδοικέναι.

261 1931 352 1984 Μὴ
401 1957 468 1966 —
498 1925 588 1976 οὖν
641 1927 804 1997 ὑμεῖς.
867 1925 1122 1986 Πολλάκις
1178 1925 1494 1995 ἐγχελεύεται
1532 1930 1624 1982 τὴν
1682 1924 1806 1997 ἀφο-

190 2015 308 2067 ϐίαν
370 2015 578 2078 αὐτοῖς,
629 2011 722 2066 διὰ
777 2017 842 2067 τὰ
893 2016 1084 2086 μεγέθη
1144 2022 1241 2066 τῶν
1300 2013 1578 2086 μελλόντων
1630 2033 1805 2089 πειρα-

187 2113 361 2176 σμών.

267 2198 384 2253 Πᾶς
442 2222 512 2231 -
564 2191 614 2243 ἄν
671 2191 924 2266 οὐρανοῖς.
984 2191 1313 2263 Ὀμολογίαν,
1369 2196 1461 2249 τὴν
1513 2196 1805 2266 μαρτυρίαν

1669 2287 1804 2338 Φησὶ

404 2371 487 2420 ὅτι
542 2375 650 2428 Πᾶς
723 2371 864 2428 ὅστις
935 2374 1260 2444 μαρτυρήσει
1318 2389 1407 2441 μοι
1462 2372 1679 2428 θεότητα
1731 2369 1803 2421 ἐν·

185 2283 350 2350 λέγει,
415 2281 736 2353 παραθήγων
795 2280 985 2342 αύτούς
1045 2281 1116 2341 εἰς
1168 2284 1226 2332 τὸ
1293 2285 1594 2354 μαρτύριον.

187 2374 320 2442 7&9»

193 2467 363 2511 ώπιον
395 2466 498 2508 τῶν
533 2456 832 2530 ἀνθρώπων,
883 2463 1209 2531 μαρτυρήσω
1239 2459 1378 2528 αύτῷ
1429 2458 1574 2530 κάγὼ
1626 2464 1804 2513 πίστιν

193 2548 420 2600 ἐνώπιον
478 2554 570 2598 τού
631 2551 832 2620 Πατρός
872 2567 991 2618 μου,
1045 2551 1334 2614 τουτέστιν,
1399 2556 1492 2610 ’ος
1550 2548 1805 2622 ἀνακηρύ-

193 2639 268 2699 ξει
302 2656 365 2707 με
398 2639 552 2699 Θεὸν,
605 2634 911 2709 ἀνακηρύξω
964 2635 1120 2689 αὐτὸν
1156 2635 1301 2707 κάγὼ
1358 2643 1564 2692 πιστόν.
1620 2637 1806 2700 Ὀστις

198 2722 250 2776 δ’
284 2724 347 2775 ἂν
394 2722 672 2781 ἀπώσηταὲ
719 2743 800 2796 με,
846 2723 1126 2796 ἀπώσομαι
1182 2724 1323 2798 κάγὼ
1379 2727 1548 2781 αὐτόν.
1583 2731 1651 2779 Τό
1680 2736 1804 2798 γοῦν

204 2815 285 2864 Ἐν
340 2811 479 2883 ἐμοὶ,
520 2810 634 2864 ἀντὶ
684 2821 797 2880 τοῦ,
848 2813 1014 2885 Ἐμοί.
1076 2819 1174 2866 Καὶ
1208 2818 1285 2881 τὸ,
1336 2815 1416 2868 Ἐν
1471 2817 1630 2886 αύτῷ,
1693 2816 1805 2870 ἀντὶ

199 2910 312 2963 τοῦ,
368 2901 543 2970 Αὐτῷ.
573 2900 632 2951 ’0
672 2898 732 2953 δὲ
761 2907 1136 2974 Χροσόστομός
1185 2904 1297 2974 (32)
1346 2923 1524 2975 φησιν,
1576 2907 1654 2957 ὅτι
1712 2905 1806 2958 οὐκ

197 2988 354 3057 εἶπεν,
410 2996 598 3050 Ὀστις
653 2990 966 3060 ὁμολογήσει
1019 2990 1150 3062 ἐμοὶ,
1203 2991 1310 3043 ἀλλ’
1358 2993 1438 3045 Ἐν
1487 2993 1619 3064 ἐμοὶ,
1661 3014 1804 3047 τουτο

197 3078 363 3146 ἐστιν,
398 3079 488 3129 ὑπ’
537 3077 660 3150 ἐμοῦ
713 3077 1085 3151 βοηθούμενος.
1127 3080 1276 3132 Ὀθεν
1328 3081 1616 3143 ἀκολούθως
1662 3092 1805 3136 νοοῦ-

196 3187 284 3236 μεν
341 3173 435 3218 καὶ
487 3172 547 3218 το
581 3185 593 3195 ’

194 3255 317 3309 Ὑπὸ
363 3263 463 3316 τῆς
529 3255 928 3328 εὐγνωμοσύνης
971 3257 1130 3309 αὐτοῦ
1187 3263 1504 3330 κινούμενος.
1556 3262 1696 3314 Ἐπεὶ
1747 3259 1805 3315 δὲ

201 3353 451 3418 ταραχῆς
499 3349 588 3395 καὶ
629 3343 786 3416 φόϐου
850 3349 1040 3416 μεστὸν
1097 3347 1265 3419 ἔμελλε
1315 3351 1550 3419 γίνεσθαι
1603 3354 1660 3402 τό
1713 3356 1803 3408 κή-

202 3453 400 3506 ρυγμα,
436 3429 885 3505 προδιαλαμϐάνει
913 3439 1001 3486 καὶ
1026 3439 1143 3508 περὶ
1172 3439 1378 3503 τούτου,
1411 3437 1592 3508 λέγων.

1907 588 2042 653 culi,
2066 593 2127 644 ut
2159 588 2280 643 duo
2331 588 2670 641 vendantur
2707 584 2952 648 assario,
3010 585 3125 640 hoc
3172 590 3278 651 est,
3311 586 3561 642 minimo

1906 677 2086 734 obolo
2111 677 2138 732 τ
2169 681 2225 733 et
2251 682 2452 732 tamen
2474 688 2672 746 neque
2698 689 2854 729 unus
2872 689 2945 728 ex
2960 673 3055 728 his
3079 675 3316 747 capitur
3343 674 3562 747 laqueo

1907 767 2137 839 absque
2155 768 2293 833 Deo,
2314 781 2436 821 non
2449 769 2737 836 tanquam
2755 769 3134 835 cooperante,
3154 763 3258 820 sed
3276 768 3564 836 tanquam

1905 856 2300 928 permittente.

1978 945 2151 1002 Vers.
2195 945 2282 1000 30.
2326 943 2520 1000 Vestri
2545 948 2738 998 autem
2771 973 2838 982 -—
2864 946 3022 998 sunt.
3053 942 3165 997 Vos
3190 944 3387 997 autem
3421 943 3568 999 tanti

1907 1035 2070 1099 estis,
2104 1037 2170 1090 ut
2194 1048 2406 1090 omnes
2428 1047 2674 1104 quoque
2705 1031 2900 1102 capilli
2929 1031 3420 1087 vestrinumerati
3451 1032 3570 1088 sint

1908 1141 1943 1182 a
1975 1128 2111 1182 Deo.
2146 1122 2452 1192 Signiﬁcat
2484 1126 2685 1176 autem
2719 1120 3072 1193 capillorum
3097 1135 3380 1176 numerus
3399 1137 3572 1179 exac-

1911 1221 2028 1269 tam
2058 1213 2349 1275 notitiam,
2382 1209 2548 1282 quod
2573 1209 2747 1264 valde
2775 1209 2995 1279 cogniti
3024 1209 3149 1264 sitis
3188 1208 3266 1264 ab
3288 1224 3380 1277 eo,
3403 1215 3461 1266 et
3489 1209 3570 1266 ad

1908 1303 2209 1358 minutum
2232 1314 2467 1372 quoque
2494 1298 2660 1354 novit
2679 1313 2766 1362 ea,
2797 1314 2932 1370 quae
2951 1297 3111 1354 circa
3125 1313 3230 1354 vos
3245 1303 3404 1363 sunt,
3432 1314 3568 1371 pro-

1909 1394 2038 1462 pter
2077 1403 2342 1459 magnan
2397 1386 2706 1442 vobiscum
2737 1386 3158 1446 familiaritem.
3192 1386 3366 1450 Quod
3403 1387 3449 1441 si
3494 1402 3569 1444 ne

1913 1495 2066 1534 unus
2109 1477 2357 1551 quidem
2390 1476 2821 1531 vilissimorum
2853 1475 3325 1548 passerculorum
3351 1476 3570 1549 laqueo

1911 1569 2161 1641 capitur,
2211 1566 2435 1638 absque
2465 1565 2594 1636 ejus
2639 1579 2954 1630 consensu,
2988 1565 3138 1620 sicut
3187 1565 3418 1620 dictum
3459 1569 3570 1632 est.

1913 1657 2100 1712 multo
2133 1655 2328 1724 magis
2362 1669 2488 1717 vos,
2522 1653 2624 1724 qui
2656 1653 2898 1725 pretiosi
2925 1653 3086 1716 estis,
3120 1668 3241 1708 non
3265 1653 3569 1726 interﬁcie-

1912 1746 2078 1809 miui,
2110 1745 2222 1800 nisi
2250 1744 2377 1816 ipse
2408 1742 2795 1798 consenserit.
2826 1745 2952 1798 Non
3001 1745 3234 1814 oportet
3272 1756 3413 1812 ergo
3455 1742 3572 1799 for-

1837 1829 1882 1886 B
1917 1834 2166 1890 midare.

1985 1925 2142 1977 Vers.
2177 1923 2263 1978 31.
2297 1921 2379 1977 Ne
2409 1920 2592 1990 igitur
2636 1951 2703 1959 —
2752 1934 2860 1975 vos.
2896 1918 2981 1972 Ad
3013 1918 3239 1976 timoris
3292 1918 3571 1991 abjectio—

1913 2027 2051 2068 nem
2095 2010 2316 2082 saepius
2371 2008 2738 2074 adhortatur,
2805 2012 3046 2080 propter
3097 2008 3572 2079 magnitudinem

1914 2099 2325 2157 tentationum.

1987 2191 2041 2243 V.
2080 2191 2167 2244 32.
2195 2186 2394 2242 Omnis
2418 2217 2486 2228 —
2512 2187 2571 2240 V.
2603 2188 2691 2242 33.
2723 2185 2793 2242 In
2815 2185 2975 2242 caelis
2999 2189 3100 2242 est.
3121 2185 3574 2243 Contessionem

1914 2282 2091 2334 vocat
2117 2276 2549 2344 testimonium,
2576 2289 2907 2346 provocans
2938 2289 3040 2329 eos
3072 2274 3151 2330 ad
3182 2275 3271 2329 sui
3309 2276 3573 2331 testimo-

1915 2369 2102 2422 nium.
2154 2365 2299 2420 Dicit
2329 2379 2500 2433 ergo:
2533 2363 2738 2419 Omnis
2769 2362 2873 2434 qui
2920 2361 3330 2419 testimonium
3377 2362 3576 2420 tulerit

1914 2456 1987 2512 de
2020 2469 2154 2511 mea
2178 2453 2485 2509 divinitate
2525 2467 2730 2507 coram
2778 2450 3149 2515 hominibus,
3179 2454 3235 2507 et
3261 2465 3374 2522 ego
3415 2452 3574 2508 testi-

1915 2543 2174 2600 monium
2210 2542 2395 2598 feram
2425 2539 2503 2596 illi
2530 2555 2735 2596 coram
2762 2541 2924 2595 Patre
2956 2554 3091 2595 meo
3119 2556 3132 2594 :
3166 2539 3279 2596 hoc
3319 2543 3429 2606 est,
3463 2541 3574 2604 Qui

1914 2633 2321 2706 praedicaverit
2373 2646 2468 2687 me
2527 2645 2655 2686 esse
2702 2632 2908 2696 Deum,
2959 2629 3303 2701 praedicabo
3355 2633 3412 2686 et
3461 2645 3574 2703 ego

1915 2740 2053 2779 eum
2083 2739 2218 2778 esse
2249 2721 2503 2777 ﬁdelem.
2562 2719 2842 2792 Quisquis
2899 2722 3100 2776 autem
3132 2734 3228 2775 me
3276 2719 3570 2792 repulerit,

1913 2811 2199 2885 repellam
2221 2816 2276 2868 et
2307 2826 2419 2882 ego
2465 2809 2655 2866 illum.
2689 2807 2860 2875 Quod
2891 2823 3033 2879 ergo
3057 2807 3272 2865 dicitur
3306 2825 3318 2864 :
3353 2809 3422 2866 In
3463 2825 3571 2880 me,

1913 2903 2070 2957 idem
2101 2905 2189 2957 est
2232 2917 2300 2958 ac
2357 2901 2405 2956 si
2458 2900 2630 2964 dicat,
2679 2899 2850 2954 Mihi.
2905 2903 2962 2954 et
3005 2897 3170 2970 quod
3218 2897 3434 2955 dicitur
3467 2914 3478 2952 :
3507 2899 3572 2955 In

1915 2991 2040 3053 illo,
2096 3005 2166 3045 ac
2228 2989 2276 3044 si
2328 2989 2505 3058 dicat,
2565 2987 2674 3043 illi.
2737 2986 3205 3058 Chrysostomus
3263 3002 3400 3044 vero
3469 2986 3574 3059 ait,

1913 3079 2077 3149 quod
2109 3094 2230 3133 non
2259 3077 2400 3132 dixit
2424 3093 2440 3132 :
2469 3075 2746 3146 Quisquis
2774 3074 3152 3130 conﬁtebitur
3174 3074 3294 3130 sive
3319 3075 3578 3131 testimo-

627 3166 972 3238 Ὀμολογὴσω
1019 3169 1162 3240 κάγὼ
1216 3169 1262 3220 ἐν
1315 3171 1474 3241 αὐτῷ,
1531 3171 1644 3224 ἀντὶ
1688 3181 1801 3240 τοῦ,

1922 3170 2082 3224 nium
2127 3166 2356 3222 dederit
2386 3164 2552 3229 mihi,
2601 3163 2705 3218 sed
2737 3167 2799 3218 In
2832 3179 2926 3218 me
2972 3163 3096 3218 sive
3145 3179 3246 3233 per
3289 3179 3407 3230 me,
3461 3165 3576 3220 hoc

1915 3261 2021 3320 est,
2051 3273 2085 3313 a
2111 3271 2205 3311 me
2231 3255 2488 3325 adjutus.
2517 3252 2679 3309 Unde
2707 3255 3138 3324 consequenter
3159 3251 3336 3306 etiam
3363 3250 3577 3307 intelli-

1916 3348 2135 3416 gimus,
2168 3361 2295 3400 cum
2326 3343 2536 3398 dicitur
2567 3359 2578 3396 :
2615 3340 2946 3397 Conﬁtebor
2970 3344 3027 3396 et
3059 3356 3168 3410 ego
3200 3340 3259 3396 in
3292 3340 3408 3408 illo,
3441 3356 3571 3412 per-

1913 3436 2053 3493 inde
2083 3449 2214 3490 esse
2245 3449 2314 3490 ac
2340 3433 2388 3488 si
2417 3432 2578 3487 dicat
2606 3447 2618 3486 :
2652 3435 2698 3486 Α
2730 3429 3086 3500 gratitudine
3117 3429 3306 3502 ipsius
3338 3434 3565 3487 motus.

199 3523 350 3588 Quia
390 3527 594 3576 autem
628 3521 890 3577 futurum
932 3539 1030 3579 era
1071 3529 1130 3579 ut
1183 3525 1518 3583 turbatione
1550 3545 1619 3584 ac
1670 3529 1828 3586 caede
1854 3525 2200 3598 impleretur
2255 3520 2622 3594 praedicatio,
2665 3518 2741 3575 de
2791 3518 2906 3574 hoc
2958 3532 3193 3591 quoque
3233 3520 3443 3575 tractat
3493 3517 3576 3573 di-

196 3626 366 3666 cens.

269 3702 361 3756 Μή
394 3702 648 3770 νομίσητε
704 3729 764 3739 --
813 3701 1106 3775 μάχαιραν.
1146 3700 1296 3773 [Τοῦ
1349 3706 1457 3776 (33)
1500 3707 1756 3781 Θεολόγου
1791 3726 1802 3738 ·

192 3795 255 3841 Τί
313 3784 374 3840 δὲ
418 3789 450 3844 ἡ
506 3789 754 3861 μάχαιρα
784 3804 795 3851 ;
827 3788 885 3840 Ἠ
935 3795 1067 3862 τομὴ
1109 3800 1202 3843 τοῦ
1231 3791 1405 3863 λόγου,
1440 3796 1468 3852 ἡ
1523 3793 1810 3869 διαιροῦσα

193 3881 253 3928 τὸ
305 3884 495 3948 χεῖρον
543 3874 643 3928 ἀπὸ
686 3885 777 3929 τοῦ
826 3883 1132 3950 κρείττονος,
1174 3887 1262 3933 καὶ
1315 3879 1686 3957 διχοτομούσα
1723 3891 1808 3939 τὸν

191 3968 392 4018 πιστὸν
442 3969 530 4016 καὶ
575 3969 658 4018 τόν
714 3967 953 4030 ἄπιστον,
1006 3973 1095 4020 καὶ
1149 3967 1487 4044 ἐπεγείρουσα
1537 3978 1624 4025 τόν
1674 3977 1808 4040 υἱὸν,

191 4060 286 4106 καὶ
342 4057 442 4110 την
492 4055 772 4128 θυγατέρα,
831 4061 918 4107 καὶ
971 4061 1064 4115 τὴν
1111 4060 1312 4130 νύμφην
1365 4069 1436 4130 τῷ
1481 4069 1664 4138 πατρὶ,
1719 4070 1808 4117 καὶ

323 4147 514 4215 μητρὶ,
576 4149 663 4195 καὶ
711 4152 772 4216 τῇ
830 4147 1067 4219 πωθερᾴ,
1109 4149 1174 4198 τά
1223 4153 1310 4200 νέα
1360 4155 1449 4202 καὶ
1507 4157 1805 4225 πρόσφατα,

195 4240 310 4294 τοῖς
339 4231 581 4292 παλαιοῖς
606 4238 695 4285 καὶ
728 4230 1002 4288 σκίώδεσι.
1026 4235 1044 4305 ]

273 4327 380 4374 Καὶ
427 4325 531 4392 μὴν
589 4321 758 4392 ἔλεγον
825 4324 874 4374 οἱ
927 4323 1152 4394 ἄγγελοι,
1233 4329 1559 4398 γεννηθέντος
1612 4331 1805 4384 αύτούο

196 4411 338 4473 Δόξα
385 4409 438 4462 ἐν
487 4409 730 4480 ὑψίστοις
778 4419 912 4481 Θεῷ,
958 4417 1044 4465 καὶ
1096 4414 1178 4466 ἐπὶ
1225 4423 1324 4486 γῆς
1370 4417 1564 4492 εἰρήνη.
1615 4425 1714 4473 Καὶ
1761 4423 1808 4472 οἱ

196 4508 474 4572 προφῆται
530 4495 588 4551 δί
640 4505 733 4557 τὴν
770 4500 974 4574 εἰρήνην
1022 4502 1181 4555 αὐτοῦ
1224 4505 1384 4558 παλαι
1432 4515 1808 4582 προκατὴῃει-

195 4591 310 4642 λαν.
365 4593 469 4641 Καὶ
505 4587 662 4648 αύτός
701 4586 758 4641 δὲ
791 4597 898 4652 τοῖς
953 4593 1213 4662 μαθηταῖς
1265 4597 1596 4668 προσέταξεν,
1649 4599 1808 4675 εἰσερ-

197 4682 469 4748 χομένους
548 4677 619 4738 εἰς
703 4678 928 4737 ἑκάστην
1007 4680 1194 4748 οὶκίαν,
1277 4683 1482 4756 εἰρήνην
1563 4686 1808 4758 ἐπιλέγειν

200 4767 361 4837 αὐτῇ.
436 4771 553 4825 Πῶς
621 4763 707 4818 οὖν
775 4787 905 4839 φησι
956 4776 1065 4831 νῦν,
1123 4772 1204 4822 ὅτι
1261 4772 1370 4824 Οὐκ
1425 4771 1576 4830 ἦλθον
1633 4775 1807 4847 βαλεῖν

201 4855 454 4928 εἰρήνην;
505 4859 644 4906 Διότι
707 4857 737 4913 ἡ
793 4859 1039 4929 μάχαιρα
1093 4859 1223 4917 αὕτη
1278 4869 1438 4913 ποιεῖν
1498 4864 1664 4935 ἔμελλε
1720 4871 1807 4924 τὴν

203 4943 413 5017 εἰρήνην
473 4942 688 5011 ἐκείνην,
743 4952 861 5018 περὶ
910 4948 972 5007 ἧς
1027 4944 1165 5000 εἶπον
1225 4951 1274 5000 οἵ
1325 4970 1378 5002 τε
1430 4953 1661 5022 οἰγγελοι,
1720 4961 1808 5008 καὶ

203 5035 302 5105 πρὸ
364 5034 562 5084 τούτων
616 5035 665 5084 οἱ
710 5043 994 5107 προφῆται.
1061 5041 1347 5112 Μάχαιραν
1402 5037 1460 5092 δὲ
1507 5041 1658 5113 λέγει,
1716 5049 1808 5103 τὴν

202 5125 337 5195 πρὸς
367 5123 528 5172 αὐτόν
559 5123 788 5192 ἀγάπην,
840 5125 909 5184 ὡς
940 5121 1251 5198 διαιροῦσαν
1302 5131 1417 5189 τούς
1473 5133 1810 5194 πιστεύοντας

277 5300 326 5336 ³⁸
359 5299 504 5355 Luc.
534 5315 592 5365 ιι,
628 5303 712 5356 14.
793 5302 838 5338 ³⁵
864 5302 1038 5360 Math.
1066 5321 1125 5372 x,
1153 5307 1240 5364 12.

1991 3706 2157 3761 Vers.
2188 3703 2276 3758 34.
2326 3701 2415 3758 Ne
2459 3699 2666 3772 putetis
2729 3729 2797 3739 -
2851 3696 3132 3770 gladium.
3169 3698 3212 3768 ει-
3255 3695 3409 3764 Quid
3451 3711 3579 3769 per-

1919 3793 2191 3864 gladium
2213 3790 2601 3862 signiﬁcatur,
2623 3787 2736 3845 nisi
2767 3789 2947 3845 sectio
2967 3786 3152 3854 verbi,
3176 3787 3450 3844 dividens
3470 3802 3579 3860 pe-

1912 3883 2009 3954 jus
2032 3899 2067 3939 a
2093 3881 2343 3951 meliori,
2366 3883 2423 3936 et
2445 3893 2736 3952 separans
2763 3877 3005 3934 ﬁdelem
3036 3877 3112 3934 ab
3144 3875 3359 3933 inﬁdeli
3389 3891 3401 3930 :
3427 3876 3580 3932 exci-

1918 3978 2047 4029 tans
2099 3971 2276 4028 ﬁlium
2312 3975 2369 4026 et
2420 3970 2594 4024 ﬁliam
2629 3985 2698 4025 ac
2738 3984 2954 4024 nurum
3011 3968 3294 4023 adversus
3345 3968 3578 4038 patrem

1917 4066 1973 4117 et
1992 4066 2247 4117 matrem
2273 4075 2342 4116 ac
2369 4074 2643 4116 socrum:
2665 4062 2721 4112 et
2743 4073 2898 4114 nova
2920 4072 2988 4114 ac
3011 4055 3268 4112 recentia
3291 4054 3579 4113 adversus

1919 4151 2168 4222 antiqua
2205 4154 2261 4205 et
2286 4149 2625 4205 inveterata.

1984 4335 2158 4408 Atqui
2187 4339 2329 4390 nato
2356 4349 2426 4389 eo
2452 4332 2730 4388 dicebant
2754 4330 2951 4402 angeli
2983 4351 2997 4386 :
3035 4329 3232 4386 Gloria
3262 4329 3325 4385 in
3358 4328 3580 4386 altissi-

1916 4425 2018 4479 mis
2045 4425 2178 4487 Deo,
2202 4429 2255 4478 et
2301 4423 2362 4477 in
2413 4427 2572 4477 terra
2615 4436 2738 4490 pax
2786 4421 2852 4470 ³⁸.
2889 4417 2956 4473 Et
3003 4417 3307 4491 prophetae
3363 4431 3580 4489 pacem

1917 4513 2044 4584 ejus
2071 4510 2590 4568 annuntiaverant.
2621 4515 2752 4581 Ipse
2777 4523 3021 4581 quoque
3051 4503 3354 4580 discipulis
3369 4505 3578 4580 jussit,

1920 4607 1981 4657 ut
2054 4600 2388 4674 quamlibet
2447 4599 2694 4654 domum
2756 4597 3176 4668 ingredientes,
3245 4611 3459 4669 pacem
3527 4595 3580 4652 ei

1919 4695 2186 4763 optarent
2225 4692 2292 4745 ³⁵.
2329 4689 2632 4756 Quomodo
2671 4703 2812 4757 ergo
2858 4703 3014 4743 nunc
3044 4686 3227 4742 dicit:
3259 4687 3392 4742 Non
3448 4685 3582 4742 veni

1917 4782 2200 4835 missurus
2244 4795 2452 4851 pacem,
2505 4778 2607 4834 sed
2647 4777 2963 4849 gladium?
2991 4776 3142 4843 Quia
3193 4774 3427 4846 gladius
3460 4775 3576 4842 hic,

1918 4885 2129 4940 pacem
2160 4869 2321 4924 illam
2352 4868 2612 4924 facturus
2642 4872 2748 4932 est,
2783 4865 2857 4921 de
2903 4881 3026 4938 qua
3054 4865 3334 4921 dixerunt
3362 4864 3579 4939 angeli,

1919 4964 1971 5012 et
2002 4957 2291 5014 anteillos
2320 4958 2640 5030 prophetm.
2687 4955 2970 5012 Gladium
3028 4959 3229 5012 autem
3274 4959 3450 5010 vocat
3493 4954 3584 5010 di-

1920 5045 2222 5102 lectionem
2269 5062 2412 5116 erga
2465 5061 2548 5110 se,
2605 5048 2808 5118 utpote
2863 5043 3064 5101 ﬁdeles
3116 5043 3194 5102 ab
3246 5041 3580 5100 inﬁdelibus

1923 5134 2334 5193 dividentem:
2412 5135 2584 5207 cujus
2659 5133 3102 5207 inexpugnabili
3172 5132 3399 5201 virtute,
3463 5129 3579 5204 ipsi

1425 5435 1646 5506 Variae
1685 5437 2014 5508 lectiones
2062 5448 2128 5507 et
2160 5449 2360 5508 notae.

279 5567 372 5638 (32
402 5569 570 5640 Tom.
607 5567 720 5633 VII,
753 5583 811 5640 p.
837 5571 940 5626 392
969 5573 1027 5625 E.

277 5641 397 5712 (33)
427 5637 666 5695 Inclusa
705 5637 771 5694 in
796 5643 1068 5712 margine
1097 5642 1278 5702 habet
1299 5647 1368 5702 A.
1406 5649 1646 5719 Legirur
1661 5650 1757 5707 hic
1781 5650 1946 5709 locus
1966 5651 2027 5709 in
2066 5653 2357 5722 oratione,
2383 5657 2454 5717 είς
2482 5656 2547 5706 τὰ
2577 5651 2839 5730 ἐπιφάνια,
2861 5669 2922 5729 p.
2953 5651 3078 5709 236.
