4176 6482
549 386 654 447 343

1871 378 2223 437 EUTHYMII
2261 374 2595 434 ZIGABENI

3808 370 3948 432 344

545 525 787 587 quoque
808 523 1025 581 genere
1059 508 1432 577 amicissimi,
1465 507 1636 564 citius
1663 522 1700 563 a
1725 508 1938 563 mutua
1959 508 2204 578 conjun-

2323 504 2423 558 ἀπὸ
2456 511 2556 556 τῶν
2587 508 2658 576 μὴ
2699 505 3066 571 πιστευόντων,
3108 500 3166 565 ἧς
3198 511 3259 577 τῇ
3308 503 3504 576 ἀμάχῳ
3556 499 3775 575 δυνάμει
3831 497 3954 553 καὶ

546 604 736 659 ctione
758 601 900 654 sunt
928 597 1126 662 divisi,
1155 596 1443 668 facileque
1459 595 1764 652 abstracti.
1785 594 1942 652 Alibi
1963 599 2204 667 praeter-

543 707 616 748 ea
643 690 1056 746 vehementem
1089 686 1213 757 ejus
1239 685 1604 742 activitatem
1647 685 2086 750 demonstrans,
2119 683 2202 740 di-

540 781 626 836 xit
658 802 670 833 :
700 780 906 848 Ignem
931 777 1060 832 veni
1109 776 1398 832 missurus
1426 776 1489 830 in
1538 782 1755 831 terram
1783 776 1853 830 ³⁸.
1897 774 2205 846 Siquidem

543 869 802 942 primum
819 865 1172 922 abscindere
1189 864 1517 935 oportebat,
1534 866 1696 935 quod
1713 867 1837 918 erat
1853 861 2206 918 immedica;

541 957 706 1014 bile:
740 954 955 1011 deinde
1007 953 1320 1025 paciﬁcare
1367 959 1599 1017 caetera,
1647 956 1705 1007 et
1754 967 1896 1021 erga
1941 952 2206 1023 seipsum

548 1052 606 1102 et
633 1061 777 1115 erga.
806 1046 1013 1100 Deum.
1039 1043 1285 1115 Propter
1309 1041 1423 1098 hoc
1453 1056 1596 1111 ergo
1622 1040 1833 1096 durius
1864 1041 1947 1096 ita
1975 1040 2206 1096 locutus

546 1137 654 1201 est,
687 1137 752 1189 ut
778 1132 873 1189 his
927 1132 1177 1202 cognitis
1207 1134 1414 1203 postea
1456 1145 1581 1186 non
1618 1131 1951 1186 turbentur.
1997 1129 2205 1186 Adhuc

547 1225 747 1282 autem
774 1237 1132 1286 sermonem,
1164 1220 1269 1293 qui
1294 1220 1369 1277 de
1397 1220 1514 1275 hoc
1544 1218 1737 1275 factus
1767 1222 1872 1285 est,
1901 1217 2202 1291 explanat,

545 1313 710 1369 brevi
733 1310 918 1367 verbo
939 1309 1210 1367 auditum
1233 1325 1444 1366 eorum
1467 1323 1771 1373 exercens,
1799 1323 1876 1365 ne
1896 1307 1976 1364 ob
2000 1323 2202 1365 rerum

545 1399 958 1458 difﬁcultatem
979 1397 1322 1457 reclamant.

620 1651 783 1707 Vers.
811 1653 900 1707 35.
938 1648 1083 1707 Veni
1101 1679 1169 1689 —
1191 1662 1410 1705 socrum
1426 1660 1615 1704 suam.
1642 1650 1684 1718 -ι-
1700 1646 1985 1704 Μὶοιιωωξ
2007 1647 2200 1705 Filius

545 1738 960 1797 contumeliam
975 1738 1151 1809 faciet
1169 1738 1349 1808 patri,
1374 1742 1428 1793 et
1444 1736 1574 1805 ﬁlia
1593 1742 1898 1806 consurget
1919 1736 2202 1793 adversus

543 1832 795 1885 matrem
847 1843 1045 1899 suam,
1107 1840 1293 1882 nurus
1345 1824 1630 1881 adversus
1663 1840 1886 1881 socrum
1929 1841 2113 1894 suam,
2145 1831 2200 1882 et

543 1916 773 1973 inimici
797 1916 1050 1972 hominis
1077 1929 1273 1971 omnes
1295 1914 1602 1970 domestici
1627 1916 1756 1984 ejus
1785 1915 1850 1969 ³⁷.

616 2008 842 2061 Rursus
858 2019 962 2076 per
975 2005 1084 2060 hos
1097 2003 1500 2070 charissimos,
1520 2003 1939 2072 cognationem
1955 2018 2200 2060 omnem

545 2093 921 2166 signiﬁcavit.
957 2092 1362 2162 Propriissime
1385 2097 1584 2148 autem
1607 2092 1776 2158 dixit,
1811 2093 2200 2150 uthominem

543 2183 663 2238 sive
679 2181 868 2238 ﬁlium
889 2181 1177 2238 dissidere
1197 2181 1411 2237 faciam
1426 2181 1713 2237 adversus
1747 2186 1973 2253 patrem
1999 2199 2198 2248 suum,

541 2271 726 2328 ﬁliam
740 2275 940 2328 autem
953 2271 1245 2326 adversus
1260 2275 1512 2326 matrem
1526 2287 1712 2326 suam.
1737 2271 2040 2342 Siquidem
2055 2272 2199 2328 cha-

540 2360 726 2417 riores
757 2364 896 2416 sunt
929 2377 942 2416 :
976 2359 1132 2415 ﬁlius
1161 2359 1408 2432 quidem
1462 2360 1635 2430 patri,
1668 2359 1785 2416 ﬁlia
1823 2376 1964 2417 vero
2002 2361 2196 2426 matri,

538 2455 783 2522 propter
809 2453 1029 2505 naturae
1056 2448 1524 2504 similitudinem.
1549 2449 1636 2504 Ad
1657 2448 1781 2504 haec
1810 2465 2030 2505 nurum
2061 2455 2200 2521 apte

540 2538 684 2594 dixit
705 2538 994 2595 adversus
1011 2553 1249 2594 socrum
1268 2552 1440 2593 suam
1462 2537 1844 2594 dividendam
1872 2554 2001 2595 esse
2026 2556 2044 2604 ;
2076 2555 2201 2596 ma-

539 2641 730 2697 gnum
743 2627 903 2683 enim
918 2642 1058 2683 cum
1078 2626 1458 2683 observantia
1477 2627 1789 2699 pudorem,
1806 2627 2200 2685 reverentiam

541 2731 613 2772 ac
641 2714 1003 2788 obsequium
1031 2715 1389 2772 exhibebant
1411 2730 1599 2771 nurus
1629 2714 1917 2771 socrlbus.
1952 2715 2015 2770 ln
2044 2731 2200 2772 nuru

540 2808 742 2861 autem
795 2803 1151 2874 signiﬁcavit
1179 2809 1236 2860 et
1278 2819 1564 2874 generum
1601 2803 1883 2859 adversus
1925 2818 2199 2860 socerum

539 2908 717 2949 suum
739 2892 1164 2964 separandum.
1180 2894 1256 2948 Su
1267 2891 1678 2966 periusitaque
1701 2891 2034 2964 simplicem
2048 2891 2199 2949 face—

537 2987 631 3038 rat
660 2982 1157 3038 enumerationem
1185 2981 1391 3038 dicens
1422 2999 1434 3036 :
1465 2980 1675 3036 Prodet
1711 2982 1906 3050 frater
1937 2983 2198 3051 fratrem

537 3070 601 3126 in
633 3077 900 3136 mortem,
929 3077 982 3128 et
1004 3079 1176 3141 pater
1197 3072 1391 3140 ﬁlium
1420 3071 1466 3104 ³⁸
1497 3086 1512 3134 ;
1543 3069 1640 3124 hic
1676 3085 1813 3125 vero
1841 3069 1952 3126 alio
2008 3072 2194 3128 modo

538 3160 915 3216 enumeravit
939 3159 1284 3217 naturaliori
1314 3157 1634 3230 magisque
1659 3159 1927 3230 proprio.
1958 3160 2130 3226 Quod
2145 3161 2193 3216 si

537 3248 828 3306 dissidere
843 3249 985 3307 facit
1004 3249 1313 3306 hominem
1330 3222 1625 3304 adversus
1649 3222 1806 3313 eum,
1827 3249 1929 3320 qui
1949 3222 2083 3320 ipso
2104 3267 2194 3306 su-
2227 3222 2268 3279 Ο

537 3339 736 3411 perior
763 3344 873 3409 est,
912 3339 1104 3396 multo
1137 3336 1332 3407 magis
1361 3336 1439 3393 ad
1453 3351 1652 3393 versus
1685 3337 1817 3408 conj
1829 3353 2026 3408 ugem,
2059 3355 2196 3411 quae

536 3425 650 3502 ipsi
665 3428 932 3502 subjecta
953 3433 1039 3484 est
1057 3425 1233 3497 :lillud
1253 3426 1413 3482 enim
1438 3424 1856 3491 naturale,hoc
1883 3431 2082 3482 autem
2101 3443 2198 3484 as-

540 3517 781 3573 cititium
809 3521 914 3574 est.
937 3516 1187 3573 Proinde
1214 3516 1328 3572 hoc
1355 3515 1525 3586 quasi
1557 3514 1946 3571 manifestum
1965 3515 2201 3588 reliquit

537 3605 1011 3676 intelligendum.
1039 3605 1104 3660 ln
1138 3605 1522 3676 sequentibus
1547 3619 1687 3658 vero
1714 3603 1895 3658 etiam
1923 3619 2202 3674 expresse

539 3693 613 3750 de
635 3693 996 3765 conjugibus
1029 3691 1540 3756 commemorabit,
1568 3690 1814 3746 dicens:
1846 3690 2065 3755 Omnis,
2100 3690 2205 3762 qui

540 3782 853 3852 reliquerit
872 3781 1125 3847 domum,
1156 3786 1260 3836 aut
1281 3782 1524 3850 fratres,
1558 3783 1665 3834 aut
1687 3793 1933 3846 sorores,
1968 3785 2070 3835 aut
2092 3794 2203 3849 pa-

542 3878 707 3938 trem,
733 3874 841 3926 aut
862 3874 1132 3938 matrem,
1162 3873 1268 3924 aut
1299 3882 1565 3932 uxorem,
1585 3873 1690 3922 aut
1714 3865 2003 3936 ﬁlios,aut
2029 3883 2205 3939 agros

537 3964 784 4029 propter
811 3973 1020 4014 nomen
1048 3972 1258 4021 meum,
1287 3957 1564 4026 centupla
1603 3956 1867 4026 accipiet,
1892 3962 1947 4014 et
1978 3959 2109 4015 vitae
2131 3974 2208 4017 ce-

545 4053 729 4103 ternae
751 4048 1036 4104 sortietur
1064 4047 1461 4104 hwreditatem
1491 4045 1566 4103 δυ.

620 4135 785 4191 Vers.
821 4136 913 4194 36.
951 4137 1033 4192 Et
1073 4136 1301 4194 inimici
1331 4166 1398 4178 —
1444 4137 1591 4206 eius.
1638 4135 1761 4192 Hoc
1789 4135 2208 4209 propheticum

550 4228 642 4280 est
664 4224 941 4291 verbum,
964 4225 1186 4282 dictum
1206 4226 1350 4283 olim
1382 4226 1671 4282 adversus
1687 4225 1936 4293 Iudaeos,
1961 4227 2208 4300 quando

552 4317 760 4372 contra
791 4331 854 4372 se
874 4315 1129 4373 invicem
1157 4314 1560 4372 dissensiones
1583 4313 1912 4372 habebant.
1940 4315 2206 4372 Christus

552 4407 755 4464 autem
775 4411 1112 4480 opportune
1133 4405 1362 4477 aptavit
1391 4404 1480 4460 his
1505 4420 1640 4477 qum
1664 4404 1818 4462 dicta
1833 4409 1993 4471 sunt,
2026 4404 2208 4476 signi-

549 4499 741 4556 ﬁcans
766 4495 934 4570 quod
962 4510 1174 4552 omnes
1203 4493 1513 4550 domestici
1543 4491 1670 4566 ejus
1723 4494 1829 4567 qui
1879 4494 2209 4551 crediturus

552 4592 658 4652 est,
691 4585 919 4642 inimici
948 4584 1077 4655 ejus
1102 4582 1449 4640 efﬁciantur.

627 4679 789 4734 Vere.
819 4679 884 4731 37
901 4718 914 4731 .
946 4672 1059 4741 Qui
1086 4675 1242 4730 amat
1257 4702 1320 4713 —
1339 4673 1568 4744 dignus.
1594 4674 1695 4729 Hic
1716 4686 1961 4746 quoque
1978 4671 2052 4728 de
2070 4670 2210 4728 solis

556 4763 1024 4823 ascendentibus
1043 4762 1602 4820 etdescendentibus
1615 4762 1676 4818 in
1690 4776 2059 4834 unoquoque
2089 4761 2209 4816 dis-

557 4854 754 4925 seruit,
793 4857 1080 4924 tanquam
1097 4851 1295 4922 magis
1317 4851 1576 4925 propriis
1593 4858 1648 4907 et
1668 4848 2082 4907 familiaribus.
2105 4848 2213 4916 Qui

559 4948 745 5011 amat,
777 4942 989 5016 inquit,
1015 4941 1146 4998 illos
1178 4957 1360 5016 supra
1389 4957 1486 4998 me
1517 4957 1529 4996 :
1562 4955 1705 4996 nam
1738 4937 1986 5011 quando
2015 4938 2100 4996 illi
2129 4939 2215 5012 pii

561 5037 719 5102 sunt,
748 5031 1064 5090 honestum
1085 5035 1172 5089 est
1195 5031 1324 5088 illos
1351 5045 1575 5090 amare.
1611 5029 1852 5100 Semper
1871 5031 2070 5086 autem
2102 5044 2215 5086 ma.

559 5123 688 5183 lum
725 5126 814 5182 est
839 5137 1044 5182 amare
1068 5120 1202 5180 illos
1233 5136 1420 5195 supra
1451 5121 1664 5176 Deum.

2316 593 2456 646 αὐτὰ
2496 596 2562 646 τὰ
2591 592 2807 665 φίλτατα
2851 596 2971 664 γένη
3030 595 3214 646 θᾶττον
3264 589 3665 650 διεσπάσθησαν
3723 589 3778 642 ἐκ
3827 600 3954 653 τῆς

2315 681 2540 740 ἀλλήλων
2607 687 2904 754 συναφείας,
2961 687 3051 734 καὶ
3098 682 3326 754 εύχερώς
3371 680 3760 755 ἁπερραγησαν.
3815 683 3952 736 Καὶ

2319 769 2552 843 ἀλλαχοῦ
2594 767 2652 823 δε
2705 775 2761 822 τό
2814 767 3040 842 σφοδρόν
3085 770 3248 832 αὐτῆς
3298 775 3387 822 καὶ
3442 767 3765 842 δραστήριον
3824 768 3950 842 ἐμ.-

2316 863 2506 932 φαίνων
2575 864 2792 935 εἴρηκεν,
2861 861 2942 912 ὅτι
3004 865 3113 934 Πῦρ
3190 859 3343 917 ἦλθον
3426 857 3600 931 βαλεῖν
3669 857 3754 910 ἐπὶ
3823 861 3945 916 τὴν

2312 957 2432 1020 γῆν.
2493 945 2639 1002 Ἔδει
2685 951 2809 1022 γὰρ,
2869 944 2976 1000 ἔδει
3024 956 3226 1022 πρῶτον
3280 947 3606 1006 ἀποκοπῆναι
3657 949 3715 998 τό
3765 945 3944 998 ἀνιά-

2313 1057 2410 1099 τως
2453 1040 2598 1108 ἔχον,
2641 1034 2751 1090 εἶτα
2779 1040 2837 1090 τὸ
2884 1036 3061 1089 λοιπόν
3111 1036 3424 1110 εἰρηνεῦσαι,
3481 1040 3609 1109 πρός
3643 1054 3698 1088 τε
3737 1035 3938 1108 ἑαυτὸ,

2319 1131 2408 1180 καὶ
2437 1130 2564 1202 πρὸς
2592 1129 2680 1179 τὸν
2710 1131 2857 1180 Θεόν.
2893 1129 2986 1178 Διὰ
3013 1133 3166 1178 τοῦτο
3212 1129 3384 1178 τοίνυν
3435 1125 3593 1185 οὕτως
3641 1123 3945 1198 ἀποτόμως

2315 1212 2473 1284 εἶπεν,
2561 1217 2644 1268 ἵνα
2699 1221 3036 1286 γινώσκοντες
3108 1222 3296 1282 ταῦτα,
3385 1218 3456 1287 μὴ
3537 1215 3930 1288 ταράττωνται.

2316 1304 2688 1378 Προσεξωπλοῖ
2741 1299 2801 1356 δε
2837 1308 2926 1356 καὶ
2976 1306 3052 1356 ἔτι
3087 1307 3176 1356 τόν
3214 1308 3331 1378 περὶ
3380 1305 3559 1356 τούτου
3597 1302 3769 1374 λόγον,
3824 1323 3940 1374 γυ-

2317 1393 2526 1465 μνάζων
2567 1397 2659 1452 την
2707 1391 2866 1451 ἀκοὴν
2921 1393 3086 1445 αὐτῶν
3140 1401 3202 1466 τῇ
3251 1395 3550 1468 τραχύτητι
3587 1400 3686 1444 τῶν
3739 1391 3932 1466 ῥημά-

2309 1501 2428 1549 των,
2464 1483 2546 1535 ἵνα
2573 1487 2644 1555 μὴ
2691 1483 2740 1534 ἐν
2787 1489 2850 1555 τῇ
2901 1478 3161 1554 δυσκολίᾳ
3189 1490 3289 1534 τῶν
3331 1483 3650 1557 πραγμάτων
3682 1480 3930 1553 ἰλιγγιά-

2313 1590 2503 1626 σωσιν.

2379 1659 2568 1713 Ἦλθον
2630 1691 2698 1701 -
2741 1667 2834 1720 τῆς
2880 1660 3126 1732 πενθερᾶς
3177 1659 3358 1720 αὐτῆς.
3413 1658 3572 1731 [(34)
3623 1662 3866 1731 Μιχαίου
3899 1677 3917 1691 ο

2312 1750 2546 1823 θυγάτηρ
2622 1747 3041 1806 ἐπαναστήσεται
3121 1747 3207 1799 ἐπὶ
3271 1753 3364 1805 τὴν
3445 1753 3646 1822 μητέρα
3727 1747 3914 1814 αὐτῆς,

2242 1840 2484 1910 Βνύμφη
2575 1837 2659 1890 επὶ
2713 1842 2806 1895 τὴν
2881 1839 3125 1911 πενθερὰν
3183 1836 3340 1896 αὐτῆς
3373 1853 3386 1866 ⁸
3454 1835 3640 1910 ἐχθροὶ
3697 1833 3905 1911 ἀνδρὸς,

2311 1928 2496 1986 πάντες
2526 1928 2573 1978 οἱ
2605 1924 2652 1978 ἕν
2681 1934 2753 1996 τῷ
2790 1927 2914 1996 οῖκῳ
2945 1925 3124 1980 αὑτοῦ.
3154 1923 3176 1998 ]

2390 2017 2551 2067 Πάλιν
2584 2011 2678 2066 διὰ
2723 2021 2823 2066 τῶν
2862 2013 3115 2086 φιλτάτων
3162 2017 3379 2082 τούτων,
3427 2020 3674 2068 παντοίαν
3729 2021 3912 2088 συγγί-

2311 2123 2446 2156 νειαν
2506 2103 2724 2175 ἐνέφηνε.
2785 2103 3087 2156 Οἰκειότατα
3145 2101 3202 2156 δὲ
3261 2101 3417 2172 εἶπεν,
3477 2105 3744 2178 ἄνθρωπον
3797 2110 3907 2177 μὲν,

2311 2195 2472 2244 εἶτουν
2525 2194 2657 2258 υἱόν,
2713 2189 2896 2244 διελεῖν
2951 2195 3087 2244 κατὰ
3137 2201 3228 2244 τοῦ
3281 2197 3474 2266 πατρὸς
3516 2196 3694 2265 αὐτοῦ,
3753 2198 3910 2267 θύγα-

2310 2285 2432 2354 τέρα
2479 2277 2536 2332 δε
2583 2282 2719 2332 κατὰ
2759 2288 2852 2342 τῆς
2894 2284 3088 2352 μητρὸς
3137 2280 3332 2340 αὐτῆς·
3386 2282 3612 2356 φίλτεροι
3649 2286 3749 2358 γὰρ
3799 2287 3913 2346 υὶος

2310 2372 2400 2442 μεν
2456 2375 2639 2440 πατρὶ,
2689 2370 2923 2441 θυγάτηρ
2980 2368 3040 2421 δε
3106 2375 3286 2444 μητρὶ,
3352 2367 3425 2422 δι’
3483 2373 3764 2443 ὁμοιότητα
3816 2375 3907 2442 φύ-

2313 2477 2458 2519 σεως.
2521 2462 2620 2510 Καὶ
2677 2461 2765 2515 τὴν
2817 2461 3019 2530 νύμφην
3077 2455 3136 2510 δε
3204 2459 3356 2520 αὖθις
3420 2456 3680 2532 ἁρμοδίως
3734 2462 3908 2531 εἶρηκε

2313 2544 2544 2618 διχάσαι
2572 2549 2708 2598 κατὰ
2744 2555 2837 2608 τῆς
2867 2548 3107 2621 πενθερᾶς
3139 2547 3319 2609 αὐτῆς.
3359 2547 3550 2605 Πολλὴν
3593 2550 3694 2622 γὰρ
3745 2544 3902 2613 αἰδὼ,

2308 2641 2398 2688 καὶ
2441 2639 2618 2707 τιμὴν,
2676 2639 2766 2687 καὶ
2821 2637 3091 2710 θεραπείαν
3140 2643 3394 2710 παρεῖχον
3447 2639 3501 2690 αἰ
3546 2657 3740 2710 νυμφαι
3795 2632 3907 2698 ταῖς

2308 2726 2594 2800 πενθεραῖς.
2659 2727 2755 2776 Διὰ
2811 2721 2870 2776 δε
2940 2732 3035 2786 τῆς
3103 2727 3320 2798 νύμφης,
3371 2723 3605 2784 ίδήλωσε
3665 2731 3755 2779 καὶ
3819 2730 3908 2778 τόν

2308 2817 2524 2885 νυμφίον
2593 2816 2728 2865 κατὰ
2783 2820 2873 2864 τοῦ
2930 2815 3174 2888 πενθεροῦ
3247 2810 3619 2886 διχαζόμενον.
3697 2817 3906 2868 Ὀπίσω

2308 2905 2397 2974 μὲν
2449 2898 2537 2953 οὖν
2595 2901 2760 2960 ἁπλῆν
2814 2901 3174 2974 ἀπαρίθμησιν
3233 2902 3535 2972 ἄποιὴσατο,
3593 2903 3765 2969 εἰπὼν,
3827 2905 3911 2956 ὅτε

2310 2986 2623 3064 Παραδωσει
2673 2987 2889 3062 ἀδελφός
2936 2987 3152 3063 ἀδελφόν
3193 2991 3265 3052 εἰς
3315 2993 3554 3056 θάνατον,
3593 2997 3681 3044 καὶ
3731 2997 3910 3067 πατὴρ

2306 3083 2476 3130 τέκνον
2511 3095 2523 3107 ·
2603 3077 2824 3131 ίνταῦθα
2902 3075 2960 3131 δε
3043 3084 3231 3152 τρόπον
3285 3080 3450 3153 ἕτερον
3500 3079 3913 3152 ἀπηριθμήσατο

2309 3170 2658 3238 φυσικώτερον
2694 3185 2746 3219 τε
2783 3171 2872 3219 καὶ
2919 3173 3318 3240 σχετικὼτερον.
3377 3167 3436 3220 Εἰ
3482 3164 3540 3220 δὲ
3568 3171 3653 3220 τόν
3703 3170 3914 3244 ἄνθρω-

2307 3271 2401 3305 πον
2464 3249 2690 3324 διχάσει
2740 3257 2874 3307 κατὰ
2918 3264 3010 3307 τοῦ
3069 3257 3430 3328 ὑπερκειμένου
3487 3259 3686 3330 πατρὸς
3723 3257 3911 3327 αὐτοῦ,

2307 3341 2476 3412 πολλῷ
2517 3342 2704 3415 μᾶλλον
2757 3347 2893 3396 κατὰ
2936 3353 3027 3405 τῆς
3082 3347 3419 3416 ὑποκειμένης
3460 3345 3601 3417 αὐτῷ
3652 3349 3910 3419 συζύγου.

2306 3437 2410 3482 Τοῦ
2439 3433 2530 3502 μὲν
2559 3434 2660 3504 γὰρ
2695 3434 2869 3504 φύσει,
2909 3440 3004 3494 τῆς
3057 3429 3115 3485 δε
3170 3434 3308 3485 θέσει
3352 3437 3410 3485 τό
3456 3433 3680 3506 φίλτρον.
3719 3442 3914 3508 Τιμιώ-

2309 3538 2451 3593 τερον
2502 3516 2562 3572 δε
2605 3524 2663 3572 τό
2695 3539 2846 3592 φυσει
2875 3528 2965 3572 τοῦ
3017 3522 3172 3574 θέσει.
3218 3524 3413 3574 Λοιπὸν
3448 3522 3556 3590 οὖν,
3607 3525 3675 3584 ὡς
3728 3520 3907 3590 δῆλον,

2311 3605 2474 3679 ἀφῆκε
2521 3604 2675 3661 τοῦτο
2727 3611 2982 3666 νοεῖσθαι.
3043 3613 3240 3682 Προϊὼν
3298 3605 3356 3662 δε
3411 3611 3581 3684 ῥητῶς
3653 3617 3738 3664 καί
3790 3617 3910 3686 περὶ

2308 3703 2408 3748 τῶν
2473 3697 2713 3768 συζύγων
2772 3694 3012 3763 διέξεισι,
3075 3697 3255 3770 λέγων,
3314 3699 3393 3750 ὅτι
3453 3706 3551 3760 πᾶς
3605 3698 3654 3759 ὃς
3715 3697 3905 3768 ἀφῆκεν

2311 3786 2497 3853 οἰκίαν,
2537 3788 2566 3845 ἢ
2606 3783 2876 3858 ἀδελφοὺς,
2926 3787 2954 3845 ἦ
3003 3783 3246 3860 ἀδελφὰς,
3283 3788 3312 3847 ἦ
3363 3793 3578 3861 πατέρα,
3620 3788 3647 3845 ἣ
3682 3789 3900 3860 μητέρα,

2313 3880 2342 3935 ἣ
2385 3883 2629 3947 γυναῖκα,
2675 3876 2704 3934 ἦ
2757 3879 2927 3943 τέκνα,
2981 3876 3008 3934 ἢ
3059 3875 3268 3952 ἀγρούς,
3318 3877 3476 3930 ἕνεκεν
3520 3885 3610 3929 τοῦ
3663 3875 3909 3948 ὀνόματός

2313 3983 2436 4036 μου,
2487 3963 2989 4017 ἑκατονταπλασίονα
3051 3964 3294 4037 λήψεται,
3367 3971 3456 4018 καὶ
3505 3967 3644 4028 ζωὴν
3706 3965 3912 4018 αἰώνιον

2314 4051 2606 4126 κληρονομή
2617 4072 2715 4108 σει.

2389 4146 2490 4194 Καὶ
2531 4140 2715 4215 ἐχθροὶ
2762 4173 2830 4182 —
2880 4142 3060 4195 αὐτοῦ.
3110 4149 3276 4198 Τοῦτο
3325 4149 3644 4219 προφητικὸν
3691 4143 3804 4197 ἔστι
3855 4148 3914 4197 τό

2313 4231 2470 4304 ῥητόν
2511 4229 2692 4302 λεχθὲν
2745 4230 2904 4282 πάλαι
2961 4235 3096 4284 κατὰ
3151 4241 3250 4286 τῶν
3305 4231 3595 4301 Ἰουδαίων,
3664 4235 3748 4287 ὅτε
3799 4235 3916 4287 κατ’

2315 4319 2543 4378 ἀλλήλων
2583 4318 2918 4392 ἐσχίσθησαν
2953 4339 2965 4352 ·
2999 4322 3024 4372 ό
3078 4318 3136 4374 δὲ
3187 4326 3417 4395 Χριστὸς
3470 4323 3718 4398 εὐκαίρως
3762 4330 3917 4376 τοῦτο

2314 4414 2415 4468 τοῖς
2461 4413 2815 4480 προκειμένοις
2863 4414 3224 4484 προσήρμοσε,
3275 4407 3466 4478 δηλῶν,
3518 4413 3598 4464 ὄτι
3648 4415 3830 4473 πάντες
3869 4414 3918 4465 οἱ

2317 4496 2497 4549 οἰκεῖοι
2551 4505 2642 4550 τοῦ
2685 4497 2945 4570 μέλλοντος
2996 4502 3257 4553 πιστεύειν
3315 4499 3500 4574 ἐχθροὶ
3553 4503 3720 4574 τούτῳ
3765 4507 3920 4574 γενή-

2241 4583 2286 4637 D
2321 4603 2520 4637 σονται.

2386 4673 2444 4726 ’0
2498 4673 2652 4747 φιλῶν
2711 4705 2778 4716 -
2838 4675 2996 4738 ἄξιος.
3075 4675 3352 4730 Κάνταῦθα
3417 4681 3535 4752 περὶ
3595 4682 3760 4751 μόνων
3816 4687 3919 4732 τῶν

2321 4761 2559 4816 ἀνιόντων
2615 4769 2705 4817 καὶ
2763 4770 3042 4817 κατιόντων
3121 4764 3196 4838 ἐφ’
3246 4765 3448 4838 ἑκάστῳ
3523 4762 3779 4838 διέλαϐεν,
3849 4770 3920 4830 ὡς

2321 4852 2657 4926 οἰκειοτέρων.
2709 4852 2768 4906 Ὀ
2830 4853 3004 4926 φιλῶν,
3069 4859 3249 4927 φησὶν,
3321 4854 3530 4925 αύτούς,
3587 4857 3733 4931 ὑπὲρ,
3809 4856 3918 4929 ἐμέ.

2319 4940 2441 4994 "Ore
2492 4945 2582 5014 μεν
2637 4944 2735 5018 γὰρ
2796 4942 3116 5009 εὐσεϐοῦσιν,
3173 4942 3326 4995 καλὸν
3367 4946 3425 4995 τό
3483 4943 3642 5016 φιλεῖν
3689 4944 3875 5008 αύτούς
3905 4968 3916 4980 ·

2324 5029 2403 5084 ἀεὶ
2442 5026 2500 5085 δε
2526 5034 2704 5098 κακὸν,
2741 5034 2800 5084 τὸ
2829 5031 2987 5103 φιλεῖν
3018 5032 3206 5096 αὐτοὺς
3237 5033 3363 5106 ὑπερ
3383 5035 3469 5086 τὸν
3501 5037 3649 5088 Θεόν.

631 5277 678 5312 ⁸³
708 5276 845 5333 Luc.
873 5291 968 5344 xu,
994 5278 1083 5333 49.
1119 5275 1162 5310 ⁸⁷
1197 5270 1371 5330 Mich.
1394 5284 1495 5335 vn,
1529 5272 1586 5326 6.
1627 5268 1674 5304 ³⁸
1697 5267 1899 5325 Matth.
1937 5283 1996 5335 x,
2030 5271 2117 5323 2i.
2148 5269 2195 5305 ³⁸

2310 5269 2417 5329 tth.
2447 5285 2564 5336 nx,
2590 5274 2683 5329 29.

1790 5446 2014 5517 Variae
2034 5447 2362 5517 lectiones
2393 5457 2460 5516 et
2493 5461 2691 5517 notae.

634 5648 744 5724 (34)
777 5651 910 5704 Haec
938 5659 1075 5718 quae
1101 5641 1334 5700 inclusa
1367 5645 1525 5714 sunt,
1555 5651 1801 5720 uterque
1831 5645 2021 5703 Codex
2057 5645 2243 5704 habet
2271 5645 2334 5703 in
2372 5645 2651 5717 margine.
2675 5646 2856 5705 Paulo
2877 5646 3122 5706 inferius
3159 5648 3418 5709 habebat
3451 5651 3797 5710 Hentenius.
