4176 6430
239 388 338 446 345
1217 390 1590 450 COMMENT.
1632 391 1701 447 IN
1741 390 2190 449 MATTHEUM.
2229 422 2295 432 —
2329 391 2490 448 CAP.
2533 387 2628 446 XI.
3481 388 3588 445 346

311 519 408 569 Καὶ
437 515 491 576 ὃς
515 546 584 557 -
612 516 775 580 ἄξιος.
809 520 1030 592 Σταυρὸν
1058 517 1216 590 λέγει,
1241 521 1328 570 τὸν
1358 521 1487 590 πρὸς
1515 519 1580 570 τὰ
1606 516 1831 590 βιωτικὰ
1861 518 1905 572 Λ

2011 517 2176 573 Vers.
2209 516 2298 572 38.
2333 517 2408 572 Et
2436 517 2542 588 qui
2576 547 2644 556 —
2684 514 2913 586 dignus.
2953 516 3200 571 Crucem
3231 515 3407 570 vocat
3436 529 3587 570 mor-

245 605 475 670 θάνατον,
531 601 670 656 διότι
701 607 984 676 θανάσιμον
1016 603 1075 664 ἧν
1115 610 1329 681 ὄργανον
1368 608 1394 658 6
1427 611 1665 680 σταυρὸς.
1712 609 1825 678 Χρὴ

1940 610 2054 661 tem
2095 605 2171 661 ad
2202 622 2271 661 ea
2301 621 2430 677 quae
2465 603 2672 660 mundi
2714 609 2851 658 sunt
2895 623 2907 662 :
2949 602 3091 676 quia
3122 603 3329 658 mortis
3375 603 3589 657 instru-

236 693 335 766 γὰρ
367 695 457 744 τόν
510 691 805 746 ἀκολουθεῖν
834 694 1078 766 μέλλοντα
1129 703 1199 765 τῷ
1231 703 1462 768 Χριστῷ,
1517 697 1831 768 νεκρωθῆναι

1942 699 2205 750 mentum
2253 699 2378 749 erat
2422 709 2588 749 crux.
2638 695 2879 765 Oportet
2928 693 3087 747 enim
3130 708 3266 747 eum
3297 692 3395 764 qui
3432 691 3586 746 Chri-

234 783 361 852 πρὸς
393 783 483 841 τὰς
533 785 790 852 κοσμικὰς
819 780 1032 852 ἡδονὰς,
1086 786 1154 845 ὡς
1195 782 1398 844 έκεῖνος.
1440 783 1742 838 Ἀκολουθεί
1771 779 1830 835 δε

1939 788 2092 838 stum
2108 787 2412 838 secuturus
2433 787 2540 846 est,
2559 787 2857 837 mortuum
2879 796 3010 835 esse
3023 782 3098 835 ad
3126 779 3465 836 mundanas
3491 796 3586 833 vo-

234 868 407 922 όπίσω
439 869 623 940 αὐτοῦ,
654 876 755 932 πᾶς
785 872 810 922 6
847 869 1039 945 βαίνων
1089 870 1203 924 κατ’
1260 875 1409 946 ἴχνος
1448 880 1542 933 τῆς
1570 871 1831 934 πολιτείας

1937 871 2216 944 luptates,
2248 871 2404 926 sicut
2429 869 2546 927 ille.
2569 870 2843 942 Sequitur
2871 875 3070 925 autem
3094 868 3281 935 illum,
3312 868 3586 942 quisquis

231 958 419 1012 αὐτοῦ.
1939 975 2037 1032 per
2066 959 2320 1028 vestigia
2345 959 2814 1015 conversationis
2843 959 2974 1029 ejus
3001 957 3239 1012 incedit.

294 1047 357 1100 '0
391 1077 460 1087 -—
495 1045 736 1102 ἀπολέσει
755 1049 936 1108 αὐτήν.
959 1081 1023 1092 —-
1043 1049 1102 1103 '0
1132 1052 1308 1126 ιὺρὼν,
1340 1049 1454 1103 ἀντὶ
1474 1058 1584 1121 τοῦ,
1611 1051 1669 1103 Ὀ
1707 1069 1827 1124 κερ-

2013 1048 2174 1104 Vers.
2221 1052 2308 1104 39.
2347 1049 2459 1114 Qui
2486 1079 2554 1088 —
2582 1047 2778 1118 perdet
2806 1062 2955 1104 eam.
2991 1047 3099 1111 Qui
3130 1046 3439 1110 invenerit,
3472 1045 3584 1100 hoc

227 1130 400 1196 δάνας
424 1135 588 1194 αὐτὴν
617 1137 665 1188 έν
694 1147 858 1212 καιρῷ
883 1145 1194 1214 μαρτυρίου,
1221 1145 1310 1192 καὶ
1337 1144 1409 1212 μὴ
1431 1138 1683 1201 ἀπολέσας
1713 1140 1829 1209 (35)

1938 1141 2044 1207 est,
2076 1137 2337 1192 lucratus
2378 1135 2552 1193 fuerit
2597 1142 2862 1207 tempore
2896 1135 3187 1207 martyrii,
3223 1140 3279 1190 et
3311 1149 3430 1189 non
3465 1148 3587 1206 per-

228 1222 394 1281 αὖτήν
427 1219 504 1276 δι’
532 1223 854 1298 ἀναιρέσεως,
887 1226 1034 1290 οὗτος
1066 1226 1304 1281 ἆπολέσιι
1325 1228 1504 1298 αὐτὴν,
1545 1227 1592 1279 έν
1611 1235 1681 1297 τῷ
1709 1226 1828 1299 μέλ-

1937 1225 2149 1281 diderit
2201 1241 2306 1298 per
2358 1230 2632 1291 mortem,
2681 1225 2778 1281 hic
2829 1224 3035 1296 perdet
3080 1239 3214 1279 eam
3265 1224 3327 1278 in
3383 1222 3581 1278 futuro

230 1310 364 1365 λοντι
399 1317 575 1380 αἰῶνι,
634 1319 920 1383 τουτέστιν,
985 1316 1052 1377 εὶς
1085 1317 1298 1370 κόλασιν
1351 1316 1579 1390 έμϐαλεῖ,
1612 1319 1680 1377 ὡς
1709 1335 1830 1392 προ·

1938 1314 2177 1377 saeculo,
2225 1315 2336 1371 hoc
2392 1319 2502 1379 est,
2560 1314 2620 1370 in
2675 1313 3031 1386 supplicium
3084 1313 3326 1384 injiciet,
3373 1326 3585 1383 nempe

241 1396 532 1454 δεδωκυῖαν
556 1407 650 1461 τήν
687 1407 886 1456 πίστιν.

687 1407 886 1456 πίστιν.
1936 1403 2163 1475 perdita
2190 1403 2332 1459 ﬁde.

293 1493 404 1542 Καὶ
433 1491 462 1542 ό
496 1521 562 1531 -
594 1492 801 1566 εὑρήσει
831 1492 1010 1553 αὐτήν.
1040 1493 1100 1548 Ὀ
1153 1490 1212 1548 δι
1241 1493 1533 1570 ἀφαιρεθεὶς
1563 1495 1723 1554 αὐτὴν
1754 1490 1828 1547 δι’

2008 1493 2168 1548 Vers.
2193 1493 2280 1548 39.
2309 1492 2388 1548 Et
2407 1493 2510 1563 qui
2530 1522 2591 1531 —
2620 1491 2877 1548 inveniet
2903 1506 3053 1548 eam.
3075 1490 3176 1545 Cui
3199 1489 3398 1546 ablata
3415 1489 3587 1546 fuerit

224 1576 306 1650 έμε
335 1580 492 1653 παρὰ
521 1587 620 1632 τῶν
651 1579 904 1648 ἀπίστων,
963 1582 1114 1646 οὗτος
1149 1585 1358 1657 εὑρήσει
1413 1583 1604 1656 μᾶλλον
1642 1584 1825 1650 αὐτήν,

1937 1596 2064 1638 mea
2079 1597 2261 1638 causa
2280 1581 2359 1636 ab
2380 1580 2745 1650 inﬁdelibus,
2767 1581 2862 1636 hic
2885 1580 3083 1652 potius
3109 1579 3367 1635 inveniet
3397 1579 3574 1644 illam,

222 1671 410 1737 ἤγουν,
439 1665 701 1742 κερδανεῖ,
736 1675 915 1727 σώσει.
969 1678 1144 1726 Ταῦτα
1192 1668 1251 1724 δε
1279 1672 1463 1743 ἔλεγεν,
1497 1672 1708 1744 ἀπάγων
1738 1676 1828 1745 μεν

1938 1671 2056 1726 sive
2079 1670 2424 1733 lucrabitur,
2451 1670 2510 1725 id
2539 1675 2650 1738 est,
2674 1668 2952 1725 servabit.
2981 1671 3112 1724 Haec
3125 1672 3326 1724 autem
3350 1667 3587 1722 dicebat

221 1756 419 1816 αὐτοὺς
466 1765 564 1819 τῆς
615 1757 852 1829 ἀγεννοῦς
905 1759 1246 1832 φιλοψυχίας·
1288 1763 1597 1836 παραθήγων
1629 1760 1687 1815 δε
1721 1762 1828 1814 έπι-

1938 1759 2241 1815 adducens
2266 1759 2395 1814 illos
2419 1759 2498 1814 ab
2531 1759 2751 1828 ignavo
2776 1757 2906 1813 vitai
2935 1773 3160 1821 amore,
3189 1761 3246 1812 et
3269 1757 3344 1812 ad
3374 1762 3587 1826 marty-

219 1848 275 1895 τό
305 1849 623 1921 μαρτύριον.
644 1847 747 1902 Καὶ
769 1846 1002 1920 ἀλλαχοῦ
1028 1848 1100 1922 [ἐν
1128 1851 1241 1921 (36)
1261 1859 1330 1921 τῷ
1356 1860 1649 1925 τριακοστῷ
1670 1857 1827 1922 τρίτῷ
1862 1863 1868 1918 ]

1937 1848 2093 1903 rium
2115 1863 2482 1919 provocans:
2502 1847 2667 1918 quod
2690 1846 2865 1901 etiam
2891 1845 3192 1901 tricesimo
3207 1845 3370 1900 tertio
3396 1845 3584 1916 capite

218 1933 486 2005 κεφαλαίῳ
517 1933 539 2008 ]
573 1931 607 1987 δ
610 1939 631 1987 ι
656 1935 829 2005 πάλιν,
852 1936 1028 2012 έτέρως
1049 1939 1075 1990 6
1096 1943 1317 2013 Χριστός
1335 1943 1394 1992 τό
1415 1943 1578 2013 παρόν
1598 1959 1828 2012 μετεχει-

1938 1936 2098 1993 facit.
2141 1939 2394 1992 Rursum
2441 1935 2580 1991 alibi
2616 1935 2777 1991 vario
2810 1935 2990 1991 modo
3025 1934 3294 1990 Christus
3324 1939 3584 1990 mentem

216 2027 418 2093 ρίσατο
459 2023 573 2094 (37)
605 2028 792 2097 νόημα.
861 2031 962 2079 Καὶ
1022 2025 1264 2090 πολλάκις
1313 2027 1392 2080 έπὶ
1432 2028 1628 2081 πολλῶν
1687 2030 1830 2082 εἴωθε

1777 2030 1830 2082 Oi
1937 2025 2186 2099 impellit
2219 2042 2231 2080 :
2265 2026 2610 2098 smpiusque
2631 2025 2691 2080 id
2719 2027 2776 2080 in
2808 2025 3008 2081 multis
3039 2025 3230 2080 facere
3256 2024 3420 2080 solet.

217 2130 377 2163 τουτο
407 2131 591 2168 ποιειν,

289 2201 350 2252 Ὀ
393 2232 465 2241 -
515 2205 600 2252 τόν
660 2200 1039 2255 ἀποστείλαντά
1094 2224 1176 2276 με.
1245 2213 1422 2258 Ταῦτα
1487 2203 1642 2272 εἶπεν,
1695 2208 1830 2262 ἀνοί-

2010 2205 2169 2259 Vers.
2213 2205 2301 2260 40.
2344 2203 2457 2271 Qui
2493 2235 2561 2244 —
2599 2218 2692 2259 me
2731 2202 2896 2258 misit.
2950 2203 3083 2258 Haec
3120 2202 3265 2258 dixit
3313 2202 3584 2274 aperiens

215 2311 326 2360 you
358 2297 469 2350 τοῖς
499 2292 762 2362 μαθηταῖς
813 2295 908 2353 τὰς
947 2293 1116 2355 οἰκίας
1173 2303 1270 2346 τῶν
1317 2302 1683 2351 πιστευόντων.
1746 2304 1830 2359 Τίς

1938 2291 2244 2364 discipulis
2287 2292 2505 2348 domos
2532 2291 2819 2347 ﬁdelium.
2858 2291 2998 2357 Quis
3036 2291 3195 2346 enim
3225 2291 3359 2346 laeta
3399 2290 3585 2345 fronte

215 2381 321 2452 γὰρ
386 2378 481 2430 οὐκ
536 2378 594 2430 ἆν
657 2379 931 2442 ἀσπασίως
983 2381 1170 2445 αὐτοὺς
1227 2383 1434 2451 έξενισε,
1485 2385 1675 2458 μελλων
1707 2388 1828 2440 ὑπο·

1938 2380 2070 2436 illos
2107 2396 2230 2436 non
2272 2381 2519 2452 excipiet
2549 2380 2836 2453 hospitio,
2877 2396 2983 2452 per
3008 2380 3172 2452 ipsos
3203 2383 3585 2451 suscepturus

219 2463 487 2528 δέξασθαι
530 2465 605 2520 δι’
638 2467 806 2520 αὐτῶν
827 2473 918 2542 μεν
947 2473 1031 2523 τὸν
1067 2474 1207 2542 Υἰόν,
1241 2469 1275 2525 δ
1281 2475 1334 2525 ιὰ
1357 2481 1448 2526 τοῦ
1477 2476 1599 2528 Υἱοῦ
1631 2471 1708 2542 δε,
1741 2480 1829 2529 τόν

1328 2481 1448 2526 ετοῡ
1477 2476 1599 2528 rimi
1631 2471 1708 2542 δὲ,
1741 2480 1829 2529 τὸν
1940 2468 2169 2536 Filium,
2205 2473 2259 2525 et
2291 2485 2396 2542 per
2426 2468 2661 2537 Filium,
2696 2468 2926 2525 Patrem
2951 2469 2977 2522 ?

221 2559 440 2630 Πατέρα
471 2571 486 2621 ;

293 2644 352 2696 '0
384 2675 457 2684 —
485 2643 727 2716 λήψεται.
787 2653 886 2700 Καὶ
935 2656 1101 2701 ταῦτα
1158 2647 1252 2702 διὰ
1301 2655 1395 2709 τήν
1458 2651 1618 2711 αὐτὴν
1659 2654 1829 2707 αἰτίαν

2012 2648 2169 2702 Vers.
2220 2649 2308 2703 41.
2369 2647 2480 2715 Qui
2521 2678 2589 2689 —
2638 2648 2898 2716 accipiet.
2949 2647 3136 2704 Etiam
3172 2647 3300 2703 haec
3348 2652 3587 2718 propter

225 2737 427 2804 εἴρηκε.
505 2733 804 2796 Καθολικῶς
885 2733 944 2790 δε
1026 2748 1227 2811 πρῶτον
1308 2739 1640 2812 ἀποφαίνεται
1714 2748 1828 2816 πιρὶ

1939 2735 2215 2791 eamdem
2257 2735 2406 2792 dixit
2453 2752 2721 2794 causam.
2762 2737 3116 2793 Generaliter
3154 2741 3353 2792 autem
3391 2735 3587 2807 primo

223 2821 401 2884 ἁπλῶς
460 2829 750 2896 προφήτου,
809 2831 898 2878 καὶ
947 2832 1066 2900 περὶ
1137 2826 1310 2890 ἁπλῶς
1366 2826 1576 2883 δικαίου
1636 2848 1647 2861 ο
1718 2830 1830 2885 εἶτα

1938 2823 2276 2896 simpliciter
2320 2825 2395 2880 de
2433 2825 2725 2898 propheta
2768 2825 2963 2890 sentit,
3009 2841 3079 2881 ac
3130 2824 3476 2896 simpliciter
3513 2824 3587 2880 de

218 2910 460 2985 ἀπιφέρει
508 2917 624 2986 περὶ
674 2922 772 2965 τῶν
829 2916 1094 2986 μαθητῶν.
1130 2921 1283 2988 Λέγει
1328 2914 1406 2984 δε,
1440 2921 1519 2971 ὁτι
1559 2922 1584 2971 ό
1619 2920 1828 2983 ξενίζων

1934 2912 2094 2983 justo
2123 2913 2395 2982 intelligit
2427 2914 2532 2985 (zz)
2570 2931 2582 2979 ;
2615 2919 2672 2969 et
2697 2914 2912 2970 deinde
2944 2915 3018 2969 de
3045 2913 3360 2986 discipulis
3391 2912 3583 2969 infert.

219 3006 521 3072 προφήτην,
579 3002 607 3059 ἦ
672 3001 842 3063 ἁπλῶς
891 2999 1119 3074 δίκαιον,
1175 3011 1248 3077 μη
1304 3009 1419 3059 κατ’
1467 3007 1738 3080 έπίδειξιν,
1793 3016 1823 3070 ἦ

1938 2999 2084 3056 Dicit
2123 3002 2283 3057 enim
2321 3019 2338 3060 :
2376 3002 2485 3068 Qui
2527 3003 2884 3074 prophetam
2926 3008 3029 3058 aut
3062 3004 3292 3074 justum
3333 3002 3587 3074 hospitio

218 3095 336 3142 τίνα
390 3094 586 3162 τρόπον
635 3089 1118 3164 ἐσχηματισμένον,
1176 3094 1282 3146 ἀλλ’
1335 3097 1406 3158 εἰς
1478 3102 1637 3170 ὄνομα
1696 3119 1823 3173 προ-

1936 3090 2171 3162 excipit,
2191 3106 2311 3146 non
2329 3091 2405 3145 ad
2426 3091 3022 3157 demonstrationem,
3042 3098 3145 3147 aut
3161 3091 3280 3148 alio
3297 3092 3585 3164 quopiam

217 3184 402 3250 φήτου,
433 3179 463 3236 ἦ
507 3174 743 3248 δικαίου,
787 3185 1048 3245 τουτέστι,
1091 3179 1165 3234 δι’
1195 3183 1410 3238 αὐτότὸ
1455 3185 1822 3258 ὀνομάζεσθαι,
1861 3222 1866 3259 ε

1937 3177 2218 3234 simulato
2251 3179 2454 3245 modo,
2488 3179 2590 3234 sed
2618 3179 2697 3235 ob
2724 3195 2943 3235 nomen
2970 3181 3274 3251 prophetas
3305 3180 3394 3234 vel
3419 3179 3583 3250 justi,

215 3272 304 3320 καὶ
330 3263 467 3320 εἶναι
511 3266 721 3334 αὐτοὺς,
773 3272 859 3320 τόν
911 3272 1002 3341 μεν
1048 3277 1337 3345 προφήτην,
1383 3278 1469 3326 τόν
1501 3272 1560 3327 δε
1596 3273 1823 3338 δίκαιον,

1940 3266 1995 3321 id
2038 3271 2144 3337 est,
2188 3271 2432 3338 propter
2473 3268 2587 3323 hoc
2626 3268 2823 3339 ipsum
2874 3268 3039 3339 quod
3095 3269 3486 3324 nominantur
3531 3272 3589 3324 et

217 3357 410 3426 μισθόν
444 3362 714 3430 προφήτου
767 3357 1007 3428 λήψεται.
1063 3366 1227 3414 Τοῦτο
1279 3359 1338 3414 δε
1369 3359 1560 3422 διπλῆν
1590 3367 1703 3436 ἔχει
1732 3370 1826 3424 τήν

1938 3359 2082 3418 sunt,
2124 3354 2218 3410 ille
2266 3354 2570 3426 propheta,
2608 3361 2664 3410 et
2706 3356 2797 3410 hic
2824 3356 3040 3426 justus,
3080 3355 3413 3410 mercedem
3447 3370 3587 3426 pro-

221 3445 515 3516 ἑρμηνείαν⁸
563 3443 630 3498 Ἠ
689 3447 767 3498 ὅτι
817 3455 916 3499 τῶν
969 3451 1097 3500 ἴσων
1146 3450 1319 3511 αὐτοῖς
1375 3461 1537 3524 τιμῶν
1571 3453 1825 3516 καταξιω-

1937 3443 2124 3514 phetae
2155 3449 2210 3498 et
2234 3441 2378 3514 justi
2421 3443 2688 3516 accipiet.
2735 3444 2795 3499 Id
2831 3448 3029 3499 autem
3065 3444 3366 3515 duplicem
3406 3443 3586 3500 habet

217 3536 441 3593 θήσεται
493 3549 506 3561 ⁹
565 3538 698 3606 μέγα
736 3538 834 3608 γὰρ
883 3541 968 3590 καὶ
1023 3540 1052 3596 ή
1106 3538 1380 3610 φιλοξενία,
1435 3546 1524 3594 καὶ
1575 3542 1821 3614 μᾶλλονή

1937 3530 2502 3604 interpretationem.
2530 3533 2625 3588 Vel
2653 3531 2820 3605 quod
2842 3532 3170 3606 aequalibus
3200 3548 3339 3588 cum
3360 3531 3452 3587 his
3477 3533 3586 3589 ho-

212 3629 314 3673 τῶν
351 3625 681 3696 θεραπόντων
738 3632 830 3678 τοῦ
865 3633 1018 3681 Θεοῦ.
1087 3626 1152 3680 Ἦ
1200 3629 1279 3680 ὅτι
1334 3631 1524 3700 μισθόν
1568 3633 1694 3704 ὑπερ
1733 3639 1825 3685 τοῦ

1938 3619 2175 3676 noribus
2205 3620 2425 3692 dignus
2450 3620 2790 3678 habebitur.
2815 3624 2963 3678 Nam
2994 3636 3217 3691 magna
3241 3637 3335 3676 res
3367 3627 3458 3678 est
3482 3622 3587 3678 ho-

210 3717 489 3785 προφήτου
547 3717 636 3764 καὶ
691 3714 818 3785 ὑπερ
881 3723 972 3767 τοῦ
1004 3711 1210 3769 δικαίου
1257 3717 1496 3789 λήψεται.
1539 3726 1659 3795 Περὶ
1700 3741 1825 3797 προ-

1936 3707 2228 3780 spitalitas
2284 3727 2297 3765 :
2340 3715 2396 3765 et
2427 3710 2724 3782 praecipue
2773 3711 2821 3767 si
2863 3711 2964 3767 Dei
2998 3711 3116 3767 sint
3153 3710 3430 3777 cultores,
3481 3710 3585 3783 qui

210 3805 381 3870 φήτου
425 3795 486 3852 δὲ
520 3807 608 3853 καί
638 3807 755 3876 περὶ
795 3798 1006 3856 δικαίου
1029 3805 1202 3874 εἰπὼν,
1233 3803 1444 3874 ἔδειξεν,
1495 3811 1573 3862 ότι
1626 3812 1674 3862 οὶ
1721 3795 1823 3884 μα-

1934 3798 2328 3869 excipiuntur.
2383 3799 2496 3854 Aut
2543 3799 2708 3872 quod
2760 3800 3013 3856 dicendo
3067 3800 3402 3856 mercedem
3450 3816 3581 3873 pro-

211 3890 396 3953 θηταὶ,
452 3893 542 3941 καὶ
603 3899 882 3962 προφῆται,
948 3897 1036 3946 καὶ
1094 3891 1295 3948 δίκαιοι
1351 3899 1578 3956 ἔσονται.
1626 3898 1734 3954 Ἱνα
1766 3897 1823 3954 δι

1936 3887 2127 3960 phetae
2152 3897 2208 3942 et
2230 3887 2394 3960 justi,
2423 3889 2748 3944 ostenderit
2773 3889 3097 3961 discipulos
3116 3894 3174 3945 et
3197 3890 3512 3962 prophetas
3529 3893 3585 3946 et

205 3982 277 4048 μή
308 3975 644 4051 προϐεὓηταί
691 3999 771 4042 τις
809 3986 1003 4054 μενίαν,
1046 3983 1142 4057 όρα
1172 3989 1332 4057 πέχρι
1358 3990 1522 4039 πόσου
1565 4007 1824 4060 συγκαταο

1934 3976 2122 4047 justos
2137 3975 2478 4034 futuros.Ne
2491 3978 2627 4050 quis
2642 3994 2779 4034 vero
2795 3979 3158 4050 paupertatis
3180 3979 3583 4035 velamentum

205 4064 407 4122 ϐαίνει.
1933 4064 2236 4130 obtendat,
2273 4066 2403 4122 vide
2423 4083 2740 4140 quousque
2767 4083 3105 4123 sermonem
3137 4068 3425 4124 demittat.

285 4158 394 4207 Καὶ
444 4185 514 4194 —
560 4158 644 4208 τὸν
697 4159 888 4229 μισθὸν
937 4159 1122 4217 αὐτοῦ.
1202 4167 1450 4236 Μικροὺς,
1499 4168 1614 4227 τοὺς
1655 4169 1825 4238 μαθη·

2005 4155 2170 4210 Vers.
2213 4157 2300 4208 42.
2335 4155 2409 4210 Et
2448 4185 2514 4196 —
2553 4155 2864 4211 mercedem
2901 4172 3085 4211 suam.
3133 4156 3388 4210 Pusillos
3433 4155 3583 4212 dixit

205 4246 302 4306 τὰς
339 4239 469 4314 εἶπε,
502 4240 776 4297 διδάσκων
807 4246 992 4310 αὐτοὺς
1020 4258 1398 4322 μετριοφρονεῐν
1431 4269 1443 4283 ·
1485 4253 1696 4327 ψυχρόν
1741 4254 1820 4324 δὲ,

1933 4240 2276 4313 discipulos,
2309 4243 2526 4298 docens
2549 4259 2650 4299 eos
2680 4243 3037 4299 modestiam
3075 4258 3332 4297 servare.
3367 4248 3582 4316 Ψυχρὸν

208 4338 268 4384 τό
332 4329 481 4404 ὕδωρ
545 4339 728 4405 φησίν.
785 4335 844 4387 Ὀ
904 4339 1117 4410 Μοίρκός
1171 4341 1270 4414 γὰρ
1312 4347 1567 4417 Ποτήριον
1629 4341 1824 4409 ὕδατος

1931 4330 2330 4386 communiter
2370 4331 2575 4387 dicunt
2617 4347 2837 4404 aquam
2887 4330 3188 4402 frigidam,
3227 4346 3580 4403 quanquam

211 4424 413 4496 εἰρηκε.
1931 4417 2272 4490 simpliciter
2295 4433 2518 4491 aquam
2545 4419 2879 4490 signiﬁcare
2919 4423 3132 4492 potest.
3167 4419 3325 4475 Unde
3355 4423 3413 4474 et
3435 4420 3583 4475 Mar-

1930 4522 2036 4564 cus
2075 4508 2121 4542 ‘0
2153 4513 2407 4584 Ποτήριον
2435 4505 2649 4575 ὕδατος,
2681 4508 2742 4566 id
2772 4513 2874 4574 est,
2919 4508 3197 4566 Poculum
3227 4524 3387 4581 aqua?
3413 4507 3584 4566 abso-

1852 4559 1896 4614 θ
1929 4559 2048 4652 fit};
2079 4559 2244 4652 dirit.

291 4674 396 4723 Καὶ
475 4668 670 4741 ἐγένετο
736 4701 798 4711 -
877 4673 1064 4725 αὐτῶν.
1135 4677 1462 4746 Διατάσσων,
1532 4679 1645 4734 ἀντὶ
1705 4691 1816 4751 τοῦ,

2000 4683 2151 4740 CAP-
2186 4688 2271 4752 XI,
2305 4701 2456 4742 vers.
2503 4687 2552 4741 1.
2586 4687 2667 4742 Et
2703 4687 2935 4757 factum
2971 4693 3071 4743 est.
3103 4718 3170 4728 —
3197 4687 3463 4744 illorum.
3497 4685 3581 4756 -Η-

217 4757 586 4832 Παραγῦιλων,
650 4757 1012 4833 ἐντελλόμενος.
1070 4763 1268 4823 Μετέϐη
1320 4763 1379 4819 δὲ
1431 4766 1636 4836 ἐκεῖθεν,
1689 4773 1821 4824 ὥστε

1935 4776 2256 4843 Διατοὲσσων,
2286 4792 2394 4848 pro
2421 4775 2797 4846 praecipiens,
2830 4776 3056 4847 jubens.
3106 4777 3462 4846 Progressus
3495 4780 3584 4829 est

216 4843 506 4899 διδάσκειν
563 4851 651 4900 καὶ
707 4853 992 4924 κηρύσσειν
1047 4851 1097 4903 έν
1145 4860 1254 4914 ταῖς
1301 4854 1484 4908 πόλεσι
1526 4866 1624 4910 τῶν
1655 4861 1822 4932 μαθη-

1934 4861 2069 4918 inde
2109 4863 2187 4920 ad
2217 4843 2547 4920 docendum
2587 4843 2644 4921 et
2679 4843 3133 4937 praedicandum
3160 4843 3583 4922 in‘civitatibus

288 5026 340 5060 ‘°
371 5025 552 5082 Marc.
582 5041 664 5094 ix,
695 5028 782 5083 41.

1467 5158 1690 5229 Variae
1722 5161 2046 5232 lectiones
2073 5175 2139 5233 et
2177 5175 2380 5234 notas.

311 5341 385 5398 35
438 5343 658 5400 ταύτην.
697 5346 766 5403 Α.
1933 5365 2087 5413 ποιεῖ.

289 5341 407 5486 ξ3ϐζ
425 5413 660 5470 Inclusa
675 5415 735 5471 in
759 5417 1115 5486 margine.B.
1139 5421 1355 5478 Eorum
1374 5420 1668 5486 loco,post
1689 5428 1822 5486 μάρ-
2003 5430 2087 5486 (37

263 5413 406 5502 ,(36)
425 5413 660 5502 Ῐηξιιξεξᾷ
675 5415 735 5497 ίζι
759 5417 1115 5502 ωεινβνξηιεοΒο
1135 5421 1355 5502 Eorum
1374 5420 1668 5502 loco,p_ost
1687 5428 1822 5501 μάρ-
2003 5430 2116 5499 (37)
2145 5429 2392 5502 Mentem
2417 5431 2742 5501 impellere,
2775 5431 3038 5490 alienum
3061 5434 3163 5489 est.
3181 5431 3307 5490 lmo
3321 5436 3584 5489 tractare

218 5489 418 5562 τύριον,
475 5486 796 5544 Hentenius
850 5486 1083 5546 videtur
1133 5491 1347 5563 legisse
1377 5486 1605 5549 sxai'iv
1755 5486 1822 5540 ὶ-

645 5487 796 5544 anius
850 5486 1083 5546 videtur
1133 5491 1347 5563 legisse
1377 5486 1605 5549 sxai'iv
1755 5486 1822 5540 ὶ-
1931 5486 2294 5557 εεήιεᾶιιίαηι.

221 5663 404 5792 d
449 5662 633 5720 Sentit
665 5695 727 5705 —
758 5663 1068 5737 intelligit.
1119 5673 1184 5724 In
1230 5668 1431 5729 Graeco
1475 5676 1563 5731 est
1605 5675 1803 5733 solum
1850 5678 2210 5752 ἀποφαίνεται,
2252 5678 2418 5754 quod
2447 5679 2612 5738 reddi
2661 5685 2873 5754 potest,
2914 5681 3198 5754 loquitur,
3229 5680 3582 5737 sententiam
