4176 6422
557 380 662 437 34⁸1

1884 383 2229 441 EUTHYMII
2272 385 2596 443 ZIGABENI

3805 394 3914 449 348

557 505 1004 578 discipulorum,
1036 522 1071 562 a
1095 507 1316 578 quibus
1343 508 1425 564 illi
1451 509 1562 565 orti
1591 514 1754 566 erant
1786 526 1798 564 :
1831 511 1952 566 sive
1983 511 2043 566 in
2073 511 2203 567 civi-

2317 520 2434 576 τῶν,
2497 511 2552 574 ἐξ
2600 513 2666 563 ὧν
2733 515 2989 588 ὥρμηντο.
3061 512 3148 586 [Ἢ
3195 513 3310 585 (38)
3376 515 3564 586 αὐτῶν,
3619 521 3757 580 ἦτοι,
3814 526 3924 571 τῶν

558 595 779 651 tatibus
804 595 1139 651 Judaorum

733 683 891 739 CAP.
937 687 1037 741 XX.
1069 685 1154 742 De
1181 687 1491 758 discipulis
1520 705 1554 743 a
1577 690 1810 746 Joanne
1839 691 2050 747 missis.

625 865 783 918 Vers.
821 866 873 917 2.
907 865 1055 919 Cum
1082 870 1271 920 autem
1302 865 1558 921 Joannes
1587 867 1848 923 audisset
1891 899 1958 908 —
2005 882 2207 938 exspe-

561 959 788 1008 ctamus
818 953 845 1008 ?
874 955 1060 1009 Lucas
1083 969 1220 1009 vero
1247 954 1386 1009 dicit
1413 955 1480 1019 ⁴⁰,
1511 956 1673 1027 quod
1697 955 1812 1026 ipsi
1835 958 2212 1013 renuntiave-

552 1047 691 1096 runt
725 1044 897 1111 signa
932 1043 1168 1106 Joanni,
1202 1048 1255 1097 et
1308 1047 1440 1098 tunc
1473 1043 1624 1098 duos
1667 1045 1958 1116 quosdam
1993 1062 2061 1100 ex
2097 1046 2210 1100 illis

553 1130 734 1196 misit,
756 1131 922 1202 quod
935 1131 1374 1188 aemulationem
1401 1132 1525 1187 sive
1545 1132 1830 1188 invidiam
1852 1134 2206 1202 manifestat,

551 1233 736 1289 quam
755 1218 1050 1275 habebant
1072 1219 1165 1275 isti
1190 1220 1480 1275 adversus
1505 1220 1822 1276 Christum.
1848 1222 1991 1277 Misit
2008 1229 2208 1277 autem

549 1306 680 1360 illos
729 1307 990 1364 Joannes
1044 1309 1441 1378 interrogans,
1506 1326 1584 1365 an
1625 1310 1753 1381 ipse
1804 1318 1980 1374 esset,
2027 1327 2209 1383 quem

551 1401 873 1452 venturum
919 1412 1048 1452 esse
1087 1398 1367 1454 dicebant
1412 1399 1544 1454 libri
1584 1400 2038 1471 prophetarum,
2084 1415 2208 1455 non

554 1489 842 1556 tanquam
870 1485 1152 1557 ignorans
1184 1504 1199 1540 :
1229 1503 1346 1557 quo
1376 1488 1535 1542 enim
1559 1492 1734 1560 pacto
1759 1487 2076 1553 dubitaret,
2106 1489 2210 1560 qui

557 1579 730 1629 antea
746 1591 880 1630 cum
902 1576 1350 1647 prmdicaverat,
1375 1583 1431 1632 et
1447 1578 1701 1649 propriis
1727 1578 2006 1633 manibus
2025 1578 2210 1648 bapti'

553 1669 805 1726 zaverat,
839 1680 908 1720 ac
938 1665 1198 1736 desuper
1237 1666 1637 1721 testimonium
1667 1667 1740 1721 de
1772 1682 1842 1721 eo
1873 1667 2204 1730 audiverat,

552 1751 947 1825 divinumque
991 1754 1268 1824 Spiritum
1323 1770 1504 1826 super
1556 1771 1693 1810 eum
1743 1755 2205 1810 descendentem

553 1841 727 1912 quasi
741 1842 1082 1898 columbam
1103 1842 1521 1916 conspexerat?
1535 1846 1647 1899 Sed
1671 1845 1866 1899 sciens
1881 1844 2208 1915 discipulos

555 1945 694 1984 suos
718 1931 940 1987 invidia
973 1933 1197 1988 moveri
1223 1933 1507 1988 adversus
1535 1933 1828 1988 Christum
1863 1950 1877 1998 ;
1912 1933 2208 2005 siquidem

553 2019 719 2089 prius
758 2035 999 2092 quoque
1040 2029 1438 2087 accesserant,
1482 2023 1746 2078 dicentes
1791 2040 1803 2077 :
1846 2022 2049 2087 Rabbz‘,
2111 2024 2210 2092 qui

556 2113 681 2162 erat
721 2113 906 2165 tecum
947 2115 1114 2166 trans
1168 2110 1483 2177 Iordanem,
1535 2113 1629 2166 cui
1687 2118 1751 2166 tu
1809 2113 2207 2167 testimonium

551 2196 928 2264 perhibuisti,
972 2214 1090 2254 ecce
1124 2201 1170 2255 is
1215 2200 1492 2269 baptizat,
1534 2205 1584 2254 et
1624 2215 1819 2256 omnes
1859 2200 2099 2256 veniunt
2133 2199 2210 2255 ad

556 2299 684 2341 eum
714 2287 779 2341 ⁸⁸.

625 2375 1012 2433 Vehementer
1041 2377 1201 2432 enim
1236 2382 1660 2450 praeceptorem
1697 2393 1877 2432 suum
1911 2381 2205 2448 amantes,

556 2467 610 2518 et
626 2465 844 2535 pariter
857 2465 1048 2533 gloria
1065 2465 1220 2521 illius
1241 2466 1353 2521 frui
1379 2469 1704 2538 cupientes,
1720 2465 2216 2535 indignabantur,

555 2553 826 2609 videntes
878 2555 1180 2611 Christum
1235 2555 1524 2611 celebrem
1575 2555 1728 2611 ﬁeri.
1789 2555 1999 2610 Verum
2059 2555 2208 2627 quia

555 2641 775 2712 saepius
823 2657 925 2697 eos
983 2643 1382 2712 admonendo,
1435 2643 1793 2715 persuadere
1837 2642 2202 2714 nequiverat,

553 2745 714 2785 nunc
739 2736 937 2786 autem
961 2730 1126 2786 brevi
1153 2732 1473 2788 moriturus
1501 2738 1627 2787 erat
1656 2749 1669 2787 :
1693 2731 1934 2786 delectis
1963 2730 2204 2786 duobus

550 2817 655 2889 qui
697 2819 1113 2889 prudentiores
1154 2825 1372 2888 essent,
1405 2821 1517 2874 hos
1558 2819 1736 2875 mittit
1762 2819 1840 2873 ad
1881 2819 2198 2883 Christum,

550 2911 838 2977 praetextu
877 2907 1120 2980 quidem
1161 2908 1589 2976 interrogandi,
1633 2923 1711 2962 an
1752 2907 1882 2978 ipse
1916 2912 2066 2962 esset
2105 2906 2200 2962 ille

550 2995 655 3066 qui
685 3003 970 3052 venturus
999 3004 1158 3063 erat;
1195 3015 1332 3053 vera
1367 3005 1563 3053 tamen
1588 3012 1775 3052 causa
1793 3005 1938 3062 erat,
1973 3001 2036 3052 ut
2065 3011 2200 3052 con-

551 3085 766 3156 spectis
798 3086 1095 3142 miraculis
1137 3104 1272 3160 quae
1308 3085 1563 3143 faciebat
1598 3085 1925 3140 crederent.
1972 3085 2204 3142 Sciebat

550 3188 812 3247 namque
843 3177 1247 3232 testimonium
1276 3177 1354 3230 ab
1387 3176 1662 3246 operibus
1691 3173 2035 3230 credibilius
2077 3190 2204 3230 esse

549 3264 860 3336 magisque
901 3266 1240 3337 suspicione
1270 3280 1491 3320 carere.
1545 3264 1683 3320 Ideo
1716 3264 1892 3320 etiam
1935 3263 2203 3320 Christus

548 3355 783 3424 cognito
813 3355 978 3428 quod
1016 3355 1094 3411 ob
1138 3353 1194 3409 id
1232 3355 1426 3426 potius
1473 3353 1733 3410 Joannes
1773 3369 1874 3409 eos
1922 3353 2201 3418 misisset,

549 3444 746 3498 statim
780 3445 840 3499 in
883 3445 985 3500 illa
1019 3444 1164 3500 hora
1215 3443 1402 3500 multa
1448 3447 1724 3516 operatus
1767 3447 1855 3498 est
1894 3443 2199 3506 miracula,

550 3533 700 3587 sicut
736 3533 879 3589 dicit
928 3535 1112 3589 Lucas
1157 3534 1216 3587 ⁴¹.
1275 3537 1412 3588 Nam
1475 3532 1524 3586 si
1581 3535 1837 3587 Joannes
1892 3531 2204 3586 manifeste

547 3620 804 3677 misisset
845 3637 948 3676 eos
987 3637 1110 3691 quo
1141 3625 1504 3692 spectatores
1539 3619 1769 3681 ﬁerent,
1817 3633 2204 3689 nequaquam

546 3709 892 3780 persuaderi
945 3707 1278 3779 potuissent
1323 3713 1384 3762 ut
1427 3707 1569 3761 illuc
1616 3705 1869 3760 abirent.
1920 3704 2006 3762 Ob
2047 3706 2205 3761 hanc

547 3813 688 3867 ergo
720 3812 965 3853 causam
994 3800 1345 3868 praetextum
1366 3795 1533 3849 ﬁnxit
1553 3794 2056 3864 interrogationis.

625 3886 692 3942 V.
733 3889 785 3941 4.
819 3887 890 3941 Et
931 3884 1309 3953 respondens.
1343 3912 1405 3920 —
1447 3885 1511 3936 V.
1549 3883 1582 3936 5
1624 3882 1847 3938 Laetum
1900 3883 2206 3952 Evangelii

548 3976 821 4031 nuntium
849 3973 1169 4040 accipiunt.
1203 3972 1342 4027 Vide
1369 3971 1678 4044 quomodo
1698 3987 1818 4026 non
1839 3972 1914 4028 ad
1945 3971 2203 4030 efﬁctam

548 4079 753 4119 eorum
779 4061 1306 4132 interrogationem
1332 4061 1721 4134 responderit,
1757 4061 1859 4117 sed
1891 4062 1968 4119 ad
2003 4079 2202 4120 veram

549 4167 818 4216 causam,
875 4156 1114 4222 propter
1179 4165 1366 4222 quam
1427 4149 1593 4205 missi
1661 4155 1846 4205 erant.
1904 4151 2203 4224 Pauperes

548 4244 769 4305 autem,
810 4239 914 4311 qui
955 4239 1157 4295 laetum
1204 4238 1508 4309 Evangelii
1556 4239 1834 4295 nuntium
1883 4242 2199 4312 accipiunt,

548 4327 696 4383 dixit
716 4329 1040 4401 apostolos.
1069 4329 1223 4395 Quid
1246 4329 1406 4384 enim
1434 4344 1503 4384 eo
1527 4329 1860 4400 pauperius,
1881 4330 1981 4402 qui
2014 4336 2202 4386 artem

548 4424 778 4473 exercet
807 4417 1188 4490 piscatoriam
1214 4416 1243 4472 ‘I

617 4508 776 4561 Vers.
837 4507 895 4562 6.
954 4509 1030 4562 Et
1091 4508 1288 4563 beatus
1325 4505 1478 4560 —in
1530 4522 1639 4562 me.
1705 4508 1823 4562 Hoc
1877 4508 2200 4579 praesertim

546 4601 789 4667 propter
827 4597 992 4667 ipsos
1031 4595 1178 4650 dixit
1217 4596 1465 4652 Joannis
1518 4596 1863 4668 discipulos,
1920 4598 2200 4667 detegens

547 4685 658 4740 illis
688 4685 883 4740 cordis
909 4700 1115 4741 eorum
1149 4701 1437 4741 arcanum
1487 4703 1498 4740 :
1543 4685 1919 4757 ostenditque
1952 4685 2110 4757 quod
2142 4701 2202 4742 se

548 4791 668 4830 non
692 4775 1074 4845 lateretipsos
1115 4791 1351 4846 quoque
1386 4774 1628 4840 offendi,
1661 4776 1805 4845 quia
1840 4791 1973 4828 cum
2009 4774 2204 4845 publi-

549 4864 710 4919 canis
735 4869 789 4918 et
814 4864 1224 4935 peccatoribus
1247 4864 1648 4920 manducabat
1675 4864 1719 4896 ἰδ
1755 4879 1766 4916 :
1798 4867 1855 4917 et
1889 4863 2203 4920 manifeste

548 4954 715 5025 prius
748 4953 1235 5024 gastrimargiam
1257 4954 1364 5024 ipsi
1395 4954 1739 5025 objecerant
1764 4951 2050 5007 adversus
2077 4954 2204 5008 dis-

546 5042 773 5115 cipulos
794 5043 942 5114 ejus,
977 5047 1039 5099 ut
1070 5043 1291 5098 dictum
1317 5047 1405 5098 est
1433 5042 1667 5097 decimo
1693 5045 1907 5111 quarto
1937 5043 2148 5114 capite.

620 5319 668 5356 ⁴⁰
701 5321 917 5388 Luem,
968 5321 1056 5376 18.
1136 5321 1180 5356 ⁴¹
1259 5321 1426 5376 Joan.
1460 5332 1541 5384 ιιι,
1573 5318 1664 5372 26.
1732 5317 1870 5373 Luc.
1900 5333 1996 5388 vn,
2028 5319 2114 5376 i2.

2319 597 2614 674 Ἰουδαίων]
2627 644 2637 654 .

2322 696 2464 744 ΚΕΦ.
2537 688 2608 743 κ’.
2692 695 2816 762 Περὶ
2888 700 2984 742 τῶν
3073 690 3462 745 ἀποσταλέντων
3527 697 3670 768 παρὰ
3745 695 3928 749 Ἰωάν-

3063 782 3172 834 νόυ.

2387 866 2638 928 ’Δκούσας
2687 865 2745 920 δὲ
2806 871 3042 931 Ἰωάννης
3104 901 3170 910 -
3223 868 3598 943 προσδοκῶμεν
3663 889 3676 937 ;
3734 873 3792 925 Ὀ
3857 871 3928 928 δὲ

2320 958 2528 1018 Λουκᾶς
2560 976 2737 1028 φησιν,
2787 959 2865 1009 ὅτι
2919 959 3066 1010 αὐτοὶ
3134 958 3448 1031 ἀπήγγειλαν
3488 963 3554 1012 τὰ
3609 969 3800 1032 σημεῖα
3842 971 3925 1034 τῷ

2323 1046 2548 1118 Ἰωάννη,
2583 1052 2669 1098 καὶ
2725 1052 2840 1098 τότε
2870 1047 3062 1119 ἔπεμψε
3114 1045 3209 1100 δύο
3272 1051 3414 1109 τινὰς
3453 1048 3506 1111 ἐξ
3561 1050 3748 1118 αὐτῶν,
3792 1053 3925 1125 ὅπερ

2319 1135 2548 1207 ἐμφαίνει
2601 1140 2694 1193 τὴν
2749 1135 3086 1202 ζηλοτυπίαν,
3139 1136 3198 1194 ἣν
3266 1135 3410 1208 εἶχον
3465 1138 3607 1189 οὗτοι
3674 1143 3799 1212 πρὸς
3829 1144 3927 1192 τὸν

2320 1228 2569 1299 Χριστόν.
2649 1223 2881 1295 Ἐπεμψε
2941 1222 2998 1276 δῖε
3052 1226 3240 1287 αὐτοὺς
3299 1227 3324 1276 ὁ
3380 1226 3632 1291 Ἰωάννης,
3693 1227 3924 1303 ἐρωτῶν,

2321 1312 2362 1363 εἰ
2414 1313 2570 1374 αὐτὸς
2627 1312 2783 1378 ἔστιν,
2846 1315 2898 1365 ὃν
2959 1316 3212 1385 ἔρχεσθαί
3266 1334 3421 1386 φασιν
3479 1317 3532 1366 αί
3590 1315 3766 1388 βίϐλοι
3817 1327 3926 1370 τῶν

2318 1409 2613 1475 προφητῶν,
2672 1402 2774 1472 ούχ
2839 1404 2906 1464 ὡς
2966 1401 3179 1472 ἀγνοῶν
3235 1411 3340 1463 πῶς
3391 1405 3492 1478 γάρ
3528 1420 3542 1470 ;
3575 1406 3599 1455 ὁ
3655 1410 3925 1479 προκηρύ-

2320 1489 2411 1552 ξας
2442 1491 2592 1542 αὐτόν
2620 1495 2705 1541 καὶ
2756 1495 2944 1564 χερσὶν
2996 1488 3161 1552 ἰδίαις
3209 1491 3494 1562 βαπτίσας,
3527 1498 3615 1544 καὶ
3668 1501 3756 1554 τῆς
3786 1497 3922 1546 ἄνω.

2323 1581 2400 1631 θεν
2457 1584 2572 1651 περὶ
2626 1580 2784 1631 αὐτοῦ
2854 1585 3146 1653 μαρτυρίας
3199 1583 3450 1646 ἀκούσας,
3520 1586 3608 1633 καὶ
3666 1585 3723 1633 τὸ
3783 1585 3918 1636 θεῖον

2320 1674 2526 1740 Πνεῦμα
2588 1672 2851 1720 κατᾶπτάν
2905 1669 2984 1719 ἐπ’
3035 1669 3207 1734 αὐτόν,
3273 1672 3396 1720 ῶσεί
3448 1674 3774 1745 περιστερὰν,
3803 1674 3919 1726 θια-

2320 1759 2556 1828 σάμενος·
2623 1755 2730 1808 ἀλλ’
2779 1754 2931 1818 εἰδὼς
2994 1761 3113 1818 τοὺς
3163 1758 3344 1810 ἑαυτοῦ
3401 1761 3642 1830 μαθητὰς
3695 1759 3915 1820 ζηλοτύ-

2248 1861 2288 1914 B
2318 1867 2425 1906 πως
2473 1849 2601 1919 πρὸς
2659 1849 2743 1897 τὸν
2789 1850 3017 1919 Χριστόν
3070 1850 3303 1917 ἔχοντας.
3341 1851 3438 1899 Καὶ
3474 1849 3574 1919 γὰρ
3605 1853 3695 1900 καὶ
3723 1853 3910 1922 πρότε-

2316 1955 2403 2007 ρον
2460 1935 2828 2009 προσελθόντες
2871 1931 3009 1986 εἶπον
3053 1936 3193 2004 αὐτῷ
3252 1937 3351 2001 ὅτι,
3410 1935 3506 1997 ’ος
3547 1933 3606 1994 ἦν
3657 1940 3785 2009 μετὰ
3815 1944 3909 1988 σοῦ

2315 2026 2473 2094 πέραν
2552 2030 2642 2075 τοῦ
2703 2019 2994 2097 Ἰορδάνου,
3203 2027 3267 2075 σύ
3352 2028 3770 2100 μεμαρτύρηκας,
3830 2021 3914 2077 ἴδε

2317 2112 2464 2174 οὗτος
2517 2111 2785 2184 βαπτίζει,
2856 2117 2945 2164 καὶ
3009 2115 3194 2173 πάντες
3281 2115 3530 2184 ἔρχονται
3623 2117 3750 2189 πρὸς
3825 2113 3915 2165 αύ-

2316 2219 2401 2253 τον
2411 2244 2422 2255 .

2385 2377 2797 2450 ’Υπερφιλοῦντις
2866 2380 2967 2451 γὰρ
3043 2380 3129 2428 τόν
3208 2373 3344 2429 ἴδιον
3416 2374 3756 2444 διδάσκαλον,
3818 2383 3908 2429 καὶ

2315 2465 2696 2537 παραπολαύειν
2749 2473 2844 2526 τῆς
2896 2465 3056 2517 αὐτοῦ
3116 2462 3276 2528 δόξης
3331 2465 3595 2531 ἐθέλοντες,
3635 2462 3908 2517 ἐδάκνοντο

2317 2551 2582 2625 βλέποντες
2639 2553 2793 2604 αὐτόν
2851 2555 2960 2625 (39)
2997 2550 3396 2626 εὐδοκιμοῦντα.
3450 2555 3587 2608 Ἐπεὶ
3623 2550 3681 2606 δέ
3720 2552 3909 2606 πολλά-

2315 2661 2396 2701 κις
2430 2647 2765 2716 παραινέσας,
2823 2643 2916 2694 ούκ
2974 2645 3172 2695 ἔπεισεν
3228 2643 3439 2709 αύτούς,
3484 2643 3663 2695 λοιπόν
3721 2641 3911 2714 μελλων

2659 2728 2764 2783 δύα
2846 2735 2963 2791 τούς
3065 2735 3443 2802 συνετωτέρούς
3537 2730 3912 2802 ἒπῐλεξάμενος,

2313 2824 2501 2891 πέμπει
2556 2822 2766 2880 τούτους
2821 2823 2949 2893 πρὸς
3005 2823 3091 2871 τόν
3176 2823 3428 2894 Χριστόν,
3512 2821 3766 2892 προφάσει
3821 2822 3911 2890 μὶν

2313 2906 2679 2979 ἐρωτήσοντας,
2700 2909 2741 2960 εἰ
2767 2909 2916 2969 αύτός
2939 2908 3077 2960 ἐστιν
3110 2910 3134 2960 ὁ
3168 2907 3462 2980 ἐρχόμενος,
3493 2909 3550 2966 rt":
3586 2905 3645 2960 δὲ
3675 2907 3909 2974 ἀληθεία,

2314 2731 2568 2801 τελευτᾷν,
2659 2731 2764 2783 δύα
2846 2735 2963 2791 τούς
3065 2735 3443 2804 συνετωτέρούς

2316 2999 2397 3048 ἱνα
2429 2998 2733 3068 θεασάμενοι
2768 3000 2834 3049 τὰ
2882 3000 3140 3068 θοιύματοι²
3196 2998 3228 3048 οἱ
3267 3005 3421 3062 ποιεῖ,
3456 2997 3738 3050 πεισθῶσί.
3807 3001 3908 3048 Καὶ

2312 3087 2412 3157 γὰρ
2444 3089 2537 3143 τὴν
2567 3084 2667 3137 ἀπό
2697 3095 2795 3137 τῶν
2820 3089 3138 3158 πραγμάτων
3169 3089 3458 3158 μαρτυρίαν
3482 3089 3788 3156 πιστοτέραν
3816 3088 3909 3137 καὶ

2244 3211 2282 3267 C
2316 3172 2728 3247 ἀνυποπτοτέραν
2761 3174 3022 3246 ἐγίνωσκε.
3067 3178 3153 3227 Διὸ
3183 3178 3270 3225 καὶ
3310 3175 3334 3224 ό
3357 3176 3603 3246 Χριστός,
3633 3170 3788 3234 εἰδὼς
3831 3175 3912 3225 ὅτι

2317 3259 2410 3314 διὰ
2437 3270 2588 3314 τοῦτο
2615 3264 2801 3334 μᾶλλον
2828 3264 3015 3324 αὐτοὺς
3045 3262 3264 3335 ἔπεμψεν
3291 3264 3315 3313 ό
3347 3261 3608 3323 Ἰωάννης,
3647 3261 3833 3322 εὐθέως
3863 3261 3910 3312 iv

2315 3351 2444 3424 αὐτῇ
2490 3360 2551 3424 τῇ
2604 3355 2712 3426 ὥρᾳ
2751 3352 3210 3424 ἐθαυματούργησε
3247 3350 3431 3417 πολλὰ,
3481 3351 3654 3411 καθώς
3686 3369 3842 3421 φησιν
3884 3351 3908 3401 ὁ

2318 3444 2542 3502 Λουκᾶς.
2577 3442 2636 3492 Εἰ
2665 3443 2767 3514 γὰρ
2819 3450 3044 3513 φανερῶς
3084 3441 3270 3502 αύτούς
3323 3438 3516 3511 ἔπεμψε
3569 3441 3774 3503 θεατὰς,
3817 3438 3910 3490 οὐκ

2315 3531 2375 3581 ἄν
2435 3529 2681 3588 ἀπῆλθον.
2761 3533 2855 3584 Διὰ
2928 3537 3080 3582 τοῦτο
3158 3526 3245 3581 οὖν
3316 3527 3576 3582 ἐπλάσατο
3649 3533 3907 3601 πρόφασιν

2317 3617 2476 3693 ἐρωτή
2488 3638 2629 3678 σεως.

2389 3887 2488 3940 Καὶ
2538 3885 2833 3958 ἀποκριθεὶς
2889 3917 2952 3926 -
3010 3884 3450 3956 εὐαγγελίζονται.
3509 3884 3662 3958 Ὀρα,
3700 3889 3809 3944 πῶς
3847 3880 3906 3933 ού

2313 3979 2440 4051 πρὸς
2486 3980 2580 4033 τὴν
2611 3974 2998 4047 πεπλανημένην
3047 3974 3216 4026 αὐτῶν
3271 3973 3526 4046 ἐρώτησιν
3583 3971 3909 4043 ἁπεκρίνατο,

2312 4065 2441 4118 ἀλλὰ
2454 4068 2685 4140 πρόςτήν
2704 4062 2868 4122 ἀληθῆ
2891 4064 3080 4134 αἰτίαν,
3113 4060 3184 4114 δι’
3200 4063 3258 4121 ἦν
3279 4061 3508 4135 ἐπέμφθη
3519 4081 3636 4117 σαν.
3655 4063 3913 4132 Πτωχοὺς

2315 4150 2373 4207 δὲ
2406 4153 2912 4226 εὐαγγελιζομένους,
2942 4156 3058 4214 τοὺς
3088 4151 3410 4214 ἀποστόλους
3442 4154 3697 4223 ὠνόμασε.
3730 4153 3793 4202 Τί
3808 4150 3911 4221 γὰρ

2312 4246 2609 4315 πενέστερον
2643 4240 2902 4301 ἁλιευτικῆ
2915 4263 2936 4304 ς
2967 4260 2982 4312 ;

2388 4515 2486 4562 Καὶ
2549 4511 2802 4583 μακάριος
2863 4540 2927 4549 -
2983 4507 3030 4560 ἐν
3089 4507 3223 4580 ἐμοί.
3291 4513 3455 4559 Τοῦτο
3512 4509 3911 4580 προηγουμένως

2315 4595 2385 4651 δι’
2428 4599 2612 4658 αὐτούς
2667 4595 2772 4650 εἶπε
2820 4601 2941 4658 τοὺς
2973 4599 3211 4667 μαθητὰς
3252 4595 3509 4661 Ἰωάννου,
3542 4593 3912 4646 ἀνακαλύπτων

2313 4688 2489 4749 αὐτοῖς
2541 4691 2599 4739 τό
2658 4695 2751 4749 τῆς
2807 4684 3032 4759 καρδίας
3085 4685 3250 4737 αὐτῶν
3298 4689 3611 4756 μυστήριον,
3671 4687 3761 4734 καὶ
3803 4679 3911 4734 δει-

2311 4781 2492 4842 κνύων,
2575 4778 2653 4828 ὅτι
2735 4776 2791 4827 ού
2876 4775 3151 4833 λελήθασιν
3217 4773 3393 4840 αὑτὸν,
3447 4769 3914 4844 σκανδαλιζόμενοι

2312 4871 2401 4918 καὶ
2467 4865 2631 4932 αὐτοὶ,
2701 4861 2840 4916 διότι
2915 4866 3044 4935 μετὰ
3125 4861 3348 4915 τελωνῶν
3435 4866 3524 4913 καὶ
3598 4859 3913 4933 ἁμαρτωλῶν

2313 4954 2494 5008 ἐσθίει.
2566 4959 2666 5007 Καὶ
2720 4957 2818 5025 γὰρ
2886 4959 2974 5004 καὶ
3025 4960 3248 5024 φανερῶς
3301 4955 3547 5026 πρότερον
3615 4948 3912 5002 ἐνεκάλεσαν

2315 5043 2454 5114 αὐτῷ
2506 5043 2617 5114 (40)
2657 5046 3077 5117 γαστριμαργίαν
3113 5045 3246 5093 κατὰ
3302 5048 3400 5092 τῶν
3453 5041 3697 5110 μαθητῶν
3730 5037 3911 5104 αὑτοῦ,

2297 5135 2384 5196 ’ὡς
2451 5131 2499 5185 ἓν
2570 5140 2644 5204 τῷ
2726 5127 3286 5207 τεσσαρεσκαιδεκάτῳ
3357 5128 3614 5202 κεφαλαίῳ
3674 5130 3914 5202 προείρη-

2316 5241 2405 5275 ται
2417 5262 2430 5277 ο

2192 5320 2240 5358 ⁴³
2267 5319 2465 5378 Matth.
2497 5333 2576 5384 lx,
2613 5319 2698 5373 14.

1757 5443 1981 5512 Varia:
2003 5444 2330 5514 lectiones
2358 5453 2424 5513 et
2446 5450 2650 5511 notae.

619 5589 733 5661 (38)
762 5589 994 5644 Inclusa
1021 5589 1079 5661 in_
1113 5586 1382 5661 margine
1412 5584 1704 5661 leguntur
1722 5588 1782 5661 Br.
1817 5593 1899 5661 In_
1914 5589 2206 5661 principio

551 5675 588 5716 a
623 5656 938 5713 duroto-am
1007 5659 1085 5713 ad
1154 5656 1518 5730 ἐντελλόμενος,
1587 5658 1801 5714 omittit
1857 5656 2206 5728 Hentenius,

625 5731 740 5805 (39)
769 5734 856 5785 τὸν
886 5734 1139 5805 Χρίστόν.

2309 5585 2701 5711 ἂαὸἇέέαναύτόν
2754 5588 3172 5666 γαστρίμαργον,
3213 5589 3280 5644 Α,
3341 5584 3459 5642 Sed
3511 5581 3625 5638 hoc
3654 5579 3919 5658 postulat

2434 5677 2575 5714 εσαν.
