4176 6450
253 433 355 489 349
1250 431 1623 489 COMMENT.
1664 430 1734 486 IN
1772 430 2222 487 MATTHEUM.
2255 462 2321 472 —-
2347 430 2501 486 CAP.
2533 429 2626 486 XI.

3505 431 3611 489 350

318 561 524 612 Τούτων
581 555 638 611 δὲ
690 589 758 598 —
799 558 1055 612 Ἰωάννου.
1110 558 1267 610 Οὗτοι
1322 561 1411 630 μεν
1473 556 1842 630 βελτιωθέντες,

2033 557 2176 612 Vers
2206 559 2259 612 7.
2292 558 2399 614 His
2437 565 2632 614 autem
2663 557 2994 613 —Joanne.
3021 556 3103 612 Illi
3131 555 3375 630 quidem
3409 557 3611 613 melio-

248 647 496 706 ἀπῆλθον.
523 653 673 700 Διατί
699 644 758 700 δὲ
788 653 858 718 μὴ
883 651 1146 721 παρόντων
1177 647 1344 698 αὐτῶν
1375 646 1507 719 λέγει
1535 652 1649 719 περὶ
1682 646 1848 699 Ἰωάν-

244 757 329 789 νου
357 754 372 804 ;
398 736 512 790 Ἰνα
540 741 611 809 μὴ
647 733 775 810 δόξῃ
807 736 1096 790 κολακεύειν
1123 736 1297 792 αὐτόν.

307 923 374 971 Τί
431 948 503 958 -
577 917 910 990 σαλευόμενον
954 935 968 984 ;
1054 919 1394 978 Ἀκούσαντες
1447 918 1495 968 οἱ
1551 914 1702 986 ὄχλοι
1761 918 1846 971 τὴν

238 1007 501 1082 ἐρώτησιν
549 1007 810 1072 Ἰωάννου,
859 1013 946 1059 καὶ
997 1005 1304 1078 ἀγνοήσντες
1360 1007 1446 1057 τόν
1504 1007 1695 1056 σκοπόν
1752 1002 1845 1054 αῦ-

235 1105 349 1159 τοῦ,
399 1093 878 1168 διεθορυϐήθησαν,
929 1105 1038 1157 πῶς
1090 1098 1115 1147 ό
1161 1102 1389 1147 τοσαῦτα
1425 1098 1515 1144 καὶ
1561 1091 1847 1150 τηλικαῦτα

236 1191 351 1259 περὶ
405 1184 572 1237 αὐτοῦ
628 1190 990 1258 μαρτυρήσας,
1047 1182 1355 1256 ἀμφιϐάλλει
1415 1190 1524 1247 νῦν,
1578 1186 1665 1232 καὶ
1711 1182 1845 1232 ὑπω-

241 1293 495 1336 πτευσαν,
548 1275 629 1325 ὅτι
675 1273 982 1344 μετεϐλήθη.
1016 1280 1176 1326 Τοῦτο
1238 1269 1295 1324 δε
1327 1275 1481 1341 γνούς
1527 1273 1553 1322 ό
1595 1272 1842 1344 Χριστός,

254 1365 517 1434 θεραπεύει
544 1366 640 1419 τὴν
686 1365 934 1420 τοιαύτην
973 1361 1226 1432 ὑποψίαν,
1279 1357 1554 1413 διδάσκων
1585 1360 1714 1430 ἅμα,
1754 1362 1845 1409 καὶ

241 1454 309 1503 ὅτι
365 1448 816 1524 καρδιογνώστης
873 1450 1030 1504 ἐστίν.
1084 1451 1569 1524 Ἐντρεπτικώτερον
1619 1444 1676 1500 δε
1718 1449 1843 1498 καθ-

235 1547 526 1613 απτόμενος
557 1541 748 1608 αὐτῶν,
786 1545 943 1611 φησίν
988 1560 1001 1572 ·
1031 1543 1094 1592 Τί
1135 1537 1367 1601 ἐξήλθετε
1403 1538 1471 1597 εἰς
1525 1541 1612 1594 τὴν
1655 1539 1845 1610 ἔρημον

233 1631 595 1696 θεάσασθαις
682 1628 910 1700 κάλαμον
994 1628 1094 1680 ὑπό
1177 1626 1362 1699 ἀνέμου
1445 1625 1842 1697 σαλευόμενον;

224 1723 500 1784 τουτέστι,
561 1725 750 1788 κοῦφον

227 1805 391 1864 δίκην
425 1809 666 1878 καλάμου
693 1811 788 1863 τὴν
828 1810 1036 1877 γνώμην
1069 1807 1488 1876 εὐμετάτρεπτον,
1523 1805 1592 1863 ὡς
1618 1801 1844 1872 ὑπολαμ-

225 1895 409 1948 ϐάνετε
435 1903 546 1960 νῦν,
579 1898 610 1953 ἣ
651 1895 945 1946 τούναντίον
985 1892 1193 1965 μαλλον,
1231 1894 1491 1964 σταθηρὸν
1537 1896 1626 1942 καὶ
1656 1896 1846 1962 πέτρας

226 1985 590 2059 στερρότερον,
643 1987 712 2045 ὡς
772 1985 802 2040 ἠ
840 1987 954 2034 τότε
995 1978 1202 2040 σπουδὴ
1249 1986 1340 2032 καὶ
1393 1976 1661 2054 συνδρομὴ
1704 1980 1845 2050 ὑμῶν

843 1721 932 1768 καὶ
1014 1717 1310 1788 εῦρίπιστον
1387 1717 1674 1788 ἄνθρωπον,
1757 1717 1846 1765 καὶ

223 2076 513 2145 ἐμαρτύρει
535 2090 547 2126 :

296 2161 464 2215 Ἀλλὰ
494 2191 562 2201 -
599 2161 985 2232 ἠμφιεσμένον;
1033 2159 1275 2217 Δηλονότι
1316 2156 1594 2231 τρυφηλὸν,
1629 2158 1712 2208 ἱνα
1757 2145 1848 2207 καὶ

228 2248 325 2302 διά
355 2258 514 2302 τοῦτο
539 2246 572 2302 δ
577 2250 666 2321 όξῃ
700 2256 896 2320 χαῦνος
930 2254 1017 2300 καὶ
1049 2247 1417 2320 εὐμετάϐλητος
1452 2265 1462 2276 '
1494 2251 1523 2304 ἦ
1557 2246 1845 2298 τούναντίον

228 2340 451 2411 μᾶλλον,
484 2338 1036 2411 ἐσκληραγωγημένον,
1063 2341 1131 2399 ὡς
1160 2344 1248 2389 καὶ
1274 2340 1302 2395 ἡ
1336 2336 1488 2394 στολὴ
1517 2339 1723 2404 τούτου,
1757 2338 1845 2385 καὶ

229 2431 259 2485 ἡ
297 2433 468 2501 τροφὴ
515 2425 550 2481 δ
555 2426 972 2481 ιεϐεϐαιωσαντο.

304 2601 456 2658 Ἰδού
508 2634 568 2642 -
627 2603 775 2657 εἰσίν.
834 2603 996 2662 Οὗτος
1053 2599 1132 2668 δὲ,
1186 2608 1430 2675 πρότερον
1487 2605 1595 2674 μεν,
1655 2621 1703 2654 εν
1778 2610 1838 2673 τῇ

231 2693 416 2767 ἐρήμῳ
451 2689 694 2764 διῃτᾶτο,
745 2699 832 2742 νῦν
885 2689 962 2757 δε,
997 2690 1044 2742 ἐν
1104 2700 1173 2760 τῷ
1223 2688 1566 2764 δεσμωτηρίῳ
1620 2696 1844 2762 τετήρη-

231 2802 341 2835 ται.
386 2783 532 2833 Ἐπεὶ
556 2782 656 2852 γάρ
688 2799 819 2841 τινες
846 2783 935 2852 μεν
974 2782 1170 2832 οἴκοθεν
1220 2780 1324 2832 εἰσὶ
1370 2788 1572 2852 κοῦφοι,
1622 2783 1752 2841 τινες
1785 2775 1844 2832 δε

232 2876 326 2922 καὶ
353 2871 458 2922 ὑπὸ
496 2877 694 2942 τρυφῆς
746 2876 898 2920 τοῦτο
951 2871 1252 2940 πάσχουσι,
1309 2871 1526 2922 τέθεικεν
1557 2870 1582 2919 ό
1614 2871 1844 2941 Χριστός

232 2963 325 3010 καὶ
380 2965 541 3010 τοῦτο
592 2956 816 3025 κάκεῖνο,
876 2961 965 3008 καὶ
1005 2957 1232 3027 ἤλεγξεν,
1279 2960 1342 3017 ὡς
1403 2953 1672 3029 οὐδέτερόν
1731 2955 1844 3008 ἐστι

232 3053 356 3115 περί
404 3050 492 3098 τόν
527 3046 785 3104 Ἰωάννην.
848 3043 974 3099 Εἶτα
1027 3045 1252 3120 ἐπιφέρει
1302 3051 1390 3104 τήν
1451 3045 1712 3110 ἀλήθειαν,
1753 3049 1842 3097 καὶ

228 3142 587 3209 μαρτυρεῖ
622 3134 854 3206 ἀληθείᾳ,
912 3141 1000 3186 καὶ
1051 3134 1222 3187 «iam
1275 3144 1346 3204 τῷ
1403 3142 1667 3206 Βαπτιστῇ
1718 3134 1844 3206 λαμ-

228 3229 360 3299 πρὸν
395 3223 662 3296 ἐγκωμίου
695 3228 958 3296 στέφανον.

1959 659 2052 698 res
2085 645 2295 700 redditi
2323 645 2762 700 abscesserunt.
2820 647 3011 710 Quare
3059 653 3257 700 autem
3314 661 3433 700 non
3463 645 3608 716 ipsis

1960 734 2353 804 praesentibus
2382 734 2615 790 locutus
2645 739 2736 790 est
2762 734 2835 790 de
2864 735 3091 790 Joanne
3121 734 3148 788 ‘I
3179 737 3256 790 Ne
3295 734 3348 790 ei
3378 734 3609 789 videre-

1961 827 2052 877 tur
2077 823 2327 878 adulari.

2027 913 2186 965 Vers.
2217 916 2270 965 7.
2319 911 2470 978 Quid
2521 942 2587 952 —
2653 911 2982 981 agitatam?
3037 910 3241 966 Audita
3319 926 3354 966 a
3417 895 3608 966 turbis

1954 1000 2200 1054 Joannis
2231 999 2706 1067 interrogatione,
2740 1016 2876 1054 cum
2921 1000 3212 1054 intentum
3263 1000 3608 1067 ignorarent

1957 1087 2128 1152 illius,
2165 1088 2413 1143 turbatas
2437 1094 2571 1143 sunt
2602 1130 2612 1140 .
2641 1089 2951 1160 quomodo
2987 1090 3032 1143 is
3059 1088 3161 1160 qui
3190 1087 3264 1145 de
3291 1088 3398 1142 hoc
3425 1093 3507 1144 tot
3537 1103 3607 1143 ac

1958 1183 2118 1232 tanta
2141 1182 2384 1233 testatus
2399 1177 2609 1234 fuisset
2625 1192 2784 1232 nunc
2801 1177 3138 1240 dubitabat,
3157 1182 3210 1232 et
3224 1178 3606 1232 immutatum

1955 1282 2093 1322 eum
2145 1283 2273 1322 esse
2314 1265 2792 1338 suspicabantur.
2853 1268 2978 1332 Quo
3027 1267 3288 1335 cognito,
3341 1265 3607 1320 Christus

1952 1355 2301 1426 hujusmodi
2335 1355 2602 1411 medetur
2657 1355 3001 1427 suspicioni,
3047 1355 3270 1410 docens
3308 1354 3504 1423 simul,
3551 1359 3607 1408 et

1953 1446 2115 1517 quod
2148 1445 2419 1501 cordium
2447 1450 2599 1500 esset
2624 1446 2916 1517 cognitor,
2962 1450 3018 1501 et
3047 1444 3470 1500 confundendo
3500 1459 3603 1498 eos

1953 1536 2339 1604 redarguens.
2371 1534 2459 1590 Ait
2497 1549 2640 1603 ergo
2672 1553 2684 1588 :
2719 1534 2871 1599 Quid
2921 1533 3118 1588 existis
3160 1533 3218 1588 in
3277 1534 3602 1597 desertum,

1959 1627 2020 1677 ut
2053 1623 2324 1678 videretis
2381 1622 2754 1686 arundinem,
2788 1638 2924 1694 quas
2981 1638 3015 1677 a
3083 1626 3258 1676 vento
3296 1623 3547 1689 agitatur
3578 1621 3606 1675 ?

1955 1711 2066 1766 hoc
2091 1717 2196 1778 est,
2229 1711 2420 1767 levem
2459 1721 2515 1766 et
2540 1711 2880 1766 instabilem
2921 1711 3247 1772 hominem,
3281 1715 3336 1764 et
3376 1713 3452 1764 ad
3481 1725 3605 1763 mo—

1955 1800 2100 1856 dum
2129 1801 2440 1856 arundinis
2472 1800 2639 1855 facile
2682 1804 2875 1854 mente
2930 1798 3302 1862 mutabilem,
3357 1803 3418 1853 ut
3445 1814 3601 1852 nunc

1957 1888 2499 1959 suspicamini?aut
2529 1903 2560 1942 e
2588 1887 2822 1943 diverso
2867 1886 3442 1957 stabilem,saxoque
3471 1886 3604 1940 soli-

1955 1977 2207 2043 diorem,
2231 1985 2294 2032 ut
2319 1982 2459 2034 tunc
2482 1982 2744 2032 vestrum
2776 1976 3037 2032 studium
3075 1991 3143 2032 ac
3173 1991 3497 2031 concursus
3527 1981 3606 2030 te-

1957 2066 2264 2122 stabantur
2286 2066 2315 2120 ‘I

2026 2154 2187 2208 Vers.
2221 2156 2273 2208 8.
2306 2154 2425 2210 Sed
2454 2184 2520 2195 —
2542 2154 2824 2209 amictum
2855 2154 2882 2208 ?
2905 2152 3130 2208 Deliciis
3181 2153 3402 2209 scilicet
3456 2169 3602 2222 gau-

1955 2242 2215 2312 dentem,
2251 2248 2314 2298 ut
2369 2244 2546 2298 etiam
2583 2259 2653 2297 ex
2702 2243 2810 2297 hoc
2839 2242 3030 2298 mollis
3088 2243 3352 2298 videatur
3405 2242 3605 2297 facile-

1953 2349 2070 2408 que
2090 2332 2394 2389 mutabilis
2419 2349 2432 2399 ;
2452 2339 2550 2387 aut
2577 2333 2774 2404 potius
2791 2348 2821 2387 e
2848 2332 3167 2396 contrario,
3192 2331 3359 2386 duris
3380 2331 3603 2386 exerci-

1954 2431 2158 2490 tatum,
2202 2429 2262 2480 ut
2298 2422 2477 2478 etiam
2528 2420 2710 2477 vestis
2760 2421 2889 2492 ejus
2955 2436 3022 2476 ac
3076 2420 3240 2475 cibus
3296 2418 3604 2475 conﬁrma-

1953 2519 2110 2570 runt.

2023 2603 2185 2659 Vers.
2221 2604 2278 2658 8.
2321 2602 2463 2658 Ecce
2493 2605 2717 2655 —sunt.
2755 2599 2858 2655 Hic
2895 2613 3038 2654 vero
3064 2597 3327 2670 primum
3355 2597 3598 2670 quidem

1949 2693 2009 2748 in
2031 2692 2267 2747 deserto
2298 2692 2663 2754 versabatur,
2699 2705 2857 2745 nunc
2897 2693 3088 2744 autem
3122 2688 3178 2742 in
3209 2703 3442 2743 carcere
3474 2689 3604 2743 reti-

1952 2788 2138 2838 netur.
2167 2781 2312 2847 Quia
2339 2796 2481 2836 vero
2519 2780 2768 2852 quidam
2813 2794 2848 2834 a
2899 2777 3083 2833 domo
3143 2778 3222 2847 (a)
3283 2777 3444 2834 leves
3472 2792 3602 2834 esse

1952 2877 2380 2937 monstrantur,
2409 2875 2466 2924 et
2494 2869 2738 2942 quidam
2770 2884 2806 2924 a
2834 2866 3060 2922 deliciis
3108 2867 3221 2922 hoc
3267 2867 3590 2938 patiuntur,

1950 2960 2150 3032 posuit
2169 2959 2436 3015 Christus
2458 2965 2513 3014 et
2538 2960 2650 3014 hoc
2672 2963 2727 3013 et
2746 2957 2906 3025 illud,
2932 2972 3002 3012 ac
3023 2956 3297 3028 probavit
3319 2961 3598 3012 neutrum

1950 3064 2127 3122 posse
2193 3048 2312 3104 dici
2364 3049 2438 3102 de
2466 3051 2712 3103 Joanne.
2774 3046 2990 3102 Deinde
3038 3045 3203 3117 quod
3249 3060 3452 3099 verum
3516 3049 3604 3100 est

1953 3137 2144 3202 infert,
2174 3141 2232 3192 et
2260 3136 2487 3191 veritati
2520 3139 2848 3198 attestatur,
2882 3149 2952 3189 ac
2981 3133 3243 3203 Baptistae
3270 3132 3600 3204 elegantem

1953 3225 2204 3282 contexit
2228 3223 2481 3280 encomii
2519 3237 2828 3278 coronam.

305 3312 469 3365 ’Δλλὰ
509 3343 579 3353 -
633 3317 922 3384 προφήτου.
982 3343 1045 3353 --
1112 3316 1514 3387 Περισσότερον,
1565 3310 1675 3364 ἀντὶ
1730 3319 1842 3375 τοῦ,

2025 3316 2186 3369 Vers.
2211 3317 2262 3368 9.
2289 3314 2404 3368 Sed
2428 3343 2492 3353 —
2510 3311 2819 3380 propheta.
2851 3339 2916 3352 —
2943 3309 3463 3372 Excellentiorem,
3491 3309 3599 3364 hoc

227 3402 486 3462 Μείζονα.
529 3398 659 3453 Εἶτα
709 3401 842 3472 λέγει
893 3407 983 3454 καὶ
1032 3405 1168 3453 κατὰ
1215 3407 1268 3453 τί
1311 3402 1545 3473 μείζονα,
1587 3403 1668 3452 ὅτι
1713 3401 1847 3450 κατὰ

224 3495 282 3543 τό
315 3492 741 3564 προπορεύεσθαι
770 3489 990 3547 πλησίον
1016 3499 1104 3550 τῆς
1121 3494 1418 3563 παρουσίας
1443 3489 1621 3542 αὐτοῦ.
1649 3487 1848 3548 Μείζο-

224 3600 304 3641 νες
333 3583 439 3652 γὰρ
465 3588 565 3630 τῶν
595 3578 754 3631 ἄλλων
793 3582 1031 3653 κηρύκων
1068 3582 1115 3631 οἱ
1157 3583 1587 3654 προπορενόμενοι
1616 3578 1844 3634 πλησίον

224 3677 318 3722 τοῦ
352 3667 636 3741 βασιλέως.

301 3758 717 3831 [Περισσότεγον
771 3758 882 3826 (41)
918 3762 1208 3829 προφήτου,
1269 3760 1333 3818 ὡς
1380 3762 1470 3809 καὶ
1510 3757 1664 3809 αὐτόν
1717 3753 1840 3808 ἰδὼν

226 3846 644 3919 ὁφθαλμοφανὼς
670 3849 756 3898 τόν
787 3846 874 3897 ὑπ’
905 3846 1064 3898 αὐτοῦ
1090 3851 1553 3918 προφητευόμενον,
1589 3847 1642 3898 ὃν
1667 3848 1715 3898 οἱ
1741 3848 1841 3919 πρό

229 3937 399 3987 αὐτοῦ
428 3943 692 4006 προφῆται
713 3934 1098 4006 αἰνιγματωδῶς
1129 3933 1446 4005 ἐθεάσαντο.]

298 4024 479 4085 Οὗτος
554 4053 623 4063 -
685 4024 973 4098 ἔμπροσθέν
1055 4042 1172 4075 σου.
1259 4027 1402 4076 Μετὰ
1476 4027 1570 4081 τὴν
1655 4023 1841 4074 οἰκείαν

223 4116 552 4187 μαρτυρίαν,
601 4111 824 4184 ἐπιφέρει
871 4117 960 4164 καὶ
1012 4117 1104 4170 τὴν
1161 4117 1486 4186 προφητικὴν
1533 4129 1546 4142 ⁸
1579 4115 1688 4164 ἔστι
1742 4114 1839 4184 γὰρ

224 4204 539 4272 Μαλαχίου,
574 4203 629 4253 τό
657 4202 836 4275 ῥητόν.
887 4204 1106 4275 Εἴρηται
1137 4198 1214 4267 δὲ,
1254 4205 1318 4262 ὡς
1362 4201 1461 4252 ἀπὸ
1511 4209 1601 4254 τοῦ
1647 4204 1844 4272 Πατρός

221 4297 314 4344 καὶ
369 4298 504 4344 Θεοῦ
551 4294 700 4363 πρὸς.
743 4294 828 4342 τὸν
877 4292 996 4343 Υὶόν
1047 4295 1136 4343 καὶ
1163 4295 1308 4344 Θεόν.
1339 4290 1360 4303 ”
1386 4290 1604 4362 Αγγελον
1637 4286 1695 4342 δε
1729 4283 1844 4359 (42)

222 4383 411 4444 αὐτοῦ,
451 4383 538 4432 τόν
595 4381 832 4438 Ἰωάννην
885 4382 911 4432 ό
967 4384 1097 4442 Θεὸς
1151 4381 1433 4453 ὠνόμασεν,
1467 4382 1496 4438 ἦ
1559 4383 1624 4440 ὡς
1672 4379 1842 4450 ἀπαγο

221 4471 483 4542 γεέλαντα
529 4478 600 4540 τῷ
649 4469 754 4540 λαῷ
810 4473 874 4522 τὰ
911 4469 1196 4527 λαληθέντα
1243 4474 1360 4543 περὶ
1408 4478 1499 4521 τοῦ
1567 4475 1800 4541 Χριστοῦ
1830 4474 1842 4491 ²

217 4552 480 4632 Ἐγένετο
529 4561 656 4630 γὰρ,
714 4563 862 4629 φησὶ,
916 4559 1062 4632 ῥῆμα
1117 4563 1243 4611 Θεοῦ
1280 4558 1364 4611 ἐπὶ
1417 4558 1684 4615 Ἰωάννην
1751 4562 1838 4610 τόν

219 4658 318 4702 τοῦ
363 4651 643 4722 Ζαχαρίου
709 4651 820 4700 υἱόν
878 4647 926 4699 ἐν
983 4656 1044 4719 τῇ
1097 4645 1270 4720 ἐρήμῳ
1310 4666 1321 4677 ·

220 4737 342 4810 βίον
418 4741 820 4812 μετερχόμενον,
889 4736 939 4788 ἐν
987 4745 1058 4806 τῷ
1112 4738 1436 4810 ῦπεραρθῆαι
1508 4746 1605 4788 τῶν
1643 4740 1834 4808 γηίνων

934 4829 1003 4878 Τό
1059 4821 1135 4894 δε,
1196 4829 1302 4897 Πρό
1372 4831 1658 4898 προσώπου
1716 4845 1831 4892 σου,

221 4915 334 4970 ἀντὶ
367 4923 484 4981 τοῦ,
538 4914 781 4966 Ἐνὼπιόν
835 4933 928 4966 σου
987 4910 1356 4987 προοδεύοντα,
1423 4917 1492 4975 ὡς
1540 4914 1744 4980 οἰκεῖον,
1784 4915 1834 4976 ὃς

220 5011 308 5059 καὶ
368 5005 658 5078 ἔμπροσθέν
717 5022 812 5056 σου
847 5003 1140 5076 εὐτρεπέσει
1187 5008 1279 5061 τήν
1332 4999 1454 5056 ὁδον
1503 5023 1618 5057 σου.
1679 5000 1834 5064 Ὀδός

221 5092 281 5149 δὲ
316 5102 415 5148 τοῦ
459 5099 718 5169 Χριστοῦ,
769 5094 824 5145 αἱ
874 5091 1055 5164 ψυχαὶ
1105 5101 1205 5144 τῶν
1254 5091 1557 5166 ἀνθρώπων,
1617 5094 1684 5144 ὧν
1715 5092 1831 5145 ἐπι-

218 4833 308 4879 καὶ
369 4833 568 4898 φρονεῖν
617 4825 852 4898 οὐράνια,

290 5273 341 5308 ⁴⁴
370 5269 614 5328 Malach.
644 5285 724 5340 ιιι,
755 5274 801 5325 1.
880 5270 928 5306 ⁴⁵
954 5271 1083 5327 Luc.
1123 5274 1235 5336 vni,
1259 5271 1319 5327 2.

1953 3409 2043 3458 est
2069 3402 2377 3472 majorem.
2403 3399 2615 3455 Deinde
2637 3398 2774 3453 dicit
2801 3399 2858 3452 in
2883 3413 3006 3470 quo
3048 3397 3360 3466 majorem,
3385 3397 3600 3452 videli-

1953 3496 2041 3548 cet
2067 3492 2127 3546 in
2149 3507 2219 3547 eo
2239 3489 2400 3563 quod
2428 3489 2646 3544 venerit
2663 3487 2820 3544 circa
2835 3486 3044 3542 Christi
3073 3486 3418 3541 adventum.
3451 3488 3599 3540 Nam

1953 3581 2210 3651 majores
2233 3579 2360 3636 aliis
2392 3580 2542 3634 inter
2571 3592 2878 3650 praecones
2907 3581 3045 3631 sunt
3074 3575 3133 3631 hi
3157 3575 3260 3647 qui
3290 3590 3478 3647 prope
3509 3590 3601 3630 re-

1951 3687 2087 3741 gem
2118 3669 2484 3741 praecedunt.

2019 3762 2060 3830 -ι-
2095 3758 2588 3818 Excellentiorem
2619 3755 2929 3830 propheta,
2959 3758 3159 3826 utpote
3177 3754 3279 3826 qui
3307 3754 3430 3808 suis
3454 3751 3601 3809 vidit

1949 3849 2138 3906 oculis
2179 3865 2214 3904 a
2245 3865 2306 3904 se
2339 3847 2780 3919 prophetatum,
2838 3861 3019 3918 quem
3071 3845 3372 3916 prophetae
3399 3843 3600 3914 ipsum

1951 3939 2348 4011 praecedentes
2380 3937 2440 3992 in
2469 3937 2786 4006 aenigmate
2828 3941 3285 4005 conspexerant.

2022 4031 2178 4082 Vers.
2207 4029 2286 4082 10.
2322 4027 2431 4082 Hic
2455 4056 2524 4067 —
2549 4031 2684 4081 ante
2713 4029 2788 4080 te.
2827 4023 3149 4094 Postquam
3191 4022 3598 4078 testimonium

1952 4116 2120 4172 aﬂ'ert
2142 4128 2196 4171 et
2233 4115 2647 4186 propheticum
2677 4131 2689 4167 :
2723 4116 2811 4166 est
2837 4113 2994 4166 enim
3019 4111 3319 4167 Malachiae
3351 4110 3598 4165 verbum

1953 4206 2019 4259 “.
2051 4205 2277 4260 Dictum
2311 4209 2399 4258 est
2430 4208 2630 4258 autem
2657 4201 2822 4272 quasi
2855 4215 2891 4254 a
2948 4203 3114 4254 Patre
3157 4203 3214 4253 et
3243 4201 3379 4262 Deo,
3411 4199 3487 4252 ad
3512 4199 3600 4252 Fi-

1949 4293 2095 4348 lium
2127 4293 2301 4347 etiam
2345 4291 2541 4346 Deum.
2585 4291 2879 4345 Joannem
2910 4303 3048 4342 vero
3095 4286 3376 4354 angelum
3421 4302 3598 4341 suum

1955 4385 2105 4437 Deus
2137 4380 2487 4441 nominavit,
2523 4379 2644 4433 sive
2661 4377 2804 4448 quia
2853 4375 3063 4447 ἄγγελος
3092 4375 3308 4429 dicitur
3331 4375 3596 4440 nuntius,

1950 4474 2005 4525 et
2029 4470 2287 4524 Joannes
2314 4483 2440 4537 quae
2472 4465 2580 4520 sibi
2607 4465 2766 4520 dicta
2793 4467 2960 4519 erant
2988 4463 3062 4518 de
3103 4462 3335 4517 Christo
3367 4476 3599 4516 annun-

1949 4558 2111 4614 tiavit
2140 4557 2365 4630 populo
2397 4573 2409 4611 :
2447 4556 2692 4610 Factum
2723 4559 2826 4621 est,
2859 4551 3071 4625 inquit,
3099 4553 3334 4608 verbum
3366 4551 3472 4608 Dei
3500 4567 3600 4606 su-

1368 4648 1397 4706 ἦ
1443 4650 1505 4707 ὡς
1564 4646 1835 4718 ἁγγελικόν

1960 4648 2340 4704 oerJoannem
2359 4645 2665 4701 Zachariae
2673 4644 2864 4712 ﬁlium
2881 4645 2938 4698 in
2952 4643 3178 4700 deserto
3192 4642 3262 4700 ‘5.
3283 4642 3336 4698 Si
3348 4658 3413 4698 ve
3425 4642 3592 4714 quasi

1945 4737 2277 4807 angelicam
2292 4737 2606 4804 degentem
2634 4733 2826 4798 vitam,
2859 4749 2930 4788 eo
2960 4734 3124 4804 quod
3159 4749 3331 4803 super
3367 4739 3598 4789 terrena

1943 4823 2660 4890 elevabatur,accmlestia
2676 4821 2960 4894 sapiebat.
2982 4824 3128 4876 Ante
3162 4821 3371 4878 faciem
3404 4828 3593 4889 tuam,

1941 4916 2054 4971 hoc
2069 4921 2154 4970 est
2171 4916 2228 4970 in
2247 4918 2569 4985 conspectu
2582 4917 2687 4968 tuo
2701 4911 3159 4984 praecedentem,
3192 4917 3479 4983 tanquam
3494 4913 3596 4966 do-

1941 5002 2584 5075 mesticumtuum,qui
2616 5001 2794 5058 etiam
2827 5017 3031 5056 coram
3065 5005 3118 5055 te
3161 5001 3391 5071 parabit
3437 5001 3595 5056 viam

1942 5093 2252 5149 tuam.Via
2275 5097 2472 5148 autem
2503 5091 2714 5147 Christi
2737 5089 3450 5148 animaeeranthominum
3490 5105 3597 5163 per

1441 5394 1666 5464 Variae
1696 5394 2025 5464 lectiones
2048 5405 2113 5463 et
2145 5404 2344 5463 notae.

287 5539 404 5609 (41)
426 5535 664 5593 inclusa
690 5540 936 5610 uterque
965 5535 1151 5592 codex
1172 5535 1433 5593 habetin
1464 5536 1752 5607 margine.

2009 5536 2124 5608 (42)
2158 5536 2362 5592 ἑαυτοῦ.
2398 5542 2458 5594 Α.

287 5719 374 5791 (a)
404 5716 454 5771 A
495 5717 681 5773 domo.
709 5714 832 5773 Hoc
861 5713 1187 5773 obscurum
1217 5718 1328 5772 est.
1370 5715 1595 5786 Malim,
1621 5720 1725 5773 aut
1757 5716 2079 5774 domestica
2107 5715 2555 5785 consuetudine,
2592 5720 2695 5774 aut
2720 5731 2758 5774 a
2796 5716 3128 5774 nali‘vitate.
