4176 6432
533 369 633 428 351
1868 377 2202 434 EUTHYMII
2240 378 2571 437 ZIGABENI
3779 385 3891 442 352

531 511 686 570 quas
715 497 1029 570 oportebat
1052 498 1308 555 verbum
1342 499 1664 571 procedere
1684 507 1860 574 prout
1892 505 2056 560 tertio
2086 521 2182 562 ca-

2292 505 2480 559 ϐαίνειν
2533 507 2729 579 ἔμελλεν
2787 510 2813 561 ό
2868 509 3038 581 λόγος,
3095 512 3165 571 ὡς
3212 507 3260 559 ἓν
3307 515 3379 578 τῷ
3429 512 3588 582 τρίτῳ
3636 509 3905 582 κεφαλαίῳ

531 587 646 658 pite
683 587 854 643 latius
878 587 1158 643 diximus.
1198 589 1394 644 Potest
1423 590 1596 644 etiam
1635 591 1756 646 dici
1805 593 2185 650 excellentior

2292 595 2602 671 πλατύτερον
2655 598 2953 672 εἰρήκαμεν.
3023 603 3241 669 Λέγοιτο
3308 594 3360 649 δ’
3416 599 3477 649 ἄν
3526 603 3905 671 περισσότερος

531 675 837 747 propheta,
855 675 987 746 quia
1004 691 1142 731 eum
1166 691 1349 748 quem
1378 676 1525 732 vidit
1561 679 1978 751 prophetabat,
2016 681 2184 754 quod
2292 690 2581 754 προφήτου,
2640 691 2728 738 καὶ
2806 690 2829 737 ό

525 762 669 818 nulli
699 763 949 832 contigit
980 765 1424 836 prophetarum.
1463 769 1577 822 Nec
1607 767 1753 824 vidit
1780 773 2030 835 tantum,
2087 786 2186 826 ve-

532 867 664 907 rum
697 852 875 908 etiam
896 852 1240 925 baptizavit.

599 943 761 996 Vers.
794 943 878 996 11.
918 943 1106 998 Amen
1131 973 1196 983 —
1219 943 1508 1012 Baptista.
1567 947 1693 1001 Non
1746 949 1924 1003 natus
1953 951 2065 1013 est,
2094 947 2183 1003 in-

529 1028 671 1099 quit,
704 1032 856 1085 inter
880 1030 1173 1094 homines,
1207 1032 1310 1102 qui
1339 1047 1370 1086 e
1423 1032 1779 1090 mulieribus
1837 1035 1961 1092 nati
2023 1040 2180 1103 sunt,

530 1118 722 1189 major
751 1118 865 1174 illo.
896 1121 1037 1185 Quis
1065 1120 1222 1176 enim
1239 1120 1461 1176 aliusin
1486 1122 1634 1178 uteri
1664 1123 1914 1179 tenebris
1927 1124 2182 1180 abscon-

531 1206 709 1270 ditus,
739 1206 934 1262 lucem
974 1207 1210 1263 venisse
1237 1209 1482 1279 agnovit
1510 1215 1568 1265 et
1597 1211 1757 1266 illam
1791 1213 2185 1269 exsultatione

531 1295 800 1352 adoravit
836 1297 884 1331 ⁴⁶
910 1295 938 1350 ?
967 1296 1164 1352 Nullus
1194 1297 1345 1353 alius
1376 1303 1590 1370 praeter
1633 1300 1792 1356 hunc
1833 1300 2045 1367 solum,
2080 1301 2185 1374 qui

531 1385 741 1439 merito
779 1401 921 1440 sane
959 1386 1187 1441 cunctis
1217 1387 1410 1458 major
1464 1394 1569 1442 est.
1605 1391 1670 1444 Et
1694 1404 1920 1456 rursus,
1970 1391 2072 1462 qui
2105 1390 2184 1446 ab

529 1471 780 1529 infantia
808 1473 888 1529 ita
914 1473 1238 1530 solitariam
1271 1491 1340 1530 ac
1371 1476 1724 1534 eremiticam
1779 1477 1950 1532 duxit
1974 1479 2180 1547 vitam,

531 1561 764 1633 taleque
790 1562 960 1635 elegit
987 1563 1333 1619 exercitium
1354 1565 1382 1620 ?
1412 1564 1578 1622 Certe
1635 1566 1834 1621 nullus
1881 1568 2173 1623 omnium.

529 1651 850 1722 Postquam
865 1667 1006 1722 ergo
1023 1653 1341 1722 Baptistam
1354 1653 1622 1711 laudavit
1635 1671 1670 1710 a
1682 1671 1976 1711 concursu
1991 1657 2184 1712 Iudai-

531 1754 704 1795 orum
735 1740 811 1795 ad
837 1741 1056 1813 ipsum,
1095 1740 1314 1798 deinde
1338 1758 1374 1798 a
1407 1743 1614 1798 virtute
1654 1744 1833 1809 illius,
1879 1750 1936 1800 et
1961 1744 2125 1800 tertio
2149 1761 2183 1800 a

2293 1750 2466 1816 αὐτόν,
2499 1746 2801 1820 συνδρομῆς
2842 1757 2938 1801 τῶν
2991 1745 3281 1813 Ἰουδαίων,
3341 1747 3441 1800 ἀπὸ
3495 1767 3548 1800 τε
3576 1757 3669 1810 τῆς
3713 1747 3900 1821 ἀρετῆς

529 1845 637 1885 suo
655 1829 966 1899 suffragio,
978 1837 1192 1904 quarto
1205 1848 1437 1904 quoque
1451 1849 1487 1889 a
1505 1834 1804 1906 propheta
1823 1835 2179 1902 testimonio,

2293 1839 2470 1903 αὐτοῦ,
2529 1843 2617 1890 καὶ
2667 1858 2840 1911 τριτον
2894 1837 2994 1889 ἀπὸ
3049 1845 3145 1899 τῆς
3195 1836 3388 1898 οἰκειας
3417 1836 3619 1908 ψήφου,
3671 1842 3761 1890 καὶ
3810 1842 3892 1889 τέ-

531 1924 586 1975 et
606 1919 895 1990 majorem
914 1919 1221 1991 prOphetis
1247 1936 1386 1976 eum
1407 1922 1760 1993 praedicavit,
1784 1939 1854 1978 ac
1882 1924 2181 1979 universa-

2292 1947 2475 1999 ταρτον
2544 1926 2644 1978 ἀπὸ
2696 1935 2792 1988 τῆς
2838 1933 3162 2000 προφητικῆς
3226 1930 3518 1999 μαρτυρίας
3569 1967 3582 1980 .
3638 1931 3728 1978 καὶ
3789 1929 3895 1997 μεί·

530 2008 660 2064 liter
683 2009 967 2063 omnibus
995 2009 1279 2078 majorem
1303 2010 1651 2066 hominibus
1677 2030 1689 2078 ;
1717 2017 1881 2067 curat
1912 2013 1993 2084 (b)
2023 2012 2181 2069 hanc

2294 2016 2418 2076 ζονα
2465 2018 2554 2086 μεν
2603 2022 2700 2066 τῶν
2758 2023 3034 2087 προφητῶν
3088 2013 3417 2086 ἀνακηρύξας
3470 2015 3646 2078 αὐτόν,
3684 2017 3899 2085 μείζονα

529 2096 780 2150 laudum
802 2095 1292 2165 magnitudinem,
1315 2114 1389 2153 ne
1416 2106 1658 2171 propter
1681 2099 1827 2166 haec,
1850 2101 1986 2172 ipso
2003 2101 2180 2156 etiam

2294 2099 2352 2156 δι
2425 2102 2646 2155 καθόλου
2724 2106 2926 2155 πάντων
3003 2101 3283 2174 ἀνθρώπων
3371 2122 3383 2134 ·
3463 2103 3728 2175 θεραπεύει
3802 2105 3897 2158 τὴν

533 2184 760 2241 Christo
797 2184 1239 2241 honoratiorem
1292 2186 1594 2244 ducerent.
1622 2191 1683 2244 Et
1707 2189 1865 2259 vide,
1912 2189 2058 2262 quid
2103 2189 2184 2246 di-

2293 2190 2577 2264 ύπερϐολὴν
2670 2201 2769 2243 τῶν
2844 2191 3132 2262 ἐγκωμίων,
3212 2191 3295 2241 ἱνα
3392 2194 3464 2260 μὴ
3549 2186 3642 2242 διὰ
3731 2196 3901 2241 ταῦτα

533 2276 650 2330 cat.
2292 2279 2480 2353 μᾶλλον
2506 2285 2901 2354 προτιμήσωσιν
2934 2280 3086 2332 αὐτόν
3135 2285 3226 2332 τοῦ
3272 2286 3526 2353 Χριστοῦ.
3563 2283 3662 2332 Καὶ
3691 2281 3807 2351 ὅρα,
3842 2283 3894 2330 τί

2297 2389 2476 2441 φησιν.

2361 2458 2444 2510 Ὀ
2499 2455 2557 2510 δε
2628 2487 2677 2498 -
2717 2455 2877 2508 αὐτοῦ
2925 2455 3056 2510 ἔστί.
3109 2459 3447 2531 Μικρότερον,
3506 2456 3684 2506 ἑαυτὸν
3735 2453 3889 2524 λέγει,

2295 2545 2329 2600 δ
2335 2550 2388 2600 ιὰ
2418 2551 2474 2600 τό
2507 2544 2678 2600 δοκεῖν
2716 2545 2850 2598 οὓτω
2879 2548 3022 2617 παρὰ
3059 2553 3170 2608 τοῖς
3209 2541 3510 2608 Ἰουδαίοις,
3539 2543 3766 2603 Μείζονα
3793 2544 3895 2616 γὰρ

2295 2637 2454 2690 αὐτοῦ
2481 2641 2568 2688 τὸν
2593 2638 2828 2692 Ἰωάννην
2868 2634 3126 2706 ἇνόμιξον,
3178 2637 3242 2694 ὡς
3281 2633 3336 2685 ἔκ
3367 2632 3592 2708 βρέφους
3627 2631 3895 2705 ἰρημικόν,

2293 2731 2382 2779 καὶ
2440 2725 2552 2798 ξένη
2614 2721 2793 2796 διαίτη
2869 2729 3156 2796 χρώμενον.
3207 2727 3307 2775 Τὸν
3378 2725 3480 2795 γὰρ
3527 2724 3776 2796 Χριστὸν,
3831 2723 3898 2782 ὡς

2293 2823 2471 2875 κοινῶς
2529 2811 2890 2885 διαιτώμενον,
2949 2811 3281 2875 ύπεϐίϐαζον.
3340 2811 3399 2862 Ὀ
3484 2807 3543 2863 δε
3592 2814 3900 2884 μικρότερός

2292 690 2581 758 προφήτου,
2640 691 2728 738 καὶ
2806 690 2869 747 ὡς
2929 691 3015 738 τὸν
3074 687 3160 739 ὑπ’
3233 687 3392 738 αὐτοῦ
3450 692 3905 760 προφητευόμενον

2297 770 2440 837 ἰδὼν,
2486 777 2549 833 ὡς
2598 771 2771 837 οὐδεὶς
2823 783 2922 827 τῶν
2970 775 3132 827 ἄλλων
3167 783 3464 850 προφητῶν,
3512 780 3701 848 καὶμὴ
3741 780 3904 848 μόνον

2297 859 2440 928 ἰδὼν,
2476 861 2601 914 ἀλλὰ
2629 869 2712 916 κοὶ
2745 862 3026 935 βαπτίσας,

2364 951 2529 1023 Ἀμην
2608 983 2676 992 —-
2745 959 3062 1006 Βαπτιστοῡ.
3143 951 3216 1003 Οὐ
3305 956 3626 1023 γεγέννηται,
3715 956 3903 1023 φησὶν,

2293 1038 2342 1090 έν
2388 1047 2492 1100 τοῖς
2546 1045 2878 1113 γεννωμένοις
2954 1040 3010 1092 ἐκ
3069 1049 3327 1111 γυναικῶν
3381 1039 3660 1113 ἀνθρώροις
3704 1041 3905 1112 μείζων

2295 1128 2472 1181 αὐτοῦ.
2526 1131 2611 1188 Τίς
2667 1133 2768 1201 γὰρ
2834 1128 3004 1197 ἄλλος,
3075 1129 3122 1180 ἐν
3205 1134 3376 1181 σκότει
3431 1135 3630 1203 μητρας
3687 1128 3907 1202 ἐπικρυ-

2293 1222 2558 1289 πτόμενος,
2617 1216 2862 1291 ἐγνώρισε
2943 1221 3002 1270 τὸ
3060 1226 3159 1289 φῶς
3211 1217 3372 1285 ἐλθὸν,
3428 1223 3517 1269 καὶ
3573 1225 3727 1270 τοῦτο
3785 1226 3898 1280 τοῖς

3223 1303 3408 1366 Οὐδεὶς
3465 1305 3652 1378 ἃτιρος,
3722 1307 3767 1359 εἰ
3823 1311 3898 1378 μὴ

2292 1399 2440 1466 μόνος
2503 1414 2670 1456 ουτος.
2745 1399 2950 1458 Μείζων
3031 1397 3134 1468 οἶρα
3207 1397 3410 1446 πάντων
3487 1394 3713 1456 εἰκότως.
3795 1401 3899 1448 Καὶ

2293 1483 2463 1548 αὖθις,
2521 1489 2600 1546 τίς
2652 1482 2706 1535 ἐκ
2763 1482 2989 1558 βρέφους
3045 1483 3179 1534 οὕτω
3237 1487 3442 1553 γέγονεν
3509 1481 3755 1555 ἕρημικὸς
3807 1489 3899 1536 καὶ

2292 1575 2536 1630 τοιαύτην
2589 1574 2818 1630 ἄσκησιν
2871 1571 3044 1637 ἓλετο;
3089 1577 3199 1623 Τῶν
3258 1573 3461 1623 πάντων
3509 1575 3666 1622 ὄντων
3700 1568 3897 1633 οὐδείς.

2295 1311 2622 1380 σκιρτήμασι
2699 1308 2988 1379 προσεκύνη
2999 1325 3081 1358 σεν
3134 1325 3147 1369 ;

2294 1660 2594 1721 Ἐπαινέσας
2677 1661 2765 1712 οὖν
2823 1663 2908 1712 τὸν
2972 1664 3280 1722 Βαπτιστὴν,
3358 1661 3458 1711 ἀπό
3512 1679 3564 1711 τε
3621 1668 3716 1720 τῆς
3773 1665 3898 1734 πρὸς

2844 2191 3132 2262 ἐγκωμίων,
3212 2191 3295 2241 ἱνα

609 2457 760 2511 Vers.
787 2457 880 2512 11.
915 2458 1236 2525 Quiautem
1256 2488 1325 2500 —
1345 2461 1427 2513 est
1444 2458 1570 2514 illo.
1599 2456 1879 2513 Minorem
1920 2456 2182 2529 seipsum

532 2542 691 2610 dicit,
709 2560 781 2601 eo
797 2547 962 2617 quod
977 2547 1058 2602 ita
1079 2547 1376 2603 videretur
1389 2546 1813 2618 apudJudeeos.
1841 2549 1979 2602 Nam
2004 2548 2180 2602 Joan-

536 2648 672 2689 nem
700 2650 771 2690 eo
800 2635 1090 2706 majorem
1124 2635 1449 2701 habebant,
1475 2639 1678 2708 utpote
1699 2635 1803 2708 qui
1831 2635 1905 2691 ab
1934 2635 2184 2691 infantia

538 2722 598 2777 in
625 2738 891 2778 eremum
919 2728 1252 2789 secesserat,
1280 2729 1335 2780 et
1385 2723 1728 2780 admirabili
1761 2725 1891 2780 vitas
1917 2724 2183 2779 instituto

537 2826 682 2866 usus
739 2810 952 2868 fuerat.
995 2813 1288 2868 Christum
1328 2829 1468 2869 vero
1515 2817 1809 2885 tanquam
1873 2811 2184 2868 communi

536 2897 720 2953 modo
735 2904 1184 2956 conversantem
1201 2899 1578 2971 dejiciebant.
1604 2901 1732 2966 Qui,
1749 2899 1962 2971 inquit,
1989 2899 2186 2954 minor

536 2995 643 3053 est,
676 2986 736 3042 id
767 2989 979 3059 estqui
1011 2987 1240 3044 videtur
1287 2990 1484 3044 minor
1509 2989 1627 3054 illo,
1685 2989 1878 3059 major
1905 3003 1975 3044 eo
2009 2991 2094 3042 est
2124 2987 2182 3042 in

533 3092 720 3148 regno
751 3077 1054 3146 caelorum,
1091 3079 1206 3136 hoc
1231 3084 1336 3145 est,
1364 3079 1706 3152 imperando
1738 3078 1903 3136 caelis
1937 3095 1949 3134 :
1982 3083 2184 3150 utpote

537 3183 658 3223 non
689 3168 863 3224 homo
894 3170 1108 3238 solum,
1144 3170 1245 3226 sed
1275 3171 1451 3226 etiam
1486 3174 1658 3226 Deus.

609 3257 767 3313 Vers.
802 3259 894 3314 l2.
934 3261 980 3314 Α
1012 3290 1080 3300 -
1127 3261 1302 3315 illud.
1354 3261 1811 3330 Chrysostomus
1833 3257 1996 3322 dicit,
2029 3256 2185 3329 quod

534 3346 631 3402 hic
660 3363 910 3418 regnum
934 3353 1108 3404 vocat
1151 3349 1331 3406 tidem
1383 3350 1445 3404 in
1483 3350 1701 3420 ipsum,
1751 3353 1954 3420 utpote
1984 3346 2186 3403 arrha-

535 3435 757 3494 bonem
771 3440 844 3494 ad
857 3453 1110 3506 regnum
1122 3438 1432 3503 caalorum,
1449 3438 1528 3494 ad
1541 3438 1880 3494 fruitionem
1893 3438 2156 3509 ,inquam
2168 3477 2182 3501 ,

533 3526 830 3583 bonorum
859 3544 991 3600 quae
1011 3528 1305 3584 habentur
1329 3529 1388 3583 in
1437 3528 1623 3583 cmlis.
1654 3527 1781 3583 Vim
1811 3532 2010 3583 autem
2039 3525 2187 3597 pati-

537 3619 650 3682 tur,
683 3616 798 3670 hoc
822 3621 909 3670 est
937 3615 1224 3672 violenter
1253 3616 1329 3672 ab
1359 3615 1705 3672 hominibus
1725 3615 2014 3685 arripitur,
2039 3614 2184 3668 dum

537 3703 615 3758 illi
646 3703 760 3758 sibi
790 3703 932 3776 ipsis
962 3704 1077 3760 vim
1123 3705 1403 3769 inferunt,
1443 3720 1514 3760 ac
1557 3709 1712 3759 certe
1769 3702 2185 3758 necessitatem

536 3791 917 3863 propriorum
937 3793 1177 3850 vincunt
1194 3793 1534 3862 aﬂ'ectuum,
1559 3796 1660 3847 aut
1677 3791 1854 3847 etiam
1880 3789 2185 3846 inﬁdelita-

2295 2923 2474 2976 φησιν,
2507 2905 2532 2955 ὀ
2564 2899 2730 2955 δοκῶν
2774 2902 2993 2954 ἐλάττων
3024 2902 3206 2968 αὐτοῦ,
3240 2904 3429 2972 μείζων
3478 2899 3639 2952 αὐτοῦ
3677 2903 3816 2951 εστιν
3847 2902 3896 2950 εν

2293 3002 2362 3063 τῷ
2407 2991 2700 3065 βασιλεύειν
2745 3000 2841 3044 τῶν
2899 2991 3145 3067 οὐρανῶν,
3194 2993 3256 3050 ὡς
3304 2994 3374 3060 μὴ
3417 2992 3569 3060 μόνον
3601 2989 3899 3060 ἄνθρωπος,

2294 3081 2421 3134 ἀλλὰ
2445 3087 2536 3134 καὶ
2571 3087 2718 3143 Θεός.

2220 3212 2259 3266 C
2366 3257 2496 3312 ’Δπό
2548 3287 2614 3297 —-
2645 3256 2825 3315 αὐτήν.
2883 3256 2941 3308 Ὀ
2999 3255 3114 3327 (43)
3176 3257 3544 3328 Χρυσόστομός
3587 3273 3766 3325 φησιν.
3817 3255 3900 3305 ὅτι

2298 3344 2570 3418 βασιλείαν
2617 3345 2844 3420 οὐρανῶν
2894 3345 3029 3416 λέγει
3075 3353 3182 3409 νῦν,
3240 3349 3332 3402 τὴν
3376 3343 3446 3406 εἰς
3495 3342 3650 3395 αὐτὸν
3698 3346 3898 3411 πίστιν,

2295 3437 2364 3496 ὡς
2429 3435 2588 3488 οὖσαν
2677 3433 2912 3509 ἀρῥαϐῶν
2983 3441 3076 3496 τῆς
3143 3431 3418 3505 βασιλείας
3474 3440 3574 3484 τῶν
3641 3431 3896 3504 οὐρανῶν,

2297 3529 2430 3596 φημὶ
2488 3520 2580 3593 δὴ,
2608 3531 2704 3585 τῆς
2760 3522 3089 3581 ἀπολαύσεως
3141 3530 3240 3573 τῶν
3281 3521 3328 3573 ἐν
3382 3521 3615 3595 οὐρανοῖς
3666 3518 3893 3592 ἀγαθῶν.

2295 3615 2540 3673 Βιάςεται
2587 3609 2662 3676 δε,
2707 3610 2820 3664 ἀντὶ
2867 3619 2977 3680 τού,
3032 3609 3219 3682 βιαίως
3271 3610 3563 3682 ἁρπάζεται
3614 3611 3756 3681 παρὰ
3796 3616 3896 3658 τῶν

2295 3704 2594 3776 ἀνθρώπων,
2663 3699 2710 3752 ἕν
2761 3709 2833 3770 τῷ
2916 3698 3120 3772 βιάζειν
3182 3700 3391 3752 ἕαυτοὺε
3463 3703 3553 3751 καὶ
3609 3701 3752 3765 νικᾷν
3799 3699 3893 3750 τὴν

2296 3789 2524 3861 ἀνάγκην
2573 3798 2672 3842 τῶν
2729 3785 3050 3848 οἰωνδηποτε
3101 3791 3297 3856 παθῶν,
3356 3791 3385 3845 ἦ
3432 3792 3516 3838 καί
3567 3788 3660 3842 τήν
3711 3801 3893 3858 τυραν-

536 3879 609 3936 tis
626 3880 1025 3952 tyrannidem.
1058 3883 1314 3954 Ideoque
1355 3881 1468 3936 hoc
1493 3879 1894 3944 manifestans,
1937 3880 2189 3950 subjun-

536 3969 623 4024 xit
654 3969 819 4040 quod
860 3971 1107 4027 Violenti
1131 3972 1376 4040 rapiant
1407 3969 1586 4024 illud.
1624 3970 1777 4024 Hanc
1818 3983 1953 4024 vero
1984 3968 2188 4024 lauda-

536 4055 718 4112 bilem
750 4057 1114 4124 violentiam,
1143 4058 1434 4130 incepisse
1486 4055 1627 4111 dicit
1656 4072 1692 4112 a
1737 4055 1950 4112 diebus
1978 4057 2190 4130 prmdi-

537 4146 783 4202 cationis
805 4149 1067 4211 Joannis,
1091 4149 1190 4220 qui
1220 4145 1433 4218 populo
1476 4145 1751 4202 clamavit
1780 4162 1793 4201 :
1819 4147 2182 4219 Resipiscite,

536 4235 716 4292 instat
735 4237 894 4293 enim
925 4253 1176 4308 regnum
1209 4234 1516 4291 caelorum.
1552 4237 1669 4291 Hoc
1699 4240 1897 4292 autem
1920 4252 2080 4293 nunc
2100 4236 2187 4293 di-

536 4325 622 4382 xit
657 4325 943 4394 Christus,
1011 4325 1187 4382 simul
1231 4322 1477 4396 quidem
1517 4323 1579 4380 in
1625 4324 1868 4382 laudem
1917 4325 2184 4391 Joannis,

537 4415 702 4486 quasi
729 4415 1045 4472 hominum
1070 4413 1319 4470 salutem
1341 4411 1413 4469 sit
1433 4413 1768 4486 auspicatus
1797 4435 1809 4474 :
1838 4416 2018 4472 simul
2041 4432 2186 4488 quo-

537 4519 654 4576 que
678 4505 942 4561 excitans
968 4503 1282 4569 auditores,
1321 4507 1385 4558 ut
1413 4508 1469 4560 et
1489 4502 1605 4576 ipsi
1645 4504 1912 4562 similiter
1960 4504 2077 4560 vim
2102 4505 2188 4560 in-

539 4593 755 4651 ferrent
785 4594 897 4651 sibi
926 4593 1085 4665 ipsis.

612 4772 774 4828 Vers.
799 4774 885 4828 13.
915 4771 1121 4828 Omnes
1141 4802 1208 4812 -—
1225 4771 1746 4842 prophetaverunt.
1779 4771 1997 4841 Legem
2018 4775 2190 4828 vocat

541 4864 797 4917 veterem
818 4859 1264 4932 legislationem.
1290 4861 1590 4934 Siquidem
1613 4861 1792 4916 etiam
1815 4860 1876 4917 in
1899 4861 2011 4916 hac
2043 4860 2188 4916 mul-

540 4953 600 5006 ta
630 4950 702 5006 de
723 4949 953 5007 Christo
991 4949 1277 5022 prmdicta
1325 4955 1502 5007 sunt:
1533 4955 1590 5007 et
1649 4949 1911 5008 maxime
1941 4949 2002 5006 in
2051 4949 2190 5024 legi-

611 5131 659 5166 ⁴⁶
689 5130 828 5186 Luc.
858 5142 901 5197 Ι,
930 5129 1023 5188 41.

2294 3877 2416 3932 νίδα
2468 3888 2562 3940 τῆς
2614 3877 2882 3939 ἀπιστίας.
2953 3880 3038 3930 Διὸ
3086 3883 3175 3930 καὶ
3230 3884 3382 3929 τοῦτο
3433 3874 3729 3947 σαφηνίζων
3773 3871 3899 3929 ἐπή-

2293 3989 2468 4042 γαγεν,
2544 3970 2621 4020 ὅτι
2703 3973 2928 4019 Βιασταὶ
3017 3967 3346 4041 ἁρπάσουσιν
3435 3964 3616 4020 αὐτὴν.
3695 3965 3900 4018 Ταύτην

2297 4056 2355 4112 δὲ
2409 4063 2502 4116 τὴν
2569 4055 2836 4114 ἐπαινετὴν
2893 4054 3016 4128 βίαν
3102 4055 3362 4129 ἄρξασθαί
3421 4071 3578 4124 φησιν
3643 4049 3744 4102 ἀπὸ
3800 4058 3901 4101 τῶν

2303 4153 2504 4221 ἡμερῶν
2583 4153 2674 4198 τού
2747 4149 3086 4219 κηρύγματος
3170 4143 3427 4206 Ἰωάννου,
3515 4139 3742 4212 βοῶντος
3826 4146 3902 4208 τῷ

2293 4235 2401 4305 λαῷ
2452 4253 2462 4264 ·
2492 4241 2796 4288 Μετανοεῖτε
2852 4276 2862 4288 .
2896 4238 3085 4304 ἣγγικε
3129 4234 3230 4304 γὰρ
3292 4233 3320 4288 ἡ
3371 4227 3615 4302 βασιλεία
3666 4234 3766 4279 τῶν
3812 4226 3904 4278 οὐ·

2294 4333 2480 4399 ρανῶν.
2552 4327 2742 4396 Εῖρηκε
2783 4319 2842 4375 δὲ
2893 4331 3044 4374 τοῦτο
3097 4329 3184 4374 νῦν
3236 4322 3260 4372 ό
3306 4321 3556 4391 Χριστός,
3640 4316 3750 4387 ἅμα
3809 4319 3901 4388 μεν

2295 4413 2512 4466 ἐπαινῶν
2564 4416 2647 4465 τόν
2712 4414 2976 4477 Ἰωάννην,
3048 4413 3112 4472 ὡς
3177 4409 3332 4462 αὐτὸν
3391 4406 3725 4479 ἕναρξάμενον
3807 4411 3904 4466 τῆς

2299 4507 2557 4578 σωτηρίας
2612 4511 2710 4554 τῶν
2769 4499 3070 4575 ἀνθρώπων,
3150 4502 3260 4570 οἶμα
3311 4493 3368 4550 δι
3420 4501 3509 4548 καὶ
3579 4495 3903 4568 παραθήγων

2296 4596 2414 4655 τοὺς
2468 4591 2744 4651 ἀκούοντας
2801 4591 2872 4652 εἰς
2917 4593 2975 4642 τὸ
3027 4594 3116 4641 καὶ
3185 4587 3374 4647 αὐτούς
3429 4587 3616 4657 ὁμοίως
3693 4581 3902 4656 βιάζειν

2296 4682 2528 4744 ἑαυτούς.

2369 4774 2556 4830 Πάντες
2630 4800 2698 4809 -
2771 4773 3182 4842 προεφήτευσαν.
3294 4768 3468 4836 Νόμον

2295 4860 2519 4912 παλαιὰν
2570 4859 2900 4930 νομοθεσίαν.
2957 4861 3060 4910 Καὶ
3119 4858 3220 4930 γὰρ
3270 4858 3360 4906 καὶ
3421 4852 3470 4904 ἐν
3509 4854 3672 4922 ταύτῃ
3737 4847 3906 4900 πολλὰ

2295 4953 2412 5022 περὶ
2463 4955 2700 5022 Χριστοῦ
2755 4951 3054 5021 προείρητο,
3113 4949 3202 4997 καὶ
3257 4941 3446 5016 μᾶλλον
3514 4939 3564 4992 ἐν
3615 4945 3724 5000 τοῖς
3784 4941 3905 5011 περὶ

3573 4761 3732 4832 λέγει,
3807 4763 3904 4816 τὴν

1768 5227 1984 5296 Variae
2023 5226 2350 5295 lectiones
2390 5235 2457 5293 et
2485 5232 2667 5292 notae

615 5423 727 5496 (45)
781 5425 945 5500 Tom.
996 5426 1117 5500 VI},
1170 5441 1228 5496 p.
1297 5426 1398 5482 417
1440 5427 1496 5482 C.
1539 5445 1550 5479 :
1612 5430 1712 5481 Καὶ
1743 5428 1854 5500 ,γὰρ
1913 5425 2034 5479 ὠθεῖ
2105 5427 2195 5477 καὶ

544 5494 735 5566 ἐπείγει
790 5495 971 5550 λοιποῦ
1020 5494 1209 5560 αὐτούς
1260 5503 1349 5551 καὶ
1424 5500 1648 5552 ἐντεῦθεν
1712 5494 1781 5559 εἰς
1826 5494 1958 5556 ’τὴν
2014 5500 2194 5549 πίστιν

546 5571 639 5625 τὴν
679 5566 862 5620 ἑαυτοῦ
917 5567 1298 5627 Subobscure
1351 5586 1493 5641 ergo
1544 5570 1716 5626 dixit.
1784 5569 2072 5624 Eumdem
2113 5567 2196 5622 lo-

2304 5435 2443 5478 cum
2473 5421 2681 5475 tractat
2708 5421 2746 5475 t.
2772 5416 2914 5484 VIII,
2944 5431 3006 5490 p.
3049 5417 3152 5473 320
3178 5415 3237 5480 C,
3267 5413 3363 5471 ubi
3389 5411 3623 5470 nullum
3652 5408 3908 5468 verbum

2304 5496 2423 5568 περὶ
2451 5495 2694 5552 πίστεως.

617 5689 688 5763 (b)
720 5694 932 5752 Curat.
973 5695 1156 5753 Etiam
1177 5695 1291 5753 hoc
1321 5695 1662 5753 obscurum.
1691 5691 1914 5760 Malim,
1935 5697 2232 5762 temperat,
2255 5689 2493 5747 modum
2524 5687 2684 5760 ponit
2712 5687 2852 5746 huic
2882 5685 3130 5744 laudum
3158 5680 3574 5756 magnitudini.
