4176 6488
239 455 341 516 353

3290 10 3293 11 ν
3328 8 3343 11 κν
3380 2 3466 19 η’ν,π“
3488 2 3537 19 βλ.
3709 0 3792 24 ι’..η

1908 0 3788 92 se

1217 450 1588 509 COMMENT.
1631 449 1700 507 IN
1740 447 2180 507 MATTHEUM.
2223 479 2292 491 —
2328 448 2484 504 CAP.
2529 449 2614 504 XI.
3493 446 3598 505 354

239 586 436 636 θυσιων
492 586 694 655 νόμοις,
762 581 920 632 τύπον
988 583 1078 631 καὶ
1133 582 1446 652 προμήνομα
1509 579 1841 649 κεκτημένοις

1977 591 2064 630 ηις
2085 575 2160 631 de
2189 573 2792 646 sacriﬁciis,ﬁguram
2835 580 2936 634 aut
2958 576 3316 648 prmsagium
3331 575 3603 632 habenti-

237 680 328 725 τοῦ
378 673 602 730 τυθῆναι
686 669 950 742 μελλοντος
1010 668 1136 740 ύπερ
1214 675 1304 719 τοῦ
1387 672 1610 738 κόσμου.
1676 670 1840 723 Φησὶν

237 758 324 814 ὀῦν
382 762 465 812 ὅτι
543 761 727 819 πάντες
785 758 834 810 οἰ
911 764 1194 832 προφῆται,
1274 757 1322 807 οἱ
1393 757 1842 830 προφητεύσαντες

239 846 451 908 δηλαδὴ
513 853 630 922 περὶ
676 855 770 899 τοῦ
822 845 1089 919 μέλλοντος
1147 846 1398 917 ἔρχεσθαι
1452 852 1703 916 Χριστοῦ,
1753 848 1842 894 καὶ

235 941 470 1004 όνόμος,
521 939 546 988 6
578 938 945 1011 προφητεύσας
993 940 1112 1009 περὶ
1165 942 1256 986 τοῦ
1314 933 1580 1006 μέλλοντος
1625 934 1844 985 θύεσθαι

235 1027 507 1098 προϐάτου
551 1031 639 1078 καὶ
697 1024 880 1096 ἀμνοῦ,
934 1028 1122 1098 μέχρις
1171 1024 1408 1076 Ἰωάννου
1457 1025 1546 1082 τὰς
1600 1026 1844 1082 τοιαύτας

233 1118 406 1169 αὐτῶν
462 1119 779 1188 προφητείας
837 1112 1102 1175 ἐξέτειναν.
1149 1119 1324 1184 Μεχρι
1371 1115 1460 1183 μεν
1511 1115 1612 1184 γὰρ
1662 1112 1843 1163 Ἰωάν-

230 1227 318 1259 νου
371 1211 690 1278 προφητεῖαι
743 1200 876 1261 ἦσαν
928 1199 1126 1254 αὗταιο
1161 1200 1239 1253 ἐπ’
1299 1201 1459 1253 αὑτοῦ
1527 1197 1585 1252 δε
1645 1200 1842 1262 λοιπόν,

235 1297 323 1348 οὐκ
396 1297 481 1346 ἔτι
541 1298 853 1367 προφητεῖαι
917 1296 1288 1362 μεμενήκασιν,
1366 1287 1493 1340 ἀλλὰ
1560 1291 1847 1362 πράγματα

237 1388 543 1456 γεγόνασι..
595 1388 694 1433 Kac
744 1382 842 1452 γὰρ
895 1379 1051 1440 αύτός
1097 1375 1203 1430 εἶδε
1250 1383 1344 1437 τήν
1374 1377 1584 1430 ἔκϐασιν
1629 1381 1844 1434 τούτων,

250 1479 317 1525 Διὸ
372 1476 498 1534 καὶ,
550 1467 789 1541 ἐπιγνοὺς
840 1475 927 1520 τὸν
969 1470 1219 1539 Χριστόν,
1273 1465 1432 1540 ἀμνὸν
1479 1467 1633 1519 αύτόν
1686 1484 1847 1539 προσ-

241 1566 550 1635 εγόρευσεν,
635 1558 808 1612 εἰπών.
892 1553 1036 1610 Ἰδού
1088 1558 1114 1608 ό
1187 1557 1373 1628 Ἀμνὸς
1447 1562 1538 1608 τοῦ
1614 1563 1771 1626 Θεοῦ,
1822 1557 1848 1606 ό

236 1655 400 1724 αἴρων
430 1653 525 1706 τήν
557 1647 817 1722 ἁμαρτίαν
845 1653 937 1698 τοῦ
967 1650 1192 1717 κόσμου.

300 1743 504 1811 Εἷρηκε
546 1733 606 1788 δε
654 1739 740 1787 τὸν
791 1734 938 1806 λόγον
995 1742 1177 1787 τοῦτον
1208 1735 1233 1785 6
1291 1735 1540 1808 Χριστὸς,
1595 1733 1705 1806 ἅμα
1759 1734 1849 1806 μὶν

232 1833 321 1880 καὶ
374 1826 610 1878 ἐντεῦθεν
656 1826 872 1876 ἐπαινῶν
925 1826 1011 1875 τόν
1067 1823 1328 1889 Ἰωάννην,
1376 1825 1440 1882 ὡς
1495 1822 1607 1893 (44)
1650 1831 1849 1894 πρῶτον

1951 663 2063 720 bus
2082 664 2230 735 ejus,
2255 664 2356 736 qui
2381 678 2488 735 pro
2503 664 2732 721 mundo
2745 671 2869 722 erat
2887 664 3244 720 oﬂ‘erendus.
3267 665 3410 720 Dicit
3425 680 3597 734 ergo:

1952 754 2172 810 Omnes
2191 753 2512 826 prophetae,
2545 755 2646 826 qui
2676 755 2944 811 videlicet
2981 754 3054 810 de
3081 759 3328 809 venturo
3370 753 3603 809 Christo

1952 842 2461 914 prophetaverant,
2513 847 2570 898 et
2634 842 2726 898 lex
2767 860 2898 915 quae
2965 844 3026 899 in
3093 843 3297 898 ovium
3359 849 3415 898 et
3466 842 3605 912 agni

1951 931 2379 999 immolatione,
2414 931 2812 1002 prophetabat
2850 933 2924 988 de
2957 931 3185 988 Christo
3212 931 3604 995 immolando,

1953 1021 2298 1090 hujusmodi
2334 1021 2672 1092 prophetias
2699 1023 2771 1076 ad
2799 1023 3092 1078 Joannem
3138 1036 3321 1091 usque
3376 1025 3608 1093 proten-

1953 1108 2192 1165 derunt.
2245 1111 2341 1165 Hie
2391 1109 2680 1180 siquidem
2723 1110 3042 1182 praphetiae
3092 1115 3262 1166 erant
3304 1126 3490 1181 usque
3532 1110 3608 1165 ad

1951 1196 2236 1252 Joannem
2270 1214 2281 1252 :
2313 1196 2595 1270 deinceps
2645 1214 2786 1254 vero
2833 1215 2966 1254 cum
3003 1198 3100 1253 illo
3125 1199 3250 1268 jam
3301 1214 3422 1253 non
3477 1214 3611 1270 pro-

1955 1285 2168 1358 phetiaa
2196 1292 2568 1355 manserunt,
2610 1286 2714 1342 sed
2745 1303 2992 1360 operum
3014 1287 3408 1343 exhibitiones
3448 1286 3611 1343 {actia

1957 1380 2123 1432 sunt.
2184 1378 2330 1431 Nam
2387 1376 2592 1431 horum
2626 1377 2756 1448 ipse
2810 1376 2956 1433 vidit
2997 1383 3275 1432 eventum
3309 1395 3322 1433 :
3355 1376 3613 1450 ideoque

1956 1464 2163 1534 agnito
2204 1464 2456 1529 Christo,
2503 1481 2726 1538 agnum
2769 1482 2907 1522 eum
2966 1465 3310 1539 appellavit,
3363 1467 3609 1524 dicens:

1957 1554 2111 1610 Ecce
2145 1555 2348 1626 Agnus
2379 1555 2481 1610 Dei
2504 1556 2608 1626 qui
2643 1556 2796 1611 tollit
2822 1562 3132 1624 peccatum
3166 1555 3371 1612 mundi
3399 1558 3469 1612 ⁸⁷.

2028 1730 2290 1788 Christus
2303 1736 2503 1788 autem
2515 1732 2677 1788 hunc
2698 1731 2933 1788 locutus
2950 1737 3035 1789 est
3048 1748 3408 1804 sermonem,
3440 1733 3617 1790 simul

1956 1821 2252 1877 Joannem
2303 1822 2440 1877 hinc
2478 1821 2752 1886 laudans,
2809 1826 3102 1893 tanquam
3178 1822 3443 1894 primum
3513 1824 3617 1895 qui

235 1918 526 1988 ἐπιγνόντα
598 1919 693 1972 τήν
751 1912 963 1966 ἔκϐασιν
1027 1920 1127 1964 τῶν
1202 1914 1448 1964 τοιούτων
1503 1921 1848 1984 προφητειῶν,

1977 1924 2175 1965 larum
2225 1911 2668 1982 prophetiarum
2732 1910 3012 1979 cognovit
3077 1915 3375 1976 eventum,
3443 1913 3619 1984 quasi

236 2003 320 2059 οἶα
390 2010 487 2056 καὶ
546 2003 698 2055 αύτόν
752 2007 1065 2076 προφήτηνσ
1114 2003 1224 2073 ἅμα
1292 1997 1350 2054 δε
1407 2005 1496 2052 καὶ
1553 1997 1848 2066 διδάσκων,

237 2101 317 2149 ὅτι
371 2097 729 2168 παραγέγονεν
763 2111 776 2124 ο
835 2094 1296 2165 προφητευόμενος,
1349 2094 1437 2141 καὶ
1476 2089 1569 2141 οὐκ
1612 2092 1687 2142 ἔτι
1739 2094 1848 2165 χρὴ

237 2181 556 2259 προσδοκᾶν
582 2183 765 2253 ἕτερον.

314 2273 478 2326 Ἐστι
547 2267 606 2323 δὲ
664 2273 756 2321 καὶ
835 2267 963 2325 ἄλλη
1042 2287 1117 2328 τις
1175 2266 1440 2339 ἐξήγησις,
1517 2268 1596 2318 ὃτι
1673 2285 1854 2326 παντες

241 2363 424 2422 ἁπλῶς
477 2361 529 2411 οἱ
585 2365 850 2432 προφῆται
898 2362 987 2410 καὶ
1044 2359 1068 2408 6
1113 2362 1268 2429 νόμος
1322 2364 1413 2409 τοῦ
1475 2356 1590 2427 (45)
1658 2373 1856 2427 προφη-

240 2455 411 2503 τεύειν
495 2448 590 2509 ἕως
667 2448 902 2499 Ἰωάννου
982 2451 1367 2520 προεφήτευσαν
1437 2443 1486 2496 ἕν
1554 2440 1852 2508 Ἰοῦδαίοις,

241 2544 335 2590 καί
380 2537 677 2597 τελευταῖος
718 2540 988 2608 προφήτης
1039 2530 1188 2595 ούτός
1228 2533 1339 2586 ἔστι
1373 2551 1384 2562 ⁶
1441 2537 1500 2585 τό
1547 2532 1724 2585 λοιπόν
1775 2528 1852 2597 δε,

243 2625 427 2687 οὐδεὶς
480 2627 650 2699 ἔτερος
699 2624 877 2686 αὐτοῖς
928 2625 1296 2698 προφητεύσει,
1354 2627 1442 2674 καὶ
1507 2625 1618 2696 χρὴ
1690 2625 1857 2692 τούτῷ

247 2716 532 2770 πείθεσθαι
587 2715 792 2774 πάντως
849 2714 919 2774 ως
974 2711 1264 2783 τελευταίῳ·
1324 2711 1488 2764 πολλὰ
1539 2716 1657 2785 περὶ
1735 2710 1858 2783 ἐμοῦ

249 2808 657 2881 μαρτυρήσαντι
708 2806 793 2853 καὶ
858 2806 1338 2874 νυμφαγωγήσαντι
1407 2819 1497 2873 μοι
1552 2802 1644 2860 τὰς
1700 2799 1858 2852 ἀποίν-

249 2894 547 2964 τωγᾷυχάς
580 2911 592 2921 ·
650 2891 756 2944 ἐπεὶ
805 2895 895 2942 καὶ
952 2890 1372 2950 Κατασκευάξειν
1421 2891 1708 2962 ἔμπροσθεν
1757 2908 1858 2962 μου

250 2989 345 3042 τὴν
401 2979 530 3034 ὁδόν
561 3001 682 3052 μου,
739 2979 1018 3051 Μαλαχίας
1070 2981 1095 3030 6
1141 2983 1409 3051 προφήτης
1479 2975 1613 3031 εἶπεν
1684 2978 1858 3031 αύτόν.

329 3076 433 3125 Καὶ
518 3071 563 3123 εἰ
634 3103 698 3112 -
761 3071 786 3121 6
853 3068 1044 3141 μέλλων
1133 3070 1406 3142 ἔρχεσθαι.
1485 3064 1860 3136 Ιιροσδοκῶσιν

256 3158 536 3224 Ἰουδαῖοι,
604 3177 719 3210 τοτε
791 3161 877 3209 τόν
951 3161 1183 3232 Χριστόν
1255 3155 1434 3226 ἄλθείν,
1515 3159 1632 3209 ὁταν
1709 3156 1863 3209 ίλθὼν

1959 2002 2016 2054 et
2044 1998 2242 2070 ipsum
2269 1998 2625 2070 prophetam
2653 2016 2666 2054 :
2701 1998 2879 2054 simul
2905 2014 3146 2072 quoque
3177 1999 3419 2070 docens,
3454 2000 3620 2074 quod

1959 2087 2264 2144 advenerit
2285 2089 2413 2158 jam
2444 2089 2546 2160 qui
2574 2087 3065 2160 prophetabatur,
3096 2105 3205 2146 nec
3234 2089 3515 2163 deinceps
3543 2089 3621 2146 al-

1961 2180 2150 2233 terum
2182 2181 2454 2249 oporteat
2477 2184 2838 2249 exspectare.

2033 2268 2342 2322 Estautem
2374 2271 2431 2322 et
2458 2266 2574 2322 alia
2601 2267 2883 2340 quaedam
2898 2268 3212 2340 expositio,
3233 2269 3399 2340 quod
3412 2283 3623 2324 omnes

1965 2354 2311 2426 simpliciter
2340 2355 2639 2427 prOphetm
2669 2360 2725 2412 et
2749 2355 2842 2411 lex
2869 2357 3282 2428 prophetandi,
3321 2373 3508 2428 usque
3541 2357 3621 2412 ad

1963 2445 2252 2499 Joannem
2299 2443 2520 2500 Judaais
2579 2445 3085 2516 prophetaverant,
3120 2450 3176 2501 et
3226 2445 3324 2501 hic
3374 2445 3617 2501 ultimus

1966 2536 2051 2588 est
2089 2532 2516 2604 prophetarum
2552 2533 2871 2606 :deinceps
2917 2549 3059 2590 vero
3092 2533 3290 2589 nullus
3344 2533 3491 2589 alius
3539 2535 3624 2590 eis

1965 2620 2372 2694 prophetabit.
2430 2622 2573 2678 Huic
2616 2637 2760 2692 ergo
2805 2623 2972 2694 quasi
3021 2629 3322 2695 postremo
3368 2623 3617 2680 omnino

1965 2709 2202 2766 credere
2230 2715 2484 2782 oportet,
2537 2713 2638 2784 qui
2674 2711 2861 2767 multa
2898 2711 2971 2767 de
3003 2728 3098 2768 me
3120 2717 3366 2769 testatus
3408 2718 3496 2768 est
3524 2729 3540 2767 :
3567 2716 3623 2768 et

1967 2801 2121 2855 venit
2154 2803 2214 2854 ut
2239 2799 2511 2855 omnium
2543 2800 2777 2856 animas
2825 2807 3111 2874 tanquam
3151 2817 3398 2874 sponsas
3428 2801 3504 2857 ad
3535 2817 3628 2858 me

1967 2888 2248 2945 adducat.
2284 2889 2433 2944 Nam
2461 2895 2516 2945 et
2536 2888 2692 2945 hunc
2717 2889 3034 2946 Malachias
3061 2890 3352 2963 propheta
3380 2892 3631 2947 missum

1968 2977 2114 3034 dixit
2143 2979 2192 3014 ⁴⁸
2226 2996 2238 3032 :
2276 2979 2345 3036 Ut
2375 2987 2699 3049 appararet
2737 2982 2895 3037 viam
2931 2996 3108 3038 meam
3137 2987 3278 3038 ante
3305 2997 3414 3038 me.

2041 3067 2206 3124 Vera.
2260 3068 2346 3123 14.
2394 3068 2468 3122 Et
2524 3071 2574 3123 si
2623 3099 2685 3110 —
2731 3077 3008 3125 venturus
3085 3076 3227 3126 erat.
3282 3072 3635 3143 Exspectant

1968 3154 2156 3210 Judaei
2177 3154 2474 3212 Christum
2505 3163 2645 3212 tunc
2671 3163 2978 3214 venturum
3013 3175 3148 3214 cum
3181 3161 3404 3215 venerit
3457 3160 3632 3226 Elias,

257 3249 463 3315 Ἠλίας,
522 3243 805 3322 προδράμῃ
859 3255 953 3307 τῆς
1012 3249 1308 3319 παρουσίας
1364 3246 1546 3302 αὐτοῦ,
1611 3249 1708 3297 Καὶ
1761 3247 1862 3317 γὰρ

1977 3249 2035 3298 ut
2074 3250 2387 3315 praecurrat
2421 3245 2751 3301 adventum
2813 3248 2960 3316 ejus.
3023 3247 3323 3302 Malachiaa
3369 3265 3635 3320 namque

257 3341 372 3389 ἔστι
459 3341 747 3409 προφητεία
839 3333 1121 3404 Μυλαχίου

481 3425 657 3477 Ἠλίαν
741 3426 828 3476 τὸν

1222 3333 1448 3405 λέγουσα
1475 3353 1487 3367 ο
1570 3333 1866 3386 Ἀποστελῶ

930 3421 1214 3485 Θεσϐίτην,
1287 3422 1344 3483 ὃς
1439 3421 1867 3480 ἁπόκαταστήσει

250 3513 489 3587 καρδίαν
545 3516 736 3586 ποτρός
795 3515 924 3587 πρὸς
973 3514 1103 3565 υἱον.
1168 3516 1267 3564 Καὶ
1327 3511 1496 3583 μελλει
1547 3513 1636 3584 μὲν
1691 3511 1869 3572 Ἠλίας

251 3600 586 3676 προδραμεῖν
643 3609 735 3663 τῆς
785 3609 876 3654 τοῦ
929 3604 1166 3674 Χριστόῦ
1222 3602 1538 3674 παρουσίας,
1600 3598 1728 3651 ἀλλὰ
1774 3607 1869 3660 τῆς

255 3690 530 3764 δευτέρας.
599 3698 702 3751 Τῆς
753 3693 854 3761 γὰρ
911 3696 1125 3764 πρώτης
1163 3691 1190 3741 6
1244 3691 1484 3749 Ἰωάννης
1548 3685 1866 3763 προέδραμε.

253 3787 425 3840 hquis
471 3777 562 3832 οὖν
613 3781 639 3832 6
699 3783 952 3854 Χριστός,
1007 3780 1088 3831 ὅτι
1148 3780 1263 3831 Ἐὰν
1305 3778 1481 3836 θέλητε
1536 3774 1810 3844 δέξασθαι,
1843 3778 1870 3830 6

253 3871 427 3945 μέλλω
465 3877 556 3920 νῦν
610 3869 766 3921 εἰπεῖν
799 3884 811 3898 ⁸
847 3869 876 3927 ἡ
933 3865 1209 3931 δέξασθαι,
1267 3867 1379 3920 ἀντὶ
1427 3875 1539 3936 τοῦ,
1585 3871 1871 3940 Προσέχειν

254 3965 371 4021 τόίς
428 3962 776 4033 πράγμασιν’
832 3957 984 4018 αὐτός
1027 3956 1166 4009 ἐστιν
1219 3957 1336 4027 (46)
1387 3956 1563 4018 Ἠλίας
1606 3959 1631 4008 6
1681 3956 1872 4029 μέλλων

255 4050 526 4122 ἔρχεσθαι
557 4065 569 4076 ·
606 4047 763 4109 αύτός
821 4044 979 4116 ἔστιν,
1024 4048 1094 4108 ὡς
1156 4050 1250 4104 τήν
1305 4045 1466 4104 αὐτὴν
1521 4046 1662 4116 αύτῷ
1695 4043 1873 4099 διακο-

253 3429 380 3498 ὑμῖν

255 4145 377 4191 νίαν
459 4135 644 4190 ἀνύων.
699 4135 900 4208 Ὠσμερ
956 4137 1056 4210 γὰρ
1137 4134 1343 4204 ὶκεῐνος,
1410 4140 1715 4208 προτρέχων
1779 4145 1876 4196 τῆς

259 4225 526 4299 δευτέρας
589 4245 688 4298 μου
742 4229 1056 4298 παρουσίας,
1134 4222 1433 4298 ἐπιστρέψει
1492 4228 1587 4286 τὰς
1657 4222 1876 4299 καρδίας

258 4325 367 4369 τῶν
449 4322 739 4372 τηνικαῦτα
814 4309 1085 4367 Ἰουδαίων
1141 4316 1269 4386 πρός
1322 4317 1443 4374 τοὺς
1508 4311 1828 4374 ἀποστόλους
1859 4331 1872 4344 ⁸

261 4409 488 4479 πατέρες
536 4405 638 4475 γὰρ
697 4406 745 4455 οἱ
785 4399 1037 4457 Ἰουδαῖοι
1083 4412 1182 4455 τῶν
1227 4401 1526 4455 ἀποστόλων
1557 4421 1569 4433 ·
1611 4411 1745 4456 οῦτω
1787 4407 1878 4456 καὶ

261 4492 443 4555 οὗτος,
527 4497 830 4565 προτρέχων
913 4500 1003 4552 τῆς
1079 4497 1288 4566 πρώτης

265 4587 570 4657 ἐπιστρέφει
639 4585 730 4644 τὰς
804 4579 1030 4656 καρδίας
1095 4591 1194 4633 τῶν
1259 4583 1541 4655 μελλόντων
1615 4585 1878 4635 πιστεύειν

1383 4513 1482 4565 μου
1564 4497 1874 4567 παρουσίας,

1973 3333 2289 3404 prophetia
2363 3337 2455 3388 est
2509 3348 2645 3404 quae
2707 3333 3160 3390 dicitzlllittam
3223 3335 3373 3390 vobis
3426 3337 3627 3392 Etiam

1981 3420 2332 3490 Thesbyten,
2349 3421 2454 3492 qui
2468 3422 2737 3478 restituet
2751 3423 3054 3489 corpatris
3076 3423 3158 3479 ad
3164 3424 3207 3491 ﬁ
3215 3424 3379 3480 lium.
3403 3427 3469 3480 Et
3483 3429 3637 3480 certe

1975 3514 2262 3564 venturus
2289 3514 2377 3564 est
2407 3508 2583 3575 Elias,
2617 3514 2681 3565 ut
2702 3516 3026 3582 praecurrat
3053 3511 3262 3568 Christi
3288 3511 3636 3578 adventum,

1979 3597 2088 3654 sed
2117 3597 2450 3654 secundum
2482 3614 2494 3664 ;
2524 3599 2786 3655 Joannes
2819 3615 3082 3672 namque
3114 3600 3376 3672 primum
3417 3617 3642 3674 praecu-

1978 3687 2176 3744 currit.
2207 3686 2353 3744 Dicit
2391 3703 2533 3758 ergo
2561 3689 2824 3745 Christus
2853 3711 2865 3745 :
2895 3690 2951 3746 Si
2977 3688 3156 3746 vultis
3184 3691 3446 3762 recipere
3475 3691 3644 3764 quod

1979 3777 2243 3834 futurum
2293 3793 2421 3834 esse
2459 3778 2683 3834 dictum
2739 3783 2827 3834 est
2869 3779 2943 3834 de
2995 3777 3111 3835 hoc
3165 3783 3431 3852 tempore
3476 3780 3645 3837 :sive

1981 3868 2301 3940 suscipere,
2333 3867 2394 3923 id
2435 3873 2523 3924 est
2577 3868 2757 3925 rebus
2795 3869 3066 3925 animum
3125 3869 3455 3936 advertere,
3518 3870 3646 3941 ipse

1981 3963 2067 4013 est
2099 3957 2248 4014 Elias
2297 3958 2399 4031 qui
2451 3962 2734 4014 venturus
2778 3961 2924 4024 erat,
2983 3963 3186 4030 utpote
3238 3959 3439 4031 ipsum
3491 3960 3648 4016 illius

1982 4047 2377 4102 ministerium
2403 4047 2735 4118 perﬁciens.
2771 4049 2932 4105 Sicut
2967 4049 3126 4103 enim
3172 4047 3266 4104 ille
3300 4049 3645 4105 secundum

1985 4152 2191 4191 meum
2246 4135 2569 4192 adventum
2638 4153 3032 4208 prmcurrens,
3094 4142 3397 4194 convertet
3468 4139 3650 4194 corda

1983 4223 2331 4279 Judaeorum
2382 4223 2537 4278 illius
2596 4225 2882 4295 temporis
2926 4224 3004 4280 ad
3071 4224 3393 4294 apostolos,
3451 4231 3651 4296 patres

1987 4311 2279 4384 siquidem
2332 4310 2750 4383 apostolorum
2821 4317 2955 4366 sunt
3007 4311 3192 4366 Judaei
3225 4327 3236 4364 :
3271 4312 3353 4368 ita
3415 4316 3470 4366 et
3545 4313 3640 4368 hic

1987 4401 2291 4466 convertit,
2351 4414 2722 4470 praecurrens
2778 4415 2979 4454 meum
3048 4399 3390 4465 adventum,
3465 4399 3654 4458 corda

1988 4503 2196 4544 eorum
2225 4487 2330 4559 qui
2380 4487 2658 4543 credituri
2703 4491 2843 4543 sunt
2887 4486 3229 4542 Judmornm
3282 4487 3360 4544 ad
3411 4502 3506 4543 me
3549 4489 3656 4561 qui

1990 4593 2128 4633 sum
2171 4575 2323 4632 ﬁlius
2363 4592 2592 4633 eorum.
2635 4578 2785 4633 Nam
2842 4576 3175 4633 secundum
3215 4575 3657 4635 humanitatem

262 4669 550 4728 Ἰουδαίων
607 4674 739 4745 πρὸς
795 4669 900 4743 ἐμὲ,
959 4673 1045 4722 τὸν
1115 4672 1226 4722 υἱὸν
1301 4670 1486 4723 αὐτῶν.
1555 4673 1702 4724 Κατὰ
1779 4673 1862 4746 γὰε

1988 4666 2252 4724 Christus
2283 4681 2319 4723 a
2342 4665 2566 4721 Judaeis
2597 4665 2921 4722 descendit.
2951 4668 3018 4723 Et
3043 4666 3192 4723 sicut
3216 4666 3449 4741 primus
3478 4666 3656 4752 Elias,

263 4769 361 4822 τὴν
408 4760 802 4834 ἐνανθρὼπησιν
850 4759 902 4822 ἐξ
952 4755 1223 4812 Ἰουδαίων
1263 4761 1288 4811 6
1326 4762 1555 4832 Χριστὸς
1601 4765 1878 4832 κατήγετο.

271 4857 380 4906 Καὶ
435 4852 615 4921 ὥσπερ
679 4849 704 4900 6
762 4857 960 4922 πρῶτος
1014 4847 1212 4917 Ἠλίας,
1284 4845 1518 4921 δεύτερος
1587 4846 1883 4924 πρόδρομος

583 4938 714 4989 οὕτω
761 4934 828 4996 δὴ
889 4942 978 4990 καὶ
1009 4939 1034 4990 ό
1065 4946 1259 5014 πρῶτος
1288 4935 1608 5013 πρόδρομος,
1651 4935 1886 5014 δεύτερος

267 4941 483 4994 λέγεται
518 4953 530 4966 ⁸

273 4963 483 5013 λε’ίεται
519 4963 529 4966 ⁷
583 4963 714 4989 ουτω
761 4963 828 4996 οη
889 4963 978 4990 και
1009 4963 1034 4990 ο
1065 4963 1259 5014 πρωτος
1288 4963 1608 5013 προσρομος,
1651 4963 1878 5014 σευτῑρος

272 5029 456 5089 Ἠλίας
513 5029 978 5102 προσαγορεύεται,
1040 5023 1133 5079 διὰ
1186 5031 1300 5095 τήν,
1345 5029 1413 5090 ὡς
1476 5030 1676 5104 ε’ίρηται
1746 5029 1878 5101 (47).

276 5119 463 5190 ὁμοίαν
497 5112 790 5171 διακονίαν.

348 5217 396 5251 ⁸⁷
430 5217 603 5272 Joan.
632 5230 670 5284 ι,
698 5215 788 5271 29.
867 5213 914 5249 ³⁸
940 5211 1180 5270 Malach.
1211 5215 1292 5281 ni,
1333 5215 1384 5271 1.

1991 4755 2292 4814 secundus
2321 4770 2655 4828 praecursor
2710 4754 2946 4824 dicitur,
2993 4757 3075 4813 ita
3107 4771 3253 4813 sane
3315 4759 3371 4814 et
3426 4757 3658 4830 primus

1992 4860 2343 4920 praecursor,
2375 4843 2675 4900 secundus
2696 4843 2847 4900 Elias
2864 4843 3204 4917 appellatur
3238 4849 3480 4920 propter
3503 4845 3662 4903 simi-

1994 4935 2052 4994 le
2081 4933 2496 5000 ministerium,
2532 4938 2595 4990 ut
2627 4933 2853 4991 dictum
2890 4937 2997 4990 est.

1500 5313 1725 5384 Variae
1775 5311 2099 5384 lectiones
2139 5323 2204 5382 et
2244 5323 2450 5381 notas.

356 5457 474 5528 (44)
508 5459 621 5523 καί,
644 5470 754 5528 pro
785 5455 869 5517 ὡς.
902 5457 968 5512 Α.

354 5527 470 5598 (⁷45)
505 5527 594 5583 Ita

668 5543 863 5600 noque
893 5527 1212 5584 Hentenius
1250 5527 1484 5600 videtur
1519 5527 1752 5599 legisse,
1791 5529 1895 5600 qui

286 5597 692 5673 praphetandi
705 5597 1138 5673 hahetMinime
1155 5603 1354 5654 autem
1371 5599 1430 5655 in
1453 5615 1522 5656 eo
1541 5597 1784 5673 possum
1801 5597 1896 5655 ac-

290 5668 622 5746 quiescere.
653 5668 841 5726 Credo
881 5686 1022 5746 ergo
1047 5675 1178 5746 aut
1205 5675 1284 5736 τό,
1317 5675 1419 5727 aut
1443 5680 1513 5742 τῷ
1542 5668 1892 5746 Ἰεςεηάυω

291 5741 582 5815 esse,loc_o
612 5749 726 5795 τοῦ.
740 5748 822 5815 Τῷ
844 5742 991 5815 quid
1011 5743 1104 5808 sit,
1127 5757 1233 5814 per
1253 5757 1314 5798 se
1334 5741 1603 5813 apparet.
1628 5741 1894 5799 Alterum

295 5820 496 5875 autem
544 5813 628 5871 ita
668 5813 884 5889 capioE
930 5816 997 5868 Οἰ
1048 5813 1314 5892 προφῆται
1359 5817 1450 5869 καί
1481 5815 1508 5868 6
1550 5818 1706 5891 νόμος
1744 5832 1896 5892 προε-

2042 5462 2267 5530 ήτευσαν
2324 5459 2381 5508 τὸ
2433 5457 2797 5530 προφητεύειν.
2875 5460 2923 5512 l.
2988 5471 3064 5522 6.,
3123 5458 3180 5508 τὸ
3238 5455 3671 5530 προφητῳθῆναι

2003 5527 2097 5604 ξως
2157 5529 2435 5604 ⁵Ἰώ-ρον.
2473 5527 2776 5604 ”ξΕλθόντος
2844 5531 2976 5604 γάιρΔ
3020 5535 3112 5604 τοῦ
3186 5527 3668 5604 προφὲητευθίντος,

2003 5601 2056 5652 ὃν
2109 5598 2260 5659 αὐτὸς
2305 5594 2862 5659 ἐδακτυλοδείκτησεν⁷
2891 5594 2924 5655 ό’
2965 5594 3237 5666 Ἰωάννης
3277 5594 3450 5654 σ’ύκέτι
3505 5594 3672 5674 χρεία

2002 5674 2338 5746 sperauisse

2075 5739 2186 5816 (46)
2221 5739 2423 5816 ῙΗλιας,
2455 5740 2672 5816 omittit
2700 5744 2763 5798 Β.

2075 5813 2188 5890 (47)
2210 5813 2413 5891 ὁμοίαν,
2439 5814 2511 5879 ὡς
2539 5815 2772 5894 εἴρηται,
2803 5817 2875 5875 Α.
