4176 6426
589 328 694 383 355

659 453 817 508 Vers.
850 455 933 507 15.
969 452 1169 519 Qui—
1199 452 1422 508 audiat.
1466 455 1656 509 Aures
1687 469 1848 509 nunc
1890 454 2029 509 dicit
2068 454 2238 508 intel-
2267 455 2314 508 A

583 543 1118 612 ligibileszomnes
1185 542 1480 614 siquidem
1556 545 1858 600 auditores
1931 545 2238 600 habebant

585 631 916 687 sensibiles.
953 630 1096 686 Dicit
1126 637 1323 686 autem
1362 648 1374 685 :
1405 633 1512 696 Qui
1545 632 1724 688 habet
1755 649 1929 688 aures
1969 635 2237 704 intelligi-

579 721 733 775 biles
760 719 838 774 ad
865 719 1340 788 intelligendum,
1369 720 1656 790 intelligat
1679 723 1838 793 quod
1869 722 2096 778 dictum
2127 728 2234 790 est,

579 814 724 880 puta
753 808 916 881 quod
947 809 1208 864 Joannes
1241 809 1312 864 sit
1347 809 1498 864 Elias
1528 829 1545 880 ;
1583 811 1894 866 videbatur
1924 813 2081 866 enim
2101 814 2238 868 aeni-

579 897 762 966 gmati
795 897 1010 954 simile.
1047 901 1190 953 Nam
1240 898 1710 954 demonstrando
1763 900 1928 970 quod
1975 902 2235 956 Joannes

577 991 734 1042 esset
751 987 924 1050 Elias,
942 986 1115 1040 simul
1131 1002 1372 1058 quoque
1402 987 1908 1044 demonstraverat
1921 990 2236 1044 advenisse

579 1075 896 1130 Christum.
950 1075 1160 1128 Dicens
1207 1082 1405 1130 autem
1464 1093 1476 1129 :
1524 1077 1636 1142 Qui
1706 1076 1878 1134 habet
1938 1092 2108 1133 aures
2161 1078 2238 1132 ad

578 1162 930 1219 audiendum
948 1163 1166 1228 audiat,
1192 1163 1405 1218 excitat
1426 1180 1530 1219 eos
1545 1163 1622 1219 ad
1636 1164 2131 1236 interrogandum
2161 1168 2236 1222 de

577 1267 648 1308 eo
686 1251 851 1323 quod
878 1253 1140 1322 aenigma
1171 1251 1503 1308 videbatur.

648 1343 806 1397 Vers.
868 1342 951 1396 l6.
1010 1342 1126 1397 Cui
1178 1371 1242 1382 —
1297 1343 1512 1398 hanc!
1564 1344 1748 1399 Lucas
1814 1343 1996 1400 habet
2044 1362 2057 1399 :
2117 1346 2236 1401 Cui

577 1429 911 1488 assimilabo
968 1429 1229 1486 homines
1297 1433 1685 1501 generationis
1729 1433 1775 1467 ⁴⁹
1819 1433 2235 1490 ?Assimilabo

577 1535 733 1585 vero,
775 1520 834 1574 id
861 1525 951 1574 est
974 1518 1371 1590 Comparabo.
1407 1519 1546 1576 Vult
1579 1526 1777 1577 autem
1815 1538 1944 1578 esse
1993 1522 2234 1579 difﬁcile

574 1609 920 1665 convincere
945 1608 972 1661 Ι
982 1607 1205 1663 υᾰωοε.

642 1697 807 1752 Vers.
836 1698 922 1752 16.
954 1695 1174 1752 Similis
1205 1727 1273 1736 —
1301 1699 1438 1752 suis.
1473 1697 1734 1753 Puerulis
1786 1699 2022 1755 Judaeos
2073 1715 2230 1755 com-

575 1787 828 1858 paravit,
854 1792 1095 1858 propter
1117 1801 1325 1842 eorum
1350 1785 1774 1858 insipientiam.
1806 1789 2016 1843 Forum
2031 1795 2228 1844 autem

569 1877 733 1932 locus
795 1883 881 1932 est
907 1875 1184 1947 publicus
1232 1876 1292 1930 in
1336 1892 1516 1948 quem
1590 1877 1908 1932 multitudo
1967 1880 2230 1951 undique

568 1966 814 2022 conﬂuit
847 1965 1275 2035 negotiationis
1316 1966 1526 2036 gratia.
1584 1966 2010 2022 Consodalibus
2065 1983 2226 2030 vero,

566 2055 681 2110 hoc
724 2059 814 2110 est
862 2054 1072 2109 amicis
1127 2055 1285 2109 suis:
1330 2060 1386 2110 et
1450 2054 1722 2126 seipsum
1770 2072 1840 2111 ac
1895 2055 2225 2128 Baptistam

565 2143 852 2215 intelligit,
877 2143 1097 2215 quibus
1127 2143 1542 2199 acclamabant
1579 2144 1699 2199 sive
1731 2145 2229 2217 colloquebantur

564 2232 768 2288 Judaei.

636 2325 790 2377 Vers.
821 2322 906 2377 17.
944 2323 1018 2376 Et
1056 2351 1126 2363 —
1160 2323 1496 2392 planxistis.
1528 2323 1738 2378 Dicunt
1781 2323 2048 2395 praedicti
2083 2339 2228 2383 con-

564 2411 870 2467 sodalibus
903 2412 1028 2465 suis
1061 2427 1072 2464 :
1101 2412 1267 2466 Tibia
1294 2412 1610 2467 cecinimus
1645 2413 1818 2477 vobis,
1851 2419 1959 2468 etc.
1994 2413 2224 2469 Habent

565 2506 765 2556 autem
810 2500 969 2554 hunc
1019 2515 1307 2555 sensum:
1352 2500 1734 2557 Ostendimus
1789 2501 1958 2557 vobis
1991 2501 2222 2557 facilem

562 2589 804 2645 vivendi
860 2604 1140 2644 normam
1193 2594 1250 2643 et
1302 2604 1423 2644 non
1466 2589 1686 2660 placuit
1735 2607 1748 2654 ;
1792 2606 1860 2645 ac
1917 2591 2219 2645 difficilem

563 2688 619 2733 et
649 2693 852 2732 rursus
904 2675 1224 2747 displicuit.
1279 2676 1442 2732 Tibia
1489 2693 1747 2749 namque
1817 2677 1954 2734 lata
2005 2693 2218 2733 canere

567 2765 735 2820 facile
756 2769 842 2821 est
877 2782 890 2830 ;
918 2764 1196 2837 lugubria
1220 2781 1357 2821 vero
1376 2781 1606 2830 canere,
1626 2765 1883 2822 difficile.
1903 2769 1962 2821 Et
1977 2782 2214 2822 rursum

565 2855 800 2919 saltare,
843 2854 1024 2909 altero
1063 2853 1199 2910 laeta
1229 2861 1477 2911 canente
1526 2855 1685 2909 tibia.
1735 2854 2026 2910 delectat:
2058 2855 2216 2910 simi.

563 2943 692 2997 liter
721 2942 1001 3014 plangere
1033 2943 1152 2998 sive
1182 2943 1405 3012 lugere,
1429 2943 1634 3014 aliquo
1660 2942 1937 3011 lugubria
1967 2949 2214 2999 canente

563 3032 913 3104 complacet.
953 3033 1170 3088 Deinde
1192 3032 1457 3088 subdens
1483 3031 1902 3102 interpretatur
1933 3031 2215 3104 prtedicta

561 3120 760 3178 dicens
783 3137 795 3175 :

630 3303 904 3356 Vers.18.
954 3299 1119 3356 Venit
1144 3329 1213 3341 —-
1239 3299 1400 3354 Vers.
1433 3299 1518 3352 19.
1550 3303 1938 3367 peccatorum.
1967 3298 2212 3354 Joannis

561 3389 794 3444 vivendi
826 3389 1034 3443 modus
1055 3387 1312 3443 difﬁcilis
1354 3392 1478 3442 erat
1507 3393 1561 3442 et
1584 3402 1760 3459 asper
1791 3403 1804 3453 ;
1828 3403 2022 3459 neque
2049 3387 2207 3442 enim

555 3493 773 3550 panem
788 3478 1023 3542 edebat,
1044 3491 1238 3548 neque
1269 3477 1477 3531 vinum
1502 3475 1747 3530 bibebat
1780 3493 1792 3530 :
1828 3475 2038 3532 Christi
2070 3491 2209 3530 vero

554 3565 742 3621 facilis
773 3581 844 3620 ac
873 3563 1036 3628 levis,
1067 3580 1283 3635 panem
1321 3564 1620 3635 siquidem
1649 3562 1860 3619 edebat
1881 3563 2207 3635 vinumque

552 3653 800 3708 bibebat
831 3671 843 3707 :
887 3658 943 3707 et
973 3658 1140 3706 erant
1173 3651 1426 3705 invicem
1479 3650 1788 3706 contrariae
1817 3651 1907 3705 hae
1965 3650 2204 3708 vivendi

552 3742 832 3806 rationes,
878 3740 1138 3794 neutrius
1169 3744 1363 3793 tamen
1404 3739 1772 3795 conversatio
1804 3739 2048 3810 placuit.
2087 3740 2203 3797 Sed

551 3831 844 3885 Joannem
877 3827 1122 3898 quidem
1173 3830 1412 3898 propter
1443 3842 1738 3891 escarum,
1774 3828 2002 3899 vinique
2025 3830 2204 3886 absti-

552 3917 840 3980 nentiam,
885 3916 1253 3970 daemonium
1304 3915 1521 3971 habere
1561 3916 1872 3983 dicebant;
1907 3919 2202 3974 Christum

550 4020 713 4071 vero,
735 4003 893 4074 quod
925 4003 1124 4058 ederet
1151 4019 1220 4059 ac
1246 4003 1486 4070 biberet,
1515 4006 1932 4076 comedonem,
1961 4007 2203 4079 vinique

550 4099 820 4168 potorem
833 4094 1254 4151 nominabant:
1283 4110 1627 4166 quanquam
1651 4096 1962 4152 manifeste
1987 4098 2200 4152 horum

549 4182 882 4239 calumnias
912 4199 1030 4238 non
1083 4183 1378 4255 scripserit
1420 4185 1804 4254 evangelista,
1838 4190 2197 4258 praesentem

547 4289 885 4328 sermonem
918 4273 1236 4329 arbitratus
1268 4271 1562 4328 sufﬁcere.

616 4363 1132 4428 Quemadmodum
1148 4363 1296 4418 enim
1311 4363 1431 4418 duo
1449 4368 1779 4430 venatores,
1795 4363 2202 4433 animalcaptu

545 4450 783 4506 difﬁcile
811 4451 1014 4506 venari
1038 4456 1343 4518 conantes,
1370 4452 1532 4523 quod
1558 4452 1702 4506 solis
1744 4452 1982 4506 duobus
2007 4451 2202 4505 modis

1901 330 2249 387 EUTHYMII
2291 327 2622 387 ZIGABENI

3833 331 3942 390 356

2431 463 2473 507 Ο
2540 458 2675 526 ἔχων
2723 488 2791 497 -
2852 456 3096 512 ἁκονέτω.
3171 464 3310 510 Ὦτα
3369 459 3531 515 νοητὰ
3615 457 3749 530 λέγει
3809 467 3897 510 νῦν
3934 477 3948 489 ο

2347 544 2576 601 αἰσθητὰ
2649 548 2749 619 γὰρ
2823 549 3006 607 πάντες
3067 548 3210 618 εἶχον
3274 549 3321 598 oi
3400 545 3740 619 ἀκροώμενοι.
3807 553 3945 606 Φησὶ

2348 629 2406 684 δὲ
2447 634 2557 704 (48)
2590 636 2670 685 ὁτι
2711 637 2734 686 ό
2782 638 2918 705 ἔχων
2961 633 3068 687 ὦτα
3114 639 3272 692 νοητα
3317 640 3391 697 εἰς
3423 638 3478 687 τὸ
3521 640 3769 700 σννιέναι,
3824 656 3952 689 συν-

2346 727 2472 774 τέτω
2510 728 2565 774 τό
2594 725 2769 797 ῥηθὲν,
2824 725 3000 794 ἢγουν,
3059 734 3162 784 πῶς
3215 724 3354 776 ἐστιν
3414 724 3588 784 Ἠλίας
3629 728 3654 776 ό
3687 725 3950 787 Ἰωάννης.

2347 808 2548 864 Ἐδόκει
2608 816 2708 886 γὰρ
2784 814 3053 884 αἰνίγματι
3113 817 3306 885 ὅμοιον,
3361 810 3641 876 ἀποδείξας
3701 817 3792 886 μὲν
3859 816 3951 868 οὖν

2347 901 2544 969 Ἠλίαν,
2600 906 2685 952 τόν
2736 903 2995 970 Ἰωάννην,
3045 899 3399 969 συναπέδειξε,
3460 908 3549 954 καὶ
3602 906 3682 954 ὃτί
3721 910 3951 978 παραγέ-

2345 1009 2488 1060 γονεν
2519 992 2543 1040 ό
2575 995 2823 1063 Χριστός.
2867 993 3034 1044 Εἰπὼν
3067 988 3146 1056 δὲ,
3193 994 3273 1043 ὃτι
3300 991 3357 1043 Ὀ
3389 994 3524 1062 ἔχων
3554 992 3663 1043 ὦτα
3717 991 3945 1058 ἀκουειν,

2345 1077 2588 1143 ἀκουέτω,
2652 1077 2912 1154 διήγειρεν
2971 1081 3162 1141 αὐτοὺς
3233 1081 3302 1142 εἰς
3369 1084 3426 1132 τὸ
3493 1080 3757 1153 ἐρωτῆσαι
3829 1089 3951 1158 περὶ

2343 1176 2434 1220 τοῦ
2469 1165 2744 1230 δοκοῦντος
2771 1170 3093 1241 αἰνίγματος.

2414 1352 2526 1398 Τίνι
2577 1377 2642 1386 -
2703 1349 2932 1413 ταύτην;
2990 1347 3048 1399 Ὀ
3097 1344 3156 1400 δι
3196 1353 3403 1408 Λουκᾶς
3449 1365 3461 1377 ⁸
3521 1352 3637 1400 Τίνι
3698 1350 3948 1420 ὁμοιώσω

2342 1439 2460 1495 τοὺς
2513 1434 2812 1510 ἀνθρώπους
2869 1445 2959 1497 τῆς
3018 1442 3192 1507 γενεᾶς
3248 1455 3492 1503 ταυτης;
3546 1466 3611 1477 -
3667 1437 3944 1508 Ὀμοιὼσω

2345 1520 2421 1584 δὲ,
2479 1523 2589 1576 ἀντὶ
2642 1533 2753 1590 τοῦ,
2796 1528 3122 1598 Παρεικάσω.
3185 1525 3424 1578 Βούλεται
3474 1522 3532 1578 δε
3589 1529 3646 1577 τὸ
3708 1523 3943 1600 δυσάρε-

2345 1631 2464 1662 στον
2495 1611 2690 1682 ἐλέγξαι
2720 1611 3010 1667 Ἰουδαίων.

2412 1700 2597 1772 Ὀμοία
2655 1733 2707 1742 -
2751 1702 2938 1756 αὐτῶν.
3002 1700 3239 1763 Παιδίοις
3285 1707 3401 1764 τοὺς
3457 1699 3748 1765 Ἰουδαίους
3808 1723 3938 1776 παρ-

2264 1804 2304 1858 B
2342 1794 2534 1854 είκασε,
2597 1787 2690 1842 διὰ
2747 1795 2838 1848 τὴν
2892 1790 3186 1864 ἀφροσύνην
3229 1792 3417 1845 αὐτῶν.
3463 1792 3658 1864 Ἀγορὰ
3712 1790 3771 1844 δέ
3824 1793 3936 1845 ἐστι

2340 1883 2496 1940 τόπος
2558 1875 2839 1951 δημόσιος,
2897 1879 2946 1930 ἐν
3095 1885 3155 1938 τὴ
3210 1879 3381 1937 πλήθη
3432 1882 3760 1951 πανταχόθεν
3813 1880 3929 1954 συρ-

2337 1968 2563 2040 ῥέουσιν,
2625 1969 2874 2040 ἐμπορίας
2951 1971 3132 2042 χάριν.
3189 1968 3455 2041 Ἐταιρους
3516 1965 3595 2037 δε,
3676 1972 3931 2037 τουτέστι,

2339 2057 2514 2127 φίλους
2559 2058 2744 2122 αὑτων,
2813 2057 2944 2128 λέγει
3021 2058 3216 2122 ἐαυτὸν,
3303 2057 3393 2108 καί
3469 2061 3555 2110 τὸν
3635 2063 3934 2116 Βαπτεστην

2341 2145 2597 2210 Ἰωάννην,
2675 2145 2751 2207 οἷς
2828 2153 3206 2218 προσεφῶνονν,
3268 2149 3450 2217 εἶτουν,
3515 2146 3819 2199 συνελάλουν
3887 2149 3935 2198 οί

2336 2231 2632 2288 Ἰουδαοῖοι.

2411 2329 2510 2376 Καὶ
2569 2354 2635 2364 —-
2699 2322 2978 2393 ἐκόψασθε.
3051 2326 3152 2378 Καὶ
3199 2323 3412 2394 λέγουσι
3477 2332 3582 2384 τοῖς
3647 2320 3930 2380 δηλωθεῐσι

2335 2409 2566 2470 παιδίοις
2617 2414 2667 2463 οἱ
2715 2420 2939 2464 τοιοῦτοι
2993 2412 3185 2485 ἑταῖροι
3239 2414 3429 2482 αὐτῶν,
3482 2414 3556 2464 ὄτι
3617 2412 3924 2480 Ηύλήσαμεν

2333 2500 2474 2571 ὑμῖν,
2571 2505 2658 2552 καὶ
2737 2501 2830 2552 οὐκ
2910 2501 3254 2573 ὠρχήσασθε,
3344 2501 3693 2574 ἐθρηνήσαμεν
3779 2497 3921 2568 ὑμῖν,

2331 2594 2418 2639 καὶ
2486 2589 2577 2640 οὐκ
2629 2588 2908 2659 ἐκόψασθε.
2966 2596 3147 2642 Ταῦτα
3193 2586 3270 2657 δὲ,
3321 2592 3564 2647 τοιαύτην
3617 2591 3730 2659 ἔχει
3803 2583 3925 2639 διά·

2329 2697 2508 2728 νοιαν·
2567 2680 2646 2730 ὃτι
2704 2674 3075 2750 ἐπεδειξάμεθα
3127 2681 3247 2750 ὑμῖν
3301 2682 3558 2732 πολιτείαν
3599 2677 3924 2751 εὐπρόσιτον,

2327 2771 2416 2818 καὶ
2491 2766 2585 2818 οὐκ
2653 2768 2947 2840 ἠρέσθητε·
3000 2773 3089 2819 καὶ
3163 2765 3545 2841 δυσπρόσιτον,
3620 2771 3708 2818 καὶ
3773 2765 3926 2818 πάλιν

2326 2856 2418 2907 οὐκ
2479 2857 2750 2929 ἠρέσθητε.
2811 2860 2878 2908 Τό
2927 2861 3016 2928 μὲν
3072 2860 3173 2930 γὰρ
3218 2857 3408 2921 αὑλειν,
3470 2857 3776 2931 εὐπρόσιτον
3809 2871 3821 2884 ⁸
3864 2858 3924 2906 τὸ

2326 2942 2385 2997 δι
2437 2947 2655 3018 θρηνεῖν,
2717 2941 3092 3019 δυσπρόσιτον.
3166 2950 3262 2998 Καὶ
3313 2943 3465 3008 αὖθις
3514 2948 3538 2997 ό
3605 2946 3925 3019 ὀρχούμενός

2325 3052 2378 3084 τε
2436 3033 2710 3094 αὑλοὺντός
2784 3052 2917 3094 τινος
2979 3032 3251 3108 ἀρέσκεται
3331 3038 3419 3084 καὶ
3494 3035 3520 3084 ὁ
3585 3038 3923 3104 κοπτόμενος,

2252 3152 2293 3205 C
2323 3124 2488 3173 εἷτουν
2554 3121 2762 3187 κλαίων,
2845 3123 3150 3196 θρηνοῦντός
3226 3140 3362 3182 τινος
3435 3119 3731 3193 ἀρέσκεται.
3795 3118 3924 3174 Εἶτα

2321 3209 2650 3282 έφερμηνεύει
2679 3213 2745 3261 τὰ
2771 3211 2995 3284 ῥηθέντα
3022 3210 3182 3282 λέγων
3210 3229 3221 3242 ο

2387 3298 2544 3352 Ἦλθε
2624 3331 2692 3339 --
2773 3298 3107 3372 ἁμαρτωλῶν,
3198 3299 3256 3352 Ἰί
3340 3301 3430 3371 μεν
3509 3305 3600 3351 τοῦ

2319 3383 2521 3451 δίαιτα,
2583 3385 2942 3460 δυσπρόσιτος
2989 3395 3076 3440 καὶ
3127 3393 3352 3462 τραχεία
3383 3405 3394 3416 ·
3429 3391 3546 3440 οὔτε
3587 3390 3686 3460 γὰρ
3740 3389 3918 3445 ἤσθιεν

2315 3476 2490 3550 οἷρτον.
2537 3481 2652 3529 οὔτε
2681 3480 2841 3529 ἔπινεν
2891 3475 3022 3529 οἶνον
3049 3495 3060 3506 ’
3096 3479 3126 3535 ἡ
3163 3473 3221 3529 δε
3263 3485 3354 3528 τοῦ
3385 3484 3642 3550 Χριστοῦ,
3697 3477 3918 3549 εὐπρόσ-

2317 3585 2423 3626 ιτος
2476 3570 2565 3617 καὶ
2620 3566 2807 3637 ὁμαλή.
2849 3570 2912 3617 Τί
2967 3569 3106 3637 γάρ;
3140 3568 3320 3623 ἤσθιεν
3375 3566 3548 3638 ἄρτον,
3608 3570 3698 3616 καὶ
3750 3567 3915 3616 ἔπινεν

2314 3652 2482 3706 οἶνον·
2535 3659 2624 3706 καὶ
2692 3651 2824 3711 ἦσαν
2883 3658 2971 3725 μὲν
3036 3654 3273 3715 ἀλλήλαις
3347 3653 3568 3707 ἐναντίαι
3625 3653 3776 3705 αὗται
3856 3655 3912 3703 αἱ

2314 3741 2543 3798 δίαιται.
2611 3740 2882 3816 Οὗδετέρῳ
2941 3740 2997 3794 δὲ
3052 3752 3150 3794 τῶν
3200 3745 3333 3795 οὕτω
3395 3740 3740 3814 διαιτωμένων
3792 3740 3908 3811 ἡρέ-

3400 3829 3492 3884 διὰ
3559 3834 3648 3888 τὴν
3702 3826 3906 3879 ἀσιτίαν

3675 3298 3918 3352 Ἰωάννου

2315 3847 2533 3882 σκοντο”
2592 3829 2716 3881 ἀλλά
2765 3835 2851 3882 τόν
2907 3831 3143 3888 Ἰωάννην
3205 3835 3316 3904 μὲν,

2311 3925 2399 3970 καὶ
2451 3917 2670 3985 ἀοινίαν,
2705 3915 2973 3992 δαιμόνιον
3014 3923 3153 3991 ἔχειν
3188 3920 3356 3991 ἔλεγον
3387 3939 3398 3948 ·
3433 3923 3519 3972 τὸν
3551 3917 3609 3972 δι
3657 3919 3910 3992 Χριστόν,

2313 4006 2406 4060 διὰ
2479 4012 2536 4059 τό
2615 4007 2780 4060 ἐσθίεν
2859 4015 2947 4060 καὶ
3007 4015 3190 4073 πίνειν,
3262 4013 3422 4082 φάγον
3477 4013 3567 4060 καὶ
3639 4007 3913 4064 οἰνοπότην

2311 4097 2596 4168 ὠνόμαζον,
2657 4095 2700 4148 εἰ
2760 4102 2848 4148 καὶ
2902 4101 2972 4168 μὴ
3031 4099 3201 4171 ⁴ῥητῶς
3257 4100 3348 4159 τὰς
3404 4094 3651 4157 διαϐολὰς
3717 4098 3913 4149 τούτων

2311 4183 2594 4259 ἀνέγραψεν
2656 4186 2681 4235 ὁ
2765 4184 3158 4257 εὖαγγελιστὴς,
3262 4190 3480 4257 νομίσας
3563 4184 3736 4258 ἀρκεῖν
3824 4187 3913 4236 τόν

2311 4278 2545 4345 παρόντα
2573 4273 2745 4344 λόγον.

2381 4362 2578 4432 Ὠσπερ
2611 4366 2710 4435 γὰρ
2768 4359 2864 4415 δύο
2913 4365 3178 4438 θηρευταὶ,
3239 4364 3368 4424 ζῶον
3410 4358 3745 4436 δυσθήρατον
3793 4361 3912 4433 (49)

2878 4451 2932 4503 ἐκ
2991 4449 3088 4504 δύο
3145 4457 3308 4524 μόνων
3357 4447 3607 4513 διεξόδων
3659 4452 3915 4524 θηρευθῆ-

2315 4451 2436 4503 ἑ).εῐν
2488 4449 2812 4514 σπεύδοντες,

545 4540 679 4610 capi
711 4546 903 4610 potest
931 4539 1044 4594 sibi
1083 4545 1292 4595 mutuo
1336 4542 1668 4608 contrariis,
1715 4541 2052 4595 dividentes
2087 4539 2199 4594 hos

2323 4560 2396 4590 σαι
2451 4538 2650 4610 μέλλον,
2708 4538 2943 4591 ἐναντίων
3021 4540 3281 4605 ἀλλήλαις,
3349 4540 3591 4613 ἑκατέραν
3673 4534 3914 4600 διέξοδον

542 4630 694 4684 inter
719 4629 1136 4693 se,utalterum
1165 4630 1418 4701 quisque
1433 4631 1630 4698 eligat,
1657 4629 1928 4700 opposito
1957 4628 2200 4700 quidem

542 4719 695 4774 inter
709 4718 1026 4772 seinvicem
1044 4719 1216 4774 modo
1243 4723 1560 4776 venantur;
1580 4718 1727 4772 idem
1745 4725 1942 4772 tamen
1958 4717 2204 4788 faciunt.

543 4811 628 4864 lta
653 4822 887 4879 quoque
918 4805 1014 4862 hic
1045 4806 1405 4879 dispositum
1447 4810 1552 4869 est,
1588 4811 1649 4860 ut
1675 4804 1934 4860 Joannes
1959 4806 2204 4878 quidem

540 4896 838 4952 duriorem
867 4895 1100 4951 vivendi
1127 4895 1398 4965 regulam
1436 4893 1701 4958 haberet,
1758 4893 2016 4949 Christus
2063 4911 2204 4952 vero

538 4985 870 5042 molliorem
905 5003 917 5041 :
961 4989 1026 5040 ut
1045 4984 1169 5040 sive
1190 4985 1349 5040 hunc
1375 4982 1498 5037 sive
1520 4980 1687 5036 illum
1718 4981 2022 5051 eligentes,
2061 4984 2199 5041 obe-

539 5075 827 5131 direnteis
852 5093 864 5130 :
889 5079 944 5131 et
969 5075 1052 5132 vel
1079 5089 1183 5146 per
1208 5073 1368 5129 hunc
1383 5071 1469 5127 vel
1489 5085 1594 5144 per
1613 5069 1778 5126 illum
1817 5079 2198 5144 caperentur.

608 5255 654 5290 ‘9
683 5255 820 5310 Luc.
849 5269 949 5319 vn,
995 5254 1083 5308 32.

2315 4629 2550 4700 ἑκατερος
2613 4624 2893 4691 διαλαϐὼν,
2947 4628 3226 4691 ἐξεναντίας
3273 4631 3360 4699 μεν
3429 4627 3662 4687 ἀλλήλοις
3731 4627 3913 4678 ἰσταν-

2313 4737 2418 4784 ται,
2470 4719 2528 4768 τὸ
2565 4715 2690 4767 αὑτὸ
2750 4712 2808 4768 δε
2864 4723 3140 4769 ποίουσιν·
3202 4717 3360 4777 οὕτως
3436 4717 3764 4788 ᾠκονομήθη,
3822 4716 3911 4765 τὸν

2314 4809 2402 4878 μὲν
2505 4804 2742 4863 Ἰωάννην
2845 4805 3187 4880 σκληροτέραν
3292 4808 3431 4878 ἔχειν
3511 4803 3744 4875 ἀγωγην,
3822 4805 3912 4854 τὸν

2315 4891 2375 4947 δὲ
2439 4897 2667 4967 Χριστὸν
2739 4893 3123 4970 μαλακωτέραν,
3206 4895 3289 4946 ἵνα
3359 4897 3457 4946 εἴτε
3535 4899 3735 4958 τοῦτον,
3810 4893 3913 4944 εἶτε

2313 4983 2498 5036 ἐκεῖνον
2571 4979 2966 5056 ἀποδεξαμένοι,
3046 4985 3331 5036 πεισθῶσιν
3403 4982 3596 5047 αὐτοῖς,
3665 4984 3756 5033 καὶ
3809 4981 3913 5033 εἴτε

2315 5070 2408 5127 διὰ
2462 5074 2668 5140 τούτου,
2729 5075 2826 5126 εἴτε
2880 5069 2952 5125 δι’
3005 5071 3195 5126 ἐκείνου
3246 5073 3539 5147 θηραθῶσι.
3611 5074 3712 5124 Καὶ
3772 5064 3911 5127 ἦσαν

2505 4804 2742 4863 Ἰωάννην

1747 5383 1973 5454 Variae
2015 5382 2342 5456 lectiones
2375 5393 2442 5455 et
2482 5396 2684 5457 notae.

752 5582 833 5634 ὅτι
862 5579 1045 5636 abest.
1083 5581 1140 5634 Β.

781 5648 1157 5726 δυσθήρευτον.
1217 5652 1291 5710 Α.
1353 5653 1669 5729 Utrumque
1745 5655 2025 5728 probum,
2100 5655 2181 5712 uti

605 5581 720 5726 i233

2301 5582 2583 5657 ἀθήρεντος
2637 5586 2694 5638 et
2751 5581 3021 5657 ᾄθήρατος.
3091 5581 3206 5639 Sed
3260 5573 3544 5648 ἀθήρευτος
3597 5574 3654 5628 et
3703 5566 3911 5630 ducen-

2299 5653 2452 5731 ρατος
2490 5653 2896 5728 frequentiora
2923 5657 3084 5712 sunt.
