4176 6418
30 6402 211 6418 frti-“'7.—

234 339 340 397 357

1197 338 1565 405 COMMENT.
1610 338 1680 394 IN
1720 335 2169 395 MATTHEUM.
2209 368 2276 380 —
2317 336 2474 393 CAP.
2519 339 2619 394 Xl.

3496 343 3602 400 358

228 462 462 515 ἐναντίαι
490 466 580 536 μὲν
630 463 876 527 ἀλλήλαις
923 465 978 516 αἱ
1033 460 1170 516 ὁδοί.
1217 467 1275 516 τὸ
1330 460 1388 516 δί
1437 466 1604 537 ἔργον,
1636 465 1832 535 ὅμοιον.

1959 462 2011 517 Ξί
2040 466 2204 519 erant
2233 478 2377 518 sane
2417 462 2510 518 has
2549 462 2655 519 via:
2687 463 2843 519 inter
2870 479 2933 519 se
2970 463 3223 522 invicem
3244 468 3556 523 contrarias
3586 484 3601 526 :

227 551 367 604 Ἀλλ’
436 553 610 618 αὐτοὶ,
667 555 900 626 καθάπερ
955 555 1131 627 θηρίον
1194 549 1511 626 δύστροπον,
1572 553 1836 626 ἑκατέρους

227 643 529 713 φεύγοντες,
563 642 803 716 ἑκατέρου
814 662 835 703 ς
864 641 1123 703 ἐκάκιζον.

298 819 681 892 Ἐρωτησωμεν
745 823 936 885 τοίνυν,
989 818 1192 880 αὐτούς·
1270 818 1436 872 Καλὸν
1497 821 1526 877 ἡ
1608 818 1836 891 σκληρο-

224 911 347 979 τέρα
386 905 663 978 πολιτείας
717 913 819 961 Καὶ
876 916 981 969 πῶς
1043 908 1136 960 οὐκ
1186 905 1459 965 ἔπείσθητι
1501 915 1571 978 τῷ
1603 906 1831 978 Ἰωάννη⁹

224 999 311 1048 τὸν
372 1000 609 1068 Χριστὸν
676 998 797 1069 ὑμῖν
857 994 1251 1050 ὑποδεικνύοντι
1303 1015 1321 1068 ;
1391 995 1546 1050 Ἀλλὰ
1602 995 1755 1048 καλὸν
1802 998 1832 1054 ἡ

222 1084 593 1160 μαλακωτέρα·
669 1091 758 1138 καὶ
809 1094 913 1147 πῶς
995 1085 1089 1139 οὐκ
1158 1084 1427 1143 ἐπείσθητε
1479 1092 1553 1157 τῷ
1599 1092 1834 1158 Χριστῷ,

224 1178 316 1232 τὴν
349 1170 480 1225 ὁδὸν
512 1175 649 1246 ὑμᾶς
678 1183 770 1236 τῆς
806 1180 1064 1247 σωτηρίας
1090 1171 1443 1243 diaria-actori;

297 1267 458 1316 Διατί
521 1260 581 1315 δὲ
653 1262 843 1335 μᾶλλον
917 1266 942 1316 6
1001 1264 1235 1324 Ἰωάννης
1316 1268 1411 1322 την
1489 1262 1836 1338 σκληροτέραν

238 1351 441 1424 ἂγωγὴν
489 1348 636 1423 εἶχες
696 1357 837 1405 Διότι
884 1349 992 1406 ἔδει
1047 1356 1133 1405 τὸν
1177 1356 1268 1425 μὲν
1314 1358 1522 1425 κήρυκα
1550 1360 1644 1413 τῆς
1677 1370 1832 1425 μετα-

224 1448 366 1502 νοίας
423 1443 738 1516 σκυθρωπὸν
782 1440 932 1511 εἶναι,
971 1444 1056 1494 τὸν
1097 1438 1156 1495 δὴ
1212 1438 1414 1515 δοτῆρα
1466 1449 1560 1504 τῆς
1609 1440 1835 1515 ἀφέσεως

223 1539 323 1581 τῶν
386 1529 683 1603 ἁμαρτιῶν,
759 1536 1032 1603 χαρίιντα.
1094 1535 1193 1584 Καὶ
1245 1531 1325 1583 ὅτι
1382 1531 1408 1583 6
1466 1533 1555 1602 μὶν
1599 1532 1833 1590 Ἰωάννης

220 1616 379 1671 οὐδὲν
436 1618 585 1671 πλέον
635 1615 933 1681 ἐπεδείξατο
984 1627 1092 1681 τοῖς
1132 1616 1431 1684 Ἰουδαίοις,
1468 1618 1620 1692 εἰμὴ
1680 1618 1831 1671 πολι-

217 1713 363 1761 τείαν
430 1711 616 1780 μόνην,
670 1706 911 1769 Ἰωάννης
976 1710 1096 1781 γὰρ,
1159 1713 1336 1781 φησὶν,
1405 1704 1556 1761 οὐδὲν
1621 1707 1832 1766 ἕποίησε

1946 549 2135 606 simile
2172 556 2371 607 tamen
2402 556 2527 607 erat
2588 567 2768 623 opus.
2808 553 3019 607 Verum
3050 552 3129 619 hi,
3160 558 3448 626 tanquam
3480 555 3605 613 fera

1946 640 2128 711 captu
2166 638 2440 706 difﬁcilis,
2480 646 2795 713 utrumque
2840 639 3155 710 fugientes,
3218 642 3449 716 utrique
3501 644 3601 701 de-

1946 726 2285 784 trahebant.

2020 815 2457 885 lnterrogemus
2489 831 2629 888 ergo
2656 815 2805 873 illos.
2840 819 3015 874 Estne
3060 818 3251 891 proba
3284 820 3403 877 vita
3431 836 3605 894 aspe-

1945 903 2067 960 rior
2084 904 2113 959 7
2133 904 2439 976 quomodo
2458 919 2600 975 ergo
2622 919 2743 961 non
2765 906 3049 963 obedistis
3074 909 3288 964 Joanni
3309 908 3603 967 Christum

1947 991 2120 1048 vobis
2154 993 2581 1049 demonstranti
2611 994 2639 1050 ?
2666 998 2737 1049 At
2765 992 3034 1051 fortassis
3091 994 3212 1053 vita
3270 997 3507 1053 mollior
3533 1012 3604 1055 ac

1948 1081 2190 1136 suavior
2213 1081 2405 1151 magis
2422 1081 2634 1152 placet.
2658 1081 2725 1137 Et
2747 1098 2935 1154 quare
2953 1098 3076 1139 non
3098 1083 3385 1141 obedistis
3416 1086 3604 1143 Chris-

1946 1173 2004 1226 to
2036 1169 2195 1225 viam
2222 1168 2428 1225 salutis
2454 1185 2560 1225 vos
2585 1169 2869 1226 docenti?

2014 1259 2227 1313 Verum
2246 1274 2432 1331 quam
2454 1257 2532 1315 ob
2550 1274 2794 1315 causam
2817 1258 3080 1316 Joannes
3103 1262 3296 1333 potius
3323 1278 3601 1336 asperam

1942 1345 2186 1402 vivendi
2212 1361 2490 1403 normam
2523 1347 2776 1403 habuit?
2806 1348 2953 1415 Quia
2979 1350 3294 1422 Oportebat
3323 1353 3607 1424 paeniten—

1942 1434 2038 1490 tia;
2050 1435 2494 1508 praedicatorem
2519 1436 2742 1492 tristem
2756 1437 3089 1509 quamdam
3110 1441 3463 1509 gravitatem
3476 1457 3600 1515 prin

1942 1538 2007 1579 se
2032 1524 2181 1580 ferre
2207 1539 2218 1579 :
2240 1529 2296 1579 et
2313 1524 2684 1579 remissionis
2708 1532 3088 1597 peccatorum
3104 1527 3464 1600 largitorem,
3501 1531 3608 1587 hu-

1941 1628 2192 1669 manum
2224 1619 2400 1686 atque
2431 1611 2761 1683 benignum
2792 1629 2940 1681 esse,
2973 1616 3037 1670 Et
3069 1618 3213 1687 quia
3235 1615 3502 1675 Joannes
3522 1622 3607 1676 ni-

1940 1702 2025 1759 hil
2047 1702 2328 1775 amplius,
2359 1717 2540 1774 quam
2575 1703 2766 1758 solam
2798 1704 2929 1759 vitae
2960 1720 3238 1762 normam
3266 1706 3487 1763 Judmis
3506 1708 3608 1766 de-

220 1803 471 1868 σημείον·
530 1798 557 1848 6
596 1792 656 1849 δί
712 1801 939 1872 Χριστὸς
991 1802 1080 1850 καὶ
1126 1802 1219 1856 τὴν
1259 1798 1371 1869 (50)
1435 1796 1534 1850 ἀπὸ
1580 1806 1680 1850 τῶν
1728 1799 1830 1850 θιο·

1959 1790 2298 1847 nonstravit
2326 1806 2338 1844 :
2368 1791 2659 1863 Siquidem
2685 1792 2959 1855 Joannes.
3006 1793 3218 1867 inquit,
3252 1794 3482 1852 nullum
3513 1797 3604 1866 fe-

218 1894 435 1959 πρεπῶν
478 1887 755 1958 θαυμάτων
778 1891 1067 1960 μαρτυρίαν
1094 1885 1355 1945 ἐκέκτητο.

291 2061 504 2123 ’Ἄλλως
554 2082 608 2114 τε
666 2059 745 2129 δὲ,
809 2068 897 2115 καὶ
947 2068 1218 2136 γινώσκων
1280 2062 1505 2125 ἁσθενιίς
1574 2068 1695 2127 τοὺς
1748 2062 1830 2115 ἀνι

610 2151 1029 2224 συγκατέϐαινεν,
1125 2153 1206 2204 ἶνα
1304 2149 1531 2226 κερδήοῃ
1644 2152 1833 2224 μᾶλλον

223 2242 419 2301 αὐτοὺς
488 2242 733 2295 ἐντεῦθεν.
796 2243 890 2292 Διά
940 2250 1092 2293 τοῦτο
1154 2246 1242 2293 καὶ
1299 2242 1365 2303 εἰς
1432 2243 1693 2315 τραπέζας
1758 2261 1834 2295 τι·

1259 2335 1346 2383 καὶ
1402 2328 1510 2394 τοῖς
1577 2335 1835 2404 μεμφομέ-

1493 2419 1602 2472 Οὖκ
1682 2416 1835 2479 ἧλθον

904 2505 1033 2560 ἀλλὰ
1122 2507 1459 2584 ἁμαρτωλούς
1537 2509 1604 2571 εἰς
1677 2511 1835 2582 μετά-

224 2154 496 2224 θρωπους,
610 2153 1029 2224 συγκατέϐαινεν,
1125 2153 1206 2204 ἶνα

225 2329 403 2381 λωνών
464 2329 803 2401 οἰκονομικῶς
869 2330 1171 2405 εἰσήρχετο,

226 2438 335 2479 νοις
406 2416 724 2489 ἀπελογεῖτο,
800 2422 895 2477 τὴν
976 2418 1145 2471 αἰτίαν
1217 2418 1401 2491 λέγων.

226 2506 452 2559 καλέσαι
552 2502 815 2578 δικαίους,

226 2616 376 2648 νοιαν

297 2682 442 2737 Ἀλλ’
503 2678 627 2736 οὐδὲ
656 2692 747 2746 τῆς
796 2684 1019 2759 σκληρᾶς
1070 2684 1326 2758 ἠμέλησεν
1384 2685 1616 2759 ἀγωγῆς,
1666 2685 1714 2739 έν
1771 2695 1832 2760 τῇ

229 2774 409 2846 ἐρήμῳ
453 2776 585 2845 μετά
638 2781 737 2825 τῶν
785 2775 975 2845 θηρίων
1018 2774 1259 2841 οἰκήσας,
1314 2779 1402 2828 καὶ
1439 2778 1838 2850 τισσαράκουτα

227 2863 521 2921 νηστεύσας
573 2863 789 2934 ἡμέρας,
844 2864 915 2923 ὡς
958 2859 1379 2938 προδεδήλωται.
1436 2870 1536 2918 Καὶ
1593 2866 1666 2929 εἰς
1704 2886 1834 2939 τρα-

228 2952 394 3012 πέζας
426 2946 487 3002 δὲ
535 2949 731 3015 εἰσιὼν,
775 2949 997 3012 εὐλαϐῶς
1042 2971 1096 3004 τε
1134 2957 1222 3005 καὶ
1274 2951 1535 3029 ίγκρατῶς
1563 2961 1651 3008 καὶ
1683 2955 1829 3028 αγιο-

228 3048 437 3113 πρεπῶς
458 3040 615 3097 ἤσθιε
645 3044 735 3091 καὶ
761 3041 921 3097 ἔπινε,

302 3221 409 3269 Καὶ
464 3247 535 3256 -
586 3216 770 3279 αὐτῆς.
861 3215 1203 3284 Ἐδικαιώθη,
1261 3217 1375 3273 ἀντὶ
1458 3229 1568 3293 τοῦ,
1646 3226 1833 3275 Δικαία

228 3305 509 3377 ἐλογίσθη,
563 3309 830 3358 τουτέστιν
869 3306 1176 3380 ἐθαυμάσθη
1232 3310 1262 3367 ἡ
1299 3309 1455 3381 σοφία
1489 3318 1579 3362 τοῦ
1612 3318 1765 3377 Θεοῦ,
1798 3313 1827 3370 ὴ

229 3395 632 3468 οἰκονομήσασα
658 3399 746 3447 τὸν
784 3395 1020 3456 Ἰωάννην
1069 3402 1159 3449 καὶ
1211 3401 1297 3450 τὸν
1352 3403 1575 3473 Χριστὸν
1606 3399 1834 3462 ἐναντίας

228 3480 390 3546 ὁδους
441 3484 705 3537 πολιτειῶν
770 3484 915 3552 ἰέναι,
970 3483 1065 3539 διὰ
1115 3491 1209 3545 τὴν
1258 3487 1419 3546 αὐτήν
1456 3488 1694 3561 ὠφέλειαν
1735 3498 1832 3542 τῶν

227 3570 538 3645 ἀνθρώπων.
594 3574 931 3644 Ἐθαυμάσθη
988 3570 1067 3640 δὶ,
1110 3574 1210 3627 ἀπὸ
1276 3584 1376 3627 τῶν
1422 3581 1604 3629 τέκνων
1650 3578 1833 3651 αὐτῆς,

226 3665 417 3733 ἤγουν,
475 3663 618 3733 παρὰ
669 3669 769 3713 τῶν
824 3667 1090 3715 συνιέντων
1158 3663 1340 3723 αὐτήν.
1424 3668 1536 3718 Υἱοὶ
1590 3669 1691 3742 γὰρ
1749 3687 1837 3720 σο-

228 3755 367 3822 φίας,
428 3752 476 3802 οἰ
528 3755 751 3802 συνετοὶ·
803 3752 833 3810 ἣ
894 3748 1239 3820 Ἐδικαιώθη,
1293 3752 1405 3805 ἀντὶ
1462 3763 1596 3825 τοῠ,τ
1652 3761 1839 3809 Δικαία

226 3843 320 3890 καὶ
366 3837 683 3909 ἀνέγκλητος
736 3838 1002 3911 ἐλογίσθη,
1064 3844 1127 3901 ὡς
1181 3848 1455 3901 ποιήσασα
1499 3851 1599 3896 πᾶν
1631 3845 1656 3897 ὃ
1708 3842 1836 3915 ἔδει,

226 3931 323 3979 καὶ
359 3932 519 3980 παντὶ
573 3933 748 4002 τρόπῳ
790 3928 1104 4003 χρησαμένη
1153 3934 1279 4005 πρὸς
1332 3938 1594 4006 σωτηρίαν
1648 3935 1838 3992 αὐτῶν.

303 4108 435 4157 Τότε
491 4134 558 4146 —
617 4109 953 4177 μετενόησαν.
1039 4104 1367 4176 Ὀνέιδίξειν,
1419 4109 1532 4163 ἀντὶ
1570 4119 1682 4180 τοῦ,
1740 4120 1840 4165 Τα-

224 4193 483 4270 λανίζειν.
544 4191 783 4258 Ὀνειδος
811 4199 912 4269 γὰρ
966 4201 1056 4249 καὶ
1104 4199 1129 4249 6
1186 4197 1523 4273 ταλανισμός.
1582 4203 1843 4275 Δυνάμεις

231 4279 316 4347 δέ,
352 4284 421 4334 τὰ
449 4283 689 4354 θαύματα
712 4283 869 4356 λέγει.

309 4370 451 4422 Οὐαί
497 4390 582 4423 σοι
637 4403 707 4411 -
766 4377 1102 4445 μετενόησαν.
1178 4378 1246 4428 Τὸ
1305 4378 1418 4449 (51)
1477 4375 1685 4452 Σοδομα
1752 4383 1842 4453 μὶν

227 4464 328 4512 καὶ
376 4457 616 4535 Γόμορρα
667 4463 896 4530 τίθησιν,
930 4464 995 4524 ὡς
1025 4463 1095 4526 εἰς
1144 4463 1412 4537 ἀσέλγειαν
1443 4466 1840 4541 ἐπιφανέστατον

228 4554 334 4606 τὴν
384 4551 551 4621 Τύρον
584 4544 643 4602 δὲ
697 4555 786 4604 καὶ
847 4555 941 4624 τὴν
980 4549 1202 4622 Σιδῶνα,
1234 4557 1304 4617 ὡς
1342 4555 1413 4618 εἰς
1444 4553 1843 4633 είδωλολατρίαν

231 4635 593 4699 διαϐοήτους.

308 4725 451 4783 Πλὴν
501 4757 572 4767 -
628 4727 770 4800 ὑμῖν.
813 4731 883 4781 Τὸ
932 4728 1094 4802 Πλὴν,
1154 4730 1269 4785 ἀντὶ
1324 4742 1435 4806 τοῦ,
1518 4738 1623 4789 Λιὰ
1668 4742 1842 4790 τοῦτο.

231 4817 463 4885 Μιγνύει
493 4809 552 4866 δὲ
599 4821 670 4885 τῷ
699 4815 997 4892 ταλανισμῷ
1026 4824 1110 4872 καὶ
1155 4819 1387 4895 ἀπειλὴν,
1429 4824 1510 4876 ἵνα
1541 4824 1569 4884 ἦ
1608 4825 1843 4899 αἰσχυν-

232 4906 428 4970 θῶσιν,
461 4902 490 4962 ἦ
525 4902 818 4975 φοϐηθῶσι.

306 5081 362 5119 ⁵ο
388 5083 568 5139 Joan.
604 5098 659 5149 ι,
689 5083 784 5142 41.
867 5086 912 5124 δι
945 5087 1142 5146 Matth.
1170 5104 1250 5158 Ix,
1282 5091 1371 5149 13.
1449 5092 1497 5129 δ’
1525 5095 1698 5152 Marc.
1732 5114 1770 5161 ι,
1804 5096 1911 5175 13.

1874 4515 1923 4574 D

1940 1881 2020 1937 cit
2040 1880 2265 1951 signum
2305 1879 2351 1914 ⁸³
2385 1896 2398 1933 :
2429 1878 2703 1935 Christus
2739 1896 2877 1937 vero
2899 1882 3082 1938 etiam
3115 1898 3151 1939 a
3187 1883 3403 1940 divinis
3432 1885 3607 1943 mira.-

1943 1967 2090 2024 cnlis
2131 1967 2536 2024 testimonium
2566 1968 2819 2039 adeptus
2845 1974 2958 2026 est.

2014 2059 2302 2113 Praeterea
2318 2072 2562 2129 quoque
2586 2059 2776 2113 sciens
2803 2058 3131 2117 imbecilles
3163 2077 3295 2118 esse
3328 2062 3607 2121 homines

1942 2146 2201 2202 demittit
2226 2161 2375 2209 sese,
2409 2152 2471 2201 ut
2500 2145 2632 2202 illos
2657 2147 3258 2216 magislucrifaceret,
3291 2157 3343 2207 et
3364 2159 3608 2224 propter

1941 2235 2058 2291 hoc
2088 2235 2166 2290 ad
2188 2250 2430 2290 mensas
2456 2236 2630 2291 etiam
2659 2235 3117 2307 publicanorum
3168 2239 3603 2310 dispensatoris

1944 2324 2269 2381 accedebat
2302 2345 2314 2379 :
2347 2327 2403 2379 et
2432 2323 2883 2395 indignantibus
2905 2342 3150 2382 causam
3183 2327 3485 2391 reddebat,
3517 2326 3605 2384 di-

1946 2429 2086 2470 cens
2116 2433 2127 2472 :
2161 2413 2293 2469 Non
2318 2412 2441 2467 veni
2458 2412 2536 2469 ad
2565 2414 2894 2471 vocandum
2909 2417 3125 2485 justas,
3154 2416 3255 2473 sed
3280 2423 3605 2487 peccatores

1940 2504 2022 2585 ad
2047 2503 2449 2575 paenitentiam
2481 2503 2549 2559 ⁸¹.

2018 2684 2212 2755 Neque
2252 2687 2451 2738 tamen
2494 2682 2708 2737 duram
2731 2681 2971 2739 vivendi
3016 2697 3295 2741 normam
3326 2684 3603 2756 neglexit,

1945 2771 2006 2829 in
2037 2771 2271 2828 deserto
2297 2787 2433 2826 cum
2460 2769 2597 2826 feris
2625 2777 2895 2828 versatus
2922 2774 2990 2842 ³³,
3026 2788 3098 2829 ac
3120 2772 3328 2830 diebus
3353 2776 3607 2847 quadra-

1942 2860 2107 2934 ginta
2124 2860 2419 2932 jejunans,
2453 2864 2517 2915 ut
2546 2875 2728 2932 supra
2751 2861 2973 2918 dictum
3002 2867 3108 2918 est.
3149 2862 3436 2919 Praeterea
3461 2879 3607 2937 quo-

1944 2965 2061 3023 que
2089 2949 2167 3005 ad
2215 2958 2459 3004 mensas
2508 2949 2802 3005 accedens
2852 2951 3205 3016 verecunde,
3258 2958 3602 3024 temperate,

1943 3045 2001 3096 et
2025 3043 2197 3111 prout
2248 3044 2482 3093 sanctos
2520 3036 2708 3106 decet,
2756 3038 3031 3110 religiose
3078 3039 3295 3098 edebat
3324 3058 3394 3098 ac
3433 3042 3600 3099 bibe-

1861 3153 1904 3211 C
1941 3127 2066 3184 bat.

2012 3216 2180 3272 Vers.
2211 3216 2295 3270 19.
2314 3216 2391 3270 Et
2412 3214 2632 3271 -—suis.
2660 3245 2728 3256 —
2747 3214 3075 3271 Justiﬁcata
3100 3222 3209 3280 est,
3238 3219 3263 3272 J
3273 3222 3402 3273 usta
3428 3218 3485 3273 id
3518 3225 3606 3277 est

1939 3306 2146 3363 habita
2174 3310 2280 3368 est,
2299 3303 3245 3375 siveadmirationihabitaestDei
3280 3307 3596 3377 sapientia,

1940 3411 2071 3468 quas
2099 3392 2393 3465 disposuit
2419 3396 2483 3446 ut
2507 3390 2767 3446 Christus
2797 3406 2868 3446 ac
2891 3391 3152 3448 Joannes
3173 3395 3463 3466 oppositis
3492 3395 3605 3453 viis

1941 3475 2303 3548 incederent,
2366 3485 2598 3553 prOpter
2651 3480 2851 3551 ipsam
2908 3479 3226 3537 hominum
3269 3482 3601 3540 utilitatem.

1940 3569 2335 3637 ,Admirationi
2374 3574 2575 3625 autem
2601 3568 2806 3624 habita
2835 3576 2922 3625 est
2950 3585 2986 3624 a
3029 3570 3163 3625 ﬁliis
3188 3572 3330 3636 suis,
3365 3571 3488 3628 sive
3530 3573 3603 3629 ab

1945 3660 2401 3731 intelligentibus
2427 3658 2588 3714 illam
2639 3674 2650 3712 :
2682 3656 2785 3714 ﬁlii
2817 3675 3079 3733 namque
3124 3661 3430 3731 sapientiae
3466 3666 3604 3718 sunt

1947 3752 2246 3824 sapientes
2276 3754 2379 3805 aut
2418 3747 2845 3818 intelligentes:
2882 3748 2970 3804 vel
2998 3748 3329 3807 Justiticata
3354 3758 3460 3815 est,
3496 3751 3605 3808 hoc

1948 3847 2034 3899 est
2048 3843 2073 3895 J
2081 3843 2213 3896 usta
2234 3854 2303 3895 ac
2325 3837 2863 3911 irreprehensibilis
2879 3838 3084 3895 habita
3100 3843 3188 3895 est
3216 3857 3228 3895 :
3256 3846 3457 3913 utpote
3477 3856 3605 3913 quae

1949 3930 2084 3987 fecit
2102 3928 2402 4003 quidquid
2426 3927 2631 3985 debuit
2662 3945 2674 3984 :
2701 3934 2755 3985 et
2785 3928 2951 3985 omni
2972 3927 3157 3985 modo
3183 3946 3292 3986 usa
3317 3934 3403 3986 est
3434 3932 3511 3985 ad
3539 3930 3602 3986 il-

1948 4023 2145 4078 lorum
2170 4019 2441 4076 salutem.

2020 4112 2185 4164 Vers.
2224 4109 2310 4163 20.
2337 4108 2502 4163 Tunc
2530 4138 2598 4147 ——
2628 4107 3027 4176 resipuissent.
3064 4109 3453 4179 Exprobrare,
3481 4109 3595 4165 hoc

1951 4201 2059 4262 est,
2093 4197 2330 4253 Miseras
2360 4194 2555 4251 dicere
2606 4211 2676 4252 ac
2733 4195 3067 4267 deplorare.
3123 4199 3272 4251 Nam
3312 4196 3603 4268 probrum

1952 4284 2190 4342 miseria
2219 4289 2329 4340 est.
2373 4284 2620 4340 Virtutes
2651 4289 2854 4340 antem
2884 4282 3025 4339 dicit
3066 4283 3373 4340 miracula.

2023 4375 2183 4430 Vers.
2228 4373 2315 4427 21.
2370 4373 2467 4429 Vae
2506 4372 2704 4427 tibi—
2751 4372 3152 4442 resipuissent.
3215 4371 3280 4427 In
3312 4373 3608 4443 sequenti-

1952 4463 2067 4520 bus
2096 4461 2354 4518 Sodoma
2383 4464 2440 4517 et
2484 4457 2818 4517 Gomorrha
2845 4460 3035 4532 ponit,
3053 4465 3252 4532 utpote
3277 4460 3339 4517 in
3357 4459 3608 4517 libidine

1952 4551 2436 4611 nominatissima
2467 4569 2482 4620 ;
2513 4552 2733 4623 Tyrum
2758 4557 2950 4607 autem
2973 4555 3029 4608 et
3072 4550 3299 4608 Sidona
3318 4555 3606 4623 tanquam

1953 4642 2217 4700 maxime
2242 4641 2304 4698 in
2323 4640 2662 4697 idololatria
2686 4640 2973 4712 insignes.

2024 4734 2180 4789 Vers.
2239 4731 2633 4788 22.Attamen
2691 4763 2761 4772 —
2813 4730 2994 4787 vobis.
3045 4731 3344 4802 Attamen,
3372 4730 3432 4786 id
3499 4733 3607 4799 est,

1952 4824 2194 4895 Propter
2220 4822 2355 4878 hoc.
2387 4821 2693 4892 Signiﬁcat
2717 4824 2918 4877 autem
2950 4818 3257 4879 miseriam
3284 4836 3355 4878 ac
3381 4820 3604 4890 minas,

1956 4917 2020 4972 ut
2054 4913 2145 4971 vel
2175 4912 2533 4971 erubescant
2557 4911 2652 4969 vel
2680 4914 2955 4986 paveant.

1447 5274 1673 5344 Variae
1701 5274 2032 5344 lectiones
2061 5283 2128 5344 et
2157 5284 2359 5343 notae.

314 5460 436 5601 (50;
479 5458 582 5514 ἀπὸ
610 5468 711 5514 τῶν
736 5463 950 5522 omittit
974 5465 1040 5520 B-

311 5534 400 5603 (5l
474 5536 566 5599 Τὸ,
589 5539 830 5603 propter
856 5534 1040 5591 Vicinu

474 5536 566 5614 T6,
589 5534 1113 5614 proptegvicinnm
1133 5542 1227 5597 τὴν
1258 5534 1336 5614 δέ,
1355 5537 1448 5614 vix
1474 5540 1612 5599 ferri
1633 5547 1845 5614 potest.

242 5603 616 5683 crediderim
648 5603 790 5683 ergo
805 5606 1189 5683 Euthymium
1208 5603 1519 5683 scripsisse
1540 5603 1851 5672 deﬂente-

1954 5476 2091 5545 tem_
2103 5468 2341 5545 Γόμορῥα
2352 5468 3025 5545 _memoravit_,_quorum
3040 5466 3207 5545 nulla
3228 5466 3332 5545 hic
3346 5466 3612 5545 ﬁt_me_n-_

1957 5545 2036 5600 tio
2065 5540 2095 5599 ?
2124 5539 2321 5615 Vel'ex
2350 5540 2481 5615 loco
2512 5540 2687 5615 simili
2706 5539 2996 5615 Matthix,
3035 5541 3119 5607 t5,
3152 5539 3247 5598 vel
3275 5539 3435 5615 quod
3473 5539 3613 5599 alibi

1944 5614 2138 5672 etiam
2165 5614 2288 5671 istm
2317 5612 2500 5671 urbes
2522 5613 2809 5686 conjungi
2838 5612 3055 5673 solent.

242 5676 386 5733 nius
422 5674 659 5732 videtur
678 5674 891 5748 legisse
923 5674 1053 5733 :"Ev
1071 5687 1182 5744 τοὶς
1207 5680 1293 5746 ἕξῆ
1305 5674 1582 5757 ς’Σόδομα.
1616 5685 1729 5747 Cur
1747 5701 1854 5744 au-
1944 5714 1947 5719 ·
