4176 6422
566 360 670 422 359

1882 357 2068 420 EUTH
2084 359 2235 419 YMIl
2279 361 2577 420 ZlCABEN

3833 363 3945 420 360

633 491 798 546 Vers.
823 489 910 545 23.
940 489 1019 544 Et
1035 488 1380 545 hodiernum
1393 488 1541 544 diem
1569 487 1948 559 Capernaum
1971 487 2224 544 celebris

2407 494 2504 543 Καὶ
2572 520 2634 531 -
2693 494 2936 563 σήμερον.
2991 488 3048 542 ’Π
3096 484 3441 562 Καπερναοὺμ
3493 483 3698 551 ἔνδοξος
3757 492 3943 560 γέγονε

561 579 690 642 fuit,
725 593 796 632 eo
821 576 988 648 quod
1035 575 1390 632 habitaverit
1421 578 1481 632 in
1513 593 1582 632 ea
1600 577 1885 642 Christus,
1916 576 2223 648 multaque

560 666 852 723 miracula
879 667 936 721 in
960 681 1032 722 ea
1064 665 1338 722 ediderit.
1366 667 1510 722 Dicit
1538 682 1678 737 ergo
1713 685 1724 720 :
1782 669 1848 722 Et
1883 672 1942 722 tu
1969 683 2074 738 per
2103 666 2224 738 glo-

559 757 708 812 riam
745 771 931 828 usque
987 754 1064 810 ad
1094 754 1312 810 coelum
1343 755 1622 821 exaltata,
1659 771 1845 828 usque
1879 754 1954 811 ad
2003 753 2223 810 inferos

559 844 886 900 detraheris
914 844 1448 916 perignominiam.
1470 847 1616 900 Sunt
1635 849 1833 900 autem
1857 860 1987 915 quas
2018 843 2224 899 dicun-

558 937 652 990 tur
681 933 922 988 alterius
953 933 1036 988 rei
1081 933 1499 1002 signiﬁcativa.
1555 933 1861 1005 Siquidem
1895 948 2086 1004 usque
2143 933 2224 989 ad

560 1023 794 1088 coelum,
828 1021 1026 1094 glorite
1054 1021 1422 1078 demonstrat
1479 1021 1954 1092 magnitudinem
1989 1036 2222 1094 ;usque

561 1112 636 1168 ad
668 1111 882 1166 inferos
937 1119 1156 1175 autem,
1204 1110 1570 1180 ignominias.
1626 1116 2026 1182 Augmentum
2081 1126 2222 1165 vero

561 1199 826 1256 criminis
878 1205 930 1255 et
979 1199 1402 1255 demonstratio
1453 1203 1732 1254 extremas
1782 1199 2081 1270 pravitatis
2111 1203 2216 1265 est,

560 1303 681 1344 non
715 1287 896 1344 solum
923 1288 1154 1359 pejores
1175 1303 1304 1342 esse
1329 1287 1733 1359 peccatoribus
1755 1287 1853 1360 qui
1875 1293 2014 1343 tunc
2030 1291 2220 1358 erant,

561 1377 662 1433 sed
692 1375 804 1432 illis
833 1376 936 1448 qui
967 1391 1239 1447 unquam
1272 1375 1529 1432 fuerant.

633 1466 798 1520 Vers.
827 1464 916 1519 24.
942 1465 1220 1520 Attamen
1246 1494 1311 1506 —
1356 1464 1479 1520 tibi.
1513 1495 1584 1506 —
1613 1463 1812 1532 Vobis,
1861 1463 1938 1520 ad
1971 1463 2222 1521 civitatis

561 1555 714 1612 iilius
745 1553 902 1610 cives
932 1555 1160 1611 dictum
1185 1557 1273 1611 est
1306 1571 1320 1621 ;
1348 1554 1474 1610 Tibi
1504 1570 1662 1623 vero,
1694 1553 1773 1610 ad
1797 1554 2112 1612 civitatem.

635 1733 798 1788 Vers.
843 1731 932 1787 25.
965 1730 1039 1786 In
1063 1761 1130 1771 —-
1156 1731 1448 1800 parvulis,
1477 1730 1839 1804 Ἀποχρίσεως
1864 1730 2220 1787 vocabulum

563 1821 748 1894 (quod
807 1837 915 1876 nos
971 1821 1371 1876 communiter
1416 1821 1865 1892 responsionem
1915 1819 2220 1891 vertimus)

564 1911 722 1965 varia
749 1908 1061 1980 signiﬁcat.
1098 1909 1251 1964 Mitto
1280 1924 1438 1964 nunc
1455 1910 1896 1981 separationem
1930 1924 1998 1964 ac
2029 1909 2221 1980 diges-

566 1999 788 2054 tionem
815 1997 1147 2053 secundum
1180 1997 1464 2062 medicos,
1493 2003 1551 2053 et
1586 2014 1721 2070 quas
1747 1998 1824 2054 ad
1858 1997 1966 2052 hoc
1997 1997 2078 2062 fit,
2114 2002 2224 2054 ter-

565 2086 975 2142 minationem.
1034 2086 1334 2141 Interdum
1387 2086 1633 2159 quidem
1691 2085 1963 2160 principii
2021 2086 2222 2142 locum

561 2175 761 2242 habet,
824 2179 886 2232 ut
940 2191 1074 2231 cum
1107 2175 1336 2241 dicitur,
1399 2177 1762 2247 Respondens
1788 2176 1970 2236 Jesus
2021 2176 2164 2231 dixit
2206 2193 2221 2230 :

565 2265 858 2332 Conﬁteor
915 2265 1040 2330 tibi,
1092 2265 1288 2330 Pater,
1332 2265 1579 2321 Domine
1631 2265 1766 2322 caeli
1813 2273 1865 2321 et
1921 2272 2117 2331 terrae,
2148 2265 2223 2320 de

563 2371 685 2426 quo
719 2369 878 2410 nunc
911 2361 996 2410 est
1024 2371 1220 2410 sermo
1251 2371 1264 2420 ;
1308 2353 1472 2409 nulla
1497 2355 1658 2410 enim
1706 2355 2007 2426 praecessit
2049 2355 2225 2410 inter-

564 2445 812 2512 rogatio.
850 2443 1225 2514 Quandoque
1267 2459 1403 2498 vero
1439 2443 1515 2498 ad
1543 2442 2062 2513 interrogationem
2096 2443 2224 2499 red-

565 2531 746 2598 ditur,
781 2537 844 2587 ut
869 2537 959 2587 est
979 2531 1124 2586 illud
1153 2553 1164 2586 :
1194 2532 1551 2602 Respondens
1569 2532 1764 2588 Simon
1786 2533 1997 2588 Petrus
2018 2532 2172 2588 dixit
2207 2553 2220 2588 :

565 2621 649 2676 Tu
675 2636 729 2676 es
764 2620 1042 2676 Christus
1071 2620 1272 2675 Filius
1302 2621 1396 2676 Dei
1426 2621 1543 2677 vivi
1567 2623 1613 2656 ⁵³
1649 2640 1662 2686 ;
1699 2621 2000 2694 praecessit
2053 2621 2223 2677 inter-

561 2707 810 2780 rogatio.
829 2708 1131 2763 lnterdum
1146 2725 1385 2781 quoque
1405 2709 1698 2766 sermonis
1712 2710 2223 2765 continuationem

567 2797 882 2868 signiﬁcat,
915 2801 979 2853 ut
1001 2797 1191 2869 capite
1211 2798 1489 2853 vicesimo
1514 2815 1672 2855 nono
1694 2799 1894 2870 hujus,
1914 2815 2049 2853 cum
2075 2797 2225 2854 Cha-

564 2901 780 2943 nanaea
810 2885 1083 2942 dixisset:
1106 2886 1598 2958 Utique,Domine,
1615 2906 1742 2942 nam
1757 2895 1809 2943 et
1823 2887 2224 2946 catelliedunt

566 2974 638 3032 de
668 2977 846 3040 micis,
879 2991 1012 3046 qua?
1033 2976 1255 3031 cadunt
1274 2991 1308 3032 ο
1333 2993 1528 3032 mensa
1547 2977 1918 3032 dominorum
1939 2992 2178 3030 suorum
2203 2994 2224 3042 ,-

566 3071 994 3138 consequenter
1016 3067 1210 3121 statim
1239 3066 1621 3136 subjungitur
1651 3082 1662 3121 :
1690 3068 1852 3122 Tunc
1878 3065 2225 3136 respondens

566 3153 734 3209 Iesus
758 3154 907 3210 dixit
957 3154 1051 3210 illi
1083 3172 1095 3209 :
1141 3155 1187 3210 0
1224 3156 1461 3220 mulier,
1504 3171 1711 3224 magna
1763 3158 1845 3211 est
1886 3155 2030 3224 ﬁdes
2067 3162 2167 3209 tua
2208 3171 2221 3221 ;

565 3243 668 3312 ﬁat
703 3243 814 3298 tibi
849 3244 1001 3299 sicut
1038 3244 1119 3300 vis
1149 3246 1217 3296 5‘.
1251 3244 1338 3299 Ad
1364 3245 1492 3299 haec
1525 3259 1768 3316 quoque
1794 3243 2086 3314 signiﬁcat
2129 3259 2227 3298 ex-

567 3329 962 3388 hortationem
994 3332 1116 3386 sive
1165 3332 1667 3404 deprecationem,
1700 3338 1761 3388 ut
1785 3349 1921 3388 cum
1955 3332 2168 3388 dicitur
2207 3347 2220 3385 :

567 3420 940 3490 Respondens
966 3427 1158 3477 autem
1196 3423 1404 3478 Petrus
1432 3421 1584 3478 dixit
1618 3423 1670 3478 ei
1695 3439 1709 3477 :
1749 3423 2021 3479 Edissere
2060 3420 2226 3478 nobis

561 3509 914 3578 parabolam
934 3510 1086 3566 hanc
1113 3511 1181 3562 ⁸⁵.
1207 3510 1580 3582 Quandoque
1604 3518 1799 3567 autem
1821 3512 2111 3576 abundat,
2165 3516 2228 3567 ut

571 3612 708 3654 cum
738 3597 990 3654 dicitur:
1021 3599 1382 3669 Respondeas
1420 3605 1612 3656 autem
1640 3601 1854 3656 Petrus
1884 3601 2040 3656 dixit
2078 3600 2181 3655 illi
2206 3615 2228 3656 .'

568 3685 646 3740 Et
673 3686 723 3740 si
743 3701 932 3743 omnes
948 3686 1444 3756 offenduntur-per
1457 3694 1528 3754 te,
1564 3703 1660 3758 ego
1685 3694 1880 3744 tamen
1908 3702 2228 3760 nunquam

571 3775 843 3844 o/I'endar
865 3777 933 3830 ⁵⁸.
966 3776 1272 3848 Siquidem
1292 3777 1520 3831 Marcus
1547 3776 1941 3847 prastermisit,
1967 3780 2226 3849 Respon-

571 3867 740 3931 dens,
783 3870 838 3922 et
866 3865 1013 3921 dixit
1047 3883 1060 3921 :
1097 3869 1310 3923 Petrus
1363 3871 1551 3921 autem
1581 3867 1666 3921 ait
1696 3865 1791 3919 illi
1820 3866 1889 3935 ⁵⁷,
1918 3870 2026 3921 etc.
2057 3868 2232 3922 Inter-

571 3955 716 4012 dum
745 3970 883 4010 vero
909 3953 1206 4026 signiﬁcat
1233 3954 1409 4009 etiam
1429 3953 1974 4021 interrogationem,
1999 3959 2062 4010 ut
2091 3971 2230 4010 cum

571 4044 829 4102 dicitur:
868 4043 1202 4115 Respondit
1230 4042 1313 4098 eis
1342 4041 1514 4095 Jesus
1541 4059 1555 4096 ε
1587 4041 1744 4097 Num
1787 4056 1886 4113 ego
1923 4042 2228 4101 duodecim

581 4131 721 4202 elegi
748 4133 795 4168 ⁸⁸
822 4132 849 4186 7

649 4221 946 4286 Conﬁteor
984 4224 1183 4276 autem
1216 4217 1356 4273 dicit
1381 4233 1540 4275 nunc
1561 4219 1888 4290 gratiarum
1911 4222 2226 4278 actionem.

575 4311 880 4382 Sapientes
909 4324 1047 4365 vero
1081 4311 1139 4362 et
1176 4307 1490 4377 prudentes
1547 4324 1650 4366 eos
1693 4309 1796 4382 qui
1829 4310 1972 4366 tales
2003 4311 2229 4383 populo

570 4399 952 4462 videbantur,
992 4401 1130 4466 puta
1179 4395 1416 4452 Scribas
1465 4401 1522 4453 et
1567 4397 1913 4454 l‘harisreos.
1949 4400 2229 4456 Parvulos

575 4503 737 4550 vero,
764 4483 1060 4556 apostolos
1090 4489 1328 4555 propter
1378 4483 1820 4558 simplicitatem
1862 4493 1918 4543 et
1948 4489 2230 4544 innocen-

2334 575 2426 630 διὰ
2465 583 2521 630 τό
2554 586 2810 630 κατοικεῖν
2843 577 2891 629 έν
2937 577 3065 650 αὐτῇ
3124 580 3210 628 τὸν
3255 579 3500 648 Χριστόν,
3551 579 3736 629 καὶτὰ
3771 577 3942 630 πολλὰ

2332 676 2430 718 τῶν
2490 670 2765 740 θαυμάτων
2819 665 2866 718 έν
2899 667 3026 738 αὐτῇ
3083 665 3302 719 τελέσαι.
3358 669 3522 722 Φησὶν
3569 661 3656 716 οὖν
3711 667 3788 716 ὅτι
3823 669 3928 718 Καὶ

2333 759 2413 821 οὐ,
2472 757 2500 814 ή
2561 759 2724 827 μέχρι
2772 763 2862 806 τοῦ
2916 754 3134 826 οὐρανοῦ
3200 753 3472 824 ὑψωθεῖσα
3536 761 3597 826 τῇ
3661 749 3790 825 δόξῃ
3847 755 3942 814 ἕως

2331 840 2464 914 ᾅδου
2522 843 2962 915 καταϐιϐάσθήση
3005 850 3067 915 τῇ
3123 839 3330 913 ἀδοξίᾳ.
3374 841 3692 914 Ἐμφαντικὰ
3747 838 3806 894 δὲ
3855 846 3939 908 τὸ,

2331 937 2509 1007 Μέχρι
2558 939 2650 984 τοῦ
2709 931 2945 1006 οὐρανοῦ,
3010 935 3098 983 καὶ
3159 935 3238 997 τὸν
3296 929 3428 992 Ἕως
3499 927 3654 1000 ᾄδουο
3715 931 3940 1002 Ἐμφαί’

2331 1041 2480 1073 νουσι
2534 1025 2658 1096 γὰρ,
2715 1024 2772 1072 τὸ
2821 1023 2932 1092 μὶν,
2983 1021 3194 1092 μέγεθος
3237 1016 3416 1082 δόξης
3473 1023 3531 1070 τό
3583 1015 3642 1070 δὲ
3695 1015 3939 1081 ἀδοξίας.

2332 1111 2564 1173 Ᾱῦξησις
2603 1107 2662 1162 δὲ
2718 1113 3038 1182 κατηγορίας
3076 1114 3164 1160 καὶ
3220 1105 3488 1170 ἀπόδειξις
3546 1111 3733 1167 κακίας
3785 1108 3941 1180 ὑπερ·

2333 1199 2643 1261 θαλλούσης,
2683 1201 2740 1250 τὸ
2787 1198 2968 1268 λέγειν,
3027 1197 3215 1258 αὐτοὺς
3244 1201 3314 1269 μὴ
3367 1201 3521 1269 μόνον
3573 1200 3787 1270 χείρους
3838 1204 3939 1247 τῶν

2331 1293 2444 1340 τότε
2523 1285 2858 1360 ἁμαρτωλῶν,
2945 1284 3070 1337 ἀλλά
3137 1289 3229 1337 καὶ
3313 1292 3412 1336 τῶν
3505 1289 3713 1336 πώποτε
3791 1301 3938 1354 γενοο

2331 1380 2513 1448 μένων.

2404 1465 2542 1523 Πλήν
2581 1496 2649 1506 --
2698 1469 2802 1518 σοί.
2865 1466 2935 1517 Τὸ
2993 1465 3104 1537 μὶν,
3159 1470 3307 1535 Υμῑν,
3367 1464 3500 1535 πρός
3547 1468 3662 1522 τοῦς
3721 1460 3940 1523 πολίτας

2331 1563 2424 1616 τῆς
2472 1553 2667 1616 πόλεως
2759 1551 2953 1614 ἐκείνης
3055 1555 3276 1626 εἶρηται’
3381 1555 3438 1603 τὸ
3509 1547 3570 1603 δι
3635 1555 3738 1618 Σοὶ,
3809 1554 3939 1624 πρὸς

2330 1648 2424 1702 τὴν
2456 1643 2603 1696 πόλιν
2619 1687 2630 1699 ,

2403 1733 2486 1784 Ἐν
2536 1763 2600 1772 -
2638 1735 2866 1792 νηπίοις.
2923 1733 2992 1783 Τὸ
3045 1737 3140 1790 τῆς
3180 1727 3498 1803 ἀποκρίσεως
3555 1732 3735 1800 ὄνομα,
3779 1727 3927 1781 πολυ-

2334 1826 2592 1895 σήμαντόν
2639 1819 2797 1884 ἐστιν,
2832 1818 2942 1872 Ἵνα
2989 1821 3088 1892 γὰρ
3124 1817 3261 1870 έάσω
3303 1820 3390 1869 τόν
3445 1814 3818 1891 διαχωρισμόν
3846 1822 3932 1868 καὶ

2331 1917 2423 1970 τὴν
2483 1907 2820 1982 διαφόρησιν,
2892 1910 3027 1959 κατὰ
3081 1911 3202 1969 τοὺς
3278 1907 3506 1981 ἰατροὺς,
3565 1910 3655 1959 καὶ
3718 1911 3805 1964 τήν
3861 1905 3932 1966 εἰς

2331 2009 2483 2053 τοῦτο
2529 1997 2829 2060 κατάληξιν.
2882 2000 3004 2048 ποτὶ
3033 1999 3123 2068 μὶν
3172 2000 3326 2047 τόπον
3367 1994 3541 2066 ἀρχῆς
3582 1997 3716 2066 ἔχει,
3749 1997 3816 2057 ὡς
3854 1998 3934 2046 τό-

2333 2089 2652 2163 Ἀποκριθεὶς
2709 2088 2734 2138 6
2808 2085 3017 2146 Ἰησοῦς
3080 2081 3239 2138 εἶπεν·
3306 2082 3745 2156 Ἐξομολογοῦμαί
3831 2101 3938 2150 σοι,

2334 2181 2522 2250 Πάτερ,
2573 2177 2727 2250 Κύριε
2778 2181 2870 2227 τοῦ
2950 2173 3170 2248 οὐρανοῦ
3249 2178 3336 2223 καὶ
3392 2180 3482 2232 τῆς
3526 2181 3645 2244 γῆς’
3706 2175 3824 2246 περὶ
3879 2169 3939 2222 οὗ

2331 2273 2418 2316 νῦν
2451 2266 2475 2316 ό
2504 2265 2667 2336 λόγος·
2729 2263 2787 2316 οὐ
2837 2268 3178 2337 προηγήσατο
3233 2263 3332 2334 γὰρ
3391 2259 3664 2335 έρὼτησις·
3699 2261 3822 2312 ποτὶ
3855 2255 3934 2327 δι,

2331 2358 2457 2428 πρὸς
2506 2352 2758 2428 ἐρώτησιν
2821 2347 3162 2404 ἀποδίδοται·
3221 2351 3290 2411 ὡς
3346 2352 3424 2402 τό’
3480 2349 3798 2421 Ἀποκριθεὶς
3856 2351 3937 2398 Σίο

2331 2465 2439 2517 μων
2499 2447 2684 2515 Πέτρος
2764 2437 2888 2496 εἶπε,
2955 2444 3022 2492 Σὺ
3088 2436 3136 2492 εἶ
3188 2441 3213 2490 ό
3299 2442 3524 2511 Χριστός
3593 2438 3618 2487 ό
3680 2437 3794 2494 Υἱὸς
3839 2441 3932 2486 τοῦ

2334 2539 2467 2586 Θεοῦ
2522 2539 2611 2584 τοῦ
2665 2531 2872 2592 ζῶντος·
2915 2533 3261 2602 προηγήσατο
3317 2531 3414 2602 γὰρ
3472 2525 3741 2598 έρῶτησις⁶
3807 2525 3932 2575 ποτὶ

2334 2619 2410 2691 δί,
2441 2621 2594 2692 λόγου
2642 2616 2910 2690 διαδοχήν
2952 2613 3123 2675 δηλοῖ·
3174 2624 3266 2677 τῆς
3302 2619 3400 2689 γὰρ
3431 2618 3727 2674 Χαναναίας
3761 2611 3934 2665 εἰπούο

2336 2729 2452 2772 σης·
2520 2713 2642 2775 Ναὶ,
2703 2711 2876 2783 Κύριε·
2932 2708 3022 2758 κᾶὶ
3073 2709 3173 2778 γὰρ
3227 2708 3294 2758 τὰ
3347 2706 3567 2777 κυνάρια
3622 2701 3782 2755 ἐσθίει
3832 2699 3934 2752 ἀπὸ

2333 2808 2432 2850 τῶν
2495 2797 2697 2869 ψιχὶων
2768 2805 2866 2849 τῶν
2949 2799 3244 2848 πιπτόντων
3317 2792 3416 2845 ἀπὸ
3504 2801 3594 2852 τῆς
3675 2793 3934 2865 τραπέζης

3060 2882 3354 2956 ἀποκριθεὶς
3428 2883 3454 2933 6
3531 2881 3732 2939 Ἰησοῦς
3799 2877 3936 2930 εἶπεν

2918 3017 2932 3044 ,
2991 2972 3185 3046 μεγάλη
3257 2991 3350 3023 σου
3408 2971 3434 3027 ὁ
3511 2973 3713 3034 πίστις,
3787 2985 3938 3038 γενη-

2337 3068 2476 3122 θήτω
2537 3083 2619 3116 σοι
2671 3065 2738 3124 ὡς
2795 3062 2965 3122 θελεις.
3051 3063 3180 3114 Ποτὶ
3235 3056 3312 3124 δὶ,
3371 3061 3612 3128 σημαίνει
3645 3054 3938 3129 Ῑπαράκλη-

2338 3173 2440 3220 σιν,
2499 3155 2570 3214 ὡς
2615 3157 2693 3204 τὸ·
2739 3151 3063 3224 Ἀποκριθεὶς
3131 3145 3188 3201 δι
3252 3148 3277 3198 6
3334 3150 3524 3219 Πέτρος
3575 3141 3710 3196 εἶπεν
3773 3143 3936 3214 αὐτῷ.

2333 3241 2356 3316 [
2423 3244 2626 3315 Φράσον
2729 3239 2842 3312 (52)
2938 3241 3062 3310 ἡμῖν
3145 3241 3237 3295 τήν
3319 3232 3618 3308 παραϐολὴν
3717 3234 3931 3290 ταύτην

2336 3334 2463 3383 ﬂori
2511 3326 2588 3394 δὶ,
2649 3331 2883 3402 περιττόν
2952 3329 3200 3380 τέθειται·
3262 3327 3329 3386 ὡς
3382 3325 3466 3375 τὸ·
3535 3320 3864 3396 Ἀποκριθεὶς
3914 3321 3940 3372 6

2337 3423 2524 3492 Πέτρος
2580 3414 2715 3472 εἶπεν
2778 3416 2998 3488 αὐτῷ’]
3070 3415 3129 3468 Εἰ
3198 3415 3384 3474 πάντες
3455 3406 3942 3467 σκανδαλισθήσον-

2875 3504 2974 3576 έγὼ
3051 3499 3110 3557 δὶ
3201 3498 3447 3555 οὐδέποτε
3550 3494 3942 3555 σκανδαλισθή-

2333 2897 2432 2940 τών
2499 2892 2688 2959 κυρίων
2793 2885 2978 2937 αὐτῶν

2335 2977 2488 3049 αὐτῇ·
2557 2975 2578 2993 ⁷
2625 2983 2671 3026 Ω
2759 2977 2910 3045 γύναι

2335 3528 2423 3560 ται
2523 3506 2570 3560 έν
2667 3510 2771 3572 σοὶ,

2339 3611 2519 3670 σομαι’
2582 3601 2670 3648 καὶ
2709 3597 2809 3667 γὰρ
2850 3595 2875 3646 6
2916 3595 3126 3666 Μάρκος
3174 3591 3419 3664 παρέλιπε
3462 3591 3542 3655 τὸ,
3590 3586 3935 3657 Ἀποκριθεὶς,

2336 3692 2426 3739 καὶ
2494 3683 2646 3738 εἶπεν·
2714 3684 2772 3736 Ὀ
2818 3679 2876 3736 δε
2945 3686 3134 3754 Πέτρος
3193 3682 3283 3752 ipa
3347 3678 3510 3749 αὐτῷ’
3560 3679 3671 3729 ἔστι
3743 3670 3792 3724 δ’
3845 3673 3937 3724 ὅτε

2339 3771 2494 3834 δηλοί
2543 3779 2632 3826 καὶ
2662 3778 2754 3831 τήν
2803 3770 3052 3847 ἐρώτησιν
3108 3773 3172 3830 ὡς
3215 3773 3292 3820 τό⁶
3342 3767 3620 3840 Ἀπεκρίθη
3673 3761 3868 3823 αὐτοῖς,
3905 3758 3931 3810 ὀ

2339 3865 2560 3926 Ἰησοῦςσ
2643 3862 2754 3916 Οὐκ
2855 3860 2952 3933 ἐγὼ
3023 3862 3159 3933 ἡμᾶς
3229 3861 3350 3918 τοὺς
3433 3851 3643 3908 δώδεκα
3711 3847 3938 3914 ἐξελεξοὶ-

2338 3975 2461 4028 μην.

2407 4218 2812 4292 Ἐξομολόγησιν
2863 4212 2922 4270 δὶ
2962 4222 3070 4281 νῦν,
3115 4217 3210 4273 τὴν
3242 4211 3587 4284 εὐχαριστίαν
3633 4207 3794 4280 λέγει·
3839 4208 3943 4260 Καὶ

2342 4314 2528 4382 σοφοὺς
2584 4311 2694 4380 μεν,
2733 4311 2823 4359 καὶ
2883 4308 3143 4370 συνετοὺς,
3186 4306 3304 4364 τοὺς
3349 4301 3478 4353 οὗτὼ
3538 4295 3826 4359 δοκοῦντας
3871 4303 3946 4348 τῶ

2337 4399 2464 4469 λαῷ.
2520 4401 2853 4473 Γραμματέας
2901 4403 2989 4446 καὶ
3033 4396 3374 4468 Φαρισαίους·
3431 4392 3650 4447 νηπίους
3704 4382 3783 4452 δί,
3827 4386 3945 4444 τοὺς

3354 4484 3439 4531 καὶ
3508 4475 3670 4532 ἀπόνη
3676 4493 3786 4550 ρον,
3852 4476 3946 4525 καὶ

2341 4487 2675 4551 ἀποστόλους,
2758 4482 2851 4537 διὰ
2906 4487 2964 4535 τὸ
3053 4483 3268 4550 ἄκακον,

575 4575 717 4632 tiam
746 4590 815 4630 ac
843 4573 1260 4628 sinceritatem.
1286 4575 1510 4631 Gratias
1541 4575 1645 4632 tibi
1666 4592 1803 4646 ago,
1828 4577 2034 4649 inquit,
2063 4575 2224 4649 quod

2341 4576 2529 4651 ἀφελές.
2598 4575 2916 4649 Ε’ὖχαριστῶ
2985 4592 3088 4637 σοι,
3151 4573 3327 4644 φησὶν,
3383 4571 3463 4620 ὅτι
3516 4562 3822 4638 ἀπέκρυψας
3877 4563 3946 4614 τὰ

575 4661 963 4721 absconderis
993 4660 1132 4717 ﬁdei
1186 4664 1465 4735 mysteria
1506 4680 1542 4720 a
1587 4665 1956 4736 sapientibus
1989 4670 2044 4720 et
2094 4682 2229 4736 pru-

571 4751 876 4814 dentibus,
908 4750 1010 4808 illa
1043 4766 1399 4821 cognoscere
1434 4753 1770 4810 nolentibus
1805 4771 1816 4810 :
1859 4760 1914 4810 et
1944 4754 2228 4811 revelaris

572 4857 648 4898 ea
675 4839 965 4913 parvulis,
988 4839 1117 4896 leto
1135 4841 1475 4914 animoipsa
1489 4843 1970 4915 suscipientibus.
1994 4843 2225 4901 Gratias

579 4935 780 4990 autem
795 4944 980 5000 agens
996 4930 1171 4997 Patri,
1196 4931 1628 4990 demonstravit
1644 4950 1703 4990 se
1722 4932 1930 4990 Filium
1947 4933 1997 5006 ej
2009 4951 2076 4990 us
2093 4951 2226 4993 esse

651 5110 699 5145 ⁵³
731 5109 926 5165 Matth.
960 5127 1077 5175 xv1,
1115 5115 1198 5167 16.

1312 5113 1360 5146 ⁵⁸
1387 5111 1594 5169 Matth.
1637 5128 1732 5178 xv,
1772 5117 1862 5180 27,
1905 5113 1994 5170 28.

593 5179 641 5217 ⁸³
671 5183 836 5238 Joan.
872 5197 947 5248 vi,
984 5187 1077 5238 70.

2103 5115 2151 5151 ⁵⁸
2181 5113 2379 5172 Matth.
2421 5127 2520 5178 xv,
2549 5112 2617 5168 15
2631 5154 2646 5169 .

2337 4676 2428 4728 τῆς
2503 4670 2728 4726 πίστεως
2798 4667 3067 4736 μυστήρια
3154 4659 3252 4711 ἀπὸ
3319 4664 3486 4729 σοφῶν
3545 4657 3634 4706 καὶ
3694 4657 3938 4715 συνετῶν,

2337 4761 2408 4829 μὴ
2489 4754 2811 4812 θελησάντων
2873 4751 3150 4824 ἐπιγνῶναι
3203 4753 3392 4815 ταῦτα,
3446 4748 3535 4796 καὶ
3603 4737 3947 4810 ἀπεκάλυψας

2338 4827 2472 4899 αὑτὰ
2543 4847 2770 4911 νηπίοις,
2837 4847 2944 4903 τοῖς
2996 4834 3440 4912 παραδεξαμένοις
3526 4830 3683 4896 αὐτά,
3756 4827 3946 4900 Εὐχα-

2337 4938 2596 5011 ριστήσας
2669 4934 2758 5006 μὶν
2839 4925 2926 4983 οὖν
2995 4937 3067 5000 τῷ
3137 4929 3323 4999 Πατρὶ,
3397 4920 3515 4993 (53)
3564 4915 3780 4986 ἔδειξεν,
3863 4917 3957 4970 ὅτι

2763 5109 2811 5146 ⁸⁸
2837 5107 3014 5168 Matth
3039 5121 3197 5174 xxvr,
3219 5104 3309 5161 33.
3419 5100 3468 5137 ⁸⁷
3506 5100 3682 5156 Marc.
3722 5111 3837 5162 xxv,
3879 5096 3950 5152 29

1797 5255 2023 5324 Varias
2052 5255 2382 5326 lectiones
2412 5263 2478 5324 et
2507 5261 2715 5324 notas.

656 5447 772 5520 (52)
797 5446 1030 5504 Inclusa
1060 5448 1116 5504 in
1147 5449 1416 5520 margine
1454 5451 1635 5508 habet
1664 5454 1721 5508 Β.

659 5588 1152 5666 (σ)8ιιηζαιιιςηι,
1184 5595 1291 5648 etc.
1341 5593 1964 5666 Signiﬁcantissimum
2013 5601 2235 5666 autem,

586 5671 776 5736 nsque
830 5661 908 5719 ad
951 5663 1169 5721 calam
1219 5669 1275 5722 et
1323 5661 1514 5742 usque
1565 5665 1645 5722 ad
1695 5665 1982 5725 infernos.
2043 5661 2238 5741 Siqui;

2422 5452 2534 5524 (53)
2575 5445 2866 5513 ἀπέδειξεν.
2904 5453 2970 5502 Α.

2348 5522 2511 5593 dem,
2535 5527 2650 5578 etc.

2415 5664 2500 5740 (ἀ)
2544 5664 2613 5726 Ut
2624 5663 2812 5740 capite
2825 5661 3100 5737 -hujus.
3114 5658 3250 5716 Haec
3260 5655 3322 5716 in
3334 5653 3482 5713 meis
3498 5647 3679 5710 codd.
3703 5644 3910 5708 absim
