4176 6440
230 389 323 455 361
1218 401 1587 462 COMMENT.
1641 403 1708 459 lN
1749 404 1817 458 Mi

1936 399 2190 458 'HAEUM.
2230 437 2298 445 —
2337 405 2496 464 CAP.
2548 406 2670 462 XX.

3476 411 3581 465 362

229 527 337 585 υἱός
388 525 528 576 ἐστιν
568 525 747 593 αὐτοῦ,
793 533 883 580 καὶ
939 531 1061 604 παρ’
1100 529 1285 582 ἕκείνου
1327 528 1660 582 ἀπέσταλται·
1694 529 1817 601 ύπερ

1936 526 2005 583 ab
2052 527 2150 584 illo
2217 530 2491 585 missum.
2541 531 2669 600 Egit
2732 544 2874 600 ergo
2925 530 3144 602 gratias
3212 531 3579 589 credentium

226 622 317 666 τῶν
356 617 754 668 πιστευσάντων
778 613 836 668 δε
857 624 1084 679 ποιήσας
1115 623 1206 678 τὴν
1229 619 1594 689 εὐχαριστίαν,
1629 614 1820 676 ἐδήλω-

227 722 326 767 σεν,
370 704 488 754 οἵαν
540 701 744 774 ἀγάπην
795 707 908 776 ἔχει
953 713 1071 779 περὶ
1127 707 1334 767 αύτούς.
1399 710 1605 764 Ταύτην
1645 704 1705 758 δε
1733 709 1819 764 τὴν

223 792 573 862 εὐχαριστίαν
595 799 900 865 προσήγαγε
939 803 1010 864 τῷ
1038 802 1171 864 Θεῷ,
1199 800 1286 846 καὶ
1309 795 1433 868 ὑπὲρ
1460 804 1557 847 τῶν
1596 792 1818 866 ἕϐδομή-

219 900 374 932 κοντα
400 878 729 949 ἀποστόλων,
759 883 840 934 ὅτε
859 882 1184 956 ὑπέστρεψαν
1199 887 1324 956 πρὸς
1343 884 1516 949 αὐτόν,
1535 887 1604 945 ὡς
1624 887 1821 958 εἴρηκεν

219 971 239 1019 6
263 975 505 1030 Λουκᾶς.

277 1062 388 1110 Ναὶ
418 1059 445 1108 6
497 1061 680 1129 Πατὴρ
711 1089 773 1098 —
799 1061 1085 1133 ἔμπροσθέν
1119 1079 1232 1114 σου.
1261 1065 1366 1112 Ναί
1389 1065 1688 1134 εὐχαριστῶ
1715 1081 1818 1126 σοι,

220 1145 250 1198 ὦ
278 1149 487 1219 Πάτερ,
524 1142 666 1198 διότι
697 1148 853 1207 οὕτως
882 1146 1074 1218 ἐγένετο
1107 1145 1340 1215 εὐδοκία,
1370 1153 1550 1220 ἤγουν,
1579 1148 1824 1222 ἀρέσκεια

222 1236 427 1287 ἱνῶπιόν
465 1253 589 1303 σου,
643 1239 879 1288 τουτέστι
918 1237 1057 1306 (54),
1116 1233 1254 1289 διότι
1293 1241 1451 1298 οὕτως
1492 1233 1817 1307 ηὗδόκησας,

233 1322 590 1395 ἄτοκρυϐἡναι
615 1328 704 1394 μὲν
743 1332 907 1376 ταῦτα
937 1323 1038 1377 ἀπό
1069 1334 1168 1376 τῶν
1199 1325 1621 1398 ἀποσεισαμίνων
1665 1326 1818 1391 αὐτὰ,

223 1414 276 1471 ὦς
300 1412 559 1475 ἀναξίων,
591 1410 1016 1484 ἀποκαλυφθῆναι
1048 1410 1105 1464 δε
1135 1421 1300 1466 ταῦτα
1329 1421 1438 1474 ταῖς
1465 1417 1823 1486 προσιεμένοις

215 1502 359 1563 αὐτα,
393 1504 468 1562 ὡς
501 1500 686 1562 ἀξίοις.
721 1506 926 1553 Δίκαιον
955 1505 1056 1576 γὰρ
1086 1507 1238 1554 τοῦτό
1287 1502 1443 1558 ἐστιν.
1497 1508 1605 1556 Ἵνα
1636 1499 1694 1554 δε
1722 1506 1818 1573 μὴ,

212 1589 302 1641 ἀπὸ
335 1597 437 1641 τοῦ
469 1589 869 1663 εύχαριστῆσαι
895 1599 964 1660 τῷ
997 1595 1184 1665 Πᾶτρὶ,
1239 1588 1368 1664 δόξῃ
1397 1597 1500 1651 τοῖς
1532 1590 1820 1663 ἀνθρώποις

208 1677 590 1750 ἀσθενέστερος
619 1677 802 1744 αὐτοῦ,
823 1684 912 1730 καὶ
931 1674 1024 1730 διὰ
1043 1683 1196 1732 τόῦτο
1218 1688 1310 1742 τῆς
1335 1686 1597 1752 [ἰατρικῆς
1620 1681 1820 1751 φύσεως

207 1767 391 1839 αλλότρ
401 1786 479 1826 to;
522 1771 586 1837 φή
599 1771 672 1818 σί·

1927 616 2190 682 nomine,
2225 617 2568 689 significans
2615 635 2797 692 quem
2827 634 2970 688 erga
3018 619 3292 678 homines
3338 622 3582 678 haberet

1928 719 2218 761 amorem.
2252 707 2418 764 Hanc
2443 711 2631 764 autem
2663 708 2989 777 gratiarum
3011 708 3307 765 actionem
3335 712 3452 766 Deo
3478 709 3581 765 ob-

1928 793 2058 849 tulit
2071 795 2247 850 etiam
2261 812 2363 868 pro
2382 797 2754 868 septuaginta
2766 813 2916 868 quos
2928 797 3222 863 emiserat,
3237 798 3483 870 quando
3501 798 3580 854 ad

1930 898 2066 938 eum
2096 886 2315 940 reversi
2347 891 2506 951 sunt,
2545 886 2697 942 sicut
2726 886 2874 943 dixit
2906 889 3112 944 Lucas.

2000 1060 2160 1116 Vers.
2218 1063 2306 1117 26.
2362 1065 2572 1136 Utique
2595 1065 2770 1121 Pater
2817 1095 2887 1107 —
2915 1065 3072 1136 apud
3090 1073 3168 1121 te.
3203 1066 3412 1138 Utique
3443 1081 3579 1136 gra-

1931 1148 2039 1204 tias
2062 1149 2166 1204 tibi
2189 1166 2324 1221 ago,
2357 1156 2541 1215 Pater,
2565 1154 2706 1225 quia
2727 1155 2808 1208 ita
2833 1153 3111 1210 fuitbona
3127 1155 3428 1218 voluntas,
3462 1156 3580 1210 sive

1928 1235 2362 1309 beneplacitum
2390 1258 2592 1297 coram
2621 1247 2693 1305 te,
2724 1242 2835 1298 hoc
2866 1247 2974 1307 est,
3005 1244 3150 1313 quia
3180 1244 3259 1299 ita
3285 1244 3435 1298 bene
3459 1243 3581 1315 pla-

1929 1326 2049 1380 cuit
2080 1327 2202 1394 tibi,
2229 1334 2291 1384 ut
2321 1329 2447 1384 haec
2473 1331 2780 1401 repelleres
2811 1331 2889 1387 ab
2919 1333 2988 1387 iis
3016 1332 3158 1404 quia
3188 1348 3258 1388 ea
3287 1332 3581 1403 repellunt

1929 1418 2217 1486 tanquam
2260 1419 2539 1489 indignis,
2584 1421 2874 1476 revelares
2907 1427 3093 1476 autem
3145 1437 3215 1477 ea
3245 1421 3334 1476 his
3373 1421 3476 1493 qui
3503 1421 3582 1476 ad

1927 1502 2030 1559 illa
2060 1506 2351 1561 accedunt
2393 1513 2681 1580 tanquam
2715 1509 2913 1580 dignis
2944 1527 2956 1564 :
2987 1510 3163 1582 idque
3191 1511 3429 1582 justum
3470 1515 3576 1566 est.

1928 1593 2006 1646 Ne
2039 1597 2238 1650 tamen
2265 1595 2416 1652 Patri
2451 1598 2671 1666 gratias
2704 1614 2910 1668 agens,
2942 1598 3209 1654 videatur
3237 1599 3582 1654 hominibus

1931 1679 2130 1736 minus
2188 1683 2287 1739 illo
2332 1689 2560 1756 potens,
2603 1688 2715 1741 eta
2754 1692 2969 1742 natura
3030 1688 3278 1742 Paterna
3328 1686 3578 1752 alienus,

1928 1768 2076 1828 dixit
2108 1787 2119 1825 :

273 1856 462 1908 Πάντα
495 1885 565 1895 -
606 1873 726 1926 μου·
761 1856 958 1924 Πάντα,
985 1859 1049 1907 τὰ
1080 1863 1171 1907 τοῦ
1205 1859 1406 1929 Πατρός
1435 1852 1689 1914 δηλονότι.
1716 1858 1817 1908 Καὶ

1998 1867 2168 1920 Vers.
2207 1863 2295 1916 27.
2339 1862 2554 1918 Omnia
2587 1895 2652 1902 —
2697 1878 2845 1919 mea.
2886 1862 3100 1918 Omnia
3143 1861 3410 1919 videlicet
3446 1879 3582 1935 qum

204 1943 449 2014 ἀλλαχοῦ
482 1945 588 2015 γάρ
630 1960 779 2015 φησι·
814 1945 1008 2013 Πάντα,
1053 1946 1153 1997 ὅσα
1177 1947 1290 2015 ἔχει
1316 1946 1340 1996 6
1371 1950 1574 2018 Πατὴρ,
1613 1943 1709 2016 ἅμα
1733 1942 1818 1996 ἕσ-

204 2052 299 2097 τιν,
338 2034 447 2085 ea»
492 2028 552 2084 δε
580 2033 744 2084 πάντα
776 2033 915 2102 αύτῷ
946 2029 1240 2108 παρεδόθη,
1269 2035 1469 2085 πάντων
1500 2035 1604 2106 ἄρα
1635 2035 1818 2105 Κύριός

202 2123 368 2172 ἐστιν’
408 2119 453 2172 εἰ
481 2117 545 2172 δι
571 2120 776 2172 πάντων
819 2119 933 2173 ἐστὶ
967 2128 1177 2194 Κύριος,
1231 2125 1345 2183 ἶσος
1397 2124 1500 2197 άρα
1529 2129 1600 2173 τῶ
1653 2125 1817 2194 Πατρί

201 2209 338 2263 ἐστι.

274 2301 346 2351 T6
405 2293 467 2350 δὴ
505 2294 804 2371 Παρεδόθη,
862 2299 1148 2372 θεοπρεπῶς
1203 2301 1414 2368 νόησον,
1470 2298 1574 2370 οὐχ
1625 2300 1702 2350 ὅτι
1749 2303 1817 2371 μὴ

210 2390 350 2457 ἔχων
403 2393 578 2438 ταῦτα
632 2391 900 2460 πρότερον,
949 2386 1232 2459 παρέλαϐεν
1263 2387 1498 2461 ὕστερον
1537 2383 1686 2439 οὐδὲν
1714 2390 1815 2460 γάρ

211 2474 350 2527 ἐστιν
381 2475 546 2527 αὐτοῦ
574 2479 990 2550 προγενέστερον,
1041 2472 1163 2527 οὐδὲ
1194 2475 1350 2536 αύτός
1397 2476 1423 2527 6
1473 2481 1675 2550 Πατὴρ,
1711 2475 1817 2528 ἀλλ’

210 2564 318 2635 ἅμα
351 2568 541 2635 Πατὴρ
596 2567 685 2615 καὶ
745 2563 855 2635 ἅμα
893 2566 1028 2631 Υἱός,
1078 2568 1167 2615 καὶ
1214 2564 1324 2636 ἅμα
1365 2567 1567 2616 πάντων
1609 2568 1816 2637 Κύριον

212 2649 315 2702 ἀλλ’
364 2653 544 2702 εἴωθεν
583 2652 924 2724 οἰκονομικῶς
962 2651 1124 2722 λέγειν
1167 2660 1384 2704 τοιούτα
1420 2652 1712 2726 πολλαχοῦ,
1740 2673 1816 2706 τι-

210 2747 317 2810 μῶν
349 2742 442 2790 τόν
476 2744 703 2814 Πατέρα,
735 2744 825 2792 καὶ
859 2743 1051 2798 ταύτην
1092 2740 1176 2792 ἐπὶ
1206 2750 1304 2792 τῶν
1334 2761 1575 2794 τοιουτων
1604 2745 1693 2814 ἔχε
1723 2747 1816 2800 τὴν

210 2827 267 2878 λυ
276 2847 361 2879 σιν
370 2868 384 2879 .

280 2920 386 2968 Καὶ
420 2946 486 2956 -
531 2916 573 2968 εἰ
621 2923 691 2988 μή
744 2919 938 2978 όΥἱός.
993 2917 1323 2989 Ἐπίγνωαιν,
1378 2920 1435 2971 ού
1502 2924 1589 2978 τὴν
1645 2920 1818 2982 ἁπλῶς

213 3010 394 3073 φησιν,
443 3003 576 3055 ἀλλὰ
624 3010 713 3062 τὴν
757 3009 892 3057 κατὰ
937 3009 1090 3078 φύσιν
1145 3007 1332 3058 αὐτῶν.
1393 3006 1517 3060 ’Ὁτι
1572 3011 1662 3080 μὲν
1717 3011 1818 3082 γάρ

212 3092 350 3144 ἐστιν
440 3095 561 3154 Υἱός
618 3099 706 3146 καὶ
776 3099 978 3168 Πατὴρ,
1056 3094 1456 3167 ἐπιγινώσκομεν
1513 3099 1697 3157 πάντες
1773 3098 1820 3149 οἰ

1928 1952 2108 2008 Patris
2135 1954 2291 2006 sunt.
2310 1950 2615 2023 Siquidem
2642 1952 2821 2007 etiam
2848 1950 2985 2007 alibi
3009 1950 3146 2008 dicit
3180 1968 3191 2007 :
3224 1952 3433 2008 Omnia
3452 1967 3583 2024 quae

1924 2042 2100 2098 Pater
2127 2039 2288 2096 habet
2321 2055 2438 2095 mea
2482 2045 2632 2094 sunt.
2663 2042 2709 2076 ⁸⁸
2742 2041 2910 2105 Quod
2961 2041 3010 2096 si
3049 2041 3254 2098 omnia
3289 2041 3341 2098 ei
3373 2042 3584 2099 tradita

1927 2135 2086 2195 sunt,
2109 2127 2380 2186 omnium
2395 2129 2597 2200 utique
2610 2129 2897 2186 Dominus
2915 2136 3004 2186 est
3036 2147 3049 2197 ;
3085 2130 3133 2186 si
3156 2146 3298 2188 vero
3311 2132 3584 2188 omnium

1925 2218 2214 2276 Dominus
2243 2221 2348 2284 est,
2389 2217 2636 2288 aequalis
2656 2223 2809 2275 certe
2849 2224 2941 2276 est
2981 2221 3151 2275 Patri.

1996 2307 2061 2363 Id
2092 2310 2292 2364 autem
2323 2327 2335 2359 :
2368 2306 2610 2364 Tradita
2637 2315 2794 2373 sunt,
2824 2309 3196 2380 proutDeum
3222 2307 3391 2365 decet
3420 2308 3585 2364 intel-

1923 2395 2060 2467 lige,
2083 2412 2203 2452 non
2225 2395 2390 2468 quod
2411 2395 2674 2468 primum
2706 2412 2778 2452 ea
2803 2412 2923 2452 non
2947 2397 3172 2453 habens
3196 2397 3583 2469 postmodum

1925 2485 2252 2556 acceperit:
2286 2484 2432 2540 nihil
2457 2485 2616 2540 enim
2639 2485 2806 2542 illum
2840 2487 3161 2559 praecessit,
3196 2501 3269 2542 ne
3302 2486 3428 2558 ipse
3457 2486 3586 2559 qui-

1924 2574 2064 2629 dem
2096 2574 2288 2639 Pater,
2313 2574 2418 2629 sed
2449 2574 2626 2630 simul
2657 2577 2824 2631 Pater
2854 2579 2909 2631 et
2939 2574 3116 2631 simul
3148 2575 3344 2638 Filius,
3375 2575 3584 2630 simul-

1925 2680 2041 2736 que
2085 2664 2358 2719 omnium
2394 2664 2698 2719 Dominus.
2745 2667 2956 2742 Verum
2990 2665 3297 2720 consuevit
3335 2665 3584 2736 dispen-

1926 2752 2141 2809 satorie
2166 2753 2292 2808 haec
2320 2752 2528 2823 sacpius
2551 2753 2764 2819 dicere,
2805 2754 3040 2809 Patrem
3062 2754 3385 2812 honarans.
3424 2757 3585 2810 Hanc

1925 2857 2068 2913 ergo
2098 2841 2160 2898 in
2187 2841 2477 2898 similibus
2502 2843 2720 2899 habeto
2753 2843 3132 2899 solutionem.

2001 3021 2158 3075 Vers.
2193 3020 2277 3073 27.
2322 3019 2397 3074 Et
2458 3049 2526 3058 —
2583 3019 2696 3075 nisi
2723 3018 2934 3075 Filius.
2993 3022 3399 3091 Cognitionem
3447 3021 3588 3078 dicit

1927 3122 2052 3164 non
2082 3107 2414 3176 vulgarem,
2447 3107 2551 3162 sed
2569 3109 2742 3178 juxta
2767 3114 3045 3165 naturam
3075 3112 3372 3182 ipsorum.
3414 3111 3586 3177 Quod

209 3184 572 3242 πιστεύοντες
625 3187 704 3243 τίς
761 3179 820 3234 δε
868 3187 999 3236 κατά
1050 3188 1144 3241 τὴν
1188 3187 1340 3255 φύσιν
1393 3189 1532 3237 ἐστὶν
1593 3187 1618 3237 6
1684 3188 1817 3250 Υἱός,

1936 3197 2089 3252 enim
2118 3197 2232 3251 sint
2263 3196 2432 3251 Pater
2457 3200 2514 3251 et
2547 3197 2720 3251 Filius
2750 3179 3174 3265 cognoscimus
3207 3215 3415 3255 omnes
3467 3216 3589 3255 cre-

206 3275 296 3322 καὶ
325 3276 409 3332 τίς
465 3271 492 3321 6
552 3275 752 3342 Πατὴρ,
814 3269 985 3334 οὐδεὶς
1030 3271 1378 3343 ἐπιγινώσκει.
1447 3277 1592 3344 Λέγει
1653 3277 1754 3344 γὰρ
1795 3275 1820 3326 6

208 3365 442 3417 Λουκᾶς
501 3355 692 3421 Οὐδεὶς
752 3366 994 3430 γινώσκει
1053 3365 1128 3420 τίς
1179 3360 1317 3413 ἐστιν
1383 3363 1408 3412 ό
1458 3364 1598 3427 Υἱός,
1655 3363 1698 3415 εἰ
1753 3369 1820 3435 μὴ

208 3449 231 3497 6
277 3452 464 3520 Πατήρ
530 3464 544 3476 ’
597 3453 684 3500 καὶ
716 3453 796 3510 τίς
846 3447 985 3500 ἐστιν
1042 3450 1068 3500 ό
1119 3454 1321 3522 Πατὴρ,
1377 3450 1419 3502 εἰ
1471 3455 1540 3522 μὴ
1594 3452 1618 3502 6
1686 3455 1818 3513 Υἱός.

205 3542 371 3587 Τοῦτο
405 3532 468 3587 δὲ
513 3532 646 3588 εἶπεν
689 3538 714 3588 ὁ
772 3541 1019 3612 Χριστός,
1055 3534 1328 3590 διδάσκων
1356 3543 1697 3612 φανερώτερον
1728 3545 1820 3598 τὴν

205 3628 331 3698 πρὸς
370 3627 463 3676 τόν
512 3630 715 3698 Πατέρα
751 3630 996 3685 ἰσότητα.
1057 3627 1117 3680 Εἰ
1170 3629 1270 3701 γὰρ
1311 3631 1460 3700 μόνοι
1490 3636 1588 3679 τῶν
1619 3632 1820 3681 πάντων

202 3717 331 3771 ῑσην
391 3712 588 3785 ἔχουσι
663 3719 758 3773 τὴν
815 3720 933 3788 περὶ
989 3715 1216 3774 ἀλλήλων
1269 3725 1485 3788 γνῶσιν,
1548 3720 1655 3770 ἶσοι
1720 3719 1824 3794 ἄρα

204 3805 364 3856 εἰσίν.

277 3899 386 3945 Καὶ
452 3923 514 3932 --
550 3891 904 3964 ἀποκαλύψαι.
961 3896 1063 3949 Καὶ
1102 3902 1251 3947 τοῦτο
1306 3901 1398 3953 τήν
1443 3897 1663 3954 ἰσότητα
1716 3893 1822 3950 δεῖ-

200 4002 411 4035 κνυσιν.
472 3981 532 4032 Εἰ
556 3984 656 4053 γὰρ
689 3981 1040 4035 ἀποκαλύπτει
1100 3987 1188 4056 μὲν
1239 3987 1263 4035 ὁ
1321 3990 1524 4058 Πατὴρ,
1560 3989 1626 4048 ὡς
1689 3985 1819 4037 ἀνω-

200 4078 335 4135 τέρω
394 4066 711 4134 δεδήλωται,
769 4071 1120 4124 ἀποκαλύπτει
1169 4070 1227 4125 δε
1276 4078 1364 4126 καὶ
1424 4076 1449 4125 6
1515 4078 1654 4144 Υἱός,
1710 4079 1818 4127 ἴσοι

204 4164 317 4232 ἄρα
363 4159 518 4212 εἰσίν.
562 4161 917 4232 Ἀποκαλύψει
976 4158 1034 4214 δὲ
1071 4169 1174 4221 τοῖς
1213 4161 1379 4224 ἀξίοις
1407 4167 1500 4220 τὴν
1546 4167 1696 4235 φύσιν
1728 4171 1818 4216 τοῦ

204 4252 441 4321 Πατρός,
475 4248 522 4299 ἐν
562 4257 629 4319 τῷ
658 4249 892 4322 μελλοντι
942 4250 1107 4304 αἰῶνι.
1167 4251 1226 4302 Εἰ
1281 4248 1338 4304 δὲ
1391 4257 1483 4309 τὴν
1524 4255 1679 4324 φύσιν
1725 4260 1816 4304 τού

204 4343 422 4413 Πατρός
491 4337 837 4410 ἀποκαλύψει,
896 4342 1095 4400 πάντως
1158 4345 1248 4392 καὶ
1309 4346 1401 4398 τὴν
1455 4342 1657 4405 ἑαυτοῦ,
1726 4347 1814 4394 καὶ

203 4433 301 4486 τήν
358 4435 452 4480 τοῦ
498 4427 649 4499 ἁγίου
683 4431 1006 4501 Πνεύματος·
1045 4434 1141 4501 μία
1169 4430 1269 4503 γὰρ
1322 4435 1410 4482 καὶ
1442 4431 1554 4502 (55)
1612 4432 1641 4489 ἡ
1685 4432 1812 4489 αὑτή

1929 3286 2160 3340 dentes.
2211 3283 2351 3348 Quis
2383 3289 2581 3340 autem
2612 3285 2686 3339 sit
2739 3285 2908 3339 Pater
2949 3287 3123 3356 juxta
3177 3293 3479 3353 naturam,
3533 3291 3590 3344 et

1929 3374 2064 3446 quis
2120 3373 2300 3427 Filius
2338 3388 2518 3426 nemo
2571 3373 2894 3443 cognoscit.
2954 3375 3097 3429 Dicit
3152 3375 3310 3430 enim
3353 3378 3582 3431 Lucas:

1929 3465 2105 3521 Nemo
2126 3462 2408 3532 cognoscit
2425 3461 2550 3531 quis
2573 3461 2646 3515 sit
2667 3461 2880 3524 Filius,
2901 3463 3015 3517 nisi
3035 3465 3210 3519 Pater
3233 3481 3247 3516 :
3276 3469 3329 3519 et
3353 3464 3483 3535 quis
3509 3465 3588 3520 sit

1929 3554 2132 3618 Pater,
2185 3551 2302 3606 nisi
2328 3551 2518 3607 Filius
2551 3551 2618 3604 σο.
2667 3557 2784 3605 Hoc
2806 3565 2944 3620 ergo
2966 3551 3113 3606 dixit
3141 3552 3421 3617 Christus,
3457 3567 3582 3610 ma-

1928 3641 2202 3698 nifestius
2248 3639 2472 3697 docens
2509 3639 2909 3712 aequalitatem
2950 3641 3028 3698 ad
3070 3643 3324 3699 Patrem.
3358 3645 3506 3698 Nam
3538 3642 3587 3698 si

1932 3732 2043 3788 soli
2072 3731 2336 3788 omnium
2366 3729 2662 3802 aequalem
2683 3729 2904 3786 habent
2931 3731 3000 3787 de
3019 3746 3079 3787 se
3105 3731 3362 3789 invicem
3389 3731 3592 3803 cognio

1930 3822 2175 3891 tionem,
2207 3820 2470 3893 aequales
2493 3820 2694 3892 utique
2721 3825 2878 3876 sunt.
3405 3817 3410 3828 ⁴

1999 3914 2158 3967 Vers.
2191 3912 2278 3964 27.
2311 3911 2387 3964 Et
2418 3940 2485 3949 —
2507 3909 2779 3966 revelare.
2811 3910 2999 3966 Etiam
3030 3910 3145 3966 hoc
3177 3909 3584 3983 aequalitatem

1927 4000 2168 4056 indicat.
2196 4000 2250 4055 Si
2276 3999 2435 4054 enim
2466 3999 2691 4056 revelat
2721 4002 2886 4054 Pater
2918 4006 2980 4055 ut
3004 4015 3189 4072 supra
3218 4000 3446 4056 dictum
3478 4004 3585 4068 est,

1926 4090 2151 4146 revelat
2176 4094 2231 4144 et
2268 4088 2462 4151 Filius,
2495 4087 2757 4159 aequales
2782 4094 2937 4144 certe
2962 4094 3118 4144 sunt.
3154 4088 3463 4144 Bevelabit
3485 4106 3591 4144 au-

1928 4182 2046 4234 tem
2067 4183 2344 4233 naturam
2377 4177 2592 4242 Patris,
2626 4176 2697 4229 iis
2727 4177 2830 4247 qui
2856 4177 3019 4246 digni
3060 4177 3272 4233 fuerint
3301 4178 3358 4232 in
3383 4179 3583 4232 futuro

1926 4265 2163 4321 saeculo.
2222 4265 2391 4329 Quod
2421 4264 2471 4318 si
2513 4264 2692 4318 Patris
2742 4270 3004 4319 naturam
3038 4264 3340 4328 revelabit,
3376 4264 3582 4334 utique

1924 4360 1981 4411 ct
2035 4369 2206 4409 suam
2234 4357 2290 4408 et
2339 4351 2592 4424 Spiritus
2646 4353 2862 4407 sancti.
2921 4354 3047 4408 Una
3076 4351 3232 4407 enim
3261 4356 3315 4408 et
3371 4351 3584 4408 eadem

1925 4447 2011 4500 est
2035 4443 2223 4498 trium.
2263 4439 2524 4497 Dicendo
2557 4456 2693 4496 vero
2728 4441 2951 4498 :Nemo
3000 4441 3308 4512 cognoscit,
3353 4444 3584 4496 creatu-

205 4518 323 4571 ἐστι
350 4525 452 4568 τῶν
501 4525 673 4591 τριῶν.
709 4515 730 4589 [
761 4517 1113 4588 Ἀποκαλύψει
1157 4518 1272 4590 (56)
1304 4514 1362 4571 δὲ
1392 4521 1512 4571 ὅσον
1545 4518 1810 4592 ἐφικτόν.]

1936 4549 2020 4592 ras
2051 4531 2400 4603 signiﬁcavit
2432 4547 2445 4585 :
2477 4529 2760 4602 Spiritum
2811 4533 3082 4587 sanctum
3113 4534 3330 4597 autem,
3375 4533 3581 4602 utpote

201 4606 384 4661 Εἰπὼν
440 4601 519 4670 δὲ,
579 4607 660 4658 ὅτι
712 4602 899 4668 Οὐδεὶς
965 4605 1314 4679 ἐπιγινώσκει,
1378 4610 1497 4670 τοὺς
1573 4613 1813 4670 κτιστούς

204 4691 466 4753 ἐδήλωσε.
532 4697 602 4748 Τό
671 4701 881 4768 Πνεῦμα
936 4691 994 4747 δὲ
1049 4698 1106 4748 τό
1137 4695 1302 4768 ἅγιον,
1354 4699 1419 4758 ὡς
1445 4699 1714 4768 οἴκτιστον,
1753 4697 1811 4750 ού

205 4803 271 4836 συ
275 4803 416 4857 μπερ
427 4781 594 4835 ιε’λαϐε
603 4826 613 4836 .

277 4876 384 4925 Καί
412 4868 448 4924 δ
454 4874 561 4924 ιατί
580 4876 652 4943 μὴ
681 4877 768 4925 καὶ
798 4878 916 4946 περὶ
952 4875 1137 4927 τούτου
1178 4883 1402 4949 φανερῶς
1426 4879 1595 4950 εἴρηκε
1629 4893 1642 4944 ;
1671 4881 1808 4932 Διὸτι

201 4964 350 5013 οὔπω
380 4963 563 5034 καιρός
585 4957 646 5019 ἦν
679 4957 900 5025 διδάξαι
936 4967 1054 5036 περὶ
1083 4963 1257 5016 αὐτοῦ.
1286 4967 1386 5017 Καὶ
1411 4967 1510 5038 γὰρ
1539 4961 1646 5017 ἔδει
1670 4975 1808 5040 πρῶ-

198 5071 286 5103 τον
347 5055 443 5108 τὴν
489 5053 609 5122 περὶ
666 5058 758 5102 τοῦ
822 5051 945 5104 Υἱοῦ
992 5059 1185 5123 γνῶσιν
1243 5051 1626 5120 ἐνσημανθῆναι
1691 5062 1806 5118 ταῖς

196 5139 413 5212 ψυχαῖς
437 5145 534 5190 τῶν
563 5140 830 5211 μαθητῶν·
862 5138 973 5193 εἶτα
1000 5145 1179 5194 καὶτὰ
1216 5146 1440 5216 περὶτοῦ
1471 5142 1620 5214 ἁγίου
1655 5146 1806 5196 Πνεύ-

194 5246 368 5303 ματος
399 5227 577 5289 αὐτοῖς
600 5228 1051 5302 ἀποκαλυφθῆναι.

270 5328 325 5363 ⁵⁹
354 5327 526 5384 Joan.
560 5341 680 5393 xvi,
715 5327 803 5386 15.
915 5329 963 5364 ⁸ο
994 5330 1130 5385 Luc.
1161 5345 1220 5395 x,
1247 5328 1337 5384 22.

1921 4622 2252 4682 increatum
2283 4636 2404 4678 non
2433 4619 2894 4692 comprehendit.

1989 4877 2249 4945 thuam
2265 4872 2342 4928 ob
2358 4887 2606 4927 causam
2625 4870 2697 4926 de
2721 4871 2836 4928 hoc
2854 4872 3034 4928 etiam
3057 4870 3434 4929 manifestius
3457 4888 3580 4930 non

1917 4968 2000 5019 est
2042 4963 2272 5018 locutus
2301 4962 2327 5015 ?
2355 4961 2504 5027 Quia
2552 4962 2819 5017 nondum
2875 4967 3111 5034 tempus
3141 4967 3268 5019 erat
3309 4965 3374 5017 ut
3403 4962 3476 5018 de
3507 4978 3577 5018 eo

1916 5053 2173 5110 doceret.
2226 5051 2489 5106 Primum
2520 5051 2817 5123 siquidem
2859 5051 3168 5124 Oportebat
3214 5051 3344 5106 Filii
3375 5051 3578 5120 cogni-

1914 5143 2138 5200 tionem
2168 5140 2469 5198 mentibus
2513 5139 2948 5212 discipulorum
2991 5139 3287 5196 insinuari
3319 5157 3332 5196 :
3367 5139 3576 5196 deinde

1913 5233 2092 5291 etiam
2119 5232 2232 5288 illis
2262 5247 2334 5289 ea
2375 5229 2644 5296 revelari,
2696 5245 2833 5303 quae
2881 5233 3020 5286 sunt
3079 5229 3329 5302 Spiritus
3387 5234 3582 5290 sancti

1419 5428 1646 5500 Variae
1676 5433 2001 5503 lectiones
2039 5439 2103 5498 et
2132 5439 2334 5498 notae.

297 5573 392 5642 54)
412 5573 677 5642 τουτέστι,
709 5569 926 5630 omittit
955 5572 1025 5628 A.

297 5575 368 5632 54
412 5573 677 5642 τουτέστι,
709 5573 926 5630 omittit
955 5573 1025 5628 A.

270 5573 392 5723 €55;
427 5642 1058 5718 και,ᾳιιο‹1Ηθηῐειιίιιε
1085 5643 1262 5703 etiam
1277 5647 1804 5719 agnoscit,addidi.

493 5743 744 5802 PATROL.
829 5740 1062 5799 CXXIX
1075 5787 1091 5802 .

1988 5575 2102 5650 (56)
2126 5572 2622 5654 Inc-lusauterque
2646 5570 2832 5630 codex
2854 5570 2917 5630 in
2933 5570 3204 5644 margine
3223 5571 3423 5630 habet.
3446 5574 3577 5632 Non

1918 5644 2182 5722 agnoscit
2214 5644 2562 5706 Hentenius.

3179 5741 3248 5794 l2
