4176 6418
595 358 701 414 363

1894 345 2250 406 EUTHYMII
2293 342 2619 401 ZIGABENI

3851 350 3960 410 364

666 481 832 540 Vers.
861 479 950 536 28.
990 477 1192 534 Venite
1234 504 1306 517 —
1357 489 1479 531 vos.
1513 475 1623 541 Qui
1651 475 1938 532 laboratis
1987 475 2050 531 in
2073 488 2244 546 opere

2427 476 2576 522 Δεῦτε
2619 500 2667 510 -
2719 473 2870 543 ὑμᾶς.
2913 471 2979 525 Οἱ
3015 481 3294 537 κοπιῶντες
3329 474 3400 536 εἰς
3438 479 3532 534 τήν
3573 474 3820 548 έργασίαν
3860 487 3957 541 τῆς

594 569 836 643 peccati,
871 572 926 624 et
950 566 1083 638 ejus
1124 564 1392 638 pondere
1431 564 1656 620 onerati
1687 565 1847 620 estis.
1880 563 2054 620 Vides
2102 577 2247 635 quo—

592 658 779 716 modo
809 653 1134 712 ostenderit
1184 656 1522 724 peccatum,
1549 657 1607 708 et
1635 652 1903 709 laborem
1933 657 1989 708 et
2013 651 2247 722 pondus

591 746 814 805 habere
825 746 854 803 ?
871 747 1018 801 Nam
1031 742 1302 799 laborem
1316 741 1499 797 habet
1512 741 1862 813 priusquam
1877 739 2243 813 perﬁciatur;

590 835 775 892 habet
797 833 1037 906 pondus
1065 835 1383 904 postquam
1412 829 1741 901 perfectum
1769 834 1881 885 est.

665 927 860 980 Potest
915 927 1116 978 autem
1151 924 1206 975 et
1235 919 1352 974 alio
1383 919 1566 974 modo
1607 917 1725 974 dici
1759 935 1770 973 :
1806 917 1917 984 Qui
1959 917 2246 973 laboratis

593 1013 673 1070 ad
725 1026 904 1075 vana,
946 1014 1003 1066 et
1051 1009 1266 1066 horum
1315 1007 1474 1062 curis
1530 1008 1754 1063 onerati
1803 1006 1962 1062 estis.
2023 1008 2090 1062 Et
2134 1019 2247 1074 ego

591 1099 940 1159 refocillabo
989 1114 1124 1162 vos,
1156 1097 1277 1153 sive
1328 1095 1595 1153 liberabo
1643 1095 1742 1154 tali
1772 1095 1998 1164 labore,
2028 1094 2246 1166 talique

595 1191 883 1263 pondere.

669 1367 836 1424 Vers.
859 1365 948 1420 29.
989 1363 1202 1420 Tollite
1221 1393 1288 1405 —
1310 1377 1430 1419 vos.
1457 1363 1679 1433 Jugum
1704 1361 2038 1418 nominavit
2067 1376 2248 1418 evan-

596 1456 788 1529 gelica
818 1459 1119 1527 praecepta
1151 1467 1280 1516 sua,
1312 1451 1474 1522 quod
1501 1452 1561 1506 in
1588 1451 1718 1523 jugi
1750 1449 2003 1507 modum
2043 1464 2246 1520 super-

592 1548 895 1618 ponantur
949 1539 1369 1598 accedentibus
1397 1539 1476 1595 ad
1504 1556 1576 1596 ea
1609 1558 1620 1595 :
1656 1544 1714 1596 et
1750 1539 1916 1611 ipsos
1966 1537 2246 1608 colligent

593 1632 674 1691 ad
702 1648 764 1688 se
792 1630 1073 1696 invicem,
1101 1633 1158 1685 et
1187 1627 1268 1685 ad
1306 1628 1572 1698 aurigam
1604 1627 1921 1686 Christum.

665 1723 826 1776 Vers.
881 1723 974 1776 29.
1031 1719 1110 1774 Et
1140 1748 1210 1757 —
1239 1717 1440 1773 corde.
1488 1717 1787 1773 Mititatem
1826 1716 1924 1772 hic
1950 1715 2092 1772 dicit
2119 1731 2244 1772 mo-

2355 556 2637 632 ἁμαρτίας,
2669 565 2757 612 καὶ
2787 566 3185 635 πεφορτισμένοι
3214 571 3285 634 τῷ
3331 561 3486 639 βάρει
3511 568 3724 627 ταύτης.
3775 566 3953 642 Ὁρᾷς,

2356 646 2492 708 ὅπως
2532 643 2694 709 ἔδειξε
2723 652 2814 705 τήν
2845 649 3102 725 ἁμαρτίαν
3142 656 3230 705 καὶ
3265 657 3423 705 κόπον
3461 659 3550 706 καὶ
3583 653 3747 727 βάρος
3795 658 3954 728 έχου-

2359 753 2452 785 σαν
2487 751 2500 799 ;
2534 734 2688 806 Ἔχει
2716 741 2834 810 γὰρ,
2873 739 2986 808 ἔχει
3017 745 3174 792 κόπον
3199 744 3309 812 μεν,
3351 744 3450 816 πρὸ
3490 750 3581 794 τοῦ
3613 741 3960 805 ἀποτελεσθῆ-

2356 841 2458 874 ναι’
2494 823 2656 895 βάρος
2689 821 2769 891 δι,
2800 829 2930 896 μετὰ
2951 835 3124 882 τοῦτο.

2428 915 2644 982 Λέγοιτο
2677 911 2727 964 δ’
2767 915 2826 964 οἶν
2853 920 2941 966 καὶ
2974 915 3176 990 έτέρως,
3217 919 3297 968 ὅτι
3322 921 3411 970 καὶ
3441 919 3555 990 (57)
3594 923 3642 972 οὶ
3676 929 3959 986 κοπιῶντες

2357 999 2423 1059 εἰς
2482 1004 2546 1051 τὰ
2597 1003 2815 1072 μάταια,
2889 1007 2977 1054 καὶ
3028 1009 3426 1079 πεφορτισμένοι
3495 1015 3612 1068 ταῖς
3679 1015 3960 1083 μερίμναις

2356 1091 2568 1142 τούτων.
2651 1088 2814 1162 Κάγὼ
2890 1090 3175 1145 ἀναπαύσω
3257 1096 3414 1166 ἡμᾶς,
3492 1098 3674 1168 ἤγουν,
3756 1099 3957 1153 ἐλευθε-

2353 1183 2510 1250 ρώσω
2564 1182 2653 1230 καὶ
2726 1187 2814 1232 τοῦ
2870 1183 3108 1233 τοιούτου
3169 1186 3332 1234 κόπου
3407 1189 3498 1236 καὶ
3564 1193 3655 1238 τοῦ
3719 1191 3954 1242 τοιούτου

2356 1265 2576 1340 βάρους.

2424 1354 2614 1428 ’Δρατε
2643 1386 2711 1396 -
2764 1357 2917 1429 ὑμᾶς.
2974 1359 3143 1428 Ζυγόν
3182 1358 3441 1432 ὠνόμασε,
3491 1363 3587 1424 τὰς
3615 1363 3958 1436 εὐαγγελικὰς

2354 1443 2552 1506 έντολὰς
2574 1444 2754 1514 αὐτοῦ,
2786 1441 2880 1498 διὰ
2907 1448 2964 1498 τὸ
2985 1445 3279 1500 έπικεῖσθαι
3291 1453 3480 1523 τρόπον
3521 1451 3683 1523 ζυγοῦ
3707 1460 3817 1514 τοῖς
3836 1454 3955 1527 (58)

2353 1533 2726 1608 ὑπερχομένοις
2744 1533 2920 1602 αὐτὰς,
2953 1539 3042 1588 καὶ
3073 1531 3282 1589 συνδεῖν
3303 1537 3490 1600 αὐτοὺς
3515 1537 3751 1604 ἀλλήλοις
3788 1561 3841 1595 τε
3861 1549 3952 1597 καὶ

2352 1627 2424 1691 τῷ
2455 1619 2666 1695 έλατῆρι
2688 1629 2898 1695 Χριστῷ
2911 1667 2924 1681 .

2425 1714 2525 1762 Καὶ
2571 1739 2640 1750 -
2696 1706 2911 1784 καρδίᾳ.
2981 1715 3260 1786 Πραότητα
3332 1721 3440 1780 νῦν,
3491 1719 3583 1774 τήν
3639 1723 3949 1772 ταπείνωσιν

589 1809 848 1868 destiam
873 1824 888 1864 :
910 1823 1050 1880 pars
1067 1805 1362 1879 siquidem
1390 1804 1692 1862 modestiae
1719 1811 1807 1862 est
1829 1805 2069 1862 mititas.
2103 1804 2242 1860 ldeo

2355 1797 2506 1869 λέγει’
2534 1802 2689 1871 μέρος
2723 1801 2826 1874 γὰρ
2874 1807 2969 1862 τῆς
3025 1806 3397 1873 ταπεινώσεως,
3459 1805 3485 1861 ὃ
3548 1810 3801 1878 πραότης·
3864 1805 3947 1860 διὸ

588 1903 903 1972 postquam
959 1896 1103 1952 dixit
1149 1914 1162 1953 :
1213 1893 1375 1962 Quod
1429 1895 1586 1950 mitis
1637 1895 1764 1959 sim,
1831 1894 2244 1966 interpretatur

592 1987 759 2060 quod
788 1984 936 2041 dixit
967 2000 982 2051 ;
1012 1990 1069 2040 et
1119 1983 1251 2039 vide
1280 1983 1427 2054 quid
1469 1983 1672 2040 addat.
1716 1985 1916 2055 Neque
1958 1983 2118 2038 enim
2158 1981 2244 2038 di-

589 2076 676 2132 xit
703 2091 714 2130 :
747 2073 996 2130 Humilis
1012 2077 1258 2140 tantum,
1282 2071 1387 2127 sed
1413 2071 1650 2128 humilis
1671 2073 1858 2142 corde,
1883 2072 1997 2128 hoc
2027 2076 2116 2127 est
2138 2071 2244 2127 hu-

591 2163 748 2220 milis
775 2163 979 2219 animo
1008 2167 1064 2217 et
1091 2160 1392 2217 electione.
1427 2161 1735 2216 Humilitas
1764 2175 2029 2232 namque
2055 2160 2133 2216 ab
2159 2161 2243 2216 in-

589 2250 845 2308 fortunio
884 2249 1236 2322 procedens,
1288 2248 1658 2305 infructuosa
1710 2254 1817 2314 est,
1869 2254 2066 2320 utpote
2094 2248 2243 2304 levis

591 2339 1056 2396 etinvoluntaria
1076 2355 1089 2404 ;
1114 2342 1400 2409 praeterea
1417 2337 1489 2408 (e)
1505 2336 1898 2394 humilitatem
1917 2338 2002 2392 eis
2031 2335 2240 2402 attulit,

591 2434 880 2501 tanquam
910 2427 1109 2485 omnis
1137 2427 1400 2482 radicem
1452 2426 1709 2483 virtutis.
1769 2426 2047 2498 Seipsum
2100 2426 2240 2481 item

592 2518 646 2573 in
670 2516 1016 2588 exemplum
1048 2513 1370 2580 constituit,
1401 2519 1460 2570 ut
1490 2513 1725 2570 facilius
1757 2530 1954 2571 sermo
1985 2513 2242 2584 suscipe-

590 2613 766 2663 retur.

662 2695 829 2750 Vers.
869 2697 956 2749 29.
972 2693 1050 2748 El
1072 2723 1138 2734 —
1154 2691 1377 2749 vestris.
1407 2691 1721 2748 Humilitas
1742 2691 1819 2762 (Γ)
1841 2690 2001 2745 enim
2025 2689 2241 2756 cordis,

593 2797 973 2856 quaecunque
1026 2781 1266 2853 patitur,
1329 2781 1507 2837 verbo
1564 2779 1758 2835 solum
1822 2778 1940 2850 pati
1994 2778 2240 2842 videtur,

591 2886 788 2942 neque
826 2871 1115 2927 turbatur.
1144 2870 1400 2936 Quidam
1428 2885 1570 2925 vero
1603 2868 1911 2939 Requicm,
1947 2882 2081 2923 eam
2106 2883 2242 2939 quae

595 2966 818 3017 interna
847 2965 934 3015 est
954 2959 1434 3032 interpretantur.

666 3052 821 3106 Vers.
856 3052 940 3106 30.
972 3047 1184 3118 Iugum
1215 3047 1368 3104 enim
1425 3076 1494 3086 —
1545 3045 1679 3102 leve.
1729 3045 1950 3116 Jugum
2001 3059 2243 3118 quoque

591 3138 824 3196 vocavit
850 3153 1003 3194 onus
1032 3154 1045 3204 ;
1082 3136 1187 3192 sed
1208 3136 1425 3207 jugum
1455 3133 1705 3206 quidem
1749 3139 1990 3206 propter
2020 3133 2244 3190 dictam
2277 3161 2317 3218 ρ

592 3243 834 3285 causam
868 3245 883 3294 ;
914 3242 1069 3282 onus
1114 3230 1332 3289 autem,
1363 3239 1434 3279 eo
1455 3223 1615 3295 quod
1641 3239 1822 3294 grave
1861 3224 1932 3278 sit
1963 3222 2242 3278 inexerci-

593 3320 744 3374 tatis.
789 3316 926 3372 Vide
984 3329 1127 3384 ergo
1185 3311 1495 3385 quomodo
1543 3317 1602 3367 et
1633 3313 1851 3384 jugum
1899 3311 2132 3379 dixerit,
2192 3316 2248 3366 et

593 3421 776 3462 suave
805 3403 1118 3470 vocaverit,
1151 3418 1305 3458 onus
1334 3417 1577 3474 quoque
1619 3401 1851 3468 dixerit,
1883 3406 1941 3456 et
1985 3400 2113 3456 leve
2145 3417 2248 3472 ap-

593 3494 917 3568 pellaverit,
951 3498 1015 3548 ut
1041 3507 1237 3564 neque
1275 3491 1574 3563 despicias
1603 3491 1779 3562 quasi
1811 3489 2023 3554 facilia,
2057 3505 2247 3560 neque

591 3584 787 3655 fugias
813 3587 1103 3652 tanquam
1124 3580 1458 3636 laboriosa.
1483 3581 1691 3644 Quaere
1714 3583 1916 3632 autem
1945 3577 2006 3630 in
2037 3577 2248 3647 quinto

593 3671 788 3742 capite
845 3667 1397 3738 interpretationem
1441 3666 1572 3736 ejus
1615 3667 1659 3700 δι
1708 3664 1874 3736 quod
1927 3663 2136 3720 dicitur
2173 3665 2248 3722 de

597 3762 858 3828 angusta
886 3760 1060 3827 porta
1089 3762 1144 3811 et
1171 3754 1364 3810 stricta
1399 3754 1496 3809 via
1515 3769 1651 3825 quas
1682 3752 1842 3809 ducit
1867 3753 1946 3809 ad
1977 3753 2175 3810 vitam.

667 3934 814 4004 Cap.
854 3931 965 3997 XII,
997 3945 1154 3986 vers.
1206 3929 1264 3986 1.
1303 3929 1376 3984 In
1402 3929 1506 3986 illo
1557 3960 1618 3970 —-
1670 3941 1904 4002 segetes.
1948 3932 2242 4004 Sabbatis,

595 4020 708 4078 hoc
745 4024 850 4087 est,
882 4019 978 4075 die
1001 4017 1264 4075 Sabbati.
1295 4018 1547 4088 Segetes,
1581 4017 1696 4076 hoc
1725 4025 1834 4093 est,
1867 4037 2040 4094 agros
2075 4023 2246 4080 semi-

597 4115 766 4168 natos
791 4108 1126 4168 frumentis.

669 4201 830 4256 Vers.
886 4201 944 4256 1.
981 4197 1271 4267 Discipuli
1288 4213 1416 4254 vero
1446 4228 1514 4238 —
1542 4198 1844 4256 comedere.
1876 4203 2102 4258 Marcus
2141 4218 2243 4259 au-

597 4294 716 4348 tem
746 4289 894 4346 dixit
918 4305 930 4344 :
969 4290 1285 4358 Cmperunt
1313 4287 1593 4359 discipuli
1614 4290 1738 4359 ejus
1765 4291 1921 4347 inter
1949 4291 2248 4348 ambulan-

596 4380 738 4436 dum
763 4380 979 4436 vellere
1003 4377 1190 4449 spicas
1221 4378 1269 4412 ⁶²
1296 4377 1446 4442 Quia
1483 4379 1638 4432 enim
1673 4395 1777 4450 per
1821 4380 2049 4436 medias
2083 4396 2246 4449 sege-

2351 1892 2441 1939 καὶ
2497 1886 2669 1952 εἰπὼν,
2748 1888 2828 1940 ὅτι
2900 1893 3067 1961 Πρᾶὁς
3153 1890 3281 1961 εἰμι,
3360 1889 3746 1964 έφηρμήνευσεν
3825 1896 3942 1970 ὅπερ

2353 1971 2478 2042 εἶπε,
2529 1981 2618 2028 καί
2667 1982 2848 2029 σκόπει
2886 1982 2980 2036 τήν
3010 1980 3338 2053 προσθήκην.
3374 1980 3450 2032 Οὐ
3505 1983 3608 2054 γὰρ
3665 1979 3820 2048 εἶπεν,
3869 1985 3949 2037 ὅτι

2351 2071 2590 2128 ταπεινὸς
2619 2072 2796 2139 μόνον,
2835 2066 2944 2119 ἀλλ’
3001 2068 3082 2120 ὅτι
3143 2072 3379 2132 ταπεινὸς
3420 2077 3481 2142 τῇ
3537 2069 3756 2147 καρδίᾳ,
3802 2093 3951 2126 τουτ-

2352 2153 2488 2220 έστι,
2571 2158 2810 2217 ταπεινὸς
2886 2163 2949 2228 τῇ
3024 2155 3179 2229 ψυχῇ
3237 2162 3557 2232 προαιρέσει·
3617 2159 3675 2214 Ἦ
3737 2164 3838 2236 γὰρ
3897 2161 3951 2214 ia:

2353 2245 2701 2318 περιστάσεως
2761 2249 3068 2306 ταπείνωσις
3122 2246 3379 2319 ἄκαρπος,
3429 2251 3498 2310 ὡς
3541 2247 3840 2312 έπιπὸλαιός
3899 2271 3951 2303 τε

2352 2337 2440 2383 καὶ
2492 2330 2850 2406 ἀπροαίρετος.
2907 2337 3013 2392 Τήν
3070 2339 3377 2387 ταπείνωσιν
3435 2333 3494 2389 δε
3554 2338 3704 2389 πάλιν
3771 2339 3950 2398 αὐτοῖς

2353 2424 2654 2495 προέτεινεν,
2702 2422 2767 2480 ὡς
2809 2421 2962 2495 ῥίζαν
3016 2420 3223 2483 ἀπὰσης
3275 2422 3480 2498 ἀρετῆς·
3521 2424 3698 2477 ἑαυτόν
3739 2421 3798 2478 δε
3845 2445 3945 2478 πα-

2350 2505 2614 2583 ράδειγμα
2661 2509 2773 2581 (59)
2823 2514 3210 2585 προεστήσατο,
3257 2521 3416 2565 ποιῶν
3449 2509 3829 2587 εὐπαρὰδεχτον
3858 2517 3945 2568 τὸν

2352 2597 2502 2668 λόγον
2516 2639 2528 2651 .

2431 2691 2530 2739 Καί
2561 2717 2627 2726 --
2655 2688 2812 2758 ὑμῶν.
2860 2687 2918 2742 Ὀ
2959 2689 3061 2764 γὰρ
3096 2692 3352 2757 ταπεινὸς,
3383 2693 3552 2744 πάντα
3584 2693 3686 2744 ὃσα
3722 2693 3949 2764 πάσχει,

2354 2779 2486 2826 κατά
2535 2775 2682 2845 λόγον
2722 2777 2952 2846 πάσχειν
3000 2772 3189 2842 δοκῶν,
3223 2777 3281 2828 οὗ
3322 2782 3663 2851 ταράσσεται.
3719 2784 3860 2841 Τίνες
3892 2777 3952 2833 δι

2355 2863 2666 2934 ἀνάπαυσιν,
2701 2867 2794 2922 τήν
2829 2863 3030 2916 αἰώνιον
3061 2865 3450 2938 ἑρμηνεύουσιν.

2424 3041 2482 3094 Ὀ
2535 3044 2635 3116 γὰρ
2687 3041 2846 3112 ζυγὸς
2898 3073 2964 3080 -
3019 3041 3230 3116 έλαφρόν
3276 3041 3408 3096 ἔστι.
3443 3046 3541 3096 Τὸν
3593 3047 3770 3117 ζυγὸν,
3827 3045 3953 3098 iaci-

2355 3130 2469 3182 λεσε
2499 3134 2587 3182 καὶ
2638 3133 2863 3204 φορτίον·
2924 3127 3052 3182 ἁλὶὰ
3101 3133 3256 3201 ζυγὸν
3313 3132 3422 3198 μεν,
3469 3127 3562 3184 διὰ
3623 3136 3718 3191 τὴν
3766 3133 3953 3207 ῥηθεῖ-

2361 3239 2454 3272 σαν
2486 3219 2677 3270 αἰτίαν“
2721 3223 2926 3293 φορτίον
2971 3214 3050 3284 δε,
3093 3214 3186 3271 διὰ
3241 3222 3300 3270 τὸ
3363 3217 3542 3294 βαρεῖν
3589 3224 3720 3294 πρὸς
3771 3227 3954 3298 καιρὸν

2357 3312 2472 3368 τοὺς
2539 3307 2920 3378 ἀγυμνάστους.
2977 3306 3114 3381 Ὀρα
3179 3303 3258 3376 δε,
3323 3317 3430 3369 πῶς
3484 3314 3574 3362 καὶ
3617 3309 3776 3382 ζυγὸν
3845 3309 3954 3367 εἶπε

2357 3401 2446 3448 καὶ
2489 3399 2726 3467 χτηστόν
2778 3394 3003 3460 έκά).εσε,
3060 3400 3150 3448 καὶ
3208 3402 3413 3470 φορτίον
3464 3399 3656 3471 εἴρηκε,
3714 3405 3803 3452 καὶ
3841 3398 3952 3454 έλα-

2359 3488 2481 3558 φρὸν
2538 3490 2978 3559 προσηγόρευσεν
3035 3484 3116 3536 ἱνα
3191 3490 3323 3558 μήτε
3373 3489 3437 3546 ὡς
3513 3487 3730 3540 εὐκολων
3795 3508 3951 3542 κατα-

2358 3579 2638 3646 φρονήσῃς,
2669 3578 2802 3646 μήτε
2849 3575 2916 3635 ὡς
2945 3571 3163 3626 έπιπονα
3207 3576 3392 3646 φύγῃς.
3453 3581 3608 3633 Ζήτει
3662 3573 3721 3629 δέ
3765 3577 3949 3640 καὶείς

2357 3666 2415 3715 τὸ
2459 3666 2688 3736 πέμπτον
2757 3660 3053 3734 κεφάλαιον,
3104 3666 3198 3721 τήν
3247 3662 3502 3734 ἐξήγησιν
3557 3672 3666 3731 τοῦ,
3726 3665 3838 3735 (60)
3881 3670 3946 3717 Τί

2360 3757 2509 3811 στενή
2538 3754 2567 3811 ἡ
2597 3751 2731 3810 πύλη
2763 3755 2852 3803 καὶ
2874 3750 3181 3823 τεθλιμμένη
3213 3753 3241 3809 ἠ
3270 3748 3390 3812 ὁδὸς
3415 3753 3446 3811 ἡ
3472 3751 3748 3824 ἀπάγουσα
3768 3750 3941 3814 εἰςτην

2358 3842 2516 3904 ζωήν.

2430 3931 2512 3983 Ἐν
2547 3959 2612 3970 -
2657 3933 2944 4004 σπορίμων.
2989 3959 3053 3970 -—
3091 3935 3213 3992 Τοῖς
3242 3928 3523 3996 Σάϐϐασιν,
3558 3929 3674 3983 ἇττὶ
3709 3937 3821 4001 τοῦ,
3865 3931 3948 3986 Ἐν

2356 4021 2526 4093 ἡμέρᾳ
2575 4017 2871 4088 Σαϐϐάτων,
2916 4021 3206 4086 τουτέστιν,
3247 4016 3296 4071 έν
3326 4016 3593 4091 Σαϐϐάτῳ
3628 4026 3862 4096 σπόριμα
3892 4017 3952 4075 δὶ

2354 4109 2506 4181 λέγει,
2538 4111 2603 4160 τὰ
2629 4103 2739 4180 γήδ
2745 4127 2817 4173 ια,
2848 4109 2912 4160 τὰ
2940 4107 3082 4165 λήῖα.

2429 4200 2495 4251 Οἱ
2538 4194 2597 4251 δὲ
2649 4198 2884 4270 μαθηταὶ
2938 4226 3008 4238 -
3047 4193 3256 4251 έσθίειν.
3312 4195 3371 4249 Ὀ
3429 4192 3490 4250 δι
3527 4199 3742 4272 Μάριος
3791 4195 3951 4257 εἶπεν.

2356 4290 2434 4342 ὅτι
2497 4292 2588 4340 καὶ
2646 4286 2899 4359 Ἤρξαντο
2965 4286 3014 4338 οἱ
3076 4287 3311 4358 μαθηταὶ
3379 4285 3538 4339 αὐτοῦ
3593 4282 3715 4340 ὁδὸν
3765 4295 3954 4356 ποιεῖν,

2356 4378 2606 4439 τίλλοντες
2651 4380 2768 4437 τοὺς
2805 4376 3060 4447 στάχνας.
3121 4374 3259 4428 Ἐπεὶ
3307 4377 3407 4450 γὰρ
3463 4379 3621 4448 μέσον
3680 4376 3795 4448 (61)
3851 4386 3957 4430 τῶν

596 4473 684 4526 tes
710 4467 1066 4534 transibant,
1100 4481 1222 4521 una
1265 4465 1461 4536 spicas
1499 4466 1836 4525 avellebant
1864 4475 1924 4524 ut
1955 4469 2244 4540 praegredi

2359 4471 2625 4540 σπορίμων
2673 4461 2981 4539 διήρχοντο,
3053 4463 3164 4536 ἅμα
3231 4465 3322 4536 μὲν
3379 4462 3613 4517 ἀνέσπων
3658 4469 3778 4528 τοὺς
3831 4470 3960 4520 στά-

595 4562 863 4628 possent,
887 4555 1170 4611 etavulsa
1188 4567 1377 4622 grana
1403 4555 1674 4623 edebant,
1697 4556 2092 4612 confricantes
2122 4572 2248 4613 ma-

595 4645 799 4716 nibus,
829 4644 979 4700 sicut
1015 4643 1160 4699 dixit
1185 4642 1369 4700 Lucas
1400 4645 1467 4713 5’,
1508 4645 1621 4701 hoc
1651 4652 1756 4711 est,
1786 4652 2035 4700 terentes
2060 4661 2073 4711 ;
2101 4660 2245 4702 nam

669 4823 714 4859 ⁶¹
743 4819 940 4880 Matth.
971 4837 1070 4888 vn,
1106 4821 1185 4878 l4.
1301 4825 1348 4860 ⁸²
1379 4825 1552 4881 Marc.
1581 4839 1639 4890 ιι,
1686 4823 1773 4877 23.

1891 4822 1938 4858 ⁸³
1969 4822 2107 4880 Luc.
2139 4839 2214 4892 v1,
2247 4825 2300 4880 1.

2355 4575 2516 4628 χυας,
2567 4556 2650 4607 ἱνα
2720 4552 3015 4626 προϐαίνειν
3069 4554 3257 4624 ἔχοιεν·
3310 4551 3420 4624 ἄμα
3473 4548 3532 4606 δὲ
3598 4555 3783 4613 ἤσθιον
3831 4559 3961 4620 τοὺς

2358 4644 2778 4717 ἀνασπωμένους,
2827 4642 3098 4715 ψώχοντες
3149 4647 3264 4704 ταῖς
3307 4645 3517 4714 χερσὶν,
3564 4643 3634 4707 ὡς
3685 4645 3712 4696 ὀ
3745 4649 3964 4710 Λουκᾶς

1794 5000 2019 5072 Variae
2063 5001 2393 5072 lectiones
2437 5012 2502 5069 et
2542 5009 2744 5071 notae.

667 5200 782 5271 (57)
814 5205 921 5266 καί,
955 5199 1221 5271 abest_A.

665 5265 775 5343 (58)
806 5265 1250 5344 Aceedentibus,
1272 5265 1617 5344 flentepius.
1643 5265 1811 5324 Forte
1834 5268 1992 5339 legit,
2027 5268 2243 5344 έπερχο-

590 5337 781 5416 μένοιέ.
819 5343 1070 5416 Rectius,
1103 5337 1566 5416 succedentibus.

662 5415 774 5487 (59)
802 5411 969 5477 Quod
989 5408 1216 5482 primus
1232 5409 1404 5466 talem
1420 5425 1480 5464 se
1499 5408 1576 5466 ad
1593 5411 1931 5484 exemplum
1950 5413 2240 5473 exhibuit.

662 5563 732 5636 (ρ)
766 5564 1078 5636 Prcetcrea.
1113 5563 1220 5616 etc.
1248 5557 1477 5636 Bursus
1509 5566 1706 5620 autem
1736 5562 2122 5623 humilitatem
2153 5565 2240 5624 eis

589 5632 918 5709 proposuit,
955 5632 1419 5689 commendant.

2353 5197 2536 5272 Igitur
2563 5200 2790 5272 προεστή
2801 5213 2948 5272 σατο,
2976 5207 3099 5250 non
3138 5197 3522 5272 παρεσιήσατο.

2422 5271 2535 5343 (60)
2568 5264 2713 5340 Ergo
2768 5267 2865 5323 hic
2906 5280 3152 5339 quoque
3181 5264 3584 5337 comprobant
3635 5264 3960 5326 lectionem

2348 5347 2414 5410 τί,
2451 5357 2560 5410 pro
2590 5343 2690 5393 ὅτι.

2419 5357 2728 5486 (ὣς)μίξῷ
2751 5408 2982 5466 videtur
3009 5406 3224 5479 legisse
3264 5405 3616 5466 Hentenius.

2421 5561 2490 5634 (Ῑ)
2523 5559 2996 5634 Humilitas,etc._
3032 5558 3278 5634 Humilis
3303 5557 3958 5634 enim(corde)pomnia,

2348 5631 2479 5709 quae
2511 5637 2741 5708 patitur,
2776 5632 3108 5690 secundum
3135 5631 3427 5689 rationem
3469 5631 3593 5703 pati
3627 5631 3959 5692 existimat.
