4176 6484
2794 42 2811 51 ί
2948 34 2953 37 λ
2988 8 3445 49 »..,-λννοί.εικ-ειιγιέάίτάτ⁶τν>τ
3512 8 3521 19 τ
3542 22 3545 23 ν
3582 16 3587 17 ⁷
3656 30 3669 31 ~
3686 5 3816 50 ,ᾖε

2274 76 2283 77 ,
2370 88 2413 93 ﬂ
2438 86 2445 89 γ
2466 86 2473 89 ς
2512 64 2563 89 μή
2584 82 2603 83 η
2646 46 2863 91 “is
2826 48 2855 67 3'
2870 54 3083 88 ῑ-ηίνὲλζ
3099 51 3308 88 ,ἴ-ὲιθῖθῑιζτ,
3327 47 3360 90 ὶις
3378 60 3403 71 κ
3420 47 3658 84 ῒτῑῒέεὲῒῖἳι
3671 51 3728 78 1'1'
3749 47 3782 62 ⁴¹
3798 51 3812 66 ⁴

222 467 325 528 365

1219 466 1574 527 COMMENT.
1617 465 1684 522 IN
1724 467 2159 528 MATTH/EUM.
2200 503 2268 512 —
2299 473 2455 530 CAP.
2488 473 2608 528 XX.

223 600 444 671 εἴρηκεν,
503 598 531 648 ὅ
579 595 709 667 ἕστι,
760 596 1040 672 τρίϐοντες.
1104 595 1344 649 Ἐπείνων
1386 595 1510 668 γὰρ,
1562 592 1647 644 οἵα
1692 592 1826 665 λιμῶ

1944 597 2300 661 esuriebant,
2322 601 2611 669 tanquam
2634 596 2792 653 tame
2808 597 3098 670 compulsi
3128 598 3242 654 hoc
3263 597 3546 655 facientes
3571 614 3584 652 :

225 690 522 759 μαχόμενοι
555 702 568 715 ’
604 684 816 760 βραχέα
843 689 934 758 μεν
971 687 1072 758 γὰρ
1104 693 1195 737 τοῦ
1225 691 1460 756 σώματος
1489 681 1785 757 ἕφρόντιζον
1811 704 1823 714 ·

223 778 281 826 τὸ
329 780 435 827 πᾶν
472 771 532 827 δὲ
571 782 632 846 τῇ
668 773 917 846 ἀκροάσει
946 779 1035 826 καὶ
1064 769 1381 847 προσεδρείᾳ
1427 772 1537 842 (6'2)
1584 779 1673 823 τοῦ
1723 779 1826 824 Σω-

224 870 380 937 τῆρος
410 865 603 934 ἔνεμον,
633 867 721 915 καὶ
753 859 847 915 διὰ
874 871 1026 916 τοῦτο
1053 861 1347 935 ἐλίμωττον.

287 953 356 1004 Οἱ
426 948 488 1003 δὲ
564 957 842 1024 Φαρισαῖοι
900 983 965 992 -
1030 950 1292 1021 Σαϐϐάτῳ.
1370 949 1429 1000 Ὀ
1502 944 1561 1001 δε

218 1059 376 1112 φησιν
439 1042 519 1092 ὅτι
573 1048 678 1101 τοῖς
731 1041 992 1112 μαθηταῖς
1047 1036 1190 1092 οὗτοι
1227 1037 1367 1090 εἶπον
1399 1054 1411 1067 ⁸
1452 1042 1515 1089 Τί
1571 1044 1761 1088 ποιεῖτε
1800 1038 1825 1088 ὅ

216 1131 304 1182 ούιι
360 1128 537 1190 ἔξεστι
589 1137 748 1180 ποιεῖν
823 1128 869 1179 ἐν
928 1137 1036 1190 τοῖς
1092 1126 1366 1193 Σάϐϐασι;
1431 1131 1529 1178 Καὶ
1580 1127 1677 1198 γὰρ
1735 1128 1824 1174 καὶ

1625 955 1826 1008 Λουκᾶς

217 1222 402 1287 τούτῳ,
469 1216 725 1278 κάκείνοις
779 1225 944 1268 ταῦτα
998 1213 1136 1269 εἶπον
1211 1217 1258 1267 οἱ
1327 1214 1663 1287 σμικρολόγοι
1736 1217 1824 1263 καὶ

219 1305 591 1378 μεμψίμοιροι.
646 1312 745 1360 Καὶ
798 1309 913 1378 περὶ
968 1304 1158 1357 ἐκείνου
1210 1308 1300 1375 μεν
1354 1306 1552 1377 εἴρηκεν
1605 1303 1629 1352 6
1685 1307 1823 1354 Ματ-

226 1398 354 1456 Θαῐος
385 1414 398 1426 ·
467 1399 591 1468 περὶ
644 1396 835 1446 τούτων
895 1390 953 1446 δε
1007 1396 1032 1444 6
1092 1399 1316 1452 Λουκᾶς.
1391 1396 1489 1444 Καὶ
1555 1388 1822 1459 πολλαχοῦ

231 1490 435 1536 τοιαῦτα
490 1481 740 1544 πολλάκις
803 1484 1056 1554 εὑρήσεις.
1109 1480 1440 1554 Ἐμέμψαντο
1507 1475 1566 1531 δι
1616 1482 1673 1530 τὸ
1722 1477 1824 1529 τί)-

220 1572 329 1643 λειν,
365 1574 434 1632 ὡς
467 1573 643 1644 ἔργον,
675 1570 734 1623 ού
765 1574 822 1623 τὸ
853 1568 1066 1626 ἐσθίειν.

275 1749 335 1802 Ὀ
402 1745 465 1802 δέ
525 1747 735 1811 Ἰησοῦς
790 1779 857 1789 -
915 1751 1132 1819 μονοις;
1186 1747 1267 1800 Ἐν
1320 1754 1382 1818 τῇ
1435 1750 1613 1820 πρώτη
1656 1742 1822 1816 βίϐλῳ

212 1847 305 1890 τῶν
366 1837 661 1890 Βασιλειῶν
730 1838 1006 1911 ἱστόρηται
1067 1837 1146 1888 ὅτι
1203 1831 1388 1904 Δαυὶδ,
1447 1833 1823 1894 ἐπιϐουλευθεὶς

212 1930 306 1979 ὑπὸ
362 1926 557 1993 Σαοὺλ,
611 1932 704 1978 τοῦ
747 1922 886 1978 ἰδίου
937 1927 1201 1996 πενθεροῦ,
1252 1929 1342 1975 καὶ
1396 1927 1592 1995 φεύγων
1644 1922 1819 1988 αύτὸν,
1854 1945 1896 1998 B

213 2016 476 2079 ἐπείνασε,
538 2019 627 2067 καὶ
681 2013 909 2067 ἀπελθὼν
939 2014 1010 2076 εἰς
1051 2015 1260 2086 Νομμὰ,
1307 2012 1452 2065 πόλιν
1505 2021 1604 2063 τῶν
1654 2013 1822 2083 ἱερέων

210 2113 296 2157 τοῦ
339 2111 511 2170 Θεοῦ,
562 2108 986 2180 προσεποιήσατο
1021 2105 1164 2177 παρὰ
1203 2101 1363 2154 Σαούλ
1411 2102 1520 2171 (63)
1570 2108 1661 2152 τού
1715 2098 1820 2171 βα-

215 2199 402 2255 σιλέως
453 2191 818 2251 ἀποσταλῆναι
860 2195 984 2264 πρὸς
1031 2197 1218 2265 χρείαν
1260 2193 1394 2260 τινὰ,
1435 2195 1525 2242 καὶ
1575 2188 1818 2249 ἐζήτησεν

211 2286 429 2355 ἄρτους,
512 2285 724 2354 καὶμὴ
786 2283 943 2356 εύρὼν
1023 2280 1205 2341 οὒλους
1261 2282 1397 2331 κατὰ
1473 2280 1558 2329 τὸν
1642 2281 1819 2350 καιρὸν

213 2373 430 2436 ἐκεῖνον,
490 2371 640 2424 ἔλαϐε
691 2372 835 2445 παρὰ
892 2379 982 2422 τοῦ
1042 2373 1227 2444 ἱερέως,
1302 2366 1395 2421 διὰ
1446 2374 1540 2426 τὴν
1594 2367 1822 2439 ἀνάγκην

214 2469 300 2514 τοῦ
376 2461 562 2532 λιμοῦ,
622 2462 741 2521 τοὺς
803 2468 896 2521 τῆς
956 2461 1266 2532 προθέσεως.
1321 2458 1378 2510 Ἠ
1441 2454 1497 2510 δὲ
1555 2459 1819 2529 πρόθεσις,

217 2552 457 2624 τράπεζα
501 2548 564 2607 ἧν
614 2554 762 2617 εντῷ
819 2555 944 2618 ναῷ,
1001 2546 1073 2619 ἐφ’
1133 2547 1193 2609 ἧς
1251 2549 1299 2598 οἱ
1325 2547 1475 2620 ἄρτοι
1512 2553 1602 2606 τῆς
1643 2548 1822 2607 θυσίας

218 2642 558 2710 προέκειντο”
613 2640 702 2688 καὶ
765 2635 934 2688 λαϐὼν
997 2639 1174 2707 ἑφαγεν
1239 2635 1394 2697 αύτός
1449 2641 1537 2687 καὶ
1598 2638 1662 2686 τὰ
1712 2634 1825 2706 μετ’

223 2727 380 2778 αὑτοῦ
410 2721 699 2797 παιδάρια.
731 2725 788 2776 Ἡ
825 2727 915 2797 μὲν
947 2721 1034 2777 οὖν
1067 2726 1273 2798 ἱστορία
1300 2726 1536 2781 τοιαύτη.

285 2820 358 2868 T6
410 2811 494 2880 δὲ,
557 2813 667 2866 Ούκ
720 2812 827 2876 ἰξὸν
880 2810 962 2881 ἦν,
1023 2811 1134 2865 ἀντὶ
1186 2821 1300 2882 τοῦ,
1358 2812 1433 2864 Ού
1485 2831 1825 2884 συγκεχωρη-

224 2909 367 2974 μένον
423 2900 486 2961 is
533 2905 678 2976 παρὰ
727 2909 819 2953 τοῦ
857 2906 1034 2974 νόμου.
1080 2905 1285 2959 Ταύτην
1345 2898 1402 2954 δὲ
1455 2906 1546 2958 την
1594 2903 1824 2974 ἱστορίαν

223 2992 535 3067 προεϐάλετο
588 2998 692 3050 τοῖς
740 2995 1043 3064 Φαρισαίοις
1089 2991 1115 3041 6
1169 2993 1410 3063 Χριστὸς,
1468 2992 1536 3050 εἰς
1604 3009 1824 3060 συνηγο-

219 3089 332 3156 ρίαν
380 3089 486 3134 τῶν
541 3082 787 3153 μαθητῶν
838 3079 1015 3147 αὐτοῦ,
1064 3077 1330 3143 δεικνύων,
1383 3082 1462 3130 ὅτι
1512 3085 1826 3150 συγγνώμης

223 3173 349 3224 εἰσὶν
390 3170 556 3238 οῖξιοι,
589 3167 680 3221 διὰ
718 3172 806 3220 τὸν
854 3168 1020 3240 λιμὸν,
1081 3165 1152 3220 δι’
1183 3168 1236 3220 ὃν
1275 3175 1364 3220 καὶ
1403 3167 1557 3229 αὐτὸς
1585 3170 1611 3218 6
1642 3172 1824 3241 mpm)-

219 3280 375 3327 νυμος
416 3253 592 3311 Δαυίδ
644 3256 793 3309 ἔλυσε
845 3261 930 3308 τὸν
977 3260 1128 3328 νόμον
1158 3265 1258 3308 τῶν
1287 3257 1454 3329 ἄρτων
1512 3265 1605 3317 τῆς
1636 3257 1824 3328 προθέ-
1857 3292 1898 3348 C

222 3367 364 3410 σιω,
428 3351 524 3398 καὶ
574 3345 632 3397 ού
688 3350 839 3417 μόνον
871 3346 964 3396 οὐκ
1021 3347 1304 3417 ἐπετιμήθη
1352 3348 1492 3419 παρὰ
1529 3352 1620 3395 τού
1677 3363 1826 3401 τηνι-

219 3447 389 3488 ιαντα
445 3434 848 3506 ἑφημερεύοντος
902 3435 1092 3508 ἱερέως,
1149 3433 1274 3485 ἀλλὰ
1319 3438 1408 3484 καὶ
1461 3432 1650 3504 μᾶλλον
1702 3431 1822 3506 παρ’

222 3527 380 3576 αὐτοῦ
399 3526 628 3584 τούτους
656 3521 852 3577 ἔλαϐεν.

285 3615 357 3666 Ἦ
415 3613 516 3664 οὐκ
571 3643 638 3652 —-
697 3611 865 3678 εἰσινς
923 3619 1153 3682 Σννεχῶς
1207 3610 1384 3672 αύτοίς
1439 3610 1551 3682 (64)
1611 3610 1829 3679 ἐπιλέγει

219 3708 295 3767 τὸ,
374 3701 491 3754 Οὐκ
575 3700 858 3771 ἁνίγνωτε;
939 3697 1205 3762 ὀνειδίζων
1283 3701 1483 3759 τούτοις
1546 3718 1830 3771 ματαιοπο-

219 3795 351 3858 νέαν,
386 3794 459 3852 ὡς
485 3793 556 3861 μή
611 3787 1068 3860 ἐπιγινώσκουσιν,
1104 3786 1138 3841 ἆ
1176 3787 1614 3859 ἀναγινώσκουσι.
1659 3795 1829 3860 Νόμος

219 3878 272 3932 δὲ
305 3878 395 3944 ἦν,
426 3877 668 3944 κελεύων,
714 3875 880 3951 μηδὲν
920 3881 1067 3952 ἔργον
1118 3877 1165 3928 ἐν
1210 3876 1456 3948 Σαϐϐάτῷ
1509 3884 1670 3930 ποιεῖν
1699 3899 1709 3910 ·
1741 3881 1829 3927 καὶ

214 3975 374 4040 νομος
444 3967 600 4019 πάλιν
672 3968 856 4040 ἕτερος,
938 3966 1220 4038 ἐπιτρέπων
1277 3974 1385 4029 τοῖς
1439 3969 1629 4038 ἱερευσι
1694 3967 1829 4017 θύειν

214 4058 259 4109 ἐν
289 4055 576 4126 Σαϐϐάτῷ,
623 4062 712 4108 καὶ
761 4052 855 4107 διὰ
888 4060 981 4113 τὴν
1016 4058 1201 4108 θυσίαν
1235 4055 1552 4121 ξυλοκοπεῖν,
1601 4061 1688 4108 καὶ
1727 4074 1827 4129 πυρ

215 4146 492 4214 ἀνάπτειν,
556 4151 645 4196 καὶ
698 4152 1014 4217 κρεανομείν,
1083 4149 1172 4196 καὶ
1231 4144 1359 4196 οῦιλα
1433 4148 1546 4196 τινα
1616 4151 1830 4195 τοιαῦτα

215 4243 413 4290 ποιεῖν,
491 4237 590 4285 Καὶ
642 4235 710 4294 ὡς
789 4236 878 4305 μεν
954 4233 1084 4293 ὅλως
1140 4232 1496 4306 ἐργαζόμενοι,
1559 4232 1829 4290 ἔϐεϐἡλουν

214 4329 268 4376 τὸ
329 4321 630 4390 Σάϐϐατον,
677 4324 865 4389 εῖτουν,
918 4320 1144 4393 ἐμίαινον
1176 4340 1186 4350 ·
1222 4325 1290 4383 ὡς
1343 4319 1402 4374 δὲ
1456 4324 1565 4396 ἱερὰ
1617 4320 1834 4394 ἐργαζο-

213 4433 388 4485 μενοι,
440 4410 667 4462 ἀναίτιοι
707 4408 860 4469 ἦσαν,
913 4414 1018 4467 Τὴν
1075 4409 1164 4482 μίν
1221 4406 1308 4462 οὖν
1357 4411 1492 4462 κατὰ
1538 4414 1624 4462 τὸν
1665 4406 1831 4463 Δαυίδ

217 4501 464 4574 ἱστορίαν
523 4500 738 4566 τέθεικε,
795 4503 1111 4571 συγγνώμης
1173 4503 1294 4561 τούς
1359 4500 1595 4570 μαθητὰς
1654 4498 1829 4568 ἀξιῶν,

214 4594 278 4651 ὡς
311 4593 654 4664 προέφημει·
683 4591 740 4640 τὸ
787 4584 845 4641 δὲ
897 4591 1061 4661 παρὸν
1274 4589 1419 4642 ὓαϐε
1470 4588 1830 4662 παράδειγμα,

1936 686 2231 758 siquidem
2262 687 2576 743 minimam
2607 686 2872 758 corporis
2900 702 3106 744 curam
3135 687 3442 756 gerebant,
3473 687 3581 743 sed

1935 775 2098 831 omni
2121 780 2390 847 tempore
2412 775 2621 831 auditu
2644 779 2702 831 et
2716 775 3067 832 assiduitate
3091 775 3415 832 Salvatoris
3436 775 3587 833 deti-

1935 863 2246 930 nebantur,
2280 869 2336 920 et
2365 864 2502 920 ideo
2532 863 2692 920 tame
2720 864 3167 936 premebantur.

2007 953 2165 1008 Vers.
2199 952 2252 1006 2.
2293 952 2579 1008 Phariswi
2597 959 2795 1009 autem
2825 983 2895 996 —
2918 953 3190 1009 Sabbato.
3228 955 3414 1010 Lucas
3446 969 3584 1011 vero

1933 1040 2036 1106 ait,
2058 1041 2222 1113 quod
2257 1042 2337 1096 ita
2366 1041 2642 1106 dixerint,
2667 1041 2974 1113 discipulis
3002 1058 3013 1094 :
3037 1042 3188 1109 Quid
3209 1043 3407 1111 facitis
3427 1044 3587 1113 quod

1932 1145 2046 1185 non
2077 1131 2208 1186 licet
2223 1131 2430 1199 facere
2450 1130 2727 1186 Sabbatis
2755 1132 2803 1165 “
2833 1131 2862 1186 7
2882 1129 3181 1202 siquidem
3206 1135 3264 1187 et
3280 1131 3506 1188 Christo
3531 1136 3587 1187 et

1933 1219 2240 1291 discipulis
2260 1218 2389 1275 haec
2407 1219 2704 1284 dixerunt,
2724 1220 2898 1275 anxie
2912 1219 3071 1276 circa
3099 1219 3398 1276 minutula
3413 1235 3587 1277 occu-

1932 1309 2073 1380 pati,
2107 1323 2177 1364 ac
2223 1309 2507 1379 carpendi
2557 1313 2893 1380 quaerentes
2944 1309 3328 1365 occasionem
3363 1325 3376 1363 :
3415 1314 3473 1366 et
3509 1309 3584 1365 de

1930 1396 2046 1453 hoc
2065 1397 2311 1468 quidem
2351 1396 2499 1452 dixit
2532 1397 2858 1463 Mattheus,
2881 1396 2956 1452 de
2995 1396 3108 1452 illis
3138 1403 3341 1453 autem
3371 1399 3581 1463 Lucas,

1931 1485 2193 1557 taliaque
2215 1485 2553 1557 frequenter
2574 1486 2858 1542 invenies.
2885 1485 3357 1556 lndignabantur
3384 1491 3585 1542 autem

1929 1573 2098 1647 quod
2127 1573 2425 1640 vellerent,
2458 1589 2528 1630 ac
2547 1573 2596 1630 si
2625 1589 2780 1647 opus
2804 1579 2980 1640 esset,
3011 1589 3135 1631 non
3157 1575 3314 1648 quod
3331 1575 3586 1631 mandu-

1931 1665 2157 1719 carent.

2002 1753 2161 1807 Vers.
2185 1751 2240 1805 3.
2291 1751 2454 1808 Iesus
2493 1756 2687 1808 autem
2725 1782 2794 1792 —
2823 1766 2881 1809 v.
2921 1751 2974 1806 4.
3018 1750 3177 1808 satis.
3239 1750 3437 1808 Primo
3481 1753 3586 1807 Re-

1929 1856 2072 1912 gum
2103 1841 2407 1896 volumine
2425 1841 2710 1911 scriptum
2731 1849 2822 1896 est
2847 1842 2916 1904 σδ,
2945 1839 3111 1912 quod
3143 1839 3330 1895 David
3355 1839 3584 1895 insidiis

1931 1928 2227 2000 appetitus
2259 1928 2395 1984 Saul
2428 1928 2617 1983 soceri
2644 1928 2755 1994 sui,
2787 1943 2857 1984 ac
2874 1927 3130 1997 fugiens,
3157 1927 3362 1983 esuriit
3388 1931 3479 1993 ;et
3499 1927 3585 1983 in-

1932 2031 2169 2087 gressus
2191 2016 2352 2072 Nobe
2372 2015 3073 2079 civitatemsacerdotum
3093 2016 3216 2081 Dei,
3238 2015 3408 2071 tinxit
3422 2016 3585 2088 quod

1932 2105 2200 2176 quadam
2230 2105 2582 2160 necessitate
2625 2105 2852 2160 missus
2887 2120 3016 2160 esse
3043 2121 3080 2161 a
3116 2119 3254 2176 rege
3285 2104 3447 2173 Saul,
3480 2121 3584 2177 pa-

1933 2209 2158 2266 nesque
2184 2194 2405 2267 petivit,
2439 2208 2696 2264 cumque
2723 2209 2868 2249 casu
2898 2193 3044 2251 alios
3073 2210 3196 2250 non
3236 2195 3582 2250 invenisset.

1932 2283 2160 2354 accepit
2184 2299 2221 2338 a
2251 2282 2558 2338 sacerdote
2603 2281 2760 2338 fame
2787 2283 3136 2355 compulsus
3165 2283 3583 2355 propositionis

1932 2387 2141 2444 panes.
2184 2371 2512 2444 Propositio
2559 2375 2762 2427 autem
2795 2371 2917 2436 illa,
2947 2375 3074 2428 erat
3101 2387 3335 2435 mensa,
3406 2386 3585 2442 super

1931 2478 2119 2535 quam
2151 2476 2338 2534 panes
2379 2461 2702 2518 oblationis
2726 2461 2784 2517 in
2815 2461 3036 2534 templo
3075 2461 3254 2533 positi
3279 2465 3449 2518 erant
3481 2480 3494 2530 ;
3529 2465 3587 2518 et

1933 2557 2202 2622 acceptos
2233 2550 2497 2606 comedit
2536 2550 2688 2622 ipse,
2722 2557 2775 2606 et
2802 2550 2971 2623 pueri
2995 2550 3100 2623 qui
3132 2566 3268 2607 cum
3294 2566 3364 2606 eo
3394 2554 3582 2607 erant.

1933 2641 2068 2696 Haec
2097 2640 2298 2712 itaque
2327 2642 2415 2695 est
2441 2638 2710 2696 historia.

2005 2817 2156 2875 lllud
2182 2823 2403 2883 autem,
2434 2817 2568 2874 Non
2603 2817 2834 2884 licebat,
2867 2818 2928 2874 id
2958 2823 3068 2883 est,
3091 2821 3218 2876 Non
3243 2822 3369 2876 erat
3397 2835 3434 2875 a
3459 2818 3586 2889 lege

1934 2923 2310 2965 concessum.
2327 2909 2491 2963 Hanc
2508 2923 2648 2963 vero
2663 2907 2977 2964 historiam
3003 2908 3264 2964 Christus
3285 2907 3588 2964 Phariszeis

1934 2997 2153 3069 objecit
2179 2996 2238 3052 in
2271 2997 2668 3069 patrocinium
2699 2995 3133 3068 discipulorum
3163 3012 3403 3052 suorum
3437 3017 3449 3056 :
3493 3012 3588 3053 os-

1935 3085 2184 3144 tendens
2222 3085 2389 3158 quod
2418 3085 2591 3141 venia
2621 3084 2787 3155 digni
2817 3091 3014 3141 essent
3065 3090 3308 3157 propter
3339 3085 3584 3151 famem,

1935 3178 2178 3246 propter
2227 3189 2414 3245 quam
2444 3173 2575 3244 ipse
2631 3187 2875 3244 quoque
2922 3173 3109 3229 David
3155 3173 3590 3230 {amatissimus

1937 3262 2113 3318 solvit
2142 3261 2335 3330 legem
2365 3276 2588 3332 panum
2619 3261 3050 3331 propositionis
3086 3278 3098 3315 :
3147 3276 3339 3333 neque
3393 3263 3589 3318 solum

1937 3355 2238 3422 correptus
2271 3365 2392 3405 non
2420 3355 2506 3403 est
2529 3367 2562 3403 a
2588 3351 2921 3416 sacerdote,
2974 3348 3077 3421 qui
3104 3351 3247 3403 tunc
3279 3355 3433 3405 sorte
3477 3365 3590 3407 sua

1938 3437 2334 3501 ministrabat,
2366 3438 2486 3492 imo
2519 3438 2716 3508 potius
2749 3438 2911 3508 ipsos
2945 3437 3022 3492 ab
3062 3435 3162 3492 illo
3193 3437 3442 3508 accepit.

2010 3617 2176 3671 Vers.
2216 3619 2266 3670 5.
2301 3615 2448 3670 Nam
2479 3644 2548 3655 —
2600 3620 2726 3669 sunt
2760 3614 2787 3670 τ
2820 3613 2967 3685 Ipsis
3016 3613 3356 3686 frequenter
3393 3631 3592 3672 recen-

1940 3703 2107 3759 sebat
2130 3721 2143 3759 :
2170 3703 2329 3759 Num
2365 3702 2579 3774 legistis
2600 3705 2628 3759 ?
2657 3701 3021 3775 exprobrans
3052 3703 3165 3759 illis
3187 3719 3408 3761 vanum
3434 3703 3593 3760 labo-

1938 3809 2085 3860 rem,
2115 3793 2304 3866 utqui
2346 3808 2471 3849 non
2497 3793 2891 3864 intelligerent
2919 3809 3051 3864 quas
3097 3792 3396 3866 legebant.
3444 3794 3593 3852 Nam

1937 3882 2029 3938 lex
2059 3887 2204 3950 erat,
2245 3899 2381 3955 quae
2437 3883 2824 3955 praecipiebat
2876 3882 3108 3939 nullum
3153 3899 3307 3956 opus
3343 3883 3468 3940 ﬁeri
3533 3885 3594 3939 in

1942 3971 2202 4029 Sabbato
2236 3991 2249 4040 ;
2278 3976 2333 4028 et
2371 3988 2577 4027 rursus
2609 3971 2793 4028 altera
2823 3971 2918 4028 lex
2949 3973 3297 4044 permittens
3321 3973 3596 4030 sacerdo-

1940 4060 2091 4117 tibus
2103 4061 2878 4125 utsacriﬁcarentSahbato,
2895 4065 2954 4116 et
2977 4067 3222 4134 propter
3234 4062 3597 4118 sacriﬁcium

1938 4148 2104 4219 ligna
2160 4151 2512 4214 scinderent,
2572 4151 2770 4219 ignem
2835 4151 3249 4213 accenderent,
3309 4151 3596 4208 animalia

1939 4244 2253 4310 pascerent
2279 4238 2374 4309 (g),
2409 4245 2465 4293 et
2496 4238 2612 4293 alia
2641 4238 2923 4308 quaedam
2965 4237 3182 4293 similia
3226 4238 3504 4294 facerent.
3534 4241 3600 4293 Et

1942 4330 2091 4380 certe
2106 4325 2354 4381 omnino
2373 4323 2798 4395 operabantur,
2813 4328 2870 4379 et
2884 4324 2964 4378 ita
2981 4323 3302 4380 Sabbatum
3324 4325 3598 4394 profana-

1940 4412 2089 4469 bant
2132 4412 2254 4467 sive
2281 4411 2794 4482 contaminabant,
2828 4411 2929 4466 sed
2957 4417 3243 4482 tanquam
3270 4426 3362 4466 res
3398 4426 3598 4466 sacras

1943 4505 2280 4575 operantes,
2319 4501 2444 4556 sine
2503 4499 2754 4556 crimine
2804 4505 2991 4556 erant.
3034 4498 3349 4556 Historiam
3396 4498 3599 4571 itaque

1944 4590 2133 4648 David
2157 4589 2381 4663 posuit,
2407 4586 2731 4660 discipulos
2753 4588 2926 4645 venia
2961 4589 3174 4660 dignos
3203 4587 3503 4660 judicans,
3537 4591 3602 4644 ut

217 4677 477 4732 δεικνύων
539 4676 593 4729 ἐκ
650 4681 975 4750 περιουσίας,
1035 4678 1115 4729 ὃτι
1165 4678 1419 4740 παντελῶς
1481 4680 1612 4732 εἰσιν
1688 4679 1829 4732 ἀναί-

1944 4679 2349 4753 ρτωάἱχίωιιε.
2391 4679 2654 4734 Praesens
2685 4681 2884 4734 autem
2917 4678 3174 4749 sumpsit
3231 4677 3598 4749 exemplum,

217 4789 349 4826 τιοι.

286 4864 397 4911 Καὶ
456 4858 558 4930 ὅρα
615 4855 715 4908 ἀπὸ
782 4860 958 4908 πόσων
1011 4863 1164 4908 τοῦτο
1222 4858 1620 4918 κατασκευάζει,
1686 4865 1834 4932 Πρῶ-

218 4968 298 5001 τον
351 4947 461 5000 ἀπὸ
520 4953 612 4998 τοῦ
666 4951 985 5019 προσώπουο
1051 4948 1116 4998 Οἱ
1166 4945 1310 5022 ἱερεῖς
1351 4950 1450 5022 γὰρ
1494 4953 1647 5019 φησίν
1682 4966 1693 4978 ο
1727 4957 1838 5001 εἶτα

289 5129 338 5163 ⁸⁸
369 5127 522 5183 Luc.
557 5139 639 5194 v1,
664 5128 715 5180 t.
794 5126 840 5160 °'
871 5125 893 5180 Ι
933 5126 1075 5196 Reg.
1114 5141 1234 5193 xxi,
1257 5126 1284 5181 1
1328 5141 1502 5198 seqq.

1945 4769 2190 4827 abunde
2211 4767 2534 4826 ostendens
2551 4769 2711 4840 quod
2733 4767 2980 4824 omnino
2998 4769 3125 4822 sine
3149 4767 3395 4823 crimine
3409 4771 3600 4822 erant.

2016 4862 2084 4915 Et
2112 4859 2248 4915 vide
2276 4874 2314 4915 a
2345 4861 2494 4930 quot
2523 4856 2798 4928 partibus
2829 4856 2944 4912 hoc
2989 4856 3450 4913 conﬁrmaverit.
3485 4855 3603 4911 Pri-

1946 4965 2115 5005 mum
2147 4963 2184 5005 a
2212 4963 2470 5020 persona
2495 4964 2507 5003 :
2529 4946 2882 5012 Sacerdotes,
2913 4945 3125 5020 inquit.
3161 4945 3382 5003 Deinde
3411 4961 3449 5002 a
3469 4944 3603 5005 loco

1452 5305 1678 5376 Variae
1717 5303 2043 5375 lectiones
2079 5314 2373 5374 etnotae.

450 5496 750 5574 προσεδρίᾳ
780 5500 851 5574 A.

449 5572 569 5638 τοῦ,
600 5572 795 5628 abest.
828 5573 896 5627 A.

298 5499 411 5646 ξε

2163 5503 2306 5575 λέγει
2325 5506 2390 5575 Α,

2044 5503 2108 5560 64
2163 5503 2300 5575 λέγει
2325 5506 2390 5557 Α.

2019 5503 2134 5647 ξϐὅζ
2171 5572 2441 5650 προέλαϐε,
2469 5587 2574 5647 pro
2601 5573 2763 5648 παρὸν
2791 5570 2939 5628 ἔλαϐε
2968 5573 3033 5630 Α.

297 5751 379 5823 (9)
406 5750 726 5809 Animalia
751 5757 1074 5821 poscerent.
1118 5750 1280 5819 Exta,
1314 5766 1553 5823 carnes,
1585 5753 1855 5810 secarent
1877 5755 1935 5808 et
1965 5749 2328 5814 dividerent.
