4176 6436
205 393 310 455 369

1146 391 1522 452 COMMENT.
1570 392 1640 448 IN
1680 387 2128 446 ΜΑἸἽἪᾸΞυΜ.
2172 418 2235 430 -
2280 389 2440 447 CAP.
2489 389 2640 448 XXI.

3453 391 3569 456 .370

277 525 473 596 Κύριος
502 555 565 565 -
598 522 892 597 ἀνθρώπου.
926 524 1084 578 Πάλιν
1128 526 1468 597 παρεμφαίνει
1497 525 1590 579 τὴν
1620 519 1805 572 ἐαυτοῦ

1992 515 2150 572 Vers.
2204 520 2235 572 8
2277 517 2566 574 Dominus
2596 547 2662 557 —
2696 516 2971 573 hominis.
3014 517 3274 576 Rursum
3304 519 3570 581 divinita-

210 615 448 669 θεότητα.
518 614 647 665 Ποτέ
701 615 790 685 μὲν
843 616 942 687 γὰρ
997 612 1276 672 συσκιάζει
1317 613 1510 668 ταύτην
1565 604 1660 660 διὰ
1718 611 1806 665 τὴν

209 700 550 774 ἀμϐλυίιπίαν
579 711 677 754 τῶν
709 702 1097 775 μεμψιμοίρων·
1144 705 1266 753 ποτε
1294 697 1352 752 δὲ
1383 703 1683 774 παρανοίγει
1717 693 1809 748 διὰ

208 794 296 848 τὴν
323 789 588 852 ὁξυωπίαν
631 799 729 842 τῶν
784 790 1186 865 ἐπιεικεστέρων.
1237 791 1419 862 Κύριος
1467 791 1590 862 γὰρ,
1627 790 1806 858 φησιν,

207 880 317 931 ἐστὶ
345 885 440 930 τοῦ
497 877 760 932 Σαϐϐάτου
813 879 1286 952 ὀένανθρωπήσας,
1330 881 1394 938 ὡς
1442 879 1664 937 ποιητὴς
1722 878 1810 926 καὶ

207 969 488 1040 νομοθέτης
560 968 740 1023 αὐτοῦ.
813 975 913 1022 Kal
976 969 1171 1034 λοιπὸν,
1223 971 1471 1042 παρόντος
1527 963 1650 1037 ἐμοῦ
1719 967 1811 1015 τοῦ

210 1062 428 1130 Κυρίου,
499 1060 588 1109 καὶ
646 1055 976 1130 ἀνεχομένου,
1047 1059 1216 1130 μάτην
1293 1056 1435 1128 ὑμεῖς
1491 1058 1606 1114 τοὺς
1659 1051 1812 1125 ἐμοὺς

207 1142 612 1210 καταδικάζετε.

273 1235 356 1288 Ἐν
421 1231 485 1288 δὲ
549 1242 623 1306 τῷ
678 1239 811 1289 κατὰ
860 1238 1072 1309 Μάρκον
1127 1233 1442 1307 Εὐαγγελίῳ,
1497 1237 1586 1285 καὶ
1640 1232 1811 1304 ἑτέραν

223 1323 496 1396 ἰιπολογίαν
562 1325 776 1399 εὕρηται
816 1324 975 1396 λέγων
1007 1327 1032 1376 ό
1089 1327 1336 1400 Χριστός,
1381 1325 1461 1376 ὅτι
1507 1325 1576 1375 Τό
1619 1322 1812 1374 Σάϐϐα-

219 1432 290 1464 res
347 1410 453 1465 διὰ
519 1416 605 1466 τὸν
677 1415 941 1486 ἄνθρωπον
1000 1414 1212 1484 ἐγένετο,
1291 1413 1395 1483 οὐχ
1445 1413 1472 1464 ὁ
1545 1412 1814 1484 ἄνθρωπος

211 1499 298 1553 διὰ
343 1504 403 1554 τὸ
463 1501 746 1570 Σάϐϐατον,
797 1506 1082 1571 τουτέστιν,
1118 1506 1146 1560 ἡ
1202 1510 1293 1555 τοῦ
1342 1499 1607 1554 Σαϐϐάτου
1658 1498 1815 1571 ἀργία

207 1588 276 1642 δι’
334 1590 586 1663 ὠφέλειαν
666 1599 756 1643 τοῦ
811 1591 1080 1664 ἀνθρώπου
1139 1593 1547 1662 νενομοθέτηται,
1597 1594 1688 1641 καὶ
1754 1587 1813 1640 ού

203 1683 258 1732 τό
301 1679 588 1734 ἀνάπαλιν.
642 1680 706 1733 Ἦ
758 1686 846 1732 καὶ
896 1681 1023 1733 αύτὸ
1075 1683 1132 1733 τό
1186 1677 1463 1745 Σάϐϐατόν,
1512 1682 1599 1731 καὶ
1631 1679 1813 1750 αἱπρό

201 1773 392 1823 τούτου
446 1772 641 1843 ἡμέραι
697 1775 884 1840 πᾶσαι,
958 1766 1033 1822 δι’
1099 1769 1336 1842 ὠφελειαν
1386 1776 1478 1822 τοῦ
1544 1766 1813 1840 ἀνθρώπου

198 1864 510 1930 γεγόνασιν.

265 1947 349 2001 0'3
389 1952 507 2021 χρὴ
552 1944 612 2002 δε
666 1949 970 2022 θαυμάζειν,
1023 1950 1067 2004 εἰ
1117 1953 1182 2002 τὰ
1350 1949 1499 2009 οὗτος
1529 1950 1554 2000 ό
1605 1947 1816 2019 εὐαγγε-

197 2037 393 2100 λιστης
447 2041 795 2112 προστίθησι,
845 2042 911 2092 τὰ
951 2035 1011 2092 δε
1047 2041 1237 2100 ίκεῐνος
1278 2037 1683 2111 παραλιμπάνει.
1719 2038 1815 2090 Καὶ

197 2130 299 2202 γὰρ
361 2128 472 2198 οὐχ
513 2127 623 2198 ἅμα
684 2135 755 2198 τῷ
813 2127 974 2200 λέγειν
1029 2131 1117 2181 τὸν
1168 2132 1416 2201 Χριστὸν,
1476 2127 1696 2199 ἔγραφον
1749 2126 1815 2178 τὰ

197 2216 528 2288 Biar/alta,
556 2219 639 2268 ἵνα
659 2222 750 2269 καὶ
766 2219 969 2269 πάντων
995 2218 1125 2288 ὁμοῦ
1151 2225 1248 2268 των
1280 2217 1440 2268 αὑτοῦ
1464 2215 1627 2286 λόγων
1649 2213 1815 2287 ἀπομ-

201 2325 256 2361 νη
263 2307 506 2376 μονεύειν
529 2308 718 2376 ἔχοιεν
755 2304 880 2358 ἀλλὰ
905 2309 1034 2378 μετὰ
1054 2306 1272 2367 πολλοὺς
1289 2306 1501 2378 ὕστερον
1527 2303 1810 2366 ἐνιαυτούς.

207 2399 303 2447 Καὶ
336 2393 500 2458 εἰκός,
533 2393 835 2470 ἀνθρώπους
865 2399 1013 2457 ὄντας
1045 2395 1252 2459 αὐτοὺς,
1281 2393 1616 2447 ἐπιλαθέσθαι
1641 2401 1811 2446 τινῶν.

209 2487 310 2536 Καὶ
342 2487 542 2540 ταύτην
573 2485 664 2554 ἔχε
694 2488 787 2542 τὴν
816 2483 964 2536 λύσιν
995 2482 1076 2536 ἐπὶ
1105 2484 1206 2536 τῶν
1231 2485 1477 2535 τοιούτων
1503 2483 1816 2554 προσθηκῶν

209 2591 262 2624 τε
310 2576 408 2623 καὶ
434 2571 818 2646 παραλειψεων.
864 2571 1116 2634 Πολλάκις
1174 2569 1234 2626 δε
1279 2576 1369 2625 καὶ
1407 2567 1499 2624 διὰ
1541 2575 1817 2644 συντομίαν

215 2663 332 2712 τινοξ
390 2678 529 2722 τινες
604 2660 1010 2735 παρελίμπανον·
1065 2663 1174 2714 ἔστι
1235 2657 1286 2714 δ’
1333 2663 1415 2713 ὅτε
1471 2665 1559 2713 καὶ
1616 2663 1679 2722 ὡς
1727 2659 1819 2712 οὐκ

217 2748 502 2820 ἀναγκαῖα.

292 2844 396 2891 Καὶ
455 2869 516 2878 -—
551 2845 737 2894 αῡτῶν.
786 2839 844 2892 Ὁ
893 2835 953 2892 δὲ
1007 2840 1214 2916 Μάρκος
1270 2835 1424 2904 εἶπεν,
1461 2840 1541 2891 ὅτι
1579 2843 1667 2891 καὶ
1713 2837 1819 2890 εἱσ-

219 2926 343 2985 ἦλθε
397 2927 555 2980 πάλιν
599 2927 666 2989 εἰς
715 2932 806 2986 τὴν
839 2933 1147 3001 συναγωγὴν
1199 2928 1385 2980 αὐτῶν.
1413 2927 1472 2980 Ὀ
1517 2924 1576 2979 δε
1617 2930 1821 2986 Λουκᾶς

219 3023 570 3090 φανερώτερον
619 3020 837 3090 εἴρηκεν,
895 3019 973 3070 ὅτι
1028 3017 1253 3090 Ἐγένετο
1308 3014 1367 3070 δε
1427 3022 1515 3069 καὶ
1562 3015 1610 3070 ἄν
1667 3015 1822 3087 ἑτέρῳ

217 3103 492 3176 Σαϐϐάτῳ,
552 3103 796 3158 εἰσελθεῖν
871 3106 1025 3159 αὐτόν
1108 3106 1180 3169 εἰς
1233 3109 1327 3164 την
1384 3108 1689 3177 συναγωγήν
1733 3108 1822 3157 καὶ

218 3191 528 3247 διδάσκειν.

323 3326 483 3376 ΚΕΦ.
523 3319 652 3376 KA'.
688 3325 814 3392 Περὶ
843 3328 934 3373 τοῦ
960 3320 1120 3394 ξηρὰν
1151 3324 1364 3394 ἔχοντος
1392 3326 1484 3380 τὴν
1514 3327 1691 3394 χεῖρα.

287 3449 393 3498 Καὶ
451 3440 570 3497 ἰδού
603 3475 668 3485 -
701 3443 882 3520 ξηράν.
913 3443 971 3499 Ὀ
1001 3441 1060 3498 δε
1106 3450 1312 3507 Λουκᾶς
1367 3443 1496 3513 εἶπε,
1536 3450 1622 3496 καὶ
1671 3447 1823 3496 ποίαν

214 3542 406 3609 χοῖροι,
458 3531 686 3606 γράψας,
738 3534 817 3585 ὅτι
867 3538 967 3586 Καὶ
1042 3536 1071 3592 ἡ
1116 3537 1239 3608 χεὶρ
1289 3533 1447 3585 αὐτοῦ
1502 3534 1530 3590 ἠ
1579 3529 1727 3594 δεξιὰ
1763 3528 1823 3590 ἦν

216 3623 373 3694 ξηρά.

291 3715 394 3765 Καὶ
432 3742 500 3749 -
532 3711 711 3766 αὐτοῦ.
757 3710 1168 3781 ’1⁸ποπτεύοντες,
1201 3711 1281 3764 ὃτι
1318 3709 1470 3764 πάλιν
1501 3709 1548 3762 ἐν
1578 3707 1825 3781 Σαϐϐάτῳ

220 3803 535 3876 θεραπεύσει
605 3802 767 3870 τινὰς,
854 3799 1440 3875 προκαταλαμϐάνουσιν
1530 3799 1684 3852 αὐτόν
1760 3806 1821 3872 τῇ

215 3890 388 3963 ἐρωτή
402 3908 504 3956 σει,
539 3889 620 3941 ἵνα
643 3888 1024 3962 ἀποκριθέντος,
1043 3891 1119 3942 ὅτι
1137 3890 1318 3954 ἔξεστι,
1345 3887 1570 3942 λάϐωσιν
1589 3891 1824 3964 ἀφορμὴν

213 3984 307 4031 καὶ
365 3983 812 4053 κατηγορήσωσιν
887 3978 1046 4031 αὐτοῦ
1117 3978 1312 4045 λοιπὸν,
1367 3980 1431 4040 ὡς
1499 3982 1821 4051 παρανόμου,

212 4075 308 4121 καὶ
363 4067 670 4120 κωλύσωσιν
700 4067 835 4120 οὕτω
865 4071 958 4126 τὴν
990 4069 1280 4141 θεραπείαν,
1313 4072 1402 4119 καὶ
1449 4070 1570 4129 τοὺς
1601 4066 1701 4120 ἀπὸ
1732 4074 1826 4129 τῆς

215 4160 502 4230 θεραπείας
528 4160 788 4210 πιστεύειν
817 4156 1110 4229 μελλοντας.
1141 4155 1386 4231 Ἠροῦντο
1414 4157 1528 4227 (72)
1557 4158 1658 4228 γὰρ
1686 4157 1826 4228 φθεί-

209 4249 411 4321 ρεσθαι
443 4252 555 4306 ταῖς
600 4251 768 4306 νόσοις
813 4249 930 4307 τοὺς
971 4245 1276 4318 ὁμοφύλους,
1325 4248 1354 4304 ἦ
1391 4241 1709 4306 δοξάζεσθαι
1741 4247 1827 4297 τὸν

212 4339 482 4411 Χριστόν,

282 4426 350 4477 Ὀ
381 4420 440 4476 δε
473 4454 540 4462 -
568 4420 726 4497 ἔγερεί
752 4439 765 4490 ;
791 4428 945 4497 Ὅρα,
981 4431 1085 4484 πῶς
1111 4422 1227 4495 (73)
1257 4421 1614 4495 συλλογίζεται
1645 4421 1830 4482 αὐτοὺς

216 4513 315 4568 διὰ
374 4520 468 4565 τοῦ
520 4509 946 4584 παραδείγματος
1006 4514 1193 4564 τούτου
1248 4515 1338 4563 καὶ
1398 4507 1637 4564 δείκνυσι
1693 4511 1829 4583 φιλο-

215 4604 547 4679 χρημάτους
591 4600 798 4672 μᾶλλον,
834 4601 863 4660 ἢ
918 4599 1327 4674 φιλανθρώπους,
1375 4604 1464 4651 καὶ
1514 4608 1711 4656 κτηνῶν
1741 4602 1830 4672 μὲν

219 4690 586 4764 φειδομένους,
622 4689 918 4763 ἀνθρώπους
972 4685 1030 4741 δὲ
1060 4689 1154 4740 ούκ
1207 4687 1482 4748 ἐλεοῦντας.
1537 4693 1830 4762 Παρατήρει

221 4779 281 4834 δε
316 4785 432 4843 καὶ,
467 4787 578 4839 πῶς
621 4778 799 4831 mm
833 4781 922 4850 μὲν
953 4777 1104 4837 οἰλλας
1145 4775 1426 4847 ἀπολογίας
1470 4784 1689 4828 ποιεῖται
1719 4781 1834 4850 περὶ

221 4880 310 4931 τῆς
342 4875 440 4920 τοῦ
475 4865 742 4920 Σαϐϐάτου
797 4866 1010 4927 λύσεως·
1045 4869 1221 4927 πάσας
1251 4861 1310 4918 δὲ
1353 4864 1698 4926 καταλλὴλους
1728 4873 1837 4928 τοῖς

224 4961 565 5032 πράγμασιν,
621 4957 702 5008 ἵνα
731 4960 819 5009 καὶ
848 4959 934 5008 τόν
964 4961 1116 5028 νόμον
1148 4953 1366 5026 εὐλόγως
1396 4953 1694 5027 ἀναπαύσῃ,
1745 4959 1835 5008 καὶ

227 5053 295 5118 μή
336 5045 517 5118 πλήξῃ
543 5048 664 5105 τοὺς
690 5041 999 5106 Ἰουδαίους.

300 5199 348 5234 ⁸⁷
379 5196 559 5253 Marc.
593 5209 654 5260 ιι,
687 5197 777 5251 27.

855 5195 902 5232 ⁸⁸
930 5194 1106 5252 Marc.
1142 5209 1220 5260 ix,
1251 5198 1302 5250 6.
1381 5194 1426 5229 ⁶⁹
1460 5193 1573 5248 Luc
1604 5209 1678 5257 γι,
1703 5197 1756 5250 6.

1914 608 2035 660 tem
2054 620 2228 661 suam
2256 605 2840 664 ostendit.lnterdum
2865 607 3162 679 siquidem
3184 607 3342 665 hanc
3358 610 3572 670 obum-

1915 695 2048 751 brat
2087 699 2330 767 propter
2370 695 2656 752 obtusum
2695 701 3009 768 aspectum
3045 698 3130 769 (It)
3173 701 3571 771 quaerentium

1917 783 2201 855 carpendi
2240 800 2452 840 ansam
2495 800 2507 839 ε
2540 784 2904 858 quandoque
2949 801 3090 843 vero
3123 787 3463 848 manifestat
3491 789 3572 847 ob

1918 877 2153 928 acutum
2210 873 2408 929 visum
2466 874 2915 931 modestiorum.
2984 875 3275 933 Dominus
3329 885 3438 944 est,
3490 879 3575 935 in-

1917 961 2062 1032 quit,
2109 961 2353 1019 Sabbati
2392 963 2495 1034 qui
2550 962 2894 1020 incarnatus
2941 969 3029 1020 est
3081 968 3281 1036 utpote
3332 966 3574 1024 eﬁ‘ector

1919 1065 1989 1105 ac
2018 1049 2317 1119 legislator
2347 1053 2475 1122 ejus
2506 1068 2518 1107 :
2553 1051 2753 1124 itaque
2779 1068 2874 1109 me
2896 1053 3149 1109 Domino
3177 1060 3470 1126 praesente
3495 1071 3564 1114 ac

1921 1139 2222 1206 tolerante,
2256 1155 2363 1196 vos
2382 1139 2597 1197 frustra
2624 1156 2790 1197 meos
2821 1141 3290 1200 condemnastis.

1997 1233 2050 1282 In
2097 1229 2412 1301 Evangelio
2433 1234 2634 1288 autem
2649 1231 2824 1301 juxta
2844 1233 3102 1289 Marcum
3129 1233 3308 1291 aliam
3330 1248 3575 1309 quoque

1920 1317 2182 1374 invenire
2235 1323 2322 1374 est
2386 1319 2860 1392 responsionem,
2924 1320 3027 1377 ubi
3087 1321 3168 1379 ait
3239 1323 3504 1380 Christus
3557 1342 3571 1382 :

1920 1406 2239 1464 Sabbatum
2256 1413 2502 1479 propter
2540 1409 2824 1465 hominem
2845 1410 3072 1480 factum
3112 1415 3214 1478 est,
3251 1427 3368 1469 non
3399 1413 3572 1470 homo

1919 1503 2162 1566 propter
2179 1496 2498 1554 Sabbatum
2522 1499 2590 1563 ⁸⁷,
2610 1498 2723 1554 hoc
2745 1503 2852 1565 est,
2880 1498 3126 1558 Sabbati
3149 1501 3340 1559 otium
3363 1503 3442 1558 ad
3468 1503 3574 1560 ho-

1923 1585 2100 1641 minis
2122 1585 2430 1642 utilitatem
2454 1590 2741 1644 statutum
2772 1592 2880 1653 est,
2910 1593 2966 1644 et
2983 1605 3102 1645 non
3124 1607 3152 1645 e
3178 1591 3433 1649 diverso.
3464 1594 3578 1649 Aut

1925 1676 2103 1730 etiam
2119 1675 2444 1732 Sabbatum
2471 1675 2692 1747 ipsum,
2718 1677 3033 1750 cunctique
3056 1678 3183 1734 dies
3202 1679 3344 1737 illud
3361 1696 3578 1754 prisce-

1925 1764 2150 1828 dentes,
2184 1763 2257 1822 ad
2282 1765 2541 1822 hominis
2570 1765 2880 1823 utilitatem
2913 1766 3049 1824 facti
3073 1772 3228 1824 sunt.

1994 1943 2120 1998 Non
2152 1943 2351 1996 autem
2401 1939 2828 1998 admirandum
2877 1947 2988 2009 est,
3022 1943 3072 2000 si
3102 1946 3383 2018 quaedam
3424 1965 3580 2009 unus

1923 2029 2288 2100 evangelista
2321 2029 2620 2102 proponit,
2663 2031 2816 2087 alius
2850 2048 2986 2089 vero
3027 2039 3435 2105 praetermittit.
3470 2043 3580 2099 Ne-

1922 2135 2036 2193 que
2057 2119 2216 2175 enim
2248 2119 2445 2185 simul,
2476 2124 2537 2174 ut
2557 2118 2823 2176 Christus
2849 2121 3232 2196 loquebatur,
3257 2130 3580 2201 Evangelia

1924 2208 2303 2282 scripserunt,
2364 2211 2429 2264 ut
2487 2208 2753 2266 omnium
2815 2212 2996 2268 etiam
3047 2213 3372 2273 verborum
3421 2217 3579 2276 illius

1925 2302 2167 2371 possent
2195 2297 2560 2363 meminisse,
2608 2313 2704 2354 sec
2736 2299 2940 2356 multis
2973 2302 3349 2374 postmodum
3384 2307 3579 2374 annis,

1924 2392 1978 2444 et
2006 2387 2086 2443 ita
2107 2385 2426 2442 verisimile
2451 2390 2561 2453 est,
2595 2401 2734 2444 cum
2760 2387 3033 2446 homines
3053 2396 3272 2458 essent,
3295 2409 3584 2466 quorum-

1926 2477 2067 2532 dam
2087 2474 2497 2532 oblitosfuisse
2520 2492 2533 2530 :
2557 2475 2715 2532 hanc
2728 2492 2868 2549 ergo
2887 2494 2955 2534 ac
2973 2479 3191 2538 similia
3208 2481 3582 2542 additamen-

1925 2570 1981 2621 ta
2015 2563 2651 2636 autprastermissiones
2675 2565 2897 2624 habeto
2937 2568 3314 2627 solutionem.
3357 2573 3586 2647 Saepius

1926 2669 2162 2726 quoque
2176 2653 2481 2709 brevitatis
2497 2669 2682 2711 causa
2697 2655 2975 2728 quaedam
2991 2657 3175 2732 aliqui
3192 2660 3582 2734 reliquerunt:

1927 2743 2225 2799 interdum
2255 2743 2433 2800 etiam
2465 2747 2747 2817 tanquam
2771 2761 2894 2802 non
2924 2749 3292 2808 necessaria.

1999 2833 2166 2890 Vers.
2215 2839 2266 2890 9.
2299 2834 2377 2891 Et
2410 2836 2758 2892 —iltorum.
2807 2839 3034 2894 Marcus
3073 2844 3276 2898 autem
3331 2841 3482 2900 dixit
3509 2845 3582 2914 °',

1929 2923 2093 2995 quod
2113 2939 2352 2980 rursum
2378 2923 2676 2995 ingressus
2697 2929 2786 2982 est
2810 2943 3206 3000 synagogam.
3235 2931 3428 2988 Lucas
3445 2949 3587 2992 vero

1931 3011 2305 3069 manifestius
2330 3013 2564 3070 locutus
2593 3018 2700 3081 est,
2731 3014 2938 3072 dicens
2966 3033 2979 3073 :
3003 3018 3255 3077 Factum
3285 3027 3370 3078 est
3394 3029 3587 3082 autem

1933 3107 1996 3157 ut
2012 3103 2196 3158 altero
2215 3117 2434 3174 quoque
2453 3103 2708 3160 Sabbato
2728 3103 3142 3176 ingrederetur
3161 3125 3517 3183 synagogam
3530 3119 3586 3171 et

1862 3207 1902 3264 α
1933 3189 2148 3246 doceret
2169 3191 2236 3245 ‘9.

2005 3313 2154 3370 CAP.
2186 3313 2323 3369 XXI.
2358 3313 2442 3370 De
2473 3328 2536 3371 eo
2575 3315 2680 3386 qui
2704 3329 2948 3373 manum
2982 3317 3227 3376 habebat
3257 3321 3514 3380 aridam.

2003 3439 2160 3495 Vers.
2195 3439 2280 3494 to.
2321 3439 2397 3495 Et
2433 3454 2556 3496 ecce
2585 3469 2655 3480 —-
2679 3440 2937 3498 aridam.
2965 3443 3155 3500 Lucas
3195 3447 3389 3501 autem
3439 3445 3590 3506 dixit

1935 3528 2113 3585 etiam
2127 3531 2257 3584 utra
2269 3543 2484 3585 manus
2501 3532 2560 3584 at
2577 3527 2769 3595 fuerit,
2787 3545 2925 3588 cum
2953 3531 3264 3591 scriberet:
3286 3534 3363 3592 Et
3376 3550 3590 3595 manus

1934 3619 2056 3689 ejus
2086 3617 2333 3675 dextera
2371 3624 2512 3674 erat
2535 3618 2713 3675 arida
2738 3620 2808 3676 ⁷ο.

2002 3707 2175 3764 Et—
2212 3722 2364 3764 eum.
2420 3707 2802 3780 Suspicantes
2839 3711 3007 3784 quod
3062 3726 3271 3770 rursus
3318 3713 3594 3774 Sabbatis

1933 3798 2232 3871 quosdam
2245 3799 2560 3854 curaturus
2572 3802 2748 3866 esset,
2761 3798 3224 3872 interrogatione
3236 3817 3374 3861 eum
3389 3805 3596 3863 antici-

1936 3891 2074 3960 pant
2108 3892 2170 3944 ut
2201 3903 2213 3941 :
2243 3903 2378 3944 cum
2409 3888 2820 3960 respondisset
2847 3889 3070 3950 licitum
3111 3908 3261 3963 esse,
3295 3900 3594 3954 sumerent

1934 3977 2309 4034 occasionem
2342 3975 2512 4032 illum
2545 3977 2674 4048 jam
2713 3980 3040 4037 accusandi
3085 3988 3375 4056 tanquam
3407 3988 3596 4044 trans-

1935 4080 2272 4136 gressorem
2304 4083 2317 4120 :
2348 4069 2404 4121 et
2433 4067 2515 4124 ita
2541 4067 2942 4140 prohiberent,
2962 4075 3019 4125 et
3041 4070 3209 4128 illum
3241 4089 3310 4129 ne
3339 4080 3595 4149 curaret,

1935 4160 1992 4210 et
2015 4154 2158 4211 alios
2178 4155 2282 4227 qui
2302 4161 2544 4226 propter
2575 4157 2857 4212 sanitates
2886 4156 3452 4218 fuissentcredituri.
3477 4164 3595 4222 Ma-

1933 4243 2133 4300 lebant
2157 4244 2317 4299 enim
2343 4259 2465 4299 suae
2492 4244 2682 4314 gentis
2699 4243 2975 4302 homines
3007 4248 3232 4303 morbis
3264 4253 3590 4324 corrumpi,

1936 4346 2119 4404 quam
2139 4330 2434 4386 Christum
2462 4331 2799 4403 gloriﬁcari.

2010 4420 2172 4476 Vers.
2217 4423 2299 4474 tt.
2332 4418 2443 4476 [tte
2479 4425 2666 4477 autem
2710 4451 2782 4462 —
2819 4420 2996 4493 eriget
3027 4421 3056 4478 ‘t
3084 4423 3239 4491 Vide,
3283 4427 3594 4498 quomodo

1939 4507 2069 4564 illos
2105 4507 2222 4564 hoc
2269 4508 2540 4580 exemplo
2580 4509 2954 4578 concluserit,
2999 4513 3322 4572 ostendens
3359 4531 3596 4589 posses-

1941 4597 2180 4654 sionum
2209 4597 2408 4670 potius
2433 4603 2732 4656 amatores
2767 4615 2898 4657 esse
2928 4616 3116 4674 quam
3143 4603 3458 4664 hominum
3491 4623 3505 4664 :
3540 4612 3598 4667 et

1941 4686 2107 4761 quod
2127 4687 2407 4758 jumentis
2424 4693 2745 4760 parcentes,
2772 4690 3088 4749 hominum
3111 4710 3227 4751 non
3249 4695 3600 4756 misereren-

1942 4781 2058 4832 tur.
2088 4777 2349 4833 Osberva
2388 4778 2563 4834 etiam
2589 4794 2710 4850 quo
2732 4783 2907 4852 pacto
2933 4781 3200 4840 diversas
3228 4786 3405 4842 variis
3429 4787 3491 4843 in
3515 4787 3599 4845 lo-

1945 4865 2027 4921 cis
2075 4865 2304 4922 dederit
2340 4865 2415 4922 de
2463 4867 2707 4926 Sabbati
2752 4869 3047 4928 solutione
3089 4873 3366 4943 rationes,
3421 4881 3601 4949 prout

1944 4969 2040 5010 res
2072 4954 2404 5026 expetebat,
2436 4959 2499 5012 ut
2523 4957 2956 5018 rationabiliter
2972 4959 3169 5033 legem
3194 4964 3458 5033 solveret,
3488 4981 3598 5026 nec

1945 5046 2149 5101 tamen
2165 5044 2192 5098 J
2201 5043 2404 5104 udaeos
2430 5047 2814 5119 perturbaret.

1835 5194 1884 5230 τυ
1909 5192 2058 5250 ibid.

1446 5314 1673 5383 Variae
1711 5314 2037 5384 lectiones
2069 5327 2133 5385 et
2163 5325 2366 5386 notae.

326 5467 392 5516 72
445 5463 484 5518 i.
514 5477 569 5517 e.
606 5467 947 5536 ποοῃροῡντο,
982 5456 1322 5530 intelligitur
1348 5457 1501 5515 enim
1528 5458 1738 5532 μᾶλλον.

301 5463 416 5606 ξ73ζ
460 5513 826 5606 συλλοᾷίζεται
848 5537 937 5584 καὶ
974 5527 1235 5584 δείκνυσιν
1261 5529 1450 5592 αύτούς
1479 5531 1738 5606 φιλοχρηρ

460 5527 826 5606 συλλοᾴίζεται
848 5537 937 5584 καὶ
974 5527 1235 5584 δείκνυοῖιν
1261 5529 1450 5592 αύτούς
1479 5527 1818 5606 φιλοχρημάτ

1954 5530 2140 5587 intell.
2183 5530 2352 5594 ὂντας.
2385 5534 2470 5592 Ila
2510 5536 2782 5598 cohaeret.

307 5661 394 5730 (h)
425 5659 711 5717 Obtusum
737 5663 1048 5730 aspectum.
1072 5655 1318 5715 Hebetes
1350 5657 1576 5727 oculos,
1604 5657 1789 5714 hebes
1818 5656 2154 5730 ingenium.
