  <div class='ocr_page' id='page_1' title='image "/cluster/home/n/w/nwhite01/storage/ocr_20150623/129/hvd.32044019208511/210.png"; bbox 0 0 4176 6436; ppageno 0'>
   <div class='ocr_carea' id='block_1_1' title="bbox 227 391 342 450">
    <p class='ocr_par' dir='ltr' id='par_1_1' title="bbox 227 391 342 450">
     <span class='ocr_line' id='line_1_1' title="bbox 227 391 342 450; baseline -0.009 0"><span class='ocrx_word' id='word_1_1' title='bbox 227 391 342 450; x_wconf 87' lang='lat'><strong>373</strong></span> 
     </span>
    </p>
   </div>
   <div class='ocr_carea' id='block_1_2' title="bbox 231 517 1911 593">
    <p class='ocr_par' dir='ltr' id='par_1_2' title="bbox 231 517 1911 593">
     <span class='ocr_line' id='line_1_2' title="bbox 231 517 1911 593; baseline 0.002 -25"><span class='ocrx_word' id='word_1_2' title='bbox 231 517 352 578; x_wconf 69' lang='grc' dir='ltr'>ταῖς</span> <span class='ocrx_word' id='word_1_3' title='bbox 382 521 592 588; x_wconf 78' lang='grc' dir='ltr'><strong>μανίαις</strong></span> <span class='ocrx_word' id='word_1_4' title='bbox 613 517 801 576; x_wconf 78' lang='grc' dir='ltr'>αὐτῶν.</span> <span class='ocrx_word' id='word_1_5' title='bbox 830 518 973 593; x_wconf 83' lang='grc' dir='ltr'>Ἀμα</span> <span class='ocrx_word' id='word_1_6' title='bbox 993 517 1052 574; x_wconf 66' lang='grc' dir='ltr'><strong>δε</strong></span> <span class='ocrx_word' id='word_1_7' title='bbox 1078 525 1183 584; x_wconf 83' lang='grc' dir='ltr'>καὶ,</span> <span class='ocrx_word' id='word_1_8' title='bbox 1225 524 1368 574; x_wconf 78' lang='grc' dir='ltr'>οὔπω</span> <span class='ocrx_word' id='word_1_9' title='bbox 1393 520 1629 579; x_wconf 73' lang='grc' dir='ltr'>ἕληλυθεν</span> <span class='ocrx_word' id='word_1_10' title='bbox 1660 522 1686 578; x_wconf 70' lang='grc' dir='ltr'><em>ἦ</em></span> <span class='ocrx_word' id='word_1_11' title='bbox 1725 521 1836 592; x_wconf 83' lang='grc' dir='ltr'>ὥρα</span> <span class='ocrx_word' id='word_1_12' title='bbox 1867 520 1911 572; x_wconf 83' lang='grc' dir='ltr'>Α</span> 
     </span>
    </p>
   </div>
   <div class='ocr_carea' id='block_1_3' title="bbox 227 605 1826 686">
    <p class='ocr_par' dir='ltr' id='par_1_3' title="bbox 227 605 1826 686">
     <span class='ocr_line' id='line_1_3' title="bbox 227 605 1826 686; baseline 0.001 -28"><span class='ocrx_word' id='word_1_13' title='bbox 227 613 326 658; x_wconf 86' lang='grc' dir='ltr'><strong>τοῦ</strong></span> <span class='ocrx_word' id='word_1_14' title='bbox 368 607 592 660; x_wconf 77' lang='grc' dir='ltr'><strong>Θανάτου</strong></span> <span class='ocrx_word' id='word_1_15' title='bbox 622 607 804 678; x_wconf 77' lang='grc' dir='ltr'>αὐτοῦ,</span> <span class='ocrx_word' id='word_1_16' title='bbox 847 615 936 662; x_wconf 80' lang='grc' dir='ltr'>καὶ</span> <span class='ocrx_word' id='word_1_17' title='bbox 965 605 1072 663; x_wconf 75' lang='grc' dir='ltr'>ἔδει</span> <span class='ocrx_word' id='word_1_18' title='bbox 1091 609 1305 672; x_wconf 82' lang='grc' dir='ltr'>πολλοὺς</span> <span class='ocrx_word' id='word_1_19' title='bbox 1330 613 1405 663; x_wconf 77' lang='grc' dir='ltr'>ἔτι</span> <span class='ocrx_word' id='word_1_20' title='bbox 1431 612 1826 686; x_wconf 73' lang='grc' dir='ltr'><strong>θεραπευθῆναι,</strong></span> 
     </span>
    </p>
   </div>
   <div class='ocr_carea' id='block_1_4' title="bbox 228 693 1355 762">
    <p class='ocr_par' dir='ltr' id='par_1_4' title="bbox 228 693 1355 762">
     <span class='ocr_line' id='line_1_4' title="bbox 228 693 1355 762; baseline 0.006 -16"><span class='ocrx_word' id='word_1_21' title='bbox 228 699 322 747; x_wconf 86' lang='grc' dir='ltr'>καὶ</span> <span class='ocrx_word' id='word_1_22' title='bbox 348 693 646 749; x_wconf 74' lang='grc' dir='ltr'>ἀπολαῦσαι</span> <span class='ocrx_word' id='word_1_23' title='bbox 678 705 766 758; x_wconf 84' lang='grc' dir='ltr'>τῆς</span> <span class='ocrx_word' id='word_1_24' title='bbox 791 694 1147 762; x_wconf 75' lang='grc' dir='ltr'>διδασκαλίας</span> <span class='ocrx_word' id='word_1_25' title='bbox 1175 699 1355 753; x_wconf 76' lang='grc' dir='ltr'>αὐτοῦ.</span> 
     </span>
    </p>
   </div>
   <div class='ocr_carea' id='block_1_5' title="bbox 307 785 1833 861">
    <p class='ocr_par' dir='ltr' id='par_1_5' title="bbox 307 785 1833 861">
     <span class='ocr_line' id='line_1_5' title="bbox 307 785 1833 861; baseline 0 -24"><span class='ocrx_word' id='word_1_26' title='bbox 307 788 412 837; x_wconf 74' lang='grc' dir='ltr'><strong>Καὶ</strong></span> <span class='ocrx_word' id='word_1_27' title='bbox 448 815 500 825; x_wconf 90' lang='grc'><strong><em>-</em></strong></span> <span class='ocrx_word' id='word_1_28' title='bbox 547 789 864 843; x_wconf 81' lang='grc' dir='ltr'>ποιήσωσιν.</span> <span class='ocrx_word' id='word_1_29' title='bbox 896 787 1150 842; x_wconf 79' lang='grc' dir='ltr'><strong>Ἐνταῦθα</strong></span> <span class='ocrx_word' id='word_1_30' title='bbox 1194 792 1274 858; x_wconf 88' lang='grc' dir='ltr'><strong>τό,</strong></span> <span class='ocrx_word' id='word_1_31' title='bbox 1326 787 1685 861; x_wconf 84' lang='grc' dir='ltr'>Ἐπετίμησεν,</span> <span class='ocrx_word' id='word_1_32' title='bbox 1719 785 1833 838; x_wconf 76' lang='grc' dir='ltr'>ἀντι</span> 
     </span>
    </p>
   </div>
   <div class='ocr_carea' id='block_1_6' title="bbox 228 873 1833 949">
    <p class='ocr_par' dir='ltr' id='par_1_6' title="bbox 228 873 1833 949">
     <span class='ocr_line' id='line_1_6' title="bbox 228 873 1833 949; baseline 0.001 -25"><span class='ocrx_word' id='word_1_33' title='bbox 228 880 349 941; x_wconf 88' lang='grc' dir='ltr'>τοῦ,</span> <span class='ocrx_word' id='word_1_34' title='bbox 384 874 727 946; x_wconf 79' lang='grc' dir='ltr'>Παρήγγειλε,</span> <span class='ocrx_word' id='word_1_35' title='bbox 783 881 872 929; x_wconf 83' lang='grc' dir='ltr'>καὶ</span> <span class='ocrx_word' id='word_1_36' title='bbox 928 876 1334 949; x_wconf 68' lang='grc' dir='ltr'>ἕξησφαλίσατο.</span> <span class='ocrx_word' id='word_1_37' title='bbox 1389 881 1572 929; x_wconf 88' lang='grc' dir='ltr'>Σκόπει</span> <span class='ocrx_word' id='word_1_38' title='bbox 1611 873 1688 939; x_wconf 70' lang='grc' dir='ltr'><strong>δε,</strong></span> <span class='ocrx_word' id='word_1_39' title='bbox 1723 883 1833 936; x_wconf 88' lang='grc' dir='ltr'>πῶς</span> 
     </span>
    </p>
   </div>
   <div class='ocr_carea' id='block_1_7' title="bbox 227 962 1832 1038">
    <p class='ocr_par' dir='ltr' id='par_1_7' title="bbox 227 962 1832 1038">
     <span class='ocr_line' id='line_1_7' title="bbox 227 962 1832 1038; baseline 0.002 -26"><span class='ocrx_word' id='word_1_40' title='bbox 227 966 315 1012; x_wconf 80' lang='grc' dir='ltr'>καὶ</span> <span class='ocrx_word' id='word_1_41' title='bbox 349 970 448 1013; x_wconf 86' lang='grc' dir='ltr'>τῶν</span> <span class='ocrx_word' id='word_1_42' title='bbox 473 964 757 1016; x_wconf 77' lang='grc' dir='ltr'><strong>νοσούντων</strong></span> <span class='ocrx_word' id='word_1_43' title='bbox 783 962 1116 1038; x_wconf 75' lang='grc' dir='ltr'>ἕπιμελεῐται,</span> <span class='ocrx_word' id='word_1_44' title='bbox 1148 971 1236 1019; x_wconf 84' lang='grc' dir='ltr'>καὶ</span> <span class='ocrx_word' id='word_1_45' title='bbox 1261 969 1347 1019; x_wconf 87' lang='grc' dir='ltr'><strong>τόν</strong></span> <span class='ocrx_word' id='word_1_46' title='bbox 1379 968 1559 1038; x_wconf 74' lang='grc' dir='ltr'>φθόνον</span> <span class='ocrx_word' id='word_1_47' title='bbox 1578 974 1675 1017; x_wconf 85' lang='grc' dir='ltr'>τῶν</span> <span class='ocrx_word' id='word_1_48' title='bbox 1698 966 1832 1016; x_wconf 79' lang='grc' dir='ltr'>’1ου-</span> 
     </span>
    </p>
   </div>
   <div class='ocr_carea' id='block_1_8' title="bbox 230 1046 1832 1129">
    <p class='ocr_par' dir='ltr' id='par_1_8' title="bbox 230 1046 1832 1129">
     <span class='ocr_line' id='line_1_8' title="bbox 230 1046 1832 1129; baseline 0.001 -27"><span class='ocrx_word' id='word_1_49' title='bbox 230 1046 402 1102; x_wconf 85' lang='grc' dir='ltr'>δαίων</span> <span class='ocrx_word' id='word_1_50' title='bbox 460 1052 750 1126; x_wconf 74' lang='grc' dir='ltr'><strong>θεραπεύει,</strong></span> <span class='ocrx_word' id='word_1_51' title='bbox 789 1054 1176 1127; x_wconf 78' lang='grc' dir='ltr'>παραγγέλλων,</span> <span class='ocrx_word' id='word_1_52' title='bbox 1211 1056 1292 1107; x_wconf 84' lang='grc' dir='ltr'>ἶνα</span> <span class='ocrx_word' id='word_1_53' title='bbox 1319 1059 1389 1127; x_wconf 76' lang='grc' dir='ltr'>μὴ</span> <span class='ocrx_word' id='word_1_54' title='bbox 1429 1057 1642 1129; x_wconf 74' lang='grc' dir='ltr'>φανερὸν</span> <span class='ocrx_word' id='word_1_55' title='bbox 1676 1052 1832 1106; x_wconf 78' lang='grc' dir='ltr'>αὐτόν</span> 
     </span>
    </p>
   </div>
   <div class='ocr_carea' id='block_1_9' title="bbox 229 1141 1832 1218">
    <p class='ocr_par' dir='ltr' id='par_1_9' title="bbox 229 1141 1832 1218">
     <span class='ocr_line' id='line_1_9' title="bbox 229 1141 1832 1218; baseline 0.002 -29"><span class='ocrx_word' id='word_1_56' title='bbox 229 1143 554 1208; x_wconf 78' lang='grc' dir='ltr'>ποιήσωσιν,</span> <span class='ocrx_word' id='word_1_57' title='bbox 603 1141 683 1193; x_wconf 85' lang='grc' dir='ltr'>ὅτι</span> <span class='ocrx_word' id='word_1_58' title='bbox 736 1143 1018 1215; x_wconf 88' lang='grc' dir='ltr'>θεραπεύει.</span> <span class='ocrx_word' id='word_1_59' title='bbox 1050 1150 1215 1198; x_wconf 84' lang='grc' dir='ltr'>Τοῦτο</span> <span class='ocrx_word' id='word_1_60' title='bbox 1234 1146 1331 1218; x_wconf 77' lang='grc' dir='ltr'><strong>γὰρ</strong></span> <span class='ocrx_word' id='word_1_61' title='bbox 1365 1142 1653 1208; x_wconf 81' lang='grc' dir='ltr'>ἀκούοντες,</span> <span class='ocrx_word' id='word_1_62' title='bbox 1687 1141 1832 1214; x_wconf 75' lang='grc' dir='ltr'>ἰμελ-</span> 
     </span>
    </p>
   </div>
   <div class='ocr_carea' id='block_1_10' title="bbox 231 1225 1830 1306">
    <p class='ocr_par' dir='ltr' id='par_1_10' title="bbox 231 1225 1830 1306">
     <span class='ocr_line' id='line_1_10' title="bbox 231 1225 1830 1306; baseline 0.003 -28"><span class='ocrx_word' id='word_1_63' title='bbox 231 1227 315 1280; x_wconf 83' lang='grc' dir='ltr'><strong>λον</strong></span> <span class='ocrx_word' id='word_1_64' title='bbox 371 1227 458 1281; x_wconf 70' lang='grc' dir='ltr'><strong>ἐπὶ</strong></span> <span class='ocrx_word' id='word_1_65' title='bbox 509 1225 680 1282; x_wconf 77' lang='grc' dir='ltr'>πλεῖον</span> <span class='ocrx_word' id='word_1_66' title='bbox 709 1228 1104 1306; x_wconf 73' lang='grc' dir='ltr'>ἕξαγριοῦσθαι.</span> <span class='ocrx_word' id='word_1_67' title='bbox 1167 1233 1310 1286; x_wconf 77' lang='grc' dir='ltr'>Ἐπεὶ</span> <span class='ocrx_word' id='word_1_68' title='bbox 1341 1229 1400 1286; x_wconf 69' lang='grc' dir='ltr'><strong>δε</strong></span> <span class='ocrx_word' id='word_1_69' title='bbox 1434 1234 1534 1286; x_wconf 84' lang='grc' dir='ltr'><strong>ύπό</strong></span> <span class='ocrx_word' id='word_1_70' title='bbox 1563 1233 1830 1306; x_wconf 85' lang='grc' dir='ltr'>μακροθυ-</span> 
     </span>
    </p>
   </div>
   <div class='ocr_carea' id='block_1_11' title="bbox 243 1316 1833 1396">
    <p class='ocr_par' dir='ltr' id='par_1_11' title="bbox 243 1316 1833 1396">
     <span class='ocr_line' id='line_1_11' title="bbox 243 1316 1833 1396; baseline 0.001 -28"><span class='ocrx_word' id='word_1_71' title='bbox 243 1321 357 1388; x_wconf 83' lang='grc' dir='ltr'>μίας</span> <span class='ocrx_word' id='word_1_72' title='bbox 387 1316 582 1380; x_wconf 83' lang='grc' dir='ltr'>πολλῆς</span> <span class='ocrx_word' id='word_1_73' title='bbox 612 1317 830 1372; x_wconf 78' lang='grc' dir='ltr'>ίποιείτο</span> <span class='ocrx_word' id='word_1_74' title='bbox 859 1325 950 1380; x_wconf 81' lang='grc' dir='ltr'>τήν</span> <span class='ocrx_word' id='word_1_75' title='bbox 979 1324 1225 1380; x_wconf 80' lang='grc' dir='ltr'>τοιαύτην</span> <span class='ocrx_word' id='word_1_76' title='bbox 1255 1321 1631 1396; x_wconf 70' lang='grc' dir='ltr'>παραγγελίαν,</span> <span class='ocrx_word' id='word_1_77' title='bbox 1660 1323 1833 1394; x_wconf 83' lang='grc' dir='ltr'>αἱρού-</span> 
     </span>
    </p>
   </div>
   <div class='ocr_carea' id='block_1_12' title="bbox 232 1406 1828 1482">
    <p class='ocr_par' dir='ltr' id='par_1_12' title="bbox 232 1406 1828 1482">
     <span class='ocr_line' id='line_1_12' title="bbox 232 1406 1828 1482; baseline 0.006 -26"><span class='ocrx_word' id='word_1_78' title='bbox 232 1424 382 1478; x_wconf 82' lang='grc' dir='ltr'>μενος</span> <span class='ocrx_word' id='word_1_79' title='bbox 430 1406 662 1478; x_wconf 86' lang='grc' dir='ltr'>μα’λιστα</span> <span class='ocrx_word' id='word_1_80' title='bbox 718 1409 1178 1480; x_wconf 77' lang='grc' dir='ltr'>συγκαλύπτεσθαι</span> <span class='ocrx_word' id='word_1_81' title='bbox 1234 1415 1328 1469; x_wconf 77' lang='grc' dir='ltr'>τὴν</span> <span class='ocrx_word' id='word_1_82' title='bbox 1407 1411 1591 1464; x_wconf 71' lang='grc' dir='ltr'>ἐαυτοῦ</span> <span class='ocrx_word' id='word_1_83' title='bbox 1648 1407 1828 1482; x_wconf 83' lang='grc' dir='ltr'>δόξαν,</span> 
     </span>
    </p>
   </div>
   <div class='ocr_carea' id='block_1_13' title="bbox 231 1495 1828 1573">
    <p class='ocr_par' dir='ltr' id='par_1_13' title="bbox 231 1495 1828 1573">
     <span class='ocr_line' id='line_1_13' title="bbox 231 1495 1828 1573; baseline 0.004 -26"><span class='ocrx_word' id='word_1_84' title='bbox 231 1495 359 1567; x_wconf 70' lang='grc' dir='ltr'>ὑπερ</span> <span class='ocrx_word' id='word_1_85' title='bbox 398 1504 492 1548; x_wconf 89' lang='grc' dir='ltr'><strong>τοῦ</strong></span> <span class='ocrx_word' id='word_1_86' title='bbox 524 1501 596 1569; x_wconf 78' lang='grc' dir='ltr'>μὴ</span> <span class='ocrx_word' id='word_1_87' title='bbox 629 1495 943 1560; x_wconf 76' lang='grc' dir='ltr'>ἕξοίπτεσθαι</span> <span class='ocrx_word' id='word_1_88' title='bbox 979 1504 1192 1561; x_wconf 81' lang='grc' dir='ltr'>τούτους</span> <span class='ocrx_word' id='word_1_89' title='bbox 1244 1499 1311 1561; x_wconf 81' lang='grc' dir='ltr'><strong>εἰς</strong></span> <span class='ocrx_word' id='word_1_90' title='bbox 1356 1500 1564 1553; x_wconf 78' lang='grc' dir='ltr'>πλείονα</span> <span class='ocrx_word' id='word_1_91' title='bbox 1617 1506 1828 1573; x_wconf 87' lang='grc' dir='ltr'>μανίαν,</span> 
     </span>
    </p>
   </div>
   <div class='ocr_carea' id='block_1_14' title="bbox 231 1585 1833 1664">
    <p class='ocr_par' dir='ltr' id='par_1_14' title="bbox 231 1585 1833 1664">
     <span class='ocr_line' id='line_1_14' title="bbox 231 1585 1833 1664; baseline 0.006 -28"><span class='ocrx_word' id='word_1_92' title='bbox 231 1585 434 1656; x_wconf 80' lang='grc' dir='ltr'>εἰσάγει</span> <span class='ocrx_word' id='word_1_93' title='bbox 461 1589 547 1638; x_wconf 92' lang='grc' dir='ltr'><strong>τόν</strong></span> <span class='ocrx_word' id='word_1_94' title='bbox 587 1592 850 1662; x_wconf 72' lang='grc' dir='ltr'>προφήτην</span> <span class='ocrx_word' id='word_1_95' title='bbox 876 1590 901 1641; x_wconf 96' lang='lat'><strong>6</strong></span> <span class='ocrx_word' id='word_1_96' title='bbox 949 1589 1336 1661; x_wconf 67' lang='grc' dir='ltr'>εὐαγγελιστὴς,</span> <span class='ocrx_word' id='word_1_97' title='bbox 1366 1600 1833 1664; x_wconf 73' lang='grc' dir='ltr'>προαναφωνοῦντα</span> 
     </span>
    </p>
   </div>
   <div class='ocr_carea' id='block_1_15' title="bbox 225 1675 1831 1751">
    <p class='ocr_par' dir='ltr' id='par_1_15' title="bbox 225 1675 1831 1751">
     <span class='ocr_line' id='line_1_15' title="bbox 225 1675 1831 1751; baseline 0.006 -26"><span class='ocrx_word' id='word_1_98' title='bbox 225 1677 322 1732; x_wconf 74' lang='grc' dir='ltr'><strong>την</strong></span> <span class='ocrx_word' id='word_1_99' title='bbox 345 1677 595 1734; x_wconf 83' lang='grc' dir='ltr'>τοιαύτην</span> <span class='ocrx_word' id='word_1_100' title='bbox 621 1675 778 1729; x_wconf 74' lang='grc' dir='ltr'>αὐτοῦ</span> <span class='ocrx_word' id='word_1_101' title='bbox 829 1679 1192 1751; x_wconf 79' lang='grc' dir='ltr'>μακροθυμίαν</span> <span class='ocrx_word' id='word_1_102' title='bbox 1223 1685 1312 1732; x_wconf 80' lang='grc' dir='ltr'>καὶ</span> <span class='ocrx_word' id='word_1_103' title='bbox 1344 1678 1692 1747; x_wconf 78' lang='grc' dir='ltr'>ἀνεξικακίαν,</span> <span class='ocrx_word' id='word_1_104' title='bbox 1743 1685 1831 1734; x_wconf 84' lang='grc' dir='ltr'><strong>καὶ</strong></span> 
     </span>
    </p>
   </div>
   <div class='ocr_carea' id='block_1_16' title="bbox 227 1767 416 1833">
    <p class='ocr_par' dir='ltr' id='par_1_16' title="bbox 227 1767 416 1833">
     <span class='ocr_line' id='line_1_16' title="bbox 227 1767 416 1833; baseline 0.005 -19"><span class='ocrx_word' id='word_1_105' title='bbox 227 1782 299 1833; x_wconf 69' lang='grc' dir='ltr'>φη</span> <span class='ocrx_word' id='word_1_106' title='bbox 309 1767 416 1815; x_wconf 83' lang='grc' dir='ltr'>σίν.</span> 
     </span>
    </p>
   </div>
   <div class='ocr_carea' id='block_1_17' title="bbox 1866 1865 1910 1920">
    <p class='ocr_par' dir='ltr' id='par_1_17' title="bbox 1866 1865 1910 1920">
     <span class='ocr_line' id='line_1_17' title="bbox 1866 1865 1910 1920; baseline 0 0"><span class='ocrx_word' id='word_1_107' title='bbox 1866 1865 1910 1920; x_wconf 89' lang='grc' dir='ltr'>Β</span> 
     </span>
    </p>
   </div>
   <div class='ocr_carea' id='block_1_18' title="bbox 301 1940 1832 2022">
    <p class='ocr_par' dir='ltr' id='par_1_18' title="bbox 301 1940 1832 2022">
     <span class='ocr_line' id='line_1_18' title="bbox 301 1940 1832 2022; baseline 0.007 -29"><span class='ocrx_word' id='word_1_108' title='bbox 301 1940 481 2002; x_wconf 84' lang='grc' dir='ltr'>Ὀπως</span> <span class='ocrx_word' id='word_1_109' title='bbox 512 1973 575 1984; x_wconf 91' lang='lat'><strong>-—</strong></span> <span class='ocrx_word' id='word_1_110' title='bbox 609 1944 847 2016; x_wconf 76' lang='grc' dir='ltr'>ᾑρέτισα.</span> <span class='ocrx_word' id='word_1_111' title='bbox 874 1951 1144 2020; x_wconf 81' lang='grc' dir='ltr'>Προσώπῳ</span> <span class='ocrx_word' id='word_1_112' title='bbox 1162 1955 1253 2000; x_wconf 88' lang='grc' dir='ltr'><strong>τοῦ</strong></span> <span class='ocrx_word' id='word_1_113' title='bbox 1268 1951 1473 2022; x_wconf 82' lang='grc' dir='ltr'>Πατρός</span> <span class='ocrx_word' id='word_1_114' title='bbox 1488 1952 1651 2002; x_wconf 85' lang='grc' dir='ltr'>ταῦτά</span> <span class='ocrx_word' id='word_1_115' title='bbox 1674 1969 1832 2022; x_wconf 78' lang='grc' dir='ltr'>φησιν</span> 
     </span>
    </p>
   </div>
   <div class='ocr_carea' id='block_1_19' title="bbox 228 2028 1827 2111">
    <p class='ocr_par' dir='ltr' id='par_1_19' title="bbox 228 2028 1827 2111">
     <span class='ocr_line' id='line_1_19' title="bbox 228 2028 1827 2111; baseline 0.004 -27"><span class='ocrx_word' id='word_1_116' title='bbox 228 2028 376 2084; x_wconf 83' lang='grc' dir='ltr'>Ἰδού</span> <span class='ocrx_word' id='word_1_117' title='bbox 419 2031 445 2083; x_wconf 85' lang='grc' dir='ltr'><strong>ό</strong></span> <span class='ocrx_word' id='word_1_118' title='bbox 478 2037 609 2094; x_wconf 87' lang='grc' dir='ltr'>Παῖς</span> <span class='ocrx_word' id='word_1_119' title='bbox 645 2051 766 2105; x_wconf 91' lang='grc' dir='ltr'>μου,</span> <span class='ocrx_word' id='word_1_120' title='bbox 814 2035 840 2086; x_wconf 92' lang='grc' dir='ltr'><strong>ό</strong></span> <span class='ocrx_word' id='word_1_121' title='bbox 887 2041 1178 2107; x_wconf 81' lang='grc' dir='ltr'>μονογενής.</span> <span class='ocrx_word' id='word_1_122' title='bbox 1230 2069 1298 2076; x_wconf 92' lang='grc'><strong>-</strong></span> <span class='ocrx_word' id='word_1_123' title='bbox 1352 2037 1446 2090; x_wconf 73' lang='lat' dir='ltr'><strong>‘Ov</strong></span> <span class='ocrx_word' id='word_1_124' title='bbox 1493 2034 1551 2091; x_wconf 74' lang='grc' dir='ltr'><strong>δε</strong></span> <span class='ocrx_word' id='word_1_125' title='bbox 1589 2040 1827 2111; x_wconf 73' lang='grc' dir='ltr'>ηρέτισα,</span> 
     </span>
    </p>
   </div>
   <div class='ocr_carea' id='block_1_20' title="bbox 227 2119 1831 2197">
    <p class='ocr_par' dir='ltr' id='par_1_20' title="bbox 227 2119 1831 2197">
     <span class='ocr_line' id='line_1_20' title="bbox 227 2119 1831 2197; baseline 0.004 -27"><span class='ocrx_word' id='word_1_126' title='bbox 227 2119 349 2172; x_wconf 70' lang='grc' dir='ltr'>ἀντὶ</span> <span class='ocrx_word' id='word_1_127' title='bbox 374 2127 489 2188; x_wconf 88' lang='grc' dir='ltr'>τοῦ,</span> <span class='ocrx_word' id='word_1_128' title='bbox 526 2119 618 2174; x_wconf 79' lang='grc' dir='ltr'>⁸ον</span> <span class='ocrx_word' id='word_1_129' title='bbox 645 2127 923 2197; x_wconf 72' lang='grc' dir='ltr'>προέκρινα</span> <span class='ocrx_word' id='word_1_130' title='bbox 945 2126 1169 2179; x_wconf 77' lang='grc' dir='ltr'>πάντων.</span> <span class='ocrx_word' id='word_1_131' title='bbox 1197 2125 1338 2180; x_wconf 85' lang='grc' dir='ltr'>Ἐπεὶ</span> <span class='ocrx_word' id='word_1_132' title='bbox 1361 2123 1394 2179; x_wconf 85' lang='grc' dir='ltr'><strong>δ</strong></span> <span class='ocrx_word' id='word_1_133' title='bbox 1398 2130 1420 2179; x_wconf 65' lang='grc' dir='ltr'><strong>ι</strong></span> <span class='ocrx_word' id='word_1_134' title='bbox 1441 2124 1476 2179; x_wconf 84' lang='grc' dir='ltr'><strong>δ</strong></span> <span class='ocrx_word' id='word_1_135' title='bbox 1483 2127 1653 2179; x_wconf 67' lang='grc' dir='ltr'>ιπλοῦδ</span> <span class='ocrx_word' id='word_1_136' title='bbox 1689 2127 1831 2179; x_wconf 76' lang='grc' dir='ltr'>ἐστὶν</span> 
     </span>
    </p>
   </div>
   <div class='ocr_carea' id='block_1_21' title="bbox 227 2210 1832 2286">
    <p class='ocr_par' dir='ltr' id='par_1_21' title="bbox 227 2210 1832 2286">
     <span class='ocr_line' id='line_1_21' title="bbox 227 2210 1832 2286; baseline 0.004 -24"><span class='ocrx_word' id='word_1_137' title='bbox 227 2211 254 2262; x_wconf 91' lang='grc' dir='ltr'><strong>ό</strong></span> <span class='ocrx_word' id='word_1_138' title='bbox 287 2213 540 2282; x_wconf 66' lang='grc' dir='ltr'>Χριστός</span> <span class='ocrx_word' id='word_1_139' title='bbox 582 2213 642 2263; x_wconf 88' lang='grc' dir='ltr'>τὸ</span> <span class='ocrx_word' id='word_1_140' title='bbox 685 2213 796 2282; x_wconf 70' lang='grc' dir='ltr'>μεν,</span> <span class='ocrx_word' id='word_1_141' title='bbox 843 2210 902 2265; x_wconf 81' lang='grc'><strong>’0</strong></span> <span class='ocrx_word' id='word_1_142' title='bbox 946 2219 1073 2274; x_wconf 85' lang='grc' dir='ltr'>Παῖς</span> <span class='ocrx_word' id='word_1_143' title='bbox 1102 2234 1226 2286; x_wconf 89' lang='grc' dir='ltr'>μου,</span> <span class='ocrx_word' id='word_1_144' title='bbox 1271 2212 1559 2273; x_wconf 84' lang='grc' dir='ltr'>δηλωτικόν</span> <span class='ocrx_word' id='word_1_145' title='bbox 1600 2215 1711 2269; x_wconf 78' lang='grc' dir='ltr'>ἐστι</span> <span class='ocrx_word' id='word_1_146' title='bbox 1741 2223 1832 2278; x_wconf 76' lang='grc' dir='ltr'>τῆς</span> 
     </span>
    </p>
   </div>
   <div class='ocr_carea' id='block_1_22' title="bbox 231 2295 1833 2377">
    <p class='ocr_par' dir='ltr' id='par_1_22' title="bbox 231 2295 1833 2377">
     <span class='ocr_line' id='line_1_22' title="bbox 231 2295 1833 2377; baseline 0.006 -29"><span class='ocrx_word' id='word_1_147' title='bbox 231 2298 493 2358; x_wconf 63' lang='grc' dir='ltr'>θεότητος</span> <span class='ocrx_word' id='word_1_148' title='bbox 523 2302 581 2350; x_wconf 93' lang='grc' dir='ltr'><strong>τό</strong></span> <span class='ocrx_word' id='word_1_149' title='bbox 610 2295 689 2367; x_wconf 68' lang='grc' dir='ltr'><strong>δε,</strong></span> <span class='ocrx_word' id='word_1_150' title='bbox 709 2305 802 2353; x_wconf 77' lang='lat' dir='ltr'><strong>‘Ov</strong></span> <span class='ocrx_word' id='word_1_151' title='bbox 823 2301 1061 2376; x_wconf 73' lang='grc' dir='ltr'>ᾑρέτισα,</span> <span class='ocrx_word' id='word_1_152' title='bbox 1090 2311 1186 2364; x_wconf 86' lang='grc' dir='ltr'>τῆς</span> <span class='ocrx_word' id='word_1_153' title='bbox 1211 2301 1622 2377; x_wconf 81' lang='grc' dir='ltr'>ἁνθρωπότητος.</span> <span class='ocrx_word' id='word_1_154' title='bbox 1647 2309 1746 2359; x_wconf 81' lang='grc' dir='ltr'><strong>Καὶ</strong></span> <span class='ocrx_word' id='word_1_155' title='bbox 1767 2307 1833 2358; x_wconf 81' lang='grc' dir='ltr'>τὰ</span> 
     </span>
    </p>
   </div>
   <div class='ocr_carea' id='block_1_23' title="bbox 229 2382 718 2452">
    <p class='ocr_par' dir='ltr' id='par_1_23' title="bbox 229 2382 718 2452">
     <span class='ocr_line' id='line_1_23' title="bbox 229 2382 718 2452; baseline 0.004 -13"><span class='ocrx_word' id='word_1_156' title='bbox 229 2384 348 2448; x_wconf 74' lang='grc' dir='ltr'>ίξῆς</span> <span class='ocrx_word' id='word_1_157' title='bbox 371 2382 407 2438; x_wconf 85' lang='grc' dir='ltr'><strong>δ</strong></span> <span class='ocrx_word' id='word_1_158' title='bbox 410 2389 452 2452; x_wconf 75' lang='lat' dir='ltr'><strong>&#39;e,</strong></span> <span class='ocrx_word' id='word_1_159' title='bbox 483 2393 718 2442; x_wconf 70' lang='grc' dir='ltr'>τοιαῦτα.</span> 
     </span>
    </p>
   </div>
   <div class='ocr_carea' id='block_1_24' title="bbox 301 2561 1832 2643">
    <p class='ocr_par' dir='ltr' id='par_1_24' title="bbox 301 2561 1832 2643">
     <span class='ocr_line' id='line_1_24' title="bbox 301 2561 1832 2643; baseline 0.007 -29"><span class='ocrx_word' id='word_1_160' title='bbox 301 2561 364 2615; x_wconf 85' lang='grc' dir='ltr'><strong>Ὀ</strong></span> <span class='ocrx_word' id='word_1_161' title='bbox 396 2561 662 2635; x_wconf 76' lang='grc' dir='ltr'>ἀγαπητός</span> <span class='ocrx_word' id='word_1_162' title='bbox 714 2597 782 2608; x_wconf 90' lang='lat'><strong>—-</strong></span> <span class='ocrx_word' id='word_1_163' title='bbox 831 2586 952 2639; x_wconf 88' lang='grc' dir='ltr'>μου.</span> <span class='ocrx_word' id='word_1_164' title='bbox 1009 2568 1230 2642; x_wconf 82' lang='grc' dir='ltr'>Ὁμοίως</span> <span class='ocrx_word' id='word_1_165' title='bbox 1275 2573 1333 2623; x_wconf 91' lang='grc' dir='ltr'><strong>τό</strong></span> <span class='ocrx_word' id='word_1_166' title='bbox 1362 2574 1471 2643; x_wconf 71' lang='grc' dir='ltr'>μεν,</span> <span class='ocrx_word' id='word_1_167' title='bbox 1525 2571 1584 2624; x_wconf 80' lang='lat'><strong>&#39;0</strong></span> <span class='ocrx_word' id='word_1_168' title='bbox 1629 2570 1832 2642; x_wconf 81' lang='grc' dir='ltr'>ἀγαπη-</span> 
     </span>
    </p>
   </div>
   <div class='ocr_carea' id='block_1_25' title="bbox 229 2656 1831 2732">
    <p class='ocr_par' dir='ltr' id='par_1_25' title="bbox 229 2656 1831 2732">
     <span class='ocr_line' id='line_1_25' title="bbox 229 2656 1831 2732; baseline 0.007 -30"><span class='ocrx_word' id='word_1_169' title='bbox 229 2656 324 2711; x_wconf 86' lang='grc' dir='ltr'><strong>τός</strong></span> <span class='ocrx_word' id='word_1_170' title='bbox 382 2671 505 2723; x_wconf 88' lang='grc' dir='ltr'>μου,</span> <span class='ocrx_word' id='word_1_171' title='bbox 555 2657 673 2726; x_wconf 85' lang='grc' dir='ltr'>περὶ</span> <span class='ocrx_word' id='word_1_172' title='bbox 709 2663 802 2716; x_wconf 84' lang='grc' dir='ltr'>τῆς</span> <span class='ocrx_word' id='word_1_173' title='bbox 849 2657 1090 2719; x_wconf 83' lang='grc' dir='ltr'>θεότητος</span> <span class='ocrx_word' id='word_1_174' title='bbox 1138 2661 1358 2732; x_wconf 81' lang='grc' dir='ltr'>εἴρηται·</span> <span class='ocrx_word' id='word_1_175' title='bbox 1402 2662 1460 2712; x_wconf 92' lang='grc' dir='ltr'><strong>τό</strong></span> <span class='ocrx_word' id='word_1_176' title='bbox 1515 2657 1593 2728; x_wconf 75' lang='grc' dir='ltr'><strong>δε,</strong></span> <span class='ocrx_word' id='word_1_177' title='bbox 1649 2661 1736 2723; x_wconf 82' lang='grc' dir='ltr'><strong>Εἰς</strong></span> <span class='ocrx_word' id='word_1_178' title='bbox 1778 2661 1831 2714; x_wconf 88' lang='grc' dir='ltr'><strong>ὂν</strong></span> 
     </span>
    </p>
   </div>
   <div class='ocr_carea' id='block_1_26' title="bbox 230 2736 1828 2823">
    <p class='ocr_par' dir='ltr' id='par_1_26' title="bbox 230 2736 1828 2823">
     <span class='ocr_line' id='line_1_26' title="bbox 230 2736 1828 2823; baseline 0.009 -32"><span class='ocrx_word' id='word_1_179' title='bbox 230 2736 524 2799; x_wconf 73' lang='grc' dir='ltr'>εὐδόκησεν</span> <span class='ocrx_word' id='word_1_180' title='bbox 581 2743 612 2800; x_wconf 83' lang='grc' dir='ltr'><strong>ἠ</strong></span> <span class='ocrx_word' id='word_1_181' title='bbox 671 2742 828 2815; x_wconf 71' lang='grc' dir='ltr'>ψυχή</span> <span class='ocrx_word' id='word_1_182' title='bbox 890 2765 1012 2817; x_wconf 88' lang='grc' dir='ltr'>μου,</span> <span class='ocrx_word' id='word_1_183' title='bbox 1079 2753 1198 2820; x_wconf 79' lang='grc' dir='ltr'>περὶ</span> <span class='ocrx_word' id='word_1_184' title='bbox 1269 2755 1362 2808; x_wconf 87' lang='grc' dir='ltr'>τῆς</span> <span class='ocrx_word' id='word_1_185' title='bbox 1414 2748 1828 2823; x_wconf 81' lang='grc' dir='ltr'>ἁνθρωπότητος.</span> 
     </span>
    </p>
   </div>
   <div class='ocr_carea' id='block_1_27' title="bbox 230 2828 1832 2908">
    <p class='ocr_par' dir='ltr' id='par_1_27' title="bbox 230 2828 1832 2908">
     <span class='ocr_line' id='line_1_27' title="bbox 230 2828 1832 2908; baseline 0.007 -28"><span class='ocrx_word' id='word_1_186' title='bbox 230 2828 391 2881; x_wconf 84' lang='grc' dir='ltr'>Ἐστι</span> <span class='ocrx_word' id='word_1_187' title='bbox 419 2832 521 2905; x_wconf 84' lang='grc' dir='ltr'><strong>γὰρ</strong></span> <span class='ocrx_word' id='word_1_188' title='bbox 575 2829 848 2902; x_wconf 82' lang='grc' dir='ltr'>ἀγαπητός</span> <span class='ocrx_word' id='word_1_189' title='bbox 893 2836 1005 2906; x_wconf 67' lang='grc' dir='ltr'>μὶν,</span> <span class='ocrx_word' id='word_1_190' title='bbox 1063 2838 1128 2896; x_wconf 83' lang='grc' dir='ltr'><strong>ὡς</strong></span> <span class='ocrx_word' id='word_1_191' title='bbox 1165 2843 1440 2908; x_wconf 86' lang='grc' dir='ltr'>μονογενής</span> <span class='ocrx_word' id='word_1_192' title='bbox 1498 2859 1510 2872; x_wconf 89' lang='grc'>·</span> <span class='ocrx_word' id='word_1_193' title='bbox 1557 2837 1625 2900; x_wconf 86' lang='grc' dir='ltr'><strong>εἰς</strong></span> <span class='ocrx_word' id='word_1_194' title='bbox 1677 2838 1832 2891; x_wconf 77' lang='grc' dir='ltr'>αὐτόν</span> 
     </span>
    </p>
   </div>
   <div class='ocr_carea' id='block_1_28' title="bbox 233 2913 1832 2999">
    <p class='ocr_par' dir='ltr' id='par_1_28' title="bbox 233 2913 1832 2999">
     <span class='ocr_line' id='line_1_28' title="bbox 233 2913 1832 2999; baseline 0.007 -29"><span class='ocrx_word' id='word_1_195' title='bbox 233 2913 295 2971; x_wconf 68' lang='grc' dir='ltr'><strong>δε</strong></span> <span class='ocrx_word' id='word_1_196' title='bbox 321 2915 628 2989; x_wconf 83' lang='grc' dir='ltr'>εύδόκησεν,</span> <span class='ocrx_word' id='word_1_197' title='bbox 682 2922 751 2983; x_wconf 85' lang='grc' dir='ltr'><strong>ὡς</strong></span> <span class='ocrx_word' id='word_1_198' title='bbox 781 2921 866 2984; x_wconf 83' lang='grc' dir='ltr'>ἐἰς</span> <span class='ocrx_word' id='word_1_199' title='bbox 896 2923 1050 2975; x_wconf 77' lang='grc' dir='ltr'>αὐτόν</span> <span class='ocrx_word' id='word_1_200' title='bbox 1093 2923 1560 2999; x_wconf 65' lang='grc' dir='ltr'>ὶπαναπαυομενος</span> <span class='ocrx_word' id='word_1_201' title='bbox 1603 2928 1632 2986; x_wconf 82' lang='grc' dir='ltr'><strong>ἣ</strong></span> <span class='ocrx_word' id='word_1_202' title='bbox 1665 2931 1732 2990; x_wconf 85' lang='grc' dir='ltr'>ὡς</span> <span class='ocrx_word' id='word_1_203' title='bbox 1761 2924 1832 2980; x_wconf 88' lang='grc' dir='ltr'>δι’</span> 
     </span>
    </p>
   </div>
   <div class='ocr_carea' id='block_1_29' title="bbox 232 3007 1834 3089">
    <p class='ocr_par' dir='ltr' id='par_1_29' title="bbox 232 3007 1834 3089">
     <span class='ocr_line' id='line_1_29' title="bbox 232 3007 1834 3089; baseline 0.006 -31"><span class='ocrx_word' id='word_1_204' title='bbox 232 3007 396 3060; x_wconf 73' lang='grc' dir='ltr'>αὐτοῦ</span> <span class='ocrx_word' id='word_1_205' title='bbox 440 3010 506 3060; x_wconf 78' lang='grc' dir='ltr'>τὰ</span> <span class='ocrx_word' id='word_1_206' title='bbox 535 3007 708 3080; x_wconf 78' lang='grc' dir='ltr'>ἀγαθὰ</span> <span class='ocrx_word' id='word_1_207' title='bbox 758 3010 996 3078; x_wconf 80' lang='grc' dir='ltr'>θελήσας,</span> <span class='ocrx_word' id='word_1_208' title='bbox 1023 3011 1154 3084; x_wconf 77' lang='grc' dir='ltr'>λέγω</span> <span class='ocrx_word' id='word_1_209' title='bbox 1185 3009 1278 3083; x_wconf 85' lang='grc' dir='ltr'>δὴ,</span> <span class='ocrx_word' id='word_1_210' title='bbox 1305 3020 1398 3073; x_wconf 78' lang='grc' dir='ltr'>τὴν</span> <span class='ocrx_word' id='word_1_211' title='bbox 1428 3021 1690 3089; x_wconf 83' lang='grc' dir='ltr'>σωτηρίαν</span> <span class='ocrx_word' id='word_1_212' title='bbox 1733 3023 1834 3070; x_wconf 88' lang='grc' dir='ltr'>τῶν</span> 
     </span>
    </p>
   </div>
   <div class='ocr_carea' id='block_1_30' title="bbox 233 3095 539 3170">
    <p class='ocr_par' dir='ltr' id='par_1_30' title="bbox 233 3095 539 3170">
     <span class='ocr_line' id='line_1_30' title="bbox 233 3095 539 3170; baseline 0.007 -22"><span class='ocrx_word' id='word_1_213' title='bbox 233 3095 539 3170; x_wconf 76' lang='grc' dir='ltr'>ἀνθρώπων.</span> 
     </span>
    </p>
   </div>
   <div class='ocr_carea' id='block_1_31' title="bbox 306 3184 1911 3274">
    <p class='ocr_par' dir='ltr' id='par_1_31' title="bbox 306 3184 1911 3274">
     <span class='ocr_line' id='line_1_31' title="bbox 306 3184 1911 3274; baseline 0.006 -37"><span class='ocrx_word' id='word_1_214' title='bbox 306 3185 419 3238; x_wconf 81' lang='grc' dir='ltr'><strong>Καὶ</strong></span> <span class='ocrx_word' id='word_1_215' title='bbox 443 3184 830 3260; x_wconf 71' lang='grc' dir='ltr'>βαπτιζόμενον</span> <span class='ocrx_word' id='word_1_216' title='bbox 849 3185 884 3240; x_wconf 87' lang='grc' dir='ltr'><strong>δ</strong></span> <span class='ocrx_word' id='word_1_217' title='bbox 887 3193 908 3242; x_wconf 67' lang='grc' dir='ltr'><strong>ι</strong></span> <span class='ocrx_word' id='word_1_218' title='bbox 927 3188 1088 3242; x_wconf 77' lang='grc' dir='ltr'>αὐτοῦ</span> <span class='ocrx_word' id='word_1_219' title='bbox 1117 3193 1362 3250; x_wconf 87' lang='grc' dir='ltr'>τοιαύτην</span> <span class='ocrx_word' id='word_1_220' title='bbox 1384 3194 1410 3243; x_wconf 94' lang='grc' dir='ltr'><strong>ό</strong></span> <span class='ocrx_word' id='word_1_221' title='bbox 1435 3198 1612 3265; x_wconf 81' lang='grc' dir='ltr'>Πατὴρ</span> <span class='ocrx_word' id='word_1_222' title='bbox 1643 3193 1833 3246; x_wconf 79' lang='grc' dir='ltr'>ἄνωθεν</span> <span class='ocrx_word' id='word_1_223' title='bbox 1873 3219 1911 3274; x_wconf 80' lang='lat' dir='ltr'>C</span> 
     </span>
    </p>
   </div>
   <div class='ocr_carea' id='block_1_32' title="bbox 232 3273 1834 3354">
    <p class='ocr_par' dir='ltr' id='par_1_32' title="bbox 232 3273 1834 3354">
     <span class='ocr_line' id='line_1_32' title="bbox 232 3273 1834 3354; baseline 0.002 -24"><span class='ocrx_word' id='word_1_224' title='bbox 232 3275 353 3347; x_wconf 85' lang='lat'><strong>(77)</strong></span> <span class='ocrx_word' id='word_1_225' title='bbox 412 3273 578 3347; x_wconf 74' lang='grc' dir='ltr'>ἀφῆκε</span> <span class='ocrx_word' id='word_1_226' title='bbox 625 3281 793 3348; x_wconf 69' lang='grc' dir='ltr'>φωνην</span> <span class='ocrx_word' id='word_1_227' title='bbox 831 3277 1005 3330; x_wconf 85' lang='grc' dir='ltr'>εἰπών’</span> <span class='ocrx_word' id='word_1_228' title='bbox 1047 3279 1214 3340; x_wconf 81' lang='grc' dir='ltr'>Οὗτός</span> <span class='ocrx_word' id='word_1_229' title='bbox 1248 3278 1387 3332; x_wconf 77' lang='grc' dir='ltr'>ἔστιν</span> <span class='ocrx_word' id='word_1_230' title='bbox 1441 3283 1467 3333; x_wconf 92' lang='lat'><strong>6</strong></span> <span class='ocrx_word' id='word_1_231' title='bbox 1516 3285 1634 3344; x_wconf 85' lang='grc' dir='ltr'>Υἱός</span> <span class='ocrx_word' id='word_1_232' title='bbox 1677 3301 1778 3354; x_wconf 83' lang='grc' dir='ltr'><strong>μου</strong></span> <span class='ocrx_word' id='word_1_233' title='bbox 1809 3283 1834 3333; x_wconf 91' lang='grc' dir='ltr'><strong>ό</strong></span> 
     </span>
    </p>
   </div>
   <div class='ocr_carea' id='block_1_33' title="bbox 235 3362 1834 3436">
    <p class='ocr_par' dir='ltr' id='par_1_33' title="bbox 235 3362 1834 3436">
     <span class='ocr_line' id='line_1_33' title="bbox 235 3362 1834 3436; baseline 0.004 -21"><span class='ocrx_word' id='word_1_234' title='bbox 235 3362 530 3436; x_wconf 74' lang='grc' dir='ltr'>ἀγαπητὸς,</span> <span class='ocrx_word' id='word_1_235' title='bbox 553 3367 602 3417; x_wconf 72' lang='grc' dir='ltr'>ἓν</span> <span class='ocrx_word' id='word_1_236' title='bbox 632 3363 673 3418; x_wconf 82' lang='grc' dir='ltr'><strong><em>ὧ</em></strong></span> <span class='ocrx_word' id='word_1_237' title='bbox 701 3365 986 3425; x_wconf 67' lang='grc' dir='ltr'>εὐδόκησα.</span> <span class='ocrx_word' id='word_1_238' title='bbox 1023 3373 1124 3421; x_wconf 78' lang='grc' dir='ltr'><strong>Καὶ</strong></span> <span class='ocrx_word' id='word_1_239' title='bbox 1157 3372 1400 3427; x_wconf 86' lang='grc' dir='ltr'>τοιαύτην</span> <span class='ocrx_word' id='word_1_240' title='bbox 1425 3369 1573 3424; x_wconf 76' lang='grc' dir='ltr'>κάκεῖ</span> <span class='ocrx_word' id='word_1_241' title='bbox 1601 3376 1694 3429; x_wconf 84' lang='grc' dir='ltr'>τὴν</span> <span class='ocrx_word' id='word_1_242' title='bbox 1723 3369 1834 3434; x_wconf 80' lang='grc' dir='ltr'><strong>ίξή-</strong></span> 
     </span>
    </p>
   </div>
   <div class='ocr_carea' id='block_1_34' title="bbox 230 3453 1837 3529">
    <p class='ocr_par' dir='ltr' id='par_1_34' title="bbox 230 3453 1837 3529">
     <span class='ocr_line' id='line_1_34' title="bbox 230 3453 1837 3529; baseline 0.004 -22"><span class='ocrx_word' id='word_1_243' title='bbox 230 3474 394 3526; x_wconf 89' lang='grc' dir='ltr'>γησιν</span> <span class='ocrx_word' id='word_1_244' title='bbox 434 3453 814 3527; x_wconf 74' lang='grc' dir='ltr'>ἐποιησάμεθα,</span> <span class='ocrx_word' id='word_1_245' title='bbox 852 3460 950 3509; x_wconf 74' lang='grc' dir='ltr'><strong>Καὶ</strong></span> <span class='ocrx_word' id='word_1_246' title='bbox 989 3459 1244 3529; x_wconf 77' lang='grc' dir='ltr'>ἀνάγνωθι</span> <span class='ocrx_word' id='word_1_247' title='bbox 1271 3456 1531 3529; x_wconf 77' lang='grc' dir='ltr'>κάκείνην,</span> <span class='ocrx_word' id='word_1_248' title='bbox 1580 3465 1668 3513; x_wconf 85' lang='grc' dir='ltr'>καὶ</span> <span class='ocrx_word' id='word_1_249' title='bbox 1729 3458 1837 3512; x_wconf 74' lang='grc' dir='ltr'>ἔπι-</span> 
     </span>
    </p>
   </div>
   <div class='ocr_carea' id='block_1_35' title="bbox 231 3541 1832 3620">
    <p class='ocr_par' dir='ltr' id='par_1_35' title="bbox 231 3541 1832 3620">
     <span class='ocr_line' id='line_1_35' title="bbox 231 3541 1832 3620; baseline 0.007 -25"><span class='ocrx_word' id='word_1_250' title='bbox 231 3550 413 3616; x_wconf 77' lang='grc' dir='ltr'>γνώσῃ</span> <span class='ocrx_word' id='word_1_251' title='bbox 445 3547 782 3617; x_wconf 74' lang='grc' dir='ltr'>σαφέστερον,</span> <span class='ocrx_word' id='word_1_252' title='bbox 831 3549 901 3598; x_wconf 86' lang='grc' dir='ltr'><strong>Τό</strong></span> <span class='ocrx_word' id='word_1_253' title='bbox 931 3541 1011 3611; x_wconf 69' lang='grc' dir='ltr'><strong>δε,</strong></span> <span class='ocrx_word' id='word_1_254' title='bbox 1062 3547 1147 3608; x_wconf 81' lang='grc' dir='ltr'><strong>Εἰς</strong></span> <span class='ocrx_word' id='word_1_255' title='bbox 1201 3548 1254 3599; x_wconf 87' lang='grc' dir='ltr'>ὄν</span> <span class='ocrx_word' id='word_1_256' title='bbox 1297 3544 1581 3606; x_wconf 86' lang='grc' dir='ltr'>εύδόκησεν</span> <span class='ocrx_word' id='word_1_257' title='bbox 1612 3551 1641 3607; x_wconf 83' lang='grc' dir='ltr'><strong>ἠ</strong></span> <span class='ocrx_word' id='word_1_258' title='bbox 1677 3547 1832 3620; x_wconf 71' lang='grc' dir='ltr'>ψυχή</span> 
     </span>
    </p>
   </div>
   <div class='ocr_carea' id='block_1_36' title="bbox 231 3630 1839 3708">
    <p class='ocr_par' dir='ltr' id='par_1_36' title="bbox 231 3630 1839 3708">
     <span class='ocr_line' id='line_1_36' title="bbox 231 3630 1839 3708; baseline 0.004 -24"><span class='ocrx_word' id='word_1_259' title='bbox 231 3653 360 3705; x_wconf 83' lang='grc' dir='ltr'>μου,</span> <span class='ocrx_word' id='word_1_260' title='bbox 390 3631 508 3686; x_wconf 77' lang='grc' dir='ltr'>ἀντὶ</span> <span class='ocrx_word' id='word_1_261' title='bbox 531 3641 645 3699; x_wconf 89' lang='grc' dir='ltr'>τοῦ,</span> <span class='ocrx_word' id='word_1_262' title='bbox 679 3632 763 3695; x_wconf 81' lang='grc' dir='ltr'><strong>Εἰς</strong></span> <span class='ocrx_word' id='word_1_263' title='bbox 788 3634 842 3686; x_wconf 84' lang='grc' dir='ltr'><strong>όν</strong></span> <span class='ocrx_word' id='word_1_264' title='bbox 877 3630 1147 3694; x_wconf 73' lang='grc' dir='ltr'>εὐδόκησα</span> <span class='ocrx_word' id='word_1_265' title='bbox 1167 3635 1284 3708; x_wconf 74' lang='grc' dir='ltr'><strong>ἐγώ.</strong></span> <span class='ocrx_word' id='word_1_266' title='bbox 1317 3637 1485 3690; x_wconf 84' lang='grc' dir='ltr'>Πολλὰ</span> <span class='ocrx_word' id='word_1_267' title='bbox 1519 3633 1577 3690; x_wconf 67' lang='grc' dir='ltr'>δὲ</span> <span class='ocrx_word' id='word_1_268' title='bbox 1620 3644 1839 3690; x_wconf 87' lang='grc' dir='ltr'>τοιαῦτα</span> 
     </span>
    </p>
   </div>
   <div class='ocr_carea' id='block_1_37' title="bbox 231 3722 1840 3799">
    <p class='ocr_par' dir='ltr' id='par_1_37' title="bbox 231 3722 1840 3799">
     <span class='ocr_line' id='line_1_37' title="bbox 231 3722 1840 3799; baseline 0.004 -25"><span class='ocrx_word' id='word_1_269' title='bbox 231 3722 648 3796; x_wconf 82' lang='grc' dir='ltr'>όινθρωποπρεπῆ</span> <span class='ocrx_word' id='word_1_270' title='bbox 679 3741 837 3795; x_wconf 74' lang='grc' dir='ltr'>φησιν</span> <span class='ocrx_word' id='word_1_271' title='bbox 865 3724 894 3781; x_wconf 82' lang='grc' dir='ltr'>ἡ</span> <span class='ocrx_word' id='word_1_272' title='bbox 927 3723 1130 3776; x_wconf 75' lang='grc' dir='ltr'>Παλαιὰ</span> <span class='ocrx_word' id='word_1_273' title='bbox 1144 3730 1319 3799; x_wconf 77' lang='grc' dir='ltr'>Γραφὴ</span> <span class='ocrx_word' id='word_1_274' title='bbox 1345 3725 1429 3779; x_wconf 71' lang='grc' dir='ltr'><strong>ἐπὶ</strong></span> <span class='ocrx_word' id='word_1_275' title='bbox 1448 3734 1540 3779; x_wconf 86' lang='grc' dir='ltr'><strong>τοῦ</strong></span> <span class='ocrx_word' id='word_1_276' title='bbox 1561 3733 1714 3791; x_wconf 88' lang='grc' dir='ltr'>Θεοῦ,</span> <span class='ocrx_word' id='word_1_277' title='bbox 1745 3723 1840 3780; x_wconf 81' lang='grc' dir='ltr'><strong>δια</strong></span> 
     </span>
    </p>
   </div>
   <div class='ocr_carea' id='block_1_38' title="bbox 231 3807 1840 3888">
    <p class='ocr_par' dir='ltr' id='par_1_38' title="bbox 231 3807 1840 3888">
     <span class='ocr_line' id='line_1_38' title="bbox 231 3807 1840 3888; baseline 0.005 -26"><span class='ocrx_word' id='word_1_278' title='bbox 231 3816 327 3870; x_wconf 78' lang='grc' dir='ltr'>τὴν</span> <span class='ocrx_word' id='word_1_279' title='bbox 355 3813 646 3884; x_wconf 86' lang='grc' dir='ltr'>παχύτητα</span> <span class='ocrx_word' id='word_1_280' title='bbox 673 3819 767 3873; x_wconf 85' lang='grc' dir='ltr'>τῆς</span> <span class='ocrx_word' id='word_1_281' title='bbox 789 3807 1020 3873; x_wconf 84' lang='grc' dir='ltr'>διανοίας</span> <span class='ocrx_word' id='word_1_282' title='bbox 1049 3821 1148 3864; x_wconf 87' lang='grc' dir='ltr'>τῶν</span> <span class='ocrx_word' id='word_1_283' title='bbox 1177 3812 1445 3888; x_wconf 80' lang='grc' dir='ltr'>Ἐϐραίων,</span> <span class='ocrx_word' id='word_1_284' title='bbox 1477 3815 1514 3868; x_wconf 84' lang='grc' dir='ltr'>οἷ</span> <span class='ocrx_word' id='word_1_285' title='bbox 1530 3821 1639 3888; x_wconf 81' lang='grc' dir='ltr'><strong>χρὴ</strong></span> <span class='ocrx_word' id='word_1_286' title='bbox 1670 3818 1840 3870; x_wconf 77' lang='grc' dir='ltr'>πάντα</span> 
     </span>
    </p>
   </div>
   <div class='ocr_carea' id='block_1_39' title="bbox 234 3903 708 3976">
    <p class='ocr_par' dir='ltr' id='par_1_39' title="bbox 234 3903 708 3976">
     <span class='ocr_line' id='line_1_39' title="bbox 234 3903 708 3976; baseline 0.004 -22"><span class='ocrx_word' id='word_1_287' title='bbox 234 3903 504 3976; x_wconf 83' lang='grc' dir='ltr'>θεοπρεπῶ</span> <span class='ocrx_word' id='word_1_288' title='bbox 515 3922 536 3964; x_wconf 88' lang='grc' dir='ltr'><strong>ς</strong></span> <span class='ocrx_word' id='word_1_289' title='bbox 558 3908 708 3956; x_wconf 88' lang='grc' dir='ltr'>νοεῖν.</span> 
     </span>
    </p>
   </div>
   <div class='ocr_carea' id='block_1_40' title="bbox 309 4153 1839 4232">
    <p class='ocr_par' dir='ltr' id='par_1_40' title="bbox 309 4153 1839 4232">
     <span class='ocr_line' id='line_1_40' title="bbox 309 4153 1839 4232; baseline 0.005 -29"><span class='ocrx_word' id='word_1_290' title='bbox 309 4156 478 4210; x_wconf 84' lang='grc' dir='ltr'><strong>Θήσω</strong></span> <span class='ocrx_word' id='word_1_291' title='bbox 519 4183 588 4194; x_wconf 93' lang='grc'><strong><em>-</em></strong></span> <span class='ocrx_word' id='word_1_292' title='bbox 633 4153 808 4209; x_wconf 77' lang='grc' dir='ltr'>αὐτόν.</span> <span class='ocrx_word' id='word_1_293' title='bbox 867 4160 993 4229; x_wconf 82' lang='grc' dir='ltr'>Περὶ</span> <span class='ocrx_word' id='word_1_294' title='bbox 1040 4163 1132 4209; x_wconf 85' lang='grc' dir='ltr'><strong>τοῦ</strong></span> <span class='ocrx_word' id='word_1_295' title='bbox 1184 4156 1672 4232; x_wconf 78' lang='grc' dir='ltr'>ίνανθρωπήσαντος</span> <span class='ocrx_word' id='word_1_296' title='bbox 1722 4160 1839 4212; x_wconf 78' lang='grc' dir='ltr'>υἱοῦ</span> 
     </span>
    </p>
   </div>
   <div class='ocr_carea' id='block_1_41' title="bbox 234 4243 1836 4322">
    <p class='ocr_par' dir='ltr' id='par_1_41' title="bbox 234 4243 1836 4322">
     <span class='ocr_line' id='line_1_41' title="bbox 234 4243 1836 4322; baseline 0.005 -28"><span class='ocrx_word' id='word_1_297' title='bbox 234 4250 391 4295; x_wconf 87' lang='grc' dir='ltr'>τοῦτο</span> <span class='ocrx_word' id='word_1_298' title='bbox 445 4245 664 4317; x_wconf 81' lang='grc' dir='ltr'>εἴρηκεν,</span> <span class='ocrx_word' id='word_1_299' title='bbox 724 4246 794 4306; x_wconf 83' lang='grc' dir='ltr'>ὡς</span> <span class='ocrx_word' id='word_1_300' title='bbox 846 4249 966 4318; x_wconf 80' lang='grc' dir='ltr'>περὶ</span> <span class='ocrx_word' id='word_1_301' title='bbox 1012 4243 1304 4321; x_wconf 81' lang='grc' dir='ltr'>ἀνθρώπου,</span> <span class='ocrx_word' id='word_1_302' title='bbox 1355 4252 1736 4320; x_wconf 86' lang='grc' dir='ltr'>προκόπτοντος</span> <span class='ocrx_word' id='word_1_303' title='bbox 1775 4256 1836 4322; x_wconf 73' lang='grc' dir='ltr'><strong>τῇ</strong></span> 
     </span>
    </p>
   </div>
   <div class='ocr_carea' id='block_1_42' title="bbox 237 4333 1841 4411">
    <p class='ocr_par' dir='ltr' id='par_1_42' title="bbox 237 4333 1841 4411">
     <span class='ocr_line' id='line_1_42' title="bbox 237 4333 1841 4411; baseline 0.004 -29"><span class='ocrx_word' id='word_1_304' title='bbox 237 4333 568 4403; x_wconf 79' lang='grc' dir='ltr'>ἑπιφοιτησει</span> <span class='ocrx_word' id='word_1_305' title='bbox 595 4340 688 4385; x_wconf 87' lang='grc' dir='ltr'><strong>τοῦ</strong></span> <span class='ocrx_word' id='word_1_306' title='bbox 719 4339 976 4402; x_wconf 88' lang='grc' dir='ltr'>παναγίου</span> <span class='ocrx_word' id='word_1_307' title='bbox 1010 4338 1328 4408; x_wconf 85' lang='grc' dir='ltr'>Πνεύματος,</span> <span class='ocrx_word' id='word_1_308' title='bbox 1357 4341 1475 4411; x_wconf 82' lang='grc' dir='ltr'>περὶ</span> <span class='ocrx_word' id='word_1_309' title='bbox 1504 4336 1565 4389; x_wconf 79' lang='grc' dir='ltr'>οὗ</span> <span class='ocrx_word' id='word_1_310' title='bbox 1595 4341 1726 4409; x_wconf 74' lang='grc' dir='ltr'><strong>φησί</strong></span> <span class='ocrx_word' id='word_1_311' title='bbox 1752 4341 1841 4389; x_wconf 79' lang='grc' dir='ltr'><strong>καὶ</strong></span> 
     </span>
    </p>
   </div>
   <div class='ocr_carea' id='block_1_43' title="bbox 238 4420 1841 4501">
    <p class='ocr_par' dir='ltr' id='par_1_43' title="bbox 238 4420 1841 4501">
     <span class='ocr_line' id='line_1_43' title="bbox 238 4420 1841 4501; baseline 0.005 -29"><span class='ocrx_word' id='word_1_312' title='bbox 238 4421 266 4472; x_wconf 90' lang='lat'><strong>6</strong></span> <span class='ocrx_word' id='word_1_313' title='bbox 286 4426 518 4482; x_wconf 63' lang='grc' dir='ltr'>Λουκᾶς</span> <span class='ocrx_word' id='word_1_314' title='bbox 547 4427 617 4475; x_wconf 90' lang='grc' dir='ltr'>Τό</span> <span class='ocrx_word' id='word_1_315' title='bbox 646 4420 704 4476; x_wconf 74' lang='grc' dir='ltr'><strong>δε</strong></span> <span class='ocrx_word' id='word_1_316' title='bbox 737 4420 951 4476; x_wconf 87' lang='grc' dir='ltr'>παιδίον</span> <span class='ocrx_word' id='word_1_317' title='bbox 983 4424 1169 4488; x_wconf 78' lang='grc' dir='ltr'>ηὔξανε</span> <span class='ocrx_word' id='word_1_318' title='bbox 1203 4431 1292 4478; x_wconf 85' lang='grc' dir='ltr'>καὶ</span> <span class='ocrx_word' id='word_1_319' title='bbox 1320 4425 1656 4501; x_wconf 79' lang='grc' dir='ltr'>ἐκραταιοῦτο</span> <span class='ocrx_word' id='word_1_320' title='bbox 1696 4427 1841 4480; x_wconf 83' lang='grc' dir='ltr'>πνεύ·</span> 
     </span>
    </p>
   </div>
   <div class='ocr_carea' id='block_1_44' title="bbox 238 4510 1840 4588">
    <p class='ocr_par' dir='ltr' id='par_1_44' title="bbox 238 4510 1840 4588">
     <span class='ocr_line' id='line_1_44' title="bbox 238 4510 1840 4588; baseline 0.004 -27"><span class='ocrx_word' id='word_1_321' title='bbox 238 4530 389 4583; x_wconf 81' lang='grc' dir='ltr'>ματι,</span> <span class='ocrx_word' id='word_1_322' title='bbox 447 4510 794 4585; x_wconf 78' lang='grc' dir='ltr'>πληρούμενον</span> <span class='ocrx_word' id='word_1_323' title='bbox 845 4518 1048 4585; x_wconf 79' lang='grc' dir='ltr'>σοφίας,</span> <span class='ocrx_word' id='word_1_324' title='bbox 1114 4519 1204 4567; x_wconf 81' lang='grc' dir='ltr'><strong>καὶ</strong></span> <span class='ocrx_word' id='word_1_325' title='bbox 1245 4516 1406 4588; x_wconf 80' lang='grc' dir='ltr'>χάρις</span> <span class='ocrx_word' id='word_1_326' title='bbox 1462 4521 1596 4569; x_wconf 85' lang='grc' dir='ltr'>Θεοῦ</span> <span class='ocrx_word' id='word_1_327' title='bbox 1646 4512 1706 4574; x_wconf 79' lang='grc' dir='ltr'>ἧν</span> <span class='ocrx_word' id='word_1_328' title='bbox 1763 4514 1840 4568; x_wconf 71' lang='grc' dir='ltr'><strong>ἐπ’</strong></span> 
     </span>
    </p>
   </div>
   <div class='ocr_carea' id='block_1_45' title="bbox 240 4572 1919 4652">
    <p class='ocr_par' dir='ltr' id='par_1_45' title="bbox 240 4572 1919 4652">
     <span class='ocr_line' id='line_1_45' title="bbox 240 4572 1919 4652; baseline -0.002 -1"><span class='ocrx_word' id='word_1_329' title='bbox 240 4599 391 4652; x_wconf 71' lang='grc' dir='ltr'>αὐτό.</span> <span class='ocrx_word' id='word_1_330' title='bbox 660 4625 665 4631; x_wconf 63' lang='grc' dir='ltr'><em>λ</em></span> <span class='ocrx_word' id='word_1_331' title='bbox 915 4572 925 4585; x_wconf 48' lang='grc' dir='ltr'><strong>Ι</strong></span> <span class='ocrx_word' id='word_1_332' title='bbox 1245 4572 1288 4586; x_wconf 52' lang='grc' dir='ltr'><em>η</em></span> <span class='ocrx_word' id='word_1_333' title='bbox 1326 4572 1334 4588; x_wconf 45' lang='grc' dir='ltr'>ι</span> <span class='ocrx_word' id='word_1_334' title='bbox 1874 4572 1919 4627; x_wconf 80' lang='lat' dir='ltr'><strong>D</strong></span> 
     </span>
    </p>
   </div>
   <div class='ocr_carea' id='block_1_46' title="bbox 317 4688 1840 4764">
    <p class='ocr_par' dir='ltr' id='par_1_46' title="bbox 317 4688 1840 4764">
     <span class='ocr_line' id='line_1_46' title="bbox 317 4688 1840 4764; baseline 0.003 -23"><span class='ocrx_word' id='word_1_335' title='bbox 317 4694 420 4742; x_wconf 75' lang='lat' dir='ltr'><strong>Kal</strong></span> <span class='ocrx_word' id='word_1_336' title='bbox 453 4720 517 4730; x_wconf 93' lang='lat'><strong>—</strong></span> <span class='ocrx_word' id='word_1_337' title='bbox 541 4688 841 4762; x_wconf 73' lang='grc' dir='ltr'>ἀπαγγελεῖ.</span> <span class='ocrx_word' id='word_1_338' title='bbox 875 4695 1060 4764; x_wconf 79' lang='grc' dir='ltr'>Κρίσιν</span> <span class='ocrx_word' id='word_1_339' title='bbox 1089 4691 1245 4756; x_wconf 70' lang='grc' dir='ltr'>λέιει,</span> <span class='ocrx_word' id='word_1_340' title='bbox 1274 4695 1360 4744; x_wconf 89' lang='grc' dir='ltr'><strong>τόν</strong></span> <span class='ocrx_word' id='word_1_341' title='bbox 1392 4693 1714 4764; x_wconf 78' lang='grc' dir='ltr'>εύαγγελικόν</span> <span class='ocrx_word' id='word_1_342' title='bbox 1758 4700 1840 4746; x_wconf 86' lang='grc' dir='ltr'>νό-</span> 
     </span>
    </p>
   </div>
   <div class='ocr_carea' id='block_1_47' title="bbox 241 4777 1842 4852">
    <p class='ocr_par' dir='ltr' id='par_1_47' title="bbox 241 4777 1842 4852">
     <span class='ocr_line' id='line_1_47' title="bbox 241 4777 1842 4852; baseline 0.004 -23"><span class='ocrx_word' id='word_1_343' title='bbox 241 4797 358 4852; x_wconf 80' lang='grc' dir='ltr'>μον,</span> <span class='ocrx_word' id='word_1_344' title='bbox 398 4779 452 4829; x_wconf 85' lang='grc' dir='ltr'>ὃν</span> <span class='ocrx_word' id='word_1_345' title='bbox 474 4777 700 4852; x_wconf 83' lang='grc' dir='ltr'>ἐχὴρυξε</span> <span class='ocrx_word' id='word_1_346' title='bbox 728 4785 830 4840; x_wconf 82' lang='grc' dir='ltr'>τοῖς</span> <span class='ocrx_word' id='word_1_347' title='bbox 859 4781 1026 4833; x_wconf 74' lang='grc' dir='ltr'>ἔθνεσι</span> <span class='ocrx_word' id='word_1_348' title='bbox 1056 4777 1092 4833; x_wconf 87' lang='grc' dir='ltr'><strong>δ</strong></span> <span class='ocrx_word' id='word_1_349' title='bbox 1097 4784 1150 4833; x_wconf 79' lang='grc' dir='ltr'><strong>ιὰ</strong></span> <span class='ocrx_word' id='word_1_350' title='bbox 1196 4789 1296 4833; x_wconf 84' lang='grc' dir='ltr'>τῶν</span> <span class='ocrx_word' id='word_1_351' title='bbox 1328 4780 1645 4834; x_wconf 80' lang='grc' dir='ltr'>ἁποστόλων’</span> <span class='ocrx_word' id='word_1_352' title='bbox 1681 4785 1709 4842; x_wconf 74' lang='grc' dir='ltr'><strong><em>ἦ</em></strong></span> <span class='ocrx_word' id='word_1_353' title='bbox 1749 4789 1842 4843; x_wconf 77' lang='grc' dir='ltr'>τὴν</span> 
     </span>
    </p>
   </div>
   <div class='ocr_carea' id='block_1_48' title="bbox 242 4865 1842 4944">
    <p class='ocr_par' dir='ltr' id='par_1_48' title="bbox 242 4865 1842 4944">
     <span class='ocr_line' id='line_1_48' title="bbox 242 4865 1842 4944; baseline 0.003 -22"><span class='ocrx_word' id='word_1_354' title='bbox 242 4865 637 4940; x_wconf 80' lang='grc' dir='ltr'>δικαιοκρισίαν</span> <span class='ocrx_word' id='word_1_355' title='bbox 686 4867 867 4932; x_wconf 70' lang='grc' dir='ltr'>αὐτοῦ,</span> <span class='ocrx_word' id='word_1_356' title='bbox 919 4869 999 4921; x_wconf 86' lang='grc' dir='ltr'>ὅτι</span> <span class='ocrx_word' id='word_1_357' title='bbox 1042 4877 1142 4922; x_wconf 82' lang='grc' dir='ltr'>τῶν</span> <span class='ocrx_word' id='word_1_358' title='bbox 1171 4866 1439 4923; x_wconf 85' lang='grc' dir='ltr'>Ἰουδαίων</span> <span class='ocrx_word' id='word_1_359' title='bbox 1489 4870 1842 4944; x_wconf 81' lang='grc' dir='ltr'>ἁπωσαμίνων</span> 
     </span>
    </p>
   </div>
   <div class='ocr_carea' id='block_1_49' title="bbox 242 4957 1842 5037">
    <p class='ocr_par' dir='ltr' id='par_1_49' title="bbox 242 4957 1842 5037">
     <span class='ocr_line' id='line_1_49' title="bbox 242 4957 1842 5037; baseline 0.003 -26"><span class='ocrx_word' id='word_1_360' title='bbox 242 4957 424 5022; x_wconf 73' lang='grc' dir='ltr'>αὐτόν,</span> <span class='ocrx_word' id='word_1_361' title='bbox 457 4957 800 5031; x_wconf 78' lang='grc' dir='ltr'>προσελάϐετο</span> <span class='ocrx_word' id='word_1_362' title='bbox 841 4961 908 5011; x_wconf 83' lang='grc' dir='ltr'>τὰ</span> <span class='ocrx_word' id='word_1_363' title='bbox 938 4961 1078 5018; x_wconf 79' lang='grc' dir='ltr'>ἔθνη.</span> <span class='ocrx_word' id='word_1_364' title='bbox 1119 4967 1283 5014; x_wconf 87' lang='grc' dir='ltr'>Τοῦτο</span> <span class='ocrx_word' id='word_1_365' title='bbox 1311 4964 1410 5034; x_wconf 80' lang='grc' dir='ltr'><strong>γαρ</strong></span> <span class='ocrx_word' id='word_1_366' title='bbox 1443 4959 1628 5015; x_wconf 84' lang='grc' dir='ltr'>ὁικαία</span> <span class='ocrx_word' id='word_1_367' title='bbox 1669 4967 1842 5037; x_wconf 85' lang='grc' dir='ltr'>κρίσις</span> 
     </span>
    </p>
   </div>
   <div class='ocr_carea' id='block_1_50' title="bbox 243 5047 1840 5125">
    <p class='ocr_par' dir='ltr' id='par_1_50' title="bbox 243 5047 1840 5125">
     <span class='ocr_line' id='line_1_50' title="bbox 243 5047 1840 5125; baseline 0.002 -23"><span class='ocrx_word' id='word_1_368' title='bbox 243 5054 407 5109; x_wconf 81' lang='grc' dir='ltr'>ὄντως</span> <span class='ocrx_word' id='word_1_369' title='bbox 452 5051 616 5114; x_wconf 70' lang='grc' dir='ltr'>ἔστιν,</span> <span class='ocrx_word' id='word_1_370' title='bbox 671 5048 755 5100; x_wconf 79' lang='grc' dir='ltr'>ἵνα</span> <span class='ocrx_word' id='word_1_371' title='bbox 784 5052 855 5122; x_wconf 79' lang='grc' dir='ltr'>μὴ</span> <span class='ocrx_word' id='word_1_372' title='bbox 889 5047 1056 5102; x_wconf 77' lang='grc' dir='ltr'>τέλεον</span> <span class='ocrx_word' id='word_1_373' title='bbox 1085 5049 1340 5109; x_wconf 79' lang='grc' dir='ltr'>ἀπόληται</span> <span class='ocrx_word' id='word_1_374' title='bbox 1387 5053 1446 5103; x_wconf 91' lang='grc' dir='ltr'><strong>τό</strong></span> <span class='ocrx_word' id='word_1_375' title='bbox 1494 5051 1713 5125; x_wconf 78' lang='grc' dir='ltr'>πλάσμα</span> <span class='ocrx_word' id='word_1_376' title='bbox 1741 5061 1840 5105; x_wconf 86' lang='grc' dir='ltr'><strong>τῶν</strong></span> 
     </span>
    </p>
   </div>
   <div class='ocr_carea' id='block_1_51' title="bbox 242 5133 646 5214">
    <p class='ocr_par' dir='ltr' id='par_1_51' title="bbox 242 5133 646 5214">
     <span class='ocr_line' id='line_1_51' title="bbox 242 5133 646 5214; baseline 0 -22"><span class='ocrx_word' id='word_1_377' title='bbox 242 5146 441 5214; x_wconf 82' lang='grc' dir='ltr'>χειρῶν</span> <span class='ocrx_word' id='word_1_378' title='bbox 467 5133 646 5193; x_wconf 81' lang='grc' dir='ltr'>αύτοῦ.</span> 
     </span>
    </p>
   </div>
   <div class='ocr_carea' id='block_1_52' title="bbox 316 5227 1838 5305">
    <p class='ocr_par' dir='ltr' id='par_1_52' title="bbox 316 5227 1838 5305">
     <span class='ocr_line' id='line_1_52' title="bbox 316 5227 1838 5305; baseline 0.002 -24"><span class='ocrx_word' id='word_1_379' title='bbox 316 5228 432 5283; x_wconf 72' lang='grc' dir='ltr'>Οὐκ</span> <span class='ocrx_word' id='word_1_380' title='bbox 477 5257 547 5269; x_wconf 90' lang='lat'><strong>--</strong></span> <span class='ocrx_word' id='word_1_381' title='bbox 604 5231 698 5286; x_wconf 79' lang='grc' dir='ltr'><strong>την</strong></span> <span class='ocrx_word' id='word_1_382' title='bbox 751 5231 920 5300; x_wconf 70' lang='grc' dir='ltr'>φωνὴν</span> <span class='ocrx_word' id='word_1_383' title='bbox 977 5227 1156 5281; x_wconf 87' lang='grc' dir='ltr'>αύτοῦ.</span> <span class='ocrx_word' id='word_1_384' title='bbox 1203 5229 1298 5281; x_wconf 85' lang='grc' dir='ltr'>Διὰ</span> <span class='ocrx_word' id='word_1_385' title='bbox 1345 5235 1511 5282; x_wconf 90' lang='grc' dir='ltr'>ταῦτα</span> <span class='ocrx_word' id='word_1_386' title='bbox 1573 5231 1636 5282; x_wconf 79' lang='grc' dir='ltr'><strong>τὰ</strong></span> <span class='ocrx_word' id='word_1_387' title='bbox 1684 5229 1838 5305; x_wconf 82' lang='grc' dir='ltr'>ῥητὰ,</span> 
     </span>
    </p>
   </div>
   <div class='ocr_carea' id='block_1_53' title="bbox 243 5316 1843 5393">
    <p class='ocr_par' dir='ltr' id='par_1_53' title="bbox 243 5316 1843 5393">
     <span class='ocr_line' id='line_1_53' title="bbox 243 5316 1843 5393; baseline 0 -22"><span class='ocrx_word' id='word_1_388' title='bbox 243 5323 340 5378; x_wconf 78' lang='grc' dir='ltr'>τήν</span> <span class='ocrx_word' id='word_1_389' title='bbox 394 5317 518 5376; x_wconf 85' lang='grc' dir='ltr'>ὅλην</span> <span class='ocrx_word' id='word_1_390' title='bbox 547 5316 790 5370; x_wconf 71' lang='grc' dir='ltr'>ἐντέθεικε</span> <span class='ocrx_word' id='word_1_391' title='bbox 843 5321 1179 5391; x_wconf 77' lang='grc' dir='ltr'>προφητείαν.</span> <span class='ocrx_word' id='word_1_392' title='bbox 1227 5320 1578 5392; x_wconf 80' lang='grc' dir='ltr'>Μακρόθυμος</span> <span class='ocrx_word' id='word_1_393' title='bbox 1623 5321 1725 5393; x_wconf 80' lang='grc' dir='ltr'>γὰρ</span> <span class='ocrx_word' id='word_1_394' title='bbox 1775 5319 1843 5371; x_wconf 82' lang='grc' dir='ltr'>ὢν</span> 
     </span>
    </p>
   </div>
   <div class='ocr_carea' id='block_1_54' title="bbox 315 5468 1344 5538">
    <p class='ocr_par' dir='ltr' id='par_1_54' title="bbox 315 5468 1344 5538">
     <span class='ocr_line' id='line_1_54' title="bbox 315 5468 1344 5538; baseline 0.003 -14"><span class='ocrx_word' id='word_1_395' title='bbox 315 5472 365 5506; x_wconf 80' lang='grc'><strong>⁷⁸</strong></span> <span class='ocrx_word' id='word_1_396' title='bbox 395 5468 601 5526; x_wconf 88' lang='lat' dir='ltr'><strong>Matth.</strong></span> <span class='ocrx_word' id='word_1_397' title='bbox 625 5485 706 5535; x_wconf 82' lang='lat' dir='ltr'><strong>Ill,</strong></span> <span class='ocrx_word' id='word_1_398' title='bbox 743 5473 826 5526; x_wconf 71' lang='lat'><strong>19.</strong></span> <span class='ocrx_word' id='word_1_399' title='bbox 912 5470 960 5505; x_wconf 78' lang='grc'><strong>⁷⁸</strong></span> <span class='ocrx_word' id='word_1_400' title='bbox 998 5469 1136 5526; x_wconf 89' lang='lat' dir='ltr'><strong>Luc.</strong></span> <span class='ocrx_word' id='word_1_401' title='bbox 1167 5485 1226 5538; x_wconf 80' lang='grc' dir='ltr'><strong>ιι,</strong></span> <span class='ocrx_word' id='word_1_402' title='bbox 1257 5471 1344 5527; x_wconf 74' lang='grc'><strong>40.</strong></span> 
     </span>
    </p>
   </div>
   <div class='ocr_carea' id='block_1_55' title="bbox 1186 386 2657 455">
    <p class='ocr_par' dir='ltr' id='par_1_55' title="bbox 1186 386 2657 455">
     <span class='ocr_line' id='line_1_55' title="bbox 1186 386 2657 455; baseline -0.009 0"><span class='ocrx_word' id='word_1_403' title='bbox 1186 396 1555 455; x_wconf 84' lang='lat' dir='ltr'><strong>COMMENT.</strong></span> <span class='ocrx_word' id='word_1_404' title='bbox 1596 396 1666 452; x_wconf 86' lang='lat' dir='ltr'><strong>IN</strong></span> <span class='ocrx_word' id='word_1_405' title='bbox 1703 391 2157 452; x_wconf 59' lang='lat' dir='ltr'><strong>MATTHlEUM.</strong></span> <span class='ocrx_word' id='word_1_406' title='bbox 2206 421 2275 432; x_wconf 90' lang='lat'><strong><em>—</em></strong></span> <span class='ocrx_word' id='word_1_407' title='bbox 2312 389 2468 447; x_wconf 85' lang='lat' dir='ltr'><strong>CAP.</strong></span> <span class='ocrx_word' id='word_1_408' title='bbox 2508 386 2657 443; x_wconf 84' lang='lat' dir='ltr'><strong>XXI.</strong></span> 
     </span>
    </p>
   </div>
   <div class='ocr_carea' id='block_1_56' title="bbox 3494 379 3597 438">
    <p class='ocr_par' dir='ltr' id='par_1_56' title="bbox 3494 379 3597 438">
     <span class='ocr_line' id='line_1_56' title="bbox 3494 379 3597 438; baseline 0 0"><span class='ocrx_word' id='word_1_409' title='bbox 3494 379 3597 438; x_wconf 63' lang='lat'><strong>374</strong></span> 
     </span>
    </p>
   </div>
   <div class='ocr_carea' id='block_1_57' title="bbox 1942 502 3598 588">
    <p class='ocr_par' dir='ltr' id='par_1_57' title="bbox 1942 502 3598 588">
     <span class='ocr_line' id='line_1_57' title="bbox 1942 502 3598 588; baseline -0.007 -15"><span class='ocrx_word' id='word_1_410' title='bbox 1942 515 2193 573; x_wconf 68' lang='lat' dir='ltr'><strong>insanias</strong></span> <span class='ocrx_word' id='word_1_411' title='bbox 2217 514 2578 588; x_wconf 88' lang='lat' dir='ltr'><strong>permittere.</strong></span> <span class='ocrx_word' id='word_1_412' title='bbox 2599 509 2787 570; x_wconf 87' lang='lat' dir='ltr'>Simul</span> <span class='ocrx_word' id='word_1_413' title='bbox 2815 506 3162 580; x_wconf 87' lang='lat' dir='ltr'><strong>etiam,quia</strong></span> <span class='ocrx_word' id='word_1_414' title='bbox 3189 502 3464 564; x_wconf 86' lang='lat' dir='ltr'><strong>nondum</strong></span> <span class='ocrx_word' id='word_1_415' title='bbox 3493 504 3598 563; x_wconf 85' lang='lat' dir='ltr'><strong>ad-</strong></span> 
     </span>
    </p>
   </div>
   <div class='ocr_carea' id='block_1_58' title="bbox 1944 596 3597 676">
    <p class='ocr_par' dir='ltr' id='par_1_58' title="bbox 1944 596 3597 676">
     <span class='ocr_line' id='line_1_58' title="bbox 1944 596 3597 676; baseline -0.007 -13"><span class='ocrx_word' id='word_1_416' title='bbox 1944 609 2180 664; x_wconf 84' lang='lat' dir='ltr'><strong>venerat</strong></span> <span class='ocrx_word' id='word_1_417' title='bbox 2204 610 2438 676; x_wconf 88' lang='lat' dir='ltr'><strong>tempus</strong></span> <span class='ocrx_word' id='word_1_418' title='bbox 2498 603 2704 660; x_wconf 87' lang='lat' dir='ltr'><strong>mortis</strong></span> <span class='ocrx_word' id='word_1_419' title='bbox 2751 601 2958 673; x_wconf 85' lang='lat' dir='ltr'><strong>ipsius,</strong></span> <span class='ocrx_word' id='word_1_420' title='bbox 3008 597 3348 669; x_wconf 89' lang='lat' dir='ltr'><strong>multosque</strong></span> <span class='ocrx_word' id='word_1_421' title='bbox 3397 596 3597 653; x_wconf 88' lang='lat' dir='ltr'><strong>adhuc</strong></span> 
     </span>
    </p>
   </div>
   <div class='ocr_carea' id='block_1_59' title="bbox 1941 687 3200 768">
    <p class='ocr_par' dir='ltr' id='par_1_59' title="bbox 1941 687 3200 768">
     <span class='ocr_line' id='line_1_59' title="bbox 1941 687 3200 768; baseline -0.009 -16"><span class='ocrx_word' id='word_1_422' title='bbox 1941 694 2256 768; x_wconf 87' lang='lat' dir='ltr'><strong>oportebat</strong></span> <span class='ocrx_word' id='word_1_423' title='bbox 2279 692 2474 750; x_wconf 90' lang='lat' dir='ltr'><strong>curari</strong></span> <span class='ocrx_word' id='word_1_424' title='bbox 2501 708 2566 747; x_wconf 87' lang='lat' dir='ltr'><strong>ac</strong></span> <span class='ocrx_word' id='word_1_425' title='bbox 2601 690 2715 746; x_wconf 80' lang='lat' dir='ltr'><strong>frui</strong></span> <span class='ocrx_word' id='word_1_426' title='bbox 2745 689 3017 745; x_wconf 74' lang='lat' dir='ltr'><strong>doctrina</strong></span> <span class='ocrx_word' id='word_1_427' title='bbox 3045 687 3200 758; x_wconf 86' lang='lat' dir='ltr'><strong>ejus.</strong></span> 
     </span>
    </p>
   </div>
   <div class='ocr_carea' id='block_1_60' title="bbox 2015 774 3597 848">
    <p class='ocr_par' dir='ltr' id='par_1_60' title="bbox 2015 774 3597 848">
     <span class='ocr_line' id='line_1_60' title="bbox 2015 774 3597 848; baseline -0.006 -9"><span class='ocrx_word' id='word_1_428' title='bbox 2015 787 2178 841; x_wconf 90' lang='lat' dir='ltr'><strong>Vers.</strong></span> <span class='ocrx_word' id='word_1_429' title='bbox 2217 783 2300 838; x_wconf 81' lang='grc'><strong>16.</strong></span> <span class='ocrx_word' id='word_1_430' title='bbox 2331 783 2408 837; x_wconf 84' lang='lat' dir='ltr'><strong>Et</strong></span> <span class='ocrx_word' id='word_1_431' title='bbox 2435 812 2502 821; x_wconf 95' lang='lat'><strong><em>—</em></strong></span> <span class='ocrx_word' id='word_1_432' title='bbox 2527 797 2579 834; x_wconf 75' lang='grc' dir='ltr'>ν.</span> <span class='ocrx_word' id='word_1_433' title='bbox 2616 781 2708 836; x_wconf 78' lang='grc'><strong>15.</strong></span> <span class='ocrx_word' id='word_1_434' title='bbox 2745 780 3040 848; x_wconf 82' lang='lat' dir='ltr'><strong>facerent.</strong></span> <span class='ocrx_word' id='word_1_435' title='bbox 3070 777 3190 832; x_wconf 80' lang='lat' dir='ltr'><strong>Hoc</strong></span> <span class='ocrx_word' id='word_1_436' title='bbox 3217 774 3281 831; x_wconf 92' lang='lat' dir='ltr'><strong>in</strong></span> <span class='ocrx_word' id='word_1_437' title='bbox 3307 774 3438 831; x_wconf 91' lang='lat' dir='ltr'><strong>loco</strong></span> <span class='ocrx_word' id='word_1_438' title='bbox 3468 788 3597 831; x_wconf 89' lang='lat' dir='ltr'><strong>ver-</strong></span> 
     </span>
    </p>
   </div>
   <div class='ocr_carea' id='block_1_61' title="bbox 1941 863 3599 944">
    <p class='ocr_par' dir='ltr' id='par_1_61' title="bbox 1941 863 3599 944">
     <span class='ocr_line' id='line_1_61' title="bbox 1941 863 3599 944; baseline -0.007 -14"><span class='ocrx_word' id='word_1_439' title='bbox 1941 873 2088 930; x_wconf 86' lang='lat' dir='ltr'><strong>bum</strong></span> <span class='ocrx_word' id='word_1_440' title='bbox 2143 871 2421 944; x_wconf 76' lang='grc' dir='ltr'>ἕπετίμησε</span> <span class='ocrx_word' id='word_1_441' title='bbox 2474 870 2830 925; x_wconf 79' lang='lat' dir='ltr'><strong>intermutus</strong></span> <span class='ocrx_word' id='word_1_442' title='bbox 2891 871 2996 930; x_wconf 85' lang='lat' dir='ltr'><strong>est,</strong></span> <span class='ocrx_word' id='word_1_443' title='bbox 3063 863 3441 921; x_wconf 81' lang='lat' dir='ltr'><strong>tantumdem</strong></span> <span class='ocrx_word' id='word_1_444' title='bbox 3497 879 3599 919; x_wconf 80' lang='lat' dir='ltr'><strong>va-</strong></span> 
     </span>
    </p>
   </div>
   <div class='ocr_carea' id='block_1_62' title="bbox 1940 950 3596 1028">
    <p class='ocr_par' dir='ltr' id='par_1_62' title="bbox 1940 950 3596 1028">
     <span class='ocr_line' id='line_1_62' title="bbox 1940 950 3596 1028; baseline -0.005 -12"><span class='ocrx_word' id='word_1_445' title='bbox 1940 962 2037 1028; x_wconf 91' lang='lat' dir='ltr'><strong>let,</strong></span> <span class='ocrx_word' id='word_1_446' title='bbox 2070 976 2140 1018; x_wconf 93' lang='lat' dir='ltr'><strong>ac</strong></span> <span class='ocrx_word' id='word_1_447' title='bbox 2181 961 2227 1016; x_wconf 93' lang='lat' dir='ltr'><strong>si</strong></span> <span class='ocrx_word' id='word_1_448' title='bbox 2281 960 2470 1016; x_wconf 89' lang='lat' dir='ltr'><strong>dicas.</strong></span> <span class='ocrx_word' id='word_1_449' title='bbox 2511 957 2782 1028; x_wconf 61' lang='lat' dir='ltr'><strong>Praecepit</strong></span> <span class='ocrx_word' id='word_1_450' title='bbox 2812 961 2866 1010; x_wconf 89' lang='lat' dir='ltr'><strong>et</strong></span> <span class='ocrx_word' id='word_1_451' title='bbox 2914 953 3096 1009; x_wconf 87' lang='lat' dir='ltr'><strong>variis</strong></span> <span class='ocrx_word' id='word_1_452' title='bbox 3132 952 3334 1010; x_wconf 80' lang='lat' dir='ltr'><strong>verbis</strong></span> <span class='ocrx_word' id='word_1_453' title='bbox 3389 950 3596 1009; x_wconf 81' lang='lat' dir='ltr'><strong>suasit.</strong></span> 
     </span>
    </p>
   </div>
   <div class='ocr_carea' id='block_1_63' title="bbox 1941 1039 3599 1120">
    <p class='ocr_par' dir='ltr' id='par_1_63' title="bbox 1941 1039 3599 1120">
     <span class='ocr_line' id='line_1_63' title="bbox 1941 1039 3599 1120; baseline -0.007 -13"><span class='ocrx_word' id='word_1_454' title='bbox 1941 1050 2079 1106; x_wconf 88' lang='lat' dir='ltr'><strong>Vide</strong></span> <span class='ocrx_word' id='word_1_455' title='bbox 2139 1053 2340 1106; x_wconf 89' lang='lat' dir='ltr'><strong>autem</strong></span> <span class='ocrx_word' id='word_1_456' title='bbox 2405 1045 2716 1120; x_wconf 87' lang='lat' dir='ltr'><strong>quomodo</strong></span> <span class='ocrx_word' id='word_1_457' title='bbox 2790 1047 3144 1116; x_wconf 75' lang='lat' dir='ltr'><strong>aegrotorum</strong></span> <span class='ocrx_word' id='word_1_458' title='bbox 3227 1056 3437 1098; x_wconf 91' lang='lat' dir='ltr'><strong>curam</strong></span> <span class='ocrx_word' id='word_1_459' title='bbox 3494 1039 3599 1097; x_wconf 90' lang='lat' dir='ltr'><strong>ha-</strong></span> 
     </span>
    </p>
   </div>
   <div class='ocr_carea' id='block_1_64' title="bbox 1940 1128 3596 1204">
    <p class='ocr_par' dir='ltr' id='par_1_64' title="bbox 1940 1128 3596 1204">
     <span class='ocr_line' id='line_1_64' title="bbox 1940 1128 3596 1204; baseline -0.005 -10"><span class='ocrx_word' id='word_1_460' title='bbox 1940 1138 2054 1204; x_wconf 85' lang='lat' dir='ltr'><strong>bet,</strong></span> <span class='ocrx_word' id='word_1_461' title='bbox 2099 1141 2158 1195; x_wconf 88' lang='lat' dir='ltr'><strong>et</strong></span> <span class='ocrx_word' id='word_1_462' title='bbox 2207 1137 2552 1194; x_wconf 70' lang='lat' dir='ltr'><strong>Judaaorum</strong></span> <span class='ocrx_word' id='word_1_463' title='bbox 2603 1134 2827 1192; x_wconf 81' lang='lat' dir='ltr'><strong>devitat</strong></span> <span class='ocrx_word' id='word_1_464' title='bbox 2883 1131 3194 1200; x_wconf 79' lang='lat' dir='ltr'><strong>invidiam,</strong></span> <span class='ocrx_word' id='word_1_465' title='bbox 3242 1128 3596 1202; x_wconf 69' lang='lat' dir='ltr'><strong>praecipiens</strong></span> 
     </span>
    </p>
   </div>
   <div class='ocr_carea' id='block_1_65' title="bbox 1942 1218 3599 1294">
    <p class='ocr_par' dir='ltr' id='par_1_65' title="bbox 1942 1218 3599 1294">
     <span class='ocr_line' id='line_1_65' title="bbox 1942 1218 3599 1294; baseline -0.006 -11"><span class='ocrx_word' id='word_1_466' title='bbox 1942 1243 2015 1283; x_wconf 90' lang='lat' dir='ltr'><strong>ne</strong></span> <span class='ocrx_word' id='word_1_467' title='bbox 2045 1244 2103 1281; x_wconf 59' lang='lat' dir='ltr'><strong>se</strong></span> <span class='ocrx_word' id='word_1_468' title='bbox 2133 1225 2517 1282; x_wconf 82' lang='lat' dir='ltr'><strong>manifestum</strong></span> <span class='ocrx_word' id='word_1_469' title='bbox 2546 1223 2808 1280; x_wconf 80' lang='lat' dir='ltr'><strong>iacerent</strong></span> <span class='ocrx_word' id='word_1_470' title='bbox 2835 1220 3003 1294; x_wconf 90' lang='lat' dir='ltr'><strong>quod</strong></span> <span class='ocrx_word' id='word_1_471' title='bbox 3031 1224 3266 1276; x_wconf 86' lang='lat' dir='ltr'><strong>curaret</strong></span> <span class='ocrx_word' id='word_1_472' title='bbox 3290 1235 3306 1285; x_wconf 91' lang='lat'><strong>;</strong></span> <span class='ocrx_word' id='word_1_473' title='bbox 3339 1218 3599 1291; x_wconf 85' lang='lat' dir='ltr'><strong>plerum-</strong></span> 
     </span>
    </p>
   </div>
   <div class='ocr_carea' id='block_1_66' title="bbox 1939 1309 3596 1389">
    <p class='ocr_par' dir='ltr' id='par_1_66' title="bbox 1939 1309 3596 1389">
     <span class='ocr_line' id='line_1_66' title="bbox 1939 1309 3596 1389; baseline -0.006 -17"><span class='ocrx_word' id='word_1_474' title='bbox 1939 1333 2056 1389; x_wconf 85' lang='lat' dir='ltr'><strong>que</strong></span> <span class='ocrx_word' id='word_1_475' title='bbox 2087 1315 2246 1371; x_wconf 89' lang='lat' dir='ltr'><strong>enim</strong></span> <span class='ocrx_word' id='word_1_476' title='bbox 2276 1314 2543 1370; x_wconf 86' lang='lat' dir='ltr'><strong>futurum</strong></span> <span class='ocrx_word' id='word_1_477' title='bbox 2573 1316 2716 1378; x_wconf 85' lang='lat' dir='ltr'><strong>erat,</strong></span> <span class='ocrx_word' id='word_1_478' title='bbox 2749 1314 2815 1367; x_wconf 88' lang='lat' dir='ltr'><strong>ut</strong></span> <span class='ocrx_word' id='word_1_479' title='bbox 2849 1311 2965 1367; x_wconf 90' lang='lat' dir='ltr'><strong>hoc</strong></span> <span class='ocrx_word' id='word_1_480' title='bbox 3013 1309 3315 1366; x_wconf 81' lang='lat' dir='ltr'><strong>audientes</strong></span> <span class='ocrx_word' id='word_1_481' title='bbox 3345 1321 3596 1379; x_wconf 85' lang='lat' dir='ltr'><strong>exaspe-</strong></span> 
     </span>
    </p>
   </div>
   <div class='ocr_carea' id='block_1_67' title="bbox 1937 1398 3596 1470">
    <p class='ocr_par' dir='ltr' id='par_1_67' title="bbox 1937 1398 3596 1470">
     <span class='ocr_line' id='line_1_67' title="bbox 1937 1398 3596 1470; baseline -0.007 -8"><span class='ocrx_word' id='word_1_482' title='bbox 1937 1409 2234 1462; x_wconf 89' lang='lat' dir='ltr'><strong>rarentur.</strong></span> <span class='ocrx_word' id='word_1_483' title='bbox 2273 1403 2420 1470; x_wconf 88' lang='lat' dir='ltr'><strong>Quia</strong></span> <span class='ocrx_word' id='word_1_484' title='bbox 2443 1408 2646 1458; x_wconf 89' lang='lat' dir='ltr'><strong>autem</strong></span> <span class='ocrx_word' id='word_1_485' title='bbox 2694 1398 3048 1470; x_wconf 89' lang='lat' dir='ltr'><strong>hujusmodi</strong></span> <span class='ocrx_word' id='word_1_486' title='bbox 3085 1401 3449 1470; x_wconf 77' lang='lat' dir='ltr'><strong>praeceptum</strong></span> <span class='ocrx_word' id='word_1_487' title='bbox 3476 1410 3596 1467; x_wconf 70' lang='lat' dir='ltr'><strong>prie</strong></span> 
     </span>
    </p>
   </div>
   <div class='ocr_carea' id='block_1_68' title="bbox 1940 1483 3597 1564">
    <p class='ocr_par' dir='ltr' id='par_1_68' title="bbox 1940 1483 3597 1564">
     <span class='ocr_line' id='line_1_68' title="bbox 1940 1483 3597 1564; baseline -0.007 -14"><span class='ocrx_word' id='word_1_488' title='bbox 1940 1509 2163 1564; x_wconf 88' lang='lat' dir='ltr'><strong>magna</strong></span> <span class='ocrx_word' id='word_1_489' title='bbox 2191 1491 2652 1549; x_wconf 84' lang='lat' dir='ltr'><strong>mansuetudine</strong></span> <span class='ocrx_word' id='word_1_490' title='bbox 2682 1505 2753 1546; x_wconf 87' lang='lat' dir='ltr'><strong>ac</strong></span> <span class='ocrx_word' id='word_1_491' title='bbox 2783 1489 3022 1546; x_wconf 86' lang='lat' dir='ltr'><strong>lenitate</strong></span> <span class='ocrx_word' id='word_1_492' title='bbox 3052 1486 3327 1552; x_wconf 81' lang='lat' dir='ltr'><strong>faciebat,</strong></span> <span class='ocrx_word' id='word_1_493' title='bbox 3363 1483 3597 1541; x_wconf 85' lang='lat' dir='ltr'><strong>malens</strong></span> 
     </span>
    </p>
   </div>
   <div class='ocr_carea' id='block_1_69' title="bbox 1941 1570 3598 1655">
    <p class='ocr_par' dir='ltr' id='par_1_69' title="bbox 1941 1570 3598 1655">
     <span class='ocr_line' id='line_1_69' title="bbox 1941 1570 3598 1655; baseline -0.007 -17"><span class='ocrx_word' id='word_1_494' title='bbox 1941 1599 2114 1640; x_wconf 90' lang='lat' dir='ltr'><strong>suam</strong></span> <span class='ocrx_word' id='word_1_495' title='bbox 2177 1582 2432 1655; x_wconf 81' lang='lat' dir='ltr'><strong>gloriam</strong></span> <span class='ocrx_word' id='word_1_496' title='bbox 2481 1579 2712 1652; x_wconf 88' lang='lat' dir='ltr'><strong>penitus</strong></span> <span class='ocrx_word' id='word_1_497' title='bbox 2751 1576 3055 1642; x_wconf 89' lang='lat' dir='ltr'><strong>occultari,</strong></span> <span class='ocrx_word' id='word_1_498' title='bbox 3116 1590 3305 1648; x_wconf 86' lang='lat' dir='ltr'><strong>quam</strong></span> <span class='ocrx_word' id='word_1_499' title='bbox 3356 1573 3468 1629; x_wconf 90' lang='lat' dir='ltr'><strong>hos</strong></span> <span class='ocrx_word' id='word_1_500' title='bbox 3517 1570 3598 1628; x_wconf 91' lang='lat' dir='ltr'><strong>ad</strong></span> 
     </span>
    </p>
   </div>
   <div class='ocr_carea' id='block_1_70' title="bbox 1940 1662 3596 1745">
    <p class='ocr_par' dir='ltr' id='par_1_70' title="bbox 1940 1662 3596 1745">
     <span class='ocr_line' id='line_1_70' title="bbox 1940 1662 3596 1745; baseline -0.007 -17"><span class='ocrx_word' id='word_1_501' title='bbox 1940 1673 2235 1745; x_wconf 90' lang='lat' dir='ltr'><strong>majorem</strong></span> <span class='ocrx_word' id='word_1_502' title='bbox 2284 1670 2580 1726; x_wconf 88' lang='lat' dir='ltr'><strong>insaniam</strong></span> <span class='ocrx_word' id='word_1_503' title='bbox 2634 1667 2896 1736; x_wconf 89' lang='lat' dir='ltr'><strong>accendi,</strong></span> <span class='ocrx_word' id='word_1_504' title='bbox 2957 1664 3179 1722; x_wconf 88' lang='lat' dir='ltr'><strong>inducit</strong></span> <span class='ocrx_word' id='word_1_505' title='bbox 3237 1662 3596 1734; x_wconf 86' lang='lat' dir='ltr'><strong>prophetam</strong></span> 
     </span>
    </p>
   </div>
   <div class='ocr_carea' id='block_1_71' title="bbox 1940 1748 3598 1832">
    <p class='ocr_par' dir='ltr' id='par_1_71' title="bbox 1940 1748 3598 1832">
     <span class='ocr_line' id='line_1_71' title="bbox 1940 1748 3598 1832; baseline -0.005 -15"><span class='ocrx_word' id='word_1_506' title='bbox 1940 1760 2326 1831; x_wconf 79' lang='lat' dir='ltr'><strong>evangelista,</strong></span> <span class='ocrx_word' id='word_1_507' title='bbox 2353 1759 2456 1832; x_wconf 88' lang='lat' dir='ltr'><strong>qui</strong></span> <span class='ocrx_word' id='word_1_508' title='bbox 2490 1759 2565 1814; x_wconf 94' lang='lat' dir='ltr'><strong>de</strong></span> <span class='ocrx_word' id='word_1_509' title='bbox 2591 1761 2756 1814; x_wconf 85' lang='lat' dir='ltr'><strong>tanta</strong></span> <span class='ocrx_word' id='word_1_510' title='bbox 2772 1757 2902 1827; x_wconf 85' lang='lat' dir='ltr'><strong>ejus</strong></span> <span class='ocrx_word' id='word_1_511' title='bbox 2923 1754 3162 1811; x_wconf 86' lang='lat' dir='ltr'><strong>lenitate</strong></span> <span class='ocrx_word' id='word_1_512' title='bbox 3192 1768 3263 1809; x_wconf 90' lang='lat' dir='ltr'><strong>ac</strong></span> <span class='ocrx_word' id='word_1_513' title='bbox 3286 1748 3598 1809; x_wconf 79' lang='lat' dir='ltr'><strong>tolerantia</strong></span> 
     </span>
    </p>
   </div>
   <div class='ocr_carea' id='block_1_72' title="bbox 1941 1845 2881 1913">
    <p class='ocr_par' dir='ltr' id='par_1_72' title="bbox 1941 1845 2881 1913">
     <span class='ocr_line' id='line_1_72' title="bbox 1941 1845 2881 1913; baseline -0.006 -8"><span class='ocrx_word' id='word_1_514' title='bbox 1941 1849 2085 1906; x_wconf 90' lang='lat' dir='ltr'><strong>olim</strong></span> <span class='ocrx_word' id='word_1_515' title='bbox 2111 1850 2304 1905; x_wconf 77' lang='lat' dir='ltr'><strong>fuerat</strong></span> <span class='ocrx_word' id='word_1_516' title='bbox 2324 1848 2578 1913; x_wconf 90' lang='lat' dir='ltr'><strong>locutus,</strong></span> <span class='ocrx_word' id='word_1_517' title='bbox 2611 1851 2668 1902; x_wconf 91' lang='lat' dir='ltr'><strong>et</strong></span> <span class='ocrx_word' id='word_1_518' title='bbox 2696 1845 2839 1900; x_wconf 89' lang='lat' dir='ltr'><strong>dicit</strong></span> <span class='ocrx_word' id='word_1_519' title='bbox 2867 1861 2881 1899; x_wconf 90' lang='lat'><strong>:</strong></span> 
     </span>
    </p>
   </div>
   <div class='ocr_carea' id='block_1_73' title="bbox 2011 1929 3598 2003">
    <p class='ocr_par' dir='ltr' id='par_1_73' title="bbox 2011 1929 3598 2003">
     <span class='ocr_line' id='line_1_73' title="bbox 2011 1929 3598 2003; baseline -0.004 -10"><span class='ocrx_word' id='word_1_520' title='bbox 2011 1938 2178 1995; x_wconf 88' lang='lat' dir='ltr'><strong>Vers.</strong></span> <span class='ocrx_word' id='word_1_521' title='bbox 2215 1939 2296 1993; x_wconf 80' lang='grc'><strong>16.</strong></span> <span class='ocrx_word' id='word_1_522' title='bbox 2331 1938 2404 1993; x_wconf 93' lang='lat' dir='ltr'><strong>Ut</strong></span> <span class='ocrx_word' id='word_1_523' title='bbox 2435 1952 2578 1991; x_wconf 88' lang='lat' dir='ltr'><strong>—v.</strong></span> <span class='ocrx_word' id='word_1_524' title='bbox 2619 1937 2706 1990; x_wconf 82' lang='grc'><strong>18.</strong></span> <span class='ocrx_word' id='word_1_525' title='bbox 2741 1933 2928 2003; x_wconf 80' lang='lat' dir='ltr'><strong>Elegi.</strong></span> <span class='ocrx_word' id='word_1_526' title='bbox 2995 1933 3127 1987; x_wconf 67' lang='lat' dir='ltr'><strong>Haec</strong></span> <span class='ocrx_word' id='word_1_527' title='bbox 3181 1929 3296 1986; x_wconf 87' lang='lat' dir='ltr'><strong>sub</strong></span> <span class='ocrx_word' id='word_1_528' title='bbox 3343 1943 3598 2001; x_wconf 87' lang='lat' dir='ltr'><strong>persona</strong></span> 
     </span>
    </p>
   </div>
   <div class='ocr_carea' id='block_1_74' title="bbox 1941 2020 3596 2091">
    <p class='ocr_par' dir='ltr' id='par_1_74' title="bbox 1941 2020 3596 2091">
     <span class='ocr_line' id='line_1_74' title="bbox 1941 2020 3596 2091; baseline -0.004 -8"><span class='ocrx_word' id='word_1_529' title='bbox 1941 2028 2126 2084; x_wconf 89' lang='lat' dir='ltr'><strong>Patris</strong></span> <span class='ocrx_word' id='word_1_530' title='bbox 2171 2027 2312 2082; x_wconf 88' lang='lat' dir='ltr'><strong>dicit</strong></span> <span class='ocrx_word' id='word_1_531' title='bbox 2345 2044 2359 2080; x_wconf 89' lang='lat'><strong>:</strong></span> <span class='ocrx_word' id='word_1_532' title='bbox 2390 2027 2538 2081; x_wconf 81' lang='lat' dir='ltr'><strong>Ecce</strong></span> <span class='ocrx_word' id='word_1_533' title='bbox 2579 2023 2770 2080; x_wconf 77' lang='lat' dir='ltr'><strong>Filius</strong></span> <span class='ocrx_word' id='word_1_534' title='bbox 2817 2037 2978 2078; x_wconf 85' lang='lat' dir='ltr'><strong>meus</strong></span> <span class='ocrx_word' id='word_1_535' title='bbox 3028 2020 3384 2091; x_wconf 80' lang='lat' dir='ltr'><strong>unigenitus,</strong></span> <span class='ocrx_word' id='word_1_536' title='bbox 3423 2033 3596 2090; x_wconf 84' lang='lat' dir='ltr'><strong>quem</strong></span> 
     </span>
    </p>
   </div>
   <div class='ocr_carea' id='block_1_75' title="bbox 1941 2107 3596 2187">
    <p class='ocr_par' dir='ltr' id='par_1_75' title="bbox 1941 2107 3596 2187">
     <span class='ocr_line' id='line_1_75' title="bbox 1941 2107 3596 2187; baseline -0.006 -14"><span class='ocrx_word' id='word_1_537' title='bbox 1941 2116 2111 2187; x_wconf 80' lang='lat' dir='ltr'><strong>elegi,</strong></span> <span class='ocrx_word' id='word_1_538' title='bbox 2143 2116 2258 2172; x_wconf 94' lang='lat' dir='ltr'><strong>hoc</strong></span> <span class='ocrx_word' id='word_1_539' title='bbox 2299 2120 2390 2170; x_wconf 88' lang='lat' dir='ltr'><strong>est</strong></span> <span class='ocrx_word' id='word_1_540' title='bbox 2435 2113 2720 2169; x_wconf 90' lang='lat' dir='ltr'><strong>omnibus</strong></span> <span class='ocrx_word' id='word_1_541' title='bbox 2764 2111 3010 2184; x_wconf 69' lang='lat' dir='ltr'><strong>praetuli.</strong></span> <span class='ocrx_word' id='word_1_542' title='bbox 3060 2110 3210 2176; x_wconf 83' lang='lat' dir='ltr'><strong>Quia</strong></span> <span class='ocrx_word' id='word_1_543' title='bbox 3238 2112 3438 2165; x_wconf 88' lang='lat' dir='ltr'><strong>autem</strong></span> <span class='ocrx_word' id='word_1_544' title='bbox 3473 2107 3596 2164; x_wconf 91' lang='lat' dir='ltr'><strong>duo</strong></span> 
     </span>
    </p>
   </div>
   <div class='ocr_carea' id='block_1_76' title="bbox 1941 2196 3598 2272">
    <p class='ocr_par' dir='ltr' id='par_1_76' title="bbox 1941 2196 3598 2272">
     <span class='ocr_line' id='line_1_76' title="bbox 1941 2196 3598 2272; baseline -0.006 -10"><span class='ocrx_word' id='word_1_545' title='bbox 1941 2206 2201 2262; x_wconf 87' lang='lat' dir='ltr'><strong>continet</strong></span> <span class='ocrx_word' id='word_1_546' title='bbox 2224 2205 2283 2260; x_wconf 93' lang='lat' dir='ltr'><strong>in</strong></span> <span class='ocrx_word' id='word_1_547' title='bbox 2325 2219 2386 2260; x_wconf 92' lang='lat' dir='ltr'><strong>se</strong></span> <span class='ocrx_word' id='word_1_548' title='bbox 2434 2203 2701 2259; x_wconf 86' lang='lat' dir='ltr'><strong>Christus</strong></span> <span class='ocrx_word' id='word_1_549' title='bbox 2733 2216 2747 2254; x_wconf 91' lang='lat'><strong>:</strong></span> <span class='ocrx_word' id='word_1_550' title='bbox 2781 2201 2841 2257; x_wconf 92' lang='lat' dir='ltr'><strong>in</strong></span> <span class='ocrx_word' id='word_1_551' title='bbox 2889 2216 2960 2256; x_wconf 90' lang='lat' dir='ltr'><strong>eo</strong></span> <span class='ocrx_word' id='word_1_552' title='bbox 2989 2197 3154 2272; x_wconf 92' lang='lat' dir='ltr'><strong>quod</strong></span> <span class='ocrx_word' id='word_1_553' title='bbox 3210 2197 3373 2268; x_wconf 90' lang='lat' dir='ltr'><strong>dicit,</strong></span> <span class='ocrx_word' id='word_1_554' title='bbox 3402 2196 3598 2253; x_wconf 71' lang='lat' dir='ltr'><strong>Filius</strong></span> 
     </span>
    </p>
   </div>
   <div class='ocr_carea' id='block_1_77' title="bbox 1940 2284 3594 2362">
    <p class='ocr_par' dir='ltr' id='par_1_77' title="bbox 1940 2284 3594 2362">
     <span class='ocr_line' id='line_1_77' title="bbox 1940 2284 3594 2362; baseline -0.007 -11"><span class='ocrx_word' id='word_1_555' title='bbox 1940 2295 2312 2351; x_wconf 84' lang='lat' dir='ltr'><strong>divinitatem</strong></span> <span class='ocrx_word' id='word_1_556' title='bbox 2375 2291 2667 2362; x_wconf 81' lang='lat' dir='ltr'><strong>signiﬁcat</strong></span> <span class='ocrx_word' id='word_1_557' title='bbox 2699 2307 2712 2357; x_wconf 90' lang='lat'>;</span> <span class='ocrx_word' id='word_1_558' title='bbox 2749 2289 2812 2346; x_wconf 91' lang='lat' dir='ltr'><strong>in</strong></span> <span class='ocrx_word' id='word_1_559' title='bbox 2865 2304 2934 2345; x_wconf 90' lang='lat' dir='ltr'><strong>eo</strong></span> <span class='ocrx_word' id='word_1_560' title='bbox 2987 2302 3130 2343; x_wconf 86' lang='lat' dir='ltr'><strong>vero</strong></span> <span class='ocrx_word' id='word_1_561' title='bbox 3169 2285 3336 2359; x_wconf 90' lang='lat' dir='ltr'><strong>quod</strong></span> <span class='ocrx_word' id='word_1_562' title='bbox 3380 2284 3594 2341; x_wconf 89' lang='lat' dir='ltr'><strong>addit:</strong></span> 
     </span>
    </p>
   </div>
   <div class='ocr_carea' id='block_1_78' title="bbox 1943 2375 3600 2454">
    <p class='ocr_par' dir='ltr' id='par_1_78' title="bbox 1943 2375 3600 2454">
     <span class='ocr_line' id='line_1_78' title="bbox 1943 2375 3600 2454; baseline -0.007 -14"><span class='ocrx_word' id='word_1_563' title='bbox 1943 2384 2120 2450; x_wconf 86' lang='lat' dir='ltr'><strong>Quem</strong></span> <span class='ocrx_word' id='word_1_564' title='bbox 2139 2382 2304 2454; x_wconf 80' lang='lat' dir='ltr'><strong>elegi,</strong></span> <span class='ocrx_word' id='word_1_565' title='bbox 2331 2379 2789 2438; x_wconf 90' lang='lat' dir='ltr'><strong>humanitatem.</strong></span> <span class='ocrx_word' id='word_1_566' title='bbox 2824 2379 2889 2434; x_wconf 90' lang='lat' dir='ltr'><strong>Et</strong></span> <span class='ocrx_word' id='word_1_567' title='bbox 2917 2375 3132 2432; x_wconf 89' lang='lat' dir='ltr'><strong>similia</strong></span> <span class='ocrx_word' id='word_1_568' title='bbox 3162 2378 3304 2430; x_wconf 87' lang='lat' dir='ltr'><strong>sunt</strong></span> <span class='ocrx_word' id='word_1_569' title='bbox 3343 2388 3483 2446; x_wconf 69' lang='lat' dir='ltr'><strong>quin</strong></span> <span class='ocrx_word' id='word_1_570' title='bbox 3512 2387 3600 2429; x_wconf 85' lang='lat' dir='ltr'><strong>se-</strong></span> 
     </span>
    </p>
   </div>
   <div class='ocr_carea' id='block_1_79' title="bbox 1941 2476 2239 2545">
    <p class='ocr_par' dir='ltr' id='par_1_79' title="bbox 1941 2476 2239 2545">
     <span class='ocr_line' id='line_1_79' title="bbox 1941 2476 2239 2545; baseline 0.01 -18"><span class='ocrx_word' id='word_1_571' title='bbox 1941 2476 2239 2545; x_wconf 88' lang='lat' dir='ltr'><strong>quuntur.</strong></span> 
     </span>
    </p>
   </div>
   <div class='ocr_carea' id='block_1_80' title="bbox 2011 2550 3598 2621">
    <p class='ocr_par' dir='ltr' id='par_1_80' title="bbox 2011 2550 3598 2621">
     <span class='ocr_line' id='line_1_80' title="bbox 2011 2550 3598 2621; baseline -0.005 -5"><span class='ocrx_word' id='word_1_572' title='bbox 2011 2563 2177 2618; x_wconf 88' lang='lat' dir='ltr'><strong>Vers.</strong></span> <span class='ocrx_word' id='word_1_573' title='bbox 2209 2563 2298 2618; x_wconf 67' lang='lat'><strong>18.</strong></span> <span class='ocrx_word' id='word_1_574' title='bbox 2333 2559 2593 2616; x_wconf 76' lang='lat' dir='ltr'><strong>Dilectus</strong></span> <span class='ocrx_word' id='word_1_575' title='bbox 2623 2587 2693 2600; x_wconf 96' lang='lat'>—</span> <span class='ocrx_word' id='word_1_576' title='bbox 2720 2571 2870 2614; x_wconf 89' lang='lat' dir='ltr'><strong>mea.</strong></span> <span class='ocrx_word' id='word_1_577' title='bbox 2921 2553 3050 2612; x_wconf 91' lang='lat' dir='ltr'><strong>Pari</strong></span> <span class='ocrx_word' id='word_1_578' title='bbox 3079 2552 3287 2621; x_wconf 89' lang='lat' dir='ltr'><strong>modo,</strong></span> <span class='ocrx_word' id='word_1_579' title='bbox 3333 2550 3598 2609; x_wconf 79' lang='lat' dir='ltr'><strong>Dilectus</strong></span> 
     </span>
    </p>
   </div>
   <div class='ocr_carea' id='block_1_81' title="bbox 1941 2641 3602 2715">
    <p class='ocr_par' dir='ltr' id='par_1_81' title="bbox 1941 2641 3602 2715">
     <span class='ocr_line' id='line_1_81' title="bbox 1941 2641 3602 2715; baseline -0.006 -9"><span class='ocrx_word' id='word_1_580' title='bbox 1941 2665 2117 2715; x_wconf 86' lang='lat' dir='ltr'><strong>meus,</strong></span> <span class='ocrx_word' id='word_1_581' title='bbox 2157 2649 2231 2705; x_wconf 92' lang='lat' dir='ltr'><strong>de</strong></span> <span class='ocrx_word' id='word_1_582' title='bbox 2252 2648 2562 2705; x_wconf 87' lang='lat' dir='ltr'><strong>divinitate</strong></span> <span class='ocrx_word' id='word_1_583' title='bbox 2598 2646 2826 2703; x_wconf 89' lang='lat' dir='ltr'><strong>dictum</strong></span> <span class='ocrx_word' id='word_1_584' title='bbox 2857 2648 2943 2702; x_wconf 89' lang='lat' dir='ltr'><strong>est</strong></span> <span class='ocrx_word' id='word_1_585' title='bbox 2969 2660 2983 2710; x_wconf 92' lang='lat'>;</span> <span class='ocrx_word' id='word_1_586' title='bbox 3020 2644 3090 2699; x_wconf 90' lang='lat' dir='ltr'><strong>In</strong></span> <span class='ocrx_word' id='word_1_587' title='bbox 3119 2657 3236 2715; x_wconf 86' lang='lat' dir='ltr'><strong>quo</strong></span> <span class='ocrx_word' id='word_1_588' title='bbox 3267 2641 3406 2699; x_wconf 87' lang='lat' dir='ltr'><strong>bene</strong></span> <span class='ocrx_word' id='word_1_589' title='bbox 3441 2655 3602 2697; x_wconf 88' lang='lat' dir='ltr'><strong>com-</strong></span> 
     </span>
    </p>
   </div>
   <div class='ocr_carea' id='block_1_82' title="bbox 1939 2729 3603 2811">
    <p class='ocr_par' dir='ltr' id='par_1_82' title="bbox 1939 2729 3603 2811">
     <span class='ocr_line' id='line_1_82' title="bbox 1939 2729 3603 2811; baseline -0.006 -16"><span class='ocrx_word' id='word_1_590' title='bbox 1939 2739 2170 2811; x_wconf 83' lang='lat' dir='ltr'><strong>placuit</strong></span> <span class='ocrx_word' id='word_1_591' title='bbox 2200 2739 2315 2795; x_wconf 74' lang='lat' dir='ltr'><strong>sibi</strong></span> <span class='ocrx_word' id='word_1_592' title='bbox 2338 2738 2537 2795; x_wconf 83' lang='lat' dir='ltr'><strong>anima</strong></span> <span class='ocrx_word' id='word_1_593' title='bbox 2578 2752 2726 2803; x_wconf 81' lang='lat' dir='ltr'><strong>mea,</strong></span> <span class='ocrx_word' id='word_1_594' title='bbox 2766 2735 2841 2791; x_wconf 91' lang='lat' dir='ltr'><strong>de</strong></span> <span class='ocrx_word' id='word_1_595' title='bbox 2869 2732 3262 2790; x_wconf 86' lang='lat' dir='ltr'><strong>humanitate.</strong></span> <span class='ocrx_word' id='word_1_596' title='bbox 3292 2733 3389 2787; x_wconf 86' lang='lat' dir='ltr'><strong>Est</strong></span> <span class='ocrx_word' id='word_1_597' title='bbox 3440 2729 3603 2787; x_wconf 88' lang='lat' dir='ltr'><strong>enim</strong></span> 
     </span>
    </p>
   </div>
   <div class='ocr_carea' id='block_1_83' title="bbox 1944 2819 3602 2899">
    <p class='ocr_par' dir='ltr' id='par_1_83' title="bbox 1944 2819 3602 2899">
     <span class='ocr_line' id='line_1_83' title="bbox 1944 2819 3602 2899; baseline -0.005 -16"><span class='ocrx_word' id='word_1_598' title='bbox 1944 2829 2186 2885; x_wconf 90' lang='lat' dir='ltr'><strong>dilectus</strong></span> <span class='ocrx_word' id='word_1_599' title='bbox 2237 2826 2594 2899; x_wconf 87' lang='lat' dir='ltr'><strong>unigenitus.</strong></span> <span class='ocrx_word' id='word_1_600' title='bbox 2647 2825 2712 2880; x_wconf 88' lang='lat' dir='ltr'><strong>In</strong></span> <span class='ocrx_word' id='word_1_601' title='bbox 2741 2825 2873 2896; x_wconf 90' lang='lat' dir='ltr'><strong>ipso</strong></span> <span class='ocrx_word' id='word_1_602' title='bbox 2903 2838 3041 2879; x_wconf 90' lang='lat' dir='ltr'><strong>vero</strong></span> <span class='ocrx_word' id='word_1_603' title='bbox 3083 2821 3238 2879; x_wconf 86' lang='lat' dir='ltr'><strong>bene</strong></span> <span class='ocrx_word' id='word_1_604' title='bbox 3289 2819 3404 2876; x_wconf 87' lang='lat' dir='ltr'><strong>sibi</strong></span> <span class='ocrx_word' id='word_1_605' title='bbox 3442 2833 3602 2876; x_wconf 90' lang='lat' dir='ltr'><strong>com-</strong></span> 
     </span>
    </p>
   </div>
   <div class='ocr_carea' id='block_1_84' title="bbox 1943 2908 3604 2990">
    <p class='ocr_par' dir='ltr' id='par_1_84' title="bbox 1943 2908 3604 2990">
     <span class='ocr_line' id='line_1_84' title="bbox 1943 2908 3604 2990; baseline -0.005 -16"><span class='ocrx_word' id='word_1_606' title='bbox 1943 2917 2185 2990; x_wconf 87' lang='lat' dir='ltr'><strong>placuit,</strong></span> <span class='ocrx_word' id='word_1_607' title='bbox 2209 2921 2412 2989; x_wconf 89' lang='lat' dir='ltr'><strong>utpote</strong></span> <span class='ocrx_word' id='word_1_608' title='bbox 2441 2915 2501 2971; x_wconf 91' lang='lat' dir='ltr'><strong>in</strong></span> <span class='ocrx_word' id='word_1_609' title='bbox 2526 2930 2650 2986; x_wconf 92' lang='lat' dir='ltr'><strong>quo</strong></span> <span class='ocrx_word' id='word_1_610' title='bbox 2679 2913 3011 2970; x_wconf 90' lang='lat' dir='ltr'><strong>oblectatus</strong></span> <span class='ocrx_word' id='word_1_611' title='bbox 3039 2915 3128 2968; x_wconf 89' lang='lat' dir='ltr'><strong>est</strong></span> <span class='ocrx_word' id='word_1_612' title='bbox 3155 2929 3169 2971; x_wconf 89' lang='lat'><strong>:</strong></span> <span class='ocrx_word' id='word_1_613' title='bbox 3202 2908 3295 2966; x_wconf 89' lang='lat' dir='ltr'><strong>vel</strong></span> <span class='ocrx_word' id='word_1_614' title='bbox 3310 2915 3604 2980; x_wconf 86' lang='lat' dir='ltr'><strong>tanquam</strong></span> 
     </span>
    </p>
   </div>
   <div class='ocr_carea' id='block_1_85' title="bbox 1942 2997 3603 3078">
    <p class='ocr_par' dir='ltr' id='par_1_85' title="bbox 1942 2997 3603 3078">
     <span class='ocr_line' id='line_1_85' title="bbox 1942 2997 3603 3078; baseline -0.005 -16"><span class='ocrx_word' id='word_1_615' title='bbox 1942 3006 2001 3062; x_wconf 90' lang='lat' dir='ltr'><strong>in</strong></span> <span class='ocrx_word' id='word_1_616' title='bbox 2028 3021 2118 3077; x_wconf 90' lang='lat' dir='ltr'><strong>eo,</strong></span> <span class='ocrx_word' id='word_1_617' title='bbox 2152 3021 2259 3078; x_wconf 89' lang='lat' dir='ltr'><strong>per</strong></span> <span class='ocrx_word' id='word_1_618' title='bbox 2284 3019 2465 3078; x_wconf 86' lang='lat' dir='ltr'><strong>quem</strong></span> <span class='ocrx_word' id='word_1_619' title='bbox 2507 3003 2670 3060; x_wconf 89' lang='lat' dir='ltr'><strong>bona</strong></span> <span class='ocrx_word' id='word_1_620' title='bbox 2711 3001 2918 3069; x_wconf 88' lang='lat' dir='ltr'><strong>voluit,</strong></span> <span class='ocrx_word' id='word_1_621' title='bbox 2952 3001 3090 3057; x_wconf 91' lang='lat' dir='ltr'><strong>dico</strong></span> <span class='ocrx_word' id='word_1_622' title='bbox 3133 3014 3278 3057; x_wconf 91' lang='lat' dir='ltr'><strong>sane</strong></span> <span class='ocrx_word' id='word_1_623' title='bbox 3303 2997 3603 3056; x_wconf 90' lang='lat' dir='ltr'><strong>homimun</strong></span> 
     </span>
    </p>
   </div>
   <div class='ocr_carea' id='block_1_86' title="bbox 1945 3094 2222 3150">
    <p class='ocr_par' dir='ltr' id='par_1_86' title="bbox 1945 3094 2222 3150">
     <span class='ocr_line' id='line_1_86' title="bbox 1945 3094 2222 3150; baseline 0 0"><span class='ocrx_word' id='word_1_624' title='bbox 1945 3094 2222 3150; x_wconf 88' lang='lat' dir='ltr'><strong>salutem.</strong></span> 
     </span>
    </p>
   </div>
   <div class='ocr_carea' id='block_1_87' title="bbox 2015 3176 3602 3254">
    <p class='ocr_par' dir='ltr' id='par_1_87' title="bbox 2015 3176 3602 3254">
     <span class='ocr_line' id='line_1_87' title="bbox 2015 3176 3602 3254; baseline -0.003 -18"><span class='ocrx_word' id='word_1_625' title='bbox 2015 3183 2153 3254; x_wconf 87' lang='lat' dir='ltr'><strong>Ipso</strong></span> <span class='ocrx_word' id='word_1_626' title='bbox 2177 3195 2420 3254; x_wconf 89' lang='lat' dir='ltr'><strong>quoque</strong></span> <span class='ocrx_word' id='word_1_627' title='bbox 2456 3178 2777 3251; x_wconf 87' lang='lat' dir='ltr'><strong>baptizato,</strong></span> <span class='ocrx_word' id='word_1_628' title='bbox 2800 3177 3150 3248; x_wconf 76' lang='lat' dir='ltr'><strong>huiusmodi</strong></span> <span class='ocrx_word' id='word_1_629' title='bbox 3175 3191 3386 3234; x_wconf 86' lang='lat' dir='ltr'><strong>vocem</strong></span> <span class='ocrx_word' id='word_1_630' title='bbox 3426 3176 3602 3234; x_wconf 86' lang='lat' dir='ltr'><strong>Pater</strong></span> 
     </span>
    </p>
   </div>
   <div class='ocr_carea' id='block_1_88' title="bbox 1943 3265 3598 3343">
    <p class='ocr_par' dir='ltr' id='par_1_88' title="bbox 1943 3265 3598 3343">
     <span class='ocr_line' id='line_1_88' title="bbox 1943 3265 3598 3343; baseline -0.004 -17"><span class='ocrx_word' id='word_1_631' title='bbox 1943 3271 2202 3343; x_wconf 86' lang='lat' dir='ltr'><strong>desuper</strong></span> <span class='ocrx_word' id='word_1_632' title='bbox 2227 3267 2692 3332; x_wconf 90' lang='lat' dir='ltr'><strong>emisit,dicens;</strong></span> <span class='ocrx_word' id='word_1_633' title='bbox 2723 3265 2838 3322; x_wconf 77' lang='lat' dir='ltr'><strong>Hic</strong></span> <span class='ocrx_word' id='word_1_634' title='bbox 2851 3271 2936 3322; x_wconf 89' lang='lat' dir='ltr'><strong>est</strong></span> <span class='ocrx_word' id='word_1_635' title='bbox 2963 3265 3151 3322; x_wconf 80' lang='lat' dir='ltr'><strong>Filius</strong></span> <span class='ocrx_word' id='word_1_636' title='bbox 3166 3281 3318 3322; x_wconf 79' lang='lat' dir='ltr'><strong>meus</strong></span> <span class='ocrx_word' id='word_1_637' title='bbox 3347 3265 3598 3321; x_wconf 84' lang='lat' dir='ltr'><strong>dilectus</strong></span> 
     </span>
    </p>
   </div>
   <div class='ocr_carea' id='block_1_89' title="bbox 1943 3352 3606 3432">
    <p class='ocr_par' dir='ltr' id='par_1_89' title="bbox 1943 3352 3606 3432">
     <span class='ocr_line' id='line_1_89' title="bbox 1943 3352 3606 3432; baseline -0.004 -16"><span class='ocrx_word' id='word_1_638' title='bbox 1943 3361 2003 3416; x_wconf 76' lang='lat' dir='ltr'><strong>in</strong></span> <span class='ocrx_word' id='word_1_639' title='bbox 2016 3376 2128 3432; x_wconf 87' lang='lat' dir='ltr'><strong>quo</strong></span> <span class='ocrx_word' id='word_1_640' title='bbox 2146 3358 2298 3414; x_wconf 77' lang='lat' dir='ltr'><strong>mihi</strong></span> <span class='ocrx_word' id='word_1_641' title='bbox 2321 3357 2459 3413; x_wconf 85' lang='lat' dir='ltr'><strong>bene</strong></span> <span class='ocrx_word' id='word_1_642' title='bbox 2479 3354 2892 3424; x_wconf 77' lang='lat' dir='ltr'><strong>complacitum</strong></span> <span class='ocrx_word' id='word_1_643' title='bbox 2905 3360 2988 3410; x_wconf 84' lang='lat' dir='ltr'><strong>est</strong></span> <span class='ocrx_word' id='word_1_644' title='bbox 3005 3353 3053 3389; x_wconf 75' lang='grc'>⁷⁸</span> <span class='ocrx_word' id='word_1_645' title='bbox 3074 3375 3086 3420; x_wconf 71' lang='grc' dir='ltr'><strong>ί</strong></span> <span class='ocrx_word' id='word_1_646' title='bbox 3118 3353 3492 3425; x_wconf 88' lang='lat' dir='ltr'><strong>similemque</strong></span> <span class='ocrx_word' id='word_1_647' title='bbox 3523 3352 3606 3410; x_wconf 87' lang='lat' dir='ltr'><strong>ibi</strong></span> 
     </span>
    </p>
   </div>
   <div class='ocr_carea' id='block_1_90' title="bbox 1945 3440 3609 3513">
    <p class='ocr_par' dir='ltr' id='par_1_90' title="bbox 1945 3440 3609 3513">
     <span class='ocr_line' id='line_1_90' title="bbox 1945 3440 3609 3513; baseline -0.004 -8"><span class='ocrx_word' id='word_1_648' title='bbox 1945 3447 2218 3505; x_wconf 86' lang='lat' dir='ltr'><strong>dedilnus</strong></span> <span class='ocrx_word' id='word_1_649' title='bbox 2247 3444 2689 3502; x_wconf 87' lang='lat' dir='ltr'><strong>enarrationem</strong></span> <span class='ocrx_word' id='word_1_650' title='bbox 2721 3459 2735 3499; x_wconf 91' lang='lat'><strong>:</strong></span> <span class='ocrx_word' id='word_1_651' title='bbox 2761 3443 2892 3512; x_wconf 87' lang='lat' dir='ltr'><strong>lege</strong></span> <span class='ocrx_word' id='word_1_652' title='bbox 2917 3457 3055 3512; x_wconf 90' lang='lat' dir='ltr'><strong>ergo</strong></span> <span class='ocrx_word' id='word_1_653' title='bbox 3086 3444 3141 3498; x_wconf 92' lang='lat' dir='ltr'><strong>et</strong></span> <span class='ocrx_word' id='word_1_654' title='bbox 3170 3440 3358 3507; x_wconf 89' lang='lat' dir='ltr'><strong>illam,</strong></span> <span class='ocrx_word' id='word_1_655' title='bbox 3388 3444 3454 3497; x_wconf 92' lang='lat' dir='ltr'><strong>ut</strong></span> <span class='ocrx_word' id='word_1_656' title='bbox 3476 3441 3609 3513; x_wconf 88' lang='lat' dir='ltr'><strong>pla-</strong></span> 
     </span>
    </p>
   </div>
   <div class='ocr_carea' id='block_1_91' title="bbox 1945 3529 3607 3606">
    <p class='ocr_par' dir='ltr' id='par_1_91' title="bbox 1945 3529 3607 3606">
     <span class='ocr_line' id='line_1_91' title="bbox 1945 3529 3607 3606; baseline -0.006 -11"><span class='ocrx_word' id='word_1_657' title='bbox 1945 3539 2080 3594; x_wconf 90' lang='lat' dir='ltr'><strong>nius</strong></span> <span class='ocrx_word' id='word_1_658' title='bbox 2109 3535 2424 3606; x_wconf 88' lang='lat' dir='ltr'><strong>intelligas.</strong></span> <span class='ocrx_word' id='word_1_659' title='bbox 2475 3531 2648 3600; x_wconf 86' lang='lat' dir='ltr'><strong>Quod</strong></span> <span class='ocrx_word' id='word_1_660' title='bbox 2704 3535 2906 3589; x_wconf 89' lang='lat' dir='ltr'><strong>autem</strong></span> <span class='ocrx_word' id='word_1_661' title='bbox 2956 3530 3166 3587; x_wconf 90' lang='lat' dir='ltr'><strong>dicitur</strong></span> <span class='ocrx_word' id='word_1_662' title='bbox 3197 3531 3266 3587; x_wconf 89' lang='lat' dir='ltr'><strong>In</strong></span> <span class='ocrx_word' id='word_1_663' title='bbox 3305 3545 3422 3602; x_wconf 87' lang='lat' dir='ltr'><strong>quo</strong></span> <span class='ocrx_word' id='word_1_664' title='bbox 3471 3529 3607 3586; x_wconf 81' lang='lat' dir='ltr'><strong>bene</strong></span> 
     </span>
    </p>
   </div>
   <div class='ocr_carea' id='block_1_92' title="bbox 1944 3618 3606 3699">
    <p class='ocr_par' dir='ltr' id='par_1_92' title="bbox 1944 3618 3606 3699">
     <span class='ocr_line' id='line_1_92' title="bbox 1944 3618 3606 3699; baseline -0.007 -15"><span class='ocrx_word' id='word_1_665' title='bbox 1944 3626 2302 3697; x_wconf 65' lang='lat' dir='ltr'><strong>complacuit</strong></span> <span class='ocrx_word' id='word_1_666' title='bbox 2327 3623 2440 3682; x_wconf 74' lang='lat' dir='ltr'><strong>sibi</strong></span> <span class='ocrx_word' id='word_1_667' title='bbox 2469 3623 2670 3679; x_wconf 78' lang='lat' dir='ltr'><strong>anima</strong></span> <span class='ocrx_word' id='word_1_668' title='bbox 2698 3638 2834 3685; x_wconf 84' lang='lat' dir='ltr'><strong>mea,</strong></span> <span class='ocrx_word' id='word_1_669' title='bbox 2872 3620 3034 3678; x_wconf 89' lang='lat' dir='ltr'><strong>idem</strong></span> <span class='ocrx_word' id='word_1_670' title='bbox 3063 3622 3151 3678; x_wconf 89' lang='lat' dir='ltr'><strong>est</strong></span> <span class='ocrx_word' id='word_1_671' title='bbox 3177 3618 3360 3693; x_wconf 88' lang='lat' dir='ltr'><strong>quod,</strong></span> <span class='ocrx_word' id='word_1_672' title='bbox 3385 3619 3458 3675; x_wconf 90' lang='lat' dir='ltr'><strong>In</strong></span> <span class='ocrx_word' id='word_1_673' title='bbox 3483 3633 3606 3699; x_wconf 74' lang='lat' dir='ltr'><strong>quo</strong></span> 
     </span>
    </p>
   </div>
   <div class='ocr_carea' id='block_1_93' title="bbox 1948 3707 3610 3786">
    <p class='ocr_par' dir='ltr' id='par_1_93' title="bbox 1948 3707 3610 3786">
     <span class='ocr_line' id='line_1_93' title="bbox 1948 3707 3610 3786; baseline -0.006 -11"><span class='ocrx_word' id='word_1_674' title='bbox 1948 3720 2085 3775; x_wconf 82' lang='lat' dir='ltr'><strong>bene</strong></span> <span class='ocrx_word' id='word_1_675' title='bbox 2094 3716 2236 3774; x_wconf 83' lang='lat' dir='ltr'><strong>mihi</strong></span> <span class='ocrx_word' id='word_1_676' title='bbox 2249 3713 2664 3786; x_wconf 73' lang='lat' dir='ltr'><strong>complacitum</strong></span> <span class='ocrx_word' id='word_1_677' title='bbox 2677 3717 2781 3770; x_wconf 84' lang='lat' dir='ltr'><strong>est.</strong></span> <span class='ocrx_word' id='word_1_678' title='bbox 2813 3711 2990 3768; x_wconf 87' lang='lat' dir='ltr'><strong>Multa</strong></span> <span class='ocrx_word' id='word_1_679' title='bbox 3005 3711 3145 3767; x_wconf 88' lang='lat' dir='ltr'><strong>item</strong></span> <span class='ocrx_word' id='word_1_680' title='bbox 3160 3708 3360 3780; x_wconf 89' lang='lat' dir='ltr'><strong>esthuj</strong></span> <span class='ocrx_word' id='word_1_681' title='bbox 3371 3707 3610 3765; x_wconf 82' lang='lat' dir='ltr'><strong>usmod1</strong></span> 
     </span>
    </p>
   </div>
   <div class='ocr_carea' id='block_1_94' title="bbox 1947 3799 3612 3880">
    <p class='ocr_par' dir='ltr' id='par_1_94' title="bbox 1947 3799 3612 3880">
     <span class='ocr_line' id='line_1_94' title="bbox 1947 3799 3612 3880; baseline -0.005 -16"><span class='ocrx_word' id='word_1_682' title='bbox 1947 3824 2076 3880; x_wconf 71' lang='lat' dir='ltr'><strong>qum</strong></span> <span class='ocrx_word' id='word_1_683' title='bbox 2108 3807 2426 3863; x_wconf 90' lang='lat' dir='ltr'><strong>hominum</strong></span> <span class='ocrx_word' id='word_1_684' title='bbox 2465 3807 2619 3871; x_wconf 89' lang='lat' dir='ltr'><strong>sunt,</strong></span> <span class='ocrx_word' id='word_1_685' title='bbox 2676 3801 2895 3860; x_wconf 90' lang='lat' dir='ltr'><strong>Veteris</strong></span> <span class='ocrx_word' id='word_1_686' title='bbox 2925 3799 3285 3858; x_wconf 87' lang='lat' dir='ltr'><strong>Testamenti</strong></span> <span class='ocrx_word' id='word_1_687' title='bbox 3308 3799 3612 3873; x_wconf 85' lang='lat' dir='ltr'><strong>Scriptura</strong></span> 
     </span>
    </p>
   </div>
   <div class='ocr_carea' id='block_1_95' title="bbox 1947 3891 3608 3967">
    <p class='ocr_par' dir='ltr' id='par_1_95' title="bbox 1947 3891 3608 3967">
     <span class='ocr_line' id='line_1_95' title="bbox 1947 3891 3608 3967; baseline -0.004 -15"><span class='ocrx_word' id='word_1_688' title='bbox 1947 3896 2090 3953; x_wconf 86' lang='lat' dir='ltr'><strong>dicit</strong></span> <span class='ocrx_word' id='word_1_689' title='bbox 2109 3895 2185 3952; x_wconf 92' lang='lat' dir='ltr'><strong>de</strong></span> <span class='ocrx_word' id='word_1_690' title='bbox 2203 3897 2344 3962; x_wconf 88' lang='lat' dir='ltr'><strong>Deo,</strong></span> <span class='ocrx_word' id='word_1_691' title='bbox 2360 3897 2598 3967; x_wconf 88' lang='lat' dir='ltr'><strong>propter</strong></span> <span class='ocrx_word' id='word_1_692' title='bbox 2619 3907 2887 3950; x_wconf 90' lang='lat' dir='ltr'><strong>crassam</strong></span> <span class='ocrx_word' id='word_1_693' title='bbox 2901 3891 3285 3950; x_wconf 83' lang='lat' dir='ltr'><strong>Hebraeorum</strong></span> <span class='ocrx_word' id='word_1_694' title='bbox 3303 3892 3566 3946; x_wconf 89' lang='lat' dir='ltr'><strong>mentem</strong></span> <span class='ocrx_word' id='word_1_695' title='bbox 3592 3903 3608 3946; x_wconf 90' lang='lat'><strong>:</strong></span> 
     </span>
    </p>
   </div>
   <div class='ocr_carea' id='block_1_96' title="bbox 1948 3978 3614 4058">
    <p class='ocr_par' dir='ltr' id='par_1_96' title="bbox 1948 3978 3614 4058">
     <span class='ocr_line' id='line_1_96' title="bbox 1948 3978 3614 4058; baseline -0.004 -16"><span class='ocrx_word' id='word_1_696' title='bbox 1948 4001 2088 4058; x_wconf 84' lang='lat' dir='ltr'><strong>quae</strong></span> <span class='ocrx_word' id='word_1_697' title='bbox 2117 3983 2652 4056; x_wconf 88' lang='lat' dir='ltr'><strong>omniaintelligere</strong></span> <span class='ocrx_word' id='word_1_698' title='bbox 2682 3983 2916 4054; x_wconf 89' lang='lat' dir='ltr'><strong>oportet</strong></span> <span class='ocrx_word' id='word_1_699' title='bbox 2942 3983 3242 4054; x_wconf 86' lang='lat' dir='ltr'><strong>quatenus</strong></span> <span class='ocrx_word' id='word_1_700' title='bbox 3257 3978 3380 4037; x_wconf 90' lang='lat' dir='ltr'><strong>Deo</strong></span> <span class='ocrx_word' id='word_1_701' title='bbox 3397 3992 3614 4039; x_wconf 83' lang='lat' dir='ltr'><strong>conve-</strong></span> 
     </span>
    </p>
   </div>
   <div class='ocr_carea' id='block_1_97' title="bbox 1949 4074 2146 4130">
    <p class='ocr_par' dir='ltr' id='par_1_97' title="bbox 1949 4074 2146 4130">
     <span class='ocr_line' id='line_1_97' title="bbox 1949 4074 2146 4130; baseline 0 0"><span class='ocrx_word' id='word_1_702' title='bbox 1949 4074 2146 4130; x_wconf 88' lang='lat' dir='ltr'><strong>niunt.</strong></span> 
     </span>
    </p>
   </div>
   <div class='ocr_carea' id='block_1_98' title="bbox 2018 4243 3612 4307">
    <p class='ocr_par' dir='ltr' id='par_1_98' title="bbox 2018 4243 3612 4307">
     <span class='ocr_line' id='line_1_98' title="bbox 2018 4243 3612 4307; baseline -0.004 0"><span class='ocrx_word' id='word_1_703' title='bbox 2018 4252 2183 4307; x_wconf 88' lang='lat' dir='ltr'><strong>Vers.</strong></span> <span class='ocrx_word' id='word_1_704' title='bbox 2237 4250 2321 4306; x_wconf 87' lang='grc'><strong>18.</strong></span> <span class='ocrx_word' id='word_1_705' title='bbox 2388 4247 2612 4304; x_wconf 86' lang='lat' dir='ltr'><strong>Ponam</strong></span> <span class='ocrx_word' id='word_1_706' title='bbox 2663 4275 2719 4289; x_wconf 89' lang='lat'><strong>-</strong></span> <span class='ocrx_word' id='word_1_707' title='bbox 2758 4261 2911 4303; x_wconf 88' lang='lat' dir='ltr'><strong>eum.</strong></span> <span class='ocrx_word' id='word_1_708' title='bbox 2980 4245 3062 4302; x_wconf 93' lang='lat' dir='ltr'><strong>De</strong></span> <span class='ocrx_word' id='word_1_709' title='bbox 3119 4243 3263 4300; x_wconf 81' lang='lat' dir='ltr'><strong>Filio</strong></span> <span class='ocrx_word' id='word_1_710' title='bbox 3337 4244 3612 4301; x_wconf 87' lang='lat' dir='ltr'><strong>incarna-</strong></span> 
     </span>
    </p>
   </div>
   <div class='ocr_carea' id='block_1_99' title="bbox 1950 4329 3616 4406">
    <p class='ocr_par' dir='ltr' id='par_1_99' title="bbox 1950 4329 3616 4406">
     <span class='ocr_line' id='line_1_99' title="bbox 1950 4329 3616 4406; baseline -0.004 -11"><span class='ocrx_word' id='word_1_711' title='bbox 1950 4343 2009 4395; x_wconf 90' lang='lat' dir='ltr'><strong>to</strong></span> <span class='ocrx_word' id='word_1_712' title='bbox 2039 4337 2154 4394; x_wconf 91' lang='lat' dir='ltr'><strong>hoc</strong></span> <span class='ocrx_word' id='word_1_713' title='bbox 2193 4335 2360 4400; x_wconf 85' lang='lat' dir='ltr'><strong>dixit,</strong></span> <span class='ocrx_word' id='word_1_714' title='bbox 2404 4337 2694 4406; x_wconf 89' lang='lat' dir='ltr'><strong>tanquam</strong></span> <span class='ocrx_word' id='word_1_715' title='bbox 2745 4332 2820 4388; x_wconf 90' lang='lat' dir='ltr'><strong>de</strong></span> <span class='ocrx_word' id='word_1_716' title='bbox 2848 4331 3094 4389; x_wconf 90' lang='lat' dir='ltr'><strong>homine</strong></span> <span class='ocrx_word' id='word_1_717' title='bbox 3128 4329 3476 4404; x_wconf 86' lang='lat' dir='ltr'><strong>proﬁciente</strong></span> <span class='ocrx_word' id='word_1_718' title='bbox 3507 4345 3616 4403; x_wconf 89' lang='lat' dir='ltr'><strong>per</strong></span> 
     </span>
    </p>
   </div>
   <div class='ocr_carea' id='block_1_100' title="bbox 1950 4418 3618 4496">
    <p class='ocr_par' dir='ltr' id='par_1_100' title="bbox 1950 4418 3618 4496">
     <span class='ocr_line' id='line_1_100' title="bbox 1950 4418 3618 4496; baseline -0.005 -12"><span class='ocrx_word' id='word_1_719' title='bbox 1950 4439 2261 4485; x_wconf 87' lang='lat' dir='ltr'><strong>accessum</strong></span> <span class='ocrx_word' id='word_1_720' title='bbox 2292 4423 2549 4496; x_wconf 86' lang='lat' dir='ltr'><strong>Spiritus</strong></span> <span class='ocrx_word' id='word_1_721' title='bbox 2591 4421 2803 4478; x_wconf 89' lang='lat' dir='ltr'><strong>sancti.</strong></span> <span class='ocrx_word' id='word_1_722' title='bbox 2844 4421 2927 4478; x_wconf 89' lang='lat' dir='ltr'><strong>De</strong></span> <span class='ocrx_word' id='word_1_723' title='bbox 2964 4436 3087 4495; x_wconf 91' lang='lat' dir='ltr'><strong>quo</strong></span> <span class='ocrx_word' id='word_1_724' title='bbox 3129 4419 3309 4476; x_wconf 87' lang='lat' dir='ltr'><strong>etiam</strong></span> <span class='ocrx_word' id='word_1_725' title='bbox 3335 4418 3483 4474; x_wconf 84' lang='lat' dir='ltr'><strong>dixit</strong></span> <span class='ocrx_word' id='word_1_726' title='bbox 3511 4421 3618 4475; x_wconf 84' lang='lat' dir='ltr'><strong>Lu-</strong></span> 
     </span>
    </p>
   </div>
   <div class='ocr_carea' id='block_1_101' title="bbox 1950 4509 3620 4578">
    <p class='ocr_par' dir='ltr' id='par_1_101' title="bbox 1950 4509 3620 4578">
     <span class='ocr_line' id='line_1_101' title="bbox 1950 4509 3620 4578; baseline -0.005 -6"><span class='ocrx_word' id='word_1_727' title='bbox 1950 4533 2053 4574; x_wconf 88' lang='lat' dir='ltr'><strong>cas</strong></span> <span class='ocrx_word' id='word_1_728' title='bbox 2096 4534 2110 4573; x_wconf 89' lang='lat'><strong>:</strong></span> <span class='ocrx_word' id='word_1_729' title='bbox 2142 4515 2301 4572; x_wconf 84' lang='lat' dir='ltr'><strong>Puer</strong></span> <span class='ocrx_word' id='word_1_730' title='bbox 2329 4518 2526 4570; x_wconf 84' lang='lat' dir='ltr'><strong>autem</strong></span> <span class='ocrx_word' id='word_1_731' title='bbox 2571 4511 2873 4568; x_wconf 84' lang='lat' dir='ltr'><strong>crescebat</strong></span> <span class='ocrx_word' id='word_1_732' title='bbox 2899 4516 2955 4568; x_wconf 89' lang='lat' dir='ltr'><strong>et</strong></span> <span class='ocrx_word' id='word_1_733' title='bbox 2985 4509 3482 4568; x_wconf 81' lang='lat' dir='ltr'><strong>corroborabatur</strong></span> <span class='ocrx_word' id='word_1_734' title='bbox 3499 4509 3620 4578; x_wconf 75' lang='lat' dir='ltr'><strong>spi-</strong></span> 
     </span>
    </p>
   </div>
   <div class='ocr_carea' id='block_1_102' title="bbox 1950 4597 3616 4675">
    <p class='ocr_par' dir='ltr' id='par_1_102' title="bbox 1950 4597 3616 4675">
     <span class='ocr_line' id='line_1_102' title="bbox 1950 4597 3616 4675; baseline -0.006 -13"><span class='ocrx_word' id='word_1_735' title='bbox 1950 4607 2098 4672; x_wconf 76' lang='lat' dir='ltr'><strong>ritu,</strong></span> <span class='ocrx_word' id='word_1_736' title='bbox 2115 4604 2324 4675; x_wconf 82' lang='lat' dir='ltr'><strong>plenus</strong></span> <span class='ocrx_word' id='word_1_737' title='bbox 2341 4601 2659 4671; x_wconf 79' lang='lat' dir='ltr'><strong>sapientia,</strong></span> <span class='ocrx_word' id='word_1_738' title='bbox 2675 4607 2728 4656; x_wconf 85' lang='lat' dir='ltr'><strong>et</strong></span> <span class='ocrx_word' id='word_1_739' title='bbox 2740 4600 2940 4672; x_wconf 81' lang='lat' dir='ltr'><strong>gratia</strong></span> <span class='ocrx_word' id='word_1_740' title='bbox 2956 4601 3069 4658; x_wconf 79' lang='lat' dir='ltr'><strong>Dei</strong></span> <span class='ocrx_word' id='word_1_741' title='bbox 3079 4606 3204 4658; x_wconf 82' lang='lat' dir='ltr'><strong>erat</strong></span> <span class='ocrx_word' id='word_1_742' title='bbox 3215 4614 3393 4669; x_wconf 82' lang='lat' dir='ltr'><strong>super</strong></span> <span class='ocrx_word' id='word_1_743' title='bbox 3402 4597 3616 4654; x_wconf 74' lang='lat' dir='ltr'><strong>illum&quot;</strong></span> 
     </span>
    </p>
   </div>
   <div class='ocr_carea' id='block_1_103' title="bbox 2021 4687 3618 4758">
    <p class='ocr_par' dir='ltr' id='par_1_103' title="bbox 2021 4687 3618 4758">
     <span class='ocr_line' id='line_1_103' title="bbox 2021 4687 3618 4758; baseline -0.003 -8"><span class='ocrx_word' id='word_1_744' title='bbox 2021 4697 2186 4751; x_wconf 90' lang='lat' dir='ltr'><strong>Vers.</strong></span> <span class='ocrx_word' id='word_1_745' title='bbox 2209 4693 2292 4749; x_wconf 81' lang='grc'><strong>18.</strong></span> <span class='ocrx_word' id='word_1_746' title='bbox 2323 4692 2405 4749; x_wconf 86' lang='lat' dir='ltr'><strong>Et</strong></span> <span class='ocrx_word' id='word_1_747' title='bbox 2418 4723 2485 4732; x_wconf 89' lang='lat'><strong><em>—</em></strong></span> <span class='ocrx_word' id='word_1_748' title='bbox 2502 4689 2904 4747; x_wconf 69' lang='lat' dir='ltr'><strong>annuntiabat.</strong></span> <span class='ocrx_word' id='word_1_749' title='bbox 2919 4688 3216 4746; x_wconf 78' lang='lat' dir='ltr'><strong>Iudicium</strong></span> <span class='ocrx_word' id='word_1_750' title='bbox 3237 4687 3618 4758; x_wconf 87' lang='lat' dir='ltr'><strong>vocatlegem</strong></span> 
     </span>
    </p>
   </div>
   <div class='ocr_carea' id='block_1_104' title="bbox 1951 4777 3618 4854">
    <p class='ocr_par' dir='ltr' id='par_1_104' title="bbox 1951 4777 3618 4854">
     <span class='ocr_line' id='line_1_104' title="bbox 1951 4777 3618 4854; baseline -0.004 -13"><span class='ocrx_word' id='word_1_751' title='bbox 1951 4783 2382 4854; x_wconf 83' lang='lat' dir='ltr'><strong>evangelicam,</strong></span> <span class='ocrx_word' id='word_1_752' title='bbox 2420 4795 2605 4852; x_wconf 87' lang='lat' dir='ltr'><strong>quam</strong></span> <span class='ocrx_word' id='word_1_753' title='bbox 2627 4793 2734 4851; x_wconf 89' lang='lat' dir='ltr'><strong>per</strong></span> <span class='ocrx_word' id='word_1_754' title='bbox 2757 4778 3066 4851; x_wconf 90' lang='lat' dir='ltr'><strong>apostolos</strong></span> <span class='ocrx_word' id='word_1_755' title='bbox 3090 4777 3452 4851; x_wconf 65' lang='lat' dir='ltr'><strong>praedicavit</strong></span> <span class='ocrx_word' id='word_1_756' title='bbox 3477 4792 3618 4848; x_wconf 89' lang='lat' dir='ltr'><strong>gen-</strong></span> 
     </span>
    </p>
   </div>
   <div class='ocr_carea' id='block_1_105' title="bbox 1950 4865 3619 4941">
    <p class='ocr_par' dir='ltr' id='par_1_105' title="bbox 1950 4865 3619 4941">
     <span class='ocr_line' id='line_1_105' title="bbox 1950 4865 3619 4941; baseline -0.004 -12"><span class='ocrx_word' id='word_1_757' title='bbox 1950 4872 2128 4930; x_wconf 90' lang='lat' dir='ltr'><strong>tibus.</strong></span> <span class='ocrx_word' id='word_1_758' title='bbox 2164 4870 2271 4928; x_wconf 90' lang='lat' dir='ltr'><strong>Vel</strong></span> <span class='ocrx_word' id='word_1_759' title='bbox 2307 4871 2536 4941; x_wconf 89' lang='lat' dir='ltr'><strong>justum</strong></span> <span class='ocrx_word' id='word_1_760' title='bbox 2560 4866 2856 4940; x_wconf 89' lang='lat' dir='ltr'><strong>judicium</strong></span> <span class='ocrx_word' id='word_1_761' title='bbox 2887 4883 3090 4935; x_wconf 88' lang='lat' dir='ltr'><strong>suum,</strong></span> <span class='ocrx_word' id='word_1_762' title='bbox 3130 4882 3252 4939; x_wconf 91' lang='lat' dir='ltr'><strong>quo</strong></span> <span class='ocrx_word' id='word_1_763' title='bbox 3284 4865 3619 4938; x_wconf 90' lang='lat' dir='ltr'><strong>repellenti-</strong></span> 
     </span>
    </p>
   </div>
   <div class='ocr_carea' id='block_1_106' title="bbox 1949 4954 3621 5030">
    <p class='ocr_par' dir='ltr' id='par_1_106' title="bbox 1949 4954 3621 5030">
     <span class='ocr_line' id='line_1_106' title="bbox 1949 4954 3621 5030; baseline -0.004 -12"><span class='ocrx_word' id='word_1_764' title='bbox 1949 4961 2063 5018; x_wconf 90' lang='lat' dir='ltr'><strong>bus</strong></span> <span class='ocrx_word' id='word_1_765' title='bbox 2115 4976 2254 5016; x_wconf 91' lang='lat' dir='ltr'><strong>eum</strong></span> <span class='ocrx_word' id='word_1_766' title='bbox 2308 4958 2548 5022; x_wconf 66' lang='lat' dir='ltr'><strong>Judaais,</strong></span> <span class='ocrx_word' id='word_1_767' title='bbox 2607 4957 2942 5030; x_wconf 89' lang='lat' dir='ltr'><strong>assumpsit</strong></span> <span class='ocrx_word' id='word_1_768' title='bbox 2998 4961 3222 5028; x_wconf 89' lang='lat' dir='ltr'><strong>gentes.</strong></span> <span class='ocrx_word' id='word_1_769' title='bbox 3293 4955 3420 5012; x_wconf 81' lang='lat' dir='ltr'><strong>Hoc</strong></span> <span class='ocrx_word' id='word_1_770' title='bbox 3459 4954 3621 5012; x_wconf 86' lang='lat' dir='ltr'><strong>enim</strong></span> 
     </span>
    </p>
   </div>
   <div class='ocr_carea' id='block_1_107' title="bbox 1951 5043 3620 5120">
    <p class='ocr_par' dir='ltr' id='par_1_107' title="bbox 1951 5043 3620 5120">
     <span class='ocr_line' id='line_1_107' title="bbox 1951 5043 3620 5120; baseline -0.002 -14"><span class='ocrx_word' id='word_1_771' title='bbox 1951 5065 2091 5108; x_wconf 77' lang='lat' dir='ltr'><strong>vere</strong></span> <span class='ocrx_word' id='word_1_772' title='bbox 2117 5049 2348 5120; x_wconf 88' lang='lat' dir='ltr'><strong>justum</strong></span> <span class='ocrx_word' id='word_1_773' title='bbox 2389 5050 2478 5104; x_wconf 90' lang='lat' dir='ltr'><strong>est</strong></span> <span class='ocrx_word' id='word_1_774' title='bbox 2491 5045 2812 5119; x_wconf 88' lang='lat' dir='ltr'><strong>judicium,</strong></span> <span class='ocrx_word' id='word_1_775' title='bbox 2844 5060 2921 5104; x_wconf 91' lang='lat' dir='ltr'><strong>ne</strong></span> <span class='ocrx_word' id='word_1_776' title='bbox 2952 5045 3206 5105; x_wconf 89' lang='lat' dir='ltr'><strong>omnino</strong></span> <span class='ocrx_word' id='word_1_777' title='bbox 3234 5051 3437 5118; x_wconf 82' lang='lat' dir='ltr'><strong>pereat</strong></span> <span class='ocrx_word' id='word_1_778' title='bbox 3461 5043 3620 5118; x_wconf 62' lang='lat' dir='ltr'><strong>opus</strong></span> 
     </span>
    </p>
   </div>
   <div class='ocr_carea' id='block_1_108' title="bbox 1923 5136 2414 5210">
    <p class='ocr_par' dir='ltr' id='par_1_108' title="bbox 1923 5136 2414 5210">
     <span class='ocr_line' id='line_1_108' title="bbox 1923 5136 2414 5210; baseline -0.008 -11"><span class='ocrx_word' id='word_1_779' title='bbox 1923 5153 2235 5200; x_wconf 77' lang='lat' dir='ltr'><strong>.manuum</strong></span> <span class='ocrx_word' id='word_1_780' title='bbox 2262 5136 2414 5210; x_wconf 86' lang='lat' dir='ltr'><strong>ejus.</strong></span> 
     </span>
    </p>
   </div>
   <div class='ocr_carea' id='block_1_109' title="bbox 2022 5222 3624 5298">
    <p class='ocr_par' dir='ltr' id='par_1_109' title="bbox 2022 5222 3624 5298">
     <span class='ocr_line' id='line_1_109' title="bbox 2022 5222 3624 5298; baseline -0.001 -16"><span class='ocrx_word' id='word_1_781' title='bbox 2022 5228 2188 5285; x_wconf 87' lang='lat' dir='ltr'><strong>Vers.</strong></span> <span class='ocrx_word' id='word_1_782' title='bbox 2255 5227 2351 5285; x_wconf 82' lang='grc'><strong>19.</strong></span> <span class='ocrx_word' id='word_1_783' title='bbox 2411 5226 2552 5286; x_wconf 84' lang='grc' dir='ltr'>Νοη</span> <span class='ocrx_word' id='word_1_784' title='bbox 2598 5255 2669 5269; x_wconf 92' lang='grc'><strong><em>-</em></strong></span> <span class='ocrx_word' id='word_1_785' title='bbox 2697 5241 2893 5285; x_wconf 79' lang='lat' dir='ltr'><strong>vocem</strong></span> <span class='ocrx_word' id='word_1_786' title='bbox 2973 5225 3122 5298; x_wconf 85' lang='lat' dir='ltr'><strong>ejus.</strong></span> <span class='ocrx_word' id='word_1_787' title='bbox 3206 5226 3449 5298; x_wconf 87' lang='lat' dir='ltr'><strong>Propter</strong></span> <span class='ocrx_word' id='word_1_788' title='bbox 3501 5222 3624 5280; x_wconf 76' lang='lat' dir='ltr'><strong>haec</strong></span> 
     </span>
    </p>
   </div>
   <div class='ocr_carea' id='block_1_110' title="bbox 1949 5315 3624 5390">
    <p class='ocr_par' dir='ltr' id='par_1_110' title="bbox 1949 5315 3624 5390">
     <span class='ocr_line' id='line_1_110' title="bbox 1949 5315 3624 5390; baseline -0.002 -16"><span class='ocrx_word' id='word_1_789' title='bbox 1949 5318 2134 5374; x_wconf 86' lang='lat' dir='ltr'><strong>verba</strong></span> <span class='ocrx_word' id='word_1_790' title='bbox 2169 5320 2352 5374; x_wconf 88' lang='lat' dir='ltr'><strong>tatam</strong></span> <span class='ocrx_word' id='word_1_791' title='bbox 2380 5315 2587 5388; x_wconf 89' lang='lat' dir='ltr'><strong>posuit</strong></span> <span class='ocrx_word' id='word_1_792' title='bbox 2644 5315 3048 5390; x_wconf 87' lang='lat' dir='ltr'><strong>prophetiam.</strong></span> <span class='ocrx_word' id='word_1_793' title='bbox 3082 5317 3232 5374; x_wconf 86' lang='lat' dir='ltr'><strong>Nam</strong></span> <span class='ocrx_word' id='word_1_794' title='bbox 3272 5329 3413 5372; x_wconf 88' lang='lat' dir='ltr'><strong>cum</strong></span> <span class='ocrx_word' id='word_1_795' title='bbox 3451 5327 3624 5372; x_wconf 86' lang='lat' dir='ltr'><strong>man-</strong></span> 
     </span>
    </p>
   </div>
   <div class='ocr_carea' id='block_1_111' title="bbox 1464 5569 2408 5641">
    <p class='ocr_par' dir='ltr' id='par_1_111' title="bbox 1464 5569 2408 5641">
     <span class='ocr_line' id='line_1_111' title="bbox 1464 5569 2408 5641; baseline -0.003 -2"><span class='ocrx_word' id='word_1_796' title='bbox 1464 5571 1679 5641; x_wconf 85' lang='lat' dir='ltr'><strong>Variae</strong></span> <span class='ocrx_word' id='word_1_797' title='bbox 1727 5569 2059 5640; x_wconf 88' lang='lat' dir='ltr'><strong>lectiones</strong></span> <span class='ocrx_word' id='word_1_798' title='bbox 2111 5574 2408 5636; x_wconf 85' lang='lat' dir='ltr'><strong>etnotae.</strong></span> 
     </span>
    </p>
   </div>
   <div class='ocr_carea' id='block_1_112' title="bbox 315 5709 1073 5787">
    <p class='ocr_par' dir='ltr' id='par_1_112' title="bbox 315 5709 1073 5787">
     <span class='ocr_line' id='line_1_112' title="bbox 315 5709 1073 5787; baseline -0.004 -17"><span class='ocrx_word' id='word_1_799' title='bbox 315 5712 438 5787; x_wconf 82' lang='lat'><strong>(77)</strong></span> <span class='ocrx_word' id='word_1_800' title='bbox 461 5709 619 5768; x_wconf 76' lang='grc' dir='ltr'>αὐτοῦ</span> <span class='ocrx_word' id='word_1_801' title='bbox 646 5723 758 5786; x_wconf 88' lang='lat' dir='ltr'><strong>pro</strong></span> <span class='ocrx_word' id='word_1_802' title='bbox 793 5711 983 5765; x_wconf 66' lang='grc' dir='ltr'>ἄωθεεν</span> <span class='ocrx_word' id='word_1_803' title='bbox 1010 5718 1073 5767; x_wconf 77' lang='grc' dir='ltr'><strong>Α.</strong></span> 
     </span>
    </p>
   </div>
  </div>
