4176 6422
223 529 334 576 τοι.
432 526 534 575 Καὶ
608 519 842 592 ἀλλαχοῦ
927 522 1028 593 γὰρ
1110 518 1300 591 ἴλεγον,

225 615 363 681 ἔχει.

303 695 474 761 Εἰδὼς
535 697 604 738 '—
653 698 843 758 αὐτοῖς.
902 700 1027 752 Καθ’
1097 698 1309 760 ἑαυτοὺς
1371 700 1472 771 γὰρ
1533 702 1686 746 τοῦτο
1736 691 1834 744 ἔλε-

224 808 340 858 γον,
403 789 717 861 φοϐούμενοι
766 793 851 840 τὸν
907 789 1100 860 ὄχλον
1155 789 1308 849 αὐτὸς
1374 784 1432 840 δὲ
1491 782 1835 856 ἕδημοσίευσι

226 881 284 928 τό
384 887 482 938 τῆς
576 873 809 939 διανοίας
911 878 1078 929 αὐτῶν
1171 882 1478 949 μυστήριον,
1568 873 1836 924 κότιτευθεν

226 962 506 1029 δεικνύων,
565 967 646 1018 ὅτι
700 970 826 1026 Θεὸς
856 965 1015 1021 ἐστιν.
1045 965 1182 1040 Ὀρα
1210 963 1290 1034 δε,
1344 967 1426 1017 ὅτι
1455 969 1542 1016 καὶ
1593 968 1837 1034 πρότερον

224 1060 313 1127 μὲν
355 1062 516 1107 τοῦτο
567 1057 943 1128 κατηγορηθεὶς
973 1055 1066 1107 οὐκ
1111 1056 1418 1125 ἐπετίμησεν
1465 1053 1662 1114 αὐτοῖς,
1696 1046 1838 1102 ἐνδι-

228 1143 352 1204 δούς
376 1153 582 1216 γνῶναι
620 1147 716 1202 τὴν
759 1145 917 1196 αὐτοῦ
948 1141 1190 1217 δύναμιν,
1231 1143 1332 1196 ἀπό
1377 1163 1430 1196 τε
1460 1149 1558 1194 τῶν
1602 1141 1841 1193 πλειόνων

235 1240 492 1305 σημείων,
545 1232 647 1286 ἀπὸ
694 1252 742 1286 τε
792 1241 886 1295 τῆς
937 1236 1066 1306 μετὰ
1113 1241 1263 1286 τοῦτο
1310 1230 1694 1290 διδασκαλίας·
1737 1229 1843 1280 ἐπεὶ

253 1321 300 1375 δε
358 1322 525 1375 πάλιν
576 1324 634 1373 τὸ
691 1323 818 1374 αὐτὸ
872 1321 1098 1392 λέγοντες
1145 1321 1396 1393 ἐπέμενον,
1454 1316 1605 1374 οὐδὲν
1657 1319 1845 1371 έκεῖθεν

229 1411 622 1482 βελτιωθέντες,
656 1410 878 1482 ἐπιτιμᾷ
916 1409 1118 1479 λοιπόν,
1158 1417 1246 1464 καὶ
1287 1410 1544 1481 ἐξελέγχει
1581 1412 1674 1466 τὴν
1726 1408 1847 1458 τού-

223 1519 325 1552 των
360 1502 572 1555 ἄνοιαν.
603 1503 746 1554 Μετὰ
784 1504 1083 1574 πραότητος
1113 1496 1174 1553 δὲ
1203 1507 1355 1553 τοῦτο
1393 1507 1548 1569 ποιεῖ,
1585 1493 1846 1550 παιδεύων

223 1593 373 1660 ἡμᾶς
420 1591 604 1663 πράως
657 1588 890 1660 ἐλέγχειν
946 1593 1064 1649 τοὺς
1117 1588 1530 1662 ἁμαρτάνοντας.
1599 1588 1727 1641 ’Δπὸ
1789 1579 1848 1636 δε

222 1686 330 1728 τῶν
393 1685 546 1750 κοινῇ
602 1676 988 1749 συμϐαινόντων
1050 1685 1276 1730 ποιεῖται
1334 1681 1420 1729 τόν
1487 1675 1715 1746 ἔλεγχον,
1759 1674 1847 1727 καὶ

221 1763 652 1837 παραδείγματα
713 1764 1235 1837 λαμϐάνειλγνώριμοὶ
1292 1785 1344 1818 τε
1417 1771 1505 1818 καὶ
1571 1765 1844 1836 ὡμολογη-

223 1860 382 1926 μένα,
445 1859 586 1924 (78),
639 1861 728 1907 καὶ
768 1859 889 1927 τρία
921 1873 933 1884 ⁸

224 1963 364 2015 μεως
395 1962 406 1972 ·
466 1948 526 1995 τό
589 1940 666 2014 δε,
716 1948 916 2015 μέσὴςθ
959 1946 1018 1995 τό
1067 1939 1144 2007 δέ,
1207 1943 1538 2014 ἐλαχίστηςο
1598 1941 1842 2014 βεϐαιῶν,

226 2035 330 2099 ὅτι,
399 2031 500 2083 κᾶν
548 2036 678 2103 μέγα
727 2051 780 2083 τι
835 2033 1097 2104 στασιάζῃ
1153 2033 1270 2103 (79)
1327 2035 1457 2105 πρὸς
1525 2032 1694 2097 ἑαυτὸ,
1749 2030 1843 2082 κᾶν

227 2127 416 2193 μέσον,
462 2121 557 2172 κᾶν
589 2124 796 2195 μικρὸν,
841 2119 1143 2176 ἀπόλλυται.

304 2305 470 2352 Πᾶσα
521 2330 590 2339 —
638 2297 941 2371 ἐρημοῦται.
996 2300 1385 2360 Στασιαζόντων
1445 2299 1696 2363 ἀλλήλοις,
1745 2308 1841 2351 τῶν

231 2391 615 2462 μερισθέντων.

309 2482 416 2530 Καὶ
475 2482 626 2529 πᾶσα
678 2507 742 2518 —-
803 2479 1144 2536 σταθήσεται.
1217 2477 1291 2529 Οὐ
1350 2483 1694 2544 συστήσεται,
1751 2475 1845 2530 διὰ

229 2570 325 2623 τήν
358 2567 612 2639 ῥηθεῖσαν
638 2565 829 2617 αἰτίαν.

311 2659 416 2707 Καὶ
475 2655 518 2706 εἰ
581 2683 648 2694 -
697 2653 892 2718 antiret);
952 2655 1012 2707 Εἰ
1065 2657 1090 2706 ό
1131 2661 1377 2721 Σατανᾶς,
1430 2657 1455 2706 ό
1503 2657 1685 2730 ἄρχων
1743 2664 1842 2708 τῶν

235 2740 531 2814 δαιμόνων,
571 2745 657 2794 τὸν
702 2741 870 2802 ἁπλῶς
909 2749 1135 2796 Σατανᾶν
1178 2741 1357 2796 διώκει
1397 2743 1587 2816 βιαίως
1610 2763 1621 2774 ·
1656 2746 1714 2797 οὐ
1743 2747 1841 2816 γὰρ

235 2830 295 2880 ἂν
342 2830 473 2883 ἑκών
511 2849 635 2882 ποτε
677 2837 932 2903 καταλίπῃ
977 2836 1034 2883 τὸ
1078 2829 1218 2885 ἴδιον
1267 2833 1568 2908 οἰκητήριον
1603 2851 1614 2863 °
1658 2833 1844 2907 ἐχθρὸς

235 2922 392 2971 ἔσται
446 2921 653 2980 πάντως
699 2921 725 2971 ὁ
775 2915 1084 2991 διωκόμενος
1144 2929 1216 2991 τῷ
1269 2918 1552 2973 διώκοντι·
1612 2928 1701 2974 καὶ
1738 2923 1844 2975 λοι-

235 3012 332 3059 πὸν
389 3008 509 3058 καθ’
555 3007 742 3060 ἑαυτοῦ
779 3010 1046 3079 ἐμερίσθη,
1129 3005 1486 3081 διαιρεθείσης
1555 3009 1640 3062 ἀπ’
1688 3011 1846 3064 αὐτοῦ

235 3106 333 3158 τῆς
386 3098 657 3166 ὑποταγῆς
708 3105 807 3148 τῶν
865 3093 1127 3168 δαιμόνων
1171 3114 1184 3128 ⁸
1231 3104 1320 3150 καὶ
1367 3107 1476 3160 πῶς
1528 3105 1846 3156 συστήσεται

235 3189 266 3243 ἡ
303 3183 560 3257 βασιλεία
607 3184 787 3246 αὐτοῦ,
821 3188 850 3242 ἡ
903 3189 1034 3258 πρὸς
1077 3185 1295 3248 cuit-aug;
1355 3185 1550 3258 [ὧστε,
1590 3187 1700 3259 (80)
1745 3191 1848 3258 εῖγε
1884 3223 1924 3279 C

236 3277 438 3326 τούτων
471 3274 654 3346 οῖρχων
686 3272 846 3336 ἐστὶν,
889 3273 982 3326 οὐκ
1025 3273 1086 3325 ἆν
1135 3273 1397 3336 ἀπελάσας
1445 3278 1683 3337 τούτους.
1727 3295 1848 3328 στα-

239 3365 411 3433 σιάσῃ
467 3365 599 3434 πρὸς
652 3362 902 3433 αὐτοὺς,]
957 3358 1072 3415 οὐδ’
1121 3361 1181 3414 ἂν
1228 3361 1545 3435 έπικουρήσῃ
1595 3364 1852 3435 ἀνθρώπῳ

240 3453 380 3502 κατὰ
439 3445 710 3520 δαίμονος,
765 3447 878 3503 οὐδ’
924 3450 983 3502 ἂν
1034 3455 1233 3522 γένοιτό
1290 3469 1413 3504 ποτε
1469 3452 1850 3526 φιλάνθρωπος,

242 3538 677 3614 ἀνθρωποκτόνος
709 3540 775 3590 ὢν
809 3537 900 3592 ἀπ’
928 3537 1122 3612 ἀρχῆς.

315 3798 420 3849 Καὶ
467 3793 514 3846 εἰ
572 3824 636 3833 -
694 3791 1044 3859 ἐκϐάλλουσι;
1088 3796 1233 3846 Μετὰ
1287 3797 1383 3851 τὴν
1439 3797 1646 3866 πρώτην
1706 3791 1859 3846 λύσιν

243 3893 338 3946 τῆς
392 3886 732 3956 κατηγορίας,
780 3881 864 3934 ἐπὶ
919 3878 1164 3955 δευτέραν
1228 3885 1442 3955 ἔρχεται
1494 3886 1854 3956 σαφεστέραν·

241 3973 354 4026 ἐπεὶ
406 3975 509 4046 γὰρ
560 3975 649 4023 καὶ
698 3973 747 4023 οὶ
789 3973 1024 4042 μαθηταὶ
1072 3971 1233 4024 αὐτοῦ
1285 3968 1542 4043 δαίμονας
1596 3969 1858 4032 ἐξέϐαλλον

244 4059 377 4128 ἤδη,
421 4060 544 4135 παρ’
598 4060 762 4113 αὐτοῦ
808 4059 1048 4121 λαϐόντες
1076 4063 1170 4118 τὴν
1223 4059 1484 4125 ἐξουσίαν,
1532 4058 1631 4112 ἀπό
1665 4063 1858 4112 τούτων

245 4153 450 4223 ἐλέγχει
501 4149 687 4222 μᾶλλον
745 4153 866 4210 τοὺς
935 4154 1274 4223 Φαρισαίους,
1336 4145 1430 4201 διὰ
1485 4151 1666 4221 φθόνον
1707 4153 1857 4220 μόνον

244 4247 463 4293 τοιαῦτα
552 4246 984 4312 κατηγοροῦντας
1040 4237 1226 4296 αὐτοῦ,
1319 4242 1417 4292 Καὶ
1479 4240 1576 4309 γὰρ
1652 4236 1859 4298 ἐκείνοις

245 4327 400 4383 οὐδὲν
451 4347 504 4380 τι
553 4335 785 4380 τοιοῦτον
855 4325 1209 4397 ἐγκαλοῦντες,
1269 4327 1429 4379 αὐτοῦ
1484 4331 1641 4398 μόνου
1697 4345 1860 4384 κατη-

243 4425 436 4491 γόρουν
512 4418 700 4479 οὖτῶς.
783 4420 937 4477 Υίούς
1005 4412 1065 4468 δι
1128 4415 1318 4481 αὐτῶν,
1364 4419 1484 4476 τοὺς
1543 4414 1858 4476 ἀποστόλους

246 4511 511 4578 ὠνόμασε,
571 4502 664 4558 διὰ
730 4507 788 4558 τὸ
839 4509 962 4566 τοὺς
1027 4509 1341 4578 Φαρισαίους
1410 4508 1642 4578 πατέρων
1713 4504 1858 4566 τάξιν

245 4595 456 4666 ἐπέχειν
523 4593 572 4646 ἐν
652 4591 955 4661 Ἰουδαίοις,
1013 4591 1066 4656 ἐξ
1123 4595 1190 4645 ὡν
1243 4595 1292 4645 οἱ
1364 4591 1644 4645 ἀπόστολοι
1703 4599 1859 4651 κατή-
1894 4575 1934 4628 ί)

245 4703 420 4756 γοντο,
470 4689 560 4736 καὶ
604 4679 697 4735 διὰ
746 4686 804 4734 τό
847 4685 1124 4756 νεωτέρους
1180 4680 1380 4734 ἐκείνων
1438 4678 1567 4734 εἶναι
1619 4701 1854 4744 τουτους.

247 4775 451 4845 Ἐρωτᾴ
494 4772 602 4833 οὖν,
655 4774 735 4824 ὃτι
783 4772 864 4825 Ἐν
921 4776 1022 4822 τίνι
1069 4769 1426 4825 ἐκϐάλλουσιν.
1459 4769 1618 4845 Ἀρα
1673 4770 1719 4822 ἐν
1773 4779 1854 4824 Βε-

248 4861 530 4930 ελζεϐούλ;
583 4865 672 4913 καὶ
726 4868 833 4921 πῶς
898 4861 958 4912 οὐ
1017 4867 1352 4935 κατηγορεῖτε
1405 4865 1495 4912 καὶ
1539 4860 1748 4926 adi-6w;
1800 4860 1859 4914 Ei

249 4949 310 5006 δὲ
349 4950 402 5003 ἐν
438 4953 629 5025 χάριτι
661 4957 812 5015 Θεοῦ,
874 4953 1002 5011 Θεὸς
1055 4950 1158 5023 ἄρα
1210 4947 1307 5021 ἐγώ
1337 4967 1349 4982 ι
1396 4948 1446 5000 ἐν
1492 4956 1563 5018 τῷ
1603 4947 1706 5020 ἐμῳ
1759 4952 1856 5022 γὰρ

251 5041 470 5114 ὀνόματι
506 5042 574 5092 τὰ
607 5036 858 5112 δαιμόνια
891 5035 1174 5093 διώκουσι.

321 5131 420 5183 Διά
475 5135 626 5181 τοῦτο
695 5159 762 5170 --
838 5132 1030 5202 κριταί.
1106 5131 1246 5179 Διότι
1314 5131 1484 5178 τοίνυν
1551 5125 1859 5180 έκϐοὲλλουσι

323 5309 372 5342 ³³
413 5305 624 5362 Matth.
661 5321 758 5376 vn,
796 5309 880 5362 18.

1212 390 1580 449 COMMENT.
1623 387 1698 444 IN
1739 381 2180 443 ΜΑΤΤΗᾹΞΗΜ.
2220 412 2288 425 -
2327 381 2486 438 CAP.
2518 378 2693 436 XXII.

1377 520 1454 571 ὃτι
1534 513 1833 576 nutrcem
1863 513 1907 566 Α
1940 508 2170 566 habens
2199 511 2257 564 et
2301 507 2586 564 amicum.
2617 509 2765 564 Nam
2817 505 2952 562 alibi
2998 518 3240 577 quoque
3268 502 3550 560 dicebant
3581 515 3596 557 :

1939 598 2245 656 Beelzebul
2278 597 2450 654 habet
2483 597 2551 652 ⁷³.

3493 372 3600 433 378

2015 687 2182 744 Vers.
2247 690 2341 744 24.
2429 687 2628 742 Sciens
2693 715 2760 724 —
2814 685 2957 740 illis.
3014 684 3185 756 Apud
3240 698 3368 738 sese
3440 682 3597 737 enim

1943 776 2063 834 hinc
2091 775 2370 833 dicebant
2415 775 2689 830 timentes
2741 773 2994 839 turbam,
3082 774 3207 844 ipse
3238 788 3376 828 vero
3416 784 3608 826 secre'

1945 871 2072 922 tum
2103 864 2293 920 cordis
2322 880 2529 920 eorum
2552 863 2896 935 publicavit,
2930 864 3068 918 hinc
3093 863 3270 919 etiam
3316 863 3500 917 Deum
3543 876 3602 917 se

1947 971 2082 1011 esse
2111 954 2555 1009 demonstrans.
2603 952 2749 1008 Vide
2775 958 2975 1008 autem
3021 952 3182 1023 quod
3225 952 3482 1023 primum
3522 950 3601 1006 ob

1947 1044 2008 1100 id
2048 1050 2365 1099 accusatus
2397 1057 2515 1098 non
2564 1041 2907 1111 objurgavit
2948 1041 3100 1106 illos,
3130 1040 3602 1110 cOgnoscendam

1949 1132 2193 1188 tradens
2225 1147 2397 1186 suam
2444 1131 2793 1202 potentiam,
2848 1136 2972 1186 tum
3005 1146 3042 1186 a
3087 1130 3359 1202 pluribus
3394 1129 3600 1198 signis,

1955 1226 2079 1278 tum
2113 1238 2147 1275 a
2190 1219 2486 1283 doctrina,
2519 1235 2654 1292 quae
2688 1219 2826 1276 inde
2883 1224 3084 1276 secuta
3122 1225 3228 1275 est.
3286 1219 3434 1285 Quia
3462 1233 3604 1274 vero

1952 1324 2194 1366 rursum
2225 1307 2383 1364 idem
2416 1308 2702 1373 dicentes,
2726 1307 3191 1380 perseverabant
3212 1309 3270 1364 in
3292 1307 3458 1363 nullo
3486 1323 3602 1362 me-

1953 1399 2130 1455 liores
2169 1397 2383 1465 eﬂ‘ecti,
2432 1397 2715 1470 deinceps
2749 1413 2851 1453 eos
2878 1398 3152 1469 objurgat
3188 1412 3259 1452 ac
3302 1396 3608 1466 redarguit

1957 1487 2194 1544 illorum
2224 1486 2545 1543 insaniam.
2587 1487 2647 1541 Id
2702 1492 2903 1542 tamen
2959 1503 3094 1541 cum
3156 1485 3606 1542 mansuetudine

1957 1575 2114 1639 facit,
2147 1574 2445 1631 instruens
2473 1590 2602 1640 nos,
2636 1580 2701 1630 ut
2715 1581 3030 1648 peccantes
3053 1579 3365 1631 mansuete
3394 1590 3606 1644 argua—

1958 1679 2111 1720 mus.
2142 1664 2206 1718 Et
2228 1663 2306 1719 ab
2336 1664 2427 1718 his
2458 1680 2592 1736 quas
2626 1664 3023 1720 communiter
3061 1663 3359 1726 accidunt,
3389 1663 3607 1718 format

1954 1752 2261 1814 rationem,
2296 1753 2597 1823 sumitque
2630 1753 2741 1809 tria
2797 1752 3065 1823 exempla
3094 1752 3404 1808 notissima
3445 1757 3500 1805 et
3525 1754 3607 1806 in-

1003 1858 1061 1906 τό
1127 1857 1239 1926 μεν,
1309 1855 1663 1926 ἰσχυροτάτης
1691 1850 1846 1905 δυνά-

1968 1840 2245 1896 iubitata.
2278 1841 2538 1896 Primum
2587 1841 2832 1911 quidem
2863 1856 3152 1913 suprema:
3193 1839 3490 1912 potentiae,
3528 1839 3608 1896 al-

1955 1935 2146 1985 terum
2161 1929 2392 1995 medim,
2412 1930 2648 1986 tertium
2666 1946 2808 1986 vero
2821 1930 3052 1994 inﬁmae,
3069 1930 3432 1985 conﬁrmans
3444 1928 3607 2000 quod

1956 2018 2081 2073 sive
2113 2032 2404 2087 magnum
2456 2017 2788 2090 quidpiam,
2839 2019 2961 2074 sive
3001 2020 3286 2089 medium,
3317 2019 3447 2074 sive
3479 2017 3607 2073 infi-

1952 2121 2124 2162 mum
2145 2107 2234 2171 sit,
2264 2105 2430 2178 quod
2455 2106 2743 2163 adversus
2769 2108 3036 2181 seipsum
3089 2113 3356 2166 exerceat
3379 2107 3609 2164 seditio-

1952 2211 2116 2264 nem,
2149 2195 2387 2268 peribit.

2022 2288 2180 2342 Vers.
2214 2285 2301 2339 25.
2337 2285 2520 2342 Omne
2549 2315 2615 2326 —
2640 2285 2949 2342 desolatur.
2985 2286 3337 2343 Seditionem
3364 2285 3516 2341 inter
3545 2300 3607 2340 se

1948 2373 2199 2430 invicem
2224 2373 2540 2444 agentibus
2565 2374 2659 2430 his
2691 2376 2788 2446 qui
2821 2375 2996 2431 divisi
3027 2379 3183 2431 sunt.
3208 2381 3213 2404 ε

2023 2465 2183 2518 Vers.
2216 2462 2306 2520 25.
2340 2464 2417 2519 Et
2441 2464 2625 2520 omnis
2655 2495 2722 2506 —-
2747 2464 2947 2521 stabit.
2993 2467 3118 2520 Non
3148 2464 3323 2520 stabit
3366 2467 3608 2536 propter

1956 2551 2175 2608 dictam
2205 2567 2472 2609 causam.

2023 2643 2184 2698 Vers.
2211 2645 2300 2698 26.
2331 2643 2410 2698 Et
2433 2643 2481 2697 si
2505 2673 2573 2684 —-
2619 2645 2745 2713 ejus
2776 2643 2806 2698 Ῠ
2835 2643 2891 2700 Si
2929 2645 3176 2701 Satanas
3204 2644 3308 2716 qui
3336 2643 3612 2714 princeps

1953 2735 2040 2786 est
2069 2730 2528 2798 daemoniorum,
2558 2736 2760 2804 aperte
2778 2748 2848 2789 ac
2868 2733 3152 2789 violenter
3175 2735 3452 2790 Satanam
3480 2746 3610 2804 per-

1955 2819 2224 2892 sequitur
2255 2838 2268 2875 :
2303 2835 2497 2893 neque
2529 2821 2690 2878 enim
2721 2838 2887 2878 suum
2910 2822 3280 2879 domicilium
3324 2822 3476 2878 ultro
3508 2837 3613 2876 un-

1955 2924 2141 2981 quam
2168 2907 2526 2981 relinqueret
2555 2927 2569 2966 :
2613 2911 2856 2967 omnino
2885 2911 3160 2968 inimicus
3190 2918 3278 2968 est
3308 2911 3357 2966 is
3388 2911 3484 2982 qui
3509 2925 3612 2982 pa-

1953 2999 2112 3062 titur,
2145 2999 2624 3070 persecutionem
2657 3000 2948 3057 inferenti.
3003 3003 3209 3074 Itaque
3258 3005 3464 3056 contra
3507 2999 3614 3055 sei-

1954 3102 2123 3159 psum
2177 3086 2404 3142 divisus
2488 3093 2592 3151 est,
2660 3089 2946 3160 separatis
3025 3090 3103 3146 ab
3178 3105 3248 3145 eo
3331 3089 3614 3144 daemoni-

1955 3175 2092 3245 bus,
2147 3175 2252 3246 qui
2302 3175 2552 3245 subjecti
2613 3183 2784 3232 erant
2833 3193 2846 3231 :
2907 3183 2962 3233 et
3050 3179 3357 3250 quomodo
3438 3177 3614 3233 stabit

1955 3279 2208 3333 regnum
2234 3263 2384 3333 ejus,
2437 3263 2600 3334 quod
2649 3265 2707 3318 in
2756 3263 2889 3320 illos
2921 3264 3153 3321 habet?
3189 3266 3245 3321 Si
3273 3280 3414 3333 ergo
3457 3264 3616 3336 prin-

1958 3367 2096 3422 ceps
2154 3349 2390 3406 illorum
2439 3355 2551 3414 est,
2584 3365 2968 3423 nequaquam
2999 3368 3100 3407 eos
3146 3352 3498 3423 expellendo
3530 3367 3614 3407 se-

1958 3439 2235 3496 ditionem
2267 3445 2401 3508 aget
2429 3439 2720 3495 adversus
2751 3439 2884 3495 illos
2919 3458 2932 3495 :
2963 3455 3356 3512 nequaquam
3385 3439 3617 3496 homini

1961 3532 2168 3585 contra
2223 3527 2562 3584 daemonem
2644 3527 3081 3585 auxiliabitur:
3144 3545 3251 3585 nec
3309 3529 3617 3585 hominem

1963 3633 2233 3690 unquam
2290 3631 2494 3676 amare
2536 3619 2770 3690 poterit,
2820 3619 2918 3691 qui
2957 3619 3033 3676 ab
3086 3617 3257 3676 initio
3312 3617 3620 3677 homicida

1964 3711 2072 3764 est.

2036 3799 2194 3854 Vers.
2226 3799 2322 3856 2‘7.
2359 3798 2433 3853 Et
2463 3796 2515 3853 si
2537 3829 2605 3838 —
2632 3796 2898 3867 ejiciunt.
2927 3798 2957 3854 ἵ
3004 3797 3139 3854 Post
3152 3799 3412 3871 primam
3450 3812 3624 3855 accu-

1966 3886 2210 3944 sationis
2237 3885 2608 3953 dilutionem,
2643 3887 2720 3944 ad
2764 3887 3096 3944 secundam
3145 3887 3416 3960 procedit
3443 3887 3623 3943 mani-

1966 3975 2287 4033 festiorem.
2340 3979 2489 4032 Nam
2539 3977 2682 4048 quia
2738 3976 3018 4050 discipuli
3069 3993 3312 4050 quoque
3353 3976 3622 4049 ejusjam

1965 4065 2272 4122 daemones
2299 4065 2611 4135 ejiciebant
2641 4070 2884 4139 sumpta
2921 4066 2998 4122 ab
3027 4066 3159 4138 ipso
3189 4070 3498 4137 potestate,
3545 4065 3624 4122 ab

1964 4154 2058 4209 his
2080 4153 2274 4223 magis
2305 4153 2630 4208 Pharisaaos
2659 4155 2870 4224 arguit,
2920 4155 3024 4225 qui
3052 4154 3176 4208 sola
3205 4155 3348 4209 moti
3399 4153 3626 4210 invidia

1964 4257 2104 4298 eum
2190 4240 2601 4296 accusabant:
2689 4242 2988 4313 siquidem
3054 4240 3201 4296 nihil
3279 4241 3625 4310 hujusmodi

1962 4328 2078 4384 illis
2133 4327 2492 4398 objicientes,
2581 4329 2781 4384 solum
2836 4329 3035 4400 ipsum
3096 4327 3179 4383 ita
3242 4327 3620 4385 accusabant.

1969 4417 2143 4473 Filios
2184 4420 2383 4473 autem
2438 4415 2875 4473 Pharismorum
2915 4414 3217 4488 apostolos
3272 4415 3624 4482 nominavit,

1969 4521 2042 4562 eo
2101 4505 2269 4579 quod
2328 4504 2606 4561 Pharisaei
2675 4510 2916 4577 patrum
2985 4505 3255 4562 ordinem
3308 4507 3630 4563 retinerent

1966 4595 2117 4652 inter
2144 4595 2409 4659 Judaaos,
2435 4611 2470 4650 a
2500 4593 2724 4667 quibus
2753 4593 3200 4652 descendebant
3221 4595 3506 4668 apostoli:
3534 4597 3628 4653 vel

1965 4685 2114 4758 quia
2165 4683 2278 4739 illis
2336 4684 2605 4754 juniores
2651 4688 2843 4740 erant.
2905 4687 3236 4753 lnterrogat
3278 4699 3451 4754 ergo:
3520 4685 3628 4742 Per

1967 4789 2146 4841 quem
2179 4773 2424 4843 ejiciunt
2447 4773 2474 4828 ?
2502 4774 2588 4829 An
2619 4773 2798 4830 etiam
2837 4789 2944 4846 per
2976 4773 3323 4830 Beelzebul?
3350 4776 3412 4830 Et
3439 4789 3623 4848 quare

1966 4862 2101 4918 illos
2150 4876 2394 4934 quoque
2434 4877 2556 4918 non
2587 4863 2884 4918 accusatis
2909 4863 2938 4920 'i'
2987 4861 3047 4920 Si
3076 4866 3276 4919 autem
3313 4877 3420 4935 per
3469 4863 3620 4920 divi-

1969 4965 2110 5007 nam
2137 4950 2413 5019 gratiam,
2473 4949 2674 5023 utique
2724 4953 2879 5007 Deus
2937 4965 3050 5021 ego
3081 4967 3264 5018 sum;
3318 4967 3463 5008 nam
3517 4967 3625 5025 per

1969 5054 2213 5095 nomem
2243 5053 2448 5095 meum
2467 5038 2770 5096 daemonia
2796 5040 3060 5114 ejiciunt.

2041 5130 2212 5185 Vers.
2255 5128 2342 5183 27.
2394 5129 2534 5186 Ideo
2567 5159 2632 5169 —
2676 5130 2925 5200 judices.
2961 5129 3110 5195 Quia
3138 5143 3278 5201 ergo
3321 5129 3437 5202 ipsi
3483 5145 3633 5202 quo-

1481 5430 1706 5500 Varim
1747 5433 2079 5500 lectiones
2113 5443 2177 5500 et
2200 5443 2407 5500 notae.

351 5628 445 5700 78)
480 5625 879 5700 ὡμολογούμενα
907 5629 952 5684 Α
967 5673 979 5686 .

351 5628 445 5700 78)
480 5628 873 5700 ὡμολογούμενα

324 5628 447 5774 ἒ79)
477 5699 782 5762 στασιάζειν
812 5701 873 5756 Β.

2054 5628 2167 5700 (80)
2194 5630 2330 5695 Quae
2359 5627 2456 5686 hic
2481 5631 2715 5688 inclusa
2769 5634 2926 5699 sunt,
2960 5647 3029 5688 ea
3060 5646 3131 5686 ex
3179 5630 3311 5688 cod.
3339 5633 3386 5688 A
3406 5629 3636 5688 excide-

1980 5704 2138 5759 runt.
2168 5702 2234 5757 In
2264 5715 2446 5759 causa
2474 5701 2586 5761 fuit
2614 5701 2834 5776 duplex
2855 5705 2985 5778 πρὸς
3012 5701 3215 5763 αὐτοῦς.
