4176 6440
579 383 687 442 379

1884 380 2235 440 EUTYHMII
2274 382 2608 445 ZIGABENI

3834 409 3962 466 380

581 527 699 582 que
714 509 1269 582 dmmoniaejiciunt
1285 525 1396 566 nec
1416 511 1772 566 accusantur
1808 525 1841 566 a
1869 509 2060 575 vobis,
2093 525 2229 581 pro-

2340 517 2427 564 καὶ
2471 513 2621 567 αύτοὶ
2660 512 2930 590 δαιμόνια,
2980 527 3070 576 καὶ
3116 523 3228 596 (81)
3280 524 3375 578 ούκ
3427 526 3766 600 ἐγκαλοῦνται
3814 532 3957 608 παρ’

581 605 784 671 pterea
828 599 940 666 ipsi
995 600 1229 671 judices
1258 599 1436 655 vestri
1487 603 1703 655 erunt:
1757 603 1814 654 et
1869 599 2227 658 condemna-

577 687 730 743 bunt
760 703 868 744 vos
901 705 916 755 ;
964 704 1089 744 non
1141 688 1216 745 de
1250 687 1544 755 omnibus,
1588 703 1724 762 qua
1779 687 1842 744 in
1866 688 1988 746 vita
2019 696 2228 761 perpe-

581 775 774 832 trastis
833 794 847 843 ;
932 794 1068 835 nam
1121 777 1184 834 id
1231 777 1416 834 solius
1495 777 1597 834 Dei
1680 782 1786 846 est,
1835 778 1940 834 sed
1988 778 2063 834 de
2114 778 2230 836 hac

579 865 980 938 blasphemia,
1029 867 1334 939 quoniam,
1376 866 1488 923 illis
1517 866 1754 930 relictis,
1805 867 1948 923 moti
1980 867 2227 936 invidia,

581 969 678 1010 me
728 955 924 1011 solum
968 956 1283 1013 accusatis.
1318 956 1417 1011 Vel
1469 959 1710 1029 propter
1754 957 1886 1021 hoc,
1918 955 2063 1029 quia
2090 971 2228 1013 cum

581 1044 698 1100 sint
726 1043 832 1102 ﬁlii
858 1045 1051 1110 vestri,
1088 1048 1144 1100 et
1169 1045 1522 1114 agnoverint
1575 1047 1898 1111 veritatem,
1949 1045 2230 1102 condem-

582 1133 816 1190 nabunt
889 1149 998 1191 vos
1057 1138 1256 1207 patres
1305 1149 1466 1205 suos,
1530 1135 1634 1208 qui
1684 1134 1840 1192 hanc
1901 1149 2229 1206 cognocere

581 1221 869 1278 noluistis.

649 1313 808 1368 Vers.
841 1313 935 1370 28.
975 1311 1040 1369 Si
1081 1340 1150 1354 —-
1205 1328 1450 1383 regnum
1489 1314 1613 1369 Dei.
1645 1314 1687 1384 -ι-
1734 1312 1962 1384 Digitus
2009 1313 2108 1370 Dei
2133 1314 2230 1370 hic

579 1398 696 1455 dici
745 1404 939 1472 potest
995 1400 1237 1472 Spiritus
1299 1406 1565 1457 sanctus.
1621 1403 1769 1458 Cum
1824 1401 1985 1458 enim
2041 1403 2231 1460 caeteri

581 1488 965 1558 evangelista:
986 1489 1286 1546 dixerunt:
1311 1490 1377 1546 Si
1396 1505 1491 1561 ego
1501 1505 1613 1560 per
1628 1491 1926 1560 Spiritum
1950 1491 2052 1548 Dei
2066 1491 2231 1561 ejicio

577 1578 890 1648 daemonia,
911 1581 1098 1638 Lucas
1127 1579 1274 1636 dixit
1302 1581 1388 1637 :Si
1399 1596 1500 1651 ego
1528 1595 1636 1651 per
1658 1580 1907 1650 digitum
1937 1582 2043 1637 Dei
2065 1583 2230 1652 ejwio

579 1667 866 1725 dwmonia
897 1670 968 1726 7’.

647 1759 969 1830 Postquam
1021 1757 1477 1822 demonstravit,
1527 1758 1691 1830 quod
1757 1774 1880 1816 non
1929 1775 2034 1831 per
2078 1759 2230 1817 Beel-

2339 602 2500 672 ὑμῶν,
2561 599 2654 656 διὰ
2709 615 2860 659 τοῦτο
2909 609 3058 663 αὐτοὶ
3119 614 3260 684 ὑμῶν
3314 617 3520 668 ἔσονται
3585 625 3780 692 κριταὶ,
3848 625 3956 673 καὶ

2338 699 2739 764 κατακρινοῦσιν
2819 697 2952 768 ὑμᾶς
2991 714 3003 727 °
3055 699 3150 751 οὐκ
3219 700 3304 754 ἐπὶ
3372 711 3480 765 τοῖς
3540 704 3877 780 βεϐιωμένοις
3935 727 3951 739 ⁶

2337 785 2488 831 τοῦτο
2557 783 2658 856 γὰρ
2696 868 2709 871 Α
2733 788 2891 854 μόνου
2950 794 3120 840 Θεοῦ·
3166 788 3273 842 ἀλλ’
3342 790 3426 845 ἐπὶ
3499 802 3558 866 τῇ
3624 793 3958 871 βλασφημίᾳ

2337 871 2524 940 ταύτῃ,
2557 871 2637 922 ὅτι
2682 868 2775 924 διὰ
2827 876 3006 945 φθόνον
3053 876 3312 949 ἐγκαλεῖτε
3353 885 3496 953 μόνῳ
3539 882 3675 955 ίμοὶ,
3721 884 3958 949 ἐκείνους

2337 955 2540 1028 ἀφέντες
2571 975 2582 987 ·
2632 961 2661 1019 ἣ
2711 957 2806 1014 διὰ
2866 972 3038 1032 τοῦτο,
3082 963 3224 1020 διότι
3275 971 3380 1022 υἱοὶ
3435 972 3577 1042 ὑμῶν
3621 977 3776 1038 ὄντες,
3823 974 3957 1029 ἐπέ-

2337 1065 2540 1116 γνωσαν
2609 1053 2701 1107 τὴν
2783 1050 3047 1118 ἀλήθειαν,
3117 1067 3519 1130 κατακρινοῦσιν
3589 1062 3740 1132 ὑμᾶς,
3822 1067 3954 1125 τοῦς

2337 1140 2560 1208 πατέρας
2616 1137 2801 1208 αὐτῶν,
2871 1146 2943 1214 μὴ
3017 1143 3331 1208 θελήσαντάς
3397 1147 3674 1220 ἐπιγνῶναι
3720 1154 3940 1210 ταύτην.

2411 1313 2568 1366 Εἰ-
2612 1324 2702 1369 τοῦ
2739 1325 2898 1374 Θεοῦ.
2940 1320 3237 1392 [Δάκτυλός
3279 1323 3390 1396 (82)
3436 1333 3590 1393 Θεοῦ,
3631 1332 3690 1382 τὸ
3735 1336 3952 1403 Πνεῦμα

2337 1404 2396 1454 τὸ
2453 1405 2624 1474 ᾶγιον.
2671 1413 2783 1459 Τῶν
2824 1409 2926 1481 γὰρ
2975 1409 3138 1462 ὒλων
3201 1412 3582 1485 εύαγγελιστὼν
3640 1417 3887 1470 εἰπόντων
3926 1437 3941 1448 ·

2338 1491 2398 1543 Εἰ
2464 1488 2522 1545 δε
2575 1492 2675 1564 ἐγὼ
2721 1493 2768 1546 ἐν
2825 1499 3086 1569 Πνεύματι
3143 1507 3277 1554 Θεοῦ
3335 1501 3562 1556 ἐκϐάλλω
3626 1509 3691 1558 τά
3746 1503 3944 1580 δαιμό-

2338 1599 2441 1647 νια,
2492 1582 2517 1632 ό
2566 1588 2771 1644 Λουκᾶς
2823 1581 2999 1638 εἶπεν⁹
3053 1588 3112 1642 Εἰ
3168 1584 3228 1642 δε
3281 1588 3380 1661 ἐγὼ
3425 1589 3473 1643 ἐν
3515 1589 3755 1667 δακτύλῳ
3809 1603 3944 1650 Θεοῦ

2339 1667 2567 1721 ἐκϐάλλω
2600 1675 2666 1723 r6:
2705 1669 3015 1746 δαιμόνια.]

2412 1756 2737 1829 Ἀποδείξας,
2816 1764 2893 1815 ὅτι
2958 1763 3053 1816 ούκ
3109 1763 3158 1818 ἐν
3227 1766 3531 1829 Βεελζεϐούλ
3597 1770 3820 1826 ἐκϐάλλει
3868 1777 3932 1826 τά

578 1845 748 1901 zebul
799 1847 1034 1918 ejiceret
1089 1846 1407 1912 daemonia,
1454 1847 1632 1903 simul
1683 1849 1860 1904 etiam
1899 1865 1970 1903 ex
2023 1865 2230 1905 conse-

2343 1843 2610 1916 δαιμόνια,
2684 1848 3066 1922 συναπέδειξεν,
3147 1856 3227 1907 ὅτι
3299 1855 3476 1910 λοιπόν
3563 1858 3610 1912 ἐν
3679 1865 3932 1934 Πνεύματι

577 1934 786 2005 quenti
835 1935 1118 2005 ostendit,
1171 1936 1338 2008 quod
1383 1951 1454 1992 ea
1496 1952 1602 2007 per
1641 1935 1930 2008 Spiritum
1986 1937 2088 1993 Dei
2137 1939 2234 2010 eji-

581 2026 763 2078 ceret.
805 2023 1091 2094 Spiritum
1123 2030 1320 2080 autem
1347 2025 1445 2079 Dei
1485 2041 1645 2080 nunc
1677 2026 2006 2098 potentiam
2038 2032 2232 2084 vocat.

580 2113 728 2168 Nam
759 2116 816 2168 et
855 2113 1044 2169 Lucas
1071 2129 1084 2169 :
1110 2114 1229 2170 Per
1257 2114 1516 2184 digitum
1558 2115 1666 2170 Dei
1695 2114 1846 2172 dixit
1879 2115 1946 2182 ⁸ο,
1980 2115 2094 2170 hoc
2124 2120 2235 2172 est:

581 2217 688 2272 per
709 2218 958 2258 manum
984 2222 996 2271 ;
1018 2219 1264 2258 manum
1292 2219 1433 2259 vero
1462 2203 1581 2268 Dei,
1616 2204 1943 2276 potentiam
1975 2203 2075 2260 Dei
2101 2202 2239 2261 dici'

581 2307 742 2348 mus.
782 2292 839 2349 Si
878 2309 1020 2349 vero
1048 2307 1160 2363 ego
1199 2308 1306 2365 per
1336 2293 1682 2366 potentiam,
1722 2293 1933 2366 inquit,
1967 2293 2234 2351 divinam

581 2379 750 2450 ejicio
829 2381 1155 2445 dmmonia,
1210 2397 1332 2438 non
1385 2382 1565 2455 quasi
1616 2382 1820 2438 nudus
1870 2383 2075 2454 homo,
2130 2382 2236 2440 sed

586 2471 760 2541 quasi
795 2471 899 2526 Dei
946 2471 1154 2541 Filius,
1214 2471 1478 2543 profecto
1532 2471 1802 2545 pervenit
1856 2471 1936 2529 od
1986 2487 2090 2529 vos
2147 2487 2236 2529 re-

582 2573 770 2628 gnum
828 2560 955 2616 Dei.
1026 2560 1211 2617 Suum
1303 2565 1504 2618 autem
1563 2561 1706 2617 dicit
1743 2576 2016 2631 regnum,
2067 2559 2236 2632 quod

579 2647 849 2705 videlicet
874 2663 975 2719 per
1023 2648 1322 2705 Christum
1375 2666 1503 2706 esse
1542 2655 1884 2714 venturum,
1928 2650 2233 2722 prophetas

580 2738 1156 2809 praenuntiaverunt.
1179 2739 1327 2796 Nam
1349 2739 1531 2796 solius
1549 2739 1651 2796 Dei
1666 2746 1875 2811 estper
1903 2739 2232 2810 potentiam

581 2825 846 2881 divinam
886 2826 1188 2884 daemones
1219 2829 1453 2900 ejicere.
1511 2828 1776 2900 Apostoli
1817 2843 2078 2900 namque
2110 2843 2231 2883 non

581 2913 827 2986 propria
851 2915 1134 2986 potentia,
1177 2917 1282 2973 sed
1336 2933 1441 2989 per
1498 2916 1768 2972 divinam
1807 2917 2060 2986 gratiam
2091 2915 2225 2972 illos

581 3001 915 3072 ejiciebant.
955 3007 1156 3077 Neque
1194 3007 1352 3061 enim
1381 3009 1702 3076 potuerunt
1723 3008 2014 3077 tanquam
2051 3005 2224 3071 Deus,

582 3091 688 3147 sed
714 3093 964 3162 gratiam
991 3109 1020 3149 ε
1075 3095 1194 3150 Deo
1232 3093 1561 3151 habebant.
1621 3093 1883 3150 Christus
1928 3093 2224 3166 siquidem

2345 1943 2477 1988 Θεοῦ
2537 1945 2702 1989 ταῦτα
2753 1936 3047 1997 ἀπελαύνει.
3116 1949 3324 2016 Πνεῦμα
3385 1942 3444 1998 δε
3498 1955 3628 2000 Θεοῦ
3680 1957 3785 2017 νῦν,
3845 1954 3934 2008 τὴν

2345 2021 2566 2097 δύναμιν
2597 2034 2688 2078 τοῦ
2719 2035 2850 2081 Θεοῦ
2891 2049 3042 2101 φησι.
3089 2035 3177 2084 Διὸ
3205 2038 3296 2086 καὶ
3343 2035 3368 2086 ὁ
3400 2041 3628 2103 Λουκᾶς,
3682 2037 3762 2091 Ἐν
3811 2035 3940 2091 δακ-

2342 2113 2475 2185 τύλῳ
2527 2122 2660 2169 Θεοῦ
2716 2114 2840 2188 εἰπε,
2927 2125 3216 2189 τουτέστιν,
3289 2120 3338 2174 ἐν
3415 2130 3579 2200 χειρί.
3656 2133 3820 2199 Χεῖρα
3881 2125 3943 2180 δε

2345 2211 2498 2268 Θεοῦ,
2530 2209 2624 2262 τὴν
2673 2201 2895 2278 δύναμιν
2926 2207 3086 2260 αὐτοῦ
3129 2210 3360 2283 λέγομεν.
3408 2213 3466 2266 Εἰ
3525 2210 3584 2266 δι
3615 2213 3664 2266 ἐν
3723 2212 3948 2287 δυνάμει

2346 2293 2476 2364 θείᾳ,
2512 2298 2692 2365 φησὶν,
2743 2293 2841 2365 ἐγὼ
2889 2293 3116 2348 ἐκϐάλλω
3157 2301 3220 2350 τὰ
3271 2295 3539 2372 δαιμόνια,
3581 2304 3653 2364 ὡς
3681 2308 3751 2375 μὴ
3792 2303 3950 2374 ψιλὸς

2343 2381 2614 2454 ἄνθρωπος
2667 2384 2796 2453 (83),
2858 2382 2985 2436 6:116:
3052 2390 3141 2438 καὶ
3187 2388 3303 2449 Υἱός
3354 2396 3508 2456 Θεοῦ,
3572 2392 3676 2466 ἄρα
3727 2393 3948 2464 ἔφθασεν

2343 2467 2416 2542 ἐφ’
2453 2471 2586 2542 ὑμᾶς
2619 2473 2648 2529 ἠ
2681 2469 2928 2543 βασιλεία
2954 2481 3046 2526 τοῦ
3074 2482 3208 2528 Θεοῦ
3239 2489 3254 2506 ⁶
3305 2475 3441 2548 λέγει
3489 2475 3549 2531 δέ
3592 2484 3686 2538 τὴν
3739 2480 3947 2548 ἑαυτοῦ,

2342 2561 2522 2616 ἧντινα
2552 2555 2646 2611 διὰ
2673 2567 2766 2612 τοῦ
2815 2568 3050 2633 Χριστοῦ
3096 2565 3351 2636 ἔρχεσθαι
3391 2565 3467 2618 ἐπ’
3495 2567 3678 2629 αὐτούς
3719 2588 3942 2643 πρόκατ-⁹

2341 2646 2585 2718 ἠγγειλαν
2653 2650 2702 2700 οἱ
2758 2658 3041 2722 προφῆται.
3107 2658 3279 2705 Μόνον
3348 2657 3452 2728 γάρ
3529 2664 3683 2722 Θεοῦ,
3755 2662 3814 2710 τὸ
3895 2657 3947 2710 ἐν

2341 2732 2560 2808 δυνάμει
2606 2739 2720 2809 θείᾳ
2761 2735 3011 2811 δαίμονας
3059 2739 3334 2798 ἐκϐάλλειν.
3372 2746 3436 2796 Οἱ
3484 2746 3585 2818 γὰρ
3640 2746 3946 2815 ἀπόστολοι,

2340 2825 2432 2877 ούκ
2494 2824 2542 2876 ἐν
2597 2822 2818 2899 δυνάμει
2861 2828 2991 2899 θείᾳ,
3047 2827 3156 2881 ἀλλ’
3200 2828 3248 2881 ἐν
3293 2833 3482 2906 χάριτι
3548 2835 3660 2906 θείᾳ
3722 2837 3945 2898 τούτους

2339 2911 2618 2975 ἐξέϐαλλον.
2654 2915 2728 2967 Ού
2757 2918 2855 2990 γὰρ
2909 2913 3187 2983 ἠδύναντο,
3244 2922 3314 2981 ὡς
3346 2921 3372 2972 ὁ
3420 2924 3566 2989 Θεὸς,
3602 2921 3728 2974 ἀλλά
3773 2926 3942 2997 χάριν

2339 2999 2482 3072 εἶχον
2530 3003 2587 3054 ἐκ
2644 3011 2732 3056 τοῦ
2793 3012 2945 3058 Θεοῦ,
2990 3005 3048 3057 Ὀ
3111 3010 3201 3078 μεν
3247 3010 3348 3080 γὰρ
3411 3007 3725 3082 ἐπιτάγματι
3797 3017 3941 3085 μόνῳ

2336 3094 2456 3153 τούς
2505 3087 2760 3163 δαίμονας
2798 3090 3112 3165 ἐφυγάδευεν
3140 3116 3152 3128 ·
3198 3097 3247 3148 οἱ
3279 3093 3337 3148 δι
3370 3096 3418 3148 ἐν
3455 3105 3527 3167 τῷ
3576 3097 3791 3171 ὀνόματι
3833 3102 3938 3154 αύ-

579 3180 706 3237 solo
729 3181 906 3252 jussu
943 3183 1250 3239 daemones
1280 3182 1572 3251 fugabat:
1642 3183 1724 3239 illi
1779 3199 1920 3240 vero
1970 3199 2076 3256 per
2127 3197 2228 3239 no-

2340 3187 2426 3232 τοῦ
2482 3183 2694 3241 τούτους
2751 3180 3018 3255 ἐξωριζον.
3094 3183 3154 3236 Εἰ
3210 3180 3268 3236 δε
3330 3187 3546 3256 ἔφθασεν
3595 3186 3670 3260 ἐφ’
3722 3189 3852 3261 ύμᾶς
3899 3193 3931 3249 ἠ

580 3285 716 3326 men
764 3271 894 3342 ejus
932 3271 1098 3344 ipsos
1146 3271 1465 3343 expellant.
1527 3271 1583 3328 Si
1635 3287 1775 3330 vero
1835 3273 2103 3346 pervenit
2153 3272 2228 3328 ad

579 3375 687 3415 vos
737 3375 993 3433 regnum
1045 3359 1165 3428 Dei,
1217 3375 1404 3432 quare
1464 3359 1611 3417 illud
1657 3359 1978 3433 repellitis‘?
2035 3362 2228 3428 Quare

583 3453 789 3506 contra
804 3448 1170 3506 vestrabona
1195 3449 1477 3522 pugnatis
1497 3447 1665 3508 ?Hoc
1695 3465 1962 3523 namque
1989 3454 2228 3521 tempus

582 3543 664 3595 est
691 3544 898 3594 vestra:
911 3537 1138 3602 salutis,
1151 3538 1315 3610 quod
1327 3538 1469 3595 olim
1483 3539 1881 3610 praedixerunt
1900 3538 2226 3609 prophetae,

651 3627 812 3683 Vers.
860 3627 947 3682 29.
982 3627 1218 3698 Alioqui
1257 3628 1544 3699 quomodo
1593 3657 1660 3667 -—-
1690 3625 1974 3696 diripiet?
2015 3625 2104 3682 Ab
2135 3641 2230 3682 ex-

581 3715 775 3788 emplo
829 3729 1169 3771 sermonem
1221 3715 1518 3786 producit.
1571 3713 1678 3770 Per
1733 3713 1944 3770 fortem
2009 3720 2228 3782 autem,

583 3804 916 3878 principem
970 3802 1412 3860 dmmoniorum
1451 3801 1837 3860 subindicat:
1896 3819 2017 3860 non
2070 3804 2233 3877 quod

583 3896 801 3950 natura
827 3891 990 3948 fortis
1021 3891 1117 3959 sit,
1163 3891 1268 3947 sed
1319 3891 1485 3964 quod
1516 3906 1702 3965 usque
1745 3896 1884 3948 tunc
1929 3893 2232 3965 tyrannica

579 3979 940 4053 regnaverit,
995 3995 1217 4053 eosque
1275 3980 1372 4053 qui
1435 3996 1555 4053 prta
1611 3981 1855 4054 segnitie
1906 3981 2231 4040 imbecilles

583 4073 770 4136 erant,
819 4069 1151 4141 opresserit.
1209 4067 1367 4127 Vasa
1423 4086 1561 4128 vero
1619 4070 1747 4142 ejus
1805 4071 2071 4146 subjecta
2115 4071 2234 4128 daa-

583 4159 786 4217 monia
827 4166 1015 4226 erant,
1059 4176 1190 4231 quae
1235 4165 1290 4216 et
1336 4174 1508 4216 arma
1564 4160 1694 4232 ejus
1751 4161 1868 4218 dici
1933 4165 2230 4234 possunt:

583 4265 727 4307 nam
755 4252 823 4303 τὰ
847 4252 1004 4309 σκεύη
1046 4248 1224 4306 etiam
1283 4264 1456 4306 arma
1479 4249 1595 4306 dici
1643 4249 1851 4307 solent.
1908 4250 2046 4308 Ideo
2084 4265 2232 4323 quo-

581 4355 699 4413 que
737 4342 926 4398 Lucas
975 4355 1145 4397 arma
1199 4339 1329 4412 ejus
1374 4339 1508 4412 ipsa
1564 4341 1797 4399 vocavit
1826 4342 1869 4379 ⁸¹
1896 4359 1918 4397 :
1965 4355 2071 4413 per
2101 4356 2234 4412 quas

583 4428 833 4485 miseros
873 4428 1150 4484 homines
1204 4428 1266 4484 in
1315 4427 1673 4485 servitudem
1732 4429 2060 4500 redigebat.
2121 4431 2236 4484 Hoc

583 4533 726 4588 ergo
751 4517 1025 4587 exemplo
1045 4516 1586 4574 considerationem
1614 4518 1860 4583 inducit,
1875 4531 2011 4590 quae
2037 4521 2237 4571 osten-

585 4607 689 4663 dat
709 4620 830 4661 non
857 4603 1047 4660 solum
1068 4604 1233 4676 quod
1250 4605 1580 4679 principem
1602 4606 2042 4663 daemoniorum
2089 4604 2233 4661 ami-

587 4711 727 4750 cum
763 4709 886 4750 non
915 4692 1151 4758 habeat,
1187 4696 1289 4750 sed
1335 4696 1534 4768 potius
1593 4696 1760 4766 quod
1824 4693 2232 4751 fortitudinem

587 4783 716 4855 ejus
747 4788 1037 4854 tanquam
1061 4783 1453 4841 inimicissimi
1488 4783 1844 4854 alligaverit.
1896 4785 1992 4839 Est
2031 4777 2231 4839 mitem

587 4871 1078 4929 considerationis
1131 4889 1375 4946 scopus,
1425 4871 1591 4946 quod
1656 4872 1807 4928 sicut
1861 4886 1983 4928 non
2040 4878 2233 4944 potest

587 4962 908 5034 quisquam
959 4961 1198 5019 domum
1253 4962 1420 5019 fortis
1466 4960 1718 5032 ingredi,
1785 4977 2052 5034 vasaque
2103 4961 2229 5034 ejus

2341 3267 2585 3341 βασιλεία
2640 3277 2732 3322 τοῦ
2787 3277 2943 3334 Θεοῦ,
2999 3267 3146 3324 διατί
3189 3275 3380 3332 ταύτην
3429 3272 3740 3343 ἀπωθεῖσθε,
3793 3275 3943 3332 διατί

2338 3365 2446 3420 τοῖς
2498 3359 2764 3431 ὑμετέροις
2825 3357 3040 3431 ἀγαθοῖς
3091 3361 3396 3435 πολεμεῖτε;
3449 3359 3616 3426 Οὗτος
3665 3368 3767 3441 γὰρ
3817 3365 3944 3420 ἐκεῖο

2338 3467 2422 3509 νος
2467 3449 2494 3500 ό
2541 3451 2722 3521 καιρός
2768 3456 2858 3508 τῆς
2929 3455 3193 3524 σωτηρίας
3248 3452 3412 3524 ύμῶν,
3468 3451 3523 3506 ὃν
3579 3453 3738 3507 πάλαι
3769 3464 3948 3530 προεῖ-

2339 3557 2433 3589 πον
2465 3538 2514 3589 οἱ
2541 3546 2824 3610 προφῆται.

2409 3626 2480 3681 Ἦ
2523 3635 2634 3688 πῶς
2682 3655 2746 3667 -
2791 3624 3065 3700 διαρπάσῃ
3104 3627 3259 3700 (84);
3319 3628 3822 3703 Παραδειγματικῶς
3850 3636 3944 3702 μεν

2341 3714 2511 3788 ἐξάγει
2549 3718 2634 3767 τὸν
2675 3715 2845 3786 λόγον,
2881 3712 3139 3774 ὑποδηλοῖ
3177 3714 3236 3770 δι
3287 3717 3512 3792 ἰσχυρὸν
3556 3723 3664 3791 μὶν,
3714 3721 3818 3790 τόνς
3845 3721 3940 3792 cip-

2327 3823 2508 3877 ’χοντα
2554 3812 2652 3856 τῶν
2707 3800 3011 3876 δαιμονίων,
3070 3805 3176 3877 οὐχ
3241 3809 3310 3867 ὡς
3369 3808 3591 3884 ἰσχυρόν
3642 3814 3703 3879 τῇ
3759 3809 3935 3879 φύσει,

2343 3893 2448 3945 ἀλλ’
2508 3895 2572 3953 ὡς
2619 3901 2968 3965 τυραννοῦντα
3019 3898 3183 3966 μέχρι
3228 3898 3363 3965 τότε,
3414 3901 3503 3948 καὶ
3551 3895 3665 3968 (85)
3712 3891 3946 3948 καταδυο

2341 3983 2655 4034 ναστεύοντα
2700 3990 2800 4034 τῶν
2877 3980 3228 4035 ἀσθενούντων
3303 3984 3360 4036 ἐκ
3428 3985 3718 4059 ῥᾳθυμίας.
3782 3987 3944 4045 Σκεύη

2345 4068 2404 4124 δὲ
2441 4071 2622 4132 αὐτοῦ,
2663 4073 2730 4124 τὰ
2769 4071 3158 4144 ὑποτεταγμένα
3202 4071 3344 4143 αύτῷ
3385 4069 3654 4146 δαιμόνια,
3699 4076 3770 4135 ὡς
3817 4073 3952 4128 ὅπλα

2344 4160 2500 4212 αὑτοῦ
2529 4175 2542 4190 °
2591 4162 2750 4218 σκεύη
2805 4161 2904 4231 γὰρ
2970 4159 3335 4232 ὀνομάζονται,
3397 4166 3486 4214 καὶ
3541 4164 3609 4214 τὰ
3651 4162 3802 4215 ὅπλα.
3859 4167 3949 4216 Διό

2344 4254 2433 4302 καὶ
2470 4249 2496 4300 ὁ
2547 4253 2776 4314 Λουκᾶς,
2823 4248 3110 4301 πανοπλίαν
3158 4250 3317 4303 αὐτοῦ
3358 4258 3525 4303 ταῦτα
3563 4250 3818 4323 ὠνόμασε,
3876 4248 3952 4304 δι’

2345 4338 2412 4389 ὧν
2464 4333 2841 4390 κατεδουλοῦτο
2897 4340 3020 4398 τοῦς
3070 4334 3282 4400 ἀθλίους
3353 4337 3676 4414 ἀνθρώπους.
3735 4340 3951 4412 Εἰσάγει

2348 4423 2406 4479 δὲ
2472 4426 2743 4498 λογισμὸν,
2812 4421 2905 4477 διὰ
2959 4432 3051 4478 τοῦ
3125 4429 3363 4479 τοιούτου
3435 4424 3867 4501 παραδείγματος
3924 4429 3952 4480 ό

2347 4519 2593 4588 Χριστὸς,
2663 4511 2984 4581 δεικνύοντα,
3037 4515 3115 4568 ὅτι
3175 4514 3234 4567 ού
3289 4519 3442 4588 μόνον
3503 4515 3597 4568 οῦκ
3655 4519 3768 4588 ἔχει
3808 4515 3953 4588 φίλον

2346 4606 2430 4656 τὸν
2475 4606 2713 4677 ἄρχοντα
2755 4611 2856 4656 τῶν
2902 4599 3206 4676 δαιμονίων,
3259 4602 3385 4656 ἀλλά
3433 4609 3522 4657 καὶ
3573 4604 3763 4676 μᾶλλον
3807 4601 3956 4658 ἐδέσ-

2343 4712 2507 4765 μησεν
2563 4692 2722 4746 αὐτοῦ
2775 4695 2869 4751 τὴν
2912 4691 3094 4763 ἰσχὺν,
3147 4695 3218 4754 ὡς
3247 4690 3519 4764 ἐχθίστου.
3573 4692 3727 4747 Ἐστι
3774 4697 3872 4768 γὰρ
3927 4695 3952 4745 ὁ

2342 4791 2432 4834 τοῦ
2493 4781 2750 4853 λογισμοῦ
2825 4783 3035 4846 σκοπός,
3094 4782 3176 4832 ὅτι
3242 4783 3419 4856 ὥσπερ
3490 4781 3548 4834 ού
3603 4779 3825 4835 δύναταί
3874 4801 3957 4845 τις

2341 4871 2581 4943 εἰσελθεῖν
2623 4870 2691 4930 εἰς
2746 4873 2841 4927 τὴν
2890 4868 3058 4921 οἰκίαν
3091 4877 3184 4922 τοῦ
3239 4869 3490 4943 ἰσχυροῦ,
3548 4870 3639 4922 καί
3685 4873 3752 4923 τὰ
3791 4873 3953 4929 σκεύη

2340 4961 2499 5014 αὑτοῦ
2552 4956 2876 5031 διαρπάσαι,
2932 4958 3289 5032 φυλαττόμενα
3340 4959 3464 5034 παρ’
3519 4959 3699 5024 αὐτοῦ,
3747 4958 3831 5012 ἐὰν
3879 4964 3955 5031 μὴ

625 5050 869 5124 dirpere
926 5051 1003 5108 ab
1029 5052 1128 5108 illo
1160 5056 1537 5115 conservata,
1571 5049 1681 5106 nisi
1723 5051 1984 5122 primum
2036 5051 2231 5112 forten

2340 5058 2548 5123 πρῶτον
2581 5045 2723 5120 δήσῃ
2758 5051 2846 5100 τὸν
2876 5047 3102 5123 ἰσχυρόν
3139 5064 3151 5078 °
3186 5049 3350 5112 οὕτως
3376 5045 3490 5102 οὐδ’
3522 5048 3678 5111 αὐτὸς
3718 5045 3960 5124 διήρπα-

678 5177 728 5211 ⁷⁹
761 5178 896 5233 Luc.
928 5192 1008 5243 x1,
1040 5178 1128 5231 20.
1244 5174 1293 5210 ⁸ο
1323 5172 1467 5229 ibid.
1583 5174 1625 5208 ⁸¹
1660 5173 1803 5229 ibid.
1836 5175 1923 5229 21.

1813 5299 2038 5368 Variae
2070 5299 2398 5370 lectiones
2442 5306 2507 5366 et
2540 5303 2744 5363 notae.

660 5519 772 5585 (82)
796 5519 1029 5571 Inclusa
1049 5519 1238 5568 codex
1256 5519 1354 5566 ute

601 5584 871 5642 feruntur
903 5589 1105 5638 autem
1127 5583 1255 5639 haec
1285 5582 1360 5639 ad

669 5656 786 5728 (82)
818 5655 886 5706 ὢν
913 5653 1079 5712 addit
1116 5662 1196 5735 Α,

683 5442 737 5499 8t
803 5448 914 5508 καί,
938 5441 1108 5500 abest
1138 5443 1211 5498 Α.

660 5443 772 5585 ί82ζ
796 5515 1029 5571 inclusa
1049 5513 1211 5585 code:

1440 5599 1537 5641 uc.
1579 5601 1654 5652 x1,
1683 5585 1776 5643 20.

796 5515 1029 5571 inclusa
1049 5513 1238 5585 codex
1256 5515 1506 5585 uterque
1529 5511 1589 5569 in
1617 5515 1888 5585 margine
1905 5515 2104 5574 habet.
2139 5515 2248 5572 Be-

2428 5437 2545 5512 (84)
2564 5437 2887 5514 Hentenius
2905 5437 3139 5514 videtur
3154 5439 3446 5514 reperisse
3465 5437 3769 5514 διαρπάσει.
3803 5442 3963 5497 Uter-

2356 5507 2644 5587 (χρόνοιίο
2671 5525 2840 5587 meus
2867 5509 3056 5587 habet,
3086 5507 3362 5587 διαρπάσει
3379 5556 3392 5569 .

2431 5581 2545 5656 (85)
2583 5577 2990 5638 δυναστεύοντα.
3031 5586 3098 5637 Α.
