4176 6426
231 389 332 446 381

1176 392 1550 450 COMMENT.
1602 394 1673 448 IN
1713 391 2168 449 MATTHEUM-
2209 422 2280 433 —
2318 390 2486 447 CAP.
2536 390 2718 450 XXII.

3515 386 3622 445 382

235 535 321 568 σιν
375 517 440 568 ἄν
492 518 559 568 τὰ
609 513 892 589 δαιμόνια,
931 523 1188 585 τουτέστι,
1252 515 1638 591 διεσκόρπισεν,
1701 520 1743 572 εἰ
1788 524 1848 592 μὲ

1976 518 2267 575 vinxerit:
2303 518 2382 575 ita
2406 533 2602 590 neque
2646 516 2742 573 hic
2800 515 3110 589 rupuisset
3169 514 3489 583 damonis,
3522 515 3631 574 hoc

231 613 440 678 πρῶτον
485 601 756 677 έδέσμησε
786 609 874 658 τὸν
905 608 1141 682 ἄρχοντα
1178 610 1393 675 τούτων,
1426 613 1514 662 τὸν
1545 607 1862 681 ένισχύοντα

235 712 368 744 αντα
377 735 390 746 .

303 787 424 856 Χρὴ
462 779 524 835 δε
560 788 858 853 γινώσκειν,
893 787 956 844 ὡς
984 785 1042 836 οῦ
1081 786 1300 838 πάντοτε
1353 789 1415 838 τὰ
1453 782 1866 860 παραδείγματα

231 874 371 923 κατὰ
429 873 606 923 πάντα
662 872 813 944 λόγον
867 875 1302 946 προσαρμόζουσι
1366 883 1481 936 ταῖς
1524 877 1857 938 ὑποθέσεσιν,

233 960 299 1019 εἰς
359 959 430 1020 ἃς
494 959 926 1032 έκλαμϐάνονται,
997 962 1106 1014 ἀλλ’
1191 967 1252 1023 ὡς
1327 963 1409 1016 ἐπὶ
1493 969 1552 1016 τὸ
1618 963 1861 1015 πλεῖστον

236 1048 279 1099 έν
343 1053 536 1118 μόνοις
594 1057 703 1112 τοῖς
765 1057 1123 1125 καιριωτέρως
1185 1058 1276 1105 xui
1334 1049 1860 1127 κεφαλαιωδεστέροις

238 1143 445 1210 uigeat.

302 1229 455 1286 Τινὲς
515 1224 579 1280 δε
633 1232 792 1287 σκεύη
821 1239 920 1281 τῶν
964 1228 1222 1304 δαιμόνων
1277 1231 1515 1303 λέγουσιν
1567 1228 1716 1295 εἶναι,
1746 1235 1864 1283 τοὺς

252 1313 731 1390 δαιμονιζομένους,
774 1319 864 1381 οῦς
896 1322 922 1370 6
957 1324 1186 1394 Χριστὸς
1214 1318 1506 1394 διήρπασεν
1543 1319 1632 1373 ἀπ’
1669 1321 1860 1386 αὐτῶν,

241 1401 419 1468 δήσας
450 1408 549 1466 τὰς
576 1402 822 1479 δυνάμεις
853 1407 1040 1463 αὐτῶν.
1072 1410 1180 1463 Εἰεν
1204 1406 1254 1462 δ’
1277 1409 1337 1461 ἃν
1365 1414 1523 1468 σκεύη
1555 1419 1648 1463 τοῦ
1671 1407 1862 1462 διαϐό-

235 1493 346 1562 λου,
382 1501 482 1548 καὶ
535 1497 716 1557 πάντες
747 1501 797 1549 οῖ
848 1497 1184 1572 ἐργαζόμενοι
1220 1502 1288 1552 τὰ
1335 1508 1428 1552 τοῦ
1459 1496 1732 1570 διαϐόλου,
1775 1487 1863 1549 κοιἱ

235 1588 624 1657 ὑπηρετοῦντες
653 1593 760 1648 τοίς
794 1595 955 1639 αῦτοῦ
984 1589 1290 1661 θελήμασιν·

304 1675 368 1725 Ὀ
415 1705 486 1715 -—
520 1675 817 1749 σκορπίζει.
863 1682 961 1729 Καὶ
1009 1675 1082 1730 δι’
1123 1678 1296 1752 έτέρου
1335 1678 1590 1750 λογισμοῦ
1633 1677 1858 1750 βεϐαιοῖ,

235 1765 316 1814 ὃτι
359 1761 565 1833 μᾶλλον
603 1766 851 1833 ἔχθιστος
886 1766 1026 1836 αὐτῷ
1087 1765 1227 1818 εστιν
1285 1769 1312 1818 6
1362 1769 1543 1840 ἄρχων
1600 1777 1698 1818 τῶν
1746 1763 1862 1818 δαι-

246 1856 471 1922 μονίων.
515 1849 637 1903 Ὀτι
693 1856 783 1924 μεν
828 1856 930 1929 γὰρ
980 1855 1073 1907 οὐκ
1132 1858 1246 1908 ἔστι
1297 1860 1427 1928 μετὰ
1473 1864 1564 1908 τοῦ
1605 1863 1855 1927 Χριστοῦ·

239 1937 370 1994 οὐδὲ
461 1943 677 2012 συνάγει
731 1943 836 2013 μετ’
891 1944 1072 2007 αὐτοῦ,
1139 1941 1318 2009 δῆλον,
1393 1944 1476 2016 ἀφ’
1553 1946 1620 1995 ὧν
1675 1947 1700 1996 6
1771 1948 1860 2016 μὲν

238 2032 483 2103 Χριστὸς
539 2036 711 2082 πᾶσαν
759 2051 812 2083 τε
860 2030 1047 2104 ἀρετὴν
1097 2030 1368 2097 διδάσκει,
1429 2039 1518 2084 καὶ
1573 2033 1862 2106 φιλάνθρω-

235 2138 328 2178 πός
388 2118 484 2180 ὧν,
555 2119 694 2171 ἰᾶται
754 2125 877 2182 τοῦς
936 2130 1214 2183 νοσοῦντας
1270 2144 1282 2156 ο
1347 2124 1373 2174 6
1426 2119 1485 2175 δε
1543 2123 1860 2188 τοῦναντιον,

234 2210 419 2260 πᾶσάν
470 2226 528 2259 τε
588 2214 774 2261 κακίαν
835 2207 1108 2274 διδάσκει,
1171 2217 1259 2262 καὶ
1330 2214 1703 2284 μισάνθρωπος
1772 2213 1860 2263 ὢν.

235 2297 476 2349 λωϐᾶται
529 2305 634 2358 τοῖς
689 2300 1034 2369 ὑγιαίνουσιν.
1107 2301 1165 2354 Εἰ
1219 2297 1277 2352 δὲ
1340 2305 1454 2354 οὔτε
1517 2302 1628 2374 μετ’
1702 2302 1861 2354 αὑτοῦ

239 2385 404 2450 ἐστιν,
463 2389 648 2457 ἤγουν,
707 2388 812 2459 οὐχ
871 2390 1220 2461 ὁμογνωμονεί
1263 2390 1423 2460 αὐτῷ,
1478 2393 1652 2452 καθὼς
1727 2389 1858 2443 ἀπο-

238 2471 542 2537 δέδεικται,
600 2479 718 2529 οὔτε
783 2480 991 2549 συνάγει
1039 2479 1149 2549 μετ’
1224 2479 1385 2531 αὑτοῦ
1471 2484 1595 2551 πρὸς
1649 2485 1852 2545 πίστιν,

237 2566 446 2623 πάντως
503 2566 623 2616 κατ’
694 2565 854 2618 αὑτοῦ
939 2565 1072 2632 έστι,
1143 2573 1232 2620 καὶ
1315 2573 1606 2641 σκορπίζει,
1693 2569 1777 2629 οῦς
1830 2572 1856 2622 6

236 2656 473 2725 Χριστός
517 2671 747 2725 συναγει,
811 2657 931 2707 ὅσον
982 2660 1039 2708 τό
1100 2655 1176 2708 ἐπ’
1223 2658 1384 2728 αὐτῷ.
1439 2658 1607 2710 Εἰπὼν
1669 2655 1855 2724 δε,ὃτι

238 2743 296 2793 ’0
348 2749 425 2813 μή
482 2743 552 2792 ὡν
589 2743 698 2814 μετ’
755 2740 898 2814 ἐμοῦ,
967 2744 1077 2796 κατ’
1144 2745 1265 2818 ἐμοι
1335 2747 1470 2816 ἐστι,
1535 2753 1624 2799 καὶ
1692 2745 1854 2811 δόξας

786 2832 1136 2906 ἐρηρμήνευσε
1200 2839 1286 2888 τόν
1342 2836 1514 2908 λόγον,
1583 2840 1848 2911 προσθεὶς,

238 2923 321 2972 ὅτι
377 2926 483 2974 Καὶ
535 2921 560 2972 6
618 2926 688 2993 μὴ
759 2925 995 2994 συνάγων
1065 2925 1174 2996 μετ’
1231 2923 1356 2997 έμοῦ
1413 2927 1706 2998 σκορπίζει.
1769 2934 1852 2999 Τῷ

240 3007 482 3080 διαϐόλῳ
523 3005 582 3061 δὲ
613 3010 850 3072 συνέταξε
875 3016 962 3062 καὶ
1014 3017 1133 3073 τοὺς
1175 3011 1488 3078 Ἰουδαίους,
1537 3017 1650 3066 κατ’
1695 3016 1850 3068 αὐτοῦ

240 2831 463 2903 ἀσαφῶς
531 2831 706 2898 εἰπεῖν,

233 3119 283 3151 τε
309 3103 486 3163 ὄντας,
557 3103 645 3150 καὶ
677 3100 1075 3173 σκορπίξοντας,
1106 3101 1139 3153 6i
1179 3111 1431 3173 συνῆγεν,
1493 3105 1614 3156 ὅσον
1653 3109 1712 3156 τὸ
1770 3105 1849 3157 ἐπ’

234 3190 416 3248 αὐτοις
429 3229 442 3242 .

301 3370 401 3422 Διά
435 3396 504 3408 —-
529 3374 704 3425 τοῦτο,
769 3372 909 3420 Διότι
933 3376 1173 3438 τοιαῦτα,
1214 3368 1460 3442 κατ’ἐμοῦ
1485 3369 1667 3442 λέγετε.

302 3548 535 3616 Λέγω-
573 3544 770 3606 αὐτοῖς.
828 3546 949 3617 Οὐχ
998 3546 1168 3606 ἁπλῶς
1227 3554 1401 3599 πᾶσαν
1452 3546 1713 3619 ἁμαρτίαν
1753 3554 1843 3602 καὶ

231 3633 582 3706 βλασφημίαν
623 3633 776 3704 λέγει⁸
833 3631 928 3687 διὰ
991 3643 1091 3686 τῶν
1148 3637 1321 3708 ἐφεξῆς
1381 3640 1481 3710 γὰρ
1537 3637 1841 3710 ἐσαφήνισε,

234 3728 395 3776 ποίαν
429 3729 605 3775 πᾶσαν
633 3723 788 3794 λέγει.
823 3728 961 3782 Φησὶ
988 3727 1111 3796 γάρ’

313 3975 416 4022 Καὶ
459 4000 527 4009 -
575 3969 622 4021 έν
660 3979 732 4042 τῷ
762 3971 1020 4044 μέλλοντι.
1051 3973 1146 4035 ’ος
1194 3978 1284 4046 μεν
1349 3975 1410 4028 ἃν
1459 3977 1668 4052 ἁμάρτῃ
1709 3981 1844 4032 κατά

232 4068 331 4120 τῆς
389 4058 788 4132 ἁνθρωπότητός
845 4081 967 4134 μου,
1033 4067 1184 4136 φησὶ,
1243 4070 1531 4134 τουτέστιν,
1585 4070 1733 4130 ὅστις
1781 4071 1842 4121 οἶν

232 4152 353 4222 εἵπῃ
404 4146 717 4221 βλασφημον
767 4150 918 4222 λόγον
961 4151 1073 4204 κατ’
1114 4153 1292 4224 αὐτῆς,
1347 4152 1841 4228 σκανδαλιζόμενος,

231 4239 310 4311 ἐφ’
341 4239 440 4303 οἷς,
497 4241 560 4298 ὡς
613 4241 910 4314 ἄνθρωπος,
969 4241 1148 4308 ἐσθίω,
1203 4248 1291 4296 καὶ
1329 4249 1480 4312 πίνω,
1528 4251 1617 4298 καὶ
1679 4249 1839 4314 ὑπνῶ,

232 4333 327 4380 καὶ
384 4336 572 4392 κοπιῶ,
614 4334 701 4381 καὶ
741 4329 922 4395 τάλλα,
972 4332 1074 4383 ὅσα
1123 4338 1218 4392 τῆς
1265 4330 1590 4405 ἀνθρωπίνης
1644 4338 1843 4406 φύσεως

229 4413 380 4484 ἴδια,
431 4417 559 4490 άπερ
611 4416 1080 4492 ἁνθρωποπρεπῶς,
1128 4423 1195 4473 τὰ
1241 4423 1330 4493 μὶν
1378 4420 1584 4496 ένεργῶ,
1649 4427 1715 4476 τὰ
1782 4421 1841 4477 δὲ

228 4510 452 4578 πάσχω,
488 4503 734 4578 βεϐαιῶν,
789 4509 868 4560 ὅτι
908 4512 1041 4562 κατὰ
1087 4509 1329 4568 ἀλήθειαν
1369 4509 1767 4584 ένηνθρώπησα,
1814 4514 1840 4564 6

226 4603 468 4655 τοιοῦτος
509 4599 978 4667 συγγνωσθήσεται
1016 4602 1234 4664 πάντως,
1291 4601 1362 4661 ὡς
1405 4601 1499 4653 οῦκ
1529 4601 1838 4662 ἐθελοκακή-

232 4705 352 4754 σας,
396 4683 504 4736 ἀλλ’
544 4683 592 4736 ἐν
652 4683 832 4758 ἀγνοίᾳ
885 4695 980 4748 τῆς
1023 4687 1265 4751 ἀληθείας
1329 4687 1751 4763 βλασφημήσας’
1813 4695 1838 4746 6

229 4771 292 4827 δ⁴ε
332 4771 537 4846 βλέπων
586 4776 674 4834 τὰς
730 4777 1044 4848 θεοπρεπεῖς,
1101 4797 1202 4850 μου
1251 4776 1525 4850 ἐνεργείας,
1581 4779 1643 4842 ἂς
1677 4788 1832 4852 μόνος

231 4859 457 4914 δύναται
479 4869 640 4914 ποιεῖν
697 4863 723 4914 6
754 4868 900 4929 Θεὸς,
931 4870 1021 4918 καὶ
1060 4874 1131 4936 τῷ
1164 4865 1464 4927 Βεελξεϐοὺλ
1493 4866 1689 4932 τὰύτας
1719 4873 1837 4923 έπι-

227 4953 572 5023 γραφόμενος,
613 4953 681 5012 ὡς
726 4957 815 5004 καὶ
860 4956 1006 5023 ὑμεῖς
1052 4961 1160 5020 νῦν,
1215 4961 1304 5008 καὶ
1334 4956 1468 5009 οὕτω
1507 4955 1836 5032 βλασφημῶν

229 5042 367 5092 κατὰ
387 5046 480 5091 τοῦ
513 5042 805 5112 Πνεῦματος
858 5050 950 5094 τοῦ
999 5042 1169 5114 ἁγίου,
1224 5047 1362 5111 ἦτοι,
1413 5049 1548 5097 κατὰ
1594 5056 1689 5110 τῆς
1730 5051 1837 5101 θέο-

226 5147 389 5190 τητος
418 5145 429 5157 ⁸
463 5131 655 5186 ταύτην
683 5130 784 5202 γὰρ
816 5137 904 5181 νῦν
929 5129 1076 5184 καλεῖ
1123 5138 1328 5205 Πνεῦμα
1366 5133 1513 5204 ἅγιον
1538 5152 1549 5163 ·
1584 5155 1729 5197 ουτος
1766 5141 1834 5201 ὡς

226 5216 614 5279 ἐθελοκακήσας
641 5213 938 5292 προδήλως,
981 5225 1070 5272 καὶ
1091 5219 1139 5272 έν
1171 5241 1361 5292 γνωσει
1391 5221 1716 5297 καθυϐρίσας
1748 5230 1833 5278 τόν

226 5309 377 5377 Θεὸν,
413 5311 502 5358 καὶ
527 5304 892 5380 ἁναπολόγητα
931 5308 1330 5382 πλημμελήσας,
1372 5311 1430 5364 οὐ
1474 5317 1830 5389 συγχωρηθη-

224 5414 392 5450 σεται.

289 5577 361 5628 Τό
405 5569 487 5639 δε,
545 5574 676 5626 Οὔτε
725 5574 776 5627 έν
833 5583 905 5646 τῷ
957 5583 1045 5628 νῦν
1104 5580 1272 5646 αἰῶνι,
1325 5582 1437 5633 οὔτε
1490 5580 1538 5633 ἐν
1584 5589 1656 5652 τῷ
1713 5581 1828 5654 μέλ-

217 5663 385 5729 λοντι,
433 5665 744 5736 προσέθηκε,
809 5661 1103 5734 διδάσκων,
1153 5668 1234 5720 ὅτι
1310 5674 1536 5742 μεγίστη
1600 5674 1690 5722 καὶ
1739 5689 1824 5743 φο-

1974 613 2062 662 est
2094 607 2492 678 dispersisset,
2528 605 2641 662 nisi
2690 606 2945 678 primum
2996 605 3288 660 vinxisset
3316 604 3627 676 principem

1972 695 2231 761 illorum,
2259 696 2363 768 qui
2393 695 2474 750 eis
2527 694 2932 751 fortitudinem
2972 693 3313 766 prmstabat.

2046 784 2209 840 Scire
2255 791 2450 841 autem
2506 789 2759 856 oportet,
2816 782 2979 855 quod
3044 797 3165 838 non
3233 780 3626 853 undiquaque

1972 873 2250 945 exempla
2279 872 2356 930 ad
2387 887 2562 928 omne
2593 873 2962 944 propositum
3007 877 3290 944 aptantur
3340 870 3519 926 rebus
3550 868 3626 925 sd

1971 979 2120 1033 quas
2167 969 2596 1018 assumuntur:
2654 961 2756 1016 sed
2807 963 2873 1016 ut
2938 960 3261 1031 plurimum
3318 958 3373 1014 in
3431 959 3626 1031 magis

1975 1051 2234 1124 propriis
2273 1066 2340 1107 ac
2378 1049 2899 1123 principalioribus
2929 1048 3210 1121 partibus.

2045 1229 2302 1295 Quidam
2330 1243 2468 1286 vero
2501 1227 2704 1284 dicunt
2730 1242 2874 1285 vasa
2895 1227 3235 1285 daemonum
3253 1241 3384 1283 esse
3407 1225 3626 1283 damo-

1973 1317 2087 1374 niis
2143 1319 2422 1387 agitatos,
2453 1331 2604 1389 quos
2629 1314 2893 1372 Christus
2939 1317 3019 1372 ab
3075 1315 3191 1371 illis
3240 1313 3457 1387 rapuit,
3501 1315 3624 1370 vin-

1975 1406 2081 1460 ctis
2111 1421 2318 1462 eorum
2365 1405 2689 1461 virtutibus.
2740 1405 2994 1461 Possunt
3021 1419 3264 1477 quoque
3322 1402 3439 1459 dici
3482 1418 3626 1460 vasa

1973 1494 2196 1551 diaboli
2225 1509 2431 1550 omnes
2465 1493 2568 1565 qui
2591 1508 2776 1566 opera
2805 1493 3024 1550 diaboli
3055 1497 3345 1558 exiercent,
3378 1492 3625 1566 ejusque

1973 1582 2377 1640 voluntatibus
2411 1583 2813 1639 subserviunt.

2045 1672 2210 1727 Vers.
2238 1672 2326 1726 30.
2356 1671 2468 1739 Qui
2494 1701 2548 1713 —
2574 1674 2824 1741 spargit.
2857 1671 3053 1727 Altera
3081 1684 3324 1741 quoque
3354 1669 3624 1726 conside-

1973 1760 2198 1816 ratione
2226 1761 2562 1825 conﬁrmat,
2626 1760 2783 1833 quod
2822 1760 3020 1830 potius
3059 1758 3133 1815 sit
3183 1757 3236 1814 ei
3293 1757 3613 1813 inimicissi

1902 1860 1944 1912 Β
1978 1864 2112 1903 mus
2139 1850 2417 1920 princeps
2469 1848 2926 1904 daemoniorum.
2978 1846 3147 1914 Quod
3188 1845 3344 1901 enim
3392 1861 3514 1901 non
3549 1845 3622 1900 sit

1975 1953 2107 1990 cum
2137 1936 2390 2000 Christo,
2423 1952 2532 1992 nec
2568 1952 2707 1992 cum
2754 1952 2824 1992 eo
2855 1939 3194 2006 congreget,
3234 1935 3620 1990 manifestum

1976 2031 2064 2082 est
2117 2025 2195 2080 ab
2252 2025 2548 2096 utriusque
2616 2026 2919 2098 operibus.
2996 2025 3254 2081 Christus
3325 2023 3620 2095 siquidem

1974 2130 2217 2171 omnem
2261 2114 2434 2170 docet
2481 2114 2800 2171 virtutem:
2857 2130 3117 2186 cumque
3176 2129 3386 2170 omnes
3439 2118 3620 2180 amet,

1973 2209 2224 2273 aagrotos
2258 2207 2431 2259 sanat
2463 2219 2478 2269 ;
2510 2202 2606 2258 ille
2648 2217 2788 2259 vero
2812 2219 2843 2258 e
2867 2203 3104 2258 diverso
3142 2217 3388 2259 omnem
3449 2201 3623 2256 docet

1971 2291 2348 2362 pravitatem,
2381 2296 2438 2347 et
2485 2306 2624 2347 cum
2677 2290 2951 2346 homines
2996 2289 3137 2346 odio
3165 2289 3405 2354 habeat,
3439 2304 3619 2344 sanos

1971 2380 2315 2452 corrumpit.
2346 2380 2516 2446 Quod
2543 2379 2592 2435 si
2648 2395 2844 2452 neque
2873 2395 3013 2436 cum
3068 2394 3139 2435 eo
3201 2382 3308 2443 est,
3343 2376 3510 2434 nulla
3541 2378 3621 2433 vi-

1969 2469 2179 2526 delicet
2205 2470 2266 2526 in
2313 2484 2376 2526 re
2426 2468 2480 2525 ei
2533 2467 2880 2534 conformis,
2941 2469 3088 2524 sicut
3140 2467 3617 2523 demonstratum

1967 2563 2073 2623 est,
2104 2574 2291 2630 neque
2324 2573 2463 2614 cum
2493 2573 2564 2616 eo
2611 2562 2934 2627 congregat
2981 2557 3058 2613 ad
3109 2556 3328 2612 ﬁdem:
3374 2556 3619 2613 omnino

1967 2647 2256 2703 adversus
2293 2663 2432 2703 eum
2487 2651 2593 2714 est,
2634 2653 2691 2704 et
2721 2647 2945 2720 spargit
2986 2662 3140 2718 quos
3180 2644 3445 2703 Christus
3481 2661 3619 2703 con-

1965 2742 2192 2806 gregat,
2216 2742 2509 2809 quantum
2540 2736 2601 2792 in
2627 2751 2689 2791 se
2742 2740 2853 2793 est.
2919 2737 3058 2791 Cum
3092 2740 3292 2792 autem
3324 2734 3568 2791 dixisset
3602 2751 3615 2790 :

1967 2827 2073 2892 Qui
2098 2841 2217 2882 non
2248 2832 2328 2882 est
2349 2841 2599 2896 mecum,
2630 2825 2940 2882 adversum
2988 2842 3072 2882 me
3097 2832 3202 2890 est,
3265 2840 3334 2881 ac
3361 2824 3618 2881 obscure

1960 2915 2126 2987 loqui
2174 2915 2332 2971 visus
2382 2920 2553 2981 esset,
2613 2929 2956 2970 sermonem
3015 2914 3430 2985 interpretatus
3506 2919 3616 2983 est,

1963 3003 2197 3059 addens
2229 3021 2243 3058 :
2273 3004 2352 3060 Et
2397 3005 2502 3076 qui
2531 3019 2649 3059 non
2680 3009 2764 3060 est
2790 3019 3030 3069 mecum,
3081 3004 3340 3074 spargit:
3376 3002 3618 3060 diabolo

1963 3107 2101 3149 vero
2139 3093 2445 3163 conjunxit
2479 3091 2718 3148 Judmos
2764 3093 2867 3164 qui
2897 3093 3216 3149 adversum
3247 3109 3308 3147 se
3335 3097 3528 3160 erant,
3561 3095 3619 3148 et

1889 3209 1928 3264 ρ
1961 3195 2092 3251 quas
2149 3181 2276 3254 ipse
2342 3179 2770 3251 congregabat,
2850 3185 3141 3253 quantum
3200 3181 3260 3236 in
3319 3184 3406 3237 eis
3464 3185 3610 3247 erat,

1965 3269 2348 3341 spargebant.

2032 3358 2191 3413 Vers.
2231 3357 2326 3413 31.
2369 3357 2628 3426 Propter
2650 3355 2780 3413 hoc.
2833 3354 2982 3421 Quia
3008 3355 3149 3414 talia
3175 3355 3497 3414 adversum
3528 3372 3616 3414 me

1959 3445 2170 3502 dicitis.

2034 3545 2187 3599 νοτε.
2236 3544 2302 3599 31
2351 3542 2494 3599 Dico
2534 3571 2606 3584 —
2654 3543 2758 3600 eis.
2818 3545 2945 3600 Non
3023 3540 3368 3614 simpliciter
3433 3558 3614 3602 omne

1961 3638 2272 3704 peccatum
2292 3637 2349 3690 et
2393 3647 2636 3690 omnem
2693 3631 3130 3704 blasphemiam
3185 3631 3369 3689 dicit:
3403 3647 3504 3704 per
3541 3648 3614 3691 ea

1956 3723 2118 3780 enim
2149 3739 2280 3795 quae
2305 3727 2652 3796 sequuntur,
2677 3720 3082 3779 manifestavit
3131 3737 3315 3795 quam
3371 3738 3612 3780 omnem

1955 3813 2115 3871 dicat
2138 3813 2578 3886 blasphemiam
2607 3815 2664 3868 et
2711 3811 2872 3884 quod
2903 3827 3083 3870 omne
3131 3819 3458 3884 peccatum.
3522 3813 3614 3870 Ait

1954 3905 2118 3960 enim
2155 3920 2168 3959 :

2027 3994 2184 4050 Vers.
2261 3996 2352 4050 32.
2414 3991 2492 4048 Et
2548 4022 2616 4033 -
2675 3993 2906 4064 futuro.
2967 3992 3342 4066 Quicunque,
3399 3993 3610 4066 inquit,

1954 4081 2286 4153 peccaverit
2312 4081 2597 4137 adversus
2634 4080 3072 4138 humanitatem
3110 4097 3330 4148 meam,
3353 4082 3469 4138 hoc
3499 4087 3610 4147 est,

1953 4168 2434 4239 quisquisdixerit
2450 4168 2871 4240 blasphemum
2883 4170 3132 4224 verbum
3151 4169 3441 4224 adversus
3453 4184 3610 4235 eam,

1953 4255 2222 4311 offensus
2254 4255 2414 4326 quod
2462 4262 2750 4328 tanquam
2793 4255 2978 4311 homo
3025 4255 3224 4320 edam,
3279 4255 3490 4311 bibam
3538 4271 3608 4312 ac

1953 4343 2268 4408 dormiam,
2292 4343 2521 4413 aliaque
2547 4358 2683 4415 quas
2713 4343 2996 4398 humanae
3053 4347 3192 4398 sunt
3236 4342 3474 4414 propria
3501 4359 3608 4398 na-

1954 4437 2118 4496 turae,
2153 4436 2216 4488 ut
2239 4431 2464 4486 homini
2490 4431 2874 4497 conveniunt,
2929 4436 2986 4486 et
3015 4429 3234 4487 faciam
3272 4435 3329 4487 et
3387 4431 3603 4502 patiar,

1952 4521 2314 4578 conﬁrmans
2353 4520 2515 4592 quod
2543 4534 2679 4576 vere
2725 4519 3056 4576 humanam
3113 4521 3476 4594 susceperim
3507 4536 3608 4577 na-

1954 4619 2162 4675 turam,
2217 4609 2354 4665 huic
2405 4608 2655 4664 omnino
2710 4610 3070 4680 ignoscetur,
3121 4611 3294 4681 quasi
3344 4625 3460 4666 non
3531 4625 3604 4666 ex

1949 4697 2239 4772 industria.
2259 4696 2414 4753 male
2438 4696 2644 4766 egerit,
2670 4695 2772 4751 sed
2790 4711 2892 4766 per
2912 4697 3177 4754 veritatis
3197 4696 3607 4770 ignorantiam

1950 4785 2432 4859 blaphemaverit.
2470 4784 2582 4850 Qui
2614 4800 2750 4841 vero
2777 4785 2896 4841 Deo
2934 4785 3149 4857 dignas
3215 4787 3427 4844 videns
3459 4803 3605 4859 ope-

1948 4877 2231 4941 rationes,
2284 4890 2437 4947 quas
2491 4873 2656 4930 solus
2742 4872 2934 4931 facere
3002 4879 3199 4947 potest
3252 4879 3426 4945 Deus,
3484 4876 3599 4948 ipsi

1948 4979 2184 5036 quoque
2243 4962 2544 5019 Beelzebul
2602 4962 2737 5019 illas
2786 4963 3152 5036 ascripserit,
3181 4969 3244 5020 ut
3285 4980 3396 5021 vos
3430 4965 3610 5021 etiam

1948 5068 2108 5108 nunc
2158 5052 2366 5117 facitis,
2435 5055 2492 5106 et
2530 5052 2613 5108 ita
2675 5053 2960 5108 adversus
3006 5053 3285 5124 Spiritum
3335 5058 3607 5110 sanctum

1946 5141 2388 5214 blasphemiam
2440 5139 2666 5206 dixerit,
2714 5141 2838 5198 sive
2892 5141 3186 5198 adversus
3227 5141 3597 5199 divinitatem

1946 5232 2110 5304 (nam
2131 5232 2287 5289 hanc
2314 5233 2480 5286 vocat
2495 5245 2650 5286 nunc
2665 5229 2938 5302 Spiritum
2962 5231 3285 5302 sanctum.)
3315 5230 3409 5286 hic
3429 5230 3608 5304 quasi

1943 5338 2013 5377 ex
2060 5321 2351 5378 industria
2405 5319 2720 5376 manifeste
2768 5335 2839 5375 ac
2899 5319 3154 5376 scienter
3220 5335 3494 5391 peccans,
3553 5325 3608 5377 et

1943 5409 2130 5465 Deum
2175 5409 2393 5479 iniuria
2434 5407 2724 5475 afﬁciens,
2780 5424 2846 5464 ac
2898 5407 3389 5466 inexcusabiliter
3421 5408 3607 5466 delin-

1941 5515 2153 5570 quens,
2197 5498 2430 5558 veniam
2463 5513 2584 5554 non
2617 5503 3034 5570 consequetur.

2011 5588 2177 5652 Quod
2205 5591 2400 5643 autem
2435 5588 2720 5659 sequitur,
2754 5589 2957 5659 Neque
2971 5588 3033 5644 in
3051 5588 3332 5657 praesenti
3360 5588 3599 5651 saeculo,

1935 5691 2118 5748 neque
2165 5676 2227 5732 in
2276 5675 2512 5746 futuro,
2547 5675 2798 5741 addidit,
2853 5677 3076 5734 docens
3130 5676 3458 5733 maximam
3530 5689 3600 5730 ac
