4176 6418
590 361 696 422 383

1905 365 2254 424 EUTHYMII
2293 367 2629 430 ZIGABENI

3835 373 3958 434 384

590 489 961 548 tremendam
987 505 1114 546 esse
1145 491 1434 548 adversus
1465 494 1649 548 Deum
1679 492 2154 565 blasphemiam:
2180 497 2237 550 et

2355 493 2606 567 Βερωτάτη
2656 495 2794 548 έστὶν
2843 499 2872 555 ἠ
2923 501 3057 550 κατὰ
3115 505 3198 550 τοῦ
3255 506 3388 550 Θεοῦ
3460 497 3794 572 βλασφημία,
3856 507 3959 555 καὶ

591 579 755 652 quod
781 579 1095 636 hominum
1149 580 1400 652 quidam
1430 581 1526 637 hic
1583 599 1653 639 ac
1683 581 1745 639 in
1786 583 1984 640 futuro
2015 583 2237 639 saeculo

591 668 883 738 supplicia
913 669 1222 732 sustinent,
1265 674 1330 726 ut
1353 671 1672 728 Sodomita
1730 677 1786 728 et
1815 672 2021 728 Judaei.
2068 674 2136 729 Et
2163 671 2238 727 de

594 756 1159 830 Sodomitisquidem
1175 759 1561 832 praediximus
1591 762 1826 818 decimo
1838 760 2234 832 nonocapite:

589 845 778 900 Judaei
828 862 966 902 vero
1009 854 1065 902 et
1100 848 1194 903 hic
1246 864 1456 920 prunas
1507 850 1811 914 dederunt,
1865 867 1902 905 a
1956 849 2236 905 Romanis

594 935 1009 993 miserabiliter
1067 937 1269 994 afﬂicti
1302 958 1314 998 :
1349 939 1502 996 etibi
1556 940 1956 997 miserabilius
1998 938 2240 995 cruciati

593 1023 845 1080 dabunt.
896 1026 1151 1090 Quidam
1199 1043 1340 1084 vero
1370 1028 1462 1084 hic
1524 1029 1714 1085 solum
1772 1029 2127 1102 puniuntur,
2178 1030 2243 1083 ut

594 1110 940 1169 fornicarius
974 1114 1067 1170 ille
1107 1116 1265 1187 apud
1315 1118 1642 1174 Corinthios
1693 1120 1925 1174 Satanae
1965 1115 2238 1173 traditus.

594 1200 811 1274 Aliqui}
842 1208 1041 1260 autem
1083 1204 1165 1260 ibi
1197 1210 1449 1271 tantum,
1484 1212 1544 1262 ut
1589 1207 1748 1262 dives
1780 1206 1873 1262 ille
1905 1206 1962 1262 in
1995 1205 2245 1260 ﬂamma

596 1291 914 1346 cruciatus.
951 1292 1242 1350 Prasterea
1268 1294 1539 1351 nonnulli
1589 1311 1784 1369 neque
1812 1296 1909 1352 hic
1935 1308 2129 1367 neque
2145 1292 2242 1354 ibi.

597 1383 658 1433 ut
708 1381 961 1452 apostoli
1030 1383 1335 1455 prophetia
1392 1400 1461 1441 ac
1535 1385 1673 1441 Job.
1728 1388 1876 1442 Nam
1939 1400 2076 1456 qum
2133 1381 2244 1454 ipsi

596 1469 991 1538 patiebantur,
1033 1487 1152 1528 non
1194 1472 1434 1530 ultionis
1490 1478 1657 1530 erant
1686 1491 1718 1528 a
1758 1476 1876 1530 Deo
1932 1473 2242 1535 immisse,

598 1557 704 1613 sed
741 1559 1133 1616 certaminum
1192 1578 1262 1618 ac
1313 1561 1630 1618 luctarum.
1665 1563 1835 1628 Quod
1889 1578 2032 1632 ergo
2059 1561 2244 1618 mina-

596 1650 708 1712 tur,
736 1647 1024 1703 adversus
1050 1649 1181 1706 illos
1207 1655 1318 1716 est,
1367 1652 1474 1722 qui
1528 1651 1978 1708 immutabiliter
2026 1651 2087 1706 in
2118 1665 2236 1721 pec-

595 1741 726 1791 cato
779 1743 1107 1793 remanent.
1153 1739 1522 1795 Manifestum
1585 1745 1672 1796 est
1715 1745 1938 1807 autem,
1965 1739 2131 1812 quod
2161 1737 2245 1794 eis

2347 585 2426 635 ὃτι
2497 593 2594 636 τῶν
2645 584 2944 657 ἀνθρώπων,
3017 589 3066 638 οἱ
3123 590 3211 658 μὲν
3268 593 3356 640 καὶ
3416 587 3528 659 (86)
3583 588 3803 642 ἐνταῦθα
3855 597 3960 644 καὶ

2347 671 2447 724 έκεί
2477 673 2803 744 κολάζονται,
2866 684 2927 735 ὡς
2959 678 3006 727 οἱ
3047 672 3327 747 Σοδομῖται
3374 681 3463 728 καὶ
3519 678 3588 738 ὡς
3637 675 3897 732 Ἰουδαῖοι
3941 698 3953 709 ·

2347 766 2435 812 καὶ
2486 767 2602 832 περὶ
2672 767 2760 834 μὲν
2814 772 2913 816 τὼν
2976 761 3271 836 Σοδομιτῶν
3329 769 3706 837 προειρῆκαμεν
3779 765 3827 818 ἐν
3877 775 3958 838 τῷ

3242 849 3495 907 Ἰουδαῖοι
3566 849 3624 907 δε
3675 859 3764 907 καὶ
3830 855 3956 927 (8⁸7)

2349 937 2567 991 ἐνταῦθα
2643 937 2798 998 δίκην
2874 939 3085 1010 ἔδοσαν,
3171 941 3389 1003 ἐλεεινῶς
3493 944 3593 994 ὑπὸ
3680 942 3955 1014 Ῥωμαίων

2350 1027 2790 1101 πολιορκηθέντες,
2848 1035 2936 1082 καὶ
2999 1030 3098 1083 έκεί
3154 1033 3615 1104 τιμωρηθησονται
3694 1031 3954 1103 χαλεπώ-

2351 1136 2494 1189 τερον
2554 1136 2565 1147 ⁸

2349 847 2782 922 ἐννεακαιδεκάτῳ
2848 853 3105 923 κεφαλαίῳ
3163 871 3174 881 ·

2623 1122 2752 1180 τινες
2798 1116 2856 1171 δε
2909 1119 3128 1171 ἐνταῦθα
3183 1125 3354 1191 μόνον,
3418 1119 3748 1186 κολάζονται,
3812 1123 3880 1181 ὡς
3921 1122 3949 1172 ὁ

2353 1211 2709 1279 πεπορνευκὼς
2777 1211 2918 1280 παρὰ
2991 1210 3282 1280 Κορινθίοις
3335 1214 3424 1260 καὶ
3494 1204 3810 1282 παραδοθεὶς
3874 1217 3948 1279 τῷ

2355 1301 2576 1365 Σατανᾷ.
2627 1300 2770 1357 Tui;
2819 1293 2878 1349 δε
2908 1295 3012 1349 ἐκεῖ
3059 1303 3232 1368 μόνον,
3287 1299 3354 1359 ὡς
3409 1299 3434 1348 ὁ
3493 1295 3952 1370 ἀποτηγανιζόμε-

2353 1403 2431 1444 νος
2484 1384 2530 1435 έν
2582 1392 2644 1457 τῇ
2700 1385 2848 1457 φλογὶ
2901 1385 3170 1446 πλούσιος.
3225 1390 3368 1448 Τινὲς
3431 1382 3490 1438 δε
3540 1390 3658 1439 οὔτε
3705 1386 3949 1452 ένταῡθα,

2355 1477 2471 1525 οὔτε
2512 1472 2632 1537 έκεῖ,
2683 1477 2746 1534 ὡς
2785 1477 2833 1526 οἱ
2893 1474 3174 1527 ἀπόστολοι
3219 1479 3308 1526 καὶ
3352 1477 3400 1526 οἰ
3439 1483 3722 1547 προφῆται,
3777 1480 3866 1527 καὶ
3923 1477 3950 1526 ὁ

2355 1561 2472 1614 Ἰὼϐ
2537 1579 2548 1592 ·
2605 1563 2639 1614 ἂ
2683 1566 2784 1638 γὰρ
2834 1565 3090 1634 ἔπασχον,
3150 1563 3209 1616 ού
3262 1571 3355 1624 τῆς
3411 1563 3465 1615 ἐκ
3515 1560 3642 1617 Θεοῦ
3690 1563 3949 1626 κολάσεως

2358 1649 2510 1715 ἦσαν,
2571 1650 2677 1702 ἀλλ’
2737 1651 2945 1722 ἀγώνων
3002 1657 3090 1704 καὶ
3153 1651 3528 1724 παλαισμάτων
3583 1665 3596 1680 ⁸
3637 1653 3667 1709 ἠ
3732 1655 3821 1724 μὶν
3860 1649 3946 1704 οὖν

2357 1739 2560 1805 ἀπειλὴ,
2637 1743 2770 1792 κατὰ
2835 1749 2934 1792 τῶν
2999 1744 3247 1812 μενόντων
3309 1738 3722 1812 ἀμεταμέλητων.
3787 1739 3942 1798 Δῆλον

593 1825 698 1896 qui
741 1827 1113 1899 resipiscunt,
1175 1833 1232 1884 et
1281 1829 1379 1884 hic
1454 1834 1511 1884 et
1561 1830 1636 1885 ibi
1685 1831 2031 1886 remittetur.
2087 1827 2241 1886 Multi

2357 1825 2434 1897 δε,
2487 1832 2562 1881 ὅτι
2612 1836 2721 1889 τοῖς
2779 1837 3116 1901 μετανοοῦσιν
3193 1831 3504 1901 ἀφεθήσεται
3577 1833 3662 1880 καὶ
3723 1827 3939 1879 ἐνταῦθα

596 1914 751 1970 enim
786 1916 889 1988 qui
921 1921 1054 1972 tunc
1100 1917 1181 1973 ita
1238 1917 1634 1990 deliquerant,
1686 1935 1815 1974 cum
1862 1920 2246 1992 postmodum

591 2003 1000 2070 credidissent,
1021 2006 1257 2062 veniam
1280 2007 1528 2063 omnino
1560 2013 1696 2064 sunt
1720 2008 1940 2081 adepti.

666 2191 824 2245 Vers.
867 2188 954 2241 33.
1002 2185 1126 2241 Aut
1173 2216 1242 2226 —-
1272 2186 1662 2257 rognoscitur.
1708 2187 1918 2253 Facile,
1970 2187 2086 2244 hoc
2131 2192 2241 2253 est,

593 2276 788 2334 dicite.
841 2279 1094 2331 Rursum
1151 2281 1348 2332 autem
1401 2276 1710 2334 confundit
1766 2276 1898 2334 illos
1952 2281 2245 2350 tanquam

593 2380 663 2422 ea
691 2365 1054 2422 deducentes
1100 2364 1160 2420 in
1208 2365 1666 2435 accusationem,
1700 2381 1832 2438 quae
1884 2366 1996 2421 sibi
2034 2371 2247 2422 mutuo

591 2469 714 2511 non
744 2453 1120 2520 constabant,
1155 2454 1256 2510 sed
1293 2458 1500 2527 praeter
1556 2460 1836 2511 naturam
1867 2458 2058 2512 erant.
2103 2457 2247 2512 Nam

593 2543 736 2615 quia
763 2559 918 2615 opus
957 2542 1238 2612 abigendi
1291 2543 1599 2600 daemones
1628 2559 1751 2599 non
1801 2543 2243 2616 improbabant,

593 2647 946 2706 quanquam
960 2632 1673 2704 admodumimpudentes
1694 2637 1914 2700 essent,
1936 2648 2075 2687 eum
2104 2648 2246 2688 vero

595 2720 1118 2778 calumniabantur
1148 2722 1247 2792 qui
1286 2721 1417 2778 illos
1463 2720 1792 2792 abigebat:
1847 2721 1921 2777 ab
1969 2721 2245 2794 exemplo

598 2810 728 2866 illos
748 2810 1065 2882 redarguit,
1097 2813 1200 2884 qui
1227 2826 1381 2883 opus
1404 2811 1640 2883 quidem
1651 2811 1990 2880 judicarent
2013 2811 2244 2868 bonum

594 2915 734 2957 eum
785 2906 986 2956 autem
1039 2901 1142 2973 qui
1189 2907 1490 2972 operatur,
1545 2900 1772 2957 malum
1807 2916 1820 2956 :
1852 2900 2012 2972 quod
2061 2899 2246 2972 impu-

591 2989 804 3045 dentiae
835 2994 922 3046 est
945 3006 1013 3045 ac
1042 2990 1468 3061 repugnantia.

665 3079 731 3135 Et
761 3078 1032 3136 arborem
1047 3094 1190 3135 sane
1217 3077 2053 3150 appellatseipsum:fructum
2083 3092 2243 3144 vero,

2356 1923 2444 1970 καὶ
2504 1918 2623 1970 έκεῖ.
2679 1917 2862 1970 Πολλοὶ
2917 1920 3018 1990 γὰρ
3071 1925 3169 1968 τῶν
3223 1918 3354 1969 οὕτω
3414 1923 3699 1974 τηνικαῦτα
3764 1914 3936 1986 πλημ-

2355 2006 2708 2078 μελησάντων,
2773 2009 3139 2066 πιστεύσαντες
3199 2006 3434 2080 ὕστερον,
3491 2006 3660 2058 πάντα
3716 2023 3944 2075 συνεχω-

2356 2097 2614 2154 οήθησαν.

2427 2183 2492 2238 Ἦ
2550 2215 2616 2225 -
2663 2189 2994 2255 γινώσκεται.
3063 2188 3345 2251 Ποιήσατε,
3401 2181 3511 2235 ἀντὶ
3579 2189 3691 2254 τοῦ,
3755 2185 3949 2236 εἶπατε.

2359 2277 2714 2345 Καταισχύνει
2769 2271 2828 2326 δε
2875 2273 3026 2325 πάλιν
3104 2272 3285 2346 ἑτέρως
3360 2272 3562 2335 αὐτούς,
3619 2275 3688 2332 ὡς
3760 2270 3955 2323 ἀνακό-

2355 2363 2514 2416 λουθα
2569 2368 2658 2416 καὶ
2717 2365 2858 2436 παρὰ
2936 2365 3090 2434 φύσιν
3163 2368 3598 2432 κατηγοροῦντας.
3659 2359 3803 2412 Ἐπεὶ
3849 2363 3954 2434 γὰρ

2356 2455 2413 2504 τὸ
2457 2454 2547 2523 μὶν
2609 2451 2986 2504 ἀπελαύνεσθαι
3036 2453 3156 2511 τοὺς
3218 2446 3486 2522 δαίμονας,
3537 2448 3630 2501 οὐκ
3688 2447 3954 2512 ἐκάκιζον,

2357 2541 2400 2593 si
2443 2545 2531 2592 καὶ
2589 2537 2796 2612 σφόδρα
2849 2541 3236 2610 ἠναισχύντουν
3270 2555 3282 2568 ·
3348 2543 3433 2590 τόν
3492 2535 3552 2590 δε
3604 2536 3959 2588 ἀπελαύνοντα

2355 2632 2570 2690 τούτους
2622 2626 2910 2693 διέϐαλλον,
2959 2624 3452 2702 παραδειγματικῶς
3498 2626 3687 2687 αύτούς
3725 2624 3954 2696 ἐλέγχει,

2354 2722 2416 2770 τύ
2446 2722 2534 2790 μεν
2570 2721 2716 2790 ἔργον
2775 2718 2888 2789 (88)
2940 2717 3095 2769 καλόν
3142 2721 3430 2790 κρίνοντας,
3488 2719 3573 2766 τὸν
3625 2710 3684 2766 δὲ
3733 2713 3958 2785 ἐργαζό-

2353 2826 2520 2878 μενον,
2561 2811 2734 2875 κακόν,
2777 2808 2898 2882 ὅπερ
2943 2804 3080 2858 έστὶν
3131 2803 3477 2864 ἐναντιότητος
3529 2807 3618 2855 καὶ
3665 2800 3961 2873 ἀναισχυνο

2354 2915 2484 2957 τιας.

2430 3077 2529 3127 Καὶ
2560 3069 2775 3145 δένδρον
2804 3075 2912 3144 μεν,
2955 3072 3131 3125 ἑαυτὸν
3161 3070 3277 3142 (89)
3317 3073 3603 3142 ὑποφαίνει·
3639 3073 3837 3143 καρπὸν
3869 3065 3956 3132 δε,

594 3182 749 3240 opus
806 3183 1001 3223 suum.
1057 3167 1147 3222 Ait
1203 3181 1390 3236 ergo:
1469 3170 1582 3222 Aut
1641 3167 1814 3224 dicite
1873 3171 2244 3240 operatorem

2356 3165 2414 3214 τό
2438 3164 2583 3237 ἔργον
2606 3161 2784 3215 αὑτοῦ.
2819 3165 2971 3231 Λέγει
2997 3165 3188 3226 τοίνυν,
3213 3161 3291 3212 ὅτι
3317 3158 3383 3211 Ἦ
3414 3162 3588 3211 εἴπατέ
3612 3162 3699 3210 τόν
3732 3157 3960 3233 ἐργάτην

593 3256 844 3322 bonum,
898 3261 956 3313 et
1005 3273 1160 3328 opus
1203 3257 1332 3327 ejus
1403 3255 1672 3313 bonum:
1720 3261 1822 3314 aut
1869 3261 2246 3329 operatorem

592 3343 843 3414 malum,
874 3349 931 3400 et
972 3359 1126 3417 opus
1171 3349 1299 3416 ejus
1349 3346 1598 3403 malum.
1645 3347 1796 3403 Nam
1829 3345 1879 3401 si
1931 3361 2085 3417 opus
2136 3345 2245 3402 bo-

594 3448 741 3490 num
763 3438 870 3500 est,
926 3440 1204 3506 operator
1268 3452 1499 3510 quoque
1553 3436 1684 3508 ejus
1735 3435 1926 3492 bonus
1973 3435 2100 3491 erit.
2162 3434 2244 3489 Ex

593 3537 774 3594 opere
829 3524 1122 3595 siquidem
1185 3526 1566 3594 cognoscitur
1617 3531 1895 3596 operator
1937 3539 1949 3577 :
2008 3523 2057 3578 si
2108 3521 2246 3578 boni

592 3613 806 3685 operis,
847 3612 1096 3681 bonus;
1151 3613 1197 3668 si
1253 3614 1442 3685 pravi,
1501 3629 1751 3683 pravus.
1812 3611 2028 3678 Quinto
2085 3611 2246 3666 enim

594 3701 786 3772 capite
811 3700 1012 3757 docuit
1038 3702 1105 3766 ⁸⁸,
1139 3701 1303 3772 quod
1329 3716 1450 3756 non
1498 3704 1694 3771 potest
1732 3699 1907 3755 arbor
1939 3700 2104 3756 bona
2131 3698 2248 3754 fru-

595 3792 726 3844 ctus
755 3788 947 3844 malos
976 3788 1187 3855 facere,
1236 3793 1302 3845 ut
1329 3803 1524 3861 neque
1572 3787 1746 3846 arbor
1786 3787 1997 3844 vitiosa
2024 3786 2246 3843 fructus

596 3877 792 3933 bonos
818 3875 1032 3933 facere.

668 3967 827 4021 Vers.
859 3965 949 4020 34.
974 3965 1281 4036 Progenies
1305 3996 1374 4006 —
1397 3966 1540 4021 mali
1568 3966 1596 4022 ‘I
1624 3965 1755 4023 Non
1808 3965 2032 4022 mirum
2058 3970 2146 4023 est
2175 3965 2249 4023 si-

597 4053 948 4124 hujusmodi
1019 4055 1274 4112 convitia
1346 4054 1608 4126 jactatis.
1699 4057 1848 4113 Nam
1901 4070 2039 4112 cum
2099 4055 2243 4112 mali

601 4143 750 4211 sitis,
827 4158 948 4200 non
1005 4144 1242 4217 potestis
1303 4145 1460 4201 bona
1517 4143 1702 4218 loqui.
1783 4143 2005 4200 Deinde
2075 4149 2247 4200 natu-

594 4232 703 4291 rali
750 4248 992 4308 quoque
1038 4236 1265 4292 ratione
1318 4235 1706 4299 demonstrat,
1759 4234 1919 4306 quod
1965 4233 2079 4290 hoc
2123 4247 2248 4291 non

599 4323 850 4395 possint.

668 4415 824 4469 Vers.
881 4413 968 4469 34.
1019 4414 1116 4470 Ea:
1167 4445 1233 4454 —
1291 4414 1568 4485 loquitur.
1620 4412 1926 4486 Siquidem
1993 4427 2132 4470 cum
2187 4413 2249 4469 in

596 4503 773 4559 corde
822 4501 1032 4557 vitium
1085 4502 1408 4569 scaturiat,
1459 4503 1796 4560 necessario
1849 4503 1922 4559 ab
1969 4519 2041 4559 eo
2087 4501 2248 4575 quod

599 4590 888 4655 abundat,
921 4589 1244 4648 eﬂ‘unditur
1287 4592 1549 4663 pravitas
1594 4608 1724 4664 qum
1773 4595 1865 4648 est
1896 4607 2092 4648 sermo
2125 4606 2246 4648 ma-

597 4677 710 4733 lus.
745 4678 810 4733 Et
836 4679 1345 4749 quemadmodum
1394 4679 1607 4736 medici
1639 4681 1702 4749 (i)
1753 4680 1911 4736 circa
1957 4679 2251 4750 principia

599 4766 860 4838 quidem,
910 4767 1239 4826 exsilientes
1281 4769 1554 4826 humores
1616 4770 1778 4826 intus
1815 4783 2123 4826 ramanere
2156 4783 2250 4824 co-

601 4859 751 4925 gunt
783 4872 796 4911 :
827 4871 965 4913 cum
1003 4862 1200 4914 autem
1229 4857 1311 4915 illi
1354 4858 1828 4927 subscaturiunt,
1848 4859 1978 4930 jam
2003 4858 2246 4914 vincun-

674 4981 720 5015 θ’
747 4979 942 5037 Matth.
972 4997 1066 5048 vn,
1102 4982 1182 5038 l8.

2357 3249 2532 3317 καλὸν,
2577 3255 2666 3302 καὶ
2729 3253 2786 3302 τὸ
2839 3253 2986 3321 ἔργον
3051 3249 3211 3301 αὑτοῦ
3267 3247 3438 3300 καλόν·
3491 3249 3519 3306 ἣ
3580 3251 3666 3299 τόν
3735 3245 3958 3321 ἐργάτην

2357 3339 2516 3392 αὐτοῦ
2554 3339 2666 3410 (90)
2697 3341 2876 3406 κακὸν,
2925 3343 3014 3390 καὶ
3041 3342 3096 3389 τό
3129 3341 3274 3411 ἔργον
3305 3336 3461 3388 αὐτοῦ
3515 3337 3699 3391 κακόν.
3769 3335 3827 3386 Εἰ
3854 3337 3955 3407 γὰρ

2354 3433 2411 3482 τὸ
2459 3433 2603 3502 ἔργον
2645 3427 2818 3495 καλὸν,
2883 3426 2984 3502 ἄρα
3027 3433 3116 3479 καὶ
3161 3428 3186 3478 ὁ
3243 3425 3466 3499 ἕργάτης
3513 3425 3676 3477 αὐτοῦ
3739 3422 3890 3483 καλός
3934 3438 3946 3450 ·

2356 3519 2410 3571 έκ
2464 3522 2565 3591 γὰρ
2629 3524 2719 3569 τού
2778 3516 2929 3589 ἔργον
3011 3516 3036 3567 ὁ
3103 3513 3326 3588 ἐργάτης
3383 3513 3542 3566 αὐτοῦ
3606 3521 3943 3583 γινωσκεται,

2358 3607 2417 3658 Ei
2447 3608 2535 3678 μὶν
2574 3605 2752 3671 καλοῦ,
2776 3605 2926 3665 καλός
2955 3623 2967 3633 ·
3001 3604 3046 3658 εἰ
3077 3599 3134 3656 δε
3159 3611 3342 3669 κακοῦ,
3371 3607 3546 3662 κακός.
3576 3597 3821 3662 Ἐδίδαξε
3845 3603 3946 3670 γὰρ

2356 3694 2404 3747 ἓν
2426 3703 2497 3765 τῷ
2526 3699 2741 3767 πέμπτῳ
2768 3694 3023 3766 κεφαλαίῳ
3043 3695 3121 3744 ὅτι
3148 3692 3206 3744 ού
3247 3688 3468 3744 δύναται
3498 3686 3710 3762 δένδρον
3751 3685 3944 3756 ἀγαθόν

2355 3787 2585 3857 καρποὺς
2614 3787 2865 3858 πονηρούς
2887 3789 3071 3850 ποιεῖν,
3099 3777 3222 3835 οὐδὲ
3245 3777 3457 3854 δένδρον
3499 3780 3692 3849 σαπρὸν
3718 3777 3943 3848 καρποὺς

2355 3872 2538 3934 καλοὺς
2576 3881 2759 3928 ποιεῖν.

2430 3968 2726 4036 Γεννήματα
2751 3991 2819 4003 -
2847 3965 2984 4023 ὄντες
3015 3979 3032 4032 ;
3055 3959 3165 4011 Οὐκ
3191 3962 3304 4011 ἔστι
3333 3960 3653 4031 θαυμαστὸν,
3680 3955 3954 4009 εἰτοιαῡτα

2361 4051 2735 4124 βλασφημεῖτε.
2765 4055 2987 4121 Πονηροὶ
3015 4052 3117 4121 γὰρ
3139 4053 3295 4112 ὄντες,
3325 4047 3384 4100 ού
3408 4043 3442 4099 δ
3450 4048 3596 4098 ἁναθι
3628 4044 3839 4116 ὰγασθὰ
3859 4042 3952 4095 λα·

2356 4141 2477 4195 λιῖν.
2518 4139 2644 4193 Εἶτα
2684 4144 2772 4192 καὶ
2803 4138 3180 4210 φυσιο)ογικῶς
3210 4133 3573 4206 ἀποδείκνυσι,
3621 4143 3733 4195 πῶς
3769 4132 3830 4185 ού
3862 4128 3958 4184 δύ-

2355 4250 2554 4284 νανται.

2426 4407 2512 4461 Ἐκ
2604 4438 2669 4448 -
2758 4404 2914 4459 λαλεῖ.
2986 4402 3435 4476 ’Υπερϐλυζούσης
3499 4403 3598 4474 γὰρ
3665 4408 3760 4460 τῆς
3835 4400 3957 4471 (91)

2359 4494 2583 4570 καρδίας
2611 4498 2728 4566 (92)
2773 4494 2820 4547 ἐν
2846 4502 2907 4566 τῇ
2963 4489 3182 4565 καρδίᾳ,
3231 4491 3408 4544 λοιπὸν
3465 4490 3518 4552 ἐξ
3577 4490 3807 4559 ἀνάγκης
3854 4487 3959 4540 ἀπὸ

2358 4592 2447 4637 τοῦ
2485 4587 2868 4660 περιττεύοντος
2923 4583 3161 4652 ἐκχεῖται
3216 4583 3398 4644 κακία,
3467 4581 3584 4638 ητις
3638 4576 3750 4630 ἔστι
3809 4575 3962 4646 λόγος

2362 4679 2597 4749 πονηρός.
2657 4677 2757 4727 Καὶ
2808 4673 3040 4743 καθάπερ
3112 4672 3161 4722 οἱ
3218 4669 3472 4740 έμούντες,
3529 4668 3671 4739 παρὰ
3723 4668 3811 4737 μεν
3860 4669 3958 4724 τὴν

2362 4764 2535 4837 ἀρχὴν
2594 4762 2867 4824 ϐιάζονται
2932 4756 3076 4812 ἔνδον
3130 4763 3371 4829 κατέχειν
3424 4751 3758 4814 έκπηδῶντας
3830 4757 3958 4817 τοὺς

2359 4857 2588 4927 χυμοὺς,
2645 4849 3065 4924 ύπερϐλυζόντων
3133 4843 3210 4914 δε,
3265 4855 3505 4898 νικῶνται
3553 4849 3642 4896 καὶ
3693 4848 3960 4915 προίενται

1804 5081 2021 5150 Variae
2060 5079 2391 5149 lectiones
2449 5083 2516 5145 et
2554 5083 2754 5143 notae.

673 5277 784 5350 (86)
811 5281 900 5330 καί
925 5275 1141 5350 omittit
1168 5280 1236 5333 Δ.

676 5347 788 5420 (87)
815 5352 921 5420 καί,
949 5347 1164 5404 omittit
1198 5352 1264 5403 A.

677 5419 792 5490 (88)
825 5419 994 5482 καλως
1024 5421 1085 5490 Β.

699 5492 788 5558 89)
818 5493 940 5546 Non
972 5489 1222 5545 sollicito
1255 5489 1370 5545 hoc
1418 5490 1797 5548 vocabulum.
1844 5489 1994 5546 Alibi
2029 5494 2252 5546 tamen.

699 5495 788 5558 89)
818 5495 940 5546 Non
972 5495 1222 5545 sollicito
1255 5495 1354 5544 hoc

675 5495 741 5634 ξε)
772 5562 988 5620 Medici
1018 5563 1354 5618 Vomentes.

674 5685 737 5759 (ἰ)
775 5684 1004 5743 Medici.
1047 5683 1384 5745 Vomentes.

2365 5272 2581 5330 dicitur
2610 5267 2792 5325 etiam
2830 5266 3154 5340 ὑπεμφαίνει.

2458 5343 2546 5398 90)
2580 5340 2735 5393 αὐτοῦ
2761 5337 2984 5394 omittit
3004 5341 3046 5391 Δ
3057 5376 3069 5390 .

2573 5416 2756 5470 κακίας
2786 5408 2931 5474 legis
2970 5405 3310 5464 Hentenius.
3341 5407 3534 5474 Recte.

2579 5488 2633 5536 έκ
2659 5489 2754 5543 τῆς
2777 5472 2965 5542 κακίας
3003 5493 3111 5552 pro
3147 5476 3195 5530 έν
3223 5485 3284 5551 τῇ
3318 5472 3535 5552 καρδίᾳ.
3570 5475 3640 5530 Α.

2463 5415 2522 5469 91

2436 5487 2525 5556 (92
