4176 6422
187 373 288 442 385

188 516 302 573 τοῦς
351 516 784 587 περιττεύονταςο
853 515 989 566 οὕτω
1053 511 1121 573 δή
1179 519 1270 567 καὶ
1343 515 1391 566 οἱ
1460 516 1524 565 τὰ
1595 515 1797 585 πονηρὰ
1830 515 1869 567 A

196 600 532 674 βουλεύματα
586 607 866 677 τρέφοντες,
933 607 1231 675 Γεννήματα
1285 599 1345 655 δε
1412 598 1637 674 ὶχιδνὼν
1707 601 1794 652 a5-

196 696 310 752 τοὺς
363 697 809 764 προσηγόρευσεν,
864 695 927 753 ὡς
978 698 1067 744 καὶ
1117 694 1142 744 ό
1197 695 1497 752 Βαπτιστὴς
1562 690 1799 750 ’ῐωάννής

197 779 240 830 ἕν
289 788 361 848 τῷ
425 785 586 853 τρίτῳ
636 780 914 852 κεφαλαίῳ.
962 785 1060 834 Καὶ
1105 781 1335 842 ζήτησον
1393 784 1486 838 τήν
1535 777 1582 831 ἕν
1631 777 1801 849 ἐκείνῳ

197 868 475 938 ἐξήγησιν.

262 958 323 1008 Ὀ
383 957 586 1028 ἀγαθὸς
639 989 707 999 --
765 959 983 1032 πονηρά.
1044 955 1294 1012 Διδάσκει
1345 965 1453 1023 νῦν,
1517 959 1596 1010 ὅτι
1645 961 1701 1010 τὸ
1750 959 1805 1008 ἑκ

200 1054 282 1098 τοῦ
348 1049 773 1119 περισσεύματος
829 1056 917 1108 τῆς
986 1043 1208 1121 καρδίας
1260 1050 1318 1098 τὸ
1387 1050 1554 1118 στόμα
1618 1045 1801 1110 λαλεῖν,

202 1135 286 1186 οὐκ
347 1133 439 1187 ἐπὶ
508 1142 609 1186 τῶν
681 1144 915 1208 πονηρῶν
989 1134 1271 1208 ἀνθρώπων
1353 1140 1549 1206 γίνεται
1634 1140 1806 1205 μόνον,

363 1227 464 1274 καὶ
505 1221 589 1274 ἐπὶ
636 1232 736 1274 τῶν
780 1223 1004 1294 ἀγαθῶν.
1056 1229 1156 1278 Καὶ
1206 1226 1470 1299 θησαυρόν
1507 1226 1596 1296 μὶν
1645 1223 1808 1292 καλεῖ,

214 1318 289 1369 τὴν
323 1310 532 1382 βλύσιν
583 1317 670 1363 καὶ
720 1318 892 1382 πηγήν
943 1320 1037 1374 τῆς
1091 1311 1411 1384 ἁγαθότητος
1451 1319 1538 1364 καὶ
1585 1322 1677 1374 τῆς
1721 1331 1809 1364 ποι

210 1407 404 1471 θερίας.
459 1399 659 1470 Ἀγαθὰ
699 1397 758 1453 δέ
807 1406 896 1452 καὶ
934 1406 1155 1475 πονηρὰ,
1205 1406 1321 1462 τοῦς
1370 1400 1592 1473 ἀγαθοὺς
1629 1402 1813 1472 λόγους

204 1495 285 1538 καὶ
315 1492 608 1562 πονηρούς.

271 1581 431 1648 Λέγω
486 1573 546 1629 δε
589 1609 656 1617 -
695 1583 930 1652 κρίσεως.
975 1579 1164 1651 Ἀργὸν
1204 1583 1294 1651 μεν
1347 1578 1499 1650 λέγει,
1547 1584 1605 1632 τὸ
1660 1599 1814 1631 συκο-

205 1669 454 1736 ραντικὸν
505 1671 597 1716 καὶ
641 1668 880 1738 μάταιον,
932 1667 961 1725 ἡ
1010 1671 1068 1719 τὸ
1117 1671 1354 1742 περιττὸν
1407 1672 1495 1720 καὶ
1543 1667 1811 1741 βλαϐερὸν.

205 1759 378 1824 Λόγον
437 1750 520 1820 δε,
581 1759 674 1812 τὴν
723 1753 936 1813 εὐθύνην
988 1762 1077 1808 καὶ
1130 1755 1431 1828 ἀπολογίαν.
1503 1758 1578 1809 Οὐ
1631 1761 1817 1832 μικρὸν

206 1840 262 1895 0'":
323 1847 490 1915 μέρος
544 1839 893 1916 διορθώσεως,
966 1848 1022 1896 τὸ
1076 1849 1147 1916 μή
1221 1850 1373 1917 μόνον
1450 1845 1889 1918 ἁπολογείσθαιΒ

205 1937 294 1984 καὶ
374 1930 632 2002 ἐλέγχειν,
693 1929 820 1983 ἀλλὰ
891 1938 980 1985 καὶ
1050 1933 1291 1999 ἀπειλεῖν,
1345 1934 1370 1986 ὃ
1431 1932 1497 1993 δή
1554 1935 1821 2008 πολλαχοῦ

209 2039 370 2074 ποιει.

275 2110 375 2161 Ἐκ
433 2139 506 2148 -
557 2105 1025 2184 καταδικασθήσῃ.
1102 2111 1190 2166 Ἐκ
1262 2114 1353 2184 μὶν
1423 2121 1522 2164 τῶν
1594 2111 1823 2184 ἀγαθῶν,

213 2194 560 2270 δικαιωθήσῃ
591 2220 602 2231 ο
629 2198 686 2250 ἐκ
719 2195 778 2252 δε
804 2208 902 2251 τῶν
931 2219 1188 2275 πονήρων,
1229 2198 1593 2260 καταδικασθή
1606 2221 1694 2275 σῃ.

418 2381 567 2429 KP».
611 2377 736 2432 ΚΓ.
777 2382 900 2449 Περὶ
930 2386 1029 2429 τῶν
1061 2378 1339 2430 αἰτούντων
1373 2387 1604 2451 σημεῖον.

286 2467 422 2521 Τότε
470 2495 537 2506 -
574 2461 724 2520 ἰδεῖν.
779 2466 902 2518 Ὀτε
935 2469 1204 2539 θαυμάσαι
1255 2473 1342 2520 καὶ
1379 2467 1642 2539 ὑποκύψαι
1703 2465 1829 2533 ἔδει,

219 2560 333 2606 τότε
388 2553 545 2604 πάλιν
602 2552 1037 2626 ἀναισχυντοῦσι,
1085 2561 1172 2608 καὶ
1223 2557 1276 2609 ὃν
1329 2561 1429 2631 πρὸ
1473 2565 1661 2629 μικροῦ
1713 2559 1833 2629 θρα-

227 2648 358 2704 σέως
414 2641 628 2694 ἐκάλουν
683 2640 1030 2714 δαιμονῶντα,
1090 2653 1175 2696 νῦν
1236 2645 1614 2708 κολακευτικώς
1680 2642 1835 2698 διδά-

226 2733 422 2784 σκαλον
491 2730 829 2804 ὀνομάζουσι,
906 2737 994 2785 καὶ
1064 2737 1197 2806 μετὰ
1269 2743 1504 2786 τοσαῦτα
1575 2736 1834 2806 θαύματα,

228 2829 451 2892 σημεῖον
500 2817 627 2873 ἰδεῖν
683 2821 942 2887 αἰτοῦσιν,
1010 2821 1115 2893 οὐχ
1170 2823 1250 2874 ἶνα
1299 2827 1676 2892 πιστεύσωσιν,
1735 2821 1838 2875 ἀλλ’

227 2915 312 2962 ἶνα
347 2907 696 2961 ἐπιλάϐωνται
749 2909 930 2967 αὐτοῦ.
979 2916 1064 2970 Μή
1117 2908 1390 2984 δυνάμενοι
1437 2915 1537 2987 γὰρ
1587 2911 1838 2965 ἀντειπεῖν

229 3000 399 3068 αὐτῷ,
431 2995 634 3072 ῥᾳδίως
674 2999 859 3059 αὐτοὺς
899 2998 1185 3071 ἐλέγχοντι,
1231 3004 1358 3073 πρὸς
1410 3005 1471 3053 τὰ
1519 3004 1644 3076 ἔργα
1689 3020 1840 3073 μετα-

231 3088 529 3140 ϐαίνουσιν.
590 3087 647 3139 Ὀ
708 3084 766 3140 δὲ
829 3093 1035 3148 Λουκᾶς
1085 3095 1262 3160 φησιν,
1324 3091 1401 3143 ὅτι
1444 3091 1602 3164 ἕτεροι
1658 3092 1843 3164 πειρά-

235 3183 412 3241 ζοντες
491 3184 708 3248 σημεῖον
789 3178 911 3252 παρ’
990 3178 1149 3231 αὑτοῦ
1221 3178 1432 3240 ἐζήτουν
1495 3180 1547 3242 ἐξ
1604 3179 1844 3253 οὐρανοῦ.
1879 3218 1920 3274 C

229 3263 620 3338 ’Υπελάμϐανον
704 3269 823 3338 γὰρ,
886 3268 966 3318 ότι
1029 3270 1094 3319 τὰ
1169 3271 1257 3339 μεν
1333 3267 1416 3320 ἐπὶ
1490 3275 1591 3339 γῆς
1657 3275 1850 3338 σημεῖα

232 3359 504 3428 γοητεύων
555 3352 814 3407 ἓπιτελεί’
875 3354 928 3418 ἐξ
985 3356 1204 3430 οὐρανοῦ
1263 3353 1321 3409 δε
1375 3357 1468 3408 οὐκ
1526 3357 1585 3408 ἆν
1635 3353 1848 3409 δύναιτο

238 3454 468 3503 ποιῆσαι
512 3451 746 3516 σημεῖον,
788 3449 859 3516 μὴ
898 3445 964 3495 ὢν
997 3444 1097 3497 ἀπὸ
1136 3453 1228 3497 τοῦ
1273 3449 1420 3500 Θεοῦ.
1470 3451 1569 3499 Καὶ
1616 3447 1714 3518 γὰρ
1762 3449 1850 3497 καὶ

240 3535 484 3606 ἀλλαχοῦ
553 3532 740 3604 ἔλεγον.
801 3532 962 3594 Οὗτος
1013 3535 1038 3586 ὀ
1087 3535 1351 3606 ἄνθρωπος
1404 3534 1496 3586 οὐκ
1553 3537 1692 3588 ἔστιν
1749 3533 1849 3588 ἀπὸ

241 3633 330 3678 τοῦ
370 3630 534 3677 Θεοῦ.

311 3714 372 3766 Ὁ
407 3707 468 3764 δε
502 3741 572 3751 —
598 3709 852 3772 ἐπιζητεῖ.
886 3710 1047 3764 Ὀταν
1095 3716 1183 3782 μὲν
1217 3712 1428 3788 ὕϐριζον
1465 3714 1640 3779 αὐτὸν,
1693 3709 1853 3765 διελίο

240 3822 364 3875 γετο
415 3801 532 3870 (93)
579 3802 964 3874 μακροθύμωςο
1013 3803 1133 3853 όταν
1173 3799 1233 3855 δε
1282 3801 1600 3868 ὶκολάκευον,
1647 3801 1852 3874 ἁπεκρί-

245 3910 361 3944 νετο
421 3893 680 3961 τραχέως,
725 3891 792 3951 ὡς
831 3895 962 3962 μήτε
1022 3891 1168 3963 θυμῷ
1217 3897 1509 3964 νικώμενος,
1571 3896 1700 3950 μήτε
1739 3892 1850 3962 (94)

247 3980 501 4050 κολακείᾳ
558 3977 981 4050 μαλακιζόμενος.
1043 3982 1286 4054 Διασύρει
1340 3976 1398 4032 δε
1458 3984 1692 4049 τούτους,
1753 3979 1852 4032 ἀπὸ

251 4076 349 4128 τῆς
406 4075 507 4118 τῶν
562 4071 826 4141 προγόνων
885 4067 1051 4120 αὐτῶν
1107 4074 1311 4135 κακίας,
1367 4072 1434 4130 ὡς
1483 4070 1606 4132 οἰξια
1657 4069 1853 4122 ἐκείνων

251 4161 576 4228 γεννήματα.
649 4161 750 4209 Καὶ
824 4159 1052 4229 πονηρὰν
1116 4160 1205 4230 μὲν
1274 4162 1367 4215 τήν
1432 4161 1604 4229 γενεὰν
1663 4161 1854 4210 τούτων

253 4247 550 4317 ὠνόμασεν,
608 4247 676 4306 ὡς
735 4245 956 4297 ἔκπαλαι
1031 4246 1253 4298 ἄπιστον
1325 4251 1412 4298 καὶ
1481 4247 1851 4321 πειράζουσαν.

255 4339 399 4393 Φησὶ
454 4335 555 4406 γὰρ
604 4334 630 4384 ό
682 4330 850 4386 Δαυίδ
895 4355 906 4366 ·
976 4339 1074 4386 Καὶ
1133 4335 1226 4386 οὐκ
1283 4333 1593 4388 ἐπίστευσαν
1652 4333 1699 4386 ἐν
1756 4343 1859 4395 τοῖς

257 4427 577 4496 θαυμασίοις
635 4421 812 4476 αὐτοῦ.
867 4427 968 4476 Καὶ
1028 4422 1220 4475 πάλιν·
1277 4428 1377 4476 Καὶ
1439 4422 1715 4497 ἐπείρασαν
1769 4427 1860 4475 καὶ

254 4516 652 4588 παρεπίκραναν
717 4515 802 4563 τόν
882 4515 1008 4565 Θεὸν
1079 4515 1164 4564 τὸν
1237 4512 1482 4583 ὕψιστον.
1553 4510 1863 4584 Μοιχαλίδα

257 4601 342 4672 δε,
399 4597 498 4653 διὰ
540 4604 633 4658 τήν
682 4608 781 4652 τῶν
833 4605 1093 4673 προγόνων
1137 4600 1304 4652 αὐτῶν
1350 4601 1406 4652 ἐκ
1445 4607 1578 4654 Θεοῦ
1631 4600 1862 4654 ἀποστα-

259 4697 404 4756 σίαν,
473 4689 657 4749 οἵτινες
717 4687 1059 4761 ἁποζυγέντες
1113 4689 1272 4742 πάλαι
1341 4697 1433 4750 τῆς
1484 4695 1705 4752 πίστεως
1771 4697 1863 4743 τοῦ

259 4786 422 4845 Θεοῦ,
458 4776 810 4835 ἐκολλήθησαν
840 4785 902 4850 τῇ
939 4782 1116 4831 πίστει
1155 4786 1253 4830 τῶν
1284 4773 1565 4852 δαιμόνων.
1607 4784 1864 4851 Μοιχείαν

256 4874 364 4941 γὰρ
443 4865 710 4938 ὀνομάζει,
779 4871 868 4919 καὶ
949 4871 1042 4925 τὴν
1107 4863 1503 4940 εἰδωλολατρίαν
1576 4869 1604 4926 ἡ
1663 4868 1867 4921 Παλαιὰ

259 4959 444 5033 Γρατοή
492 4972 504 4983 ·
563 4959 650 5007 καὶ
713 4963 861 5008 τοῦτο
910 4955 1178 5028 πολλαχοῦ
1234 4964 1332 5008 τῶν
1386 4966 1716 5032 προφητικῶν
1777 4955 1870 5031 βί-

261 5049 399 5104 ϐλων
426 5047 683 5121 εὑρήσεις.

340 5139 447 5190 Καὶ
500 5140 713 5207 σημεῖον
770 5164 831 5176 -
885 5137 1176 5208 προφήτου.
1244 5131 1319 5186 Οὐ
1379 5130 1665 5193 δοθήσεται
1713 5135 1868 5208 αὐτῇ,

341 5315 388 5352 ⁸³
418 5312 632 5371 Matth.
661 5316 742 5384 in,
774 5311 828 5368 7.

907 5310 955 5348 9‘
985 5311 1124 5371 Luc.
1155 5327 1230 5382 xx,
1266 5313 1356 5370 16.
1442 5313 1488 5350 ⁸⁸
1517 5311 1692 5370 Joan.
1723 5329 1804 5380 ix,
1835 5314 1925 5373 16.

1155 385 1518 446 COMMENT.
1562 387 1630 442 IN
1671 383 2098 442 MATTIUEUM.
2137 416 2202 424 —
2233 383 2386 439 CAP.
2432 371 2634 439 ΧΧΙΙῘ.

3450 383 3557 439 386

1913 513 2025 579 tur,
2069 512 2125 565 et
2163 509 2246 564 sic
2278 508 2362 566 illi
2393 508 2766 565 abundantes
2807 507 3154 579 prosiliunt:
3185 513 3265 565 ita
3313 527 3453 567 sane
3503 514 3564 570 et

1906 599 2003 670 qui
2041 613 2231 670 prava
2264 598 2527 653 nutriunt
2575 596 2839 652 consilia.
2865 597 3033 668 Ipsos
3061 613 3198 653 vero
3247 603 3560 671 progenies

1905 688 2233 758 viperarum
2266 685 2594 756 appellavit,
2630 687 2779 741 sicut
2817 687 2997 742 etiam
3026 687 3286 742 Joannes
3315 692 3564 760 Baptista

1908 776 2076 831 tertio
2106 775 2297 847 capite
2323 778 2390 828 ⁸³.
2443 774 2522 829 Ibi
2575 790 2716 845 ergo
2766 778 2821 829 et
2868 773 3047 845 hujus
3095 791 3290 848 quaere
3340 779 3566 850 exposi-

1909 863 2148 919 tionem.

1983 951 2142 1006 Vers.
2179 951 2267 1007 35.
2323 952 2520 1006 Bonus
2553 981 2615 990 —
2649 950 2827 1007 mala.
2888 951 3067 1008 Docet
3106 968 3265 1009 nunc
3297 954 3355 1010 id
3409 958 3566 1027 quod

1911 1040 2136 1096 dictum
2163 1045 2271 1108 est,
2305 1046 2442 1112 puta
2481 1056 2550 1096 os
2594 1056 2664 1094 ex
2729 1039 3098 1097 abundantia
3153 1044 3346 1097 cordis
3386 1044 3566 1117 loqui,

1913 1144 2032 1185 non
2115 1130 2173 1183 in
2227 1129 2398 1184 malis
2477 1133 2709 1184 tantum
2757 1129 2882 1184 ﬁeri
2941 1129 3306 1196 hominibus,
3362 1149 3566 1189 verum

1915 1218 2092 1274 etiam
2121 1217 2178 1272 in
2209 1216 2409 1274 bonis.
2477 1219 2537 1271 Et
2584 1216 2927 1272 thesaurum
2973 1218 3217 1289 quidem
3277 1227 3446 1277 vocat
3472 1239 3573 1278 sca

1917 1306 2234 1375 turiginem
2267 1305 2608 1378 fontemque
2649 1306 2920 1361 bonitatis
2954 1322 3023 1361 ac
3051 1309 3359 1378 pravitatis
3384 1329 3395 1361 :
3416 1309 3574 1368 bona

1919 1400 2114 1450 autem
2145 1399 2201 1451 et
2234 1394 2416 1459 mala,
2442 1395 2632 1449 bonos
2661 1394 2971 1466 malosque
3001 1412 3321 1454 sermones.

1993 1482 2157 1539 Vers.
2191 1483 2278 1539 36.
2306 1483 2412 1538 Sed
2445 1484 2571 1538 dico
2603 1513 2668 1524 -—
2696 1484 2937 1552 judicii.
2991 1486 3261 1543 Otiosum
3310 1487 3452 1544 dicit
3483 1505 3576 1546 ca-

1922 1572 2373 1628 lumniatorium
2405 1577 2459 1627 et
2500 1588 2746 1638 vanum,
2801 1573 2889 1628 vel
2926 1575 3299 1644 superﬂuum
3353 1593 3421 1632 ac
3472 1594 3575 1633 no-

1924 1661 2123 1716 civum
2152 1677 2166 1725 ;
2191 1661 2484 1716 rationem
2525 1677 2684 1724 vero,
2718 1676 2968 1716 examen
3000 1667 3055 1717 et
3099 1665 3575 1736 responsionem.

1927 1751 2053 1804 Non
2103 1754 2189 1804 est
2247 1755 2446 1804 autem
2494 1751 2730 1804 modica
2787 1751 3168 1806 correctionis
3228 1769 3391 1823 pars,
3457 1768 3578 1808 non

1929 1836 2121 1892 solum
2149 1838 2506 1907 respondere
2532 1837 2976 1906 etredarguere,
3002 1839 3107 1894 sed
3128 1847 3183 1896 et
3203 1842 3578 1907 comminari,

1930 1924 2092 1997 quod
2123 1941 2266 1981 sane
2295 1925 2647 1997 plerumque
2678 1926 2832 1981 facit.

2006 2102 2165 2158 Vers.
2201 2107 2292 2159 37.
2351 2103 2438 2157 Ex
2468 2135 2528 2145 —
2559 2105 3066 2162 condemnaberis.
3113 2109 3191 2164 Ex
3233 2107 3412 2165 bonis
3458 2110 3588 2182 qui-

1936 2191 2077 2248 dem
2122 2191 2570 2263 justiﬁcaberis,
2611 2209 2681 2248 ex
2735 2193 2909 2249 malis
2973 2209 3110 2252 vero
3141 2198 3582 2256 condemnabe-

1935 2296 2036 2337 τις.

2155 2370 2308 2426 CAP.
2343 2371 2508 2426 XXIII.
2542 2371 2624 2427 De
2657 2371 3085 2442 requirentibus
3131 2374 3369 2446 signum.

2012 2458 2180 2516 Vers.
2233 2461 2321 2523 38,
2391 2461 2553 2515 Tunc
2601 2491 2667 2499 —
2724 2461 2934 2517 videre.
2987 2464 3132 2517 Cum
3199 2463 3479 2521 admirari
3519 2483 3589 2523 ac

1943 2547 2328 2603 succumbere
2364 2553 2681 2620 oporteret,
2729 2554 2864 2604 tunc
2921 2566 3163 2608 rursum
3215 2552 3591 2626 impudenter

1944 2635 2286 2708 loquuntur,
2314 2644 2367 2691 et
2387 2653 2567 2710 quem
2591 2637 2770 2710 paulo
2797 2643 2932 2695 ante
2957 2640 3393 2699 daamoniacum
3417 2651 3594 2700 teme-

1945 2725 2101 2781 rario
2131 2741 2284 2781 ausu
2315 2726 2607 2783 vocabant
2650 2743 2812 2783 nunc
2855 2727 3184 2785 adulatorie
3236 2732 3593 2802 magistrum

1946 2818 2182 2882 vocant,
2211 2820 2267 2870 et
2298 2822 2434 2886 post
2469 2821 2551 2872 tot
2585 2816 2874 2873 miracula
2927 2818 3170 2888 signum
3213 2821 3409 2877 videre
3438 2839 3597 2895 quas-

1949 2907 2283 2959 rnntznon
2334 2909 2394 2960 ut
2449 2905 2713 2971 credant,
2755 2906 2859 2962 sed
2915 2913 2972 2962 ut
3028 2924 3167 2964 eum
3236 2911 3596 2983 opprimant.

1952 2993 2102 3047 Cum
2141 2993 2302 3048 enim
2333 3008 2454 3048 non
2497 3000 2745 3064 possent
2792 2996 2845 3049 ei
2891 2998 3310 3069 contradicere,
3340 3000 3486 3056 dum
3519 3000 3602 3059 fa-

1954 3080 2062 3135 cile
2119 3079 2251 3136 illos
2315 3081 2648 3137 covinceret
2693 3099 2704 3136 :
2749 3083 2827 3137 ad
2886 3099 3065 3155 Opera
3119 3091 3443 3144 transeunt.
3505 3093 3604 3145 Lu—

1957 3183 2057 3224 cas
2082 3172 2285 3224 autem
2323 3169 2464 3225 dicit
2487 3169 2647 3240 quod
2668 3170 2776 3225 alii
2804 3174 3092 3229 tentantes
3117 3174 3344 3243 signum
3369 3176 3442 3232 de
3471 3179 3604 3233 caelo

1931 3257 2286 3327 'qumrebant
2317 3259 2393 3314 ab
2436 3274 2500 3314 eo
2523 3259 2591 3312 ⁸⁸.
2627 3259 3094 3329 Suspicabantur
3114 3263 3404 3334 siquidem
3443 3267 3607 3337 quod

1960 3345 2131 3414 signa
2155 3345 2214 3400 in
2241 3350 2414 3412 terra,
2449 3345 2753 3416 prmstigiis
2785 3347 3044 3404 fallendo
3094 3349 3292 3406 ederet
3325 3368 3338 3416 ;
3368 3353 3607 3421 signum

1959 3449 2102 3490 vero
2148 3433 2220 3489 de
2245 3433 2390 3489 coelo
2430 3450 2819 3506 nequaquam
2875 3435 3069 3493 facere
3123 3445 3344 3510 posset,
3406 3457 3542 3496 cum
3575 3460 3612 3500 a

1961 3523 2080 3578 Deo
2114 3538 2237 3578 non
2286 3527 2457 3579 esset.
2519 3525 2745 3581 Etenim
2797 3524 2937 3581 alibi
3002 3541 3244 3598 quoque
3287 3528 3604 3586 dicebant:

1958 3610 2089 3667 Hic.
2121 3611 2292 3668 homo
2321 3629 2436 3668 non
2477 3617 2555 3669 est
2587 3628 2625 3670 a
2657 3616 2765 3669 Deo
2797 3615 2866 3670 ⁸⁵.

2032 3700 2198 3758 Vers.
2231 3702 2319 3758 39.
2353 3703 2430 3757 At
2457 3702 2557 3759 ille
2585 3734 2652 3743 —
2677 3704 2892 3775 quwrit.
2923 3705 3069 3761 Cum
3099 3705 3180 3761 illi
3207 3708 3617 3765 contumeliosi

1961 3796 2180 3857 essent,
2223 3793 2514 3864 patienter
2566 3808 2667 3848 eos
2702 3792 2964 3853 ferebat:
3008 3795 3154 3851 dum
3177 3801 3378 3854 autem
3407 3798 3619 3856 adula-

1963 3886 2182 3946 rentur,
2237 3896 2449 3952 aspere
2479 3882 2809 3954 respondit,
2844 3888 3044 3954 utpote
3074 3886 3177 3956 qui
3209 3901 3404 3958 neque
3431 3887 3618 3943 animi

1962 3969 2338 4026 vehementia
2391 3970 2737 4035 vinceretur,
2779 3987 2974 4044 neque
3027 3973 3364 4031 adulatione
3420 3976 3623 4032 molle-

1965 4065 2154 4114 sceret
2187 4059 2337 4114 :hoc
2368 4075 2505 4115 vero
2548 4077 2582 4115 a
2612 4061 3054 4130 progenitorum
3103 4063 3262 4135 capit
3313 4066 3620 4134 pravitate,

1965 4152 2250 4219 tanquam
2269 4148 2512 4217 dignam
2531 4148 2644 4202 illis
2659 4149 3195 4206 sobolem.Pravam
3223 4167 3464 4222 quoque
3479 4151 3627 4206 dixit

1965 4236 2121 4292 hanc
2139 4237 2505 4308 progeniem,
2524 4237 2696 4308 quasi
2711 4237 2830 4308 jam
2850 4237 2990 4292 olim
3015 4238 3385 4293 incredulam
3414 4254 3483 4294 ac
3501 4244 3628 4294 ten-

1967 4330 2212 4382 tantein.
2247 4325 2338 4380 Ait
2393 4326 2552 4380 enim
2608 4325 2790 4381 David
2816 4341 2839 4381 .'
2863 4326 2942 4380 Et
2987 4341 3100 4380 non
3150 4325 3529 4381 crediderunt
3565 4327 3627 4381 in

1968 4413 2334 4470 mirabilibus
2364 4415 2486 4484 ejus
2520 4413 2587 4466 ⁸⁸.
2629 4415 2710 4468 Ac
2741 4428 2981 4469 rursum
3015 4430 3027 4468 :
3060 4413 3135 4469 Et
3167 4417 3540 4471 tentaverunt
3571 4420 3626 4471 et

1971 4502 2673 4561 exacerbaverantDeum
2693 4503 2984 4559 excelsum
3014 4503 3088 4560 ⁸⁷.
3124 4503 3464 4561 Adulteram
3485 4520 3628 4561 vero

1971 4599 2213 4666 propter
2238 4591 2740 4665 progenitoruma
2764 4593 2880 4648 Deo
2907 4591 3298 4650 defectionem
3325 4595 3458 4666 ;qui
3487 4593 3632 4651 olim

1971 4682 2088 4739 ﬁde
2119 4699 2155 4739 θ.
2181 4683 2300 4738 Deo
2331 4681 2630 4752 disjuncti,
2658 4679 2796 4736 ﬁdei
2834 4681 3183 4739 daemonum
3225 4683 3631 4748 adhaeserunt.

1971 4772 2339 4828 Adulterium
2369 4771 2592 4844 quippe
2635 4770 2812 4826 etiam
2868 4770 3196 4828 nominavit
3236 4771 3636 4832 idololatriam

1975 4861 2200 4918 Veteris
2237 4860 2589 4916 Testamenti
2642 4861 2959 4932 Scriptura,
2989 4861 3171 4934 idque
3200 4861 3536 4935 frequenter
3575 4863 3638 4921 in

1976 4949 2338 5024 propheticis
2370 4949 2559 5006 Libris
2587 4950 2873 5008 invenies.

1978 5131 2138 5187 Vers.
2153 5129 2239 5187 39.
2256 5129 2568 5202 Etsignum
2583 5129 2980 5202 —pr0phetw.
2996 5132 3124 5190 Non
3137 5129 3374 5189 dabitur
3395 5130 3466 5200 ei,
3493 5130 3638 5204 quia

2002 5315 2049 5351 ⁸³
2074 5312 2228 5385 Psal,
2259 5329 2467 5383 Lxxvn,
2499 5315 2585 5369 32.
2664 5312 2711 5348 ⁸⁷
2742 5309 2889 5368 ibid.
2921 5310 3013 5367 56.

1523 5489 1748 5564 Variae
1775 5489 2100 5561 lectiones
2115 5499 2182 5559 et
2209 5498 2390 5558 notae

339 5697 464 5772 (93)
499 5689 686 5750 Intell.
728 5689 931 5752 αὐτοῖς,

2059 5688 2170 5762 (94)
2208 5687 2441 5763 μαλακίᾳ
2476 5685 2868 5762 κολακευόμενος
2900 5692 2962 5743 Α.
