4176 6426
555 356 658 415 387

1871 347 2231 407 EUTHYMII
2265 335 2598 410 ZlGABENI

3821 350 3941 412 388

551 501 672 540 non
703 499 774 540 ex
804 483 940 548 fide,
970 482 1075 538 sed
1100 497 1169 536 ex
1196 481 1360 546 dolo,
1411 478 1706 534 tentando
1732 477 1972 547 signum
2009 477 2192 548 qua-ri

2328 474 2469 531 διότι
2507 478 2601 530 ούκ
2649 476 2704 529 ἐκ
2746 482 2990 542 πίστεως,
3035 477 3140 531 ἀλλ’
3189 477 3243 531 ἐκ
3278 483 3547 553 πονηρίας,
3605 486 3694 534 καὶ
3750 486 3946 557 πειράο

554 571 705 640 Quid
727 587 866 640 ergo
896 572 1058 626 ?non
1087 568 1512 639 fecitdeinceps
1535 568 1774 636 signum
1804 564 2034 620 ullum?
2063 565 2171 620 Fec
2197 564 2206 617 i

550 661 752 732 utique
782 663 876 728 ;at
909 674 1033 714 non
1091 662 1335 730 propter
1364 656 1496 712 illos
1530 673 1541 710 :
1583 670 1727 711 nam
1771 654 1884 726 ipsi
1936 653 2212 710 obdurati

543 754 729 819 erant,
789 748 896 802 sed
961 746 1040 802 ad
1077 746 1334 804 aliorum
1390 745 1725 800 utilitatem.
1771 744 2023 814 Signum
2074 757 2212 798 vero

545 839 711 894 Jonae
743 837 1075 908 propheta,
1108 840 1281 890 vocat
1309 833 1801 888 resurrectionem
1860 847 2034 886 suam
2067 846 2099 886 θ
2125 845 2210 886 se-

545 926 754 998 pulcro
777 931 911 998 post
938 929 1056 979 tres
1085 923 1211 980 dies
1241 927 1300 978 et
1323 926 1436 978 tres
1458 928 1688 977 noctes.
1718 921 1849 976 Jam
1869 920 2026 975 enim
2058 920 2213 976 hanc

542 1014 760 1069 Iudaeis
785 1012 1049 1085 praedicit
1075 1018 1137 1067 ut
1164 1027 1299 1066 cum
1323 1011 1725 1076 resurrexerit,
1745 1009 1820 1065 ad
1857 1007 2211 1064 memoriam

541 1103 833 1158 reducant
856 1099 1022 1174 quod
1053 1101 1208 1156 hanc
1239 1097 1353 1153 illis
1391 1097 1745 1170 praedixerit,
1779 1096 1995 1152 diebus
2032 1096 2210 1152 etiam

546 1206 616 1246 ac
654 1190 926 1246 noctibus
955 1187 1212 1260 proprias
1253 1186 1572 1259 sepultum
1617 1185 1695 1242 ad
1734 1186 2028 1241 minutum
2061 1183 2213 1240 desi—

546 1278 764 1350 gnatis.
797 1280 1040 1349 Propter
1067 1276 1182 1332 hoc
1199 1274 1497 1348 siquidem
1515 1273 1642 1346 ipso
1674 1273 1927 1346 sepulto,
1959 1287 2210 1343 congre-

546 1367 662 1438 gati
689 1371 826 1422 sunt
845 1365 1063 1421 summi
1092 1363 1430 1420 sacerdotes
1457 1367 1513 1418 et
1542 1362 1809 1418 Pharisaei
1841 1362 1918 1417 ad
1952 1361 2208 1417 Pilatum

543 1455 830 1511 dicentes:
853 1453 1407 1517 Domine,recordati
1419 1466 1621 1507 sumus
1637 1450 1784 1522 quod
1804 1451 2088 1519 impostor
2103 1449 2209 1506 ille

543 1543 692 1600 dixit
711 1543 894 1598 adhuc
929 1543 1114 1599 vivens
1148 1541 1315 1596 :Post
1335 1546 1453 1596 tres
1473 1541 1596 1596 dies
1625 1554 1928 1610 resurgam
1959 1539 2026 1592 ³⁸.
2050 1539 2208 1595 hanc

549 1647 704 1698 vero,
741 1632 982 1701 signum
1013 1631 1180 1686 Jonas
1225 1628 1526 1700 prophetae
1580 1628 1932 1693 nominavit,
1965 1631 2209 1699 propter

550 1720 1015 1784 similitudinem,
1048 1733 1231 1790 quam
1256 1717 1438 1774 etiam
1467 1715 1810 1773 manifestat
1845 1715 2051 1772 dicens
2079 1733 2096 1770 :

615 1971 771 2026 Vers.
821 1970 916 2024 40.
969 1969 1146 2024 Sicut
1196 1998 1263 2008 —
1292 1966 1574 2024 noctibus.
1620 1969 1738 2022 Hoc
1778 1980 1914 2022 vere
1965 1964 2202 2034 signum

541 2064 688 2124 erat,
714 2062 770 2114 et
800 2057 1112 2128 signorum
1144 2057 1418 2113 omnium
1457 2055 1715 2110 maxime
1746 2054 2206 2110 admirandum-

540 2148 764 2205 nullius
781 2147 941 2203 enim
962 2145 1118 2202 facta
1131 2150 1221 2201 est
1236 2159 1505 2217 unquam
1528 2143 1659 2200 talis
1680 2159 1718 2200 a
1737 2144 1988 2199 mortuis
2015 2159 2200 2200 resur:

537 2239 740 2300 rectio.
773 2237 990 2293 Datum
1019 2239 1106 2291 est
1136 2239 1337 2291 autem
1351 2233 1702 2304 hujusmodi
1728 2233 1968 2305 signum
1984 2232 2204 2288 Judaei-

538 2324 893 2397 inﬁdelibus,
921 2324 1037 2380 hoc
1074 2327 1180 2390 est,
1214 2337 1395 2394 opere
1443 2321 1748 2392 impletum
1768 2325 1857 2377 est
1903 2321 2068 2394 apud
2093 2338 2196 2378 eos

536 2415 651 2471 hoc
683 2412 1062 2479 miraculum,
1087 2428 1210 2483 quo
1237 2411 1510 2466 certiores
1537 2410 1651 2465 sint
1678 2410 1839 2466 hunc
1869 2412 2054 2465 Deum
2068 2427 2191 2466 esss

538 2499 1388 2575 omnipotentem,etdeinceps
1413 2498 1583 2571 quasi
1615 2499 1734 2554 Deo
1765 2504 2205 2570 repugnantese

538 2591 966 2649 conscientiam
1002 2588 1265 2644 habeant
1310 2587 1522 2643 acerbe
1553 2587 1684 2643 illos
1711 2593 2114 2658 torquentem,
2151 2606 2200 2650 e,

539 2681 740 2736 futura
751 2693 887 2750 quas
906 2692 1009 2733 eos
1022 2675 1528 2748 comprehensura
1541 2675 1832 2730 sintmala
1847 2677 2204 2746 prmsagient

537 2766 677 2824 tem.
712 2768 820 2823 Cor
849 2780 990 2821 vero
1017 2771 1184 2820 terrae
1237 2765 1482 2834 intelligi
1524 2764 1679 2818 illius
1713 2763 2198 2834 profunditatem.

537 2859 686 2913 Nam
710 2855 771 2912 in
802 2853 1202 2926 profunditate
1224 2853 1396 2918 illius,
1424 2852 1726 2923 lapidibus
1773 2852 2034 2906 incisum
2080 2860 2202 2908 erat

539 2943 910 3016 sepulcrum.
937 2941 1075 2997 Tres
1090 2946 1287 2998 autem
1315 2941 1443 2996 dies
1458 2957 1595 2995 cum
1613 2939 1889 2996 noctibus
1911 2940 2020 2996 sub
2052 2946 2202 2997 terra

546 3031 895 3104 permansit,
928 3036 993 3086 ut
1021 3029 1358 3084 crederetur
1386 3027 1571 3083 fuisse
1601 3033 1891 3084 mortuus.

606 3122 648 3191 -ί-
674 3122 785 3178 Cor
800 3126 988 3184 terrm,
1020 3118 1366 3191 sepulcrum
1409 3122 1600 3172 vocat.

607 3211 763 3264 Vers.
789 3209 880 3275 4t,
926 3208 1050 3264 Vtri
1077 3206 1346 3263 Ninivitre
1374 3235 1443 3245 —
1493 3207 1604 3262 hoc
1633 3205 1782 3262 loco.
1840 3205 2024 3268 Simul
2075 3211 2198 3264 tan-
2231 3202 2270 3256 C

535 3314 717 3370 quam
739 3297 945 3354 omnia
958 3309 1459 3369 praecognoscens
1489 3298 1547 3351 et
1573 3294 1790 3350 horum
1813 3296 2200 3367 praedicitim4

533 3387 966 3459 paenitentiam,
1022 3400 1162 3458 quae
1207 3384 1388 3441 etiam
1428 3389 1561 3457 post
1615 3399 1786 3440 suam
1839 3384 2040 3441 futura
2074 3391 2197 3443 erat

531 3477 1016 3532 resurrectionem
1052 3490 1064 3529 :
1097 3479 1154 3529 et
1198 3472 1376 3528 simul
1428 3475 1591 3544 ipsos
1643 3479 1916 3530 exterret.
1992 3475 2193 3531 Dicere

532 3564 794 3621 solemus
822 3564 986 3619 hunc
1015 3565 1115 3617 aut
1142 3561 1308 3617 illum
1339 3562 1400 3617 in
1431 3562 1629 3616 futuro
1648 3561 1876 3631 judicio
1914 3577 2023 3617 nos
2054 3578 2192 3618 con-

531 3652 977 3714 demnaturum,
1022 3665 1144 3705 non
1174 3649 1346 3721 quasi
1382 3648 1475 3702 ille
1503 3647 1734 3703 futurus
1760 3649 1837 3704 sit
1875 3650 2085 3716 Judex,
2119 3653 2194 3705 si-

531 3740 1059 3812 quidemomnium
1088 3737 1274 3806 judex
1291 3753 1448 3790 unus
1465 3736 1868 3802 eritChristus,
1900 3738 2003 3793 sed
2033 3740 2189 3811 quod

531 3828 687 3883 illius
721 3825 986 3898 operatio
1017 3825 1233 3879 nostris
1267 3823 1484 3879 collata
1510 3823 1836 3880 confundet
1862 3841 1990 3883 nos.
2032 3829 2196 3885 Hanc

530 3930 769 3987 quoque
799 3912 1294 3969 consuetudinem
1327 3918 1568 3968 secutus
1600 3918 1692 3968 est
1717 3914 1981 3970 Christus
2015 3934 2026 3971 :
2055 3918 2195 3974 Plus

533 4009 749 4069 autem,
784 4000 884 4067 ait,
938 4016 1114 4072 quam
1143 4003 1328 4056 Jonas
1383 4006 1465 4056 est
1495 4001 1600 4056 hoc
1634 4002 1775 4058 loco.
1821 4005 2001 4062 Jonas
2031 4007 2192 4063 enim

532 4106 740 4147 servus
794 4093 938 4157 erat,
999 4088 1262 4145 Christus
1310 4103 1452 4145 vero
1493 4089 1821 4148 Dominus:
1853 4092 1949 4150 ille
2001 4111 2032 4152 e
2062 4100 2192 4152 ceto

529 4193 810 4249 egressus
857 4182 962 4245 est,
999 4178 1108 4234 iste
1160 4177 1238 4234 ab
1263 4177 1497 4234 inferno
1539 4195 1553 4246 ;
1584 4179 1678 4235 ille
1715 4181 1928 4238 invitus
1981 4185 2192 4256 praadi-

529 4270 704 4340 cavit,
731 4270 842 4326 iste
863 4273 1072 4342 sponte
1107 4284 1121 4334 ;
1147 4267 1244 4323 ille
1273 4269 1626 4341 peregrinus
1657 4278 1803 4339 erat,
1835 4272 1943 4328 iste
1973 4289 2190 4344 cogna-

529 4364 621 4414 tus
634 4358 967 4415 secundum
981 4373 1236 4424 carnem,
1251 4357 1347 4414 ille
1360 4358 1801 4414 subversionem
1817 4361 2187 4432 praedicavit,

527 4454 897 4520 isteregnum
925 4446 1212 4502 caelorum
1240 4468 1251 4511 ;
1283 4446 1377 4503 ille
1393 4447 2048 4520 nullumfecitsignum,
2079 4453 2189 4509 iste

2326 567 2495 626 ζουσα
2558 574 2770 634 σημεῖον
2827 567 2990 627 ζητεῖ.
3043 572 3107 620 Τί
3163 564 3250 620 οὖν
3308 567 3553 626 εποίησεν
3609 571 3784 624 ἔκτοτε
3833 590 3948 630 ση-

2322 663 2501 726 μεῖον;
2545 657 2838 721 Ἐποίησεν,
2892 654 3000 707 ἀλλ’
3049 657 3106 707 ού
3163 653 3237 708 δι’
3291 657 3476 718 αύτούς
3511 676 3522 686 ·
3558 665 3942 732 πεπωρωμένοι

2320 745 2419 817 γὰρ
2467 740 2622 808 ἦσαν,
2686 743 2805 795 ἀλλὰ
2865 741 2957 796 διὰ
3007 748 3098 802 τὴν
3147 754 3245 796 τῶν
3305 745 3467 798 ἄλλων
3507 747 3772 818 ὠφέλειαν.
3830 757 3941 806 Ση-

2320 839 2462 902 μεῖον
2542 829 2601 883 δε
2673 833 2822 884 Ἴωνᾶ
2893 839 2982 884 τοῦ
3055 838 3324 905 προφήτου
3403 833 3558 906 λέγει,
3623 840 3717 894 τὴν
3799 842 3941 909 μετά

2322 928 2456 990 τρεῖς
2532 922 2725 994 ἡμέρας
2801 927 2889 973 καὶ
2978 929 3117 996 τρεῖς
3173 925 3364 982 νύκτας
3447 922 3501 974 ἐκ
3592 933 3684 976 τοῦ
3763 930 3936 999 τάφου

2322 1007 2610 1060 ἀνάστασιν
2688 1009 2862 1064 αὑτοῦ.
2955 1016 3318 1084 Προαναφωνεῖ
3383 1014 3482 1084 γὰρ
3545 1009 3652 1070 ἤδη
3731 1018 3936 1073 ταύτην

2320 1105 2428 1157 τοῖς
2482 1093 2782 1163 Ἰουδαίοις,
2849 1099 2931 1150 ἶνα
3007 1097 3319 1160 ἀναστάντος
3377 1105 3788 1172 μνημονεύωσιν,
3851 1105 3934 1156 ὅτε

2317 1193 2529 1259 προεῖπε
2575 1189 2774 1247 τούτοις
2828 1191 2946 1260 περὶ
3005 1187 3187 1256 αὐτῆς,
3250 1187 3703 1262 ἐπισημηνάμενος
3752 1191 3929 1244 λεπτο-

2318 1283 2484 1348 μερώς
2530 1281 2617 1327 καὶ
2674 1277 2765 1337 τάς
2831 1277 3030 1350 ἡμέρας
3093 1281 3183 1329 καὶ
3237 1279 3326 1338 τὰς
3378 1280 3563 1339 νύκτας
3631 1287 3725 1342 τῆς
3784 1277 3926 1342 ἰδίας

2318 1373 2494 1435 ταφῆς.
2551 1367 2642 1416 Διά
2689 1371 2841 1417 τοῦτο
2895 1369 2997 1438 γὰρ
3051 1371 3140 1419 καὶ
3202 1365 3416 1440 ὕστερον
3465 1371 3712 1440 ταφέντος
3765 1370 3927 1423 αὐτοῦ

2320 1455 2664 1523 συνήχθησαν
2721 1455 2769 1505 οἱ
2841 1451 3108 1528 ἀρχιερεῖς
3169 1459 3257 1507 καὶ
3336 1457 3384 1508 οἱ
3443 1461 3721 1529 Φαρισαῖοι
3786 1462 3917 1532 πρός

2318 1541 2537 1593 Πιλάτον
2635 1541 2866 1613 λέγοντες
2918 1559 2930 1572 °
3034 1545 3208 1618 Κύριε,
3293 1543 3620 1618 ἐμνήσθημεν
3729 1549 3809 1600 ὅτι
3889 1551 3914 1601 6

2314 1629 2500 1692 πλάνος
2582 1629 2770 1690 ίκεῖνος
2835 1626 2968 1683 εἶπεν
3030 1634 3106 1684 ἔτι
3168 1635 3267 1694 ζῶν
3298 1650 3311 1661 ·
3372 1636 3516 1686 Μετὰ
3579 1642 3717 1710 τρεῖς
3794 1639 3916 1708 ήμε-

2312 1738 2409 1792 ρας
2471 1721 2752 1792 ἐγείρομαι.
2838 1726 3050 1791 Σημεῖον
3125 1717 3183 1772 δε
3259 1722 3406 1774 Ἰωνᾶ
3479 1729 3571 1775 τοῦ
3645 1732 3910 1799 προφήτου

2312 1809 2506 1864 ταύτην
2555 1807 2808 1880 ὠνόμασε,
2861 1804 2955 1860 διὰ
3007 1812 3100 1867 τήν
3157 1810 3465 1882 ὁμοιότητα,
3515 1811 3576 1870 ὃν
3621 1818 3706 1865 καὶ
3757 1813 3908 1886 ἐρμηο

2312 1898 2444 1948 νεύει
2475 1894 2654 1966 λέγων.

2383 1983 2581 2057 Ὠσπερ
2615 2016 2680 2026 -
2705 1989 2910 2046 νύκτας.
2943 1983 3138 2046 Ὀντως
3166 1994 3315 2040 τοῦτο
3348 1996 3562 2059 σημεῖον
3590 1986 3669 2054 ἧν,
3702 1995 3788 2042 καὶ
3815 2010 3906 2048 ση-

2313 2080 2454 2145 μεῖον
2497 2076 2698 2125 πάντων
2742 2071 3181 2149 παραδοξότερον.
3237 2072 3464 2140 Οὐδενὸς
3511 2081 3611 2153 γὰρ
3666 2075 3912 2132 ούδίποτε

2313 2164 2527 2219 τοιαύτη
2559 2167 2762 2233 γέγονεν
2794 2163 2846 2214 ἐκ
2871 2171 3059 2236 νεκρῶν
3091 2162 3400 2227 ἀνάστασις.
3432 2163 3623 2224 Ἐδόθη
3649 2162 3708 2220 δί
3733 2170 3791 2220 τό
3820 2187 3914 2226 ση-

2314 2257 2454 2322 μεῖον
2485 2257 2634 2302 τουτο
2664 2258 2768 2312 τοῖς
2799 2250 3040 2312 ἀπίστοις
3071 2249 3373 2317 Ἰουδαίοις,
3405 2259 3694 2321 τουτέστιν,
3738 2256 3915 2330 ἐτερα-

2314 2341 2580 2414 τουργήθη
2646 2339 2767 2414 παρ’
2834 2339 3032 2406 αύτοῖς,
3099 2341 3182 2393 ἱνα
3258 2341 3750 2418 πληροφορηθῶσιν,
3831 2348 3912 2400 ὅτι

2315 2433 2442 2490 Θεὸς
2489 2427 2600 2480 ἔστι
2641 2425 3049 2500 παντοδύναμος.
3107 2434 3205 2483 Καὶ
3250 2430 3448 2498 λοιπόν,
3503 2436 3572 2495 ὡς
3633 2435 3909 2507 θεομάχοι,

2313 2521 2370 2569 τό
2423 2513 2660 2577 συνειδὸς
2689 2516 2892 2579 ἕξουσιν
2926 2520 3116 2570 τύπτον
3164 2522 3253 2571 καί
3295 2529 3494 2594 πικρῶς
3523 2521 3711 2585 αύτούς
3742 2521 3910 2594 βασα-

2311 2606 2452 2666 νίζον
2525 2610 2613 2658 καὶ
2679 2614 3072 2678 προανατυποῦν
3143 2610 3210 2659 τά
3285 2608 3531 2680 μέλλοντα
3604 2611 3910 2666 καταλαϐεῖν

2312 2697 2526 2755 τούτους
2568 2696 2722 2745 κακά.
2783 2691 3017 2766 Καρδίαν
3072 2692 3131 2748 δε
3176 2703 3275 2767 γῆς
3327 2701 3448 2768 νόει,
3499 2702 3558 2751 τό
3610 2699 3776 2771 βάθος
3815 2702 3909 2755 αύ-

2309 2790 2421 2842 τῆς.
2515 2783 2595 2834 Ἐν
2659 2781 2812 2854 βάθει
2877 2786 2978 2855 γὰρ
3055 2785 3116 2841 ἦν
3191 2784 3598 2859 λελατομημένος
3653 2790 3678 2840 6
3727 2792 3906 2862 τάφος.

2309 2876 2440 2942 Τρία
2480 2867 2538 2923 δε
2578 2872 2926 2944 ἡμερονύκτια
2966 2869 3216 2944 διήγαγεν
3260 2876 3360 2927 ύπό
3398 2885 3518 2947 γῆν,
3562 2879 3642 2929 ἵνα
3691 2898 3908 2932 πιστευ-

2312 2960 2396 3030 θῇ,
2431 2960 2509 3010 ὅτι
2540 2956 2805 3014 ἀπέθανεν.

2378 3137 2419 3205 -ι-
2452 3132 2686 3209 Καρδίαν
2717 3137 2832 3207 (95)
2857 3145 2976 3208 γῆς,
3009 3143 3096 3190 τόν
3139 3141 3293 3212 τάφον
3323 3141 3476 3212 λέγει.

2378 3221 2598 3296 ’Ἄνδρες
2651 3232 2917 3278 Νινευῖται
2970 3258 3041 3268 -
3087 3225 3208 3282 ὧδε.
3268 3235 3410 3302 Ἀμα
3459 3233 3569 3301 μεν,
3629 3235 3699 3293 ὡς
3741 3237 3910 3288 πάντα

2309 3308 2478 3376 εἰδὼς,
2529 3313 2765 3385 προλέγει
2810 3319 2889 3379 τό,
2938 3322 3020 3367 καὶ
3074 3320 3199 3388 μετά
3230 3323 3321 3376 τήν
3378 3322 3626 3377 τοιαύτην
3674 3320 3906 3376 ἀνάστα-

2311 3419 2411 3467 σιν,
2473 3399 2818 3474 ἀμετανόητον
2885 3403 3049 3456 αὐτῶν
3081 3423 3092 3434 '
3126 3406 3236 3478 ἅμα
3293 3403 3352 3460 δι
3402 3412 3491 3460 καὶ
3539 3409 3748 3480 ἐκφοϐεῖ
3791 3416 3906 3464 τού-

2308 3508 2447 3550 τους.
2495 3490 2640 3544 Ἐπεὶ
2695 3487 2753 3543 δε
2805 3491 3050 3564 εἰώθαμεν
3102 3493 3285 3564 λέγειν,
3335 3496 3415 3547 ὃτι
3456 3495 3515 3548 Ὀ
3565 3493 3710 3551 δεῖνα
3753 3498 3801 3551 ἐν
3840 3509 3901 3564 τῇ

2307 3576 2560 3650 μελλούσῃ
2629 3584 2801 3652 κρίσει
2861 3589 3159 3654 κατακρινεῖ
3225 3584 3386 3654 ἡμᾶς,
3440 3585 3546 3656 οὐχ
3596 3588 3658 3647 ὡς
3710 3586 3902 3640 ἐκείνου

2307 3669 2600 3738 κρίνοντος·
2642 3665 2713 3729 εἶς
2767 3671 2867 3740 γὰρ
2927 3678 3109 3743 κριτής
3168 3673 3369 3722 πάντων
3401 3673 3426 3724 6
3475 3679 3741 3746 Χριστός⁶
3793 3674 3899 3726 ἀλλ’

2307 3757 2376 3816 ὡς
2421 3763 2515 3814 τῆς
2569 3755 2758 3807 ἐκείνου
2816 3759 3046 3830 πράξεως
3095 3757 3143 3810 ἐν
3174 3768 3244 3829 τῷ
3301 3761 3741 3834 παρεξετάζεσθαι
3777 3769 3891 3825 ταῖς

2305 3844 2578 3916 ἡμετέραις
2677 3849 3140 3917 καταισχυνούσης
3225 3851 3357 3920 ἡμᾶς
3401 3867 3412 3878 ·
3492 3858 3549 3922 τῇ
3653 3853 3900 3924 συνηθείᾳ

2304 3933 2466 3989 ταύτῃ
2526 3938 2614 3984 καὶ
2674 3934 2699 3985 6
2765 3939 2990 4007 Χριστός
3053 3936 3397 3996 ἠκολούθησε.
3460 3939 3636 3992 Πλεῖον
3699 3937 3756 3993 δε
3813 3948 3902 3993 τοῦ

2307 4019 2453 4071 Ἰωνᾶ
2508 4017 2632 4086 ὧδε,
2701 4028 2850 4094 φησὶ,
2917 4023 3057 4076 ὀιοτι
3105 4027 3128 4077 ὁ
3185 4029 3273 4098 μὲν
3325 4027 3500 4090 Ἰωνᾶς
3567 4025 3628 4086 ἦν
3701 4025 3902 4100 δοῦλος,

2305 4110 2329 4159 ό
2363 4105 2420 4161 δὲ
2461 4114 2690 4181 Χριστός
2743 4117 3001 4173 Δεσπότης
3034 4131 3045 4143 '
3080 4119 3168 4166 καὶ
3207 4115 3231 4166 6
3263 4118 3352 4187 μεν
3410 4115 3464 4167 ἐκ
3521 4121 3714 4179 κήτους
3762 4118 3905 4182 ἐξῆλο

2305 4199 2407 4260 θεν,
2457 4197 2604 4260 οὗτος
2661 4197 2720 4250 ὁὶ
2768 4198 2820 4262 ἐξ
2859 4197 2991 4270 ᾅδου
3026 4219 3038 4232 ·
3083 4206 3170 4254 καὶ
3223 4205 3248 4255 6
3298 4207 3387 4276 μὲν
3441 4205 3578 4257 οἴκων
3637 4206 3902 4282 ἐκήρυξεν,

2303 4285 2447 4345 οὗτος
2495 4282 2553 4338 δε
2607 4287 2730 4338 ἑκών
2765 4306 2774 4317 ·
2806 4294 2894 4342 καὶ
2925 4291 2950 4341 6
2989 4294 3077 4361 μεν
3128 4291 3268 4354 ξένος
3318 4289 3400 4359 ἦν,
3451 4293 3600 4356 οὗτος
3651 4292 3710 4348 δε
3772 4315 3902 4369 συγ-

2301 4377 2452 4442 γενὴς
2499 4379 2633 4426 κατά
2681 4379 2852 4451 σάρκα
2881 4399 2893 4411 ·
2937 4384 3024 4430 καὶ
3071 4380 3096 4430 6
3147 4383 3235 4451 μὲν
3294 4387 3661 4455 καταστροφήν
3715 4382 3904 4457 ἐκήρυ-

2304 4461 2400 4524 ξεν,
2457 4458 2603 4524 οὗτος
2659 4461 2717 4517 δε
2769 4464 3041 4538 βασιλείαν
3095 4468 3320 4540 ούρανών
3355 4487 3366 4499 °
3421 4472 3566 4522 καὶὸ
3603 4474 3694 4544 μὲν
3750 4469 3901 4525 οὐδὲν

526 4536 848 4592 innumera
887 4534 1009 4589 :de
1058 4533 1156 4590 illo
1208 4535 1407 4591 nullus
1447 4537 1736 4608 praedixit,
1790 4538 1866 4594 de
1916 4540 2028 4594 isto
2060 4556 2187 4597 om-

2310 4558 2516 4622 σημεῖον
2567 4551 2824 4616 ἐποίησεν,
2881 4555 3030 4618 οὗτος
3084 4553 3142 4608 δε
3181 4563 3372 4631 μυρία⁶
3408 4564 3496 4611 καὶ
3535 4565 3651 4635 περὶ
3708 4559 3900 4614 ἐκείνου

525 4638 636 4679 nes
674 4622 1005 4695 prophetes.
1048 4621 1339 4679 Praeterea
1389 4625 1657 4681 Ninivitte
1711 4625 1952 4681 barbari
1996 4635 2186 4695 erant,

525 4710 720 4767 Judaei
743 4710 963 4766 divinis
993 4710 1220 4767 enutriti
1261 4711 1598 4785 Scripturis.
1633 4713 1700 4768 Et
1722 4714 1800 4768 illi
1831 4715 2078 4786 quidem
2107 4720 2192 4774 ni-

525 4799 607 4856 hil
640 4816 676 4854 a
702 4800 848 4855 Jona
877 4799 1190 4856 audierunt
1208 4805 1420 4872 praeter
1444 4803 1501 4856 id
1533 4806 1769 4856 tantum
1805 4819 1818 4869 ;
1851 4803 2190 4864 Adhuctres

527 4889 646 4945 dies
663 4893 718 4944 et
732 4887 1413 4956 Ninivesubvertetur”,
1429 4899 1483 4944 et
1496 4889 1691 4944 statim
1707 4889 1758 4944 ei
1771 4890 2152 4953 crediderunt
2173 4913 2186 4953 :

526 4977 620 5033 isti
649 4991 789 5032 vero
816 4977 1044 5034 variam
1073 4994 1111 5035 a
1148 4978 1377 5034 Christo
1415 4993 1484 5034 ac
1517 4975 2052 5048 profundissimam
2084 5001 2188 5042 au-

523 5067 752 5123 dierant
782 5066 1139 5133 doctrinam,
1173 5082 1282 5122 nec
1312 5065 1364 5122 ei
1395 5065 1794 5124 crediderunt.
1830 5069 2008 5130 Multa
2037 5089 2188 5146 quo-

597 5190 1066 5263 “Matth,xxvu,
1101 5194 1187 5255 62,
1218 5191 1312 5247 63.
1398 5192 1445 5226 ⁸³
1482 5193 1616 5248 Jon.
1652 5207 1730 5265 in,
1759 5193 1811 5251 4.

2299 4641 2389 4709 μὲν
2429 4635 2598 4700 οὐδεὶς
2639 4650 2886 4715 προεῖπε·
2921 4651 3037 4719 περὶ
3067 4649 3251 4698 τούτου
3290 4643 3348 4698 δε
3391 4650 3572 4710 πάντες
3615 4652 3664 4701 οἱ
3703 4660 3902 4725 προφῆ-

2299 4746 2385 4778 ται
2415 4745 2426 4756 ’
2475 4732 2562 4781 καὶ
2614 4732 2662 4782 οἱ
2714 4733 2804 4802 μεν
2852 4739 3118 4786 Νινευῖται
3174 4733 3434 4810 βάρϐαροι
3487 4735 3792 4809 ἐτύγχανον,
3851 4742 3902 4792 οἱ

2301 4811 2359 4868 δι
2409 4813 2680 4884 Ἰουδαῖοι,
2738 4827 2848 4881 ταῖς
2908 4823 3068 4883 θείαις
3121 4819 3255 4881 ἦσαν
3319 4824 3713 4900 ἑντεθραμμένοι
3771 4833 3902 4902 Γρα-

2299 4910 2455 4974 φαῖς·
2512 4903 2740 4958 κάκεῖνοι
2797 4911 2888 4980 μὲν
2944 4906 3094 4962 οὐδὲν
3171 4913 3314 4986 παρά
3382 4920 3475 4964 τοῦ
3543 4913 3691 4966 Ἰωνᾶ
3750 4915 3898 4969 πλέον

2299 4994 2550 5061 ἤκουσαν,
2627 4994 2670 5047 εἰ
2752 5000 2823 5068 μή
2895 5002 3085 5069 μόνον·
3143 4997 3261 5052 Ἔτι
3329 5009 3463 5075 τρεῖς
3518 5002 3632 5074 (96)
3709 5005 3902 5079 ἡμέραι

2297 5084 2387 5133 καὶ
2469 5084 2499 5140 ή
2585 5083 2698 5154 (97)
2778 5089 2957 5139 Νινευῖ
3031 5094 3550 5162 καταστραφήσεται,
3630 5096 3718 5145 καὶ
3819 5093 3901 5146 εύ-

1741 5347 1965 5418 Variae
1996 5350 2322 5425 lectiones
2362 5363 2430 5425 et
2466 5367 2670 5428 notae.

594 5513 712 5594 (95)_
738 5517 872 5571 Haec
903 5512 1172 5594 quinque
1203 5513 1498 5594 vocahula
1540 5516 1700 5575 solus
1749 5519 2072 5581 Hentenius
2112 5525 2172 5582 in

522 5583 794 5658 margine
826 5583 1169 5642 sui'codicis
1199 5585 1430 5659 repetit.

2358 5527 2473 5674 (96;
2503 5529 2584 5618 ita
2614 5528 2748 5588 LXX
2775 5548 2788 5588 :
2823 5531 2929 5591 sed
2952 5534 3013 5592 in
3037 5533 3327 5596 Hebraico
3353 5541 3443 5597 est
3477 5541 3895 5620 τεσσαράκοντα.

2363 5598 2450 5674 (97
2501 5619 2532 5660 η
2565 5600 2730 5659 abest
2756 5607 2826 5665 Α.

2363 5598 2472 5674 (97)
2501 5602 2532 5660 ὴ
2565 5600 2730 5659 abest
2756 5607 2826 5665 Α.
