4176 6478
235 353 341 416 389

1198 367 1568 432 COMMENT.
1607 365 1678 431 ΙΝ
1720 376 2154 435 ΜΑΤΤΗΑΞΗΜ.
2187 409 2255 418 -
2285 375 2446 434 CAP.
2484 372 2692 433 XXIII.

3485 377 3594 431 390

243 487 330 548 θὺς
353 485 666 542 έπίστευσαν
687 490 848 562 αὐτῷ,
873 498 962 546 καὶ
986 499 1304 567 μετενόησαν
1323 514 1336 527 ·
1355 497 1499 551 οὗτοι
1515 496 1551 552 δ
1554 504 1576 553 ‘r
1601 507 1844 556 παντοίαν

1976 519 2070 577 [ue
2109 507 2164 559 et
2200 502 2315 560 alia
2354 502 2617 559 invenire
2647 501 2997 575 poterimus,
3025 515 3162 574 qua
3193 502 3450 558 Christus
3482 518 3604 559 ma-

241 575 610 635 ἠνωτίσθησαν
640 583 784 653 παρὰ
811 589 904 634 τοῦ
930 589 1166 657 Χριστοῦ
1188 585 1612 659 φιλοσοφωτάτην
1651 586 1686 643 δ
1693 587 1748 643 ιδ
1752 611 1845 644 ασ-

242 662 445 732 καλίαν,
489 671 580 718 καὶ
630 668 722 720 οὐκ
766 667 1082 724 ἐπίστευσαν
1132 672 1297 743 αὐτῷ.
1351 681 1450 728 Καὶ
1500 677 1663 730 πολλὰ
1700 679 1847 752 ἕτερα

241 759 462 804 τοιαῦτα
493 754 725 827 εὕροιμεν
755 759 834 826 ἀν,
870 761 1062 830 έχοντα
1087 764 1144 812 τό
1181 763 1379 833 μεῖζον.

317 841 614 894 Βασίλισσα
653 875 718 885 -
775 842 898 901 ὧδε.
953 852 1117 900 Νότον
1166 849 1322 921 λέγει,
1377 854 1465 910 τὴν
1512 858 1714 928 χώραν.
1760 854 1844 927 ἀφ’

242 929 358 990 ﬁgo
390 933 533 989 νότος
588 937 746 1000 πνέει,
799 933 929 1004 λέγω
986 932 1053 993 δὴ
1105 941 1198 994 τὴν
1227 939 1527 1006 Αἰθιοπίαν,
1595 942 1654 999 ἣν
1709 943 1848 995 Σαϐὰ

241 1016 488 1075 κέκληκεν
527 1020 557 1076 ἡ
613 1025 764 1092 τρίτη
826 1021 1006 1094 βίϐλος
1061 1032 1160 1076 τῶν
1223 1026 1521 1082 Βασιλειῶν.
1571 1035 1748 1082 Κείται
1788 1027 1847 1083 δι

243 1108 272 1163 ἠ
352 1109 574 1164 τοιαύτη
639 1114 794 1182 χώρα
863 1109 911 1162 ἐν
974 1121 1046 1182 τῷ
1113 1117 1299 1188 πέρατι
1362 1124 1454 1178 τῆς
1522 1117 1840 1190 οἰκουμένης.

247 1193 429 1247 Πλεῖον
517 1192 576 1248 δε
648 1196 938 1270 Σολομῶνος
1015 1197 1138 1267 ὧδε,
1214 1208 1394 1274 φησὶν,
1477 1207 1559 1257 ὅτι
1618 1207 1846 1279 Σολομὼν

241 1285 332 1354 μὲν
390 1281 645 1354 βασιλεὺς
694 1282 753 1344 ἦν
824 1283 1090 1350 Ἰουδαίας
1141 1294 1304 1362 μόνης
1352 1309 1365 1322 ⁸
1409 1293 1434 1344 ὀ
1489 1290 1548 1345 δε
1592 1300 1843 1367 Χριστός,

243 1369 500 1443 βασιλεὺς
552 1373 770 1448 οὐρανοί)
821 1381 907 1427 καὶ
943 1385 1063 1447 γῆς.
1116 1383 1216 1432 Καὶ
1264 1379 1290 1431 ό
1347 1383 1436 1453 μεν
1477 1387 1596 1455 περὶ
1663 1389 1847 1456 σοφίας

244 1458 576 1532 ἀνθρωπίνης
629 1462 760 1535 αὐτῇ
813 1460 1068 1537 διελέχθη
1127 1488 1139 1500 ·
1191 1467 1340 1531 οὗτος
1383 1465 1441 1522 δε
1491 1475 1610 1546 περὶ
1662 1476 1848 1544 σοφίας

245 1549 386 1608 θείας
451 1547 671 1602 έποιεῖτο
711 1555 802 1613 τάς
849 1553 1079 1624 ὁμιλίας.
1156 1554 1307 1607 Οὕτω
1353 1564 1697 1630 παραστήσας
1746 1560 1846 1613 ἀπὸ

245 1640 572 1711 συγκρίσεως
627 1643 722 1697 την
780 1640 1065 1715 ὑπερϐολην
1093 1652 1185 1705 τῆς
1213 1649 1401 1707 κακίας
1448 1646 1638 1713 αὐτῶν,
1670 1649 1847 1702 λοιπόν

242 1725 484 1798 προλέγει
507 1723 599 1780 διὰ
638 1725 941 1802 πάραϐολῆς
968 1732 1035 1783 τά
1062 1731 1312 1803 μελλοντα
1335 1734 1637 1789 καταλαϐεῖν
1659 1737 1849 1800 αὐτοὺς

241 1833 382 1865 κακα
389 1857 402 1867 .

311 1901 478 1955 Ὀταν
504 1934 572 1944 -
603 1905 853 1978 εὑρίσκει.
893 1905 1178 1982 Ἀνύδρους
1203 1913 1394 1974 τόπους
1422 1910 1576 1984 λέγει,
1610 1916 1703 1968 τὰς
1723 1913 1848 1990 έρη-

240 1995 390 2062 μίας.
439 1991 597 2049 Δηλοῖ
626 1990 685 2046 δε
731 1998 825 2058 τὰς
856 2003 954 2048 τῶν
984 1995 1144 2068 ἁγίων
1171 1997 1373 2070 ψυχὰς,
1399 1999 1664 2074 μηδεμίαν
1687 2004 1850 2074 ὑγρό-

240 2099 384 2136 τητα
406 2083 605 2142 πάθους
649 2081 900 2154 ἐχούσας,
953 2083 1176 2157 έρήμους
1207 2083 1268 2140 δε
1292 2092 1381 2140 καὶ
1420 2091 1638 2160 ἀγόνους
1664 2097 1846 2152 κακίας

241 2169 614 2241 ὑπαρχούσας,
648 2169 721 2233 εἰς
743 2169 806 2234 ἃς
829 2171 921 2224 οὐκ
956 2174 1070 2245 ἔχει
1107 2174 1221 2245 (98)
1259 2173 1512 2248 πάροδον.

314 2346 446 2400 Τότε
476 2377 535 2384 —
561 2345 789 2408 εξῆλθον.
829 2345 982 2400 Οἷκον
1028 2348 1188 2402 αὐτοῦ
1231 2370 1380 2423 φησι,
1435 2355 1522 2404 τὸν
1561 2354 1847 2428 ἄνθρωπον,

244 2431 332 2503 ἀφ’
365 2433 427 2484 οὗ
454 2432 679 2500 ἐξῆλθεν,
712 2435 817 2507 οὐχ
857 2436 1002 2506 έκὼν,
1030 2436 1215 2491 ἀλλὰκε
1234 2439 1406 2492 λεύσει
1445 2449 1599 2496 Θεοῦ.

318 2524 425 2573 Καὶ
461 2551 522 2560 -—
553 2529 956 2597 κεκοσμημένον.
989 2532 1154 2579 Τοῦτο
1179 2526 1313 2598 λέγει
1345 2534 1460 2603 περὶ
1488 2539 1584 2582 τῶν
1617 2530 1850 2584 ἀπαλλα-

243 2612 439 2679 γέντων
461 2611 551 2680 μὲν
592 2618 684 2662 τοῦ
709 2609 977 2684 δαίμονος,
1012 2613 1065 2676 ἐξ
1094 2613 1408 2690 ἀπροσεξίας
1427 2614 1460 2670 δ
1464 2621 1484 2670 ι
1500 2624 1586 2670 καὶ
1617 2617 1852 2691 ἀμελείας

245 2696 658 2769 ε-ὖεπιχειρήτων
689 2699 845 2752 πάλιν
884 2706 974 2754 καὶ
1000 2702 1265 2755 εὐαλώτων
1290 2713 1360 2775 τῷ
1400 2701 1632 2778 δαίμονι.
1666 2708 1852 2778 Εὑρίσ-

243 2805 321 2837 κει
358 2786 473 2856 (99)
491 2783 570 2853 δὲ,
604 2794 753 2858 φησὶ,
775 2792 861 2840 τὸν
888 2796 1136 2864 πρότερον
1163 2789 1301 2844 οἶκον
1334 2791 1493 2847 αὐτοῦ
1523 2795 1855 2867 σχολάζοντα

244 2877 337 2924 καὶ
369 2877 514 2925 κενόν
544 2874 698 2946 ἁγίου
729 2880 1022 2950 Πνεύματος
1047 2883 1076 2938 ἦ
1103 2879 1388 2954 ἀρετῆς,ἷτι
1416 2879 1474 2935 δε
1493 2890 1852 2957 σεσαρωμένον

245 2965 336 3013 καὶ
369 2965 774 3037 κεκαθαρμένον,
813 2972 1102 3034 τουτέστιν,
1161 2969 1566 3042 ηὗτρεπισμένον
1611 2973 1683 3035 εἰς
1710 2975 1849 3026 ὑπο-

247 3046 282 3101 δ
285 3054 429 3121 οχὴν
451 3051 632 3104 αὐτοῦ·
652 3058 732 3106 ναὶ
759 3059 884 3126 μὴν,
898 3060 988 3108 καὶ
1007 3063 1414 3130 κεκοσμημένον,
1437 3063 1620 3132 ἤγουν,
1641 3066 1853 3136 τερπνόν

244 3158 416 3190 αυτω.

315 3231 452 3280 Τότε
483 3258 548 3269 -
582 3227 701 3284 ἐκεῖ.
733 3236 1080 3306 Πονηρότερα,
1106 3233 1220 3287 ἀντὶ
1239 3243 1349 3301 τοῦ,
1378 3235 1701 3313 ἰσχυρότερα
1723 3242 1857 3312 πρὸς

244 3316 323 3386 (1)
373 3320 435 3368 τό
468 3327 786 3374 κακοποιεῖν.
821 3317 1030 3375 Δέδοικε
1066 3325 1164 3397 γὰρ
1217 3324 1480 3390 εἰσελθεῖν,
1521 3331 1738 3398 μήποτε,
1790 3330 1856 3389 ὡς

243 3411 405 3477 μόνον
436 3410 526 3458 καὶ
557 3404 785 3474 ἀσθενὲς,
809 3411 962 3461 πάλιν
993 3409 1244 3485 ἁπελαθῇ.
1279 3413 1442 3466 Ἐπτὰ
1481 3411 1539 3466 δε
1561 3414 1754 3479 ἁπλῶς,
1790 3418 1856 3468 τὰ

244 3494 416 3546 πολλά
445 3514 604 3566 φασιν
635 3497 684 3548 οἱ
705 3495 960 3570 Ἑϐραῖοι.

323 3581 444 3654 [Ἶί
600 3588 822 3659 πονηρόν
868 3594 1090 3659 πνεῦμα,
1144 3592 1540 3662 παραληπτικόν
1580 3597 1679 3642 τῶν
1729 3591 1856 3646 ἐπτὰ

244 3675 609 3745 πονηροτέρων
653 3673 812 3725 αὐτοῦ
842 3679 1162 3748 πνευμάτων,
1215 3679 1356 3730 ἔστιν
1405 3679 1430 3729 6
1471 3677 1722 3751 λογισμὸς
1760 3689 1853 3744 τῆς

243 3766 704 3834 γαστριμαργίας,
821 3764 996 3816 ἕπεται
1053 3766 1078 3817 6
1132 3774 1222 3826 τῆς
1251 3771 1506 3840 πορνείας,
1556 3773 1645 3819 καὶ
1697 3770 1722 3820 ό
1763 3779 1854 3831 τῆς

247 3849 624 3923 φιλαργυρίας,
653 3852 792 3903 καὶὸ
843 3860 933 3913 τῆς
977 3852 1156 3928 ὀργῆς,
1191 3859 1280 3906 καὶ
1324 3857 1348 3906 6
1375 3863 1464 3916 τῆς
1489 3855 1674 3920 λύπης,
1711 3863 1798 3910 καὶ
1829 3859 1856 3910 6

243 3944 345 3998 τῆς
377 3933 629 4005 ἀκηδίας,
662 3944 750 3992 καὶ
781 3941 806 3993 6
837 3949 928 4002 τῆς
956 3939 1274 4010 κενοδοξίας,
1298 3948 1387 3996 καὶ
1420 3946 1444 3996 6
1473 3953 1569 4006 τῆς
1593 3947 1857 4019 ὑπερηφα-

244 4031 378 4087 νίας.
417 4026 435 4097 ]

328 4120 434 4168 Καὶ
462 4145 529 4155 —
559 4121 795 4190 πρώτων.
833 4121 1087 4192 Πρότερον
1112 4122 1202 4192 μὲν
1229 4123 1332 4196 γὰρ
1364 4121 1448 4194 ὑφ’
1473 4121 1578 4186 ἐνος
1609 4118 1858 4196 δαίμονος

250 4201 616 4265 έϐασανιζετο·
652 4205 866 4280 ὕστερον
891 4203 926 4258 δ
929 4210 967 4277 ὲ,
990 4207 1089 4260 ὑπό
1110 4207 1332 4266 πολλῶν.

328 4293 516 4353 Οὕτως
575 4324 638 4333 -
696 4301 916 4369 πονηρᾷ.
987 4295 1186 4370 Ὠσπερ
1241 4300 1290 4350 οἱ
1339 4294 1706 4370 δαιμονῶντες,
1766 4321 1860 4372 φη-

252 4385 364 4451 σὶν,
395 4381 518 4432 ὁταν
567 4380 911 4454 ἁπαλλαγῶσι
953 4392 1045 4436 τοῦ
1086 4381 1352 4457 δαίμονος,
1401 4385 1484 4439 ἐὰν
1532 4386 1857 4460 ἀμελήσωσι,

1956 594 2084 665 jora
2121 592 2346 650 habuit.

2023 843 2182 897 Vers.
2202 843 2290 896 42.
2317 840 2547 910 Regina
2568 869 2634 880 -
2657 841 2765 896 hoc
2797 841 2938 896 loco.
2961 840 3236 896 Austrum
3263 838 3402 894 dicit
3423 840 3603 908 regio-

1953 945 2089 986 nem
2116 946 2152 986 a
2181 945 2301 1002 qua
2327 929 2427 984 ﬂat
2451 936 2667 992 auster,
2697 928 2827 984 dico
2850 944 2987 983 sane
3015 927 3396 998 Ethiopiam,
3423 944 3605 1000 quam

1956 1019 2112 1076 Saba
2141 1018 2371 1074 vocavit
2395 1018 2593 1072 tertius
2621 1020 2840 1086 Regum
2866 1015 3032 1072 liber.
3063 1017 3131 1070 ὀ.
3163 1017 3282 1071 Sita
3299 1021 3388 1072 est
3409 1025 3605 1072 autem

1951 1108 2082 1164 hac
2110 1093 2272 1179 regio
2305 1107 2379 1162 ad
2412 1107 2592 1162 tinem
2622 1108 2783 1162 orbis
2817 1105 3175 1162 habitabilis.
3205 1106 3364 1170 Plus,
3397 1105 3606 1178 inquit,

1953 1197 2160 1253 esthoc
2181 1196 2304 1252 loco
2324 1212 2498 1268 quam
2520 1196 2816 1252 Solomon.
2833 1197 2979 1251 Nam
3003 1195 3282 1250 Solomon
3305 1193 3486 1250 solius
3512 1195 3608 1248 Ju-

1953 1284 2100 1342 daa
2127 1300 2228 1341 rex
2255 1289 2398 1351 erat,
2432 1284 2696 1340 Christus
2729 1299 2870 1340 vero
2894 1299 2998 1339 rex
3026 1283 3157 1339 cali
3191 1287 3245 1338 et
3275 1289 3468 1340 terra.
3511 1283 3608 1339 Ille

1953 1373 2029 1430 de
2060 1373 2355 1446 sapientia
2379 1373 2648 1429 humana
2678 1373 2795 1445 ipsi
2821 1372 3116 1443 disseruit;
3145 1371 3241 1428 hic
3264 1373 3339 1427 de
3366 1372 3611 1444 sapien-

1954 1462 2035 1519 tia
2072 1462 2277 1519 divina
2318 1477 2625 1518 sermones
2657 1461 2886 1517 habuit.
2931 1461 3250 1533 Postquam
3292 1461 3376 1517 ita
3413 1461 3609 1532 parvi-

1956 1550 2089 1606 tatis
2129 1550 2365 1607 illorum
2405 1565 2718 1605 excessum
2758 1566 2794 1605 a
2832 1550 3283 1621 comparatione
3323 1548 3609 1605 demons-

1957 1640 2152 1706 travit,
2185 1639 2450 1711 pradicit
2480 1639 2762 1709 deinceps
2802 1652 2908 1710 per
2934 1638 3288 1710 parabolam
3332 1653 3466 1710 qua
3510 1653 3611 1695 eos

1958 1728 2468 1801 comprehensura
2489 1731 2688 1784 essent
2718 1727 2901 1784 mala.

2031 1907 2172 1960 Vers
2226 1908 2314 1960 43.
2366 1904 2505 1962 Cum
2550 1935 2616 1945 —
2643 1905 2885 1960 invenit.
2918 1903 3154 1959 Arentia
3185 1903 3320 1960 loca
3347 1903 3485 1960 dicit
3515 1903 3612 1960 de-

1961 1999 2137 2050 serta.
2175 1993 2480 2063 Signiﬁcat
2511 1998 2711 2049 autem
2737 1995 3087 2048 sanctorum
3104 1992 3360 2057 animas,
3378 1992 3611 2050 nullum

1959 2081 2294 2139 affectionis
2325 2081 2638 2138 humorem
2671 2080 2976 2147 habentes,
3001 2096 3135 2152 qua
3161 2082 3340 2138 etiam
3371 2081 3613 2139 deserta

1961 2176 2114 2236 sunt,
2147 2185 2258 2227 nec
2289 2168 2464 2226 ullius
2511 2169 2633 2225 vitii
2681 2169 2972 2234 fecunda,
3022 2168 3086 2238 (-l-
3114 2171 3155 2238 -ι-
3187 2169 3266 2226 ad
3303 2185 3457 2241 quas
3489 2185 3612 2226 non

1962 2258 2147 2317 habet
2175 2259 2448 2330 aditum.)

2030 2349 2189 2404 Vers.
2203 2347 2270 2404 44
2283 2392 2297 2404 .
2324 2348 2483 2402 Τιιηο
2499 2377 2567 2387 -
2587 2347 2758 2403 exivi.
2781 2345 3034 2401 Domum
3049 2360 3219 2402 suam
3237 2351 3408 2403 vocat
3425 2347 3616 2404 homi-

1959 2451 2099 2494 nem
2115 2453 2148 2492 ο
2161 2452 2284 2510 quo
2300 2451 2576 2508 egressus
2593 2440 2680 2491 est
2698 2451 2815 2491 non
2832 2437 3039 2494 volens
3051 2475 3064 2498 ,
3080 2438 3184 2493 sed
3202 2439 3372 2508 jussu
3385 2435 3612 2493 divino.

2032 2527 2194 2580 Vers.
2234 2527 2327 2581 44.
2369 2527 2505 2580 Et—
2536 2530 2827 2581 ornatam.
2862 2525 2942 2582 De
2984 2528 3250 2584 liberatis
3279 2543 3314 2582 a
3344 2527 3616 2582 damone

1959 2612 2075 2670 hoc
2102 2613 2268 2679 dixit,
2299 2614 2402 2686 qui
2434 2612 2505 2668 ob
2545 2613 2856 2682 segnitiem
2887 2631 2958 2672 ac
2996 2616 3419 2687 negligentiam
3450 2614 3615 2671 facile

1960 2717 2166 2758 rursus
2193 2718 2230 2758 a
2259 2703 2534 2758 damone
2560 2701 2918 2759 invaduntur
2935 2710 2990 2760 ct
3009 2707 3342 2778 capiuntur.
3368 2703 3614 2769 Invenit,

1961 2790 2174 2863 inquit,
2197 2790 2449 2861 priorem
2467 2789 2721 2846 domum
2748 2807 2922 2848 suam
2945 2801 3259 2850 vacantem
3281 2809 3347 2848 ac
3360 2809 3616 2849 vacuam

1963 2879 2180 2952 Spiritu
2215 2885 2422 2936 sancto
2454 2895 2558 2934 seu
2588 2881 2832 2950 virtute;
2861 2890 3151 2952 praterea
3181 2883 3379 2954 scopis
3411 2897 3621 2953 purga-

1961 2974 2083 3024 tam
2121 2973 2178 3024 et
2216 2967 2589 3031 mundatam,
2621 2967 2737 3023 hoc
2767 2973 2856 3024 est
2909 2970 3264 3028 instructam
3305 2971 3382 3026 ad
3437 2970 3622 3040 ipsius

1963 3057 2401 3129 susceptionem
2423 3072 2436 3111 :
2455 3057 2698 3129 insuper
2714 3063 2769 3113 et
2779 3064 3054 3117 ornatam
3069 3062 3192 3116 sive
3208 3059 3619 3116 delectabilem

1885 3121 1925 3176 C
1965 3145 2100 3201 sibi.

2034 3233 2200 3289 Vers.
2223 3232 2314 3288 45.
2345 3231 2682 3288 Tunc—ibi.
2709 3233 3144 3302 Sceleratiores,
3163 3236 3278 3292 hoc
3294 3240 3402 3300 est,
3436 3235 3622 3291 fortio-

1964 3334 2057 3376 res
2073 3320 2150 3377 ad
2171 3319 2700 3376 malefaciendum.
2717 3321 3105 3377 Timuitenim
3120 3322 3369 3394 ingredi,
3391 3337 3462 3377 ne
3476 3322 3620 3378 forte

1962 3413 2247 3478 tanquam
2274 3406 2440 3462 solus
2467 3421 2538 3460 ac
2559 3406 2870 3462 imbecillis
2894 3423 3103 3462 rursus
3127 3409 3455 3478 ejiceretur.
3480 3407 3622 3479 Sep-

1964 3500 2105 3561 tem,
2135 3509 2275 3551 vero
2308 3494 2535 3550 Hebrai
2561 3495 2902 3565 simpliciter
2929 3511 3034 3568 pro
3065 3496 3266 3552 multis
3298 3496 3618 3568 accipiunt.

2034 3585 2078 3655 -ι-
2109 3583 2359 3656 Spiritus
2390 3583 2584 3639 malus
2613 3584 2715 3656 qui
2747 3585 2999 3640 assumit
3037 3591 3264 3658 septem
3295 3585 3529 3657 spiritus
3559 3602 3624 3642 se

1966 3671 2397 3737 sceleratiores,
2430 3677 2521 3728 est
2539 3673 2819 3743 cogitatio
2845 3673 3274 3745 gastrimargia
3294 3674 3418 3730 sive
3445 3673 3621 3744 gula,

1965 3777 2150 3833 quam
2184 3768 2513 3834 sequuntur
2551 3761 2830 3832 cogitatio
2870 3761 3300 3830 fornicationis,
3339 3763 3622 3829 avaritia,

1965 3849 2222 3917 invidia,
2251 3851 2371 3918 ira,
2403 3850 2649 3908 tristitia
2679 3851 2800 3907 sive
2830 3851 3100 3924 pigritia,
3143 3868 3311 3910 vana
3341 3852 3544 3925 gloria
3572 3858 3627 3909 et

1966 3939 2284 4012 superbia.

2039 4119 2198 4174 Vers.
2215 4116 2304 4172 45.
2323 4118 2706 4186 Et-primis.
2729 4118 2894 4174 Prius
2917 4119 3076 4175 enim
3100 4120 3178 4176 ab
3204 4136 3325 4177 uno
3351 4121 3626 4177 damone

1967 4205 2422 4278 torquebantur,
2452 4206 2843 4276 postmodum
2870 4222 3010 4263 vero
3036 4223 3072 4262 a
3101 4207 3322 4263 multis.

2038 4294 2200 4348 Vers.
2239 4293 2327 4350 45.
2367 4293 2468 4349 Sic
2498 4325 2566 4334 —
2595 4309 2902 4364 perversa.
2947 4295 3111 4350 Sicut
3149 4295 3251 4361 qui
3284 4311 3320 4350 a
3349 4294 3628 4352 damone

1969 4380 2182 4454 inquit,
2210 4379 2610 4452 agitabantur,
2635 4383 2682 4438 si
2708 4387 3030 4454 postquam
3052 4381 3127 4436 ab
3153 4397 3224 4438 eo
3244 4381 3478 4438 liberati
3499 4381 3630 4439 fue-

247 4468 631 4542 χαλεπωτέραν
697 4472 1012 4542 ὑφίστανται
1070 4478 1162 4532 τὴν
1221 4473 1485 4548 ἐπήρειανο
1552 4477 1716 4537 οὕτως
1776 4479 1853 4529 ἔσ-

1976 4446 2107 4536 ιιὶηἰ,
2161 4468 2527 4541 negligentes
2585 4446 2730 4538 sint,
2773 4446 2946 4526 facile
3000 4485 3202 4526 rursus
3250 4470 3628 4527 vexationem

248 4575 346 4608 ται
385 4562 476 4609 καὶ
509 4566 568 4630 τῇ
622 4566 770 4632 γενεᾲ
796 4563 960 4618 ταύτη
993 4569 1056 4634 τῇ
1091 4559 1297 4634 ἀπίστῳ
1326 4567 1416 4615 καὶ
1465 4562 1664 4616 ἀπειθεί
1712 4582 1723 4593 ·
1775 4567 1865 4617 καὶ

251 4650 420 4707 ὅντως
477 4645 640 4708 οὕτως
705 4647 836 4721 αὐτῇ
900 4647 1108 4707 συνέϐη.
1176 4655 1430 4725 Πρότερον
1501 4654 1590 4724 μὲν
1651 4655 1752 4726 γὰρ
1818 4653 1868 4705 οἱ

253 4730 518 4787 Ἰουδαῖοι
547 4739 855 4808 κατείχοντο
909 4732 1182 4810 δαίμοσιν,
1239 4734 1728 4812 εἰδωλολατροῦντες
1779 4733 1868 4793 καὶ

256 4825 464 4883 θύοντες
512 4825 592 4895 (3)
644 4829 764 4887 τοὺς
834 4827 980 4888 υἱοὺς
1030 4826 1196 4878 αὐτῶν
1263 4831 1354 4880 καὶ
1405 4831 1498 4890 τὰς
1559 4831 1866 4903 θυγατέρας.

257 4911 673 4984 ’Δπηλλάγησαν
733 4911 792 4967 δε
838 4917 1056 4984 τούτων,
1105 4911 1200 4968 διὰ
1240 4923 1342 4967 τῶν
1393 4925 1692 4992 προφητῶν.
1730 4916 1872 4971 Ἐπεὶ

257 4997 322 5054 δὲ
351 5001 623 5074 ἠμέλησαν
655 5010 751 5065 τῆς
800 5003 994 5066 οἰκείας
1045 5008 1324 5080 σωτηρίας,
1381 5010 1469 5059 καὶ
1517 5009 1602 5058 τὸν
1657 5013 1872 5080 Σωτῆρα

335 5128 385 5164 ὀ
426 5127 495 5183 IlI
533 5128 681 5199 Reg.
714 5144 774 5195 x,
820 5130 867 5184 t.

1975 4559 2304 4618 sustinent:
2349 4559 2430 4615 ita
2478 4559 2585 4616 erit
2619 4565 2676 4616 et
2711 4561 3075 4630 generationi
3138 4560 3281 4617 huic
3311 4559 3630 4619 incredula

1977 4655 2034 4708 et
2069 4647 2558 4722 impersuadibili.
2608 4651 2675 4705 Et
2719 4663 2858 4705 vere
2902 4648 2979 4705 ita
3016 4648 3099 4705 illi
3139 4648 3404 4720 contigit.
3459 4650 3630 4707 Prius

1978 4739 2277 4812 siquidem
2307 4737 2490 4794 Judai
2522 4737 2905 4794 damonibus
2936 4738 3341 4808 agitabantur,
3375 4739 3632 4796 colentes

1979 4827 2373 4898 idola,eisque
2396 4825 2551 4881 ﬁlios
2575 4841 2717 4882 suos
2740 4840 2807 4882 ac
2828 4825 2980 4882 ﬁlias
3001 4827 3414 4883 immolantes:
3439 4827 3514 4883 ab
3540 4827 3633 4884 his

1980 4921 2180 4971 autem
2203 4929 2306 4986 per
2335 4914 2662 4986 prophetas
2688 4913 2921 4971 liberati
2935 4918 3092 4970 sunt.
3124 4914 3236 4971 Sed
3258 4914 3403 4987 quia
3425 4914 3634 4972 salutis

1979 5003 2229 5061 domum
2292 5002 2363 5076 (j)
2423 5002 2832 5074 neglexerunt,
2901 5018 3200 5076 suumque
3266 5002 3632 5062 Salvatorem

1482 5228 1708 5300 Varia
1749 5228 2072 5298 lectiones
2107 5235 2173 5296 et
2217 5234 2420 5297 nota.

337 5367 453 5450 (98)
493 5365 721 5450 πρόοδον
771 5371 842 5430 Α.
902 5369 988 5428 Ab
1057 5370 1128 5434 εἰς
1177 5370 1258 5430 ad
1305 5369 1537 5446 πάροδον
1594 5371 1875 5430 omiserat

261 5442 616 5497 Bentenius.

336 5511 454 5587 (99)
491 5507 553 5565 δέ
579 5511 798 5570 omittit
827 5513 888 5569 Β.

2170 5438 2403 5496 Inclusa
2431 5438 2493 5511 in
2522 5453 2714 5511 marg.
2746 5438 2931 5498 habet
2958 5441 3027 5498 A.

2081 5370 2131 5496 ίζ
2171 5370 2244 5432 εἰς
2270 5385 2382 5496 Pro
2408 5373 2531 5450 πρός
2561 5369 2636 5424 Α.

2075 5443 2109 5494 2
2170 5444 2268 5496 Inc
2296 5456 2403 5496 usa
2431 5455 2493 5495 ll]
2522 5455 2636 5496 mai

2051 5371 2131 5584 31;
2171 5371 2244 5432 εἰς
2270 5385 2382 5496 Pro
2408 5373 2531 5450 πρός
2561 5371 2628 5424 Α.

2075 5443 2109 5494 2
2170 5444 2268 5496 Inc
2296 5456 2403 5496 usa
2431 5455 2493 5495 in
2522 5455 2628 5496 mat

2075 5517 2128 5582 3)
2161 5511 2336 5574 αὐτοῖς
2367 5510 2534 5569 addit
2561 5513 2628 5569 Α.

343 5636 422 5711 (i)
448 5637 906 5696 Salutisdomum
939 5638 1398 5700 Salutemsuam.
1429 5641 1566 5700 Sine
1591 5641 1822 5700 videtur
1843 5625 2053 5713 legisse
2084 5638 2274 5700 οἰκίας.
