4176 6420
591 341 687 414 391
1901 355 2249 416 EUTHYMII
2290 343 2624 422 ZIGABENI
3838 359 3962 427 εδοξε

585 487 948 552 occiderunt,
971 487 1136 542 facile
1175 503 1382 542 rursus
1406 502 1442 542 a
1463 486 1842 544 daemonibus
1865 485 2020 558 capti
2055 489 2190 539 sunt
2218 499 2230 538 :

2344 485 2535 538 ἑαυτῶν
2593 487 2804 555 ἀνεῖλον,
2861 491 3246 566 εὐεπιχείρητοι
3321 499 3570 566 γεγόνασι
3649 503 3754 555 τοῖς
3821 491 3959 549 δαί-

587 575 840 646 ideoque
861 574 1247 642 insanientes,
1262 581 1578 632 moverunt
1594 577 1879 633 adversus
1901 590 1964 631 se
1981 573 2233 629 invicem

2343 593 2469 645 μοσι
2508 577 2677 631 πάλιν.
2723 583 2809 631 Διὸ
2861 586 2950 632 καὶ
2993 588 3232 653 μανέντες
3294 583 3614 636 ἐστασίασαν
3672 587 3790 636 κατ’
3853 583 3958 637 ἁλ-

583 664 921 728 seditiones,
991 664 1380 737 aedibusque
1458 681 1581 720 suae
1649 665 1844 737 gentis
1919 663 2232 720 hominum

2342 662 2526 729 λήλων,
2616 673 2704 718 καὶ
2795 667 3048 740 ἔμφυλίων
3131 681 3338 743 σφαγῶν
3434 678 3528 730 τὴν
3606 672 3959 745 Ἰερουσαλὴμ.

581 751 986 824 Hierosolyma
1010 753 1426 825 impleverunt,
1461 759 1636 824 prout
1663 753 1892 825 scripsit
1914 751 2230 823 Josephus.

2345 751 2645 817 ἐνέπλησαν,
2699 759 2763 816 ὡς
2835 759 3085 819 Ἰώσηπος
3136 763 3401 832 ἱστόρησε.
3453 767 3552 814 Καὶ
3614 761 3793 813 λοιπὸν
3841 760 3959 834 ἕγέ-

582 841 644 894 Et
693 841 819 911 jam
859 841 1025 897 facta:
1067 849 1204 898 sunt
1243 843 1584 899 novissimae
1620 858 1828 898 eorum
1868 841 2231 897 calamitates

2344 859 2488 892 νοντο
2540 845 2593 893 αἰ
2650 846 2874 914 ἔσχαται
2953 854 3214 921 συμςιοραὶ
3267 851 3432 900 αὐτῶν
3497 848 3784 923 βαρύτεραι
3845 860 3959 902 τῶν

582 930 885 999 graviores
923 930 1243 1001 prioribus.
1276 934 1421 986 Nam
1456 947 1591 1002 quae
1631 931 1746 986 sub
1778 929 2142 1002 Vespasiano
2180 932 2231 982 et

2346 929 2723 1003 πρεσϐυτέρων.
2769 937 2846 986 Τὰ
2890 938 2990 1008 γὰρ
3042 939 3139 989 ὑπὸ
3193 939 3592 990 Οὐεσπασιανοῦ
3639 943 3727 990 καὶ
3788 944 3957 992 Τίτου

580 1018 704 1074 Tito
744 1020 903 1090 passi
955 1024 1113 1084 sunt,
1165 1019 1341 1088 longe
1382 1019 1814 1074 miserabiliora
1844 1018 2080 1075 fuerunt
2120 1015 2229 1091 hisl

2348 1016 2684 1088 ἐπενεχθέντα
2741 1023 2932 1092 αὐτοῖς,
3005 1025 3170 1094 πολλῷ
3227 1026 3567 1100 χαλεπώτερα
3649 1036 3750 1078 τῶν
3829 1025 3959 1081 κατ’

581 1122 717 1178 quae
747 1107 826 1163 ab
856 1109 1150 1180 Egyptiis
1180 1113 1236 1165 et
1264 1107 1598 1180 Babyloniis
1638 1123 1708 1164 ac
1738 1107 2024 1163 Antiocho
2068 1105 2230 1160 susti-

2350 1111 2632 1179 Αἴγυπτον,
2696 1116 2786 1164 καί
2845 1116 2979 1164 κατὰ
3058 1113 3349 1180 Βαϐυλῶνα,
3423 1120 3512 1166 καὶ
3583 1118 3718 1168 κατὰ
3780 1115 3951 1170 ’Δντί-

579 1202 853 1252 nuerant.

845 1239 853 1251 .
2349 1215 2494 1267 οχον.

652 1285 788 1341 Ideo
809 1286 989 1341 etiam
1025 1287 1289 1342 Christus
1320 1286 1583 1342 dicebat:
1608 1286 1744 1341 Erit
1763 1284 2002 1354 afflictio
2035 1296 2238 1353 magna

2420 1289 2506 1338 Διὸ
2558 1292 2646 1339 καὶ
2715 1291 2739 1339 6
2801 1293 3026 1363 Χριστὸς
3100 1290 3281 1362 ΰιεγεν·
3355 1291 3547 1345 Ἔσται
3629 1293 3798 1364 θλῐψις
3863 1293 3942 1364 (4)

578 1375 763 1444 qualis
789 1390 1093 1446 nunquam
1117 1376 1226 1446 fuit
1251 1391 1416 1447 neque
1438 1377 1549 1432 erit
1582 1377 1652 1432 ’1.
1672 1374 1836 1430 Dicta
1861 1374 2037 1445 igitur
2066 1385 2227 1444 para-

2347 1375 2568 1446 μεγάλη,
2611 1378 2693 1427 ὃια
2762 1375 3008 1430 οὐδέποτε
3063 1384 3286 1450 γέγονεν,
3343 1377 3459 1432 οὐδ’
3510 1381 3568 1433 ού
3622 1386 3694 1453 μὴ
3771 1385 3940 1438 ἔσται,

576 1462 719 1518 bola
749 1478 858 1519 nos
887 1479 1127 1536 quoque
1161 1465 1467 1530 docemur,
1519 1463 1684 1536 quod
1714 1465 1970 1536 quisque
2013 1479 2047 1517 a
2077 1459 2225 1516 male

2349 1466 2443 1515 Διά
2494 1473 2588 1526 τῆς
2635 1467 2882 1538 ῥηθείσης
2937 1463 3023 1518 οὖν
3076 1468 3375 1541 παραϐολῆς
3421 1475 3509 1522 καὶ
3557 1473 3701 1542 ἡμεῖς
3751 1473 3947 1542 μανθά-

579 1551 862 1607 liberatus
885 1557 992 1620 est,
1019 1568 1128 1608 nec
1160 1553 1368 1608 melior
1394 1552 1665 1619 efficitur,
1688 1551 1902 1608 duram
1925 1548 2228 1606 sustinebit

2347 1573 2514 1624 νομεν,
2549 1556 2624 1605 ὁτι
2655 1561 2750 1614 πᾶς
2782 1557 2806 1606 ό
2862 1555 3175 1627 ἀπαλλαγεὶς
3229 1566 3412 1622 κακοῦ,
3471 1564 3559 1610 καὶ
3611 1564 3682 1630 μὴ
3733 1558 3944 1632 βελτιω-

579 1639 863 1696 ultionem
903 1657 916 1695 :
953 1648 1007 1696 et
1035 1641 1086 1696 ei
1111 1643 1215 1713 qui
1243 1647 1570 1713 postquam
1597 1656 1632 1696 a
1659 1646 1900 1712 peccato
1931 1638 2228 1710 tyrannica

2351 1643 2475 1707 θεὶς,
2541 1643 2768 1713 μεγάλην
2834 1645 3190 1702 ὑποστησεται
3241 1652 3510 1720 τιμωρίαν,
3557 1652 3646 1699 καὶ
3688 1656 3759 1718 τῷ
3812 1651 3941 1719 μετὰ

579 1729 839 1802 primum
870 1731 1210 1801 imperante
1231 1730 1514 1785 liberatus
1543 1735 1634 1785 est
1662 1745 1868 1784 rursus
1893 1727 1971 1783 illi
1999 1742 2126 1782 sese
2147 1741 2228 1782 ac.

2292 1785 2314 1809 ⁵
2350 1735 2442 1788 τὴν
2498 1729 2782 1804 ἐλευθερίαν
2860 1741 2952 1793 τῆς
3025 1738 3377 1805 τυραννούσης
3445 1735 3699 1809 ἁμαρτίας
3773 1737 3941 1789 εὐεπί-

579 1835 749 1875 cessu
781 1819 1014 1874 facilem
1057 1818 1296 1891 praebet,
1330 1819 1607 1875 miserior
1636 1819 1742 1874 erit
1780 1817 2069 1890 posterior
2105 1830 2228 1871 con.

2399 1785 2407 1788 ⁷
2667 1785 2675 1804 Ι
2905 1785 2951 1793 ’⁵
3089 1785 3097 1805 Ι
3225 1785 3228 1786 ⁷
3291 1785 3296 1786 ⁷
3332 1785 3376 1796 ’⁸
3451 1785 3698 1809 ΫᾸΠῨῨΓή””
3775 1785 3911 1789 ⁷““’“’

2282 1785 2317 1839 Β
2351 1818 2504 1870 ϐατον
2571 1820 2720 1871 πάλιν
2785 1821 2915 1892 αὐτῇ
2985 1821 3164 1873 ἑαυτὸν
3228 1830 3530 1890 ποιήσαντι,
3599 1826 3931 1895 χαλεπωτέρα

579 1908 881 1964 damnatio
908 1909 1122 1979 priore.
1150 1908 1271 1964 Hac
1299 1909 1457 1964 enim
1478 1922 1663 1964 causa
1684 1906 1835 1962 dixit
1855 1906 2115 1962 Christus
2137 1918 2228 1976 pa-

2351 1917 2443 1969 τῆς
2475 1913 2722 1982 προτέρας
2773 1907 3066 1970 καταδίκης
3109 1913 3137 1968 ἡ
3168 1915 3296 1982 μετὰ
3321 1919 3490 1964 τοῦτο·
3528 1917 3614 1964 Διά
3643 1919 3806 1964 ταῦτα
3833 1915 3930 1986 γὰρ

579 1996 829 2068 ralytico
854 2013 866 2050 :
891 1995 1029 2052 Ecce
1054 2012 1230 2052 sanus
1269 1996 1468 2065 factus
1500 2011 1554 2052 es
1583 2011 1701 2052 non
1729 2009 1920 2067 pecces
1949 1994 2228 2062 deinceps,

2350 2002 2438 2048 καὶ
2464 2002 2594 2071 πρός
2622 2001 2706 2049 τὸν
2735 1998 3028 2069 παροίλυτον
3073 1997 3202 2052 εἶπεν
3259 2002 3284 2052 6
3336 2006 3579 2075 Χριστόςσ
3628 1998 3756 2065 Ἰδε,
3786 2003 3940 2072 ύγιὴς

579 2101 649 2142 ne
672 2086 818 2156 quid
841 2085 1095 2142 deterius
1129 2084 1236 2142 tibi
1265 2085 1569 2156 contingat
1598 2087 1666 2138 η.

2347 2086 2564 2157 γέγονας
2591 2104 2602 2116 ·
2636 2091 2823 2158 μηκέτι
2853 2087 3132 2162 ἁμάρτανε,
3169 2091 3249 2140 ἱνα
3275 2093 3346 2161 μὴ
3376 2095 3554 2164 χεῖρόν
3602 2095 3653 2142 τί
3687 2109 3772 2142 σοι
3795 2093 3942 2162 γένη·

2349 2194 2453 2228 ται.

651 2265 811 2319 Vers.
863 2264 948 2328 46,
1004 2266 1090 2318 47.
1149 2261 1357 2318 Adhuc
1410 2293 1475 2302 —
1531 2263 1707 2334 loqui.
1774 2261 1956 2328 Foris,
2013 2262 2075 2318 id
2125 2265 2232 2325 est,

2417 2263 2531 2316 Ἔτι
2566 2296 2623 2304 -
2657 2263 2900 2321 λαλῆσαι.
2934 2263 3066 2326 Ἕξω
3096 2272 3190 2326 τῆς
3241 2265 3447 2326 οἰκείας,
3499 2265 3547 2316 ἓν
3578 2274 3608 2337 ᾖ
3638 2262 3937 2331 ἕδίδασκεν,

577 2356 740 2410 extra
785 2351 1035 2408 domum
1064 2352 1122 2407 in
1155 2367 1278 2424 qua
1307 2349 1580 2422 docebat,
1647 2349 1922 2407 stabant:
1960 2364 2030 2407 eo
2073 2350 2226 2422 quod

2347 2354 2577 2416 ἵσταντο,
2632 2349 2770 2404 διότι
2801 2352 2893 2403 οὐκ
2923 2349 3180 2410 ἠδύναντο
3211 2360 3488 2425 συντυχεῖν
3531 2355 3670 2424 αύτῷ
3711 2351 3805 2408 διὰ
3853 2359 3939 2406 τὸν

578 2446 818 2514 propter
855 2441 1096 2496 turbam
1140 2440 1218 2496 ad
1266 2455 1404 2496 eum
1453 2439 1726 2496 accedere
1770 2454 1887 2495 non
1936 2442 2227 2511 poterant,

2345 2441 2522 2512 ὄχλον,
2572 2444 2635 2500 ὡς
2674 2443 2698 2492 6
2740 2447 2944 2502 Λουκᾶς
2985 2445 3200 2515 εἴρηκεν.
3237 2442 3569 2497 ’Λπέστειλαν
3601 2440 3659 2496 δε
3690 2447 3816 2518 πρὸς
3847 2443 3941 2496 αύς

581 2529 731 2585 sicut
759 2528 908 2584 dixit
937 2529 1124 2584 Lucas
1157 2528 1223 2582 οδ.
1257 2527 1539 2583 Miserunt
1573 2534 1776 2584 autem
1808 2527 1878 2584 ad
1907 2526 2096 2591 illum,
2131 2527 2230 2599 qui

2344 2534 2447 2599 τὸν,
2481 2537 2759 2601 φωνοῦντες
2780 2529 2953 2594 αὐτὸν,
2979 2532 3046 2591 ὡς
3073 2531 3318 2602 όΜάρκος
3333 2528 3487 2594 εἶπεν,
3515 2535 3694 2603 ἤγουν,
3727 2532 3941 2584 καλοῦν-

579 2622 890 2673 evocarent
922 2615 1109 2685 illum,
1141 2620 1206 2671 ut
1243 2616 1324 2672 ait
1354 2616 1582 2672 Marcus
1618 2618 1686 2685 “,
1721 2617 1839 2671 sive
1871 2619 2038 2670 extra
2068 2630 2228 2671 voca-

2344 2638 2419 2678 τες
2447 2619 2560 2680 ἔξω.
2589 2615 2863 2688 Ἀδελφούς
2899 2614 2957 2669 δε
2997 2619 3179 2679 αύτούς
3211 2639 3359 2690 φησι,
3391 2624 3511 2682 τούς
3541 2623 3678 2680 υἱούς
3717 2619 3935 2691 Ἰωσὴφ,

579 2711 727 2762 rent.
753 2705 980 2760 Fratres
1001 2708 1199 2760 autem
1227 2705 1356 2776 ejus
1377 2705 1516 2761 dicit
1531 2704 1687 2762 ﬁlios
1707 2703 1946 2776 Ioseph,
1977 2718 2048 2760 eo
2070 2703 2228 2774 quod

2345 2704 2438 2759 διὰ
2485 2713 2541 2759 τὸ
2582 2711 2666 2759 τὸν
2692 2712 2888 2779 πατέρα
2927 2711 3119 2758 τούτων
3146 2712 3578 2780 μνηστεύσασθαι
3617 2714 3710 2767 τὴν
3751 2713 3939 2762 τούτου

579 2794 796 2850 horum
829 2797 996 2865 pater
1023 2798 1193 2859 esset,
1221 2798 1278 2850 et
1304 2801 1557 2852 matrem
1587 2793 1741 2850 illius
1767 2793 1882 2850 sibi
1911 2792 2237 2864 desponsa’
2342 2801 2562 2871 μητέρα.

580 2886 764 2939 verat.

653 2973 810 3026 Vers.
853 2971 940 3026 48.
991 2972 1070 3026 At
1102 2972 1208 3028 ille
1235 3001 1303 3011 —
1355 2971 1473 3026 mei
1507 2969 1536 3024 ?
1567 2970 1686 3025 Hoc
1718 2969 1864 3026 dixit
1890 2984 2011 3026 non
2043 2970 2233 3027 abne-

2410 2973 2467 3026 Ὀ
2531 2971 2588 3026 δὲ
2654 3005 2714 3015 --
2782 2993 2880 3044 μου
2914 2991 2924 3039 ;
2957 2979 3117 3025 Τοῦτο
3178 2970 3330 3039 εἶπεν,
3368 2975 3459 3025 οὐκ
3491 2973 3792 3049 ἀρνούμενος
3842 2978 3938 3032 τὴν

583 3074 733 3129 gans
774 3060 1010 3117 Matrem
1052 3076 1244 3116 suam.
1297 3060 1408 3125 Qui
1452 3059 1612 3114 enim
1656 3058 1770 3115 hoc
1801 3057 1989 3116 facere
2019 3060 2226 3131 potuit,

2341 3063 2522 3115 ὶαυτοῡ
2565 3066 2798 3134 Μητέρα.
2859 3069 2973 3124 Πῶς
3025 3065 3122 3136 γάρ
3195 3079 3207 3125 ;
3269 3066 3294 3114 ό
3360 3068 3443 3114 καὶ
3505 3067 3637 3115 κατὰ
3697 3069 3784 3115 τὸν
3844 3072 3938 3115 του

581 3148 682 3220 qui
696 3149 870 3204 morti
890 3164 1011 3204 suae
1036 3149 1269 3204 vicinus
1287 3161 1570 3216 magnam
1589 3146 1742 3202 illius
1754 3161 1959 3203 curam
1979 3147 2222 3203 habuit:

2289 3136 2300 3186 ἶ
2340 3155 2561 3204 Θανάτου
2618 3151 2776 3202 αύτου
2826 3155 3003 3222 καιρὸν
3059 3150 3244 3207 πολλὴν
3277 3151 3440 3212 αὐτῆς
3468 3147 3722 3224 φροντίδα
3758 3155 3938 3204 ποιού-

579 3253 772 3310 neque
791 3237 1148 3310 dedignatus
1179 3239 1270 3292 est
1297 3236 1493 3308 ipsam
1516 3235 1730 3292 habere
1761 3238 2000 3293 Matrem
2022 3237 2050 3292 7
2081 3238 2227 3302 Quo-

2336 3261 2482 3312 μενος
2537 3258 2550 3270 ⁸
2616 3237 2726 3291 οὐδ’
2777 3240 3151 3311 αἰσχυνόμενος
3196 3242 3253 3290 τὸ
3300 3243 3438 3310 ἔχειν
3489 3240 3651 3298 αὐτὴν
3709 3245 3931 3314 μητέρα·

578 3326 779 3396 modo,
794 3326 1035 3398 inquam
1046 3367 1059 3392 ,
1079 3326 1188 3382 hoc
1202 3323 1450 3393 fecisset,
1465 3325 1565 3397 qui
1579 3330 1818 3397 propter
1831 3325 2226 3382 reverentiam

2335 3339 2438 3390 πῶς
2467 3332 2568 3403 γάρ
2624 3368 2638 3392 ,
2686 3331 2710 3379 6
2760 3325 2852 3379 διὰ
2904 3333 2996 3386 τὴν
3049 3332 3178 3400 πρὸς
3221 3328 3380 3386 αὐτὴν
3438 3325 3576 3380 αἰδῶ
3634 3329 3932 3401 μεταϐαλὼν

576 3431 762 3487 quam
789 3430 932 3486 erga
951 3415 1113 3470 illam
1134 3415 1398 3485 gerebat,
1425 3429 1646 3486 aquam
1672 3415 1732 3470 in
1755 3416 1916 3471 Cana
1939 3413 2225 3471 convertit

2337 3419 2407 3479 εἰς
2455 3415 2587 3470 οἶνον
2642 3421 2700 3468 τὸ
2749 3413 2891 3489 ὕδωρ
2931 3415 2978 3468 ἕν
3031 3422 3191 3484 Κανᾶ,
3251 3423 3339 3470 καὶ
3389 3419 3811 3491 ὑποτασσόμενος
3870 3418 3928 3470 ού

577 3504 638 3559 in
677 3505 902 3569 vinum,
935 3508 991 3559 et
1020 3503 1292 3559 subditus
1321 3509 1447 3560 erat
1477 3518 1596 3559 non
1625 3503 1734 3574 ipsi
1765 3503 1977 3567 solum,
2015 3517 2223 3558 verum

2335 3513 2494 3579 ταύτῃ
2556 3513 2728 3581 μόνον,
2787 3506 2911 3558 ἀλλὰ
2965 3510 3052 3557 καὶ
3103 3515 3172 3576 τῷ
3228 3508 3526 3578 νομισθέντι
3557 3507 3922 3583 πατρὶαύτοῦ·

575 3593 753 3648 etiam
783 3593 836 3647 ei
877 3591 981 3662 qui
1008 3597 1179 3662 pater
1209 3608 1349 3646 suus
1375 3591 1721 3647 dicebatur:
1750 3593 1829 3647 Et
1859 3596 2006 3658 erat,
2033 3589 2224 3662 inquit

2336 3599 2423 3650 Ἠν
2489 3597 2611 3673 γὰρ,
2679 3602 2855 3670 φησιν,
2935 3597 3354 3666 ὑποτασσόμενος
3428 3596 3622 3655 αὐτοῖς.
3700 3595 3759 3648 Εἰ
3822 3598 3922 3666 γὰρ

573 3680 843 3735 subditus
865 3679 980 3733 illis
1002 3680 1070 3732 ⁸⁵.
1095 3680 1150 3732 Si
1175 3679 1335 3734 enim
1350 3683 1672 3749 negaturus
1693 3677 1855 3734 illam
1878 3678 2101 3746 fuisset,
2124 3682 2222 3735 aut

2335 3686 2529 3758 ἔμελλεν
2588 3685 2856 3758 αρνεῖσθαι
2912 3684 3095 3750 αὐτὴν,
3143 3684 3170 3741 ἦ
3216 3687 3566 3755 αἰσχύνεσθαι
3616 3679 3688 3734 δι’
3739 3683 3919 3750 αὐτὴν,

574 3767 654 3824 ob
671 3783 804 3822 eam
827 3766 1057 3838 pudore
1073 3765 1445 3835 afﬁciendus,
1465 3782 1847 3839 nequaquam
1867 3767 1944 3824 ab
1961 3784 2032 3824 ea
2049 3773 2223 3825 natus

2334 3776 2426 3828 οὐκ
2482 3778 2542 3827 οἷν
2608 3776 2732 3837 ὀλως
2792 3773 2841 3835 ἐς
2906 3773 3066 3833 αὐτῆς
3123 3771 3362 3843 ἐγεννήθη
3435 3771 3570 3825 Ἀλλ’
3624 3769 3730 3823 ἐπεὶ
3782 3789 3918 3827 τηνι-

570 3851 806 3911 fuisset.
850 3853 964 3911 Sed
993 3855 1136 3927 quia
1168 3860 1306 3909 tunc
1341 3853 1778 3911 multitudinem
1807 3855 2080 3928 docebat,
2114 3872 2219 3913 nec

2333 3875 2500 3917 καῦτα
2541 3869 2596 3917 τὸ
2630 3864 2819 3924 πλῆθος
2850 3859 3116 3926 ἐδίδασκε,
3182 3867 3270 3914 καὶ
3300 3862 3392 3914 οὐκ
3441 3858 3500 3919 ἦν
3545 3859 3695 3926 εἰκὸς,
3745 3857 3921 3911 ἀπολι-

571 3960 815 4016 aequum
847 3947 987 4007 erat,
1030 3948 1088 3998 ut
1124 3943 1235 3998 hos
1264 3943 1642 4016 relinqueret,
1674 3950 1729 4000 et
1758 3946 1838 4002 ad
1871 3952 2122 4004 matrem
2153 3964 2220 4006 ac

2333 3952 2442 4008 πεῖν
2474 3954 2656 4013 αὐτούς
2686 3958 2774 4004 καὶ
2817 3949 3032 4024 δραμεῖν
3085 3955 3212 4025 πρὸς
3261 3957 3353 4009 τὴν
3407 3955 3621 4024 Μητέρα
3672 3954 3758 4000 οιαὶ
3803 3951 3925 4011 τούς

571 4033 777 4088 fratres
824 4037 1214 4103 procurreret,
1266 4032 1392 4090 ait:
1447 4035 1586 4099 Quae
1639 4034 1986 4106 hujusmodi
2036 4043 2220 4095 mater

2333 4040 2608 4113 ἀδελφούς,
2653 4042 2787 4112 λέγει
2821 4059 2832 4070 ⁶
2866 4046 2957 4102 Τίς
2996 4040 3279 4097 τηλικαύτη
3310 4039 3450 4091 ἐστιν
3499 4042 3528 4098 ἡ
3579 4045 3750 4113 μήτηρ
3805 4058 3928 4111 μου,

572 4136 710 4177 mea
739 4125 844 4186 est,
890 4127 992 4176 aut
1019 4121 1122 4194 qui
1158 4121 1508 4192 hujusmodi
1549 4122 1755 4180 fratres
1799 4126 1916 4181 mei
1961 4133 2116 4194 sunt,
2161 4134 2221 4182 ut

2331 4137 2418 4184 καὶ
2467 4136 2594 4191 τίνες
2642 4131 2937 4188 τηλικόύτοί
2992 4130 3119 4182 εἰσιν
3168 4132 3215 4181 οἱ
3270 4125 3481 4200 ἀδελφοί
3528 4148 3651 4201 μου,
3703 4130 3784 4179 ἱνα
3837 4123 3930 4180 διὰ

571 4217 812 4284 propter
827 4210 1063 4266 illorum
1085 4209 1468 4283 obsequium,
1488 4217 1665 4269 tantas
1692 4215 2088 4272 multitudinis
2114 4217 2220 4272 uti-

2330 4226 2422 4278 τὴν
2473 4223 2741 4294 θεραπείαν
2801 4219 2966 4271 αὐτῶν
2997 4215 3206 4292 παρίδω
3264 4223 3355 4274 τὴν
3408 4217 3486 4288 (5)
3543 4225 3633 4269 τού
3672 4220 3924 4269 τοσούτου

566 4300 792 4356 litatem
830 4299 1457 4373 parvipendam‘iNon
1495 4317 1637 4372 ergo
1677 4303 2045 4376 vilipendens
2084 4303 2214 4360 illos

2327 4309 2556 4370 πλήθους
2604 4309 2841 4380 ὠφέλειαν
2885 4324 2900 4372 ;
2953 4307 3026 4358 Ού
3083 4307 3341 4378 φαυλίζων
3405 4301 3491 4357 οὖν
3550 4306 3762 4375 αὐτούς,
3820 4301 3925 4358 εἷπε

566 4388 728 4446 hunc
750 4389 982 4445 locutus
1006 4394 1091 4445 est
1116 4405 1473 4462 sermonem,
1501 4390 1604 4448 sed
1632 4393 1849 4449 docens
1876 4395 2038 4466 quod
2065 4409 2215 4466 prae-

2272 4404 2408 4471 )τόν
2462 4398 2611 4468 λόγον
2668 4406 2869 4464 τοῦτον,
2912 4395 3038 4447 ἀλλά
3080 4392 3372 4458 διδασκων,
3427 4397 3507 4447 ὅτι
3545 4399 3921 4469 προτιμοτέραν

569 4479 911 4549 ponendam
949 4478 1171 4548 judicet
1199 4480 1568 4550 perditorum
1599 4482 1848 4538 salutem
1898 4489 2214 4555 parentum

2327 4493 2486 4562 κρίνει
2519 4495 2609 4548 τῆς
2662 4496 2760 4537 τῶν
2799 4491 2984 4557 γονέων
3032 4490 3119 4536 καὶ
3172 4495 3430 4556 συγγενῶν
3483 4487 3769 4558 θεραπείας,
3828 4488 3921 4542 τὴν

568 4583 640 4624 ac
668 4566 1254 4636 consanguineorum
1285 4568 1595 4643 obsequio.
1651 4573 1767 4626 Nec
1817 4572 2036 4627 mirum
2077 4587 2216 4628 cum

2328 4588 2425 4630 τῶν
2477 4577 2830 4650 ἀπολλυμένων
2900 4580 3180 4647 σωτηρίαν.
3240 4581 3337 4628 Καὶ
3387 4571 3536 4628 ούδὶν
3596 4578 3917 4648 θαυμαστόν*

566 4660 805 4730 prOpter
834 4656 940 4712 hos
966 4662 1236 4729 parentes
1266 4675 1336 4716 ac
1365 4660 1846 4730 consanguineos
1876 4661 2096 4719 habere
2125 4679 2215 4720 su-

2331 4664 2422 4720 διά
2451 4669 2642 4723 ταύτην
2679 4669 2780 4739 γὰρ
2818 4670 2906 4717 καὶ
2943 4673 3110 4736 γονεῖς
3153 4669 3242 4716 καί
3297 4672 3556 4738 συγγενεῖς
3599 4665 3740 4737 ἔχειν
3766 4683 3920 4717 κατε-

570 4745 856 4803 stinuerit.

2331 4753 2533 4818 δέξατο.

640 4838 800 4891 Vers.
850 4836 937 4891 46.
982 4836 1147 4892 Ει-
1194 4837 1419 4906 fratres
1467 4839 1593 4894 mei.
1628 4840 1866 4896 Matrem
1899 4857 2000 4898 eos
2029 4843 2220 4900 nomi-

2402 4850 2598 4897 Καὶ-
2635 4845 2684 4895 οἱ
2727 4839 2941 4916 ἀδελφοί
2993 4861 3113 4916 μου.
3166 4846 3382 4917 Μητέρα
3425 4844 3513 4914 μεν
3554 4841 3746 4903 αύτούς
3797 4841 3919 4894 ὠνό-

567 4925 748 4990 navit,
773 4926 941 4998 quasi
973 4925 1248 4981 doctrinae
1275 4927 1515 4982 verbum
1541 4928 1599 4982 in
1624 4928 1972 5002 intelligibili
1999 4933 2216 4990 animae

2324 4953 2508 5007 μασεν,
2571 4934 2640 4994 ὡς
2705 4929 3098 5004 ύπδεχομένους
3159 4935 3244 4984 τὸν
3304 4931 3453 5003 λογον
3505 4939 3597 4992 τῆς
3653 4927 3921 4984 διδασκα-

568 5019 735 5073 utero
790 5013 1200 5089 suscipientes,
1261 5021 1318 5071 et
1374 5032 1642 5088 congruo
1699 5023 1963 5092 tempore
2023 5023 2217 5094 ipsum

2331 5028 2441 5085 Χίας
2489 5021 2536 5074 ἐν
2587 5029 2647 5094 τῇ
2703 5027 2855 5094 νοερᾷ
2908 5026 3103 5093 γαστρί
3154 5029 3250 5082 τῆς
3290 5021 3496 5092 ψυχῆς,
3530 5025 3619 5072 καὶ
3674 5021 3809 5072 κατὰ
3837 5022 3923 5072 τὸν

638 5197 681 5233 ⁹¹
710 5197 924 5254 Matth.
956 5211 1112 5260 xxiv,
1145 5196 1236 5252 2t.
1291 5196 1338 5230 9'
1363 5195 1536 5254 Joan.
1569 5212 1627 5264 v,
1657 5201 1748 5256 14.
1809 5201 1857 5237 ⁸³
1891 5202 2026 5258 Luc.
2058 5219 2152 5257 vui
2186 5203 2274 5260 l9.

1569 5212 1627 5264 v,
1657 5201 1748 5256 14.
1809 5201 1857 5237 ⁸³
1891 5202 2026 5258 Luc.
2058 5219 2152 5257 vui
2186 5203 2274 5260 t9.
2307 5203 2356 5239 "
2381 5203 2554 5260 Marc.
2578 5219 2654 5274 ιιι,
2682 5204 2770 5259 3|.
2803 5200 2850 5236 ³⁸
2880 5201 3026 5258 Luc.
3053 5199 3205 5270 n,5t.

1766 5375 1988 5447 Variae
2017 5377 2344 5448 lectiones
2392 5385 2457 5447 et
2495 5388 2696 5447 notae.

639 5567 711 5649 (ᾧ)
733 5567 1114 5649 Undeautem
1134 5567 1603 5649 varietas‘textus
1624 5572 1933 5649 hocloco?
1961 5579 2125 5634 Forte
2139 5591 2211 5635 ex
2317 5579 2360 5636 t.
2391 5576 2499 5648 VII,
2531 5591 2598 5649 p.
2635 5573 2738 5649 ξιδῖ
2770 5577 2834 5632 ι).

566 5643 872 5703 codicibus
901 5645 963 5699 N.
1013 5645 1366 5701 Tcstamenli
1393 5645 1421 5702 ἳ
1453 5643 1604 5704 Non.
1648 5647 1757 5704 Sed
1810 5665 1880 5706 ex
1911 5648 2209 5722 Chrysost.
2393 5643 2583 5722 (5)’τὸῦ
2610 5647 2783 5706 abest
2817 5653 2882 5705 A.
