4176 6442
182 402 275 468 393

1131 401 1502 462 COMMENT.
1549 397 1617 456 IN
1659 396 2106 455 MATTH/EUM.
2147 429 2215 440 —
2254 398 2408 453 CAP.
2451 398 2574 453 XII.

3420 399 3524 455 394

182 539 507 609 προσήκοντα
561 536 740 604 καιρὸν
794 531 1162 591 ἀποτίκτοντας
1184 530 1356 582 αὐτόν·
1391 524 1641 598 ἀδελφοὺς
1687 521 1767 588 δὲ,

1899 525 2191 580 )arientes.
2234 526 2461 582 Fratres
2512 537 2649 579 vero
2687 523 2975 594 tanquam
3017 537 3054 578 a
3103 523 3267 579 Patre
3305 522 3526 580 caelesti

181 627 238 684 ὡς
275 624 668 682 υἱοθετηθέντας
692 631 761 691 τῷ
789 621 1008 692 οὐρανίῳ
1042 625 1228 690 Πατρὶ,
1271 617 1364 670 διὰ
1391 626 1479 676 τῆς
1506 617 1574 676 εἰς
1607 624 1766 684 Χρισο

177 717 257 764 τὸν
283 716 528 775 πίστεως,
571 715 659 762 καὶ
683 715 957 781 γεγονότας
1001 709 1447 781 συγκληρονόμους
1487 715 1578 764 τῆς
1609 703 1769 776 βασι-

177 801 310 860 λείας
330 799 513 853 αὖτοῦ.
545 796 668 852 Εἶτα
696 798 1016 873 ἐφερμηνεὺει
1051 803 1137 848 τόν
1158 796 1334 865 λογον.

239 889 430 949 ⁶Οστις
460 920 527 928 ——
566 887 730 939 ἐστίν.
774 887 940 948 Αὐτός
971 906 1070 957 μου
1097 892 1185 936 καὶ
1227 884 1460 954 αὸελφὸς,
1503 887 1592 934 καὶ
1623 877 1768 932 ἁδελ-

177 985 262 1050 φῂ,
295 983 388 1028 καὶ
421 982 618 1049 μήτηρ,
671 975 786 1028 ἀντὶ
817 983 926 1039 τοῦ,
972 975 1120 1035 αὐτός
1158 993 1256 1044 μου
1300 977 1552 1042 συγγενὴς
1581 976 1668 1022 καὶ
1699 972 1770 1021 οἱ·

177 1075 319 1130 κεῖος,
351 1069 422 1126 ὡς
459 1068 526 1116 τὰ
580 1066 715 1116 αὐτὰ
767 1063 878 1136 ἐμοὶ
932 1073 1110 1117 ποιῶν.
1149 1068 1247 1114 Καὶ
1293 1064 1394 1134 γάρ
1426 1060 1568 1130 κάγὼ
1607 1064 1663 1111 τὸ
1698 1062 1772 1110 θέ-

180 1157 309 1226 λημα
363 1162 501 1206 ποιῶ
529 1163 619 1204 τον
651 1157 845 1227 Πατρός
872 1172 992 1224 μου.
1038 1148 1288 1222 Ἀδελφῆς
1316 1147 1373 1202 δε
1405 1149 1768 1221 ἐμνημόνευσε,

179 1242 312 1296 διότι
341 1248 438 1294 καὶ
471 1245 756 1314 θυγατέρας
795 1239 933 1312 εἶχεν
983 1243 1007 1292 ό
1063 1240 1272 1310 Ἰωσήφ·
1333 1240 1360 1296 ἦ
1420 1235 1513 1290 διὰ
1565 1242 1657 1298 τὰς
1681 1258 1774 1307 γυ-

176 1341 374 1396 ναῖκας,
437 1333 526 1390 τὰς
571 1334 626 1382 τὸ
677 1329 873 1401 θελημα
914 1335 1004 1380 τοῦ
1055 1335 1186 1380 Θεοῦ
1243 1330 1516 1387 ποιούσας.
1561 1326 1774 1397 Θέλημα

179 1417 230 1472 δε
276 1428 373 1471 τοῦ
407 1420 485 1488 (6)
515 1425 669 1486 Θεοῦ,
707 1421 766 1468 τὸ
798 1417 1066 1488 φυλάττειν
1117 1419 1211 1476 τὰς
1263 1415 1595 1486 εὐαγγελικας
1639 1415 1774 1466 ἐντο-

175 1509 282 1570 λὰς,
334 1512 431 1559 καὶ
471 1507 755 1566 σώζεσθαι.
803 1505 963 1558 ~(terra
1010 1501 1132 1556 οὐδὲ
1179 1507 1206 1562 ἡ
1254 1510 1424 1576 μήτηρ
1475 1504 1632 1556 αὐτοῦ
1684 1509 1773 1555 καὶ

175 1601 220 1649 οῖ
248 1594 475 1667 ἀδελφοὶ
529 1595 688 1646 αὐτοῦ
720 1591 852 1651 ἦσαν
892 1595 950 1644 ἄν
1003 1599 1176 1665 μήτηρ
1223 1593 1382 1644 αὐτοῦ
1432 1597 1517 1644 καὶ
1561 1589 1772 1664 ἀδελφοὶ

174 1688 356 1747 αὑτοῦ,
389 1685 437 1736 εἰ
462 1688 533 1755 μὴ
568 1683 768 1735 ἐποίουν
814 1685 871 1734 τὸ
925 1681 1121 1753 θελημα
1173 1690 1262 1732 τοῦ
1313 1689 1467 1735 Θεοῦ.
1495 1681 1607 1733 Θύκ
1633 1683 1771 1732 ἔστιν

174 1772 256 1826 οὖν
297 1769 420 1825 οὐδ’
457 1774 481 1822 ό
521 1772 667 1843 λόγος
722 1771 871 1832 οὗτος
922 1769 1230 1842 ἀρνουμένου
1278 1775 1371 1827 τὴν
1423 1772 1557 1840 κατὰ
1603 1771 1774 1844 σάρκα

1879 615 2193 684 adoptatos
2221 630 2320 684 per
2349 614 2545 676 fidem,
2581 629 2766 685 quam
2787 613 2848 667 in
2881 612 3172 667 Christum
3203 611 3524 678 habebant,

1879 702 2188 773 factosque
2207 703 2368 771 regni
2397 703 2547 758 illius
2567 701 2922 758 cohaeredes.
2949 701 3166 757 Deinde
3185 716 3524 757 sermonem

1878 791 2038 846 hunc
2064 793 2496 863 interpretatur.

1952 882 2119 935 Vers.
2151 882 2235 934 50.
2280 881 2622 952 Quicunque
2663 910 2731 921 -—
2786 884 2889 936 est.
2939 880 3061 949 Ipse
3108 894 3264 934 meus
3307 879 3526 948 frater,

1879 985 2039 1024 soror
2065 975 2117 1025 et
2157 977 2351 1026 mater
2378 977 2457 1025 est
2488 986 2500 1024 :
2534 970 2648 1024 hoc
2679 972 2788 1033 est,
2815 969 3188 1041 propinquus
3219 983 3287 1022 ac
3329 967 3532 1022 dome-

1880 1057 2060 1114 sticus
2101 1075 2293 1126 meus,
2327 1064 2524 1130 utpote
2555 1060 2766 1115 eadem
2799 1058 3019 1114 faciens
3059 1073 3191 1129 quae
3223 1071 3336 1125 ego
3379 1055 3530 1112 facio

1880 1147 2244 1203 voluntatem
2276 1149 2460 1202 Patris
2494 1147 2630 1202 mei.
2675 1147 2900 1204 Sororis
2947 1151 3150 1203 autem
3171 1144 3532 1202 mentionem

1881 1235 2031 1300 fecit,
2055 1237 2198 1308 quia
2227 1236 2374 1292 tilias
2397 1236 2576 1291 etiam
2601 1236 3094 1306 habebatJosepb
3125 1251 3138 1288 :
3171 1239 3275 1290 aut
3299 1237 3534 1305 propter

1882 1339 2090 1379 uxores
2128 1325 2239 1379 hoc
2269 1325 2433 1380 dixit.
2467 1324 2564 1379 Dei
2595 1329 2796 1379 autem
2834 1323 3201 1379 voluntatem
3237 1322 3395 1388 facit,
3427 1320 3534 1394 qui

1881 1412 2224 1483 evangelica
2249 1417 2546 1484 pracepta
2576 1417 2770 1469 servat
2799 1416 2856 1468 et
2885 1411 3140 1468 custodit
3179 1411 3288 1482 (k).
3330 1411 3536 1482 Itaque

1881 1515 2075 1572 neque
2115 1506 2304 1557 mater
2343 1502 2468 1573 ejus
2507 1505 2610 1558 aut
2649 1501 2858 1558 fratres
2893 1501 3022 1572 ejus
3056 1500 3309 1556 fuissent
3346 1502 3538 1555 mater

1881 1589 2028 1659 ejus,
2064 1589 2177 1644 nisi
2220 1590 2315 1646 Dei
2361 1589 2714 1646 voluntatem
2750 1590 3054 1645 fecissent.
3099 1592 3229 1644 Non
3277 1591 3536 1657 estergo

1879 1675 1974 1732 hic
2031 1693 2228 1734 sermo
2258 1679 2607 1749 abnegantis
2665 1677 3250 1748 consanguinitatem
3301 1673 3536 1730 illorum

1877 1765 2044 1836 juxta
2067 1781 2310 1822 carnem
2353 1783 2364 1822 :
2407 1782 2604 1839 neque
2643 1768 2802 1822 enim
2864 1767 3036 1823 dixit.
3078 1767 3205 1820 Non
3253 1765 3392 1819 sunt
3433 1761 3539 1818 sed

175 1866 481 1933 συγγένειαν
513 1859 733 1912 ἐκείνων·
765 1855 886 1911 οὐδὲ
927 1862 1028 1932 γὰρ
1059 1856 1210 1923 εἶπεν,
1241 1861 1320 1911 ὅτι
1350 1858 1460 1910 Οὐκ
1599 1858 1728 1910 εἰσίν
1757 1878 1770 1890 ο

1899 1854 2283 1925 πωροιιεηῑὶε
2322 1870 2458 1910 eam
2487 1871 2623 1926 quae
2655 1853 2991 1910 secundum
3022 1853 3301 1909 virtutem
3329 1854 3438 1921 est,
3469 1864 3541 1907 ac

173 1951 299 2002 ἀλλὰ
329 1956 688 2024 προτιμῶντος
716 1953 810 2006 τὴν
863 1948 976 1999 κατ’
1019 1946 1223 2022 ἀρετὴν,
1259 1947 1334 2018 (8)
1368 1952 1454 1998 καὶ
1494 1943 1774 1998 διδάσκον-

170 2059 274 2106 τος,
311 2040 398 2090 ὅτι
431 2033 582 2090 οὐδὲν
626 2032 808 2109 κέρδος
851 2035 1064 2105 ἐκείνης,
1115 2041 1186 2109 μὴ
1233 2039 1504 2110 παρούσης
1535 2040 1624 2088 καὶ
1652 2038 1776 2086 ταύ-

175 2148 290 2189 της.

245 2217 310 2267 Ei
339 2210 438 2265 οὖκ
473 2217 566 2271 τὴν
597 2217 848 2266 Θεοτόκον
878 2213 970 2264 οὐκ
1001 2212 1176 2284 ὠφέλει
1207 2216 1264 2265 τὸ
1299 2214 1538 2284 γενέσθαι
1567 2216 1782 2287 Μητέρα

177 2308 328 2370 Θεοῦ,
390 2302 437 2354 εἰ
497 2307 568 2374 μὴ
623 2300 855 2376 ἐνάρετος
911 2298 992 2370 ἧν,
1042 2306 1158 2353 τίνα
1207 2301 1266 2352 ἂν
1323 2302 1490 2375 ἕτερον
1539 2301 1778 2373 ὠφεληση

181 2396 466 2463 συγγένεια
507 2390 676 2462 ἁγίου,
713 2395 783 2462 μὴ
812 2393 1003 2462 ἔχοντα
1033 2389 1216 2463 ἀρετήν
1246 2409 1260 2455 ;
1293 2393 1404 2442 ἔστι
1427 2393 1528 2461 γὰρ
1551 2396 1638 2442 καὶ
1667 2394 1782 2450 τοὺς

182 2487 458 2551 συγγενεῖς
500 2483 572 2552 μὴ
615 2478 919 2550 λογίζεσθαι
971 2487 1253 2550 συγγενεῖς.
1287 2484 1373 2530 καὶ
1404 2482 1523 2540 τοὺς
1548 2484 1618 2551 μὴ
1661 2499 1782 2551 συγ-

175 2577 338 2640 γενεῖς
370 2568 672 2638 λογίζεσθαι
715 2574 999 2637 συγγενεῖς.
1030 2566 1220 2619 Ἐκεῖνο
1259 2568 1338 2637 (9)
1391 2570 1502 2639 μὲν,
1554 2564 1625 2619 δι’
1667 2566 1779 2619 ἀνο-

175 2661 445 2729 μοιότητα
500 2653 623 2727 βίου
695 2675 708 2688 ο
764 2663 914 2706 τοῦτο
991 2651 1070 2720 δὲ,
1141 2651 1214 2707 δι’
1298 2656 1579 2726 ὁμοιότητα
1633 2655 1782 2708 πολι-

178 2750 344 2806 τείας.
408 2747 497 2795 Διό
555 2748 643 2795 καὶ
697 2742 954 2815 ἀλλαχοῦ,
1009 2749 1255 2814 γυναικός
1292 2764 1428 2806 τινος
1485 2745 1726 2806 εἰπούσης
1771 2763 1782 2774 ·

177 2837 443 2906 Μακαρία
474 2834 502 2889 ἡ
561 2832 732 2884 κοιλία
778 2834 807 2889 ἡ
844 2831 1167 2903 βαστάσασά
1231 2851 1307 2899 σε,
1365 2838 1452 2885 καὶ
1482 2839 1676 2905 μαστοὶ
1698 2834 1785 2896 οὓς

177 2923 450 2982 ἐθήλασας
483 2938 494 2950 ·
530 2922 624 2972 οὐκ
657 2921 935 2995 ἠρνήσατο,
994 2920 1099 2972 ἀλλ’
1129 2922 1316 2991 ὁμοίως
1349 2919 1445 2974 εἴτε
1478 2965 1490 2977 .
1525 2926 1785 2995 Μακάριοι

176 3015 226 3062 οἱ
263 3010 547 3069 ἀκούοντες
603 3013 688 3061 τὸν
735 3009 885 3080 λόγον
937 3017 1029 3061 τοῦ
1087 3018 1218 3062 Θεοῦ
1271 3015 1353 3061 καὶ
1421 3011 1784 3082 φνλάσσοντες,

178 3101 370 3154 αὐτόν.
411 3097 576 3150 Βαϐαί
610 3107 704 3159 τῆς
733 3097 940 3171 αρετῆς,
974 3099 1042 3159 εἰς
1093 3100 1218 3156 ὅσην
1258 3103 1411 3170 τιμὴν
1461 3099 1637 3170 ἀνάγει
1667 3103 1789 3160 τοὺς

175 3193 459 3262 μετιόντας
532 3186 713 3255 αὐτὴν,

175 3285 417 3331 ποιοῦσα
461 3277 474 3331 ι

251 3371 399 3424 Φησὶ
432 3361 491 3416 δὲ
528 3364 642 3433 (10)
691 3365 717 3414 ό
765 3367 1150 3437 Χρυσόστομος,
1212 3368 1280 3426 ὡς
1328 3366 1357 3422 ἡ
1406 3370 1592 3439 Μήτηρ
1629 3364 1787 3416 αὐτοῦ

180 3453 512 3530 ἀνθρώπινόν
574 3473 622 3505 τι
685 3458 776 3505 καί
835 3453 965 3511 αὑτὴ
1033 3459 1145 3506 τότε
1206 3455 1469 3520 παθοῦσα,
1540 3454 1788 3511 ἠθέλησεν

176 3541 564 3605 ἐπιδείξασθαι
637 3548 747 3603 τοῖς
811 3541 1006 3613 ὄχλοις,
1085 3543 1195 3594 οἵαν
1261 3551 1416 3614 τιμὴν
1478 3545 1590 3614 ἔχει
1659 3545 1789 3616 πρὸς

178 3633 350 3690 αὐτὴν
381 3632 405 3682 ό
438 3633 686 3704 Χριστός.
725 3634 811 3681 Διὸ
864 3635 952 3682 καὶ
1010 3627 1360 3693 διδάσκοντος
1418 3633 1575 3684 αὐτοῦ
1624 3652 1789 3706 παρα-

175 3726 388 3792 γέγονε,
470 3723 559 3770 καὶ
627 3718 893 3771 ἀπέστειλε
957 3719 1373 3793 μετακαλουμένη
1439 3729 1616 3773 τοῦτον
1676 3721 1786 3793 (11)

178 3810 278 3872 ἐξω
333 3817 434 3868 τῆς
475 3807 659 3874 οἰκίας,
712 3809 780 3868 ὡς
840 3804 996 3866 δῆθεν
1061 3814 1178 3884 περὶ
1229 3810 1487 3862 οἰκειακοῦ
1551 3813 1789 3884 πράγμα-

174 3919 267 3960 τος
299 3898 542 3968 ἐντυχεῖν
571 3897 709 3966 αὐτῷ
759 3895 1038 3968 μέλλουσα,
1096 3903 1182 3950 καὶ
1231 3896 1530 3969 προσεδόκα
1585 3920 1789 3974 παραυ-

177 3992 309 4039 τίκα
348 3993 531 4037 τοῦτον
582 3984 794 4048 ἐξελθεῖν
847 3989 977 4058 πρὸς
1030 3986 1212 4052 αὐτὴν,
1263 3991 1330 4048 ὡς
1368 3994 1495 4063 προς
1555 3994 1789 4062 Μητέρα,

176 4075 552 4128 καταλιπόντα
578 4077 800 4135 πάντας.
857 4075 915 4126 Ὀ
970 4072 1029 4127 δὲ
1092 4085 1244 4128 τοῦτο
1291 4082 1461 4148 γνοὺς,
1515 4076 1792 4150 ἁντέπραξε

180 4164 411 4237 μᾶλλον,
453 4168 542 4214 καὶ
595 4163 651 4215 οὗ
699 4168 850 4236 μόνον
891 4163 983 4215 οὐκ
1040 4162 1216 4226 ἐξῆλθε
1261 4169 1389 4237 πρὸς
1437 4166 1618 4230 αὐτὴν,
1669 4165 1795 4217 ἀλλὰ

179 4258 280 4305 καὶ
311 4251 526 4324 μᾶλλον,
562 4247 633 4302 δι’
671 4251 738 4303 ὧν
779 4249 902 4317 εἷπε,
958 4257 1288 4325 κατῄσχυνεν
1329 4255 1498 4327 ἠρέμα
1531 4258 1616 4306 τὸν
1658 4256 1794 4326 φιλό-

184 4339 351 4404 δοξον
383 4343 576 4392 σκοπὸν
609 4339 736 4398 αὐτῆ
749 4361 790 4407 ς,
813 4346 902 4393 καὶ
931 4344 988 4393 τὸ
1017 4345 1318 4415 τυραννικὸν
1353 4345 1511 4404 πάθος
1539 4352 1635 4405 τῆς
1662 4363 1797 4397 κενο-

185 4429 385 4493 δοξίας
425 4428 683 4486 ἀπήλασεν
697 4470 710 4484 .

268 4526 401 4591 Κεφ.
468 4517 564 4572 ΙΓ’.
632 4518 714 4570 Ἐν
800 4514 858 4571 δὲ
923 4527 986 4592 τῇ
1059 4521 1226 4592 ἡμέρᾳ
1285 4519 1448 4593 ἐκεινῃ
1509 4523 1796 4580 καθῆσθαι,

182 4606 251 4660 Ἡ
326 4607 492 4675 οἰκία,
552 4610 683 4666 τινὸς
745 4604 806 4665 ἧν
867 4615 965 4660 τῶν
1027 4609 1446 4662 πλιστευσάντων
1496 4613 1567 4672 εἰς
1621 4611 1796 4666 αὐτόν.

187 4697 474 4750 Ἐκάθισεν
505 4693 592 4748 οὖν
642 4698 780 4769 παρὰ
819 4701 912 4755 τὴν
953 4697 1242 4768 θάλασσαν,
1284 4695 1377 4752 διὰ
1419 4705 1511 4758 τήν
1559 4700 1801 4773 εὐρυχω-

188 4791 318 4861 ρίαν
357 4792 451 4837 τοῦ
501 4788 679 4842 τόπου.
715 4785 910 4839 Πολλοῦ
957 4783 1016 4840 δὲ
1058 4787 1283 4850 πλήθους
1341 4788 1801 4862 ἐπισυναχθέντος,

277 4964 325 4998 ⁹⁶
358 4961 505 5018 Lu0°
533 4979 614 5032 x1,
639 4965 728 5019 27.
808 4966 850 5000 97
878 4963 1024 5021 ibid.
1057 4965 1143 5022 28.

802 3193 1065 3258 συγγενεῖς
1133 3187 1322 3249 αὐτούς
1385 3196 1476 3240 τοῦ
1553 3193 1862 3275 Χριστοῡο

1882 1942 2150 1999 docentis
2179 1942 2406 2001 nullam
2444 1942 2600 2000 illius
2634 1957 2765 2000 esse
2803 1941 3138 2012 utilitatem,
3181 1940 3298 2000 nisi
3327 1944 3384 1998 et
3410 1939 3540 1997 huic

1883 2030 2058 2088 adsit.

1959 2209 2130 2275 Quod
2155 2208 2204 2264 si
2223 2223 2332 2265 nec
2355 2209 2455 2266 Dei
2470 2210 2633 2267 Matri
2674 2210 2948 2283 genuisse
2977 2210 3145 2266 illum
3189 2207 3534 2282 profuisset,

1887 2298 2002 2354 nisi
2031 2299 2315 2355 virtutem
2339 2303 2534 2356 secuta
2559 2299 2784 2368 fuisset,
2815 2300 2912 2356 cui
2937 2298 3100 2356 alteri
3125 2297 3400 2371 proderit,
3427 2296 3539 2353 viri

1891 2388 2078 2444 sancti
2124 2403 2252 2443 esse
2307 2393 2651 2458 cognatum,
2703 2389 2751 2444 si
2780 2387 3060 2446 virtutem
3116 2402 3237 2444 non
3298 2386 3536 2443 habeat.

1891 2476 2184 2548 Contingit
2215 2477 2374 2532 enim
2397 2484 2453 2533 et
2477 2482 2761 2546 cognatos
2797 2493 2918 2534 non
2944 2477 3154 2534 haberi
3182 2492 3292 2549 pro
3325 2489 3545 2545 cogna-

1891 2566 1963 2621 tis
1988 2570 2187 2621 etnon
2218 2570 2504 2635 cognatos
2530 2582 2639 2638 pro
2668 2566 2936 2637 cognatis
2962 2565 3170 2623 haberi
3198 2588 3210 2621 :
3241 2565 3383 2621 illud
3412 2563 3548 2636 qui-

1893 2655 2032 2710 dem
2060 2659 2301 2727 propter
2325 2656 2493 2710 vitam
2525 2655 2900 2723 dissimilem,
2933 2656 3047 2712 hoc
3077 2659 3278 2712 autem
3298 2657 3545 2727 propter

1893 2744 2357 2799 conversationis
2399 2744 2866 2800 similitudinem.
2915 2745 3065 2810 Quia
3107 2749 3164 2801 et
3215 2744 3357 2800 alibi
3401 2758 3542 2799 cum

1896 2832 2104 2887 mulier
2119 2833 2396 2904 qumdam
2415 2833 2645 2889 dixisset
2670 2850 2682 2888 :
2705 2835 2930 2890 Beatus
2945 2839 3145 2891 venter
3163 2835 3263 2905 qui
3285 2840 3338 2890 te
3350 2838 3545 2904 porta-

1896 2922 1998 2986 vit,
2032 2929 2087 2977 et
2127 2922 2309 2978 ubera
2338 2937 2468 2992 quae
2502 2923 2718 2978 suxisti
2749 2925 2818 2990 9°,
2852 2937 2971 2978 non
2996 2927 3252 2994 negavit,
3286 2922 3384 2978 sed
3415 2921 3546 2993 pari

1898 3010 2078 3065 modo
2105 3010 2251 3065 dixit
2275 3027 2284 3063 :
2307 3012 2486 3066 Beati
2511 3011 2879 3081 quiaudiunt
2903 3013 3140 3068 verbum
3160 3013 3266 3068 Dei
3276 3018 3331 3069 et
3353 3017 3547 3067 custo-

1896 3099 2063 3153 diunt
2087 3099 2242 3154 illud
2267 3101 2334 3152 97.
2365 3101 2407 3154 Ο
2435 3099 2856 3154 admirandam
2879 3101 3180 3169 virtutem,
3209 3116 3346 3172 quas
3373 3100 3453 3156 ad
3484 3114 3546 3155 se

1898 3187 2246 3242 accedentes
2296 3186 2374 3242 ad
2413 3191 2644 3242 tantum
2679 3187 2898 3244 extollit
2935 3187 3227 3245 honorem
3267 3193 3334 3244 ut
3376 3187 3544 3259 ipsos

1898 3275 2102 3330 Christi
2132 3274 2308 3329 faciat
2332 3290 2458 3328 esse
2490 3279 2794 3345 cognatos.

1970 3363 2429 3433 Chrysostomus
2458 3365 2660 3416 autem
2703 3361 2851 3417 dixit
2886 3362 3049 3432 quod
3079 3364 3255 3419 Mater
3283 3362 3411 3433 ejus
3438 3367 3549 3418 hu-

1898 3465 2149 3506 manum
2186 3448 2474 3520 quiddam
2515 3454 2570 3505 et
2598 3449 2730 3520 ipsa
2769 3453 2909 3505 tunc
2942 3449 3302 3521 patiebatur,
3342 3450 3545 3506 volens

1898 3538 2088 3595 turbis
2110 3537 2495 3593 demonstare
2523 3553 2704 3610 quem
2734 3552 2874 3608 erga
2905 3555 2968 3595 se
3011 3538 3270 3596 Christus
3298 3539 3545 3595 haberet

1897 3627 2188 3684 honorem
2222 3644 2234 3682 :
2267 3627 2400 3683 ideo
2426 3627 2605 3683 etiam
2637 3643 2775 3683 cum
2801 3627 2896 3684 ille
2923 3629 3171 3693 doceret,
3205 3628 3544 3701 importune

1901 3717 2141 3772 accessit
2184 3720 2239 3772 et
2265 3716 2528 3772 .mittens
2568 3716 2880 3774 accersivit
2915 3733 3053 3774 eum
3097 3722 3262 3774 extra
3297 3718 3544 3785 domun,

1900 3810 2187 3879 tanquam
2209 3805 2475 3862 videlicet
2491 3821 2599 3863 sua
2618 3808 2928 3864 autoritate
2954 3807 3027 3864 ad
3047 3806 3550 3880 interpellandum

1900 3911 2038 3950 eum
2062 3894 2370 3951 accederet
2399 3896 2466 3967 (ι)
2505 3912 2517 3949 :
2568 3911 2712 3953 nam
2745 3897 3021 3968 sperabat
3059 3897 3229 3954 illum
3267 3897 3550 3954 continuo

1899 3984 2115 4040 relictis
2141 3985 2418 4040 omnibus
2463 3985 2541 4040 ad
2584 4001 2644 4041 se
2688 4000 3067 4056 egressurum
3105 3986 3279 4058 quasi
3320 3986 3399 4044 ad
3419 3986 3534 4042 Ma-

1901 4077 2070 4129 trem.
2099 4076 2170 4128 At
2202 4073 2298 4129 ille
2323 4073 2436 4128 hoc
2475 4074 2712 4144 cognito
2743 4076 3104 4130 contrarium
3130 4074 3336 4145 potius
3368 4073 3506 4130 fecit
3537 4089 3550 4130 :

1902 4166 1957 4217 et
1986 4177 2106 4216 non
2138 4163 2335 4217 solam
2365 4161 2444 4217 ad
2468 4161 2626 4216 illam
2656 4177 2775 4217 non
2806 4166 2893 4216 est
2911 4176 3210 4230 egressus,
3235 4161 3340 4217 sed
3361 4162 3555 4231 magis

1903 4251 2091 4305 verbis
2131 4250 2253 4305 suis
2292 4249 2678 4305 intentionem
2717 4248 2892 4319 illius,
2933 4265 3057 4320 qua
3095 4248 3409 4318 gloriolam
3452 4265 3554 4305 ve-

1907 4340 2181 4404 nabatur,
2225 4338 2510 4402 confudit,
2545 4342 2601 4394 et
2625 4338 3001 4410 tyrannicum
3028 4352 3196 4393 vanas
3234 4335 3435 4407 glorias
3465 4335 3556 4393 af-

1906 4427 2124 4485 fectum
2153 4425 2382 4496 abegit.

1980 4519 2126 4589 Cap.
2167 4518 2305 4571 Xlll.
2340 4514 2502 4571 Vers.
2547 4517 2599 4570 1.
2632 4517 2704 4571 In
2734 4514 2824 4571 die
2852 4521 3047 4571 autem
3077 4513 3178 4570 illo
3211 4544 3277 4556 -
3313 4528 3468 4570 vers.
3502 4517 3557 4570 2.

1907 4607 2162 4664 Sederet.
2185 4607 2407 4661 Domus
2436 4609 2560 4660 erat
2590 4603 2841 4675 alicujus
2866 4603 2965 4674 qui
2995 4603 3054 4659 in
3096 4603 3266 4660 illum
3305 4601 3560 4659 credide-

1909 4701 2019 4754 rat.
2053 4696 2306 4753 Sedebat
2332 4709 2472 4764 ergo
2501 4694 2668 4765 juxta
2698 4708 2858 4748 mare
2882 4697 3117 4764 propter
3141 4693 3259 4749 loci
3287 4692 3560 4764 amplitu-

1911 4787 2115 4844 dinem
2130 4800 2353 4858 magna
2370 4799 2509 4841 vero
2529 4781 2968 4840 multitudinem
2986 4783 3134 4840 inibi
3154 4781 3563 4855 aggregata,in

1441 5144 1666 5218 Variae
1704 5146 2034 5216 lectiones
2065 5153 2131 5214 et
2169 5151 2374 5212 notae.

396 5346 506 5407 τοῦ,
536 5339 722 5397 Abest
758 5342 828 5396 Α.

404 5411 589 5484 Intell.
627 5418 910 5484 συγγενεῖς.

309 5346 342 5397 6

309 5346 342 5397 6
396 5346 506 5407 τοῦ,
536 5341 722 5397 Abest
758 5342 828 5396 Α.

404 5411 589 5469 Intell.
627 5418 910 5484 συγγενεῖς.

282 5341 364 5558 ἓξ)
405 5483 596 5541 Intell.
620 5488 948 5557 συγγένειαν·

287 5659 370 5728 (lc)
406 5656 660 5732 Diritg—
680 5657 937 5714 custodit.
966 5657 1137 5723 Dixit,
1167 5676 1298 5732 quae
1326 5659 1692 5717 voluntatem
1727 5661 1827 5716 Del

211 5731 465 5787 faciunt.
498 5729 773 5802 Voluntas
814 5738 1012 5785 autem
1053 5729 1450 5795 Deifservare
1477 5732 1826 5802 evangelica

209 5807 516 5877 praecepta
546 5806 602 5856 et
630 5800 871 5856 salutem
912 5803 1221 5873 consequi.

689 5889 925 5945 PATROL.
967 5889 1073 5946 GR.
1116 5889 1361 5949 CXXIX.

2026 5343 2080 5413 9)
2107 5345 2228 5396 ἐκεῖ.
2263 5343 2322 5396 Β.

2026 5343 2080 5413 9)
2107 5345 2228 5396 ἐκεῖ.
2263 5343 2322 5396 Β.

2321 5410 2437 5541 xli,
2461 5424 2602 5484 pag.
2629 5409 2752 5467 467.
2784 5409 2847 5466 C.

2146 5486 2299 5537 αὐτόν
2328 5483 2374 5536 Α
2386 5522 2402 5541 .

2015 5661 2726 5733 Tanquam—accederet.
2779 5664 3087 5733 Tanquam
3137 5659 3210 5716 de
3263 5675 3324 5716 re
3373 5659 3578 5715 dome-

1941 5733 2087 5790 stica
2116 5748 2253 5788 cum
2286 5749 2354 5789 eo
2383 5749 2557 5802 agere
2599 5731 2790 5788 vellet.

3111 5888 3178 5941 13
