  <div class='ocr_page' id='page_1' title='image "/cluster/home/n/w/nwhite01/storage/ocr_20150623/129/hvd.32044019208511/221.png"; bbox 0 0 4176 6420; ppageno 0'>
   <div class='ocr_carea' id='block_1_1' title="bbox 633 396 742 454">
    <p class='ocr_par' dir='ltr' id='par_1_1' title="bbox 633 396 742 454">
     <span class='ocr_line' id='line_1_1' title="bbox 633 396 742 454; baseline 0 0"><span class='ocrx_word' id='word_1_1' title='bbox 633 396 742 454; x_wconf 78' lang='grc'><strong>395</strong></span> 
     </span>
    </p>
   </div>
   <div class='ocr_carea' id='block_1_2' title="bbox 1970 394 2679 458">
    <p class='ocr_par' dir='ltr' id='par_1_2' title="bbox 1970 394 2679 458">
     <span class='ocr_line' id='line_1_2' title="bbox 1970 394 2679 458; baseline 0.004 -4"><span class='ocrx_word' id='word_1_2' title='bbox 1970 394 2316 458; x_wconf 86' lang='lat' dir='ltr'><strong>EUTHYMII</strong></span> <span class='ocrx_word' id='word_1_3' title='bbox 2354 397 2679 458; x_wconf 79' lang='lat' dir='ltr'><strong>ZIGABENI</strong></span> 
     </span>
    </p>
   </div>
   <div class='ocr_carea' id='block_1_3' title="bbox 3895 402 4021 468">
    <p class='ocr_par' dir='ltr' id='par_1_3' title="bbox 3895 402 4021 468">
     <span class='ocr_line' id='line_1_3' title="bbox 3895 402 4021 468; baseline 0.048 -6"><span class='ocrx_word' id='word_1_4' title='bbox 3895 402 4021 468; x_wconf 87' lang='lat'><strong>396</strong></span> 
     </span>
    </p>
   </div>
   <div class='ocr_carea' id='block_1_4' title="bbox 634 522 2269 601">
    <p class='ocr_par' dir='ltr' id='par_1_4' title="bbox 634 522 2269 597">
     <span class='ocr_line' id='line_1_4' title="bbox 634 522 2269 597; baseline 0.001 -18"><span class='ocrx_word' id='word_1_5' title='bbox 634 537 872 593; x_wconf 80' lang='lat' dir='ltr'><strong>gressus</strong></span> <span class='ocrx_word' id='word_1_6' title='bbox 891 522 1096 581; x_wconf 99' lang='lat' dir='ltr'><strong>navim</strong></span> <span class='ocrx_word' id='word_1_7' title='bbox 1122 538 1253 596; x_wconf 68' lang='lat' dir='ltr'><strong>qua)</strong></span> <span class='ocrx_word' id='word_1_8' title='bbox 1278 522 1340 580; x_wconf 94' lang='lat' dir='ltr'><strong>in</strong></span> <span class='ocrx_word' id='word_1_9' title='bbox 1360 528 1603 597; x_wconf 88' lang='lat' dir='ltr'><strong>portum</strong></span> <span class='ocrx_word' id='word_1_10' title='bbox 1625 523 1885 582; x_wconf 88' lang='lat' dir='ltr'><strong>addtuca</strong></span> <span class='ocrx_word' id='word_1_11' title='bbox 1925 540 2045 592; x_wconf 90' lang='lat' dir='ltr'><strong>era,</strong></span> <span class='ocrx_word' id='word_1_12' title='bbox 2066 526 2269 583; x_wconf 75' lang='lat' dir='ltr'><strong>sedens</strong></span> 
     </span>
    </p>
   </div>
   <div class='ocr_carea' id='block_1_5' title="bbox 2377 522 4021 601">
    <p class='ocr_par' dir='ltr' id='par_1_5' title="bbox 2394 526 4021 601">
     <span class='ocr_line' id='line_1_5' title="bbox 2394 526 4021 601; baseline 0.006 -22"><span class='ocrx_word' id='word_1_13' title='bbox 2394 526 2632 579; x_wconf 79' lang='grc' dir='ltr'><strong>εἰσελθὼν</strong></span> <span class='ocrx_word' id='word_1_14' title='bbox 2681 527 2750 589; x_wconf 78' lang='grc' dir='ltr'><strong>εἰς</strong></span> <span class='ocrx_word' id='word_1_15' title='bbox 2788 526 2961 580; x_wconf 87' lang='grc' dir='ltr'><strong>πλοῖον</strong></span> <span class='ocrx_word' id='word_1_16' title='bbox 3000 528 3356 601; x_wconf 81' lang='grc' dir='ltr'><strong>ὁρμιζόμενον,</strong></span> <span class='ocrx_word' id='word_1_17' title='bbox 3388 530 3608 589; x_wconf 72' lang='grc' dir='ltr'><strong>ἐκάθητο</strong></span> <span class='ocrx_word' id='word_1_18' title='bbox 3644 531 3857 586; x_wconf 78' lang='grc' dir='ltr'><strong>άλιεύων</strong></span> <span class='ocrx_word' id='word_1_19' title='bbox 3884 539 4021 598; x_wconf 79' lang='grc' dir='ltr'><strong>τοὺς</strong></span> 
     </span>
    </p>
   </div>
   <div class='ocr_carea' id='block_1_6' title="bbox 632 612 1738 685">
    <p class='ocr_par' dir='ltr' id='par_1_6' title="bbox 632 612 1738 685">
     <span class='ocr_line' id='line_1_6' title="bbox 632 612 1738 685; baseline 0 -17"><span class='ocrx_word' id='word_1_20' title='bbox 632 613 969 685; x_wconf 81' lang='lat' dir='ltr'><strong>piscabatur</strong></span> <span class='ocrx_word' id='word_1_21' title='bbox 996 628 1097 668; x_wconf 90' lang='lat' dir='ltr'><strong>eos</strong></span> <span class='ocrx_word' id='word_1_22' title='bbox 1126 612 1231 684; x_wconf 86' lang='lat' dir='ltr'><strong>qui</strong></span> <span class='ocrx_word' id='word_1_23' title='bbox 1266 617 1431 670; x_wconf 88' lang='lat' dir='ltr'><strong>erant</strong></span> <span class='ocrx_word' id='word_1_24' title='bbox 1470 613 1533 669; x_wconf 92' lang='lat' dir='ltr'><strong>in</strong></span> <span class='ocrx_word' id='word_1_25' title='bbox 1563 619 1738 670; x_wconf 89' lang='lat' dir='ltr'><strong>terra.</strong></span> 
     </span>
    </p>
   </div>
   <div class='ocr_carea' id='block_1_7' title="bbox 1007 701 1897 773">
    <p class='ocr_par' dir='ltr' id='par_1_7' title="bbox 1007 701 1897 773">
     <span class='ocr_line' id='line_1_7' title="bbox 1007 701 1897 773; baseline 0.004 -18"><span class='ocrx_word' id='word_1_26' title='bbox 1007 701 1170 756; x_wconf 75' lang='lat' dir='ltr'><strong>CAP.</strong></span> <span class='ocrx_word' id='word_1_27' title='bbox 1213 703 1436 759; x_wconf 84' lang='lat' dir='ltr'><strong>XXXIV.</strong></span> <span class='ocrx_word' id='word_1_28' title='bbox 1468 703 1552 760; x_wconf 88' lang='lat' dir='ltr'><strong>De</strong></span> <span class='ocrx_word' id='word_1_29' title='bbox 1574 702 1897 773; x_wconf 82' lang='lat' dir='ltr'><strong>parabolis.</strong></span> 
     </span>
    </p>
   </div>
   <div class='ocr_carea' id='block_1_8' title="bbox 700 789 2280 864">
    <p class='ocr_par' dir='ltr' id='par_1_8' title="bbox 700 789 2280 864">
     <span class='ocr_line' id='line_1_8' title="bbox 700 789 2280 864; baseline 0.001 -19"><span class='ocrx_word' id='word_1_30' title='bbox 700 790 873 847; x_wconf 84' lang='lat' dir='ltr'><strong>Vers.</strong></span> <span class='ocrx_word' id='word_1_31' title='bbox 901 791 955 846; x_wconf 90' lang='lat'><strong><em>2.</em></strong></span> <span class='ocrx_word' id='word_1_32' title='bbox 992 789 1309 863; x_wconf 83' lang='lat' dir='ltr'><strong>Omnisque</strong></span> <span class='ocrx_word' id='word_1_33' title='bbox 1346 823 1414 832; x_wconf 96' lang='lat'><strong><em>—</em></strong></span> <span class='ocrx_word' id='word_1_34' title='bbox 1449 791 1775 861; x_wconf 83' lang='lat' dir='ltr'><strong>parabolis.</strong></span> <span class='ocrx_word' id='word_1_35' title='bbox 1809 792 1917 847; x_wconf 88' lang='lat' dir='ltr'><strong>Per</strong></span> <span class='ocrx_word' id='word_1_36' title='bbox 1955 790 2280 864; x_wconf 83' lang='lat' dir='ltr'><strong>parabolas</strong></span> 
     </span>
    </p>
   </div>
   <div class='ocr_carea' id='block_1_9' title="bbox 629 878 2279 953">
    <p class='ocr_par' dir='ltr' id='par_1_9' title="bbox 629 878 2279 953">
     <span class='ocr_line' id='line_1_9' title="bbox 629 878 2279 953; baseline 0 -18"><span class='ocrx_word' id='word_1_37' title='bbox 629 894 875 936; x_wconf 89' lang='lat' dir='ltr'><strong>omnem</strong></span> <span class='ocrx_word' id='word_1_38' title='bbox 911 878 1073 935; x_wconf 90' lang='lat' dir='ltr'><strong>hunc</strong></span> <span class='ocrx_word' id='word_1_39' title='bbox 1102 880 1241 936; x_wconf 80' lang='lat' dir='ltr'><strong>texit</strong></span> <span class='ocrx_word' id='word_1_40' title='bbox 1270 895 1608 937; x_wconf 84' lang='lat' dir='ltr'><strong>sermonem</strong></span> <span class='ocrx_word' id='word_1_41' title='bbox 1642 896 1654 935; x_wconf 90' lang='lat'>:</span> <span class='ocrx_word' id='word_1_42' title='bbox 1689 897 1756 936; x_wconf 93' lang='lat' dir='ltr'><strong>eo</strong></span> <span class='ocrx_word' id='word_1_43' title='bbox 1795 880 1961 953; x_wconf 91' lang='lat' dir='ltr'><strong>quod</strong></span> <span class='ocrx_word' id='word_1_44' title='bbox 2000 881 2279 936; x_wconf 83' lang='lat' dir='ltr'><strong>maximae</strong></span> 
     </span>
    </p>
   </div>
   <div class='ocr_carea' id='block_1_10' title="bbox 627 967 2277 1040">
    <p class='ocr_par' dir='ltr' id='par_1_10' title="bbox 627 967 2277 1040">
     <span class='ocr_line' id='line_1_10' title="bbox 627 967 2277 1040; baseline -0.002 -15"><span class='ocrx_word' id='word_1_45' title='bbox 627 967 840 1035; x_wconf 63' lang='lat' dir='ltr'><strong>turbae,</strong></span> <span class='ocrx_word' id='word_1_46' title='bbox 880 967 1132 1025; x_wconf 84' lang='lat' dir='ltr'><strong>immisti</strong></span> <span class='ocrx_word' id='word_1_47' title='bbox 1164 973 1357 1025; x_wconf 90' lang='lat' dir='ltr'><strong>essent</strong></span> <span class='ocrx_word' id='word_1_48' title='bbox 1398 968 1599 1040; x_wconf 86' lang='lat' dir='ltr'><strong>plures</strong></span> <span class='ocrx_word' id='word_1_49' title='bbox 1631 969 1850 1026; x_wconf 73' lang='lat' dir='ltr'><strong>Scribte</strong></span> <span class='ocrx_word' id='word_1_50' title='bbox 1890 973 1946 1025; x_wconf 88' lang='lat' dir='ltr'><strong>et</strong></span> <span class='ocrx_word' id='word_1_51' title='bbox 1976 968 2277 1037; x_wconf 67' lang='lat' dir='ltr'><strong>Pharisaei,</strong></span> 
     </span>
    </p>
   </div>
   <div class='ocr_carea' id='block_1_11' title="bbox 629 1055 2275 1131">
    <p class='ocr_par' dir='ltr' id='par_1_11' title="bbox 629 1055 2275 1131">
     <span class='ocr_line' id='line_1_11' title="bbox 629 1055 2275 1131; baseline 0.001 -18"><span class='ocrx_word' id='word_1_52' title='bbox 629 1055 848 1130; x_wconf 86' lang='lat' dir='ltr'><strong>quibus</strong></span> <span class='ocrx_word' id='word_1_53' title='bbox 884 1056 1125 1114; x_wconf 83' lang='lat' dir='ltr'><strong>nolebat</strong></span> <span class='ocrx_word' id='word_1_54' title='bbox 1152 1057 1434 1115; x_wconf 64' lang='lat' dir='ltr'><strong>doctrina;</strong></span> <span class='ocrx_word' id='word_1_55' title='bbox 1463 1059 1628 1115; x_wconf 82' lang='lat' dir='ltr'><strong>nuda</strong></span> <span class='ocrx_word' id='word_1_56' title='bbox 1655 1073 1992 1131; x_wconf 87' lang='lat' dir='ltr'><strong>proponere</strong></span> <span class='ocrx_word' id='word_1_57' title='bbox 2023 1062 2275 1123; x_wconf 88' lang='lat' dir='ltr'><strong>secreta,</strong></span> 
     </span>
    </p>
   </div>
   <div class='ocr_carea' id='block_1_12' title="bbox 630 1145 1755 1219">
    <p class='ocr_par' dir='ltr' id='par_1_12' title="bbox 630 1145 1755 1219">
     <span class='ocr_line' id='line_1_12' title="bbox 630 1145 1755 1219; baseline -0.001 -16"><span class='ocrx_word' id='word_1_58' title='bbox 630 1150 874 1219; x_wconf 83' lang='lat' dir='ltr'><strong>prOpter</strong></span> <span class='ocrx_word' id='word_1_59' title='bbox 898 1145 1236 1205; x_wconf 81' lang='lat' dir='ltr'><strong>insanabile</strong></span> <span class='ocrx_word' id='word_1_60' title='bbox 1265 1145 1499 1205; x_wconf 91' lang='lat' dir='ltr'><strong>illorum</strong></span> <span class='ocrx_word' id='word_1_61' title='bbox 1525 1146 1755 1204; x_wconf 80' lang='lat' dir='ltr'><strong>vitium.</strong></span> 
     </span>
    </p>
   </div>
   <div class='ocr_carea' id='block_1_13' title="bbox 698 1323 2278 1382">
    <p class='ocr_par' dir='ltr' id='par_1_13' title="bbox 698 1323 2278 1382">
     <span class='ocr_line' id='line_1_13' title="bbox 698 1323 2278 1382; baseline 0.001 -4"><span class='ocrx_word' id='word_1_62' title='bbox 698 1324 863 1380; x_wconf 82' lang='lat' dir='ltr'><strong>Vers.</strong></span> <span class='ocrx_word' id='word_1_63' title='bbox 919 1327 970 1380; x_wconf 84' lang='lat'><strong>3.</strong></span> <span class='ocrx_word' id='word_1_64' title='bbox 1021 1323 1234 1382; x_wconf 69' lang='lat' dir='ltr'><strong>Dicam</strong></span> <span class='ocrx_word' id='word_1_65' title='bbox 1280 1341 1293 1381; x_wconf 89' lang='lat'><strong>:</strong></span> <span class='ocrx_word' id='word_1_66' title='bbox 1352 1355 1422 1366; x_wconf 90' lang='lat'>—</span> <span class='ocrx_word' id='word_1_67' title='bbox 1467 1324 1544 1382; x_wconf 84' lang='lat' dir='ltr'><strong>ad</strong></span> <span class='ocrx_word' id='word_1_68' title='bbox 1592 1325 2026 1382; x_wconf 82' lang='lat' dir='ltr'><strong>seminandum.</strong></span> <span class='ocrx_word' id='word_1_69' title='bbox 2091 1326 2278 1381; x_wconf 87' lang='lat' dir='ltr'><strong>Lucas</strong></span> 
     </span>
    </p>
   </div>
   <div class='ocr_carea' id='block_1_14' title="bbox 627 1412 2279 1481">
    <p class='ocr_par' dir='ltr' id='par_1_14' title="bbox 627 1412 2279 1481">
     <span class='ocr_line' id='line_1_14' title="bbox 627 1412 2279 1481; baseline -0.001 -12"><span class='ocrx_word' id='word_1_70' title='bbox 627 1416 828 1469; x_wconf 88' lang='lat' dir='ltr'><strong>autem</strong></span> <span class='ocrx_word' id='word_1_71' title='bbox 879 1412 1123 1481; x_wconf 80' lang='lat' dir='ltr'><strong>addidit,</strong></span> <span class='ocrx_word' id='word_1_72' title='bbox 1182 1427 1392 1472; x_wconf 81' lang='lat' dir='ltr'><strong>semem</strong></span> <span class='ocrx_word' id='word_1_73' title='bbox 1438 1430 1605 1471; x_wconf 81' lang='lat' dir='ltr'><strong>suum</strong></span> <span class='ocrx_word' id='word_1_74' title='bbox 1666 1415 1736 1469; x_wconf 80' lang='lat'><strong>&quot;.</strong></span> <span class='ocrx_word' id='word_1_75' title='bbox 1797 1414 1907 1480; x_wconf 85' lang='lat' dir='ltr'><strong>Qui</strong></span> <span class='ocrx_word' id='word_1_76' title='bbox 1957 1412 2279 1470; x_wconf 90' lang='lat' dir='ltr'><strong>seminabat</strong></span> 
     </span>
    </p>
   </div>
   <div class='ocr_carea' id='block_1_15' title="bbox 625 1500 2277 1572">
    <p class='ocr_par' dir='ltr' id='par_1_15' title="bbox 625 1500 2277 1572">
     <span class='ocr_line' id='line_1_15' title="bbox 625 1500 2277 1572; baseline -0.001 -14"><span class='ocrx_word' id='word_1_77' title='bbox 625 1505 753 1558; x_wconf 89' lang='lat' dir='ltr'><strong>erat</strong></span> <span class='ocrx_word' id='word_1_78' title='bbox 793 1500 1057 1559; x_wconf 77' lang='lat' dir='ltr'><strong>Christus</strong></span> <span class='ocrx_word' id='word_1_79' title='bbox 1093 1503 1314 1560; x_wconf 92' lang='lat' dir='ltr'><strong>docens</strong></span> <span class='ocrx_word' id='word_1_80' title='bbox 1346 1520 1361 1572; x_wconf 89' lang='lat'><strong>;</strong></span> <span class='ocrx_word' id='word_1_81' title='bbox 1409 1517 1616 1559; x_wconf 89' lang='lat' dir='ltr'><strong>semen</strong></span> <span class='ocrx_word' id='word_1_82' title='bbox 1657 1518 1796 1559; x_wconf 91' lang='lat' dir='ltr'><strong>vero</strong></span> <span class='ocrx_word' id='word_1_83' title='bbox 1848 1518 2046 1571; x_wconf 88' lang='lat' dir='ltr'><strong>suum,</strong></span> <span class='ocrx_word' id='word_1_84' title='bbox 2081 1516 2277 1558; x_wconf 88' lang='lat' dir='ltr'><strong>sermo</strong></span> 
     </span>
    </p>
   </div>
   <div class='ocr_carea' id='block_1_16' title="bbox 625 1588 2276 1661">
    <p class='ocr_par' dir='ltr' id='par_1_16' title="bbox 625 1588 2276 1661">
     <span class='ocr_line' id='line_1_16' title="bbox 625 1588 2276 1661; baseline -0.001 -15"><span class='ocrx_word' id='word_1_85' title='bbox 625 1588 908 1647; x_wconf 69' lang='lat' dir='ltr'><strong>doctrinm</strong></span> <span class='ocrx_word' id='word_1_86' title='bbox 951 1589 1131 1647; x_wconf 88' lang='lat' dir='ltr'><strong>illius.</strong></span> <span class='ocrx_word' id='word_1_87' title='bbox 1185 1590 1376 1649; x_wconf 83' lang='lat' dir='ltr'><strong>Exivit</strong></span> <span class='ocrx_word' id='word_1_88' title='bbox 1417 1605 1561 1661; x_wconf 92' lang='lat' dir='ltr'><strong>ergo</strong></span> <span class='ocrx_word' id='word_1_89' title='bbox 1604 1590 1666 1647; x_wconf 92' lang='lat' dir='ltr'><strong>in</strong></span> <span class='ocrx_word' id='word_1_90' title='bbox 1710 1590 1973 1648; x_wconf 85' lang='lat' dir='ltr'><strong>civitates</strong></span> <span class='ocrx_word' id='word_1_91' title='bbox 2015 1595 2071 1647; x_wconf 89' lang='lat' dir='ltr'><strong>et</strong></span> <span class='ocrx_word' id='word_1_92' title='bbox 2112 1590 2276 1646; x_wconf 89' lang='lat' dir='ltr'><strong>vicos</strong></span> 
     </span>
    </p>
   </div>
   <div class='ocr_carea' id='block_1_17' title="bbox 623 1677 2277 1752">
    <p class='ocr_par' dir='ltr' id='par_1_17' title="bbox 623 1677 2277 1752">
     <span class='ocr_line' id='line_1_17' title="bbox 623 1677 2277 1752; baseline 0 -19"><span class='ocrx_word' id='word_1_93' title='bbox 623 1677 838 1735; x_wconf 71' lang='lat' dir='ltr'><strong>Iudaeas</strong></span> <span class='ocrx_word' id='word_1_94' title='bbox 875 1678 955 1735; x_wconf 90' lang='lat' dir='ltr'><strong>ad</strong></span> <span class='ocrx_word' id='word_1_95' title='bbox 981 1680 1186 1752; x_wconf 89' lang='lat' dir='ltr'><strong>ipsum</strong></span> <span class='ocrx_word' id='word_1_96' title='bbox 1212 1679 1635 1737; x_wconf 83' lang='lat' dir='ltr'><strong>seminandum</strong></span> <span class='ocrx_word' id='word_1_97' title='bbox 1662 1678 1726 1735; x_wconf 93' lang='lat' dir='ltr'><strong>in</strong></span> <span class='ocrx_word' id='word_1_98' title='bbox 1763 1683 1982 1736; x_wconf 89' lang='lat' dir='ltr'><strong>terram</strong></span> <span class='ocrx_word' id='word_1_99' title='bbox 2020 1677 2277 1735; x_wconf 89' lang='lat' dir='ltr'><strong>intellec-</strong></span> 
     </span>
    </p>
   </div>
   <div class='ocr_carea' id='block_1_18' title="bbox 621 1766 2267 1836">
    <p class='ocr_par' dir='ltr' id='par_1_18' title="bbox 621 1766 2267 1836">
     <span class='ocr_line' id='line_1_18' title="bbox 621 1766 2267 1836; baseline 0 -13"><span class='ocrx_word' id='word_1_100' title='bbox 621 1767 847 1825; x_wconf 88' lang='lat' dir='ltr'><strong>tualem</strong></span> <span class='ocrx_word' id='word_1_101' title='bbox 892 1768 1232 1828; x_wconf 88' lang='lat' dir='ltr'><strong>animaram</strong></span> <span class='ocrx_word' id='word_1_102' title='bbox 1268 1768 1700 1836; x_wconf 87' lang='lat' dir='ltr'><strong>humanarum,</strong></span> <span class='ocrx_word' id='word_1_103' title='bbox 1741 1767 1866 1824; x_wconf 88' lang='lat' dir='ltr'><strong>sive</strong></span> <span class='ocrx_word' id='word_1_104' title='bbox 1904 1766 1966 1824; x_wconf 91' lang='lat' dir='ltr'><strong>in</strong></span> <span class='ocrx_word' id='word_1_105' title='bbox 2006 1772 2267 1824; x_wconf 91' lang='lat' dir='ltr'><strong>mentem</strong></span> 
     </span>
    </p>
   </div>
   <div class='ocr_carea' id='block_1_19' title="bbox 620 1854 879 1913">
    <p class='ocr_par' dir='ltr' id='par_1_19' title="bbox 620 1854 879 1913">
     <span class='ocr_line' id='line_1_19' title="bbox 620 1854 879 1913; baseline 0.004 -1"><span class='ocrx_word' id='word_1_106' title='bbox 620 1854 879 1913; x_wconf 86' lang='lat' dir='ltr'><strong>illorum.</strong></span> 
     </span>
    </p>
   </div>
   <div class='ocr_carea' id='block_1_20' title="bbox 692 1946 2274 2017">
    <p class='ocr_par' dir='ltr' id='par_1_20' title="bbox 692 1946 2274 2017">
     <span class='ocr_line' id='line_1_20' title="bbox 692 1946 2274 2017; baseline -0.001 -17"><span class='ocrx_word' id='word_1_107' title='bbox 692 1947 853 2001; x_wconf 84' lang='lat' dir='ltr'><strong>Vers.</strong></span> <span class='ocrx_word' id='word_1_108' title='bbox 918 1947 973 2002; x_wconf 75' lang='grc'><strong>4.</strong></span> <span class='ocrx_word' id='word_1_109' title='bbox 1020 1948 1118 2001; x_wconf 72' lang='grc' dir='ltr'><strong>.Εέ</strong></span> <span class='ocrx_word' id='word_1_110' title='bbox 1177 1947 1315 2003; x_wconf 85' lang='lat' dir='ltr'><strong>dum</strong></span> <span class='ocrx_word' id='word_1_111' title='bbox 1367 1977 1438 1990; x_wconf 89' lang='lat'><strong><em>—</em></strong></span> <span class='ocrx_word' id='word_1_112' title='bbox 1500 1946 1633 2002; x_wconf 78' lang='lat' dir='ltr'><strong>illa.</strong></span> <span class='ocrx_word' id='word_1_113' title='bbox 1698 1947 2115 2017; x_wconf 88' lang='lat' dir='ltr'><strong>lnterpretatus</strong></span> <span class='ocrx_word' id='word_1_114' title='bbox 2182 1950 2274 2000; x_wconf 88' lang='lat' dir='ltr'><strong>est</strong></span> 
     </span>
    </p>
   </div>
   <div class='ocr_carea' id='block_1_21' title="bbox 625 2031 2271 2107">
    <p class='ocr_par' dir='ltr' id='par_1_21' title="bbox 625 2031 2271 2107">
     <span class='ocr_line' id='line_1_21' title="bbox 625 2031 2271 2107; baseline -0.001 -18"><span class='ocrx_word' id='word_1_115' title='bbox 625 2031 887 2090; x_wconf 89' lang='lat' dir='ltr'><strong>Christus</strong></span> <span class='ocrx_word' id='word_1_116' title='bbox 923 2033 1050 2106; x_wconf 88' lang='lat' dir='ltr'><strong>ipse</strong></span> <span class='ocrx_word' id='word_1_117' title='bbox 1082 2034 1238 2090; x_wconf 91' lang='lat' dir='ltr'><strong>hanc</strong></span> <span class='ocrx_word' id='word_1_118' title='bbox 1274 2033 1649 2107; x_wconf 91' lang='lat' dir='ltr'><strong>parabolam,</strong></span> <span class='ocrx_word' id='word_1_119' title='bbox 1689 2038 1746 2090; x_wconf 88' lang='lat' dir='ltr'><strong>et</strong></span> <span class='ocrx_word' id='word_1_120' title='bbox 1782 2049 1884 2090; x_wconf 87' lang='lat' dir='ltr'><strong>eas</strong></span> <span class='ocrx_word' id='word_1_121' title='bbox 1912 2049 2049 2105; x_wconf 57' lang='lat' dir='ltr'><strong>quae</strong></span> <span class='ocrx_word' id='word_1_122' title='bbox 2087 2032 2147 2088; x_wconf 91' lang='lat' dir='ltr'><strong>in</strong></span> <span class='ocrx_word' id='word_1_123' title='bbox 2185 2048 2271 2089; x_wconf 91' lang='lat' dir='ltr'><strong>se-</strong></span> 
     </span>
    </p>
   </div>
   <div class='ocr_carea' id='block_1_22' title="bbox 621 2120 2268 2194">
    <p class='ocr_par' dir='ltr' id='par_1_22' title="bbox 621 2120 2268 2194">
     <span class='ocr_line' id='line_1_22' title="bbox 621 2120 2268 2194; baseline 0 -17"><span class='ocrx_word' id='word_1_124' title='bbox 621 2120 947 2194; x_wconf 88' lang='lat' dir='ltr'><strong>quentibus</strong></span> <span class='ocrx_word' id='word_1_125' title='bbox 971 2127 1277 2194; x_wconf 91' lang='lat' dir='ltr'><strong>ponuntur</strong></span> <span class='ocrx_word' id='word_1_126' title='bbox 1316 2140 1331 2190; x_wconf 89' lang='lat'>;</span> <span class='ocrx_word' id='word_1_127' title='bbox 1384 2123 1653 2179; x_wconf 90' lang='lat' dir='ltr'><strong>dicemus</strong></span> <span class='ocrx_word' id='word_1_128' title='bbox 1690 2127 1893 2179; x_wconf 88' lang='lat' dir='ltr'><strong>tamen</strong></span> <span class='ocrx_word' id='word_1_129' title='bbox 1942 2126 2000 2177; x_wconf 92' lang='lat' dir='ltr'><strong>et</strong></span> <span class='ocrx_word' id='word_1_130' title='bbox 2055 2136 2164 2178; x_wconf 91' lang='lat' dir='ltr'><strong>nos</strong></span> <span class='ocrx_word' id='word_1_131' title='bbox 2193 2120 2268 2177; x_wconf 90' lang='lat' dir='ltr'><strong>de</strong></span> 
     </span>
    </p>
   </div>
   <div class='ocr_carea' id='block_1_23' title="bbox 617 2209 2268 2284">
    <p class='ocr_par' dir='ltr' id='par_1_23' title="bbox 617 2209 2268 2284">
     <span class='ocr_line' id='line_1_23' title="bbox 617 2209 2268 2284; baseline 0.002 -20"><span class='ocrx_word' id='word_1_132' title='bbox 617 2209 761 2281; x_wconf 91' lang='lat' dir='ltr'><strong>ipsis</strong></span> <span class='ocrx_word' id='word_1_133' title='bbox 783 2210 953 2282; x_wconf 85' lang='lat' dir='ltr'><strong>juxta</strong></span> <span class='ocrx_word' id='word_1_134' title='bbox 988 2211 1161 2268; x_wconf 87' lang='lat' dir='ltr'><strong>vires.</strong></span> <span class='ocrx_word' id='word_1_135' title='bbox 1204 2213 1309 2269; x_wconf 82' lang='lat' dir='ltr'><strong>Via</strong></span> <span class='ocrx_word' id='word_1_136' title='bbox 1346 2211 1560 2269; x_wconf 90' lang='lat' dir='ltr'><strong>dicitur</strong></span> <span class='ocrx_word' id='word_1_137' title='bbox 1587 2213 1691 2284; x_wconf 91' lang='lat' dir='ltr'><strong>qui</strong></span> <span class='ocrx_word' id='word_1_138' title='bbox 1730 2212 1928 2283; x_wconf 82' lang='lat' dir='ltr'><strong>segnis</strong></span> <span class='ocrx_word' id='word_1_139' title='bbox 1966 2216 2057 2267; x_wconf 92' lang='lat' dir='ltr'><strong>est</strong></span> <span class='ocrx_word' id='word_1_140' title='bbox 2097 2229 2110 2266; x_wconf 95' lang='lat'>:</span> <span class='ocrx_word' id='word_1_141' title='bbox 2162 2211 2268 2283; x_wconf 93' lang='lat' dir='ltr'><strong>qui</strong></span> 
     </span>
    </p>
   </div>
   <div class='ocr_carea' id='block_1_24' title="bbox 616 2298 2263 2374">
    <p class='ocr_par' dir='ltr' id='par_1_24' title="bbox 616 2298 2263 2374">
     <span class='ocr_line' id='line_1_24' title="bbox 616 2298 2263 2374; baseline 0.001 -21"><span class='ocrx_word' id='word_1_142' title='bbox 616 2298 869 2355; x_wconf 88' lang='lat' dir='ltr'><strong>verbum</strong></span> <span class='ocrx_word' id='word_1_143' title='bbox 907 2299 1191 2357; x_wconf 73' lang='lat' dir='ltr'><strong>doctrina:</strong></span> <span class='ocrx_word' id='word_1_144' title='bbox 1230 2301 1439 2358; x_wconf 88' lang='lat' dir='ltr'><strong>auditu</strong></span> <span class='ocrx_word' id='word_1_145' title='bbox 1466 2302 1713 2374; x_wconf 87' lang='lat' dir='ltr'><strong>quidem</strong></span> <span class='ocrx_word' id='word_1_146' title='bbox 1747 2301 2015 2372; x_wconf 86' lang='lat' dir='ltr'><strong>percipit,</strong></span> <span class='ocrx_word' id='word_1_147' title='bbox 2054 2315 2263 2355; x_wconf 89' lang='lat' dir='ltr'><strong>verum</strong></span> 
     </span>
    </p>
   </div>
   <div class='ocr_carea' id='block_1_25' title="bbox 616 2386 2262 2463">
    <p class='ocr_par' dir='ltr' id='par_1_25' title="bbox 616 2386 2262 2463">
     <span class='ocr_line' id='line_1_25' title="bbox 616 2386 2262 2463; baseline 0.001 -20"><span class='ocrx_word' id='word_1_148' title='bbox 616 2386 763 2445; x_wconf 90' lang='lat' dir='ltr'><strong>illud</strong></span> <span class='ocrx_word' id='word_1_149' title='bbox 818 2388 882 2445; x_wconf 90' lang='lat' dir='ltr'><strong>in</strong></span> <span class='ocrx_word' id='word_1_150' title='bbox 924 2390 1104 2446; x_wconf 91' lang='lat' dir='ltr'><strong>corde</strong></span> <span class='ocrx_word' id='word_1_151' title='bbox 1147 2405 1257 2446; x_wconf 94' lang='lat' dir='ltr'><strong>suo</strong></span> <span class='ocrx_word' id='word_1_152' title='bbox 1294 2406 1417 2463; x_wconf 62' lang='lat' dir='ltr'><strong>prae</strong></span> <span class='ocrx_word' id='word_1_153' title='bbox 1466 2390 1710 2462; x_wconf 76' lang='lat' dir='ltr'><strong>segnitie</strong></span> <span class='ocrx_word' id='word_1_154' title='bbox 1756 2405 1874 2446; x_wconf 88' lang='lat' dir='ltr'><strong>non</strong></span> <span class='ocrx_word' id='word_1_155' title='bbox 1923 2388 2262 2456; x_wconf 90' lang='lat' dir='ltr'><strong>abscondit,</strong></span> 
     </span>
    </p>
   </div>
   <div class='ocr_carea' id='block_1_26' title="bbox 617 2476 2265 2552">
    <p class='ocr_par' dir='ltr' id='par_1_26' title="bbox 617 2476 2265 2552">
     <span class='ocr_line' id='line_1_26' title="bbox 617 2476 2265 2552; baseline 0 -20"><span class='ocrx_word' id='word_1_156' title='bbox 617 2476 724 2533; x_wconf 88' lang='lat' dir='ltr'><strong>sed</strong></span> <span class='ocrx_word' id='word_1_157' title='bbox 764 2477 938 2550; x_wconf 89' lang='lat' dir='ltr'><strong>quasi</strong></span> <span class='ocrx_word' id='word_1_158' title='bbox 986 2478 1077 2535; x_wconf 86' lang='lat' dir='ltr'><strong>via</strong></span> <span class='ocrx_word' id='word_1_159' title='bbox 1128 2479 1495 2547; x_wconf 88' lang='lat' dir='ltr'><strong>conculcata,</strong></span> <span class='ocrx_word' id='word_1_160' title='bbox 1548 2479 1801 2552; x_wconf 90' lang='lat' dir='ltr'><strong>ideoque</strong></span> <span class='ocrx_word' id='word_1_161' title='bbox 1849 2477 2021 2548; x_wconf 89' lang='lat' dir='ltr'><strong>dura,</strong></span> <span class='ocrx_word' id='word_1_162' title='bbox 2066 2477 2265 2549; x_wconf 91' lang='lat' dir='ltr'><strong>ipsum</strong></span> 
     </span>
    </p>
   </div>
   <div class='ocr_carea' id='block_1_27' title="bbox 610 2561 2263 2638">
    <p class='ocr_par' dir='ltr' id='par_1_27' title="bbox 610 2561 2263 2638">
     <span class='ocr_line' id='line_1_27' title="bbox 610 2561 2263 2638; baseline -0.001 -17"><span class='ocrx_word' id='word_1_163' title='bbox 610 2561 730 2621; x_wconf 80' lang='lat' dir='ltr'><strong>fert</strong></span> <span class='ocrx_word' id='word_1_164' title='bbox 765 2565 971 2623; x_wconf 85' lang='lat' dir='ltr'><strong>leviter</strong></span> <span class='ocrx_word' id='word_1_165' title='bbox 1004 2566 1372 2638; x_wconf 90' lang='lat' dir='ltr'><strong>impositum.</strong></span> <span class='ocrx_word' id='word_1_166' title='bbox 1412 2567 1691 2624; x_wconf 87' lang='lat' dir='ltr'><strong>Volucres</strong></span> <span class='ocrx_word' id='word_1_167' title='bbox 1729 2571 1928 2623; x_wconf 88' lang='lat' dir='ltr'><strong>autem</strong></span> <span class='ocrx_word' id='word_1_168' title='bbox 1968 2566 2099 2623; x_wconf 74' lang='lat' dir='ltr'><strong>coeli</strong></span> <span class='ocrx_word' id='word_1_169' title='bbox 2138 2564 2263 2621; x_wconf 70' lang='lat' dir='ltr'><strong>dse-</strong></span> 
     </span>
    </p>
   </div>
   <div class='ocr_carea' id='block_1_28' title="bbox 616 2652 2261 2728">
    <p class='ocr_par' dir='ltr' id='par_1_28' title="bbox 616 2652 2261 2728">
     <span class='ocr_line' id='line_1_28' title="bbox 616 2652 2261 2728; baseline 0 -20"><span class='ocrx_word' id='word_1_170' title='bbox 616 2652 826 2709; x_wconf 90' lang='lat' dir='ltr'><strong>monia</strong></span> <span class='ocrx_word' id='word_1_171' title='bbox 851 2658 992 2709; x_wconf 88' lang='lat' dir='ltr'><strong>sunt</strong></span> <span class='ocrx_word' id='word_1_172' title='bbox 1019 2654 1080 2709; x_wconf 89' lang='lat' dir='ltr'><strong>in</strong></span> <span class='ocrx_word' id='word_1_173' title='bbox 1110 2669 1239 2712; x_wconf 88' lang='lat' dir='ltr'><strong>aere</strong></span> <span class='ocrx_word' id='word_1_174' title='bbox 1276 2655 1606 2713; x_wconf 86' lang='lat' dir='ltr'><strong>habitantia</strong></span> <span class='ocrx_word' id='word_1_175' title='bbox 1642 2656 1807 2728; x_wconf 90' lang='lat' dir='ltr'><strong>(nam</strong></span> <span class='ocrx_word' id='word_1_176' title='bbox 1833 2659 1890 2713; x_wconf 89' lang='lat' dir='ltr'><strong>et</strong></span> <span class='ocrx_word' id='word_1_177' title='bbox 1919 2670 2113 2712; x_wconf 88' lang='lat' dir='ltr'><strong>aerem</strong></span> <span class='ocrx_word' id='word_1_178' title='bbox 2146 2669 2261 2708; x_wconf 75' lang='lat' dir='ltr'><strong>cce-</strong></span> 
     </span>
    </p>
   </div>
   <div class='ocr_carea' id='block_1_29' title="bbox 618 2739 2266 2818">
    <p class='ocr_par' dir='ltr' id='par_1_29' title="bbox 618 2739 2266 2818">
     <span class='ocr_line' id='line_1_29' title="bbox 618 2739 2266 2818; baseline 0.001 -23"><span class='ocrx_word' id='word_1_179' title='bbox 618 2739 745 2796; x_wconf 90' lang='lat' dir='ltr'><strong>lum</strong></span> <span class='ocrx_word' id='word_1_180' title='bbox 775 2741 1094 2814; x_wconf 86' lang='lat' dir='ltr'><strong>appellavit</strong></span> <span class='ocrx_word' id='word_1_181' title='bbox 1127 2743 1448 2817; x_wconf 89' lang='lat' dir='ltr'><strong>Scriptura)</strong></span> <span class='ocrx_word' id='word_1_182' title='bbox 1479 2761 1615 2817; x_wconf 67' lang='lat' dir='ltr'><strong>quas</strong></span> <span class='ocrx_word' id='word_1_183' title='bbox 1647 2759 1826 2818; x_wconf 87' lang='lat' dir='ltr'><strong>super</strong></span> <span class='ocrx_word' id='word_1_184' title='bbox 1862 2745 2063 2815; x_wconf 89' lang='lat' dir='ltr'><strong>ipsum</strong></span> <span class='ocrx_word' id='word_1_185' title='bbox 2091 2741 2266 2797; x_wconf 90' lang='lat' dir='ltr'><strong>devo-</strong></span> 
     </span>
    </p>
   </div>
   <div class='ocr_carea' id='block_1_30' title="bbox 615 2828 2267 2905">
    <p class='ocr_par' dir='ltr' id='par_1_30' title="bbox 615 2828 2267 2905">
     <span class='ocr_line' id='line_1_30' title="bbox 615 2828 2267 2905; baseline 0.001 -20"><span class='ocrx_word' id='word_1_186' title='bbox 615 2828 830 2898; x_wconf 87' lang='lat' dir='ltr'><strong>lantes,</strong></span> <span class='ocrx_word' id='word_1_187' title='bbox 862 2830 1027 2903; x_wconf 92' lang='lat' dir='ltr'><strong>quod</strong></span> <span class='ocrx_word' id='word_1_188' title='bbox 1052 2831 1110 2888; x_wconf 92' lang='lat' dir='ltr'><strong>in</strong></span> <span class='ocrx_word' id='word_1_189' title='bbox 1140 2834 1318 2889; x_wconf 91' lang='lat' dir='ltr'><strong>corde</strong></span> <span class='ocrx_word' id='word_1_190' title='bbox 1344 2834 1470 2905; x_wconf 88' lang='lat' dir='ltr'><strong>ejus</strong></span> <span class='ocrx_word' id='word_1_191' title='bbox 1499 2834 1859 2890; x_wconf 90' lang='lat' dir='ltr'><strong>seminatum</strong></span> <span class='ocrx_word' id='word_1_192' title='bbox 1884 2835 2030 2898; x_wconf 89' lang='lat' dir='ltr'><strong>erat,</strong></span> <span class='ocrx_word' id='word_1_193' title='bbox 2056 2830 2267 2887; x_wconf 87' lang='lat' dir='ltr'><strong>tollunt</strong></span> 
     </span>
    </p>
   </div>
   <div class='ocr_carea' id='block_1_31' title="bbox 615 2919 2264 2993">
    <p class='ocr_par' dir='ltr' id='par_1_31' title="bbox 615 2919 2264 2993">
     <span class='ocr_line' id='line_1_31' title="bbox 615 2919 2264 2993; baseline 0.001 -20"><span class='ocrx_word' id='word_1_194' title='bbox 615 2920 821 2989; x_wconf 88' lang='lat' dir='ltr'><strong>utpote</strong></span> <span class='ocrx_word' id='word_1_195' title='bbox 849 2934 972 2976; x_wconf 94' lang='lat' dir='ltr'><strong>non</strong></span> <span class='ocrx_word' id='word_1_196' title='bbox 999 2920 1362 2979; x_wconf 87' lang='lat' dir='ltr'><strong>occultatum</strong></span> <span class='ocrx_word' id='word_1_197' title='bbox 1406 2938 1419 2976; x_wconf 89' lang='lat'><strong>:</strong></span> <span class='ocrx_word' id='word_1_198' title='bbox 1452 2923 1616 2993; x_wconf 89' lang='lat' dir='ltr'><strong>quod</strong></span> <span class='ocrx_word' id='word_1_199' title='bbox 1653 2921 1813 2977; x_wconf 90' lang='lat' dir='ltr'><strong>enim</strong></span> <span class='ocrx_word' id='word_1_200' title='bbox 1852 2919 2067 2975; x_wconf 90' lang='lat' dir='ltr'><strong>dicitur</strong></span> <span class='ocrx_word' id='word_1_201' title='bbox 2106 2936 2119 2971; x_wconf 92' lang='lat'><strong>:</strong></span> <span class='ocrx_word' id='word_1_202' title='bbox 2158 2920 2264 2975; x_wconf 88' lang='lat' dir='ltr'><strong>Co-</strong></span> 
     </span>
    </p>
   </div>
   <div class='ocr_carea' id='block_1_32' title="bbox 614 3007 2263 3079">
    <p class='ocr_par' dir='ltr' id='par_1_32' title="bbox 614 3007 2263 3079">
     <span class='ocr_line' id='line_1_32' title="bbox 614 3007 2263 3079; baseline -0.001 -14"><span class='ocrx_word' id='word_1_203' title='bbox 614 3007 943 3078; x_wconf 78' lang='lat' dir='ltr'><strong>mederunt,</strong></span> <span class='ocrx_word' id='word_1_204' title='bbox 985 3010 1145 3068; x_wconf 91' lang='lat' dir='ltr'><strong>idem</strong></span> <span class='ocrx_word' id='word_1_205' title='bbox 1174 3015 1266 3070; x_wconf 88' lang='lat' dir='ltr'><strong>est</strong></span> <span class='ocrx_word' id='word_1_206' title='bbox 1319 3026 1389 3069; x_wconf 90' lang='lat' dir='ltr'><strong>ac</strong></span> <span class='ocrx_word' id='word_1_207' title='bbox 1420 3011 1471 3067; x_wconf 93' lang='lat' dir='ltr'><strong>si</strong></span> <span class='ocrx_word' id='word_1_208' title='bbox 1499 3011 1751 3079; x_wconf 89' lang='lat' dir='ltr'><strong>dicatur,</strong></span> <span class='ocrx_word' id='word_1_209' title='bbox 1787 3009 2158 3068; x_wconf 89' lang='lat' dir='ltr'><strong>abstulerunt</strong></span> <span class='ocrx_word' id='word_1_210' title='bbox 2206 3012 2263 3064; x_wconf 91' lang='lat' dir='ltr'><strong>et</strong></span> 
     </span>
    </p>
   </div>
   <div class='ocr_carea' id='block_1_33' title="bbox 616 3104 1027 3171">
    <p class='ocr_par' dir='ltr' id='par_1_33' title="bbox 616 3104 1027 3171">
     <span class='ocr_line' id='line_1_33' title="bbox 616 3104 1027 3171; baseline 0.01 -17"><span class='ocrx_word' id='word_1_211' title='bbox 616 3104 1027 3171; x_wconf 89' lang='lat' dir='ltr'><strong>corruperunt.</strong></span> 
     </span>
    </p>
   </div>
   <div class='ocr_carea' id='block_1_34' title="bbox 686 3188 2340 3275">
    <p class='ocr_par' dir='ltr' id='par_1_34' title="bbox 686 3188 2340 3275">
     <span class='ocr_line' id='line_1_34' title="bbox 686 3188 2340 3275; baseline 0.001 -32"><span class='ocrx_word' id='word_1_212' title='bbox 686 3188 844 3244; x_wconf 76' lang='grc' dir='ltr'><strong>νοτε.</strong></span> <span class='ocrx_word' id='word_1_213' title='bbox 863 3188 919 3244; x_wconf 75' lang='lat'><strong>5.</strong></span> <span class='ocrx_word' id='word_1_214' title='bbox 946 3188 1085 3246; x_wconf 80' lang='lat' dir='ltr'><strong>Alia</strong></span> <span class='ocrx_word' id='word_1_215' title='bbox 1106 3203 1237 3246; x_wconf 85' lang='lat' dir='ltr'><strong>vero</strong></span> <span class='ocrx_word' id='word_1_216' title='bbox 1258 3203 1493 3246; x_wconf 89' lang='lat' dir='ltr'><strong>—vers.</strong></span> <span class='ocrx_word' id='word_1_217' title='bbox 1523 3190 1574 3244; x_wconf 86' lang='lat'><strong>6.</strong></span> <span class='ocrx_word' id='word_1_218' title='bbox 1602 3191 1987 3246; x_wconf 73' lang='lat' dir='ltr'><strong>exaruerunt.</strong></span> <span class='ocrx_word' id='word_1_219' title='bbox 2023 3188 2264 3245; x_wconf 88' lang='lat' dir='ltr'><strong>Petrosa</strong></span> <span class='ocrx_word' id='word_1_220' title='bbox 2296 3217 2340 3275; x_wconf 70' lang='grc' dir='ltr'><strong>ρ</strong></span> 
     </span>
    </p>
   </div>
   <div class='ocr_carea' id='block_1_35' title="bbox 612 3275 2262 3350">
    <p class='ocr_par' dir='ltr' id='par_1_35' title="bbox 612 3275 2262 3350">
     <span class='ocr_line' id='line_1_35' title="bbox 612 3275 2262 3350; baseline 0 -17"><span class='ocrx_word' id='word_1_221' title='bbox 612 3275 745 3333; x_wconf 90' lang='lat' dir='ltr'><strong>loca</strong></span> <span class='ocrx_word' id='word_1_222' title='bbox 782 3277 1181 3350; x_wconf 89' lang='lat' dir='ltr'><strong>pusillanimis</strong></span> <span class='ocrx_word' id='word_1_223' title='bbox 1218 3280 1309 3335; x_wconf 90' lang='lat' dir='ltr'><strong>est</strong></span> <span class='ocrx_word' id='word_1_224' title='bbox 1352 3281 1454 3333; x_wconf 92' lang='lat' dir='ltr'><strong>aut</strong></span> <span class='ocrx_word' id='word_1_225' title='bbox 1504 3276 1671 3350; x_wconf 88' lang='lat' dir='ltr'><strong>parvi</strong></span> <span class='ocrx_word' id='word_1_226' title='bbox 1718 3278 1900 3334; x_wconf 91' lang='lat' dir='ltr'><strong>homo</strong></span> <span class='ocrx_word' id='word_1_227' title='bbox 1936 3277 2114 3334; x_wconf 88' lang='lat' dir='ltr'><strong>animi</strong></span> <span class='ocrx_word' id='word_1_228' title='bbox 2160 3277 2262 3350; x_wconf 91' lang='lat' dir='ltr'><strong>qui</strong></span> 
     </span>
    </p>
   </div>
   <div class='ocr_carea' id='block_1_36' title="bbox 614 3366 2263 3438">
    <p class='ocr_par' dir='ltr' id='par_1_36' title="bbox 614 3366 2263 3438">
     <span class='ocr_line' id='line_1_36' title="bbox 614 3366 2263 3438; baseline 0 -17"><span class='ocrx_word' id='word_1_229' title='bbox 614 3381 818 3423; x_wconf 87' lang='lat' dir='ltr'><strong>semen</strong></span> <span class='ocrx_word' id='word_1_230' title='bbox 872 3366 1123 3438; x_wconf 88' lang='lat' dir='ltr'><strong>quidem</strong></span> <span class='ocrx_word' id='word_1_231' title='bbox 1165 3366 1226 3422; x_wconf 93' lang='lat' dir='ltr'><strong>in</strong></span> <span class='ocrx_word' id='word_1_232' title='bbox 1282 3366 1457 3423; x_wconf 90' lang='lat' dir='ltr'><strong>corde</strong></span> <span class='ocrx_word' id='word_1_233' title='bbox 1514 3383 1625 3424; x_wconf 90' lang='lat' dir='ltr'><strong>suo</strong></span> <span class='ocrx_word' id='word_1_234' title='bbox 1672 3366 2001 3435; x_wconf 88' lang='lat' dir='ltr'><strong>abscondit,</strong></span> <span class='ocrx_word' id='word_1_235' title='bbox 2059 3382 2263 3421; x_wconf 91' lang='lat' dir='ltr'><strong>verum</strong></span> 
     </span>
    </p>
   </div>
   <div class='ocr_carea' id='block_1_37' title="bbox 612 3454 2263 3528">
    <p class='ocr_par' dir='ltr' id='par_1_37' title="bbox 612 3454 2263 3528">
     <span class='ocr_line' id='line_1_37' title="bbox 612 3454 2263 3528; baseline -0.001 -17"><span class='ocrx_word' id='word_1_236' title='bbox 612 3470 727 3511; x_wconf 90' lang='lat' dir='ltr'><strong>non</strong></span> <span class='ocrx_word' id='word_1_237' title='bbox 753 3455 938 3512; x_wconf 86' lang='lat' dir='ltr'><strong>habet</strong></span> <span class='ocrx_word' id='word_1_238' title='bbox 966 3458 1175 3511; x_wconf 89' lang='lat' dir='ltr'><strong>terram</strong></span> <span class='ocrx_word' id='word_1_239' title='bbox 1204 3455 1456 3513; x_wconf 88' lang='lat' dir='ltr'><strong>multam</strong></span> <span class='ocrx_word' id='word_1_240' title='bbox 1495 3455 1618 3512; x_wconf 87' lang='lat' dir='ltr'><strong>sive</strong></span> <span class='ocrx_word' id='word_1_241' title='bbox 1654 3455 2120 3528; x_wconf 83' lang='lat' dir='ltr'><strong>profunditatem</strong></span> <span class='ocrx_word' id='word_1_242' title='bbox 2153 3472 2167 3509; x_wconf 90' lang='lat'><strong>:</strong></span> <span class='ocrx_word' id='word_1_243' title='bbox 2201 3454 2263 3510; x_wconf 91' lang='lat' dir='ltr'><strong>in</strong></span> 
     </span>
    </p>
   </div>
   <div class='ocr_carea' id='block_1_38' title="bbox 612 3542 2266 3617">
    <p class='ocr_par' dir='ltr' id='par_1_38' title="bbox 612 3542 2266 3617">
     <span class='ocr_line' id='line_1_38' title="bbox 612 3542 2266 3617; baseline -0.001 -18"><span class='ocrx_word' id='word_1_244' title='bbox 612 3559 733 3617; x_wconf 91' lang='lat' dir='ltr'><strong>quo</strong></span> <span class='ocrx_word' id='word_1_245' title='bbox 763 3542 1036 3615; x_wconf 91' lang='lat' dir='ltr'><strong>protinus</strong></span> <span class='ocrx_word' id='word_1_246' title='bbox 1074 3548 1279 3600; x_wconf 84' lang='lat' dir='ltr'><strong>exorta</strong></span> <span class='ocrx_word' id='word_1_247' title='bbox 1318 3549 1404 3600; x_wconf 87' lang='lat' dir='ltr'><strong>est</strong></span> <span class='ocrx_word' id='word_1_248' title='bbox 1433 3544 1597 3609; x_wconf 85' lang='lat' dir='ltr'><strong>ﬁdes,</strong></span> <span class='ocrx_word' id='word_1_249' title='bbox 1634 3559 1753 3598; x_wconf 92' lang='lat' dir='ltr'><strong>non</strong></span> <span class='ocrx_word' id='word_1_250' title='bbox 1796 3549 1993 3599; x_wconf 90' lang='lat' dir='ltr'><strong>tamen</strong></span> <span class='ocrx_word' id='word_1_251' title='bbox 2017 3542 2266 3598; x_wconf 84' lang='lat' dir='ltr'><strong>ﬁrmiter</strong></span> 
     </span>
    </p>
   </div>
   <div class='ocr_carea' id='block_1_39' title="bbox 615 3630 2263 3703">
    <p class='ocr_par' dir='ltr' id='par_1_39' title="bbox 615 3630 2263 3703">
     <span class='ocr_line' id='line_1_39' title="bbox 615 3630 2263 3703; baseline -0.001 -16"><span class='ocrx_word' id='word_1_252' title='bbox 615 3631 890 3697; x_wconf 87' lang='lat' dir='ltr'><strong>solidata,</strong></span> <span class='ocrx_word' id='word_1_253' title='bbox 922 3646 994 3686; x_wconf 94' lang='lat' dir='ltr'><strong>eo</strong></span> <span class='ocrx_word' id='word_1_254' title='bbox 1019 3630 1183 3703; x_wconf 90' lang='lat' dir='ltr'><strong>quod</strong></span> <span class='ocrx_word' id='word_1_255' title='bbox 1210 3632 1611 3694; x_wconf 85' lang='lat' dir='ltr'><strong>stabilitatem,</strong></span> <span class='ocrx_word' id='word_1_256' title='bbox 1648 3635 1708 3686; x_wconf 94' lang='lat' dir='ltr'><strong>ut</strong></span> <span class='ocrx_word' id='word_1_257' title='bbox 1737 3631 1961 3685; x_wconf 89' lang='lat' dir='ltr'><strong>dictum</strong></span> <span class='ocrx_word' id='word_1_258' title='bbox 2001 3635 2108 3695; x_wconf 89' lang='lat' dir='ltr'><strong>est,</strong></span> <span class='ocrx_word' id='word_1_259' title='bbox 2142 3645 2263 3685; x_wconf 93' lang='lat' dir='ltr'><strong>non</strong></span> 
     </span>
    </p>
   </div>
   <div class='ocr_carea' id='block_1_40' title="bbox 613 3716 2264 3790">
    <p class='ocr_par' dir='ltr' id='par_1_40' title="bbox 613 3716 2264 3790">
     <span class='ocr_line' id='line_1_40' title="bbox 613 3716 2264 3790; baseline -0.001 -15"><span class='ocrx_word' id='word_1_260' title='bbox 613 3718 853 3775; x_wconf 89' lang='lat' dir='ltr'><strong>habeat.</strong></span> <span class='ocrx_word' id='word_1_261' title='bbox 897 3721 1043 3773; x_wconf 81' lang='lat' dir='ltr'><strong>Nam</strong></span> <span class='ocrx_word' id='word_1_262' title='bbox 1092 3734 1227 3790; x_wconf 62' lang='lat' dir='ltr'><strong>quae</strong></span> <span class='ocrx_word' id='word_1_263' title='bbox 1263 3717 1507 3774; x_wconf 84' lang='lat' dir='ltr'><strong>modica</strong></span> <span class='ocrx_word' id='word_1_264' title='bbox 1555 3722 1708 3774; x_wconf 90' lang='lat' dir='ltr'><strong>terra</strong></span> <span class='ocrx_word' id='word_1_265' title='bbox 1748 3716 2110 3785; x_wconf 86' lang='lat' dir='ltr'><strong>ocultantur,</strong></span> <span class='ocrx_word' id='word_1_266' title='bbox 2166 3734 2264 3773; x_wconf 78' lang='lat' dir='ltr'><strong>ve-</strong></span> 
     </span>
    </p>
   </div>
   <div class='ocr_carea' id='block_1_41' title="bbox 615 3804 2264 3874">
    <p class='ocr_par' dir='ltr' id='par_1_41' title="bbox 615 3804 2264 3874">
     <span class='ocr_line' id='line_1_41' title="bbox 615 3804 2264 3874; baseline 0.002 -15"><span class='ocrx_word' id='word_1_267' title='bbox 615 3804 814 3861; x_wconf 89' lang='lat' dir='ltr'><strong>lociter</strong></span> <span class='ocrx_word' id='word_1_268' title='bbox 841 3804 1204 3872; x_wconf 86' lang='lat' dir='ltr'><strong>exoriuntur,</strong></span> <span class='ocrx_word' id='word_1_269' title='bbox 1259 3805 1382 3861; x_wconf 91' lang='lat' dir='ltr'><strong>sole</strong></span> <span class='ocrx_word' id='word_1_270' title='bbox 1430 3808 1631 3861; x_wconf 89' lang='lat' dir='ltr'><strong>autem</strong></span> <span class='ocrx_word' id='word_1_271' title='bbox 1678 3810 1900 3874; x_wconf 78' lang='lat' dir='ltr'><strong>exorto,</strong></span> <span class='ocrx_word' id='word_1_272' title='bbox 1942 3805 2076 3862; x_wconf 91' lang='lat' dir='ltr'><strong>dico</strong></span> <span class='ocrx_word' id='word_1_273' title='bbox 2121 3821 2264 3863; x_wconf 90' lang='lat' dir='ltr'><strong>sane</strong></span> 
     </span>
    </p>
   </div>
   <div class='ocr_carea' id='block_1_42' title="bbox 615 3892 2265 3965">
    <p class='ocr_par' dir='ltr' id='par_1_42' title="bbox 615 3892 2265 3965">
     <span class='ocr_line' id='line_1_42' title="bbox 615 3892 2265 3965; baseline 0.003 -18"><span class='ocrx_word' id='word_1_274' title='bbox 615 3892 925 3965; x_wconf 89' lang='lat' dir='ltr'><strong>proposita</strong></span> <span class='ocrx_word' id='word_1_275' title='bbox 976 3892 1322 3949; x_wconf 88' lang='lat' dir='ltr'><strong>tentationis</strong></span> <span class='ocrx_word' id='word_1_276' title='bbox 1378 3893 1753 3965; x_wconf 88' lang='lat' dir='ltr'><strong>probatione,</strong></span> <span class='ocrx_word' id='word_1_277' title='bbox 1811 3899 2139 3951; x_wconf 84' lang='lat' dir='ltr'><strong>exuruntur</strong></span> <span class='ocrx_word' id='word_1_278' title='bbox 2195 3911 2265 3952; x_wconf 92' lang='lat' dir='ltr'><strong>ac</strong></span> 
     </span>
    </p>
   </div>
   <div class='ocr_carea' id='block_1_43' title="bbox 616 3980 2265 4056">
    <p class='ocr_par' dir='ltr' id='par_1_43' title="bbox 616 3980 2265 4056">
     <span class='ocr_line' id='line_1_43' title="bbox 616 3980 2265 4056; baseline 0.002 -20"><span class='ocrx_word' id='word_1_279' title='bbox 616 3980 1060 4037; x_wconf 90' lang='lat' dir='ltr'><strong>inﬂammantur</strong></span> <span class='ocrx_word' id='word_1_280' title='bbox 1092 3998 1106 4037; x_wconf 90' lang='lat'><strong>:</strong></span> <span class='ocrx_word' id='word_1_281' title='bbox 1142 3986 1199 4038; x_wconf 90' lang='lat' dir='ltr'><strong>et</strong></span> <span class='ocrx_word' id='word_1_282' title='bbox 1243 3980 1390 4055; x_wconf 91' lang='lat' dir='ltr'><strong>quia</strong></span> <span class='ocrx_word' id='word_1_283' title='bbox 1426 3982 1687 4038; x_wconf 86' lang='lat' dir='ltr'><strong>radicem</strong></span> <span class='ocrx_word' id='word_1_284' title='bbox 1716 3998 1837 4039; x_wconf 94' lang='lat' dir='ltr'><strong>non</strong></span> <span class='ocrx_word' id='word_1_285' title='bbox 1871 3983 2107 4050; x_wconf 88' lang='lat' dir='ltr'><strong>habent,</strong></span> <span class='ocrx_word' id='word_1_286' title='bbox 2143 4000 2265 4056; x_wconf 91' lang='lat' dir='ltr'><strong>qua</strong></span> 
     </span>
    </p>
   </div>
   <div class='ocr_carea' id='block_1_44' title="bbox 616 4067 2265 4140">
    <p class='ocr_par' dir='ltr' id='par_1_44' title="bbox 616 4067 2265 4140">
     <span class='ocr_line' id='line_1_44' title="bbox 616 4067 2265 4140; baseline 0 -13"><span class='ocrx_word' id='word_1_287' title='bbox 616 4067 1037 4140; x_wconf 81' lang='lat' dir='ltr'><strong>refrigerentur</strong></span> <span class='ocrx_word' id='word_1_288' title='bbox 1105 4070 1227 4127; x_wconf 90' lang='lat' dir='ltr'><strong>sive</strong></span> <span class='ocrx_word' id='word_1_289' title='bbox 1294 4070 1687 4140; x_wconf 85' lang='lat' dir='ltr'><strong>stabiliantur,</strong></span> <span class='ocrx_word' id='word_1_290' title='bbox 1758 4076 2133 4138; x_wconf 82' lang='lat' dir='ltr'><strong>exarescunt,</strong></span> <span class='ocrx_word' id='word_1_291' title='bbox 2201 4071 2265 4127; x_wconf 87' lang='lat' dir='ltr'><strong>ﬁ-</strong></span> 
     </span>
    </p>
   </div>
   <div class='ocr_carea' id='block_1_45' title="bbox 616 4160 1186 4235">
    <p class='ocr_par' dir='ltr' id='par_1_45' title="bbox 616 4160 1186 4235">
     <span class='ocr_line' id='line_1_45' title="bbox 616 4160 1186 4235; baseline 0 -17"><span class='ocrx_word' id='word_1_292' title='bbox 616 4160 876 4233; x_wconf 91' lang='lat' dir='ltr'><strong>demque</strong></span> <span class='ocrx_word' id='word_1_293' title='bbox 908 4160 1186 4235; x_wconf 91' lang='lat' dir='ltr'><strong>produnt.</strong></span> 
     </span>
    </p>
   </div>
   <div class='ocr_carea' id='block_1_46' title="bbox 685 4249 2266 4324">
    <p class='ocr_par' dir='ltr' id='par_1_46' title="bbox 685 4249 2266 4324">
     <span class='ocr_line' id='line_1_46' title="bbox 685 4249 2266 4324; baseline -0.001 -17"><span class='ocrx_word' id='word_1_294' title='bbox 685 4252 843 4308; x_wconf 84' lang='lat' dir='ltr'><strong>Vers.</strong></span> <span class='ocrx_word' id='word_1_295' title='bbox 888 4251 942 4307; x_wconf 88' lang='lat'><strong>7.</strong></span> <span class='ocrx_word' id='word_1_296' title='bbox 982 4250 1129 4308; x_wconf 76' lang='lat' dir='ltr'><strong>Alia</strong></span> <span class='ocrx_word' id='word_1_297' title='bbox 1187 4251 1633 4315; x_wconf 77' lang='lat' dir='ltr'><strong>autem—illa,</strong></span> <span class='ocrx_word' id='word_1_298' title='bbox 1688 4249 1884 4324; x_wconf 71' lang='lat' dir='ltr'><strong>Spinaa</strong></span> <span class='ocrx_word' id='word_1_299' title='bbox 1946 4254 2084 4307; x_wconf 90' lang='lat' dir='ltr'><strong>sunt</strong></span> <span class='ocrx_word' id='word_1_300' title='bbox 2132 4250 2266 4306; x_wconf 60' lang='lat' dir='ltr'><strong>vitai</strong></span> 
     </span>
    </p>
   </div>
   <div class='ocr_carea' id='block_1_47' title="bbox 612 4340 2267 4414">
    <p class='ocr_par' dir='ltr' id='par_1_47' title="bbox 612 4340 2267 4414">
     <span class='ocr_line' id='line_1_47' title="bbox 612 4340 2267 4414; baseline -0.002 -14"><span class='ocrx_word' id='word_1_301' title='bbox 612 4340 973 4410; x_wconf 79' lang='lat' dir='ltr'><strong>sollicitudo,</strong></span> <span class='ocrx_word' id='word_1_302' title='bbox 987 4356 1259 4414; x_wconf 88' lang='lat' dir='ltr'><strong>pungens</strong></span> <span class='ocrx_word' id='word_1_303' title='bbox 1276 4340 1546 4399; x_wconf 87' lang='lat' dir='ltr'><strong>animam</strong></span> <span class='ocrx_word' id='word_1_304' title='bbox 1564 4356 1632 4397; x_wconf 90' lang='lat' dir='ltr'><strong>ac</strong></span> <span class='ocrx_word' id='word_1_305' title='bbox 1645 4340 1927 4412; x_wconf 89' lang='lat' dir='ltr'><strong>dejiciens</strong></span> <span class='ocrx_word' id='word_1_306' title='bbox 1948 4362 1959 4406; x_wconf 86' lang='lat'><strong>;</strong></span> <span class='ocrx_word' id='word_1_307' title='bbox 1980 4343 2267 4413; x_wconf 63' lang='lat' dir='ltr'><strong>praeterea</strong></span> 
     </span>
    </p>
   </div>
   <div class='ocr_carea' id='block_1_48' title="bbox 616 4429 2268 4502">
    <p class='ocr_par' dir='ltr' id='par_1_48' title="bbox 616 4429 2268 4502">
     <span class='ocr_line' id='line_1_48' title="bbox 616 4429 2268 4502; baseline -0.002 -15"><span class='ocrx_word' id='word_1_308' title='bbox 616 4436 673 4487; x_wconf 85' lang='lat' dir='ltr'><strong>et</strong></span> <span class='ocrx_word' id='word_1_309' title='bbox 713 4429 986 4502; x_wconf 90' lang='lat' dir='ltr'><strong>deceptio</strong></span> <span class='ocrx_word' id='word_1_310' title='bbox 1025 4430 1383 4495; x_wconf 88' lang='lat' dir='ltr'><strong>divitiarum,</strong></span> <span class='ocrx_word' id='word_1_311' title='bbox 1435 4430 1587 4487; x_wconf 91' lang='lat' dir='ltr'><strong>sicut</strong></span> <span class='ocrx_word' id='word_1_312' title='bbox 1625 4433 1681 4487; x_wconf 90' lang='lat' dir='ltr'><strong>et</strong></span> <span class='ocrx_word' id='word_1_313' title='bbox 1723 4430 1948 4487; x_wconf 65' lang='lat' dir='ltr'><strong>delieiae</strong></span> <span class='ocrx_word' id='word_1_314' title='bbox 1998 4446 2068 4486; x_wconf 89' lang='lat' dir='ltr'><strong>ac</strong></span> <span class='ocrx_word' id='word_1_315' title='bbox 2110 4444 2268 4486; x_wconf 89' lang='lat' dir='ltr'><strong>vana</strong></span> 
     </span>
    </p>
   </div>
   <div class='ocr_carea' id='block_1_49' title="bbox 610 4517 2268 4592">
    <p class='ocr_par' dir='ltr' id='par_1_49' title="bbox 610 4517 2268 4592">
     <span class='ocr_line' id='line_1_49' title="bbox 610 4517 2268 4592; baseline -0.001 -18"><span class='ocrx_word' id='word_1_316' title='bbox 610 4518 827 4591; x_wconf 83' lang='lat' dir='ltr'><strong>gloria,</strong></span> <span class='ocrx_word' id='word_1_317' title='bbox 870 4518 1190 4577; x_wconf 89' lang='lat' dir='ltr'><strong>vinolentia</strong></span> <span class='ocrx_word' id='word_1_318' title='bbox 1246 4519 1351 4591; x_wconf 74' lang='grc' dir='ltr'><strong>(γη)</strong></span> <span class='ocrx_word' id='word_1_319' title='bbox 1404 4519 1640 4592; x_wconf 86' lang='lat' dir='ltr'><strong>aliaque</strong></span> <span class='ocrx_word' id='word_1_320' title='bbox 1705 4517 2077 4590; x_wconf 88' lang='lat' dir='ltr'><strong>hujusmodi,</strong></span> <span class='ocrx_word' id='word_1_321' title='bbox 2132 4533 2268 4589; x_wconf 68' lang='lat' dir='ltr'><strong>quas</strong></span> 
     </span>
    </p>
   </div>
   <div class='ocr_carea' id='block_1_50' title="bbox 618 4606 2269 4681">
    <p class='ocr_par' dir='ltr' id='par_1_50' title="bbox 618 4606 2269 4681">
     <span class='ocr_line' id='line_1_50' title="bbox 618 4606 2269 4681; baseline -0.001 -18"><span class='ocrx_word' id='word_1_322' title='bbox 618 4607 825 4663; x_wconf 87' lang='lat' dir='ltr'><strong>omnia</strong></span> <span class='ocrx_word' id='word_1_323' title='bbox 874 4612 1012 4663; x_wconf 89' lang='lat' dir='ltr'><strong>sunt</strong></span> <span class='ocrx_word' id='word_1_324' title='bbox 1047 4622 1211 4664; x_wconf 89' lang='lat' dir='ltr'><strong>mera</strong></span> <span class='ocrx_word' id='word_1_325' title='bbox 1246 4607 1512 4681; x_wconf 90' lang='lat' dir='ltr'><strong>deceptio</strong></span> <span class='ocrx_word' id='word_1_326' title='bbox 1566 4625 1577 4663; x_wconf 91' lang='lat'>:</span> <span class='ocrx_word' id='word_1_327' title='bbox 1633 4607 1798 4664; x_wconf 90' lang='lat' dir='ltr'><strong>bona</strong></span> <span class='ocrx_word' id='word_1_328' title='bbox 1850 4606 2143 4678; x_wconf 89' lang='lat' dir='ltr'><strong>siquidem</strong></span> <span class='ocrx_word' id='word_1_329' title='bbox 2185 4606 2269 4662; x_wconf 87' lang='lat' dir='ltr'><strong>vi-</strong></span> 
     </span>
    </p>
   </div>
   <div class='ocr_carea' id='block_1_51' title="bbox 618 4694 2266 4769">
    <p class='ocr_par' dir='ltr' id='par_1_51' title="bbox 618 4694 2266 4769">
     <span class='ocr_line' id='line_1_51' title="bbox 618 4694 2266 4769; baseline -0.002 -17"><span class='ocrx_word' id='word_1_330' title='bbox 618 4695 853 4761; x_wconf 88' lang='lat' dir='ltr'><strong>dentur,</strong></span> <span class='ocrx_word' id='word_1_331' title='bbox 879 4710 1087 4751; x_wconf 90' lang='lat' dir='ltr'><strong>verum</strong></span> <span class='ocrx_word' id='word_1_332' title='bbox 1123 4701 1400 4769; x_wconf 89' lang='lat' dir='ltr'><strong>pungunt</strong></span> <span class='ocrx_word' id='word_1_333' title='bbox 1441 4702 1498 4753; x_wconf 94' lang='lat' dir='ltr'><strong>et</strong></span> <span class='ocrx_word' id='word_1_334' title='bbox 1523 4698 1652 4753; x_wconf 68' lang='lat' dir='ltr'><strong>haec</strong></span> <span class='ocrx_word' id='word_1_335' title='bbox 1682 4696 1742 4751; x_wconf 91' lang='lat' dir='ltr'><strong>in</strong></span> <span class='ocrx_word' id='word_1_336' title='bbox 1774 4696 2025 4750; x_wconf 90' lang='lat' dir='ltr'><strong>modum</strong></span> <span class='ocrx_word' id='word_1_337' title='bbox 2057 4694 2266 4765; x_wconf 71' lang='lat' dir='ltr'><strong>spinae,</strong></span> 
     </span>
    </p>
   </div>
   <div class='ocr_carea' id='block_1_52' title="bbox 620 4783 2270 4850">
    <p class='ocr_par' dir='ltr' id='par_1_52' title="bbox 620 4783 2270 4850">
     <span class='ocr_line' id='line_1_52' title="bbox 620 4783 2270 4850; baseline -0.001 -7"><span class='ocrx_word' id='word_1_338' title='bbox 620 4799 691 4843; x_wconf 86' lang='lat' dir='ltr'><strong>ac</strong></span> <span class='ocrx_word' id='word_1_339' title='bbox 712 4783 966 4842; x_wconf 86' lang='lat' dir='ltr'><strong>molesta</strong></span> <span class='ocrx_word' id='word_1_340' title='bbox 989 4790 1145 4843; x_wconf 88' lang='lat' dir='ltr'><strong>sunt.</strong></span> <span class='ocrx_word' id='word_1_341' title='bbox 1178 4787 1577 4843; x_wconf 76' lang='lat' dir='ltr'><strong>Ascenderunt</strong></span> <span class='ocrx_word' id='word_1_342' title='bbox 1601 4787 1822 4850; x_wconf 89' lang='lat' dir='ltr'><strong>autem,</strong></span> <span class='ocrx_word' id='word_1_343' title='bbox 1854 4783 1968 4841; x_wconf 92' lang='lat' dir='ltr'><strong>hoc</strong></span> <span class='ocrx_word' id='word_1_344' title='bbox 1999 4785 2108 4849; x_wconf 86' lang='lat' dir='ltr'><strong>est,</strong></span> <span class='ocrx_word' id='word_1_345' title='bbox 2149 4800 2270 4842; x_wconf 90' lang='lat' dir='ltr'><strong>cre-</strong></span> 
     </span>
    </p>
   </div>
   <div class='ocr_carea' id='block_1_53' title="bbox 617 4875 1679 4949">
    <p class='ocr_par' dir='ltr' id='par_1_53' title="bbox 617 4875 1679 4949">
     <span class='ocr_line' id='line_1_53' title="bbox 617 4875 1679 4949; baseline -0.005 -15"><span class='ocrx_word' id='word_1_346' title='bbox 617 4878 849 4942; x_wconf 86' lang='lat' dir='ltr'><strong>verunt,</strong></span> <span class='ocrx_word' id='word_1_347' title='bbox 880 4876 1243 4949; x_wconf 90' lang='lat' dir='ltr'><strong>potentiores</strong></span> <span class='ocrx_word' id='word_1_348' title='bbox 1271 4875 1495 4933; x_wconf 64' lang='lat' dir='ltr'><strong>effectis</strong></span> <span class='ocrx_word' id='word_1_349' title='bbox 1526 4878 1679 4931; x_wconf 90' lang='lat' dir='ltr'><strong>sunt.</strong></span> 
     </span>
    </p>
   </div>
   <div class='ocr_carea' id='block_1_54' title="bbox 691 5060 1147 5126">
    <p class='ocr_par' dir='ltr' id='par_1_54' title="bbox 691 5060 1147 5126">
     <span class='ocr_line' id='line_1_54' title="bbox 691 5060 1147 5126; baseline -0.009 -8"><span class='ocrx_word' id='word_1_350' title='bbox 691 5060 740 5097; x_wconf 77' lang='grc'>³³</span> <span class='ocrx_word' id='word_1_351' title='bbox 778 5060 915 5118; x_wconf 87' lang='lat' dir='ltr'><strong>Luc.</strong></span> <span class='ocrx_word' id='word_1_352' title='bbox 943 5074 1066 5126; x_wconf 66' lang='grc' dir='ltr'><strong>τω,</strong></span> <span class='ocrx_word' id='word_1_353' title='bbox 1097 5061 1147 5115; x_wconf 84' lang='grc'><strong>5.</strong></span> 
     </span>
    </p>
   </div>
   <div class='ocr_carea' id='block_1_55' title="bbox 2395 622 2647 687">
    <p class='ocr_par' dir='ltr' id='par_1_55' title="bbox 2395 622 2647 687">
     <span class='ocr_line' id='line_1_55' title="bbox 2395 622 2647 687; baseline 0 0"><span class='ocrx_word' id='word_1_354' title='bbox 2395 622 2523 687; x_wconf 74' lang='grc' dir='ltr'><strong>έντῇ</strong></span> <span class='ocrx_word' id='word_1_355' title='bbox 2555 622 2647 687; x_wconf 66' lang='grc' dir='ltr'><strong>γῇ·</strong></span> 
     </span>
    </p>
   </div>
   <div class='ocr_carea' id='block_1_56' title="bbox 2714 703 3668 782">
    <p class='ocr_par' dir='ltr' id='par_1_56' title="bbox 2714 703 3668 782">
     <span class='ocr_line' id='line_1_56' title="bbox 2714 703 3668 782; baseline 0.006 -26"><span class='ocrx_word' id='word_1_356' title='bbox 2714 710 2857 757; x_wconf 76' lang='grc' dir='ltr'><strong>ΚΕΦ.</strong></span> <span class='ocrx_word' id='word_1_357' title='bbox 2893 703 3006 759; x_wconf 82' lang='grc' dir='ltr'><strong>ΚΔ’.</strong></span> <span class='ocrx_word' id='word_1_358' title='bbox 3050 710 3170 779; x_wconf 80' lang='grc' dir='ltr'><strong>Περὶ</strong></span> <span class='ocrx_word' id='word_1_359' title='bbox 3211 713 3312 776; x_wconf 82' lang='grc' dir='ltr'><strong>τῷν</strong></span> <span class='ocrx_word' id='word_1_360' title='bbox 3340 706 3668 782; x_wconf 78' lang='grc' dir='ltr'><strong>παραϐολῶν.</strong></span> 
     </span>
    </p>
   </div>
   <div class='ocr_carea' id='block_1_57' title="bbox 2465 792 4008 873">
    <p class='ocr_par' dir='ltr' id='par_1_57' title="bbox 2465 792 4008 873">
     <span class='ocr_line' id='line_1_57' title="bbox 2465 792 4008 873; baseline 0.008 -31"><span class='ocrx_word' id='word_1_361' title='bbox 2465 794 2565 843; x_wconf 76' lang='grc' dir='ltr'><strong>Καὶ</strong></span> <span class='ocrx_word' id='word_1_362' title='bbox 2619 798 2718 851; x_wconf 85' lang='grc' dir='ltr'><strong>πᾶς</strong></span> <span class='ocrx_word' id='word_1_363' title='bbox 2764 823 2831 833; x_wconf 84' lang='lat'><strong>-—</strong></span> <span class='ocrx_word' id='word_1_364' title='bbox 2869 792 3216 868; x_wconf 80' lang='grc' dir='ltr'><strong>παραϐολαῖς,</strong></span> <span class='ocrx_word' id='word_1_365' title='bbox 3274 798 3368 848; x_wconf 81' lang='grc' dir='ltr'><strong>Διά</strong></span> <span class='ocrx_word' id='word_1_366' title='bbox 3430 796 3734 870; x_wconf 75' lang='grc' dir='ltr'><strong>παραϐολῶν</strong></span> <span class='ocrx_word' id='word_1_367' title='bbox 3791 802 4008 873; x_wconf 75' lang='grc' dir='ltr'><strong>ὑφαίνει</strong></span> 
     </span>
    </p>
   </div>
   <div class='ocr_carea' id='block_1_58' title="bbox 2390 881 4007 960">
    <p class='ocr_par' dir='ltr' id='par_1_58' title="bbox 2390 881 4007 960">
     <span class='ocr_line' id='line_1_58' title="bbox 2390 881 4007 960; baseline 0.01 -32"><span class='ocrx_word' id='word_1_368' title='bbox 2390 881 2583 936; x_wconf 75' lang='grc' dir='ltr'><strong>ταύτην</strong></span> <span class='ocrx_word' id='word_1_369' title='bbox 2611 886 2784 932; x_wconf 87' lang='grc' dir='ltr'><strong>πᾶσαν</strong></span> <span class='ocrx_word' id='word_1_370' title='bbox 2842 886 2934 939; x_wconf 84' lang='grc' dir='ltr'><strong>τὴν</strong></span> <span class='ocrx_word' id='word_1_371' title='bbox 2973 882 3196 953; x_wconf 84' lang='grc' dir='ltr'><strong>ὁμιλίαν,</strong></span> <span class='ocrx_word' id='word_1_372' title='bbox 3242 882 3335 936; x_wconf 81' lang='grc' dir='ltr'><strong>διὰ</strong></span> <span class='ocrx_word' id='word_1_373' title='bbox 3390 888 3448 937; x_wconf 80' lang='grc' dir='ltr'><strong>τὸ</strong></span> <span class='ocrx_word' id='word_1_374' title='bbox 3504 884 3865 960; x_wconf 78' lang='grc' dir='ltr'><strong>ἀναμεμίχθαι</strong></span> <span class='ocrx_word' id='word_1_375' title='bbox 3908 900 4007 944; x_wconf 79' lang='grc' dir='ltr'><strong>νῦν</strong></span> 
     </span>
    </p>
   </div>
   <div class='ocr_carea' id='block_1_59' title="bbox 2388 965 4003 1048">
    <p class='ocr_par' dir='ltr' id='par_1_59' title="bbox 2388 965 4003 1048">
     <span class='ocr_line' id='line_1_59' title="bbox 2388 965 4003 1048; baseline 0.01 -31"><span class='ocrx_word' id='word_1_376' title='bbox 2388 965 2608 1037; x_wconf 84' lang='grc' dir='ltr'><strong>μάλιοτα</strong></span> <span class='ocrx_word' id='word_1_377' title='bbox 2667 976 2777 1032; x_wconf 85' lang='grc' dir='ltr'><strong>τοῖς</strong></span> <span class='ocrx_word' id='word_1_378' title='bbox 2830 970 3005 1041; x_wconf 77' lang='grc' dir='ltr'><strong>ὄχλοις</strong></span> <span class='ocrx_word' id='word_1_379' title='bbox 3083 971 3301 1033; x_wconf 81' lang='grc' dir='ltr'><strong>πολλοὺς</strong></span> <span class='ocrx_word' id='word_1_380' title='bbox 3367 978 3696 1048; x_wconf 76' lang='grc' dir='ltr'><strong>Γραμματεῖς</strong></span> <span class='ocrx_word' id='word_1_381' title='bbox 3751 983 3842 1031; x_wconf 86' lang='grc' dir='ltr'><strong>καὶ</strong></span> <span class='ocrx_word' id='word_1_382' title='bbox 3891 987 4003 1034; x_wconf 73' lang='grc' dir='ltr'><strong>Φοι-</strong></span> 
     </span>
    </p>
   </div>
   <div class='ocr_carea' id='block_1_60' title="bbox 2387 1054 3999 1137">
    <p class='ocr_par' dir='ltr' id='par_1_60' title="bbox 2387 1054 3999 1137">
     <span class='ocr_line' id='line_1_60' title="bbox 2387 1054 3999 1137; baseline 0.009 -31"><span class='ocrx_word' id='word_1_383' title='bbox 2387 1060 2643 1127; x_wconf 81' lang='grc' dir='ltr'><strong>ρισαὶους,</strong></span> <span class='ocrx_word' id='word_1_384' title='bbox 2690 1054 2768 1118; x_wconf 80' lang='grc' dir='ltr'><strong>οἷς</strong></span> <span class='ocrx_word' id='word_1_385' title='bbox 2806 1059 2898 1110; x_wconf 70' lang='grc' dir='ltr'><strong>οὐκ</strong></span> <span class='ocrx_word' id='word_1_386' title='bbox 2953 1058 3185 1112; x_wconf 72' lang='grc' dir='ltr'>ἐϐούλετο</span> <span class='ocrx_word' id='word_1_387' title='bbox 3221 1059 3397 1133; x_wconf 73' lang='grc' dir='ltr'><strong>γυμνά</strong></span> <span class='ocrx_word' id='word_1_388' title='bbox 3460 1066 3729 1137; x_wconf 76' lang='grc' dir='ltr'><strong>προθεῖναι</strong></span> <span class='ocrx_word' id='word_1_389' title='bbox 3782 1070 3850 1119; x_wconf 84' lang='grc' dir='ltr'><strong>τὰ</strong></span> <span class='ocrx_word' id='word_1_390' title='bbox 3898 1078 3999 1131; x_wconf 78' lang='grc' dir='ltr'><strong>τῆς</strong></span> 
     </span>
    </p>
   </div>
   <div class='ocr_carea' id='block_1_61' title="bbox 2389 1140 3989 1224">
    <p class='ocr_par' dir='ltr' id='par_1_61' title="bbox 2389 1140 3989 1224">
     <span class='ocr_line' id='line_1_61' title="bbox 2389 1140 3989 1224; baseline 0.009 -28"><span class='ocrx_word' id='word_1_391' title='bbox 2389 1140 2742 1210; x_wconf 88' lang='grc' dir='ltr'><strong>διδασκαλίας</strong></span> <span class='ocrx_word' id='word_1_392' title='bbox 2788 1153 3078 1224; x_wconf 79' lang='grc' dir='ltr'><strong>μυστήρια,</strong></span> <span class='ocrx_word' id='word_1_393' title='bbox 3139 1146 3233 1202; x_wconf 80' lang='grc' dir='ltr'><strong>διὰ</strong></span> <span class='ocrx_word' id='word_1_394' title='bbox 3278 1155 3371 1209; x_wconf 82' lang='grc' dir='ltr'><strong>τὴν</strong></span> <span class='ocrx_word' id='word_1_395' title='bbox 3403 1150 3603 1205; x_wconf 76' lang='grc' dir='ltr'><strong>ἀνίατον</strong></span> <span class='ocrx_word' id='word_1_396' title='bbox 3647 1160 3835 1208; x_wconf 90' lang='grc' dir='ltr'><strong>κακίαν</strong></span> <span class='ocrx_word' id='word_1_397' title='bbox 3887 1159 3989 1210; x_wconf 70' lang='grc' dir='ltr'><strong>αὖ-</strong></span> 
     </span>
    </p>
   </div>
   <div class='ocr_carea' id='block_1_62' title="bbox 2386 1251 2506 1288">
    <p class='ocr_par' dir='ltr' id='par_1_62' title="bbox 2386 1251 2506 1288">
     <span class='ocr_line' id='line_1_62' title="bbox 2386 1251 2506 1288; baseline -0.008 -3"><span class='ocrx_word' id='word_1_398' title='bbox 2386 1251 2506 1288; x_wconf 87' lang='grc' dir='ltr'><strong>των.</strong></span> 
     </span>
    </p>
   </div>
   <div class='ocr_carea' id='block_1_63' title="bbox 2460 1324 3986 1407">
    <p class='ocr_par' dir='ltr' id='par_1_63' title="bbox 2460 1324 3986 1407">
     <span class='ocr_line' id='line_1_63' title="bbox 2460 1324 3986 1407; baseline 0.01 -34"><span class='ocrx_word' id='word_1_399' title='bbox 2460 1325 2636 1393; x_wconf 70' lang='grc' dir='ltr'><strong>Λίγων</strong></span> <span class='ocrx_word' id='word_1_400' title='bbox 2679 1355 2747 1365; x_wconf 88' lang='grc'><strong><em>-</em></strong></span> <span class='ocrx_word' id='word_1_401' title='bbox 2809 1333 2901 1377; x_wconf 80' lang='grc' dir='ltr'><strong>τοῦ</strong></span> <span class='ocrx_word' id='word_1_402' title='bbox 2951 1333 3181 1399; x_wconf 80' lang='grc' dir='ltr'><strong>σπεῖραι.</strong></span> <span class='ocrx_word' id='word_1_403' title='bbox 3239 1326 3299 1380; x_wconf 80' lang='grc' dir='ltr'>Ὀ</span> <span class='ocrx_word' id='word_1_404' title='bbox 3353 1324 3413 1381; x_wconf 69' lang='grc' dir='ltr'>δε</span> <span class='ocrx_word' id='word_1_405' title='bbox 3470 1335 3675 1392; x_wconf 84' lang='grc' dir='ltr'><strong>Λουκᾶς</strong></span> <span class='ocrx_word' id='word_1_406' title='bbox 3725 1337 3986 1407; x_wconf 77' lang='grc' dir='ltr'><strong>προσέθη-</strong></span> 
     </span>
    </p>
   </div>
   <div class='ocr_carea' id='block_1_64' title="bbox 2386 1412 3982 1494">
    <p class='ocr_par' dir='ltr' id='par_1_64' title="bbox 2386 1412 3982 1494">
     <span class='ocr_line' id='line_1_64' title="bbox 2386 1412 3982 1494; baseline 0.009 -32"><span class='ocrx_word' id='word_1_407' title='bbox 2386 1428 2488 1477; x_wconf 84' lang='grc' dir='ltr'><strong>κεν,</strong></span> <span class='ocrx_word' id='word_1_408' title='bbox 2522 1412 2711 1465; x_wconf 85' lang='grc' dir='ltr'><strong>ὄτιτόν</strong></span> <span class='ocrx_word' id='word_1_409' title='bbox 2740 1420 2932 1490; x_wconf 79' lang='grc' dir='ltr'><strong>σπόρον</strong></span> <span class='ocrx_word' id='word_1_410' title='bbox 2975 1415 3159 1471; x_wconf 78' lang='grc' dir='ltr'><strong>αὐτοῦ.</strong></span> <span class='ocrx_word' id='word_1_411' title='bbox 3224 1421 3325 1470; x_wconf 77' lang='grc' dir='ltr'><strong>Καὶ</strong></span> <span class='ocrx_word' id='word_1_412' title='bbox 3384 1422 3605 1493; x_wconf 84' lang='grc' dir='ltr'><strong>σπείρων</strong></span> <span class='ocrx_word' id='word_1_413' title='bbox 3660 1425 3752 1493; x_wconf 78' lang='grc' dir='ltr'><strong>μέν</strong></span> <span class='ocrx_word' id='word_1_414' title='bbox 3815 1422 3982 1494; x_wconf 75' lang='grc' dir='ltr'><strong>ἔστιν,</strong></span> 
     </span>
    </p>
   </div>
   <div class='ocr_carea' id='block_1_65' title="bbox 2386 1498 3982 1582">
    <p class='ocr_par' dir='ltr' id='par_1_65' title="bbox 2386 1498 3982 1582">
     <span class='ocr_line' id='line_1_65' title="bbox 2386 1498 3982 1582; baseline 0.008 -30"><span class='ocrx_word' id='word_1_415' title='bbox 2386 1500 2412 1552; x_wconf 88' lang='grc' dir='ltr'><strong>ὀ</strong></span> <span class='ocrx_word' id='word_1_416' title='bbox 2442 1504 2676 1575; x_wconf 81' lang='grc' dir='ltr'><strong>Χριστὸς</strong></span> <span class='ocrx_word' id='word_1_417' title='bbox 2722 1498 3016 1556; x_wconf 82' lang='grc' dir='ltr'><strong>διδάσκων·</strong></span> <span class='ocrx_word' id='word_1_418' title='bbox 3052 1509 3240 1578; x_wconf 84' lang='grc' dir='ltr'><strong>σπόρος</strong></span> <span class='ocrx_word' id='word_1_419' title='bbox 3300 1501 3358 1558; x_wconf 72' lang='grc' dir='ltr'>δε</span> <span class='ocrx_word' id='word_1_420' title='bbox 3388 1506 3566 1574; x_wconf 74' lang='grc' dir='ltr'><strong>αὐτοῦ,</strong></span> <span class='ocrx_word' id='word_1_421' title='bbox 3616 1510 3643 1560; x_wconf 87' lang='grc' dir='ltr'><strong>ὀ</strong></span> <span class='ocrx_word' id='word_1_422' title='bbox 3694 1508 3845 1582; x_wconf 74' lang='grc' dir='ltr'><strong>λόγος</strong></span> <span class='ocrx_word' id='word_1_423' title='bbox 3883 1520 3982 1575; x_wconf 78' lang='grc' dir='ltr'><strong>τῆς</strong></span> 
     </span>
    </p>
   </div>
   <div class='ocr_carea' id='block_1_66' title="bbox 2387 1585 3982 1667">
    <p class='ocr_par' dir='ltr' id='par_1_66' title="bbox 2387 1585 3982 1667">
     <span class='ocr_line' id='line_1_66' title="bbox 2387 1585 3982 1667; baseline 0.008 -26"><span class='ocrx_word' id='word_1_424' title='bbox 2387 1585 2741 1652; x_wconf 81' lang='grc' dir='ltr'><strong>διδασκαλίας</strong></span> <span class='ocrx_word' id='word_1_425' title='bbox 2792 1591 2971 1647; x_wconf 71' lang='grc' dir='ltr'><strong>αὑτοῦ.</strong></span> <span class='ocrx_word' id='word_1_426' title='bbox 3034 1597 3134 1646; x_wconf 73' lang='grc' dir='ltr'><strong>Καὶ</strong></span> <span class='ocrx_word' id='word_1_427' title='bbox 3194 1592 3371 1657; x_wconf 74' lang='grc' dir='ltr'><strong>ὶξῆλθε</strong></span> <span class='ocrx_word' id='word_1_428' title='bbox 3563 1596 3633 1659; x_wconf 81' lang='grc' dir='ltr'><strong>εἰς</strong></span> <span class='ocrx_word' id='word_1_429' title='bbox 3676 1601 3766 1659; x_wconf 81' lang='grc' dir='ltr'><strong>τὰς</strong></span> <span class='ocrx_word' id='word_1_430' title='bbox 3807 1600 3982 1663; x_wconf 83' lang='grc' dir='ltr'><strong>πόλεις</strong></span> 
     </span>
    </p>
   </div>
   <div class='ocr_carea' id='block_1_67' title="bbox 2383 1677 3973 1756">
    <p class='ocr_par' dir='ltr' id='par_1_67' title="bbox 2383 1677 3973 1756">
     <span class='ocr_line' id='line_1_67' title="bbox 2383 1677 3973 1756; baseline 0.008 -27"><span class='ocrx_word' id='word_1_431' title='bbox 2383 1682 2475 1729; x_wconf 85' lang='grc' dir='ltr'><strong>καὶ</strong></span> <span class='ocrx_word' id='word_1_432' title='bbox 2501 1684 2677 1751; x_wconf 85' lang='grc' dir='ltr'><strong>κώμας</strong></span> <span class='ocrx_word' id='word_1_433' title='bbox 2705 1688 2793 1741; x_wconf 82' lang='grc' dir='ltr'><strong>τῆς</strong></span> <span class='ocrx_word' id='word_1_434' title='bbox 2824 1677 3107 1747; x_wconf 80' lang='grc' dir='ltr'><strong>Ἰουδαίας,</strong></span> <span class='ocrx_word' id='word_1_435' title='bbox 3156 1677 3249 1733; x_wconf 83' lang='grc' dir='ltr'><strong>διὰ</strong></span> <span class='ocrx_word' id='word_1_436' title='bbox 3285 1685 3344 1734; x_wconf 86' lang='grc' dir='ltr'><strong>τὸ</strong></span> <span class='ocrx_word' id='word_1_437' title='bbox 3377 1690 3587 1756; x_wconf 82' lang='grc' dir='ltr'><strong>σπεῖραι</strong></span> <span class='ocrx_word' id='word_1_438' title='bbox 3620 1693 3798 1740; x_wconf 84' lang='grc' dir='ltr'><strong>τοῦτον</strong></span> <span class='ocrx_word' id='word_1_439' title='bbox 3835 1687 3884 1740; x_wconf 74' lang='grc' dir='ltr'><strong>ἓν</strong></span> <span class='ocrx_word' id='word_1_440' title='bbox 3909 1696 3973 1747; x_wconf 81' lang='grc' dir='ltr'><strong>τῆ</strong></span> 
     </span>
    </p>
   </div>
   <div class='ocr_carea' id='block_1_68' title="bbox 2383 1768 3973 1846">
    <p class='ocr_par' dir='ltr' id='par_1_68' title="bbox 2383 1768 3973 1846">
     <span class='ocr_line' id='line_1_68' title="bbox 2383 1768 3973 1846; baseline 0.007 -29"><span class='ocrx_word' id='word_1_441' title='bbox 2383 1775 2542 1839; x_wconf 75' lang='grc' dir='ltr'><strong>νοητῇ</strong></span> <span class='ocrx_word' id='word_1_442' title='bbox 2597 1788 2664 1841; x_wconf 75' lang='grc' dir='ltr'><strong>γη</strong></span> <span class='ocrx_word' id='word_1_443' title='bbox 2697 1777 2795 1821; x_wconf 86' lang='grc' dir='ltr'><strong>τῶν</strong></span> <span class='ocrx_word' id='word_1_444' title='bbox 2844 1768 3174 1842; x_wconf 79' lang='grc' dir='ltr'><strong>ἀνθρωπίνων</strong></span> <span class='ocrx_word' id='word_1_445' title='bbox 3228 1769 3442 1843; x_wconf 72' lang='grc' dir='ltr'><strong>ψυχῶν,</strong></span> <span class='ocrx_word' id='word_1_446' title='bbox 3484 1776 3665 1844; x_wconf 75' lang='grc' dir='ltr'><strong>ἤγουν,</strong></span> <span class='ocrx_word' id='word_1_447' title='bbox 3708 1774 3756 1827; x_wconf 73' lang='grc' dir='ltr'><strong>ἓν</strong></span> <span class='ocrx_word' id='word_1_448' title='bbox 3794 1784 3864 1846; x_wconf 79' lang='grc' dir='ltr'><strong>τῷ</strong></span> <span class='ocrx_word' id='word_1_449' title='bbox 3892 1780 3973 1828; x_wconf 82' lang='grc' dir='ltr'><strong>νοί</strong></span> 
     </span>
    </p>
   </div>
   <div class='ocr_carea' id='block_1_69' title="bbox 2306 1858 2600 1933">
    <p class='ocr_par' dir='ltr' id='par_1_69' title="bbox 2306 1858 2600 1933">
     <span class='ocr_line' id='line_1_69' title="bbox 2306 1858 2600 1933; baseline 0 -27"><span class='ocrx_word' id='word_1_450' title='bbox 2306 1876 2351 1933; x_wconf 80' lang='grc' dir='ltr'>Β</span> <span class='ocrx_word' id='word_1_451' title='bbox 2382 1858 2575 1907; x_wconf 79' lang='grc' dir='ltr'><strong>τούτων</strong></span> <span class='ocrx_word' id='word_1_452' title='bbox 2588 1901 2600 1911; x_wconf 88' lang='grc'><strong>,</strong></span> 
     </span>
    </p>
   </div>
   <div class='ocr_carea' id='block_1_70' title="bbox 2457 1944 3967 2023">
    <p class='ocr_par' dir='ltr' id='par_1_70' title="bbox 2457 1944 3967 2023">
     <span class='ocr_line' id='line_1_70' title="bbox 2457 1944 3967 2023; baseline 0.007 -28"><span class='ocrx_word' id='word_1_453' title='bbox 2457 1949 2557 1996; x_wconf 76' lang='grc' dir='ltr'><strong>Καί</strong></span> <span class='ocrx_word' id='word_1_454' title='bbox 2606 1944 2654 1995; x_wconf 78' lang='grc' dir='ltr'><strong>ἕν</strong></span> <span class='ocrx_word' id='word_1_455' title='bbox 2717 1977 2783 1986; x_wconf 88' lang='grc'><strong>-</strong></span> <span class='ocrx_word' id='word_1_456' title='bbox 2833 1946 2984 2001; x_wconf 76' lang='grc' dir='ltr'><strong>αὐτά,</strong></span> <span class='ocrx_word' id='word_1_457' title='bbox 3041 1946 3363 2023; x_wconf 76' lang='grc' dir='ltr'><strong>Ἠρμὴνευσε</strong></span> <span class='ocrx_word' id='word_1_458' title='bbox 3546 1953 3733 2010; x_wconf 80' lang='grc' dir='ltr'><strong>ταύτην</strong></span> <span class='ocrx_word' id='word_1_459' title='bbox 3770 1971 3824 2005; x_wconf 86' lang='grc' dir='ltr'>τε</span> <span class='ocrx_word' id='word_1_460' title='bbox 3873 1957 3967 2011; x_wconf 79' lang='grc' dir='ltr'><strong>τὴν</strong></span> 
     </span>
    </p>
   </div>
   <div class='ocr_carea' id='block_1_71' title="bbox 2379 2032 3973 2116">
    <p class='ocr_par' dir='ltr' id='par_1_71' title="bbox 2379 2032 3973 2116">
     <span class='ocr_line' id='line_1_71' title="bbox 2379 2032 3973 2116; baseline 0.006 -32"><span class='ocrx_word' id='word_1_461' title='bbox 2379 2032 2676 2105; x_wconf 73' lang='grc' dir='ltr'><strong>παραϐολὴν</strong></span> <span class='ocrx_word' id='word_1_462' title='bbox 2706 2038 2794 2086; x_wconf 78' lang='grc' dir='ltr'><strong>καὶ</strong></span> <span class='ocrx_word' id='word_1_463' title='bbox 2833 2038 2920 2095; x_wconf 79' lang='grc' dir='ltr'><strong>τὰς</strong></span> <span class='ocrx_word' id='word_1_464' title='bbox 2951 2034 3131 2107; x_wconf 69' lang='grc' dir='ltr'><strong>ἐφεξῆς</strong></span> <span class='ocrx_word' id='word_1_465' title='bbox 3160 2037 3186 2088; x_wconf 88' lang='grc' dir='ltr'><strong><em>ὁ</em></strong></span> <span class='ocrx_word' id='word_1_466' title='bbox 3231 2041 3458 2109; x_wconf 79' lang='grc' dir='ltr'><strong>Χριστὸς</strong></span> <span class='ocrx_word' id='word_1_467' title='bbox 3511 2044 3701 2113; x_wconf 79' lang='grc' dir='ltr'><strong>προϊών</strong></span> <span class='ocrx_word' id='word_1_468' title='bbox 3766 2056 3778 2069; x_wconf 85' lang='grc'>⁶</span> <span class='ocrx_word' id='word_1_469' title='bbox 3827 2040 3973 2116; x_wconf 77' lang='grc' dir='ltr'><strong>ἐροῦ-</strong></span> 
     </span>
    </p>
   </div>
   <div class='ocr_carea' id='block_1_72' title="bbox 2376 2117 3971 2200">
    <p class='ocr_par' dir='ltr' id='par_1_72' title="bbox 2376 2117 3971 2200">
     <span class='ocr_line' id='line_1_72' title="bbox 2376 2117 3971 2200; baseline 0.006 -29"><span class='ocrx_word' id='word_1_470' title='bbox 2376 2138 2466 2192; x_wconf 87' lang='grc' dir='ltr'><strong>μεν</strong></span> <span class='ocrx_word' id='word_1_471' title='bbox 2493 2117 2552 2173; x_wconf 66' lang='grc' dir='ltr'><strong>δι</strong></span> <span class='ocrx_word' id='word_1_472' title='bbox 2581 2126 2668 2174; x_wconf 86' lang='grc' dir='ltr'><strong>καὶ</strong></span> <span class='ocrx_word' id='word_1_473' title='bbox 2720 2124 2887 2193; x_wconf 80' lang='grc' dir='ltr'><strong>ἡμεῖς,</strong></span> <span class='ocrx_word' id='word_1_474' title='bbox 2938 2126 3003 2185; x_wconf 84' lang='grc' dir='ltr'><strong>ὡς</strong></span> <span class='ocrx_word' id='word_1_475' title='bbox 3053 2120 3289 2178; x_wconf 80' lang='grc' dir='ltr'><strong>δυνατόν.</strong></span> <span class='ocrx_word' id='word_1_476' title='bbox 3331 2122 3483 2186; x_wconf 83' lang='grc' dir='ltr'><strong>Ὁδὸς</strong></span> <span class='ocrx_word' id='word_1_477' title='bbox 3535 2128 3836 2200; x_wconf 83' lang='grc' dir='ltr'><strong>ὠνόμασται</strong></span> <span class='ocrx_word' id='word_1_478' title='bbox 3882 2138 3971 2181; x_wconf 83' lang='grc' dir='ltr'><strong>νῦν</strong></span> 
     </span>
    </p>
   </div>
   <div class='ocr_carea' id='block_1_73' title="bbox 2376 2209 3976 2286">
    <p class='ocr_par' dir='ltr' id='par_1_73' title="bbox 2376 2209 3976 2286">
     <span class='ocr_line' id='line_1_73' title="bbox 2376 2209 3976 2286; baseline 0.006 -27"><span class='ocrx_word' id='word_1_479' title='bbox 2376 2209 2681 2283; x_wconf 76' lang='grc' dir='ltr'><strong>ὁράθυμος,</strong></span> <span class='ocrx_word' id='word_1_480' title='bbox 2746 2212 2771 2261; x_wconf 89' lang='grc' dir='ltr'><strong>ὀ</strong></span> <span class='ocrx_word' id='word_1_481' title='bbox 2821 2210 3115 2275; x_wconf 75' lang='grc' dir='ltr'><strong>ἕνωτισθέὶς</strong></span> <span class='ocrx_word' id='word_1_482' title='bbox 3160 2216 3249 2285; x_wconf 64' lang='grc' dir='ltr'><strong>μὲν</strong></span> <span class='ocrx_word' id='word_1_483' title='bbox 3302 2217 3389 2266; x_wconf 83' lang='grc' dir='ltr'><strong>τὸν</strong></span> <span class='ocrx_word' id='word_1_484' title='bbox 3444 2214 3593 2286; x_wconf 77' lang='grc' dir='ltr'><strong>λόγον</strong></span> <span class='ocrx_word' id='word_1_485' title='bbox 3655 2225 3749 2279; x_wconf 82' lang='grc' dir='ltr'><strong>τῆς</strong></span> <span class='ocrx_word' id='word_1_486' title='bbox 3817 2213 3976 2269; x_wconf 80' lang='grc' dir='ltr'><strong>διδα-</strong></span> 
     </span>
    </p>
   </div>
   <div class='ocr_carea' id='block_1_74' title="bbox 2376 2295 3972 2376">
    <p class='ocr_par' dir='ltr' id='par_1_74' title="bbox 2376 2295 3972 2376">
     <span class='ocr_line' id='line_1_74' title="bbox 2376 2295 3972 2376; baseline 0.006 -28"><span class='ocrx_word' id='word_1_487' title='bbox 2376 2297 2613 2359; x_wconf 84' lang='grc' dir='ltr'><strong>σκαλίας,</strong></span> <span class='ocrx_word' id='word_1_488' title='bbox 2665 2295 2756 2350; x_wconf 83' lang='grc' dir='ltr'><strong>διὰ</strong></span> <span class='ocrx_word' id='word_1_489' title='bbox 2806 2300 3068 2373; x_wconf 73' lang='grc' dir='ltr'><strong>ῥᾳθυμίαν</strong></span> <span class='ocrx_word' id='word_1_490' title='bbox 3117 2298 3177 2354; x_wconf 66' lang='grc' dir='ltr'><strong>δι</strong></span> <span class='ocrx_word' id='word_1_491' title='bbox 3245 2307 3318 2374; x_wconf 76' lang='grc' dir='ltr'><strong>μὴ</strong></span> <span class='ocrx_word' id='word_1_492' title='bbox 3351 2304 3694 2376; x_wconf 73' lang='grc' dir='ltr'><strong>κατακρύψας</strong></span> <span class='ocrx_word' id='word_1_493' title='bbox 3741 2304 3972 2358; x_wconf 71' lang='grc' dir='ltr'><strong>αὑτὸνὲν</strong></span> 
     </span>
    </p>
   </div>
   <div class='ocr_carea' id='block_1_75' title="bbox 2372 2385 3973 2465">
    <p class='ocr_par' dir='ltr' id='par_1_75' title="bbox 2372 2385 3973 2465">
     <span class='ocr_line' id='line_1_75' title="bbox 2372 2385 3973 2465; baseline 0.006 -27"><span class='ocrx_word' id='word_1_494' title='bbox 2372 2395 2434 2458; x_wconf 77' lang='grc' dir='ltr'><strong>τῇ</strong></span> <span class='ocrx_word' id='word_1_495' title='bbox 2493 2385 2689 2460; x_wconf 77' lang='grc' dir='ltr'><strong>καρδίᾳ</strong></span> <span class='ocrx_word' id='word_1_496' title='bbox 2740 2387 2919 2455; x_wconf 70' lang='grc' dir='ltr'><strong>αὑτοῦ,</strong></span> <span class='ocrx_word' id='word_1_497' title='bbox 2980 2388 3108 2441; x_wconf 77' lang='grc' dir='ltr'><strong>ἀλλὰ</strong></span> <span class='ocrx_word' id='word_1_498' title='bbox 3162 2393 3392 2465; x_wconf 85' lang='grc' dir='ltr'><strong>καθάπερ</strong></span> <span class='ocrx_word' id='word_1_499' title='bbox 3437 2390 3556 2453; x_wconf 81' lang='grc' dir='ltr'><strong>ὁδὸς</strong></span> <span class='ocrx_word' id='word_1_500' title='bbox 3603 2412 3973 2453; x_wconf 84' lang='grc' dir='ltr'><strong>καταπεπατη-</strong></span> 
     </span>
    </p>
   </div>
   <div class='ocr_carea' id='block_1_76' title="bbox 2373 2472 3974 2556">
    <p class='ocr_par' dir='ltr' id='par_1_76' title="bbox 2373 2472 3974 2556">
     <span class='ocr_line' id='line_1_76' title="bbox 2373 2472 3974 2556; baseline 0.007 -31"><span class='ocrx_word' id='word_1_501' title='bbox 2373 2477 2519 2546; x_wconf 80' lang='grc' dir='ltr'><strong>μένη,</strong></span> <span class='ocrx_word' id='word_1_502' title='bbox 2579 2480 2668 2527; x_wconf 77' lang='grc' dir='ltr'><strong>καὶ</strong></span> <span class='ocrx_word' id='word_1_503' title='bbox 2713 2472 2807 2528; x_wconf 81' lang='grc' dir='ltr'><strong>διὰ</strong></span> <span class='ocrx_word' id='word_1_504' title='bbox 2851 2484 3003 2530; x_wconf 79' lang='grc' dir='ltr'><strong>τοῦτο</strong></span> <span class='ocrx_word' id='word_1_505' title='bbox 3063 2478 3281 2551; x_wconf 84' lang='grc' dir='ltr'><strong>σκληρὰ,</strong></span> <span class='ocrx_word' id='word_1_506' title='bbox 3337 2485 3498 2555; x_wconf 79' lang='grc' dir='ltr'><strong>φέρων</strong></span> <span class='ocrx_word' id='word_1_507' title='bbox 3551 2481 3704 2534; x_wconf 66' lang='grc' dir='ltr'><strong>αὐτὸν</strong></span> <span class='ocrx_word' id='word_1_508' title='bbox 3763 2481 3974 2556; x_wconf 80' lang='grc' dir='ltr'><strong>ἀκροθι-</strong></span> 
     </span>
    </p>
   </div>
   <div class='ocr_carea' id='block_1_77' title="bbox 2372 2561 3973 2642">
    <p class='ocr_par' dir='ltr' id='par_1_77' title="bbox 2372 2561 3973 2642">
     <span class='ocr_line' id='line_1_77' title="bbox 2372 2561 3973 2642; baseline 0.006 -28"><span class='ocrx_word' id='word_1_509' title='bbox 2372 2571 2474 2634; x_wconf 71' lang='grc' dir='ltr'><strong>’γῶς</strong></span> <span class='ocrx_word' id='word_1_510' title='bbox 2521 2561 2855 2635; x_wconf 75' lang='grc' dir='ltr'><strong>ἐπικείμενον.</strong></span> <span class='ocrx_word' id='word_1_511' title='bbox 2902 2569 3111 2618; x_wconf 83' lang='grc' dir='ltr'><strong>Πετεινὰ</strong></span> <span class='ocrx_word' id='word_1_512' title='bbox 3170 2563 3228 2619; x_wconf 70' lang='grc' dir='ltr'>δε</span> <span class='ocrx_word' id='word_1_513' title='bbox 3264 2575 3356 2620; x_wconf 84' lang='grc' dir='ltr'><strong>τοῦ</strong></span> <span class='ocrx_word' id='word_1_514' title='bbox 3413 2569 3631 2642; x_wconf 71' lang='grc' dir='ltr'><strong>οὐρανοῦ</strong></span> <span class='ocrx_word' id='word_1_515' title='bbox 3683 2572 3748 2622; x_wconf 81' lang='grc' dir='ltr'><strong>τὰ</strong></span> <span class='ocrx_word' id='word_1_516' title='bbox 3802 2573 3850 2622; x_wconf 75' lang='grc' dir='ltr'><strong>ἓν</strong></span> <span class='ocrx_word' id='word_1_517' title='bbox 3895 2579 3973 2642; x_wconf 85' lang='grc' dir='ltr'><strong>τῷ</strong></span> 
     </span>
    </p>
   </div>
   <div class='ocr_carea' id='block_1_78' title="bbox 2375 2647 3975 2731">
    <p class='ocr_par' dir='ltr' id='par_1_78' title="bbox 2375 2647 3975 2731">
     <span class='ocr_line' id='line_1_78' title="bbox 2375 2647 3975 2731; baseline 0.005 -28"><span class='ocrx_word' id='word_1_518' title='bbox 2375 2650 2486 2724; x_wconf 76' lang='grc' dir='ltr'><strong>ἀέρι</strong></span> <span class='ocrx_word' id='word_1_519' title='bbox 2513 2647 2831 2723; x_wconf 76' lang='grc' dir='ltr'><strong>διαιτώμενοι</strong></span> <span class='ocrx_word' id='word_1_520' title='bbox 2869 2649 3118 2725; x_wconf 86' lang='grc' dir='ltr'><strong>δαιμόνια</strong></span> <span class='ocrx_word' id='word_1_521' title='bbox 3151 2671 3164 2684; x_wconf 84' lang='grc'>⁶</span> <span class='ocrx_word' id='word_1_522' title='bbox 3198 2656 3411 2730; x_wconf 76' lang='grc' dir='ltr'><strong>οὐρανὸν</strong></span> <span class='ocrx_word' id='word_1_523' title='bbox 3439 2659 3562 2730; x_wconf 75' lang='grc' dir='ltr'><strong>⁴γὰρ,</strong></span> <span class='ocrx_word' id='word_1_524' title='bbox 3595 2662 3683 2710; x_wconf 82' lang='grc' dir='ltr'><strong>καὶ</strong></span> <span class='ocrx_word' id='word_1_525' title='bbox 3712 2661 3798 2711; x_wconf 85' lang='grc' dir='ltr'><strong>τὸν</strong></span> <span class='ocrx_word' id='word_1_526' title='bbox 3841 2661 3975 2731; x_wconf 74' lang='grc' dir='ltr'><strong>ἀέρα</strong></span> 
     </span>
    </p>
   </div>
   <div class='ocr_carea' id='block_1_79' title="bbox 2374 2738 3964 2820">
    <p class='ocr_par' dir='ltr' id='par_1_79' title="bbox 2374 2738 3964 2820">
     <span class='ocr_line' id='line_1_79' title="bbox 2374 2738 3964 2820; baseline 0.005 -29"><span class='ocrx_word' id='word_1_527' title='bbox 2374 2738 2615 2798; x_wconf 76' lang='grc' dir='ltr'><strong>κέκληκεν</strong></span> <span class='ocrx_word' id='word_1_528' title='bbox 2640 2741 2706 2811; x_wconf 74' lang='grc' dir='ltr'><strong>γὴ</strong></span> <span class='ocrx_word' id='word_1_529' title='bbox 2743 2746 2915 2814; x_wconf 70' lang='grc' dir='ltr'><strong>Γραφή</strong></span> <span class='ocrx_word' id='word_1_530' title='bbox 2933 2740 3110 2794; x_wconf 78' lang='grc' dir='ltr'><strong>’ἅτινα</strong></span> <span class='ocrx_word' id='word_1_531' title='bbox 3138 2741 3727 2816; x_wconf 74' lang='grc' dir='ltr'><strong>ἔπίκαταπτάντααύτῷ,</strong></span> <span class='ocrx_word' id='word_1_532' title='bbox 3747 2750 3964 2820; x_wconf 84' lang='grc' dir='ltr'><strong>αἴρουσι</strong></span> 
     </span>
    </p>
   </div>
   <div class='ocr_carea' id='block_1_80' title="bbox 2372 2826 3972 2908">
    <p class='ocr_par' dir='ltr' id='par_1_80' title="bbox 2372 2826 3972 2908">
     <span class='ocr_line' id='line_1_80' title="bbox 2372 2826 3972 2908; baseline 0.004 -29"><span class='ocrx_word' id='word_1_533' title='bbox 2372 2830 2429 2879; x_wconf 88' lang='grc' dir='ltr'><strong>τὸ</strong></span> <span class='ocrx_word' id='word_1_534' title='bbox 2460 2826 2775 2900; x_wconf 72' lang='grc' dir='ltr'><strong>ἐσπαρμένον</strong></span> <span class='ocrx_word' id='word_1_535' title='bbox 2814 2830 2863 2880; x_wconf 72' lang='grc' dir='ltr'><strong>ἓν</strong></span> <span class='ocrx_word' id='word_1_536' title='bbox 2906 2837 2967 2901; x_wconf 72' lang='grc' dir='ltr'><strong>τῇ</strong></span> <span class='ocrx_word' id='word_1_537' title='bbox 2998 2826 3197 2904; x_wconf 78' lang='grc' dir='ltr'><strong>καρδίᾳ</strong></span> <span class='ocrx_word' id='word_1_538' title='bbox 3237 2830 3417 2897; x_wconf 76' lang='grc' dir='ltr'><strong>αὐτοῦ,</strong></span> <span class='ocrx_word' id='word_1_539' title='bbox 3473 2834 3541 2895; x_wconf 84' lang='grc' dir='ltr'><strong>ὡς</strong></span> <span class='ocrx_word' id='word_1_540' title='bbox 3591 2837 3663 2905; x_wconf 80' lang='grc' dir='ltr'><strong>μὴ</strong></span> <span class='ocrx_word' id='word_1_541' title='bbox 3704 2852 3972 2908; x_wconf 86' lang='grc' dir='ltr'><strong>κατακρυ-</strong></span> 
     </span>
    </p>
   </div>
   <div class='ocr_carea' id='block_1_81' title="bbox 2374 2913 3973 2993">
    <p class='ocr_par' dir='ltr' id='par_1_81' title="bbox 2374 2913 3973 2993">
     <span class='ocr_line' id='line_1_81' title="bbox 2374 2913 3973 2993; baseline 0.004 -26"><span class='ocrx_word' id='word_1_542' title='bbox 2374 2913 2477 2970; x_wconf 70' lang='grc' dir='ltr'><strong>ϐὶν.</strong></span> <span class='ocrx_word' id='word_1_543' title='bbox 2530 2920 2795 2988; x_wconf 71' lang='grc' dir='ltr'><strong>Κατέφαγε</strong></span> <span class='ocrx_word' id='word_1_544' title='bbox 2835 2917 2959 2989; x_wconf 73' lang='grc' dir='ltr'><strong>γὰρ,</strong></span> <span class='ocrx_word' id='word_1_545' title='bbox 3008 2914 3120 2969; x_wconf 78' lang='grc' dir='ltr'>ἀντὶ</span> <span class='ocrx_word' id='word_1_546' title='bbox 3149 2926 3261 2987; x_wconf 83' lang='grc' dir='ltr'><strong>τοῦ,</strong></span> <span class='ocrx_word' id='word_1_547' title='bbox 3296 2918 3554 2992; x_wconf 76' lang='grc' dir='ltr'><strong>’Δφείλετο</strong></span> <span class='ocrx_word' id='word_1_548' title='bbox 3604 2926 3693 2974; x_wconf 84' lang='grc' dir='ltr'><strong>καὶ</strong></span> <span class='ocrx_word' id='word_1_549' title='bbox 3743 2918 3973 2993; x_wconf 75' lang='grc' dir='ltr'><strong>διέφθει-</strong></span> 
     </span>
    </p>
   </div>
   <div class='ocr_carea' id='block_1_82' title="bbox 2371 3022 2475 3078">
    <p class='ocr_par' dir='ltr' id='par_1_82' title="bbox 2371 3022 2475 3078">
     <span class='ocr_line' id='line_1_82' title="bbox 2371 3022 2475 3078; baseline -0.019 -22"><span class='ocrx_word' id='word_1_550' title='bbox 2371 3022 2475 3078; x_wconf 81' lang='grc' dir='ltr'><strong>ριν.</strong></span> 
     </span>
    </p>
   </div>
   <div class='ocr_carea' id='block_1_83' title="bbox 2442 3177 3971 3259">
    <p class='ocr_par' dir='ltr' id='par_1_83' title="bbox 2442 3177 3971 3259">
     <span class='ocr_line' id='line_1_83' title="bbox 2442 3177 3971 3259; baseline 0.004 -25"><span class='ocrx_word' id='word_1_551' title='bbox 2442 3179 2606 3235; x_wconf 79' lang='grc' dir='ltr'><strong>Ἀλλά</strong></span> <span class='ocrx_word' id='word_1_552' title='bbox 2654 3177 2713 3234; x_wconf 66' lang='grc' dir='ltr'><strong>δὲ</strong></span> <span class='ocrx_word' id='word_1_553' title='bbox 2768 3211 2837 3221; x_wconf 91' lang='grc'><strong><em>-</em></strong></span> <span class='ocrx_word' id='word_1_554' title='bbox 2888 3179 3162 3256; x_wconf 75' lang='grc' dir='ltr'><strong>ἓξηράνθη.</strong></span> <span class='ocrx_word' id='word_1_555' title='bbox 3224 3180 3472 3259; x_wconf 72' lang='grc' dir='ltr'><strong>Ππρὼδη</strong></span> <span class='ocrx_word' id='word_1_556' title='bbox 3525 3189 3656 3258; x_wconf 73' lang='grc' dir='ltr'><strong>μέρη</strong></span> <span class='ocrx_word' id='word_1_557' title='bbox 3716 3186 3880 3255; x_wconf 75' lang='grc' dir='ltr'><strong>ἐστὶν,</strong></span> <span class='ocrx_word' id='word_1_558' title='bbox 3942 3188 3971 3240; x_wconf 83' lang='grc' dir='ltr'><strong><em>ὁ</em></strong></span> 
     </span>
    </p>
   </div>
   <div class='ocr_carea' id='block_1_84' title="bbox 2371 3269 3973 3350">
    <p class='ocr_par' dir='ltr' id='par_1_84' title="bbox 2371 3269 3973 3350">
     <span class='ocr_line' id='line_1_84' title="bbox 2371 3269 3973 3350; baseline 0.006 -30"><span class='ocrx_word' id='word_1_559' title='bbox 2371 3269 2728 3345; x_wconf 75' lang='grc' dir='ltr'><strong>μικρόψυχος,</strong></span> <span class='ocrx_word' id='word_1_560' title='bbox 2762 3271 2787 3321; x_wconf 87' lang='grc' dir='ltr'><strong><em>ὁ</em></strong></span> <span class='ocrx_word' id='word_1_561' title='bbox 2821 3270 3160 3344; x_wconf 77' lang='grc' dir='ltr'><strong>κατακρύψας</strong></span> <span class='ocrx_word' id='word_1_562' title='bbox 3216 3275 3306 3344; x_wconf 68' lang='grc' dir='ltr'>μεν</span> <span class='ocrx_word' id='word_1_563' title='bbox 3334 3276 3392 3325; x_wconf 89' lang='grc' dir='ltr'><strong>τὸ</strong></span> <span class='ocrx_word' id='word_1_564' title='bbox 3449 3278 3643 3350; x_wconf 71' lang='grc' dir='ltr'><strong>σπαρεν</strong></span> <span class='ocrx_word' id='word_1_565' title='bbox 3670 3278 3718 3328; x_wconf 74' lang='grc' dir='ltr'><strong>ἐν</strong></span> <span class='ocrx_word' id='word_1_566' title='bbox 3749 3284 3809 3349; x_wconf 80' lang='grc' dir='ltr'><strong>τῇ</strong></span> <span class='ocrx_word' id='word_1_567' title='bbox 3843 3296 3973 3350; x_wconf 89' lang='grc' dir='ltr'><strong>καρ-</strong></span> 
     </span>
    </p>
   </div>
   <div class='ocr_carea' id='block_1_85' title="bbox 2374 3354 3969 3438">
    <p class='ocr_par' dir='ltr' id='par_1_85' title="bbox 2374 3354 3969 3438">
     <span class='ocr_line' id='line_1_85' title="bbox 2374 3354 3969 3438; baseline 0.005 -29"><span class='ocrx_word' id='word_1_568' title='bbox 2374 3354 2469 3430; x_wconf 81' lang='grc' dir='ltr'><strong>δὶᾳ</strong></span> <span class='ocrx_word' id='word_1_569' title='bbox 2496 3358 2674 3422; x_wconf 71' lang='grc' dir='ltr'><strong>αὐτοῦ,</strong></span> <span class='ocrx_word' id='word_1_570' title='bbox 2700 3363 2770 3430; x_wconf 70' lang='grc' dir='ltr'><strong>μὴ</strong></span> <span class='ocrx_word' id='word_1_571' title='bbox 2796 3362 2932 3430; x_wconf 79' lang='grc' dir='ltr'><strong>ἔχων</strong></span> <span class='ocrx_word' id='word_1_572' title='bbox 2963 3355 3022 3411; x_wconf 74' lang='grc' dir='ltr'><strong>δὲ</strong></span> <span class='ocrx_word' id='word_1_573' title='bbox 3041 3368 3137 3432; x_wconf 74' lang='grc' dir='ltr'><strong>’γῆν</strong></span> <span class='ocrx_word' id='word_1_574' title='bbox 3166 3359 3375 3431; x_wconf 80' lang='grc' dir='ltr'><strong>πολλὴν,</strong></span> <span class='ocrx_word' id='word_1_575' title='bbox 3405 3365 3540 3435; x_wconf 76' lang='grc' dir='ltr'><strong>ἤτοι,</strong></span> <span class='ocrx_word' id='word_1_576' title='bbox 3579 3366 3969 3438; x_wconf 80' lang='grc' dir='ltr'><strong>σταθηρότητα,</strong></span> 
     </span>
    </p>
   </div>
   <div class='ocr_carea' id='block_1_86' title="bbox 2371 3445 3973 3525">
    <p class='ocr_par' dir='ltr' id='par_1_86' title="bbox 2371 3445 3973 3525">
     <span class='ocr_line' id='line_1_86' title="bbox 2371 3445 3973 3525; baseline 0.004 -26"><span class='ocrx_word' id='word_1_577' title='bbox 2371 3447 2496 3519; x_wconf 78' lang='grc' dir='ltr'><strong>παρ’</strong></span> <span class='ocrx_word' id='word_1_578' title='bbox 2563 3447 2708 3517; x_wconf 81' lang='grc' dir='ltr'><strong>ᾧτινι</strong></span> <span class='ocrx_word' id='word_1_579' title='bbox 2756 3445 3029 3509; x_wconf 75' lang='grc' dir='ltr'><strong>ἕξανέτειλε</strong></span> <span class='ocrx_word' id='word_1_580' title='bbox 3076 3451 3165 3521; x_wconf 68' lang='grc' dir='ltr'><strong>μὶν</strong></span> <span class='ocrx_word' id='word_1_581' title='bbox 3233 3449 3424 3502; x_wconf 70' lang='grc' dir='ltr'><strong>αὐτίκα</strong></span> <span class='ocrx_word' id='word_1_582' title='bbox 3471 3453 3502 3509; x_wconf 77' lang='grc' dir='ltr'>ἡ</span> <span class='ocrx_word' id='word_1_583' title='bbox 3563 3457 3761 3518; x_wconf 87' lang='grc' dir='ltr'><strong>πίστίς,</strong></span> <span class='ocrx_word' id='word_1_584' title='bbox 3810 3459 3973 3525; x_wconf 80' lang='grc' dir='ltr'><strong>μήπω</strong></span> 
     </span>
    </p>
   </div>
   <div class='ocr_carea' id='block_1_87' title="bbox 2372 3535 3971 3616">
    <p class='ocr_par' dir='ltr' id='par_1_87' title="bbox 2372 3535 3971 3616">
     <span class='ocr_line' id='line_1_87' title="bbox 2372 3535 3971 3616; baseline 0.004 -28"><span class='ocrx_word' id='word_1_585' title='bbox 2372 3537 2658 3611; x_wconf 76' lang='grc' dir='ltr'><strong>ῥιζωθείσα</strong></span> <span class='ocrx_word' id='word_1_586' title='bbox 2707 3536 2952 3609; x_wconf 78' lang='grc' dir='ltr'><strong>βεϐαίως,</strong></span> <span class='ocrx_word' id='word_1_587' title='bbox 2987 3535 3081 3589; x_wconf 81' lang='grc' dir='ltr'><strong>διὰ</strong></span> <span class='ocrx_word' id='word_1_588' title='bbox 3117 3542 3175 3589; x_wconf 88' lang='grc' dir='ltr'><strong>τὸ</strong></span> <span class='ocrx_word' id='word_1_589' title='bbox 3222 3543 3294 3610; x_wconf 80' lang='grc' dir='ltr'><strong>μὴ</strong></span> <span class='ocrx_word' id='word_1_590' title='bbox 3336 3542 3477 3611; x_wconf 77' lang='grc' dir='ltr'><strong>ἔχειν</strong></span> <span class='ocrx_word' id='word_1_591' title='bbox 3513 3541 3690 3612; x_wconf 71' lang='grc' dir='ltr'><strong>αὐτὸν,</strong></span> <span class='ocrx_word' id='word_1_592' title='bbox 3737 3544 3803 3603; x_wconf 82' lang='grc' dir='ltr'><strong>ὡς</strong></span> <span class='ocrx_word' id='word_1_593' title='bbox 3832 3545 3971 3616; x_wconf 71' lang='grc' dir='ltr'><strong>εἶρηο</strong></span> 
     </span>
    </p>
   </div>
   <div class='ocr_carea' id='block_1_88' title="bbox 2373 3622 3971 3702">
    <p class='ocr_par' dir='ltr' id='par_1_88' title="bbox 2373 3622 3971 3702">
     <span class='ocr_line' id='line_1_88' title="bbox 2373 3622 3971 3702; baseline 0.003 -25"><span class='ocrx_word' id='word_1_594' title='bbox 2373 3644 2481 3694; x_wconf 81' lang='grc' dir='ltr'><strong>ται,</strong></span> <span class='ocrx_word' id='word_1_595' title='bbox 2513 3627 2903 3698; x_wconf 82' lang='grc' dir='ltr'><strong>σταθηροτητα,</strong></span> <span class='ocrx_word' id='word_1_596' title='bbox 2935 3622 3167 3679; x_wconf 71' lang='grc' dir='ltr'><strong>Τοιαῦτα</strong></span> <span class='ocrx_word' id='word_1_597' title='bbox 3191 3629 3289 3700; x_wconf 74' lang='grc' dir='ltr'><strong>γὰρ</strong></span> <span class='ocrx_word' id='word_1_598' title='bbox 3321 3632 3386 3680; x_wconf 81' lang='grc' dir='ltr'><strong>τὰ</strong></span> <span class='ocrx_word' id='word_1_599' title='bbox 3415 3631 3464 3680; x_wconf 75' lang='grc' dir='ltr'><strong>ἓν</strong></span> <span class='ocrx_word' id='word_1_600' title='bbox 3490 3629 3636 3700; x_wconf 72' lang='grc' dir='ltr'><strong>ὀλίγη</strong></span> <span class='ocrx_word' id='word_1_601' title='bbox 3669 3649 3971 3702; x_wconf 87' lang='grc' dir='ltr'><strong>κατακρυπ-</strong></span> 
     </span>
    </p>
   </div>
   <div class='ocr_carea' id='block_1_89' title="bbox 2372 3713 3967 3787">
    <p class='ocr_par' dir='ltr' id='par_1_89' title="bbox 2372 3713 3967 3787">
     <span class='ocr_line' id='line_1_89' title="bbox 2372 3713 3967 3787; baseline 0.001 -20"><span class='ocrx_word' id='word_1_602' title='bbox 2372 3718 2562 3786; x_wconf 78' lang='grc' dir='ltr'><strong>τὸμένα</strong></span> <span class='ocrx_word' id='word_1_603' title='bbox 2585 3722 2677 3787; x_wconf 75' lang='grc' dir='ltr'><strong>γῇ,</strong></span> <span class='ocrx_word' id='word_1_604' title='bbox 2708 3719 2913 3786; x_wconf 78' lang='grc' dir='ltr'><strong>ταχέως</strong></span> <span class='ocrx_word' id='word_1_605' title='bbox 2943 3714 3379 3778; x_wconf 73' lang='grc' dir='ltr'><strong>ἕξανατελλουσιν·</strong></span> <span class='ocrx_word' id='word_1_606' title='bbox 3410 3717 3553 3775; x_wconf 78' lang='grc' dir='ltr'><strong>ἡλίου</strong></span> <span class='ocrx_word' id='word_1_607' title='bbox 3595 3713 3653 3769; x_wconf 70' lang='grc' dir='ltr'>δε</span> <span class='ocrx_word' id='word_1_608' title='bbox 3678 3715 3967 3768; x_wconf 79' lang='grc' dir='ltr'><strong>ἀνατείλαν-</strong></span> 
     </span>
    </p>
   </div>
   <div class='ocr_carea' id='block_1_90' title="bbox 2372 3800 3964 3877">
    <p class='ocr_par' dir='ltr' id='par_1_90' title="bbox 2372 3800 3964 3877">
     <span class='ocr_line' id='line_1_90' title="bbox 2372 3800 3964 3877; baseline 0 -22"><span class='ocrx_word' id='word_1_609' title='bbox 2372 3823 2478 3867; x_wconf 90' lang='grc' dir='ltr'><strong>τος,</strong></span> <span class='ocrx_word' id='word_1_610' title='bbox 2532 3803 2661 3875; x_wconf 74' lang='grc' dir='ltr'><strong>λέσγω</strong></span> <span class='ocrx_word' id='word_1_611' title='bbox 2715 3800 2808 3870; x_wconf 83' lang='grc' dir='ltr'><strong>δὴ,</strong></span> <span class='ocrx_word' id='word_1_612' title='bbox 2862 3810 3139 3876; x_wconf 79' lang='grc' dir='ltr'><strong>πυρώσεως</strong></span> <span class='ocrx_word' id='word_1_613' title='bbox 3192 3812 3485 3877; x_wconf 82' lang='grc' dir='ltr'><strong>πειρασμοῦ</strong></span> <span class='ocrx_word' id='word_1_614' title='bbox 3542 3803 3964 3877; x_wconf 80' lang='grc' dir='ltr'><strong>προσϐαλούσης,</strong></span> 
     </span>
    </p>
   </div>
   <div class='ocr_carea' id='block_1_91' title="bbox 2374 3890 3968 3968">
    <p class='ocr_par' dir='ltr' id='par_1_91' title="bbox 2374 3890 3968 3968">
     <span class='ocr_line' id='line_1_91' title="bbox 2374 3890 3968 3968; baseline 0.002 -25"><span class='ocrx_word' id='word_1_615' title='bbox 2374 3890 2731 3964; x_wconf 71' lang='grc' dir='ltr'><strong>ἐκαυματίσθη</strong></span> <span class='ocrx_word' id='word_1_616' title='bbox 2779 3897 2868 3945; x_wconf 83' lang='grc' dir='ltr'><strong>καὶ</strong></span> <span class='ocrx_word' id='word_1_617' title='bbox 2900 3891 3204 3965; x_wconf 74' lang='grc' dir='ltr'><strong>ἐφλογίσθη,</strong></span> <span class='ocrx_word' id='word_1_618' title='bbox 3234 3899 3323 3946; x_wconf 76' lang='grc' dir='ltr'><strong>καὶ</strong></span> <span class='ocrx_word' id='word_1_619' title='bbox 3354 3890 3448 3946; x_wconf 83' lang='grc' dir='ltr'><strong>διὰ</strong></span> <span class='ocrx_word' id='word_1_620' title='bbox 3474 3896 3529 3946; x_wconf 87' lang='grc' dir='ltr'><strong>τὸ</strong></span> <span class='ocrx_word' id='word_1_621' title='bbox 3549 3898 3620 3966; x_wconf 81' lang='grc' dir='ltr'><strong>μὴ</strong></span> <span class='ocrx_word' id='word_1_622' title='bbox 3648 3895 3786 3965; x_wconf 71' lang='grc' dir='ltr'><strong>ἒχειν</strong></span> <span class='ocrx_word' id='word_1_623' title='bbox 3814 3894 3968 3968; x_wconf 73' lang='grc' dir='ltr'><strong>ῥίζαν</strong></span> 
     </span>
    </p>
   </div>
   <div class='ocr_carea' id='block_1_92' title="bbox 2375 3979 3972 4056">
    <p class='ocr_par' dir='ltr' id='par_1_92' title="bbox 2375 3979 3972 4056">
     <span class='ocr_line' id='line_1_92' title="bbox 2375 3979 3972 4056; baseline 0.001 -22"><span class='ocrx_word' id='word_1_624' title='bbox 2375 3980 2487 4051; x_wconf 75' lang='grc'><strong>(12)</strong></span> <span class='ocrx_word' id='word_1_625' title='bbox 2521 3979 2922 4051; x_wconf 69' lang='grc' dir='ltr'><strong>ἀναψύχουσαν,</strong></span> <span class='ocrx_word' id='word_1_626' title='bbox 2965 3984 3153 4048; x_wconf 82' lang='grc' dir='ltr'><strong>εἶτουν,</strong></span> <span class='ocrx_word' id='word_1_627' title='bbox 3209 3979 3511 4055; x_wconf 77' lang='grc' dir='ltr'><strong>ἕδραίωσιν,</strong></span> <span class='ocrx_word' id='word_1_628' title='bbox 3556 3982 3831 4056; x_wconf 75' lang='grc' dir='ltr'><strong>ἐξηράνθη,</strong></span> <span class='ocrx_word' id='word_1_629' title='bbox 3881 3989 3972 4037; x_wconf 81' lang='grc' dir='ltr'><strong>καὶ</strong></span> 
     </span>
    </p>
   </div>
   <div class='ocr_carea' id='block_1_93' title="bbox 2373 4064 3009 4143">
    <p class='ocr_par' dir='ltr' id='par_1_93' title="bbox 2373 4064 3009 4143">
     <span class='ocr_line' id='line_1_93' title="bbox 2373 4064 3009 4143; baseline 0.002 -23"><span class='ocrx_word' id='word_1_630' title='bbox 2373 4064 2678 4143; x_wconf 76' lang='grc' dir='ltr'><strong>προδέδωκε</strong></span> <span class='ocrx_word' id='word_1_631' title='bbox 2702 4073 2789 4127; x_wconf 80' lang='grc' dir='ltr'><strong>τὴν</strong></span> <span class='ocrx_word' id='word_1_632' title='bbox 2810 4073 3009 4121; x_wconf 88' lang='grc' dir='ltr'><strong>πίστιν.</strong></span> 
     </span>
    </p>
   </div>
   <div class='ocr_carea' id='block_1_94' title="bbox 2445 4242 3970 4323">
    <p class='ocr_par' dir='ltr' id='par_1_94' title="bbox 2445 4242 3970 4323">
     <span class='ocr_line' id='line_1_94' title="bbox 2445 4242 3970 4323; baseline 0.003 -27"><span class='ocrx_word' id='word_1_633' title='bbox 2445 4244 2604 4297; x_wconf 78' lang='grc' dir='ltr'><strong>Ἀλλα</strong></span> <span class='ocrx_word' id='word_1_634' title='bbox 2640 4242 2698 4298; x_wconf 70' lang='grc' dir='ltr'>δε</span> <span class='ocrx_word' id='word_1_635' title='bbox 2729 4277 2795 4288; x_wconf 89' lang='grc'><strong>-</strong></span> <span class='ocrx_word' id='word_1_636' title='bbox 2824 4244 2975 4301; x_wconf 69' lang='grc' dir='ltr'><strong>αὑτά.</strong></span> <span class='ocrx_word' id='word_1_637' title='bbox 3018 4244 3274 4299; x_wconf 81' lang='grc' dir='ltr'><strong>Ἀκανθαί</strong></span> <span class='ocrx_word' id='word_1_638' title='bbox 3329 4246 3480 4313; x_wconf 86' lang='grc' dir='ltr'><strong>εἰσιν,</strong></span> <span class='ocrx_word' id='word_1_639' title='bbox 3548 4249 3578 4306; x_wconf 83' lang='grc' dir='ltr'>ἡ</span> <span class='ocrx_word' id='word_1_640' title='bbox 3635 4252 3859 4323; x_wconf 79' lang='grc' dir='ltr'><strong>μέριμνα</strong></span> <span class='ocrx_word' id='word_1_641' title='bbox 3881 4254 3970 4300; x_wconf 83' lang='grc' dir='ltr'><strong>τοῦ</strong></span> 
     </span>
    </p>
   </div>
   <div class='ocr_carea' id='block_1_95' title="bbox 2379 4332 3973 4405">
    <p class='ocr_par' dir='ltr' id='par_1_95' title="bbox 2379 4332 3973 4405">
     <span class='ocr_line' id='line_1_95' title="bbox 2379 4332 3973 4405; baseline 0.002 -20"><span class='ocrx_word' id='word_1_642' title='bbox 2379 4332 2515 4405; x_wconf 85' lang='grc' dir='ltr'><strong>βίου,</strong></span> <span class='ocrx_word' id='word_1_643' title='bbox 2558 4342 2807 4387; x_wconf 81' lang='grc' dir='ltr'><strong>κεντοῦσα</strong></span> <span class='ocrx_word' id='word_1_644' title='bbox 2861 4339 2950 4387; x_wconf 85' lang='grc' dir='ltr'><strong>καὶ</strong></span> <span class='ocrx_word' id='word_1_645' title='bbox 3006 4338 3263 4388; x_wconf 79' lang='grc' dir='ltr'><strong>νύττουσα</strong></span> <span class='ocrx_word' id='word_1_646' title='bbox 3309 4339 3395 4387; x_wconf 77' lang='grc' dir='ltr'><strong>καὶ</strong></span> <span class='ocrx_word' id='word_1_647' title='bbox 3443 4340 3823 4389; x_wconf 74' lang='grc' dir='ltr'><strong>κατατίινουσα</strong></span> <span class='ocrx_word' id='word_1_648' title='bbox 3886 4340 3973 4395; x_wconf 79' lang='grc' dir='ltr'><strong>τὴν</strong></span> 
     </span>
    </p>
   </div>
   <div class='ocr_carea' id='block_1_96' title="bbox 2374 4419 3972 4495">
    <p class='ocr_par' dir='ltr' id='par_1_96' title="bbox 2374 4419 3972 4495">
     <span class='ocr_line' id='line_1_96' title="bbox 2374 4419 3972 4495; baseline 0.002 -21"><span class='ocrx_word' id='word_1_649' title='bbox 2374 4422 2583 4495; x_wconf 71' lang='grc' dir='ltr'><strong>ψυχήν.</strong></span> <span class='ocrx_word' id='word_1_650' title='bbox 2627 4422 2744 4478; x_wconf 82' lang='grc' dir='ltr'><strong>Ἔτι</strong></span> <span class='ocrx_word' id='word_1_651' title='bbox 2792 4419 2851 4477; x_wconf 62' lang='grc' dir='ltr'><strong>δὲ</strong></span> <span class='ocrx_word' id='word_1_652' title='bbox 2906 4428 2995 4476; x_wconf 83' lang='grc' dir='ltr'><strong>καὶ</strong></span> <span class='ocrx_word' id='word_1_653' title='bbox 3032 4425 3062 4482; x_wconf 80' lang='grc' dir='ltr'><strong>ἠ</strong></span> <span class='ocrx_word' id='word_1_654' title='bbox 3124 4422 3297 4481; x_wconf 81' lang='grc' dir='ltr'><strong>ἀπάτη</strong></span> <span class='ocrx_word' id='word_1_655' title='bbox 3347 4431 3439 4476; x_wconf 78' lang='grc' dir='ltr'><strong>τοῦ</strong></span> <span class='ocrx_word' id='word_1_656' title='bbox 3502 4423 3748 4490; x_wconf 79' lang='grc' dir='ltr'><strong>πλούτου,</strong></span> <span class='ocrx_word' id='word_1_657' title='bbox 3810 4426 3915 4478; x_wconf 83' lang='grc' dir='ltr'>οἷον</span> <span class='ocrx_word' id='word_1_658' title='bbox 3945 4427 3972 4483; x_wconf 75' lang='grc' dir='ltr'><strong>ὃ</strong></span> 
     </span>
    </p>
   </div>
   <div class='ocr_carea' id='block_1_97' title="bbox 2377 4508 3976 4588">
    <p class='ocr_par' dir='ltr' id='par_1_97' title="bbox 2377 4508 3976 4588">
     <span class='ocr_line' id='line_1_97' title="bbox 2377 4508 3976 4588; baseline 0.002 -25"><span class='ocrx_word' id='word_1_659' title='bbox 2377 4516 2569 4584; x_wconf 72' lang='grc' dir='ltr'><strong>τρυφὴ,</strong></span> <span class='ocrx_word' id='word_1_660' title='bbox 2602 4513 2631 4570; x_wconf 79' lang='grc' dir='ltr'>ἡ</span> <span class='ocrx_word' id='word_1_661' title='bbox 2674 4508 2962 4581; x_wconf 81' lang='grc' dir='ltr'><strong>κενοδοξία,</strong></span> <span class='ocrx_word' id='word_1_662' title='bbox 3012 4514 3041 4571; x_wconf 80' lang='grc' dir='ltr'><strong>ἠ</strong></span> <span class='ocrx_word' id='word_1_663' title='bbox 3077 4514 3271 4575; x_wconf 80' lang='grc' dir='ltr'><strong>οἴησις,</strong></span> <span class='ocrx_word' id='word_1_664' title='bbox 3334 4517 3424 4564; x_wconf 84' lang='grc' dir='ltr'><strong>καὶ</strong></span> <span class='ocrx_word' id='word_1_665' title='bbox 3469 4515 3533 4565; x_wconf 85' lang='grc' dir='ltr'><strong>τὰ</strong></span> <span class='ocrx_word' id='word_1_666' title='bbox 3581 4520 3819 4579; x_wconf 80' lang='grc' dir='ltr'><strong>τοιαῦτα,</strong></span> <span class='ocrx_word' id='word_1_667' title='bbox 3844 4512 3976 4588; x_wconf 86' lang='grc' dir='ltr'><strong>οἷπερ</strong></span> 
     </span>
    </p>
   </div>
   <div class='ocr_carea' id='block_1_98' title="bbox 2376 4599 3977 4675">
    <p class='ocr_par' dir='ltr' id='par_1_98' title="bbox 2376 4599 3977 4675">
     <span class='ocr_line' id='line_1_98' title="bbox 2376 4599 3977 4675; baseline 0.001 -23"><span class='ocrx_word' id='word_1_668' title='bbox 2376 4599 2579 4653; x_wconf 83' lang='grc' dir='ltr'><strong>ἃπαντα</strong></span> <span class='ocrx_word' id='word_1_669' title='bbox 2607 4603 2779 4660; x_wconf 80' lang='grc' dir='ltr'><strong>απάτη</strong></span> <span class='ocrx_word' id='word_1_670' title='bbox 2838 4606 2991 4675; x_wconf 83' lang='grc' dir='ltr'><strong>μόνον</strong></span> <span class='ocrx_word' id='word_1_671' title='bbox 3040 4601 3191 4653; x_wconf 88' lang='grc' dir='ltr'><strong>εἰσίν.</strong></span> <span class='ocrx_word' id='word_1_672' title='bbox 3234 4604 3455 4653; x_wconf 83' lang='grc' dir='ltr'><strong>Δοκοῦσι</strong></span> <span class='ocrx_word' id='word_1_673' title='bbox 3491 4604 3579 4665; x_wconf 68' lang='grc' dir='ltr'><strong>μὲν</strong></span> <span class='ocrx_word' id='word_1_674' title='bbox 3626 4604 3727 4675; x_wconf 72' lang='grc' dir='ltr'><strong>γὰρ</strong></span> <span class='ocrx_word' id='word_1_675' title='bbox 3782 4600 3977 4672; x_wconf 71' lang='grc' dir='ltr'><strong>ἀγαθὰ,</strong></span> 
     </span>
    </p>
   </div>
   <div class='ocr_carea' id='block_1_99' title="bbox 2379 4685 3975 4757">
    <p class='ocr_par' dir='ltr' id='par_1_99' title="bbox 2379 4685 3975 4757">
     <span class='ocr_line' id='line_1_99' title="bbox 2379 4685 3975 4757; baseline -0.001 -15"><span class='ocrx_word' id='word_1_676' title='bbox 2379 4690 2474 4742; x_wconf 76' lang='grc' dir='ltr'><strong>οὐκ</strong></span> <span class='ocrx_word' id='word_1_677' title='bbox 2504 4690 2606 4743; x_wconf 84' lang='grc' dir='ltr'><strong>εἰσὶ</strong></span> <span class='ocrx_word' id='word_1_678' title='bbox 2646 4690 2722 4743; x_wconf 75' lang='grc' dir='ltr'><strong>ὁὶ.</strong></span> <span class='ocrx_word' id='word_1_679' title='bbox 2760 4696 3006 4744; x_wconf 79' lang='grc' dir='ltr'><strong>Κεντοῦσι</strong></span> <span class='ocrx_word' id='word_1_680' title='bbox 3058 4686 3115 4742; x_wconf 69' lang='grc' dir='ltr'><strong>δὲ</strong></span> <span class='ocrx_word' id='word_1_681' title='bbox 3153 4693 3243 4741; x_wconf 84' lang='grc' dir='ltr'><strong>καὶ</strong></span> <span class='ocrx_word' id='word_1_682' title='bbox 3294 4696 3480 4755; x_wconf 79' lang='grc' dir='ltr'><strong>ταῦτα,</strong></span> <span class='ocrx_word' id='word_1_683' title='bbox 3540 4685 3693 4747; x_wconf 82' lang='grc' dir='ltr'><strong>δίκην</strong></span> <span class='ocrx_word' id='word_1_684' title='bbox 3725 4688 3975 4757; x_wconf 82' lang='grc' dir='ltr'><strong>ἀκάνθης,</strong></span> 
     </span>
    </p>
   </div>
   <div class='ocr_carea' id='block_1_100' title="bbox 2378 4774 3977 4853">
    <p class='ocr_par' dir='ltr' id='par_1_100' title="bbox 2378 4774 3977 4853">
     <span class='ocr_line' id='line_1_100' title="bbox 2378 4774 3977 4853; baseline -0.001 -21"><span class='ocrx_word' id='word_1_685' title='bbox 2378 4784 2468 4833; x_wconf 84' lang='grc' dir='ltr'><strong>καὶ</strong></span> <span class='ocrx_word' id='word_1_686' title='bbox 2496 4778 2816 4853; x_wconf 76' lang='grc' dir='ltr'><strong>ἐνοχλοῦσιν.</strong></span> <span class='ocrx_word' id='word_1_687' title='bbox 2852 4777 3139 4838; x_wconf 79' lang='grc' dir='ltr'><strong>Ἀνίϐησαν</strong></span> <span class='ocrx_word' id='word_1_688' title='bbox 3183 4774 3261 4847; x_wconf 76' lang='grc' dir='ltr'><strong>δὲ,</strong></span> <span class='ocrx_word' id='word_1_689' title='bbox 3318 4775 3432 4831; x_wconf 77' lang='grc' dir='ltr'><strong>ἀντὶ</strong></span> <span class='ocrx_word' id='word_1_690' title='bbox 3483 4784 3597 4844; x_wconf 78' lang='grc' dir='ltr'><strong>τοῦ,</strong></span> <span class='ocrx_word' id='word_1_691' title='bbox 3647 4777 3977 4848; x_wconf 81' lang='grc' dir='ltr'><strong>ηὐξήθησαν,</strong></span> 
     </span>
    </p>
   </div>
   <div class='ocr_carea' id='block_1_101' title="bbox 2380 4872 2771 4946">
    <p class='ocr_par' dir='ltr' id='par_1_101' title="bbox 2380 4872 2771 4946">
     <span class='ocr_line' id='line_1_101' title="bbox 2380 4872 2771 4946; baseline 0.005 -23"><span class='ocrx_word' id='word_1_692' title='bbox 2380 4872 2647 4946; x_wconf 79' lang='grc' dir='ltr'><strong>ὑπερίσχυ</strong></span> <span class='ocrx_word' id='word_1_693' title='bbox 2655 4890 2771 4925; x_wconf 87' lang='grc' dir='ltr'><strong>σαν.</strong></span> 
     </span>
    </p>
   </div>
   <div class='ocr_carea' id='block_1_102' title="bbox 1829 5174 2742 5247">
    <p class='ocr_par' dir='ltr' id='par_1_102' title="bbox 1829 5174 2742 5247">
     <span class='ocr_line' id='line_1_102' title="bbox 1829 5174 2742 5247; baseline -0.005 0"><span class='ocrx_word' id='word_1_694' title='bbox 1829 5175 2055 5247; x_wconf 72' lang='lat' dir='ltr'><strong>Variae</strong></span> <span class='ocrx_word' id='word_1_695' title='bbox 2080 5174 2412 5246; x_wconf 89' lang='lat' dir='ltr'><strong>lectiones</strong></span> <span class='ocrx_word' id='word_1_696' title='bbox 2443 5185 2509 5245; x_wconf 91' lang='lat' dir='ltr'><strong>et</strong></span> <span class='ocrx_word' id='word_1_697' title='bbox 2538 5183 2742 5244; x_wconf 76' lang='lat' dir='ltr'><strong>notae.</strong></span> 
     </span>
    </p>
   </div>
   <div class='ocr_carea' id='block_1_103' title="bbox 691 5369 2265 5462">
    <p class='ocr_par' dir='ltr' id='par_1_103' title="bbox 691 5369 2265 5462">
     <span class='ocr_line' id='line_1_103' title="bbox 691 5369 2265 5462; baseline 0 0"><span class='ocrx_word' id='word_1_698' title='bbox 691 5369 1860 5462; x_wconf 52' lang='lat' dir='ltr'><strong>0.2):N‘Ps‘fm.91°8%9_‘£1‘_-di&lt;3l}2€_9°</strong></span> <span class='ocrx_word' id='word_1_699' title='bbox 1902 5372 2058 5462; x_wconf 57' lang='grc' dir='ltr'><strong>ῥέξει·</strong></span> <span class='ocrx_word' id='word_1_700' title='bbox 2119 5371 2265 5462; x_wconf 55' lang='grc' dir='ltr'>ἐπείη</span> 
     </span>
    </p>
   </div>
   <div class='ocr_carea' id='block_1_104' title="bbox 618 5441 2262 5519">
    <p class='ocr_par' dir='ltr' id='par_1_104' title="bbox 618 5441 2262 5519">
     <span class='ocr_line' id='line_1_104' title="bbox 618 5441 2262 5519; baseline 0.002 -21"><span class='ocrx_word' id='word_1_701' title='bbox 618 5441 1541 5519; x_wconf 35' lang='grc' dir='ltr'><strong>ἀνάφυξιςπξἋναψύκεινΗαιιίθω</strong></span> <span class='ocrx_word' id='word_1_702' title='bbox 1604 5441 1819 5519; x_wconf 73' lang='lat' dir='ltr'><strong>dicitur</strong></span> <span class='ocrx_word' id='word_1_703' title='bbox 1888 5441 2035 5519; x_wconf 57' lang='grc' dir='ltr'><strong>ῥίζα,</strong></span> <span class='ocrx_word' id='word_1_704' title='bbox 2122 5460 2262 5519; x_wconf 82' lang='lat' dir='ltr'><strong>cum</strong></span> 
     </span>
    </p>
   </div>
   <div class='ocr_carea' id='block_1_105' title="bbox 618 5513 2259 5586">
    <p class='ocr_par' dir='ltr' id='par_1_105' title="bbox 618 5513 2259 5586">
     <span class='ocr_line' id='line_1_105' title="bbox 618 5513 2259 5586; baseline -0.001 -11"><span class='ocrx_word' id='word_1_705' title='bbox 618 5513 810 5575; x_wconf 78' lang='lat' dir='ltr'><strong>eterra</strong></span> <span class='ocrx_word' id='word_1_706' title='bbox 820 5513 1401 5575; x_wconf 37' lang='lat' dir='ltr'><strong>collectos’humores</strong></span> <span class='ocrx_word' id='word_1_707' title='bbox 1415 5528 1522 5586; x_wconf 90' lang='lat' dir='ltr'><strong>per</strong></span> <span class='ocrx_word' id='word_1_708' title='bbox 1540 5513 1781 5571; x_wconf 89' lang='lat' dir='ltr'><strong>canales</strong></span> <span class='ocrx_word' id='word_1_709' title='bbox 1803 5513 2046 5573; x_wconf 83' lang='lat' dir='ltr'><strong>sursum</strong></span> <span class='ocrx_word' id='word_1_710' title='bbox 2064 5515 2259 5582; x_wconf 90' lang='lat' dir='ltr'><strong>mittit,</strong></span> 
     </span>
    </p>
   </div>
   <div class='ocr_carea' id='block_1_106' title="bbox 2371 5358 3980 5438">
    <p class='ocr_par' dir='ltr' id='par_1_106' title="bbox 2371 5358 3980 5438">
     <span class='ocr_line' id='line_1_106' title="bbox 2371 5358 3980 5438; baseline -0.006 -10"><span class='ocrx_word' id='word_1_711' title='bbox 2371 5376 2551 5438; x_wconf 84' lang='lat' dir='ltr'><strong>atque</strong></span> <span class='ocrx_word' id='word_1_712' title='bbox 2586 5369 2669 5426; x_wconf 90' lang='lat' dir='ltr'><strong>ita</strong></span> <span class='ocrx_word' id='word_1_713' title='bbox 2696 5364 3139 5438; x_wconf 81' lang='lat' dir='ltr'><strong>inclementiam</strong></span> <span class='ocrx_word' id='word_1_714' title='bbox 3182 5362 3400 5438; x_wconf 75' lang='lat' dir='ltr'><strong>caloris</strong></span> <span class='ocrx_word' id='word_1_715' title='bbox 3451 5360 3689 5433; x_wconf 86' lang='lat' dir='ltr'><strong>mitigat</strong></span> <span class='ocrx_word' id='word_1_716' title='bbox 3721 5364 3776 5418; x_wconf 84' lang='lat' dir='ltr'><strong>et</strong></span> <span class='ocrx_word' id='word_1_717' title='bbox 3813 5358 3980 5420; x_wconf 82' lang='lat' dir='ltr'><strong>refri-</strong></span> 
     </span>
    </p>
   </div>
   <div class='ocr_carea' id='block_1_107' title="bbox 2372 5431 3979 5513">
    <p class='ocr_par' dir='ltr' id='par_1_107' title="bbox 2372 5431 3979 5513">
     <span class='ocr_line' id='line_1_107' title="bbox 2372 5431 3979 5513; baseline -0.004 -14"><span class='ocrx_word' id='word_1_718' title='bbox 2372 5431 2553 5513; x_wconf 78' lang='lat' dir='ltr'><strong>gerat.</strong></span> <span class='ocrx_word' id='word_1_719' title='bbox 2581 5439 2733 5496; x_wconf 81' lang='lat' dir='ltr'><strong>Alibi</strong></span> <span class='ocrx_word' id='word_1_720' title='bbox 2744 5438 2819 5496; x_wconf 91' lang='lat' dir='ltr'><strong>de</strong></span> <span class='ocrx_word' id='word_1_721' title='bbox 2843 5453 2906 5495; x_wconf 91' lang='lat' dir='ltr'><strong>re</strong></span> <span class='ocrx_word' id='word_1_722' title='bbox 2920 5435 3095 5494; x_wconf 89' lang='lat' dir='ltr'><strong>simili</strong></span> <span class='ocrx_word' id='word_1_723' title='bbox 3109 5431 3346 5511; x_wconf 74' lang='grc' dir='ltr'><strong>ἀρδεύειν</strong></span> <span class='ocrx_word' id='word_1_724' title='bbox 3363 5431 3611 5507; x_wconf 81' lang='lat' dir='ltr'><strong>quoque</strong></span> <span class='ocrx_word' id='word_1_725' title='bbox 3626 5438 3979 5505; x_wconf 87' lang='lat' dir='ltr'><strong>usurpatur.</strong></span> 
     </span>
    </p>
   </div>
   <div class='ocr_carea' id='block_1_108' title="bbox 694 5687 2856 5767">
    <p class='ocr_par' dir='ltr' id='par_1_108' title="bbox 694 5687 2856 5767">
     <span class='ocr_line' id='line_1_108' title="bbox 694 5687 2856 5767; baseline -0.001 -17"><span class='ocrx_word' id='word_1_726' title='bbox 694 5693 795 5767; x_wconf 92' lang='lat' dir='ltr'><strong>(m)</strong></span> <span class='ocrx_word' id='word_1_727' title='bbox 822 5692 1177 5751; x_wconf 79' lang='lat' dir='ltr'><strong>Vinolentia.</strong></span> <span class='ocrx_word' id='word_1_728' title='bbox 1218 5688 1391 5751; x_wconf 81' lang='lat' dir='ltr'><strong>Forte</strong></span> <span class='ocrx_word' id='word_1_729' title='bbox 1427 5692 1652 5765; x_wconf 87' lang='lat' dir='ltr'><strong>legerat</strong></span> <span class='ocrx_word' id='word_1_730' title='bbox 1687 5692 1903 5754; x_wconf 72' lang='lat' dir='ltr'><strong>otmm!</strong></span> <span class='ocrx_word' id='word_1_731' title='bbox 1939 5696 2131 5756; x_wconf 83' lang='grc' dir='ltr'><strong>Οἰησις</strong></span> <span class='ocrx_word' id='word_1_732' title='bbox 2159 5696 2247 5750; x_wconf 90' lang='lat' dir='ltr'><strong>est</strong></span> <span class='ocrx_word' id='word_1_733' title='bbox 2276 5706 2430 5750; x_wconf 78' lang='lat' dir='ltr'><strong><em>vana</em></strong></span> <span class='ocrx_word' id='word_1_734' title='bbox 2457 5690 2531 5750; x_wconf 86' lang='lat' dir='ltr'><strong>de</strong></span> <span class='ocrx_word' id='word_1_735' title='bbox 2556 5705 2616 5749; x_wconf 86' lang='lat' dir='ltr'><strong>se</strong></span> <span class='ocrx_word' id='word_1_736' title='bbox 2643 5687 2856 5762; x_wconf 77' lang='lat' dir='ltr'><strong>opinio.</strong></span> 
     </span>
    </p>
   </div>
  </div>
