4176 6418
245 383 352 448 397

1210 389 1563 447 COMMENT.
1609 389 1675 447 IN
1717 389 2166 449 MATTH/EUM.
2209 423 2275 431 —
2315 391 2468 447 CAP.
2503 392 2650 447 XIII.

3501 392 3606 448 898

319 516 482 570 Ἀλλα
517 547 583 557 -
631 515 812 573 καλήν.
857 521 925 573 Γῆ
967 514 1095 572 καλή
1145 513 1276 584 ἐστι,
1321 515 1475 586 ψυχὴ
1529 515 1698 586 ἀγαθή
1755 537 1842 568 και

2023 516 2192 574 Vers.
2239 519 2296 571 8.
2337 516 2478 571 Alia
2519 547 2585 556 -—
2621 515 2852 570 bonam.
2899 516 3075 571 Terra
3099 514 3260 570 bona
3288 516 3374 570 est
3399 514 3606 572 anima

241 605 485 677 ἐλευθέρα
544 614 642 657 τῶν
712 607 1252 678 προαπηριθμημένων
1324 607 1499 655 παθῶν
1566 612 1654 655 καὶ
1737 606 1842 656 ἐπι-

239 692 436 752 τηδεία
508 698 634 766 πρὸς
703 697 1056 766 καρποφορίαν
1130 692 1330 764 ἀρετῆς.
1402 692 1536 766 Ὅρα
1603 691 1680 758 δε,
1740 703 1841 753 πῶς

243 786 445 836 σπάνια
473 787 538 834 τά
566 782 720 848 καλὰ,
777 788 863 834 καὶ
918 781 1083 852 ὀλίγοι
1113 784 1161 832 οι
1215 785 1518 852 σωζόμενοι.
1559 778 1698 833 Ἰδοὺ
1739 785 1838 853 γὰρ

238 878 396 944 μόνον
460 876 518 924 τό
568 876 808 945 τέταρτον
879 876 1030 942 μέρος
1094 879 1184 922 τοῦ
1240 875 1434 942 σπόρου
1501 878 1836 941 καρποφορεῖ,

240 967 305 1014 τὰ
337 966 464 1036 τρία
507 958 566 1012 δὲ
616 963 922 1034 φθείρονται.
981 964 1078 1012 Καὶ
1110 963 1135 1010 0
1179 963 1267 1030 μὲν
1317 965 1537 1032 σπείρων
1591 958 1673 1010 ἐπὶ
1717 962 1838 1010 πάν-

239 1071 329 1110 τας
387 1055 611 1123 σπείρει,
672 1055 740 1120 μὴ
807 1047 1084 1121 διακρίνων
1135 1057 1312 1100 τοῦτον
1378 1048 1463 1098 ἀπ’
1534 1046 1744 1101 ἐκείνου.
1781 1048 1839 1096 ’()

241 1145 295 1192 οε
353 1144 555 1211 σπόρος
599 1137 646 1189 ἐν
704 1137 870 1196 ἄλλοις
926 1141 1014 1208 μὲν
1070 1136 1317 1199 ἀπώλετο,
1373 1137 1495 1211 παρ’
1548 1137 1719 1197 ἄλλοις
1781 1134 1838 1188 δε

235 1227 684 1280 ἐπολυπλασίασε.
733 1233 896 1278 Τοῦτο
946 1222 1004 1277 δὲ
1051 1230 1272 1296 γέγονεν,
1333 1226 1390 1276 οὐ
1445 1223 1536 1276 δια
1584 1232 1676 1282 τὴν
1747 1233 1836 1276 τοῦ

233 1321 438 1388 σπόρου
501 1318 655 1387 φύσιν
689 1331 701 1344 ⁸
757 1316 781 1364 ὁ
838 1314 995 1374 αὐτὸς
1037 1317 1136 1387 γὰρ
1192 1319 1280 1364 καὶ
1330 1313 1516 1375 ἐπίσης
1587 1320 1674 1365 καὶ
1751 1313 1832 1365 ἐπὶ

229 1407 436 1464 πάντας
470 1421 482 1433 ·
535 1401 661 1454 ἀλλά
723 1399 815 1454 διά
874 1404 966 1462 τάς
1025 1400 1294 1472 ἀνομοίους
1345 1408 1556 1474 γνώμας
1602 1411 1700 1454 τῶν
1741 1401 1832 1453 ἀν-

230 1496 478 1568 θρώπων,
509 1491 578 1552 εἰς
606 1491 690 1552 οὓς
725 1493 750 1542 ό
783 1495 974 1562 σπόρος
993 1488 1307 1548 numen.

303 1674 404 1724 Καὶ
457 1665 605 1721 διατί
657 1671 885 1740 ἔσπειρεν
915 1665 1235 1740 ἀδιακρίτως
1289 1668 1372 1720 ἐπὶ
1405 1673 1498 1727 τὴν
1551 1667 1694 1740 ὀδόν,
1742 1675 1830 1722 καὶ

225 1760 311 1813 ἐπὶ
369 1761 439 1811 τά
497 1754 760 1831 πετρώδη,
820 1761 909 1808 καὶ
963 1757 1046 1809 ἐπὶ
1101 1759 1194 1816 τὰς
1252 1755 1524 1827 ἀκάνθας;
1579 1761 1673 1810 Διά
1736 1764 1829 1817 τὴν

227 1847 524 1921 ὑπερϐολὴν
577 1849 778 1907 πάντως
828 1853 923 1907 τῆς
995 1845 1185 1906 οἰκείας
1243 1845 1565 1916 ἀγαθότητος
1606 1852 1693 1900 καὶ
1754 1845 1830 1900 δι·
1862 1858 1904 1913 Β

227 1938 542 1999 καιοσύνης,
608 1939 697 1986 καὶ
747 1935 827 1984 ἶνα
897 1953 966 2005 μη
1033 1930 1286 1985 δύνωνται
1332 1933 1493 2004 λέγειν
1559 1934 1606 1986 ἐν
1665 1938 1831 2008 ἡμέρᾳ

229 2030 482 2098 κρίσεως,
537 2024 617 2074 ὅτι
664 2022 707 2074 εἰ
753 2024 956 2095 ἔσπειρε
1005 2025 1090 2072 καὶ
1157 2021 1234 2072 ἐπ’
1287 2021 1495 2085 αὐτοὺς,
1547 2022 1833 2095 ἐκαρποφό-

232 2133 409 2188 ρησαν
470 2113 549 2165 ἄν.
611 2111 888 2180 Ἐγίνωσκε
955 2112 1044 2180 μὲν
1119 2112 1220 2182 γὰρ
1288 2110 1476 2172 αὐτοὺς
1543 2111 1831 2184 ἀκάρπονς,

232 2205 378 2274 ὅμως
429 2197 490 2252 δὲ
533 2203 589 2251 τό
630 2199 813 2250 ἑαυτοῦ
861 2203 1157 2268 πεποίηκεν,
1212 2203 1276 2258 ως
1332 2199 1702 2272 φιλάνθρωπος,
1753 2203 1834 2254 ἱνα

231 2293 354 2362 ἔχοι
395 2289 563 2360 λέγειν
596 2306 606 2317 ·
639 2293 701 2345 Τί
732 2306 794 2359 με
815 2283 920 2339 ἔδει
944 2295 1185 2353 ποιῆσαι,
1214 2293 1302 2356 κᾳὶ
1328 2289 1387 2339 02’
1426 2295 1686 2346 πεποίηκα
1711 2310 1724 2357 ς

303 2381 518 2435 Ταύτην
588 2373 646 2429 δὲ
714 2381 776 2434 τὴ
850 2375 1148 2448 παραϐολὴν
1229 2375 1354 2443 εἶπε,
1420 2388 1678 2450 παραινῶν
1742 2377 1835 2433 διὰ

231 2471 432 2528 ταύτης
486 2473 595 2525 τοῖς
666 2466 942 2536 μαθηταῖς,
1006 2470 1074 2535 μη
1139 2463 1469 2536 ἀποκάμνειν,
1530 2467 1572 2518 εἰ
1631 2468 1835 2531 πλείους

231 2558 550 2630 εὑρίσκουσι
591 2562 690 2604 τῶν
741 2553 1043 2624 σωζομένων
1089 2557 1208 2614 τοὺς
1257 2553 1648 2626 ἀπολλυμένους,
1704 2554 1833 2629 μηδ’

233 2644 570 2716 ἀφίστασθαι
629 2649 721 2693 τοῦ
794 2645 1038 2714 σπείρειν,
1109 2643 1326 2712 ἔχοντας
1393 2639 1690 2716 ὑπόδειγμα
1751 2650 1835 2698 τόν

233 2729 568 2785 διδάσκαλον
613 2729 826 2798 ἑαυτῶν,
873 2729 948 2792 ὃς,
994 2733 1165 2780 καίτοι
1214 2727 1469 2801 προειδὼς
1512 2737 1630 2794 τοὺς
1681 2732 1838 2806 ἀκάρ-

233 2841 389 2882 πους,
433 2821 571 2886 ὅμως
601 2820 804 2890 ἔσπειρε
834 2823 922 2868 καὶ
949 2815 1022 2868 ἐπ’
1045 2817 1250 2879 αὐτούς.

310 2913 416 2962 Καὶ
470 2938 538 2946 —
585 2907 697 2978 (13)
756 2909 1052 2978 τριάκοντα.
1107 2905 1304 2978 Ὠσπερ
1359 2903 1694 2983 διαφέρουσιν
1749 2909 1838 2962 ἀλ-

233 2998 406 3056 λήλων
471 2998 520 3047 οἱ
569 2994 924 3067 ἀπολλύμενοι,
979 2995 1112 3046 οὕτω
1162 2995 1314 3046 πάλιν
1369 2993 1703 3070 διαφέρουσιν
1753 3000 1839 3051 ἀλ-

234 3088 408 3145 λήλων
448 3090 539 3136 καὶ
586 3086 633 3136 οἱ
693 3087 995 3154 σωζόμενοι.
1050 3090 1198 3156 Τρεῖς
1242 3088 1330 3155 μὲν
1383 3088 1484 3158 γὰρ
1542 3085 1841 3159 ἀπηριθμή-

234 3194 369 3229 τατο
408 3174 577 3236 τάξεις
626 3181 720 3224 τῶν
768 3170 1144 3243 ἀπολλυμένων,
1196 3171 1324 3243 λέγω
1365 3170 1456 3242 δὴ,
1507 3179 1622 3234 τοὺς
1673 3177 1840 3248 ρᾳθύ-
1874 3199 1914 3254 C

237 3284 390 3338 μους,
450 3268 567 3322 τοὺς
622 3259 990 3333 μικροψύχους
1041 3266 1129 3312 καὶ
1200 3265 1315 3320 τοὺς
1387 3269 1499 3323 ταῖς
1569 3268 1842 3335 μερίμναις

235 3360 328 3406 τοῦ
396 3349 520 3423 βίου
573 3354 721 3421 καὶῇ
783 3347 954 3420 ἀπάτῃ
1011 3357 1101 3401 τοῦ
1167 3349 1388 3401 πλούτου
1445 3347 1779 3412 δουλεύοντας
1825 3374 1836 3385 ο

235 3448 380 3516 τρεῖς
412 3436 474 3492 δὲ
516 3437 667 3490 πάλιν
719 3437 884 3499 τάξεις
939 3442 1154 3489 καὶτῶν
1208 3437 1531 3508 σωζομένων,
1564 3443 1695 3509 φημὶ
1747 3435 1838 3503 δὴ,

239 3535 363 3589 τοὺς
411 3534 871 3601 καρποφοροῦντας
939 3526 1052 3596 (14)
1113 3525 1161 3577 ἐν
1217 3525 1416 3595 ἑκατὸν,
1481 3532 1570 3578 καὶ
1621 3530 1739 3588 τοὺς
1793 3525 1840 3578 ἐν

239 3619 517 3680 ἑξήκοντα,
566 3620 655 3666 καί
717 3618 839 3674 τοὺς
912 3613 961 3666 ἐν
1020 3616 1312 3687 τριάκοντα.
1345 3616 1439 3666 Διά
1502 3625 1600 3667 τῶν
1641 3615 1839 3682 ἑκατὸν,

238 3711 331 3778 μὲν
392 3707 515 3778 γάρ,
585 3700 816 3760 ἐδήλωσε
894 3707 987 3760 τὴν
1065 3702 1255 3755 τελείαν
1334 3709 1687 3779 καρποφορίαν
1753 3712 1842 3764 τῆς

239 3794 435 3869 ἀρετῆς
469 3809 481 3822 ⁶
519 3788 611 3844 διὰ
652 3801 750 3843 τῶν
792 3791 1039 3854 ἐξήκοντα
1091 3788 1171 3859 δὲ,
1217 3797 1309 3850 τὴν
1365 3797 1530 3864 μέσην
1561 3815 1572 3826 ·
1609 3789 1703 3844 διά
1743 3802 1842 3844 τῶν

240 3885 529 3956 τριάκοντα
581 3877 658 3946 δὲ,
709 3885 802 3938 τὴν
870 3881 1163 3952 ὑφειμένην.
1220 3888 1328 3933 Τῶν
1383 3885 1484 3956 γὰρ
1543 3884 1839 3954 τριάκοντα,

247 3968 514 4024 διπλάσια
562 3972 650 4041 μὶν
693 3971 758 4020 τά
810 3968 1077 4031 ἑξήκοντα,
1123 3969 1409 4042 τριπλάσια
1439 3967 1497 4022 δὲ
1552 3974 1616 4023 τά
1644 3971 1831 4036 ἑκατόν

244 4058 440 4131 μᾶλλον
492 4055 550 4110 δε
573 4061 660 4108 καὶ
687 4058 813 4130 ὑπὲρ
844 4059 909 4108 τὰ
936 4056 1242 4129 τριπλάσια,
1291 4054 1383 4110 διὰ
1433 4062 1526 4116 τὴν
1580 4061 1844 4134 ὑπεροχήν

243 4157 340 4207 τῆς
379 4145 719 4205 τελειότητος.
792 4147 861 4198 Τὸ
921 4141 980 4196 δὲ
1038 4143 1104 4200 ⁸0
1173 4147 1263 4216 μεν
1312 4145 1510 4212 ἑκατόν,
1569 4145 1677 4198 ἀντὶ
1733 4155 1844 4214 τοῦ,

247 4237 384 4288 Ποτέ
437 4237 525 4306 μὲν
579 4233 780 4302 ἑκατὸν,
834 4231 881 4283 ἐν
947 4235 1114 4304 τούτῳ
1167 4240 1238 4284 τῶ
1303 4233 1573 4306 ἀνθρώπῳ,
1623 4238 1744 4288 ποτε
1790 4232 1848 4286 δὲ

242 4326 310 4376 τά
379 4322 512 4388 ἑξῆς,
573 4321 623 4374 ἐν
684 4321 821 4392 οἷλλῳ
885 4325 974 4374 καὶ
1035 4320 1187 4392 ἄλλῳ.
1259 4319 1609 4394 Ἀποδέχεται
1653 4319 1711 4375 δὲ
1760 4327 1848 4374 καὶ

242 4415 367 4471 τοὺς
415 4416 682 4484 πρώτοως,
745 4415 836 4462 καὶ
907 4413 1029 4472 τοὺς
1103 4406 1391 4484 δευτέρους,
1447 4415 1536 4464 καὶ
1578 4415 1691 4474 τοὺς
1737 4415 1846 4485 τρί-

244 4519 395 4560 τους.

319 4593 409 4647 Μὴ
463 4591 633 4640 τοίνυν
679 4587 734 4640 ἐκ
791 4588 1054 4662 ῥᾳθυμίας
1108 4587 1438 4661 ἀπολέσωμεν
1489 4592 1574 4641 τὸν
1633 4594 1848 4664 σπόρον,

248 4674 393 4753 μηδὲ
451 4675 508 4728 ἐκ
565 4675 926 4751 μικροψυχίας
971 4677 1125 4729 αὐτὸν
1175 4675 1542 4751 προδώσομεν,
1598 4676 1736 4750 μηδὲ
1796 4681 1852 4732 ἐκ

249 4761 543 4840 φροντίδων
588 4764 848 4837 βιωτικῶν
895 4770 982 4817 καὶ
1034 4765 1239 4825 ἀπάτης
1277 4774 1367 4818 τοῦ
1420 4767 1646 4818 πλουτου
1675 4776 1853 4821 τοῦτον

251 4853 691 4925 ἂναποπνίξωμεν.
766 4861 850 4906 Δεῖ
933 4857 1034 4929 γὰρ
1097 4863 1298 4927 πρῶτον
1365 4857 1454 4926 μὲν
1522 4854 1856 4930 ἐγρηγορέναι

249 4948 373 5018 περὶ
401 4947 497 5000 τὴν
543 4939 820 5014 ὑποδοχὴν
869 4939 1027 4994 αὐτοῦ
1058 4959 1070 4972 ο
1111 4940 1221 4995 εἶτα
1259 4942 1650 5014 μεγαλοψυχως
1695 4950 1856 5020 φέρειν

251 5037 379 5094 τοὺς
428 5033 769 5106 πειρασμούς·
862 5033 1038 5085 ἔπειτα
1093 5034 1263 5093 πάσης
1317 5031 1657 5104 ἀπηλλάχθαι
1716 5037 1854 5108 μερί-

327 5213 378 5248 ⁹⁹
407 5210 522 5269 Isa.
555 5226 609 5276 v,
639 5209 694 5266 4.

1884 4540 1930 4596 D

1951 605 2127 669 bona,
2159 612 2214 659 et
2243 605 2539 675 prtedictis
2568 603 2878 659 affectibus
2904 602 3108 668 libera,
3145 619 3214 658 ac
3243 604 3604 660 conveniens

1951 692 2028 748 ad
2067 693 2324 747 fructum
2363 692 2591 747 virtutis
2631 691 2963 746 ferendum.
3006 691 3146 746 Vide
3185 697 3383 746 autem
3417 707 3602 763 quam

1951 796 2086 835 rara
2119 781 2233 836 sint
2259 781 2438 845 bona,
2467 796 2772 852 quamque
2803 780 2976 850 pauci
3011 780 3128 835 sint
3149 780 3251 850 qui
3276 779 3598 835 salventur.

1951 869 2093 922 Ecce
2119 868 2277 922 enim
2307 869 2433 923 sola
2460 873 2671 938 quarta
2693 868 2936 922 seminis
2961 884 3098 939 pars
3124 867 3452 931 fructificat,
3484 873 3599 922 tres

1951 961 2150 1012 autem
2183 963 2448 1028 pereunt.
2481 958 2543 1010 Et
2567 955 2811 1028 quidem
2839 958 2885 1009 is
2910 957 3013 1028 qui
3041 955 3394 1019 seminabat,
3423 971 3602 1028 super

1949 1062 2160 1102 omnes
2203 1046 2558 1108 seminabat,
2599 1045 2759 1099 hunc
2797 1045 2874 1100 ab
2916 1045 3014 1100 illo
3046 1061 3166 1100 non
3205 1045 3547 1100 discernens
3581 1061 3594 1099 :

1947 1141 2210 1191 attamen
2261 1152 2464 1190 semen
2492 1136 2550 1189 in
2595 1135 2963 1206 quibusdam
3011 1135 3199 1206 periit,
3244 1133 3407 1206 apud
3451 1134 3598 1190 alios

1947 1240 2083 1279 vero
2103 1223 2423 1294 plurimum
2446 1223 2903 1293 multiplicatum
2927 1229 3032 1278 est.
3059 1226 3125 1278 Et
3139 1224 3253 1278 hoc
3271 1223 3493 1278 factum
3510 1227 3598 1279 est

1944 1326 2066 1368 non
2095 1312 2174 1368 ob
2218 1311 2460 1368 seminis
2503 1317 2780 1368 naturam
2816 1328 2830 1378 ;
2870 1327 3014 1368 nam
3059 1312 3258 1384 ipsum
3289 1311 3598 1384 aequaliter

1943 1415 2012 1455 ac
2052 1417 2228 1472 super
2266 1417 2477 1457 omnes
2511 1401 2802 1470 jactatum
2841 1406 2930 1457 est
2963 1418 2975 1456 :
3018 1401 3122 1456 sed
3161 1400 3242 1458 ob
3278 1400 3596 1456 dissimiles

1943 1489 2253 1546 hominum
2298 1494 2544 1553 mentes,
2595 1505 2774 1562 super
2816 1505 2969 1562 quos
3011 1505 3216 1547 semen
3258 1489 3593 1561 projectum

1941 1582 2048 1634 est.

2014 1668 2077 1721 Et
2117 1682 2304 1738 quare
2354 1665 2756 1722 indifferenter
2803 1664 3139 1722 seminabat
3186 1678 3365 1736 super
3405 1664 3588 1734 viam,

1940 1769 2120 1824 super
2161 1758 2400 1826 petrosa
2439 1757 2494 1810 et
2535 1769 2716 1825 super
2758 1754 3009 1825 spinas?
3052 1753 3307 1810 Omnino
3350 1757 3592 1824 propter

1942 1842 2222 1898 bonitatis
2253 1858 2323 1898 ac
2343 1842 2585 1913 justitite
2617 1857 2739 1897 sum
2773 1840 3268 1911 magnitudinem,
3297 1855 3371 1897 ne
3395 1840 3591 1897 dicere

1941 1935 2188 2003 possent
2233 1931 2294 1986 in
2341 1930 2435 1985 die
2479 1929 2708 2000 judicii,
2765 1929 2984 2003 quodsi
3035 1931 3214 1987 etiam
3263 1945 3444 2002 super
3486 1945 3592 1986 eos

1942 2019 2316 2086 seminasset,
2374 2017 2633 2074 fructum
2690 2018 2895 2091 utique
2951 2019 3301 2075 attulissent.
3360 2017 3594 2076 Sciebat

1939 2122 2157 2178 nempe
2182 2106 2312 2162 illos
2337 2105 2713 2175 infrugiferos
2736 2106 2860 2162 fore
2886 2123 2898 2162 :
2930 2111 3195 2163 attamen
3219 2106 3386 2179 quod
3415 2121 3594 2163 suum

1941 2201 2066 2252 erat
2095 2195 2306 2260 effecit,
2350 2199 2637 2266 tanquam
2679 2194 2995 2251 hominum
3034 2200 3267 2251 amator
3305 2200 3366 2250 ut
3399 2195 3593 2253 dicere

1940 2290 2142 2358 posset
2166 2301 2178 2338 :
2205 2283 2355 2349 Quid
2378 2299 2474 2339 me
2501 2283 2691 2339 facere
2713 2283 2974 2354 oportuit
2994 2287 3049 2339 et
3068 2298 3190 2339 non
3211 2282 3323 2338 feci
3344 2285 3412 2336 9°.

2016 2376 2176 2429 Hanc
2219 2377 2420 2428 autem
2463 2371 2815 2443 parabolam
2863 2371 3094 2428 locutus
3142 2375 3228 2427 est
3269 2369 3595 2442 discipulos

1943 2463 2263 2520 exhortans
2293 2479 2365 2517 ne
2397 2461 2789 2530 defatigentur
2829 2461 2875 2516 si
2915 2460 3115 2532 plures
3153 2460 3463 2517 inveniant
3489 2459 3595 2532 qui

1944 2555 2209 2622 pereant,
2248 2565 2432 2622 quam
2474 2549 2579 2621 qui
2619 2549 2936 2616 salventur,
2975 2564 3163 2621 neque
3202 2549 3282 2606 ob
3319 2548 3380 2604 id
3422 2548 3597 2604 semi-

1945 2657 2089 2696 nare
2115 2640 2390 2696 desinant
2421 2656 2433 2694 :
2477 2644 2905 2711 praeceptorem
2945 2655 3122 2694 suum
3161 2638 3218 2694 in
3251 2637 3596 2710 exemplum

1945 2729 2256 2794 habentes,
2306 2729 2411 2798 qui
2454 2728 2560 2784 etsi
2612 2728 3013 2783 infructuosos
3061 2729 3595 2799 praecognosceret,

1947 2816 2283 2872 seminadat
2310 2822 2511 2871 tamen
2543 2816 2717 2871 etiam
2751 2831 2929 2887 super
2957 2816 3145 2887 ipsos.

2019 2908 2178 2962 Vers.
2208 2908 2259 2959 8.
2288 2905 2362 2960 Et
2384 2936 2450 2945 —
2469 2905 2882 2974 trigecuplum.
2905 2903 3427 2969 Quemadmodum
3451 2903 3604 2960 inter

1949 3010 2011 3049 se
2055 2993 2336 3048 differunt
2379 2992 2440 3048 hi
2487 2994 2590 3064 qui
2639 2997 2912 3064 pereunt,
2956 2994 3035 3049 ita
3073 3009 3276 3049 rursus
3322 2992 3604 3048 differunt

1949 3083 2031 3137 illi
2062 3083 2164 3154 qui
2196 3081 2522 3144 salvantur,
2576 3081 2714 3136 Tres
2763 3081 3059 3152 siquidem
3105 3098 3312 3139 eorum
3342 3081 3442 3153 qui
3475 3096 3604 3154 per-

1949 3175 2092 3227 eunt
2133 3170 2504 3225 enumeravit
2553 3169 2840 3234 ordines;
2888 3173 3032 3240 puta
3083 3185 3313 3239 segnes,
3360 3169 3605 3241 pusilla-

1949 3259 2139 3314 nimes
2161 3263 2216 3313 et
2237 3257 2438 3312 saeculi
2457 3257 2613 3311 curis
2632 3261 2976 3328 occupatos,
2999 3257 3176 3314 simul
3193 3262 3248 3313 et
3263 3256 3605 3314 divitiarum

1949 3346 2195 3403 fallaciae
2234 3345 2575 3400 servientes.
2622 3347 2688 3400 Et
2726 3360 2966 3399 rursum
3010 3349 3124 3400 tres
3161 3344 3463 3400 constituit
3509 3360 3603 3401 or-

1948 3435 2117 3491 dines
2148 3449 2356 3490 eorum
2397 3433 2499 3504 qui
2540 3432 2846 3488 salvantur
2879 3448 2891 3486 :
2925 3432 3058 3488 dico
3098 3448 3241 3489 sane
3287 3431 3605 3489 ferentium

1949 3527 2206 3582 fructum
2223 3523 2592 3594 centuplum,
2614 3520 3079 3593 sexagecuplum
3102 3527 3158 3578 et
3176 3519 3598 3592 trigecuplum.

1950 3615 2059 3670 Per
2092 3611 2439 3683 centuplum
2477 3612 2637 3667 enim
2680 3609 3036 3681 significavit
3075 3609 3395 3684 perfectam
3426 3609 3608 3668 virtu-

1951 3704 2022 3760 tis
2053 3701 2588 3766 fructiﬁcationem,
2619 3716 2726 3772 per
2749 3699 3210 3773 sexagecuplum
3236 3699 3519 3766 mediam,
3552 3704 3610 3757 et

1950 3808 2056 3864 per
2104 3790 2497 3862 trigecuplum
2547 3792 2859 3846 minorem.
2912 3792 3057 3845 Nam
3101 3789 3177 3846 ad
3224 3789 3460 3859 triginta
3502 3788 3610 3845 duo

1951 3880 2116 3953 plum
2149 3885 2287 3936 sunt
2327 3879 2641 3948 sexaginta
2674 3898 2688 3948 ;
2730 3882 2969 3934 centum
3010 3894 3151 3934 vero
3191 3878 3453 3950 triplum,
3488 3879 3608 3935 imo

1952 3974 2008 4026 et
2030 3985 2212 4040 supra
2237 3968 2474 4040 triplum
2502 3971 2742 4039 propter
2763 3967 3138 4040 perfectionis
3161 3968 3567 4024 excellentiam
3591 3983 3607 4033 ;

1953 4062 2017 4113 ut
2044 4056 2191 4112 illud
2221 4056 2466 4127 quidem
2496 4056 2646 4112 ferat
2685 4059 2944 4121 centum,
2978 4055 3092 4112 hoc
3123 4059 3212 4110 est
3241 4055 3609 4127 quandoque

1955 4146 2016 4202 in
2057 4146 2171 4200 hoc
2214 4144 2454 4200 homine
2499 4148 2739 4199 centum
2776 4159 2788 4197 :
2835 4143 3128 4197 interdum
3171 4157 3311 4197 vero
3348 4158 3484 4213 quae
3523 4157 3611 4198 se-

1954 4237 2238 4305 quuntur,
2268 4231 2327 4286 in
2353 4231 2484 4286 aliis
2511 4236 2566 4286 et
2595 4230 2743 4286 aliis.
2778 4229 3039 4302 Suscipit
3069 4233 3269 4285 tamen
3296 4233 3353 4285 et
3381 4228 3607 4300 primos

1957 4324 2014 4379 et
2043 4320 2339 4376 secundos
2371 4325 2426 4375 et
2455 4318 2674 4375 tertios.

2029 4590 2109 4644 Ne
2140 4600 2280 4655 ergo
2307 4585 2386 4642 ob
2434 4583 2747 4655 segnitiem
2778 4597 2980 4639 semen
3018 4581 3368 4655 perdamus,
3403 4584 3505 4640 aut
3533 4579 3613 4638 ob

1959 4676 2508 4750 pusillanimitatem
2531 4675 2726 4745 ipsum
2748 4671 3078 4745 prodamus
3101 4690 3114 4728 :
3138 4672 3227 4728 vel
3248 4676 3488 4744 propter
3511 4688 3614 4727 sae-

1962 4766 2074 4823 culi
2094 4782 2268 4822 curas
2284 4781 2389 4819 seu
2403 4763 2744 4818 divitiarum
2760 4761 3199 4828 fallacias,illud
3219 4761 3607 4818 suffocemus.

1965 4858 2206 4927 Oportet
2230 4853 2387 4908 enim
2414 4853 2674 4923 primum
2703 4849 2939 4920 vigilem
2967 4866 3095 4906 esse
3121 4848 3199 4904 ad
3227 4849 3355 4920 ejus
3378 4864 3619 4920 suscep-

1965 4945 2209 5006 tionem,
2246 4941 2460 4996 deinde
2487 4941 2845 4996 tentationes
2886 4937 3304 5008 longanimiter
3329 4937 3498 5003 ferre,
3531 4941 3620 4993 at-

1966 5047 2083 5106 que
2113 5030 2395 5101 deinceps
2440 5028 2516 5086 ab
2563 5027 2728 5084 omni
2767 5025 3161 5083 sollicitudine
3205 5024 3494 5093 simulari,
3526 5040 3618 5097 ac,

1469 5360 1698 5432 Varia:
1727 5360 2054 5430 lectiones
2088 5370 2152 5428 et
2185 5366 2386 5428 notae.

329 5560 447 5632 (13)
475 5557 806 5632 Hentenius
835 5558 918 5616 ita
969 5561 1412 5632 transposuerat
1449 5557 1816 5614 in'versione
1847 5571 1864 5614 :

252 5631 442 5690 Aliud
467 5633 700 5702 quidem
720 5631 1125 5701 trigecuplum,
1160 5631 1318 5684 aliud
1350 5637 1535 5686 autem
1564 5644 1867 5702 sexagecu-

259 5707 404 5768 lum,
422 5700 582 5758 aliud
599 5717 728 5758 vero
746 5700 1100 5772 centuplum.
1129 5705 1478 5772 Repuguant
1499 5701 1611 5755 mei
1634 5700 1870 5755 codices

1974 5557 2033 5612 et
2063 5555 2416 5626 Euthymius
2448 5555 2505 5610 in
2537 5553 2806 5626 subjecto
2840 5549 3088 5626 scholio.

2048 5628 2158 5692 (Μ)
2206 5617 2312 5682 'l‘er
2355 5617 2876 5697 deincepsvposuit
2922 5623 2991 5690 ἐν,
3039 5617 3346 5693 quomodo
3397 5617 3634 5676 codices

1979 5697 2200 5753 habent
2224 5698 2405 5756 etiam
2433 5702 2604 5754 Marc.
2632 5712 2712 5762 1v,
2747 5700 2803 5753 8.
