4176 6442
540 403 648 461 399

1872 386 2218 443 EUTHYMII
2261 385 2582 445 ZIGABENI

3791 382 3913 444 400

541 529 880 588 divitiarum
907 520 1169 578 vanitate
1199 517 1457 590 separari
1485 532 1498 571 :
1527 518 1584 570 et
1609 514 1690 570 ita
1718 516 1936 569 terram
1966 513 2192 568 bonam

2305 513 2700 585 μνηςβιωτικῆς
2733 521 2820 567 καὶ
2849 519 3199 587 ματαιότητος
3224 513 3462 578 πλούτου,
3504 517 3593 564 καὶ
3614 512 3728 583 (15)
3759 514 3909 565 οὕτω

539 619 691 683 ﬁeri,
723 615 1100 682 fructumque
1140 608 1312 679 juxta
1352 606 1625 662 virtutem
1675 603 1824 658 ferre
1857 603 1978 657 sive
2009 602 2195 672 perfe-

539 711 718 768 ctum,
752 702 874 758 sive
899 698 1188 761 medium,
1222 695 1342 751 sive
1371 694 1686 759 minorem,
1720 696 1780 746 et
1809 706 2193 762 nequaquam

537 793 747 870 perire.
790 794 941 848 Nam
980 788 1028 843 si
1069 787 1197 842 huic
1247 784 1492 855 quidem
1537 780 1916 850 negligimus,
1956 778 2195 834 illorum

539 866 743 942 autem
792 893 1000 936 curam
1040 875 1358 941 habemus,
1403 870 1650 926 omnino
1694 869 1979 940 perimus.
2033 866 2196 923 Unde

537 973 698 1032 enim
729 970 980 1028 oriretur
1019 961 1485 1021 dissimilitudo?
1513 960 1675 1014 Certe
1716 957 1764 1012 si
1811 972 1932 1012 non
1977 971 2081 1027 per
2111 971 2198 1011 se-

537 1062 805 1135 gnitiem,
875 1060 1139 1114 attamen
1204 1066 1310 1124 per
1372 1046 1948 1122 pusillanimitatem,
2022 1049 2078 1100 et
2149 1044 2197 1099 si

536 1166 660 1210 non
676 1164 783 1222 per
798 1142 1371 1220 pusillanimitatem,
1390 1142 1593 1195 tamen
1603 1151 1710 1208 per
1727 1135 1970 1192 anxiam
1989 1148 2193 1189 curam

540 1246 596 1299 et
619 1237 945 1297 vanitatem
971 1233 1161 1305 perire
1187 1227 1538 1303 poterimus.

608 1329 770 1384 Vers.
800 1329 851 1380 9.
874 1322 988 1391 Qui
1006 1319 1304 1378 —audial.
1329 1317 1448 1372 Hoc
1471 1327 1714 1387 quoque
1744 1310 2022 1368 vicesimo
2051 1307 2200 1367 dixit

538 1417 748 1490 capite,
777 1413 862 1470 ibi
890 1427 1032 1484 ergo
1055 1422 1258 1482 quaere
1282 1409 1339 1462 et
1361 1404 1544 1475 hujus
1572 1400 2027 1474 expositionem.

608 1489 774 1563 Vers.
805 1505 892 1559 10.
917 1501 996 1558 Et
1018 1528 1088 1542 —-
1113 1497 1255 1554 illis.
1283 1493 1481 1551 intuiti
1502 1491 1706 1548 turbas
1736 1505 1893 1560 aegre
1918 1489 2192 1560 ferentes,

539 1594 920 1654 accesserunt
931 1594 1222 1661 tanquam
1237 1583 1430 1655 magis
1447 1581 1859 1644 familiares,et
1874 1578 1948 1634 de
1959 1577 2071 1634 illis
2081 1577 2197 1634 hoc

539 1685 835 1742 dixerunt.

609 1775 777 1830 Vers.
809 1774 894 1826 ll.
927 1768 1009 1824 At
1036 1767 1143 1822 ille
1171 1794 1238 1806 -
1263 1762 1570 1820 cwlomm.
1601 1757 1786 1813 Vobis
1814 1758 1966 1811 recte
1991 1754 2196 1810 viden-

2301 605 2536 673 γίνεσθαι
2563 609 2653 661 τήν
2685 603 2864 669 καλήν,
2909 609 2997 655 καὶ
3029 599 3239 654 διδόναι
3267 605 3462 672 καρπόν
3485 605 3617 652 κατά
3650 598 3908 673 δύναμιν,

2305 694 2401 743 εἴτε
2423 692 2628 759 τέλειον,
2650 696 2748 744 εἴτε
2769 696 2944 762 μέσον,
2972 696 3066 744 εῖτε
3088 691 3348 757 ἐλάττονα,
3381 695 3469 741 καὶ
3503 687 3691 761 μηδενὶ
3722 696 3910 763 τρόπῳ

2306 778 2646 834 ἀπόλλυσθαι.
2681 779 2796 833 Ἐἀν
2834 784 2930 853 γὰρ
2973 789 3070 832 τῶν
3117 783 3205 851 μὲν
3236 778 3512 850 ἀμελῶμεν,
3563 787 3662 830 τῶν
3691 775 3748 830 δὲ
3785 779 3905 832 ἐπι-

2304 866 2588 938 μελώμεθα,
2643 869 2841 929 πάντως
2879 867 3225 939 ἀπολλύμεθα.
3286 872 3415 919 [Ιοία
3443 869 3542 939 γὰρ
3577 863 3822 941 διαφορὰ,
3859 869 3908 920 εἰ

2305 960 2375 1026 μή
2416 953 2507 1006 διά
2531 958 2813 1029 ῥᾳθυμίας,
2838 957 2963 1009 ἀλλά
2981 953 3073 1008 διὰ
3097 955 3486 1029 μικροψυχίας,
3514 959 3602 1006 καὶ
3634 955 3768 1026 εἰμὴ
3804 954 3906 1009 διά

2305 1043 2671 1118 μικροψυχίας
2701 1043 2826 1097 ἀλλά
2855 1043 2947 1098 διὰ
2973 1050 3220 1119 μερίμνης
3250 1048 3338 1096 καὶ
3395 1049 3743 1116 ματαιότητος
3775 1043 3904 1098 ἀπο·

2305 1131 2554 1204 λούμεθα.

2376 1308 2386 1324 ⁸
2417 1310 2460 1364 Ο
2493 1339 2556 1350 -—
2589 1307 2834 1364 ἀκουέτω.
2867 1313 3028 1359 Τουτο
3060 1305 3168 1358 εἷπε
3197 1311 3286 1359 καὶ
3311 1305 3359 1358 ἐν
3390 1315 3460 1377 τῷ
3494 1306 3713 1378 εἰκοστῷ
3747 1328 3898 1382 κεφα-

2305 1399 2452 1470 λαίῳ,
2476 1403 2564 1450 καὶ
2597 1402 2824 1460 ζήτησον
2855 1395 2903 1449 ἐν
2935 1395 3105 1466 ἐκείνῳ
3138 1400 3230 1454 τήν
3262 1399 3446 1448 τούτου
3480 1395 3752 1467 ἐξήγησιν.

2378 1493 2478 1540 Καὶ
2503 1517 2572 1530 —
2619 1487 2834 1553 αύτοῖςς
2877 1481 3098 1546 Ἰδόντες
3140 1489 3262 1546 τοὺς
3305 1484 3499 1556 ὄχλους
3552 1485 3895 1560 ἀχθομένους,

2306 1573 2398 1628 διὰ
2423 1581 2509 1634 τήν
2542 1574 2788 1646 ἀσάφειαν
2814 1582 2912 1626 τῶν
2944 1573 3218 1646 εἰρημένων
3247 1573 3430 1644 λόγων,
3474 1575 3791 1648 προσῆλθον,
3834 1580 3898 1638 ὡς

2303 1665 2503 1729 οἰκεῖοι,
2532 1668 2620 1716 καὶ
2650 1665 2774 1736 ὑπὲρ
2803 1661 3001 1714 ἐκείνων
3031 1669 3183 1714 τοῦτο
3210 1662 3470 1733 λέγουσιν.

2372 1752 2430 1804 Ὀ
2482 1749 2540 1804 δὲ
2569 1783 2636 1792 -
2666 1751 2912 1824 οὐρανῶν.
2969 1749 3132 1821 Ὑμῖν,
3186 1757 3293 1812 τοῖς
3339 1750 3469 1822 ὀρθά
3515 1755 3598 1804 καὶ
3641 1751 3892 1824 βλέπουσι

538 1865 702 1924 tibus
725 1865 782 1920 et
800 1858 1200 1923 audientibus,
1223 1855 1478 1925 ideoque
1501 1848 1900 1906 credentibus.
1925 1845 2196 1918 Mysteria

2305 1847 2394 1894 καὶ
2427 1841 2696 1906 ἀκούουσι,
2746 1846 2835 1892 καὶ
2889 1835 2983 1891 διὰ
3032 1846 3182 1891 τοῦτο
3232 1843 3543 1892 πιστεύουσι
3574 1857 3585 1869 '
3625 1846 3889 1912 μυστήρια

539 1969 702 2020 vero,
731 1951 848 2008 hoc
879 1953 967 2006 est
995 1959 1216 2003 arcana
1244 1947 1298 1999 et
1339 1938 1664 1997 ineffabilia
1694 1952 1830 2009 quae
1862 1939 2001 1991 sunt
2027 1933 2192 2003 regni

543 2043 855 2111 oculorum,
877 2037 1001 2094 sive
1027 2033 1206 2104 Regis
1231 2030 1541 2088 caelorum.
1568 2031 1780 2084 Datum
1807 2029 1899 2082 est
1928 2027 2128 2081 autem
2159 2037 2196 2078 a

545 2132 775 2276 Desers.
829 2220 914 2272 ll.
959 2212 1087 2270 Illis
1131 2239 1196 2252 -
1238 2210 1466 2266 datum.
1498 2205 1708 2262 Dolosa
1751 2201 2090 2260 videntibus
2141 2205 2198 2257 et

544 2306 945 2371 audientibus,
978 2307 1036 2359 et
1062 2303 1140 2358 ita
1160 2315 1280 2356 non
1311 2296 1691 2354 credentibus
1721 2311 1731 2348 :
1762 2309 1864 2348 eos
1891 2295 2090 2348 autem
2115 2290 2198 2345 di-

545 2398 644 2465 cit,
676 2395 782 2469 qui
824 2396 994 2450 erant
1031 2387 1464 2446 immutabiles.
1503 2383 1657 2449 Quid
1701 2381 1862 2437 enim
1893 2379 2201 2451 prodesset

543 2501 722 2546 nosse
752 2487 808 2540 et
835 2495 959 2539 non
989 2479 1226 2536 credere
1249 2478 1277 2532 ‘l
1308 2479 1438 2531 Haec
1468 2474 1667 2543 itaque
1697 2469 2030 2526 conformia
2061 2470 2200 2521 sunt

543 2577 638 2634 his
666 2589 800 2647 quae
825 2571 990 2644 prius
1016 2567 1166 2624 dixit
1194 2584 1205 2622 :
1243 2566 1533 2632 Conﬁteor
1563 2560 1687 2630 libi,
1721 2560 1923 2620 Pater,
1953 2555 2203 2612 Domine

549 2645 768 2722 caeli—et
798 2667 992 2723 terrae,
1024 2655 1172 2729 quod
1202 2651 1577 2712 absconderis
1610 2649 1736 2704 haec
1761 2645 2126 2716 sapientibus
2147 2648 2200 2698 et

543 2749 960 2824 prudentibus,
993 2752 1048 2804 et
1087 2743 1368 2802 revelaris
1398 2753 1468 2796 ea
1495 2737 1770 2808 parvulis
1802 2736 1845 2786 ι.

617 2929 782 2986 Vers.
813 2929 896 2982 l2.
932 2921 1044 2992 Qui
1075 2950 1141 2964 -
1169 2918 1244 2976 ab
1275 2933 1358 2975 eo.
1387 2915 1498 2982 Qui
1525 2912 1709 2970 ﬁdem
1733 2908 1935 2973 habet,
1965 2905 2205 2963 dabitur

547 3017 600 3076 ei
642 3019 1008 3074 secretorum
1046 3006 1307 3080 cognitio
1349 3005 1530 3076 idque
1573 2999 1816 3059 abunde
1867 3017 1880 3058 :
1915 2995 2018 3068 qui
2061 3010 2204 3052 vero

546 3107 732 3164 ﬁdem
761 3118 882 3161 non
914 3100 1116 3163 habet,
1161 3095 1459 3154 auferetur
1503 3091 1580 3149 ab
1629 3105 1700 3147 eo
1738 3089 1918 3145 etiam
1949 3086 2009 3142 id
2039 3083 2203 3158 quod

544 3195 730 3254 habet
759 3208 795 3250 a
825 3195 942 3248 Deo
972 3189 1223 3245 donum.
1258 3181 1524 3240 Universi
1567 3179 1727 3236 enim
1757 3177 1986 3233 donum
2018 3190 2053 3230 a
2087 3176 2204 3229 Deo

545 3285 774 3343 habent
799 3300 813 3338 :
836 3281 932 3338 hic
957 3276 1202 3351 quidem
1227 3273 1364 3343 hoc,
1391 3272 1499 3327 iste
1520 3284 1658 3326 vero
1684 3266 1847 3324 illud.
1872 3264 1981 3330 Qui
2003 3267 2205 3320 autem

549 3389 680 3431 sese
706 3372 884 3442 digne
910 3369 1270 3441 praeparant,
1302 3375 1426 3419 non
1455 3359 1649 3416 solum
1679 3356 1977 3428 accipiunt
1999 3353 2206 3422 hujus-

546 3461 714 3520 modi
759 3441 1052 3521 notitiam,
1108 3469 1314 3510 verum
1361 3449 1541 3506 etiam
1592 3445 1834 3504 abunde
1882 3441 2200 3512 accipiunt.

549 3550 752 3608 Casteri
779 3563 920 3605 vero
945 3546 1048 3617 qui
1070 3545 1154 3600 ita
1177 3558 1240 3597 se
1265 3556 1388 3596 non
1413 3538 1656 3604 habent,
1685 3550 1807 3590 non
1835 3533 2024 3588 solum
2047 3531 2206 3586 hanc

548 3655 672 3696 non
693 3636 1013 3707 accipiunt,
1049 3631 1157 3686 sed
1185 3630 1263 3686 ab
1293 3627 1404 3683 illis
1432 3639 1670 3696 quoque
1695 3623 2044 3678 auferuntur
2071 3633 2206 3688 gra-

548 3727 655 3785 tiae
683 3739 840 3796 quas
874 3722 1039 3793 prius
1069 3717 1439 3788 acceperant.

626 3793 785 3869 Vers.
818 3814 902 3865 l3.
927 3810 1250 3874 Propterea
1275 3831 1342 3843 -—
1368 3798 1732 3867 intelligunt.
1761 3795 1908 3860 Quia
1937 3793 2205 3849 videntes

550 3897 850 3972 corporeis
875 3892 1065 3951 oculis
1085 3907 1218 3963 quae
1241 3906 1278 3945 a
1302 3903 1397 3943 me
1417 3887 1569 3940 ﬁunt
1590 3883 1898 3952 miracula,
1919 3881 2206 3937 claudunt

550 3971 768 4045 animle
798 3982 1005 4040 oculos
1036 3997 1049 4036 :
1082 3982 1141 4036 et
1179 3974 1590 4047 corporalibus
1622 3971 1869 4029 auribus
1901 3985 2068 4025 meos
2097 3984 2203 4024 au-

549 4077 782 4133 dientes
817 4084 1143 4136 sermones,
1176 4063 1461 4122 claudunt
1492 4078 1591 4120 eas
1629 4076 1764 4133 quae
1795 4063 1931 4114 sunt
1961 4057 2202 4126 animae,

548 4166 807 4238 ideoque
855 4159 1104 4218 omnino
1154 4153 1443 4213 increduli
1495 4154 1824 4208 remanent.
1885 4151 1953 4204 Ut
2001 4151 2202 4203 autem

549 4235 901 4327 sciaswquod
932 4249 1145 4306 animae
1193 4244 1515 4301 caecitatem
1566 4257 1635 4297 ac
1667 4238 2011 4294 surditatem
2043 4235 2204 4292 dicat

547 4345 776 4404 addidit
798 4361 810 4399 :
832 4343 1038 4412 Neque
1057 4336 1428 4408 intelligunt.
1449 4332 1771 4402 Intelligere
1794 4327 2094 4400 siquidem
2116 4330 2203 4382 est

547 4433 881 4492 secundum
913 4430 1180 4486 animam
1208 4424 1409 4481 videre
1453 4425 1510 4478 et
1539 4420 1764 4477 audire.
1793 4417 2029 4475 Talibus
2058 4430 2201 4484 ergo

547 4524 778 4592 merito,
811 4535 882 4576 ac
911 4515 1352 4589 dispensatione
1395 4511 1664 4583 quadam
1694 4510 1754 4564 in
1784 4505 2086 4579 parabolis
2119 4504 2204 4562 lo-

546 4610 864 4683 quebatur,
925 4605 1008 4660 ita
1063 4607 1124 4659 ut
1179 4603 1286 4672 ipsi
1345 4599 1593 4672 quidem
1645 4595 1931 4659 audirent,
1989 4607 2201 4649 verum

548 4713 671 4756 non
720 4693 1143 4763 intelligerent;
1192 4690 1402 4746 merito
1453 4686 1720 4760 quidem,
1771 4683 1915 4755 quia
1962 4685 2204 4753 propter

552 4783 953 4842 voluntariam
1026 4779 1383 4851 pravitatem
1458 4789 1631 4830 suam
1707 4769 1937 4841 indigni
2011 4773 2200 4832 erant,

548 4875 652 4948 qui
677 4872 844 4930 nuda
871 4869 1146 4927 audirent
1169 4865 1476 4938 mysteria,
1505 4862 1770 4936 quadam
1801 4875 1942 4916 vero
1967 4858 2202 4931 dispen-

549 4963 799 5027 satione,
858 4975 932 5016 ne
989 4961 1354 5014 secretorum
1407 4951 1831 5022 cognitionem,
1888 4948 2204 5006 redderent

548 5048 1032 5110 contradictionis
1081 5045 1393 5102 materiam
1427 5059 1439 5096 :
1494 5045 1552 5096 et
1590 5041 1673 5096 ita
1711 5039 2046 5110 graviorem
2090 5035 2204 5092 sibi

548 5140 899 5197 inducerent
937 5131 1525 5195 condamnationem,

624 5227 783 5284 Vers.
817 5228 900 5283 14.
925 5225 1005 5280 Et
1036 5253 1106 5264 —
1130 5221 1322 5277 Isaias.
1350 5214 1709 5288 Hujusmodi
1739 5211 2052 5286 prOphetia
2073 5212 2202 5284 jam

548 5333 620 5376 ex
658 5320 826 5391 parte
871 5310 1170 5385 completa
1211 5311 1338 5368 erat
1379 5307 1442 5363 in
1479 5303 1780 5378 prioribus
1818 5300 2060 5370 Judaais,
2097 5301 2203 5373 qui

618 5495 666 5531 99
698 5490 898 5550 Matth.
928 5505 1008 5554 XI,
1039 5491 1128 5544 25.

2307 1928 2385 1997 δὲ,
2420 1933 2486 1982 τά
2538 1929 2809 2003 ἀπόρρητα
2860 1946 2870 1957 ⁸
2914 1938 3007 1989 τῆς
3063 1926 3335 1999 βασιλείας
3389 1925 3447 1980 δὲ
3497 1937 3592 1980 τῶν
3643 1928 3885 2002 ούρανῶν,

2305 2024 2552 2088 ἧτοι,τοῦ
2593 2017 2851 2090 βασιλέως
2880 2025 2975 2068 τῶν
3002 2016 3246 2089 οὐρανῶν.
3278 2013 3492 2070 Δέδοται
3535 2013 3610 2082 δε,
3639 2020 3780 2090 παρά
3803 2025 3894 2070 τοῦ

2306 2113 2450 2161 Θεοῦ.

2376 2195 2612 2254 Ἐκείνοις
2660 2225 2726 2235 -
2788 2189 3024 2245 δέδοται.
3093 2199 3212 2254 Τοῖς
3281 2193 3462 2245 σκολιὰ
3505 2198 3594 2246 καὶ
3646 2192 3902 2266 βλέπουσι

2306 2289 2395 2337 καὶ
2454 2283 2722 2346 ἀκούουσι,
2781 2286 2870 2332 καὶ
2923 2286 2994 2352 μή
3052 2284 3382 2335 πιστεύουσι.
3447 2287 3596 2353 Λέγει
3663 2279 3744 2351 δὲ,
3787 2288 3904 2345 τοὺς

2309 2371 2713 2446 ἀμεταϐλήτους.
2769 2376 2860 2430 Τίς
2928 2372 3029 2442 γὰρ
3115 2369 3346 2440 ὠφέλεια,
3418 2379 3608 2441 γνῶναι
3663 2373 3774 2443 μὲν,
3826 2377 3899 2443 μὴ

2307 2465 2568 2515 πιστεύειν
2609 2457 2666 2512 δὲ
2701 2477 2714 2524 ;
2750 2466 2928 2511 Ταῦτα
2975 2455 3042 2515 δή
3080 2456 3371 2529 συνᾴδουσι
3423 2465 3511 2510 καὶ
3541 2461 3612 2519 οἶς
3658 2465 3904 2534 πρότερον

2310 2551 2471 2621 ἔλεγεν
2523 2567 2534 2577 ·
2597 2547 3038 2619 Ἐξομολογοῦμαί
3117 2551 3219 2612 σοί,
3300 2549 3490 2620 Πάτερ,
3576 2551 3731 2620 Κύριε
3808 2557 3905 2602 τοῦ

2311 2640 2529 2710 ούρανοῦ
2611 2642 2701 2688 καὶ
2757 2645 2847 2695 τῆς
2901 2643 3020 2706 γῆς,
3095 2637 3175 2687 ὅτι
3228 2634 3528 2707 ἀπέκρυψας
3587 2642 3749 2687 ταῦτα
3801 2635 3904 2687 ἀπὸ

2315 2736 2482 2799 σοφῶν
2549 2730 2638 2778 καὶ
2697 2732 2930 2790 συνετῶν,
3003 2728 3093 2776 καὶ
3177 2722 3511 2794 ἀπεκάλυψας
3596 2724 3732 2776 αύτὰ
3808 2743 3905 2781 νη-

2311 2835 2468 2875 τειοις.

2381 2903 2570 2964 Ὀστις
2611 2930 2679 2942 -
2754 2900 2842 2953 ἀπ’
2895 2895 3075 2954 αύτοῦ.
3130 2899 3312 2961 Ὀστις
3372 2901 3462 2973 μὲν
3523 2903 3635 2973 ἔχει
3701 2905 3902 2969 πίστιν,

2315 2990 2600 3050 δοθήσεται
2652 2989 2792 3060 αύτῷ
2840 2997 3026 3060 γνῶσις
3084 2996 3182 3040 τῶν
3239 2993 3564 3062 μυστηρίων,
3604 2993 3690 3041 καὶ
3744 2987 3908 3060 δαψι-

2312 3081 2406 3142 λῶς
2442 3096 2453 3107 ·
2489 3082 2635 3141 ὅστις
2674 3075 2732 3130 δὲ
2763 3077 2856 3129 ούκ
2900 3079 3013 3148 ἔχει
3061 3081 3263 3144 πίστιν,
3296 3075 3582 3152 ἀρθήσεται
3622 3077 3707 3130 ἀπ’
3741 3078 3901 3131 αὐτοῦ

2236 3203 2277 3260 C
2314 3175 2402 3223 καὶ
2453 3174 2484 3221 ὅ
2528 3171 2640 3240 ἔχει
2696 3169 2840 3238 παρά
2888 3172 3042 3260 Θεοῦ.
3074 3161 3316 3237 δώρημα.
3361 3172 3470 3227 Πᾶς
3519 3169 3619 3238 γὰρ
3683 3162 3909 3240 δώρημα

2314 3263 2426 3331 ἔχει
2483 3266 2638 3322 Θεοῦ,
2675 3258 2700 3307 ό
2739 3259 2828 3327 μὲν
2867 3248 3086 3316 τοιόνδε,
3122 3255 3146 3304 ὁ
3180 3250 3238 3305 δε
3289 3249 3509 3308 τοιόνδε.
3566 3259 3665 3307 Καὶ
3723 3258 3771 3307 oi
3815 3259 3905 3327 μὲν

2311 3349 2799 3423 παρασκευάσαντες
2865 3342 3074 3402 ἑαυτούς
3128 3340 3323 3410 ἀξίους,
3383 3342 3440 3394 ού
3503 3346 3656 3414 μόνον
3709 3342 3908 3415 λαμϐά-

3770 3433 3818 3483 oi
3848 3427 3907 3483 δί

2313 3531 2380 3598 μὴ
2429 3525 2584 3582 οὕτως
2646 3525 2870 3592 ἔχοντες,
2919 3519 2977 3571 ού
3023 3523 3174 3590 μόνον
3223 3518 3282 3571 ού
3331 3517 3655 3576 λαμϐάνουσι
3713 3522 3904 3577 ταύτην

3300 2549 3490 2620 Πάτερ,

2312 3456 2460 3490 νουσι
2491 3441 2582 3494 τήν
2631 3435 2891 3489 τοσαύτην
2925 3439 3134 3502 γνῶσιν,
3177 3429 3304 3482 ἀλλά
3331 3436 3420 3482 καὶ
3460 3427 3736 3501 δαψιλῶς·

2315 3613 2442 3666 ἀλλά
2515 3616 3016 3686 προσαφαιροῦνται,
3106 3611 3196 3659 καὶ
3280 3607 3314 3659 ἃ
3391 3608 3668 3682 προελαϐον
3740 3612 3902 3679 χαρί-

2317 3721 2514 3774 σματα.

2384 3792 2480 3843 Διὰ
2526 3795 2677 3840 τοῦτο
2741 3816 2812 3827 -
2875 3792 3169 3840 συνιοῦσιν.
3243 3789 3400 3850 Διότι,
3468 3782 3732 3856 βλέποντες
3792 3789 3900 3844 τοῖς

2316 3885 2630 3951 σωματικοῖς
2685 3875 2965 3947 ὀφθαλμοῖς
3015 3877 3082 3926 τὰ
3119 3873 3241 3945 παρ’
3309 3873 3433 3945 ἐμοῦ
3487 3876 3728 3944 γινόμενα
3781 3873 3903 3923 θαύ-

2312 3987 2470 4040 ματα,
2538 3969 2732 4038 μύουσι
2798 3968 2916 4025 τοὺς
2989 3972 3084 4024 τῆς
3148 3961 3336 4034 ψυχῆς
3404 3979 3415 3992 ·
3479 3967 3568 4014 καὶ
3637 3960 3904 4023 ἀκούοντες

2311 4065 2416 4117 τοῖς
2504 4059 2817 4125 σωματικοῖς
2913 4052 3012 4103 ὠσὶ
3096 4054 3212 4111 τοὺς
3286 4050 3408 4121 παρ’
3497 4049 3622 4121 ἐμοῦ
3704 4050 3902 4121 λόγους,

2311 4149 2505 4218 μύουσι
2561 4147 2679 4204 τοὺς
2739 4151 2833 4202 τῆς
2895 4140 3102 4211 ψυχῆς,
3170 4143 3258 4190 καὶ
3334 4135 3425 4190 διὰ
3487 4145 3639 4190 τοῦτο
3705 4141 3908 4200 πάντως

2312 4234 2642 4287 ἀπιστοῦσιν.
2704 4230 2813 4283 Ἰνα
2866 4225 2923 4281 δὲ
2977 4237 3130 4300 γνῷς,
3165 4230 3244 4279 ότι
3295 4226 3551 4299 τύφλωσιν
3590 4232 3680 4279 καὶ
3717 4233 3907 4299 κώφευ-

2314 4343 2394 4376 σιν
2432 4328 2522 4380 τήν
2553 4330 2646 4382 τῆς
2675 4319 2856 4390 ψυχῆς
2902 4317 3056 4387 λέγει,
3103 4315 3357 4387 ἐπήγαγεν
3393 4332 3404 4344 ⁸
3438 4312 3578 4368 Οὐδὲ
3647 4324 3903 4368 συνιοῦσι.

2311 4415 2519 4473 Σύνεσις
2567 4413 2692 4481 γὰρ,
2731 4411 2789 4460 τὸ
2851 4405 3054 4479 βλέπειν
3105 4409 3194 4458 καὶ
3244 4403 3445 4456 ἀκοῦειν
3495 4406 3630 4456 κατά
3685 4404 3897 4475 ψυχήν,

2308 4503 2428 4562 Τοῖς
2455 4501 2708 4558 τοιούτοις
2760 4492 2846 4548 οὖν
2879 4491 3094 4555 δικαίως
3149 4498 3238 4546 καὶ
3269 4493 3609 4564 οἰκονομικῶς
3644 4492 3691 4544 ἐν
3743 4512 3908 4564 παρα·

2230 4567 2276 4622 D
2310 4589 2483 4650 κολαῖς
2524 4586 2704 4650 ἐλάλει,
2761 4586 2897 4638 ὥστε
2955 4582 3142 4644 αύτούς
3206 4580 3409 4633 ἀκούειν
3466 4583 3555 4652 μὲν
3606 4585 3676 4652 μὴ
3741 4585 3904 4632 συνιέ-

3167 4673 3234 4732 ὼς
3307 4666 3400 4721 διὰ
3450 4673 3545 4726 τὴν
3584 4667 3908 4720 ἐθελοκακίαν

3716 4756 3905 4809 οἰκονο-

2308 4697 2393 4730 ναι
2432 4673 2509 4730 δέ.
2562 4679 2658 4728 Καὶ
2710 4670 2929 4734 δικαίως
2978 4674 3090 4743 μὲν,

2310 4767 2476 4818 αὐτῶν
2539 4763 2766 4826 ἀναξίοις
2813 4760 2975 4821 ἀκοῆς
3025 4767 3232 4832 γυμνῶν
3299 4761 3602 4831 μυστηρίων
3645 4772 3657 4786 ·

2309 4863 2473 4927 μικῶς
2515 4850 2593 4916 δὲ,
2649 4853 2730 4904 ἱνα
2782 4855 2853 4922 μή
2894 4853 2987 4908 τήν
3041 4856 3232 4919 γνῶσιν
3270 4854 3370 4898 τῶν
3426 4850 3726 4918 μυστηρίων
3770 4843 3907 4896 ἀντι-

2308 4944 2484 5015 λογίας
2513 4941 2636 5000 ύλην
2667 4944 2996 5004 ποιήσαντες,
3029 4935 3322 5012 βαρυτέραν
3341 4933 3733 4988 ἐπισπάσωνται
3749 4951 3906 4986 κατα-

2312 5029 2484 5091 δίκην.

2382 5213 2483 5264 Καὶ
2540 5207 2777 5261 Ἡσαΐου.
2839 5203 2898 5257 Ἠ
2967 5202 3183 5261 τοιαύτη
3268 5201 3560 5275 προφητεία
3631 5195 3902 5276 ἐπληρώθη

2310 5300 2398 5373 μὶν
2428 5298 2484 5351 ἐκ
2537 5299 2742 5369 μέρους,
2793 5292 2877 5348 ίπὶ
2927 5299 3025 5347 τῶν
3090 5291 3252 5346 πάλαι
3310 5286 3740 5366 σκληροκαρδίων
3779 5291 3910 5344 Ἰου-

1745 5576 1969 5646 Variae
2007 5574 2336 5644 lectiones
2375 5578 2442 5639 et
2480 5577 2682 5638 notae.

622 5707 734 5781 (15)
766 5709 867 5760 Καὶ
897 5699 945 5758 ἓν
977 5705 1168 5776 τούτῳ.
