4176 6452
290 371 393 427 401
1247 367 1618 426 COMMENT.
1659 365 1731 423 IN
1764 363 2206 423 MATTHEUM.
2247 395 2315 406 —
2355 365 2512 422 CAP.
2542 366 2691 421 XIII.
3533 362 3639 420 402

283 491 474 547 δαίων
509 493 791 567 πληροῦται
839 490 898 546 δε
946 493 1202 557 παντελῶς
1239 500 1349 558 νῦν,
1405 493 1489 547 ἐπὶ
1540 494 1754 546 τούτων.
1788 490 1932 545 mal

1990 489 2124 546 duri
2155 488 2354 546 cordis
2387 488 2669 555 fuerant;
2702 503 2864 546 nunc
2917 491 3116 547 autem
3177 487 3433 561 perfecte
3482 503 3639 546 com-

279 589 439 634 τοῦτο
477 584 578 655 γὰρ
600 586 687 633 xui
711 582 1123 657 Ἀναπληροῦται
1151 579 1426 648 εἶπεν,ἀντὶ
1472 589 1584 646 τοῦ,
1617 579 1881 642 Παντελῶς

979 589 1123 635 οῦται
1151 579 1426 648 εἶπεν,ἀντὶ
1472 589 1584 646 τοῦ,
1617 579 1881 642 Παντελῶς
1988 577 2263 650 plebatur
2292 578 2354 634 in
2377 577 2501 633 istis

279 670 602 742 πληροῦται,
631 671 659 729 ἦ
694 670 1107 745 ’Δναπληροῦται
1135 668 1330 739 ἁπλῶς,
1361 669 1475 723 ἀντὶ
1515 677 1606 722 τοῦ
1644 668 1878 743 πληροῦ-

277 776 390 812 ται.

350 845 409 898 Ἡ
450 877 519 886 -
546 842 718 904 ἴδητε.
774 845 925 919 Ἀκοῇ
987 854 1258 920 σωματικῇ
1315 844 1560 899 ἀκούσετε
1616 849 1733 905 τούς
1782 844 1875 897 λό-

2055 846 2211 902 Vers.
2247 845 2339 902 14.
2381 842 2888 912 Qua—cernetis,
2927 842 3149 899 Auditu
3205 844 3502 915 corporali
3531 860 3634 903 au-

271 953 421 1004 γους,
464 938 557 985 καὶ
599 934 658 986 ού
688 938 759 1006 μὴ
817 943 1003 995 συνῆτε
1051 939 1147 994 τὴν
1213 934 1472 998 ἀλήθειαν,
1524 936 1591 996 ὡς
1637 933 1874 986 ἐθελοκω-

1981 933 2150 990 dictis
2205 948 2528 1002 sermones,
2607 936 2666 988 et
2714 946 2836 988 non
2902 932 3235 1002 intelligetis
3304 933 3628 1001 veritatem,

273 1029 490 1093 φοῦντες
555 1023 689 1073 κατὰ
749 1021 932 1094 ψυχήν
1003 1038 1015 1050 ·
1076 1028 1165 1076 καὶ
1205 1021 1473 1095 βλέποντες
1540 1030 1869 1093 σωματικῶς,

1982 1022 2153 1094 quasi
2198 1025 2405 1093 sponte
2435 1020 2953 1084 obsurdescentes,
3017 1020 3180 1092 quod
3233 1020 3310 1076 ad
3363 1023 3631 1080 animam

275 1108 502 1181 βλέψετε
525 1109 644 1182 (16)
690 1114 754 1163 τὰ
785 1113 1042 1184 θαύματα,
1077 1117 1165 1164 καὶ
1221 1111 1280 1164 ού
1336 1115 1407 1184 μὴ
1441 1107 1591 1169 ἴδητε
1627 1115 1720 1168 τὴν
1752 1109 1872 1168 ἀλη-

1980 1115 2242 1183 spectat:
2275 1115 2331 1167 et
2367 1109 2751 1182 corporaliter
2803 1106 3074 1165 videntes
3126 1108 3400 1165 videbitis
3452 1111 3628 1169 mira-

276 1201 442 1262 θειαν,
511 1201 698 1270 ὁμοίως
757 1201 827 1261 ὡς
895 1199 1402 1274 ἐθελοτυφλώττοντες
1465 1201 1600 1251 κατὰ
1661 1199 1868 1270 ψυχήν.

1981 1198 2133 1267 cula,
2191 1214 2301 1255 nec
2357 1203 2558 1255 tamen
2599 1197 2906 1252 veritatem
2957 1197 3231 1262 cernetis,
3281 1198 3410 1268 pari
3447 1198 3630 1256 modo

273 1284 406 1340 Εἶτα
429 1286 572 1359 λέγει
619 1293 707 1340 καὶ
737 1292 832 1346 τὴν
864 1289 1033 1341 αἰτίαν
1056 1291 1081 1341 ό
1106 1293 1398 1362 προφήτης,
1426 1283 1460 1341 δ
1467 1288 1498 1340 ι’
1527 1287 1586 1347 ἣν
1606 1295 1760 1340 τοῦτο
1785 1307 1870 1342 πι-

1979 1289 2266 1357 tanquam
2297 1284 2628 1342 voluntarie
2668 1282 2874 1356 quoad
2913 1284 3202 1348 animam,
3233 1285 3628 1342 caacutientes.

268 1377 554 1428 πόνθασιν.
1980 1375 2198 1431 Deinde
2228 1375 2650 1446 additquoque
2672 1369 2966 1443 propheta
2996 1386 3268 1438 causam,
3306 1371 3385 1429 ab
3438 1388 3626 1444 quam

1976 1463 2105 1519 haac
2134 1463 2298 1534 passi
2330 1463 2464 1518 sint.

345 1551 655 1623 Ἐπαχύνθη
715 1583 782 1592 -
828 1556 1031 1607 τούτου.
1077 1583 1141 1595 -
1199 1554 1525 1625 Ἐπαχύνθη,
1582 1558 1696 1606 ἀντὶ
1751 1561 1863 1621 τοῦ,

2048 1554 2206 1608 Vers.
2243 1553 2327 1606 i5.
2373 1551 2766 1608 Incrassalum
2797 1559 2879 1610 est
2902 1583 2973 1594 —
2999 1550 3187 1621 hujus.
3232 1581 3300 1591 —
3331 1551 3626 1611 Incrassa-

271 1639 633 1712 Ἐσκληρύνθη
658 1640 905 1713 ἐπωρώθῆ
921 1650 990 1712 τῷ
1007 1644 1172 1714 φθόνῳ
1184 1647 1273 1695 καὶ
1303 1648 1417 1704 ταῖς
1439 1641 1616 1703 ἄλλαις
1635 1646 1860 1705 κακίαις.

1977 1644 2091 1694 tum
2121 1645 2226 1706 est,
2279 1638 2393 1695 hoc
2437 1642 2525 1694 est
2575 1639 2921 1697 induratum
2963 1643 3068 1708 est,
3124 1642 3486 1695 exciecatum
3537 1643 3624 1697 est

270 1733 377 1781 Καὶ
416 1724 512 1781 διὰ
527 1737 678 1782 τοῦτο
707 1728 1066 1788 ὰσυνετοῦσιν,

1975 1727 2220 1791 invidia,
2261 1725 2509 1798 aliisque
2548 1726 2963 1800 iniquitatibus
2994 1743 3012 1784 :
3043 1728 3099 1784 et
3148 1724 3278 1782 ideo
3330 1724 3622 1784 intellectu

1895 1820 1936 1874 Β
1973 1818 2194 1872 carent.

345 1909 449 1958 Καὶ
480 1936 548 1945 —
572 1904 899 1978 ἐκάμμυσαν.
940 1905 1077 1958 Ὦτα
1126 1911 1214 1959 καὶ
1254 1905 1565 1978 ὀφθαλμοὺς,
1613 1925 1736 1967 τους
1769 1914 1864 1970 τῆς

2044 1903 2203 1960 Vers.
2254 1903 2342 1958 15.
2381 1903 2548 1958 Et—
2577 1903 3010 1960 concluserunt.
3056 1901 3240 1958 Aures
3291 1916 3363 1960 ac
3413 1901 3621 1959 oculos

262 1993 455 2064 ψυχῆς
483 1992 663 2069 λέγει-⁸
694 1992 892 2069 βαρέως
927 1992 986 2047 δε
1024 1997 1277 2060 ἥκουσαν,
1333 1993 1446 2047 ἀντὶ
1483 2001 1596 2064 τοῦ,
1645 1993 1862 2067 ἐκὼφευ-

1970 1991 2112 2049 dicit
2161 1991 2396 2049 animae.
2450 1989 2719 2048 Graviter
2768 1994 2968 2050 autem
3002 1990 3333 2059 audierunt,
3387 1989 3503 2050 hoc
3531 1994 3619 2050 est

267 2100 390 2136 σαν.

1969 2079 2427 2137 obsurduerunt.

337 2174 551 2228 Μήποτε
601 2201 668 2211 -
725 2169 927 2231 αύτούς.
965 2171 1054 2241 [Τὸ
1103 2171 1212 2242 (17)
1251 2175 1485 2234 Μήποτε,
1535 2173 1741 2229 νοηθείη
1774 2171 1855 2238 ἂν,

2040 2170 2205 2226 Vere.
2285 2172 2367 2224 15.
2444 2167 2763 2240 Nequando
2808 2197 2881 2213 —
2935 2183 3048 2226 eos.
3093 2168 3136 2238 ἦ·
3183 2166 3363 2224 Dictio
3414 2170 3615 2240 μήποτε

260 2262 358 2308 καί
409 2256 525 2310 ἀντὶ
554 2265 666 2323 τοῦ,
699 2257 876 2323 Ἴσως,
910 2260 1086 2311 ὁποῖόν
1109 2261 1218 2311 ἐστι
1247 2263 1336 2311 καὶ
1383 2261 1524 2334 παρὰ
1552 2268 1622 2330 τῷ
1667 2259 1857 2314 Ἀποσ-

1966 2258 2303 2329 nequando,
2338 2256 2581 2326 intelligi
2626 2259 2841 2328 potest,
2881 2259 2946 2312 ut
2988 2253 3363 2312 tantumdem
3412 2255 3615 2312 valeat

258 2347 417 2417 τόλ.ῳ·
439 2348 528 2400 Ἐν
552 2351 831 2420 πραότητι,
856 2354 1003 2420 φησὶ,
1033 2346 1349 2402 παιδεύοντα
1369 2354 1485 2410 τοὺς
1515 2348 1858 2404 ἀντιδιατιθε-

1964 2351 2286 2420 quantum:
2317 2349 2395 2402 Ne
2426 2360 2541 2416 quo
2561 2343 2962 2416 modo;quale
2981 2342 3295 2399 estetillud
3308 2343 3568 2413 Apostoli
3594 2358 3611 2401 :

259 2439 448 2507 μένους
486 2440 680 2506 μήποτε
719 2433 830 2507 δῴη
871 2437 1046 2500 αὐτοῖς
1079 2439 1104 2491 ό
1135 2441 1264 2498 Θεὸς
1293 2437 1567 2510 ἐπίγνωσιν
1595 2439 1660 2499 εἰς
1688 2458 1854 2498 σωτη-

1964 2437 2034 2493 In
2047 2433 2492 2492 mansuetudine
2506 2432 2783 2490 instruite
2805 2447 2898 2489 eos
2915 2432 3017 2504 qui
3032 2431 3339 2497 obsistunt,
3354 2445 3611 2502 nequan-

255 2527 402 2596 ρίαν.
427 2529 531 2576 Τοῦ
554 2527 652 2597 γὰρ
683 2529 969 2597 προφήτου,
995 2527 1166 2600 ὥσπερ
1206 2525 1560 2598 λογιζομένου,
1588 2529 1757 2598 μάτην
1787 2528 1854 2588 εἰς

1962 2525 2036 2580 do
2065 2525 2159 2581 det
2187 2523 2306 2580 illis
2334 2525 2486 2578 Deus
2514 2522 2883 2580 intellectum
2907 2521 2991 2577 ad
3019 2521 3264 2577 salutem
3292 2521 3336 2575 ².
3365 2519 3611 2577 adducit

252 2618 491 2663 τοιοῦτον
542 2611 663 2664 λαὸν
713 2612 958 2686 κηρύξαι,
1007 2611 1257 2685 ἐπήγαγεν
1284 2616 1308 2666 ὁ
1340 2618 1468 2678 Θεὸς
1494 2620 1638 2668 τουτὶ
1667 2618 1724 2667 τό
1748 2617 1850 2690 ῥη-

1962 2617 2160 2670 autem
2199 2613 2352 2667 Deus
2373 2610 2486 2667 hoc
2515 2610 2811 2682 praphetae
2835 2609 3063 2667 dictum
3091 2611 3382 2681 tanquam
3417 2608 3611 2665 existi-

252 2703 366 2752 τὸν.
395 2698 417 2772 ]
1958 2701 2177 2758 mantis
2213 2700 2430 2756 frustra
2459 2700 2538 2755 ad
2566 2698 2916 2770 hujusmodi
2966 2697 3252 2770 populum
3277 2696 3608 2769 praedicari.

325 2788 403 2839 Δι’
449 2787 731 2861 ὑπερϐολὴν
759 2786 819 2841 δὲ
848 2791 1054 2862 φθόνου,
1082 2794 1170 2842 καὶ
1195 2798 1292 2842 τῶν
1322 2790 1502 2856 ἄλλων,
1533 2794 1597 2852 ὡς
1626 2795 1845 2865 εἴρηται,

2030 2789 2266 2846 Invidia
2296 2787 2728 2858 magnitudine,
2785 2787 3056 2860 aliisque,
3097 2790 3163 2844 ut
3212 2785 3438 2842 dictum
3487 2789 3600 2852 est,

249 2885 472 2943 κακιῶν,
505 2877 854 2950 ἐπωρώθησαν
909 2878 981 2938 εἰς
1027 2881 1251 2942 σύνεσιν,
1297 2883 1386 2931 καὶ
1425 2879 1718 2952 ἐκὼφευσάν
1757 2884 1846 2953 μεν

1956 2877 2369 2950 pravitatibus,
2402 2876 2675 2933 excmcati
2721 2878 2856 2932 sunt
2895 2875 2974 2931 ad
2998 2874 3384 2940 intellectum,
3415 2877 3473 2930 et
3499 2873 3605 2930 ob-

251 2968 382 3038 πρές
418 2969 538 3026 τοὺς
566 2967 833 3040 ὑπερφυεῖς
851 2964 1050 3037 λόγους,
1076 2965 1380 3038 ἐκάμμυσαν
1411 2964 1470 3020 δέ
1494 2971 1624 3040 πρὸς
1651 2972 1716 3020 τὰ
1750 2989 1848 3021 πα-

1956 2966 2316 3022 surduerunt
2365 2964 2444 3021 ad
2491 2964 2974 3035 supernaturales
3013 2977 3321 3019 sermones
3355 2961 3605 3019 :oculos

249 3050 458 3126 ράδοξα
506 3054 652 3126 ἔργα,
705 3055 876 3125 ὥσπερ
932 3050 1232 3124 δειλιῶντες,
1289 3061 1488 3126 μήποτε
1537 3055 1846 3118 ἀκούσαντες

1957 3069 2095 3110 vero
2107 3054 2450 3110 clauserunt
2469 3052 2547 3109 ad
2571 3051 2868 3124 stupenda
2883 3067 3086 3122 opera,
3100 3051 3275 3123 quasi
3302 3065 3420 3121 pra;
3445 3049 3606 3120 igna-

251 3147 342 3194 xui
377 3139 573 3202 ἰδόντες
605 3144 672 3195 τὰ
716 3142 839 3215 παρ’
889 3140 1033 3213 ἐμοῦ,
1074 3147 1162 3194 καὶ
1207 3148 1405 3214 γνόντες
1454 3147 1512 3196 τὸ
1558 3142 1672 3198 δίον
1704 3144 1845 3198 ἐπισ-
1881 3164 1900 3219 (

1956 3141 2051 3199 via
2082 3143 2374 3206 timentes,
2408 3155 2482 3195 ne
2506 3155 2629 3211 quo
2666 3139 2849 3195 modo
2901 3139 3168 3205 audiant,
3221 3138 3479 3204 videant,
3548 3141 3603 3194 et

249 3229 488 3304 τρέψωσι
533 3234 663 3304 πρὸς
705 3249 788 3301 με,
820 3235 908 3282 καὶ
948 3231 1162 3302 ἰάσομαι
1200 3232 1389 3290 αύτούς
1420 3231 1518 3284 ἀπὸ
1550 3241 1648 3283 τῶν
1679 3233 1845 3305 πλημ-

1954 3230 2281 3300 intelligant
2307 3245 2343 3284 a
2369 3244 2463 3284 me
2483 3227 2647 3298 quod
2689 3242 2840 3296 opus
2890 3229 2998 3290 est,
3059 3227 3218 3280 unde
3262 3230 3603 3282 convertan-

251 3319 561 3390 μελημάτων
612 3319 799 3373 αὐτῶν.
845 3318 934 3371 Ἐκ
959 3323 1260 3392 Ῐπροσώπου
1299 3322 1399 3391 γὰρ
1438 3328 1531 3372 τοῦ
1558 3329 1789 3391 Χριστοῦ
1820 3323 1845 3373 ό

1954 3322 2048 3374 tur
2071 3322 2123 3373 et
2153 3331 2360 3372 sanem
2378 3330 2504 3370 eos.
2543 3317 2689 3370 Nam
2707 3328 2777 3369 ex
2802 3312 3012 3368 Christi
3035 3327 3292 3384 persona
3321 3310 3599 3368 dicuntur

250 3407 418 3477 λόγος.
439 3414 602 3460 Τοῦτο
631 3404 1008 3479 δεπροσέθηκε,
1034 3403 1300 3481 διασύρων
1317 3407 1499 3468 αύτούς
1520 3408 1590 3470 εἰς
1612 3407 1845 3480 ἐσχάτην

1951 3405 2134 3460 verba
2153 3404 2303 3459 haec.
2345 3400 2585 3456 Addidit
2611 3404 2808 3455 autem
2832 3399 2943 3454 ista
2973 3399 3050 3456 ad
3081 3397 3448 3470 carpendum
3472 3413 3597 3466 eos,

249 3497 449 3549 ἄνοιαν.
1953 3492 2115 3567 quod
2157 3491 2231 3548 ad
2255 3494 2582 3546 extremam
2620 3487 2967 3544 devenerint
2995 3485 3384 3543 dementiam.

318 3583 488 3655 ’Υμῶν
509 3614 579 3624 —
609 3582 807 3641 ἀκούει.
861 3585 1144 3656 Μακάριοι,
1171 3585 1251 3636 ὃτι
1287 3582 1542 3656 βλέπουσι
1571 3588 1660 3638 καὶ
1693 3583 1845 3638 ἀκού-

2024 3581 2185 3638 Vers.
2217 3582 2300 3636 l6.
2343 3579 2533 3635 Vestri
2557 3607 2626 3619 —
2663 3575 2936 3633 audiunt.
2987 3574 3234 3643 Felices,
3278 3574 3415 3647 quia
3442 3579 3599 3634 recte

250 3689 399 3722 ουσιν
435 3671 618 3745 ὀρθῶς.

1952 3670 2156 3728 vident
2184 3672 2241 3726 et
2260 3667 2527 3725 audiunt.

319 3758 488 3831 ’Δμην
537 3789 603 3800 -
651 3763 903 3820 ἥκουσαν.
956 3759 1160 3827 Πολλοὶ,
1216 3766 1305 3813 καὶ
1359 3759 1418 3812 ού
1463 3763 1646 3823 πάντες
1676 3766 1842 3824 ’τινες

2023 3759 2192 3816 Vers.
2217 3759 2306 3814 l7.
2340 3757 2524 3813 Amen
2548 3782 2618 3798 -—
2641 3753 2986 3813 audierunt.
3015 3753 3190 3820 Multi,
3233 3755 3292 3810 et
3319 3766 3443 3811 non
3471 3768 3603 3812 om-

247 3849 350 3918 γὰρ
382 3854 547 3899 ταῦτα
601 3854 690 3901 καὶ
744 3845 880 3901 εἶδον
910 3853 1000 3901 καὶ
1031 3849 1263 3907 ἤκουσαν
1305 3866 1316 3879 ’
1347 3853 1614 3922 ὑπερφυῶς
1666 3847 1744 3916 δέ,
1777 3854 1842 3913 ὡς

1950 3865 2059 3906 nes
2097 3865 2112 3917 ;
2141 3847 2391 3921 quidam
2428 3845 2588 3902 enim
2635 3846 2760 3901 haec
2792 3847 2850 3901 et
2878 3843 3155 3900 viderunt
3178 3847 3233 3901 et
3263 3843 3599 3913 audierunt,

248 3937 272 3985 ό
323 3933 566 4009 Ἀϐραὰμ
612 3941 700 3988 καὶ
749 3940 798 3988 οἱ
850 3935 1216 4010 ἐπισημότεροι
1257 3954 1270 3966 ⁸
1331 3936 1397 3990 Ἦ
1465 3938 1669 4004 Πολλοὶ,
1727 3939 1840 3994 ἀντὶ

1954 3952 2294 4011 quanquam
2333 3936 2394 3992 id
2425 3933 2968 4008 supernaturaliter,
2995 3937 3062 3990 ut
3090 3932 3391 3991 Abraham
3421 3936 3478 3990 et
3496 3933 3603 4006 qui

245 4031 359 4089 τοῦ,
417 4026 625 4085 Πάντες.
681 4024 768 4085 Ὠς
824 4030 883 4077 τό
951 4044 964 4057 ·
1018 4030 1117 4078 Καὶ
1178 4023 1484 4098 ἐθεράπευσε
1548 4026 1765 4089 πολλούς
1825 4045 1837 4060 ο

1949 4026 2300 4096 insigniores
2348 4025 2604 4082 fuerunt.
2653 4025 2770 4080 Aut
2822 4023 3014 4089 multi,
3067 4022 3185 4078 hoc
3235 4027 3324 4080 est
3368 4037 3598 4080 omnes.

248 4115 446 4171 πάντας
495 4115 596 4184 γὰρ
638 4117 754 4165 τότε
805 4112 1131 4185 ἐθεράπευσε.
1190 4118 1289 4165 Καὶ
1339 4113 1508 4175 πάλιν,
1571 4119 1660 4167 καὶ
1725 4113 1840 4167 δαι-

1954 4116 2133 4172 Veluti
2178 4130 2315 4169 cum
2363 4112 2616 4171 dicitur:
2651 4113 2727 4167 Ει
2781 4112 3015 4168 curavit
3060 4111 3314 4166 multos'
3345 4127 3360 4177 ;
3392 4125 3603 4166 omnes

248 4205 404 4270 μόνια
453 4200 614 4252 πολλὰ
661 4200 880 4263 ἐξέϐαλε.
939 4203 1113 4254 Πάντα
1163 4203 1264 4274 γὰρ
1324 4209 1611 4259 τηνικαῦτα
1671 4202 1839 4265 ἐξέϐα-

1953 4217 2206 4273 namque
2235 4206 2377 4257 tunc
2409 4200 2652 4264 curavit,
2691 4201 2755 4254 ut
2809 4197 2993 4254 habet
3045 4197 3195 4253 alius
3240 4196 3602 4268 evangelista

248 4287 346 4340 λεν.
372 4287 736 4360 Ἐπεθύμησαν
777 4285 835 4340 δὲ
886 4285 1015 4341 ἰδεῖν
1062 4292 1148 4340 τόν
1194 4293 1320 4341 Θεὸν
1377 4289 1840 4364 ἐνανθρωπήσαντα

1952 4295 2011 4347 Et
2034 4305 2270 4346 rursum
2303 4288 2522 4344 ibidem
2553 4303 2565 4343 :
2598 4288 2676 4342 Et
2702 4285 3194 4342 dumom'amulta
3224 4285 3410 4353 ejecit.
3440 4286 3601 4340 Tunc

247 4380 336 4426 xui
379 4378 444 4426 τὰ
489 4384 582 4427 τοῦ
629 4384 863 4446 Χριστοῦ
918 4379 1178 4448 θαύματα,
1237 4383 1326 4429 xui
1388 4381 1612 4430 ἀκοῦσαι
1678 4380 1836 4431 αὐτοῦ

1952 4379 2103 4434 enim
2125 4377 2329 4433 omnia
2362 4376 2549 4446 ejecit.
2609 4375 3102 4429 Desideraverunt
3151 4374 3351 4426 autem
3410 4371 3601 4428 Deum

250 4463 614 4528 διδάσκοντος.
670 4471 797 4528 Τούς
853 4473 1120 4542 προφήτας
1171 4465 1229 4520 δι
1293 4473 1684 4542 προσηγόρευσε
1747 4474 1835 4521 καὶ
1867 4502 1899 4556 Ε

1950 4467 2143 4522 videre
2182 4465 2578 4519 incarnatum:
2633 4460 2964 4532 Christique
2995 4458 3302 4526 miracula,
3369 4461 3426 4514 et
3470 4457 3599 4528 ejus

251 4551 509 4615 δικαίους.
575 4555 647 4608 ’Ἡ
711 4553 950 4617 δικαίους
1007 4561 1128 4621 νόει,
1209 4561 1328 4618 τοὺς
1387 4556 1571 4617 calor);
1637 4556 1829 4627 ἁγίους,
1867 4547 1900 4556 .—

1950 4554 2146 4611 audire
2175 4553 2528 4608 doctrinam.
2558 4550 2878 4622 Prophetas
2909 4564 3050 4604 vero
3082 4547 3402 4620 appellavit
3419 4547 3599 4627 etiam

249 4645 426 4702 οἵτινες
452 4642 764 4705 ἀκούσαντες
789 4644 901 4714 (18)
946 4646 1010 4695 τὰ
1053 4649 1169 4716 περὶ
1190 4652 1279 4696 τοῦ
1309 4652 1541 4716 Χριστοῦ
1566 4647 1705 4715 παρὰ
1734 4655 1831 4697 τῶν

1952 4645 2151 4712 iustos.
2181 4647 2293 4698 Aut
2332 4642 2524 4713 justos
2569 4638 2838 4709 intelligit
2889 4643 2942 4694 et
2970 4637 3116 4694 alios
3178 4642 3439 4704 sanctos,
3493 4624 3601 4709 qui

247 4739 522 4803 προφητῶν
588 4732 918 4805 ἐπεθύμησαν
982 4729 1109 4785 ἰδεῖν
1170 4738 1259 4785 καὶ
1326 4732 1550 4785 ἀκοῦσαι
1610 4737 1674 4786 τὰ
1727 4731 1831 4792 δη-

1950 4748 2012 4789 ea
2040 4749 2169 4806 quae
2225 4731 2299 4787 de
2363 4729 2592 4786 Christo
2648 4732 2815 4786 erant
2875 4744 2912 4785 a
2973 4726 3276 4801 prophetis
3346 4725 3599 4783 audien-

247 4817 486 4874 λωθέντα.
1940 4827 2047 4888 tes,
2108 4820 2597 4877 desideraverunt
2644 4817 2844 4876 videre
2905 4821 2962 4875 et
3011 4816 3218 4876 audire
3258 4830 3395 4889 quas
3432 4813 3598 4871 dicta

1943 4913 2104 4966 sunt.

317 5060 339 5094 ³
367 5059 585 5118 IITim.
626 5075 681 5124 ιι,
722 5061 812 5117 25.
890 5061 1102 5118 'Marc.
1131 5061 1170 5126 i,
1213 5061 1300 5117 34.

1465 5181 1689 5252 Variae
1717 5181 2044 5253 lectiones
2075 5188 2141 5250 et
2169 5187 2368 5248 nota.

314 5325 430 5468 216;
465 5326 543 5379 Τὰ
565 5327 850 5406 πράγματα
877 5327 942 5382 Α.
2016 5323 2128 5398 (18)
2159 5323 2456 5386 Ἀκούοντες
2485 5320 2551 5378 Β.

340 5402 402 5452 17
449 5395 682 5452 Inclusa
710 5411 772 5451 in
800 5410 990 5466 marg.
1020 5394 1202 5452 habet
1231 5395 1299 5450 A.

340 5394 429 5466 l7)
449 5394 687 5452 Inclusa
709 5394 772 5451 in
800 5410 990 5466 marg.
1020 5394 1202 5452 habet
1231 5395 1299 5450 A.

308 5573 398 5645 (η)
423 5572 567 5645 Post
580 5573 637 5645 in
660 5572 780 5628 istis
799 5571 1230 5645 haecpaddenda
1251 5574 1550 5645 suntquae
1581 5571 1830 5628 fortasse
1939 5571 2116 5645 etiam
2143 5567 2530 5645 ἀναπληροῦται
2551 5567 2734 5645 dixit,
2749 5568 2812 5626 id
2842 5569 2950 5636 est,
2975 5581 3224 5645 prorsus
3242 5567 3580 5642 completur,

240 5645 298 5702 in
318 5641 435 5700 suo
466 5643 665 5700 codice
701 5643 1019 5700 Hentenius
1043 5658 1165 5700 non
1202 5641 1470 5714 reperit‘:
1516 5646 1831 5715 PrOpterea
1939 5647 2041 5700 aut
2078 5641 2461 5716 ἀναπληροῦται
2486 5641 2829 5715 simpliciter
2855 5656 2965 5714 pro
2995 5641 3343 5712 completur.
3368 5641 3399 5696 io
