4176 6428
535 338 644 405 403
1853 345 2184 406 ΕΠΤΗΥΜΓ

2245 346 2578 404 ZIGABENI
3783 356 3890 416 404

540 492 546 496 ·
608 475 773 532 Vers.
819 471 904 529 l8.
941 470 1048 527 Vos
1092 501 1152 512 —-
1193 471 1293 543 qui
1317 471 1662 529 seminabat.
1717 473 1854 538 Vos,
1911 471 2016 544 qui
2065 486 2186 527 cre-

2240 473 2262 526 l
2363 472 2530 544 Ὑμεῖς
2624 500 2694 516 -
2797 476 3111 545 σπείροντος.
3207 475 3394 548 Ὑμεῖς,
3476 481 3524 531 οἱ
3617 484 3889 534 πιστεύον-

534 563 695 620 ᾶίῐὶε.
2294 579 2394 622 τες.

602 655 766 706 Vers.
798 650 883 704 19.
921 648 1068 704 Cum
1121 648 1306 721 quivis
1360 650 1528 706 audit
1581 681 1650 689 —
1705 650 1910 720 ipsius.
1966 651 2183 705 Verum

2367 653 2557 709 Παντὸς
2630 649 2904 711 ἀκούοντος
2966 681 3030 691 -
3091 652 3281 704 αὐτοῦ.
3344 658 3511 726 Λόγον
3565 665 3661 717 τῆς
3727 656 3885 730 βασι-

527 739 696 809 regni
725 738 867 794 dicit
894 737 1146 793 verbum
1179 738 1296 804 Dei,
1333 737 1425 794 vel
1447 739 1696 794 verbum
1729 739 1886 794 ﬁdei.
1914 741 2176 808 Regnum

2293 736 2427 798 λείας
2475 744 2626 810 φησὶ,
2686 743 2770 790 τόν
2831 742 2978 811 λόγον
3026 748 3118 792 τοῦ
3167 750 3320 812 Θεοῦ,
3373 744 3402 801 ἦ
3457 747 3544 796 τόν
3591 745 3741 818 λόγον
3789 757 3889 810 τῆς

530 827 689 884 enim
747 832 836 883 est
893 831 949 882 et
1003 825 1170 881 ﬁdes.
1247 829 1394 882 Nam
1455 827 1557 898 qui
1615 827 1816 886 credit.
1873 826 2179 882 affectibus

2294 830 2536 887 πίστεως.
2609 827 2853 879 Βασιλεία
2937 829 3059 902 γὰρ,
3133 834 3220 882 καὶ
3299 833 3329 889 ἠ
3406 836 3600 893 πίστις.
3662 833 3720 886 Ὀ
3780 840 3883 909 γὰρ

529 916 801 988 imperat,
865 914 1206 985 Christoque
1274 921 1623 984 conregnat.
1713 919 1840 971 Non
1892 915 2178 985 intelligit,

2294 918 2549 966 πιστεύων
2604 914 2868 987 βασιλεύει
2914 920 3004 988 μὲν
3064 921 3200 970 κατὰ
3259 926 3360 970 τῶν
3415 924 3613 988 παθῶν,
3685 924 3888 996 συμϐα-

527 1004 644 1061 hoc
674 1010 761 1060 est
791 1003 851 1058 in
878 1003 1066 1058 cordis
1096 1003 1455 1075 profundum
1485 1019 1606 1058 non
1649 1004 1874 1075 recipit.
1895 1003 2176 1059 verbum:

2297 1002 2486 1054 σιλεύει
2535 1000 2593 1055 δὲ
2644 1013 2714 1074 τῷ
2763 1013 2998 1077 Χριστῷ.
3059 1012 3144 1064 Μὴ
3178 1013 3431 1070 συνιέντος
3474 1007 3552 1076 δε,
3617 1018 3730 1064 αντὶ
3770 1023 3881 1081 τοῦ,

531 1093 639 1150 sed
668 1092 813 1148 illud
841 1093 1127 1147 duntaxat
1165 1091 1405 1148 auribus
1437 1092 1707 1163 percipit.
1767 1091 1978 1148 Malum
2022 1109 2180 1159 vero,

2294 1088 2385 1146 Μὴ
2421 1089 2756 1162 ἐμϐάλλοντος
2796 1098 2879 1145 τὸν
2909 1095 3059 1166 λόγον
3105 1096 3176 1157 εἰς
3203 1101 3259 1148 τὸ
3314 1097 3479 1169 βάθος
3507 1108 3597 1160 τῆς
3635 1099 3880 1176 καρδίας,

531 1181 685 1238 dixit
738 1180 1069 1247 diabolum,
1139 1180 1653 1252 quemadmodum
1726 1180 1935 1252 quinto
1995 1181 2180 1252 capite

2295 1177 2402 1229 ἀλλ’
2469 1180 2640 1243 ἁπλῶς
2699 1182 2850 1234 αὐτὸν
2903 1182 3287 1257 ἐνωτιξομένου.
3343 1192 3571 1260 ΙἸονηρὸν
3625 1186 3684 1242 δὲ
3726 1190 3876 1262 λέγει,

529 1270 926 1343 precationem
941 1269 1394 1341 interpretantes
1409 1269 1786 1326 tradidimus.
1803 1269 1970 1341 Rapit
1982 1275 2178 1326 autem

2293 1269 2379 1317 τόν
2418 1264 2678 1339 διάϐολον,
2736 1272 2907 1333 καθὼς
2963 1271 3011 1323 ἰν
3068 1281 3140 1342 τῷ
3203 1277 3418 1347 πέμπτῳ
3477 1277 3735 1350 κεφαλαίῳ
3790 1285 3883 1338 τὴν

531 1357 696 1432 quod
708 1358 1062 1414 seminatum
1075 1362 1178 1424 est,
1209 1361 1493 1428 tanquam
1513 1358 1574 1413 in
1598 1357 1905 1430 superﬁcie
1928 1359 2180 1428 positum

2294 1356 2457 1427 εὐχὴν
2530 1357 2879 1431 ἑρμηνεύοντες
2954 1357 3420 1435 παραδεδώκαμεν.
3512 1367 3746 1438 Δρπάζιι
3827 1365 3885 1421 δὲ

529 1463 640 1505 nec
667 1447 1052 1506 occultatum.

2291 1447 2349 1495 τὸ
2409 1443 2744 1517 ἐσπαρμένον,
2799 1450 2868 1508 ὡς
2933 1446 3238 1512 ἐπιπολαίως
3306 1449 3703 1524 ἁκατάκρυπτον
3776 1460 3885 1508 κεί-

2290 1551 2454 1603 μενον.

602 1624 767 1681 Vers.
791 1624 879 1681 19.
909 1622 1014 1678 Hic
1030 1652 1095 1663 -—
1123 1623 1447 1679 seminatus
1461 1622 1602 1692 fuit.
1619 1622 1954 1679 Seminatur
1978 1637 2181 1680 semen

2363 1619 2525 1680 Οὗτος
2565 1652 2630 1660 -
2680 1627 2913 1694 σπαρείς.
2947 1628 3214 1697 Σπείρεται
3241 1630 3330 1679 καὶ
3369 1628 3394 1679 6
3436 1633 3646 1702 σπόρος,
3696 1634 3875 1701 ἤγουν,

529 1712 645 1770 hoc
691 1716 783 1768 est
809 1713 865 1768 in
914 1716 1134 1769 terram
1177 1711 1522 1784 projicitur:
1557 1712 1886 1768 seminatur
1914 1716 1970 1767 et
2008 1715 2177 1776 terra,

2293 1708 2362 1770 εἰς
2385 1716 2484 1780 γῆν
2535 1709 2926 1763 καταϐάλλεται·
2972 1718 3232 1786 σπείρεται
3265 1720 3354 1766 καὶ
3402 1717 3431 1773 ἠ
3464 1725 3556 1787 γῆ,
3588 1723 3869 1786 τουτέσνιν,

529 1801 588 1857 id
615 1804 702 1857 est
726 1815 931 1857 semen
982 1800 1242 1872 suscipit,
1276 1800 1414 1856 Ideo
1461 1800 1625 1871 quod
1654 1799 1748 1854 hic
1797 1799 2042 1855 dicitur:
2074 1801 2178 1867 Qui

2216 1813 2255 1867 Β
2291 1794 2607 1868 ὑποδέχεται
2636 1802 2722 1849 τὸν
2775 1804 2983 1870 σπόρον.
3042 1805 3128 1853 Διό
3153 1811 3239 1852 νῦν
3269 1807 3347 1870 τό,
3399 1810 3629 1878 Σπαρεὶς,
3659 1806 3748 1858 οὐκ
3785 1805 3865 1858 ἐπὶ

525 1891 834 1947 seminatus
859 1890 999 1960 fuit,
1050 1903 1170 1944 non
1195 1887 1270 1945 de
1296 1888 1524 1944 semine
1554 1888 1950 1957 intelligimus,
1981 1889 2082 1943 sed
2104 1889 2174 1944 de

2288 1893 2377 1936 τοῦ
2407 1892 2602 1956 σπόρου
2624 1895 2852 1958 νοοῦμεν,
2882 1887 2988 1939 ἀλλ’
3015 1889 3096 1941 ἐπὶ
3126 1899 3216 1950 τῆς
3244 1901 3309 1961 γῆ
3323 1899 3520 1957 ς.Οῐον,
3536 1894 3677 1954 οὗτός
3706 1893 3861 1961 ἔστιν,

527 1981 684 2034 terra
716 1993 825 2033 :ac
863 1977 912 2031 si
958 1975 1154 2032 dicat:
1191 1976 1290 2031 Hic
1329 1982 1415 2031 est
1460 1976 1632 2046 juxta
1685 1977 1843 2032 viam
1885 1977 2176 2034 seminata

2287 1976 2316 2031 ἡ
2342 1977 2475 2025 κατὰ
2503 1979 2596 2032 τὴν
2623 1971 2744 2026 ὁδόν
2787 1984 3047 2049 σπαρεῑσα
3077 1985 3167 2049 γῆ.
3231 1985 3394 2032 Τοῦτο
3458 1979 3516 2033 δὲ
3545 1986 3630 2033 καὶ
3659 1982 3739 2034 ἐπὶ
3769 1991 3865 2034 τῶν

527 2068 703 2131 terra,
736 2070 794 2121 et
823 2064 984 2120 idem
1013 2063 1073 2119 in
1103 2063 1343 2136 reliquis
1374 2063 1713 2119 dicendum.
2285 2062 2473 2119 ἄλλων.

597 2156 761 2209 Vers.
792 2156 882 2208 20.
920 2152 1032 2220 Qui
1076 2167 1212 2208 vero
1242 2183 1310 2192 —
1340 2158 1444 2208 est.
1503 2154 1644 2218 Quae
1696 2163 1834 2209 vero
1883 2153 2050 2224 iuxta
2077 2169 2178 2224 pe-

2355 2151 2412 2203 Ὀ
2444 2148 2503 2204 δε
2523 2181 2590 2192 -
2621 2151 2776 2207 ἐστίν.
2809 2152 2865 2205 Ἡ
2896 2149 2955 2206 δε
2975 2157 3124 2216 ,κατὰ
3148 2158 3212 2208 τὰ
3241 2153 3479 2231 πετρώδη
3524 2165 3783 2234 παρεῖσα
3802 2166 3868 2231 γῆ

525 2244 686 2299 trosa
725 2243 1060 2298 seminatur
1095 2246 1266 2307 terra,
1310 2240 1402 2295 hic
1432 2244 1518 2297 est
1573 2240 1642 2296 de
1695 2241 1860 2313 quod
1907 2242 2174 2298 dicturus

1760 2241 1860 2298 10d
1907 2242 2174 2298 dicturus
2283 2239 2456 2308 πάλιν,
2481 2240 2629 2301 οὗτος
2661 2241 2820 2308 ἐστιν,
2849 2247 2965 2315 περὶ
2987 2243 3047 2295 οὗ
3067 2243 3234 2314 μέλλει
3264 2243 3409 2318 ἐρεῖν.

525 2334 630 2387 e'st.

594 2421 757 2476 Vers.
781 2419 874 2476 20.
904 2419 1016 2486 Qui
1053 2418 1290 2475 verbum
1321 2449 1388 2458 —-
1421 2423 1504 2474 est
1555 2418 1741 2476 Antea
1785 2419 2049 2475 radicem
2093 2420 2172 2476 di-

2353 2415 2410 2467 Ὀ
2477 2420 2562 2468 τὸν
2631 2417 2778 2489 λόγον
2854 2449 2922 2458 -
3005 2418 3135 2474 ἔστί.
3209 2421 3549 2494 Προλαϐόντες
3601 2425 3873 2498 εἰρήκαμεν

521 2509 722 2566 ximus
763 2523 890 2564 esse
938 2507 1300 2564 ﬁrmitatem.
1343 2507 1781 2578 Temporarium
1814 2524 1955 2564 vero
2007 2509 2170 2564 dixit.

2281 2505 2454 2578 ῥίζαν,
2509 2511 2601 2564 τὴν
2634 2508 2744 2576 (19)
2778 2504 3077 2579 ἕδραίωσιν,
3118 2515 3433 2584 πρόσκαιρον
3488 2509 3546 2564 δὲ
3587 2513 3744 2583 λέγει,
3787 2518 3872 2566 τὸν

521 2598 692 2656 facile
745 2596 1114 2653 mutabilem.
1175 2597 1284 2662 Qui
1333 2595 1492 2652 enim
1539 2596 1685 2651 dum
1740 2597 1980 2652 docetur
2037 2597 2170 2653 faci-

2284 2594 2701 2666 εὐμετάτρεπτον,
2763 2599 2901 2656 ὅστις
2939 2602 3027 2649 καὶ
3078 2596 3127 2648 ἐν
3181 2608 3252 2668 τῷ
3305 2597 3679 2667 διδάσκεσθαι,
3723 2603 3870 2665 εὐθὺς

519 2686 574 2744 le
628 2686 874 2743 verbum
913 2684 1179 2757 suscipit,
1207 2684 1384 2741 etiam
1410 2699 1540 2740 cum
1579 2688 1834 2741 tentatur
1876 2684 2043 2741 facile
2089 2702 2168 2742 re-

2281 2680 2547 2753 λαμϐάνει,
2611 2688 2698 2735 καὶ
2763 2683 2810 2735 ἐν
2882 2693 2953 2756 τῷ
3001 2687 3360 2760 πειράζεσθαι,
3444 2689 3591 2752 εὐθὺς
3644 2690 3872 2744 αποϐάλ-

515 2775 664 2848 jicit.
2281 2769 2373 2822 λει.

566 2862 754 2919 ‘Vers.
807 2861 899 2920 21.
954 2861 1131 2919 Facta
1175 2893 1244 2902 —
1303 2861 1626 2932 aﬂ'enditur.
1700 2861 1956 2918 Verbum
2012 2877 2172 2918 nunc

2353 2862 2626 2932 Γενομένης
2713 2891 2780 2900 -
2862 2858 3290 2933 σφανδαλίζιται.
3375 2869 3539 2937 Λόγον
3598 2875 3706 2933 νῦν,
3783 2873 3868 2922 τὸν

519 2949 662 3007 dicit
685 2949 844 3017 illud,
894 2949 1058 3023 quod
1089 2953 1180 3007 est
1224 2950 1298 3006 de
1325 2950 1462 3006 ﬁde.
1498 2949 1718 3005 Luccas
1749 2955 1962 3016 autem,
2021 2950 2168 3007 afﬂi-

2281 2955 2374 3009 τῆς
2430 2953 2650 3009 πίστεως
2697 2949 2848 3021 λέγει.
2903 2949 2961 3002 Ὀ
3021 2948 3079 3003 δε
3146 2958 3351 3014 Λουκᾶς
3401 2959 3492 3013 τὴν
3563 2955 3735 3027 manu.
3780 2963 3867 3011 καὶ

520 3040 778 3096 ctionem
803 3054 874 3096 ac
904 3039 1399 3111 persecutionem,
1421 3053 1541 3094 uno
1571 3037 1754 3093 verbo
1785 3039 2169 3095 tentationem

2278 3039 2366 3088 τὸν
2415 3033 2666 3109 διωγμὸν,
2735 3038 3114 3110 περιληπτικῶς
3169 3046 3457 3114 πειρασμόν
3511 3051 3864 3119 προσηγόρευι

518 3128 842 3201 appellavit
883 3127 906 3164 ⁸
953 3144 967 3184 :
1013 3130 1068 3185 et
1136 3127 1268 3184 loco
1331 3125 1498 3182 verbi
1548 3125 1944 3183 Oﬁ‘enduntur
2001 3127 2166 3196 dixit,

2217 3144 2391 3207 305v.
2484 3125 2622 3180 ’Δντὶ
2701 3124 2760 3180 δὲ
2828 3136 2918 3180 τοῦ
2994 3126 3452 3195 Σκανδαλίζονται,
3527 3133 3866 3206 Ἀφίστανται

516 3218 810 3276 Recedunt

756 3224 810 3274 ηι
2279 3211 2405 3270 εἶπε.

588 3307 748 3362 Vers.
779 3309 865 3362 22.
914 3306 1030 3375 Qui
1048 3310 1237 3362 autem
1267 3333 1332 3344 —
1363 3310 1466 3361 est.
1493 3307 1666 3361 Terra
1693 3321 1828 3378 quas
1854 3305 2010 3363 circa
2056 3307 2171 3380 spi-

2349 3303 2406 3355 Ὀ
2433 3301 2468 3356 δ
2471 3307 2492 3357 ξ
2520 3335 2583 3345 -
2607 3303 2768 3363 ἐστίν.
2791 3305 2847 3358 Ἠ
2881 3303 2939 3360 δε
2959 3309 3092 3360 κατὰ
3113 3309 3201 3368 τὰς
3232 3306 3456 3372 ἀκάνθας
3487 3320 3748 3386 σπαρεῖσα
3775 3324 3865 3386 γῆ,

515 3409 626 3452 nas
653 3396 944 3452 seminata
983 3398 1089 3459 est,
1121 3393 1215 3449 hic
1246 3395 1336 3449 est
1355 3409 1537 3466 quem
1574 3393 1841 3449 dicturus
1881 3398 1988 3450 est.

1213 3414 1215 3443 ι
1246 3395 1336 3449 est
1355 3409 1537 3466 quem
1574 3393 1841 3449 dicturus
1881 3398 1988 3450 est.
2280 3393 2430 3453 οὗτός
2460 3391 2620 3464 ἔστιν,
2662 3396 2714 3446 ὃν
2746 3394 2862 3468 ἐρεῖ.

586 3483 749 3540 Vers.
782 3484 871 3539 22.
889 3483 1003 3550 Qui
1014 3482 1254 3539 verbum
1281 3513 1347 3522 —
1367 3483 1634 3553 efﬁcitur.
1666 3481 1899 3538 Marcus
1920 3499 2061 3539 vero
2073 3483 2171 3539 de-

2349 3482 2406 3533 Ὀ
2450 3486 2533 3534 τὸν
2579 3483 2728 3554 λόγον
2782 3515 2849 3523 -
2895 3488 3112 3554 γίνεται.
3168 3484 3226 3537 Ὀ
3277 3482 3334 3538 δὲ
3362 3489 3572 3559 Μάρκος
3697 3492 3867 3564 ἀπάτῃ

516 3571 773 3644 ceptioni
803 3571 1031 3628 addidit
1059 3575 1116 3625 et
1169 3577 1516 3626 cmterarum
1565 3585 1763 3625 rerum
1793 3570 2165 3641 cupiditates,

2280 3573 2617 3643 προσέθηκεν,
2675 3575 2755 3624 ὅτι
2829 3577 2918 3624 καὶ
2971 3575 3179 3648 αἱπερὶ
3245 3577 3306 3626 τὰ
3360 3575 3516 3628 λοιπὰ
3576 3579 3868 3650 ἐπιθυμίαι,

514 3661 916 3730 complectens
930 3673 1096 3712 omne
1110 3659 1377 3713 nocivum
1392 3657 1754 3713 desiderium
1767 3660 1808 3713 ⁸.
1832 3661 2017 3714 Lucas
2029 3674 2163 3729 quo-

2284 3661 2674 3732 συμπεριλαϐών
2739 3667 2911 3713 πᾶσαν
2995 3660 3249 3734 βλαϐερὰν
3312 3662 3606 3736 ἐπιθυμίαν.
3687 3671 3784 3718 Καὶ
3841 3669 3864 3717 6

514 3762 632 3820 que
662 3746 928 3802 similiter
958 3745 1338 3802 sollicitudini
1389 3745 1762 3816 voluptatem
1792 3747 2097 3817 conjunxit
2128 3751 2163 3801 ⁸.

2281 3754 2484 3808 Λουκᾶς
2533 3747 2589 3802 δε
2620 3753 2809 3821 ὁμοίως
2862 3758 2922 3820 τῇ
2970 3756 3186 3823 μερίμνῃ
3230 3757 3318 3804 καὶ
3349 3758 3441 3810 τὴν
3469 3750 3658 3810 ἡδονὴν
3717 3759 3863 3806 συνέ-

517 3834 727 3892 Saeculi
759 3838 958 3889 autem
989 3833 1193 3903 hujus,
1221 3833 1334 3888 hoc
1366 3838 1452 3888 est
1482 3833 1611 3888 vitae
1655 3833 1854 3904 hujus.
1887 3838 1980 3890 Est
2023 3837 2166 3892 enim

2281 3838 2425 3899 ζευξε
2449 3839 2583 3907 (20).
2624 3846 2726 3890 Τοῦ
2763 3839 2937 3898 αἰῶνος
2970 3835 3028 3890 δὲ
3067 3843 3272 3904 τούτου,
3302 3839 3412 3893 ἀντὶ
3440 3849 3548 3905 τοῦ,
3578 3848 3684 3904 Τῆς
3726 3842 3863 3905 ζωῆς

515 3933 573 3983 et
602 3925 719 3982 alia
738 3924 880 3988 vita,
915 3923 1113 3979 futura
1141 3924 1284 3990 vita,
1317 3939 1451 3995 quas
1506 3924 1742 3996 proprie
1772 3925 1892 3982 vita
1930 3926 2164 3983 dicitur.

2278 3930 2486 3986 ταύτης.
2518 3927 2669 3979 Ἐστι
2712 3930 2812 4001 γὰρ
2848 3932 2935 3978 καὶ
2966 3927 3112 3987 ἄλλος
3137 3928 3283 3996 αἰὼν,
3328 3932 3355 3987 ἡ
3391 3929 3648 3996 μέλλουσα
3680 3935 3808 3996 ζωὴ,
3840 3933 3863 3983 6

515 4018 721 4086 utpote
745 4027 882 4085 quas
911 4027 1148 4084 semper
1184 4012 1382 4078 durat,
1408 4028 1519 4070 nec
1548 4012 1730 4070 ﬁnem
1754 4013 1950 4072 habet.

2276 4020 2463 4088 κυρίως
2501 4015 2646 4080 αἰὼν,
2699 4018 2766 4076 ὡς
2814 4014 2890 4068 ἀεὶ
2952 4017 3018 4066 ὢν
3083 4021 3172 4069 καὶ
3235 4014 3499 4090 μηδέποτε
3555 4024 3866 4093 περατούμε-

2273 4123 2371 4164 νος.
3251 4125 3256 4128 ·

585 4189 751 4247 Vers.
776 4189 864 4245 23.
918 4187 1228 4256 Qui-hic
1289 4193 1392 4256 est,
1444 4189 1620 4246 Terra
1660 4205 1796 4248 vero
1835 4209 1965 4264 quae
1992 4195 2165 4265 juxta

2343 4191 2400 4244 Ὀ
2462 4223 2529 4232 -
2590 4191 2730 4252 οὗτός
2805 4191 2962 4245 ἐστιν·
3029 4192 3087 4246 Ἠ
3152 4190 3211 4247 δὲ
3271 4196 3406 4247 κατὰ
3467 4200 3559 4254 τὴν
3619 4205 3717 4267 γῆν
3774 4202 3866 4256 τὴν

512 4283 732 4337 terram
785 4279 1005 4336 bonam
1073 4278 1363 4336 seminata
1417 4283 1524 4344 est,
1583 4278 1680 4335 hic
1724 4284 1818 4338 est
1852 4282 1956 4354 qui
1983 4283 2161 4352 signi-

2272 4280 2432 4338 καλὴν
2500 4288 2761 4353 σπαρείσα
2843 4289 2935 4353 γῆ,
2983 4278 3128 4344 οὗτός
3183 4283 3343 4349 ἔστιν,
3407 4285 3432 4335 6
3497 4284 3861 4359 ὁηλωθησόμε-

509 4367 804 4436 ﬁcabitur,
2272 4389 2326 4421 νο
2338 4388 2376 4429 ς.

582 4457 742 4547 Yers,
803 4456 891 4547 23.
945 4454 1057 4547 Qui
1102 4455 1451 4547 ve_rbum_—
1506 4456 1792 4547 intelligit.
1844 4457 1951 4519 Qui
1999 4460 2163 4516 intel-
2195 4494 2231 4547 Π

2217 4494 2238 4545 )
2342 4457 2400 4507 Ὀ
2424 4456 2684 4528 τὸνλόγον
2709 4489 2776 4497 -
2811 4463 2996 4510 συνιών
3197 4464 3403 4527 Συνιὼν,
3433 4465 3613 4531 ἤγουν,
3646 4461 3866 4535 ἔγκρυπ-

506 4543 653 4616 ligit,
684 4544 806 4599 sive
836 4544 895 4599 in
926 4544 1220 4615 profundo
1249 4545 1442 4600 cordis
1473 4545 1806 4612 abscondit,
1843 4547 1942 4601 ubi
1968 4547 2155 4602 nullas

2219 4543 2224 4545 6
2272 4565 2370 4597 των
2395 4554 2466 4614 τῷ
2495 4544 2646 4616 βάθει
2693 4554 2784 4607 τῆς
2830 4543 3055 4620 καρδίας
3108 4547 3546 4603 ἀνεπιϐούλευτον.
3591 4555 3677 4602 Διὸ
3721 4557 3810 4602 καὶ
3841 4553 3866 4603 6

508 4633 634 4706 pati
657 4631 1117 4704 possitinsidias.
1135 4635 1273 4690 Ideo
1298 4649 1539 4706 quoque
1565 4635 1794 4690 Marcus
1820 4634 1958 4688 dicit
1991 4652 2002 4688 :
2050 4637 2157 4703 Qui

2273 4635 2482 4706 Μάρκος
2510 4630 2664 4697 εἶπεν,
2698 4636 2892 4695 Οἱτινες
2933 4634 3182 4688 ἀκούουσι
3228 4640 3312 4688 τὸν
3354 4637 3502 4708 λόγον
3524 4642 3612 4690 καὶ
3628 4636 3863 4712 παραδέ-

506 4720 746 4778 υενὸαηι
773 4721 1029 4777 audiunt
1058 4729 1110 4777 et
1141 4723 1427 4792 recipiunt
1459 4725 1477 4757 ⁷
1510 4725 1761 4777 Rursum
1795 4724 1980 4777 Lucas
2009 4743 2019 4781 :
2053 4725 2155 4791 Qui

2269 4741 2475 4794 χονται.
2533 4727 2630 4774 Καὶ
2684 4725 2708 4774 6
2747 4729 2950 4782 Λουκᾶς
3000 4720 3057 4776 δὲ
3115 4724 3265 4776 πάλιν
3309 4746 3319 4756 ·
3357 4727 3556 4786 Οῖτινες
3600 4724 3865 4798 ἐνκαρδίᾳ

507 4809 570 4865 in
601 4809 779 4865 corde
807 4809 1040 4865 honesto
1096 4826 1166 4866 ac
1217 4812 1355 4866 bono
1406 4811 1666 4868 auditum
1718 4826 2037 4867 sermonm
2079 4829 2156 4867 re-

2269 4811 2396 4883 καλῇ
2423 4816 2510 4862 καὶ
2537 4810 2726 4883 ἀγαθῇ,
2763 4811 3068 4873 ἀκούσαντες
3090 4817 3174 4865 τόν
3204 4814 3370 4884 λόγον,
3394 4820 3704 4886 κατέχουσι.
3731 4823 3862 4889 Καρ-

507 4897 695 4954 tinent
721 4898 762 4952 ⁸.
792 4897 904 4954 Cor
927 4913 1062 4955 vero
1087 4900 1354 4957 animam
1387 4907 1449 4954 ut
1487 4899 1813 4970 plurimum
1855 4916 2028 4957 sacra
2058 4917 2156 4973 ap-

2271 4897 2389 4952 δίαν
2423 4896 2500 4964 δὲ,
2533 4905 2624 4958 τὴν
2651 4900 2854 4972 ψυχὴν,
2881 4904 2947 4964 ὡς
2979 4900 3062 4954 ἐπὶ
3092 4907 3150 4954 τὸ
3190 4903 3428 4956 πλεῖστον
3465 4906 3491 4962 ὁ
3534 4906 3643 4957 θεία
3682 4909 3856 4977 Γραφὴ

504 4985 686 5058 pellat
711 4985 1027 5059 Scriptura.

1014 5030 1027 5044 .
2267 4992 2659 5062 προσαγορεύει.

575 5162 597 5200 ⁴
623 5163 759 5221 Luc.
791 5178 909 5233 xm,
944 5163 1026 5220 t3.
1104 5163 1125 5200 ⁸
1147 5162 1422 5232 Marc.iv,
1455 5162 1546 5222 19.
1621 5165 1643 5201 ⁸
1669 5167 1805 5222 Luc.
1845 5168 1966 5233 vui,
1993 5167 2080 5225 44.
2159 5168 2224 5224 ⁷1

1455 5162 1546 5222 19.
1621 5165 1643 5201 ⁸
1669 5167 1805 5222 Luc.
1845 5168 1966 5233 vui,
1993 5167 2080 5225 44.
2159 5168 2181 5203 ⁷
2207 5169 2381 5225 Marc.
2413 5183 2488 5234 1v,
2515 5171 2604 5224 20.
2633 5166 2653 5202 ⁸
2685 5167 2822 5222 Luc.
2867 5181 2981 5233 vm,
3015 5167 3101 5224 15.

1695 5344 1919 5414 Variae
1960 5344 2288 5414 lectiones
2336 5353 2403 5413 et
2444 5354 2645 5413 notae.

597 5535 664 5591 19
711 5532 858 5590 Vide
882 5532 1425 5606 interpretationem
1475 5550 1546 5594 ca
1601 5581 1614 5594 .
1652 5555 1765 5607 xm,
1796 5556 1948 5596 vers.
1989 5542 2025 5596 6
2261 5541 2420 5614 έμιξι.
2449 5543 2515 5596 Α.

597 5534 686 5678 28;
721 5602 1014 5678 Σννόσμιξε.
1059 5605 1153 5662 Sic
1214 5609 1378 5666 Forte
1440 5551 1697 5670 scrgere
1769 5611 1960 5670 voluit
2033 5631 2152 5666 συν·
2337 5612 2513 5678 (21)}:

595 5602 685 5678 28)
721 5602 1153 5678 Σννόσμιξε.”8ἱο
1214 5609 1378 5666 Forte
1440 5602 1697 5670 scribere
1749 5602 1960 5670 'voluit
2033 5631 2152 5666 συν·

1108 5605 1153 5662 ic
1214 5609 1378 5666 Forte
1440 5602 1697 5670 scribere
1749 5602 1960 5670 'voluit
2033 5631 2152 5666 συν·
2286 5602 2757 5686 ’(21)ΣυνιῶνΑ.
