4176 6412
239 308 348 365 405

1200 303 1561 362 COMMENT.
1604 302 1677 360 IN
1716 300 2159 359 MATTHEUM.
2199 332 2271 345 -—
2311 300 2471 359 CAP.
2512 300 2657 359 XIII.

3507 301 3614 363 ιοσ

307 431 408 494 ’ος
428 462 499 472 -
515 433 815 504 τριάκοντα.
841 437 1023 486 Ταῦτα
1036 430 1373 505 προλαϐόντες
1395 430 1601 494 ἕντελῶς
1617 426 1653 484 δ
1657 449 1815 503 mpm

2027 429 2194 485 Vers.
2227 428 2316 483 25.
2345 426 2460 495 Qui
2485 457 2553 469 -
2585 425 3006 497 trigecuplum.
3038 426 3165 482 Haec
3189 423 3249 482 in
3276 425 3613 499 prmeeden-

230 523 497 591 νεύσαμεν
523 517 780 594 ἀνωτέρω.

302 608 505 666 ⁴Αλλην
571 640 638 650 —
698 608 746 661 ἓν
806 618 878 680 τῷ
934 609 1075 684 ἀγρῷ
1151 608 1332 666 αὐτοῦ,
1404 608 1675 662 Βασιλείαν
1744 617 1841 662 τῶν

223 697 492 769 οὐρανῶν,
555 696 733 750 ἑαυτὸν
790 699 1030 771 ὀνομάζει
1083 706 1192 765 νῦν,
1252 698 1393 758 ὅστις
1445 700 1686 770 ὡμοιώθη
1747 697 1839 749 ἁν-

224 788 453 858 θρὼπῳ,
510 785 932 855 ἒνανθρωπήσας.
993 788 1075 841 Ἐν
1127 788 1416 860 ὁμοιώματι
1479 789 1602 861 γὰρ,
1658 791 1835 858 φησὶν,

220 873 514 948 ἀνθρώπου
599 880 886 948 γενόμενος.
966 876 1130 930 Καλὸν
1206 872 1265 928 δὲ
1347 879 1571 949 σπέρμα,
1650 879 1837 948 τρόπον

221 963 399 1034 ἕτερον
484 961 712 1033 ἐκάλεσε,
794 969 913 1027 τοὺς
997 966 1136 1025 υἱοὺς
1217 973 1308 1025 τῆς
1388 963 1681 1037 βασιλείας,
1767 970 1837 1026 ὡς

225 1051 386 1112 αὐτὸς
484 1052 822 1125 ἡρμήνευσεν,
912 1052 1186 1129 ἐρωτηθεὶς
1264 1056 1406 1128 παρὰ
1482 1061 1582 1105 τῶν
1662 1054 1830 1124 μαθη·

428 1144 555 1212 περὶ
643 1141 711 1191 ὧν
790 1139 997 1214 ἐροῦμεν
1085 1140 1189 1194 ἕκεῖ
1284 1146 1563 1213 γενόμενοι.
1652 1141 1833 1213 ’Δγρός

225 1223 279 1278 δε
336 1226 514 1279 αὐτοῦ
565 1226 709 1280 ἔστιν
764 1230 790 1281 ὁ
855 1234 1071 1302 κόσμος,
1136 1232 1206 1292 ὡς
1259 1234 1459 1303 κτὶσμα
1511 1234 1600 1282 καὶ
1655 1238 1834 1302 κτῆμα

222 1334 406 1371 αυτου,

282 1405 384 1458 Ἐν
430 1399 497 1456 δε
533 1412 607 1475 τῷ
656 1402 928 1459 καθεύδειν
969 1437 1038 1449 —
1082 1405 1302 1466 ἀπῆλθε.
1343 1409 1688 1483 Προαγορεύει
1737 1404 1829 1461 διὰ

210 1499 302 1552 τῆς
390 1491 690 1566 παραϐολῆς
762 1497 977 1562 ταύτης,
1056 1500 1147 1555 τὴν
1228 1491 1473 1571 δευτέραν
1552 1496 1827 1557 ἐπιϐουλὴν

207 1586 301 1631 τοῦ
356 1576 634 1636 διαϐόλου.
682 1581 844 1635 Ὀταν
883 1587 984 1656 γὰρ
1013 1580 1105 1657 ἴδῃ
1146 1588 1240 1642 τὴν
1287 1584 1447 1644 καλήν
1488 1594 1586 1657 γῆν
1635 1607 1827 1661 καρπο-

209 1675 490 1742 φοροῦσαν
539 1668 588 1721 ἕν
643 1668 844 1736 ἑκατὸν,
894 1677 982 1724 καὶ
1034 1673 1084 1724 ἐν
1134 1672 1397 1738 ἑξήκοντα,
1446 1679 1534 1726 καὶ
1585 1673 1633 1726 ἐν
1682 1678 1826 1748 τριά-

227 1146 339 1204 τῶν,

1952 517 2111 575 tibus
2134 516 2388 589 perfecte
2411 531 2623 571 sumus
2652 512 3042 587 interpretati.

2022 606 2185 662 Vers.
2224 606 2312 661 24.
2344 606 2542 661 Aliam
2573 634 2640 644 —
2668 619 2810 674 agro
2852 619 2978 658 suo.
3017 603 3288 674 Regnum
3314 604 3607 664 caelorum

1949 710 2106 751 nunc
2141 695 2407 768 seipsum
2436 693 2703 750 nominat
2739 692 2842 765 qui
2872 696 3189 764 assumpta
3214 707 3387 749 carne
3415 693 3602 751 homi-

1947 784 2009 839 ni
2066 783 2428 839 assimilatus
2476 787 2590 838 est.
2650 781 2722 836 In
2780 780 3191 845 similitudine,
3242 780 3457 855 inquit,
3507 783 3604 840 Ιιο-

1945 874 2172 930 minum
2197 873 2399 942 factus
2426 873 2468 925 ’.
2503 873 2716 927 Semen
2765 874 2965 926 autem
2990 868 3222 926 bonum
3267 869 3383 927 alio
3414 872 3599 929 modo

1943 960 2097 1016 ﬁlios
2164 961 2331 1031 regni
2391 960 2639 1023 vocavit,
2695 962 2864 1031 prout
2922 958 3050 1030 ipse
3112 957 3507 1031 interrogatus
3561 978 3599 1020 a

1941 1050 2249 1122 discipdlis
2279 1050 2700 1122 interpretatus
2730 1052 2839 1113 est,
2865 1046 3386 1120 quemadmodum
3442 1049 3597 1107 dice-

1942 1155 2097 1208 mus,
2152 1155 2291 1195 cum
2349 1153 2418 1194 eo
2485 1136 2955 1210 pervenerimus.
3009 1137 3164 1208 Ager
3225 1152 3368 1194 vero
3442 1139 3593 1211 ejus,

1939 1228 2207 1284 mundus
2237 1231 2342 1293 est,
2390 1231 2675 1300 tanquam
2705 1229 2974 1283 creatura
3003 1239 3074 1281 ac
3102 1225 3403 1298 possessio
3428 1227 3584 1300 ejus.

2008 1407 2165 1461 Vers.
2190 1406 2277 1460 25.
2312 1403 2750 1460 Dormientibus
2773 1410 2971 1461 autem
3012 1433 3085 1447 —
3111 1404 3281 1462 abiit.
3325 1407 3453 1463 Haac
3482 1422 3589 1478 pa-

1935 1493 2141 1551 rabola
2160 1492 2372 1550 alteras
2393 1491 2614 1548 diaboli
2628 1491 2881 1548 insidias
2903 1492 3232 1550 denuntiat.
3257 1493 3404 1551 Cum
3424 1494 3586 1552 enim

1936 1588 2152 1639 terram
2179 1581 2408 1639 bonam
2444 1580 2653 1638 viderit
2674 1580 2932 1637 fructum
2962 1582 3292 1653 producere
3317 1587 3422 1640 aut
3451 1599 3585 1642 cen-

1934 1671 2168 1743 tuplum
2221 1675 2325 1728 aut
2364 1669 2849 1742 sexagecuplum,
2890 1674 2992 1726 aut
3025 1670 3433 1743 trigecuplum,
3473 1687 3584 1730 nec

205 1776 398 1820 κοντα,
446 1761 521 1829 μὴ
574 1755 859 1831 δυνάμενος
902 1759 1079 1813 λοιπὸν
1120 1765 1151 1820 ἤ
1202 1761 1438 1834 ἁρπάσαι
1484 1766 1570 1815 τὸν
1609 1769 1815 1837 σπόρον¹

1934 1776 2106 1833 posse
2145 1775 2207 1816 se
2232 1764 2335 1817 aut
2365 1773 2569 1814 semen
2596 1773 2828 1830 rapere,
2851 1762 2952 1815 aut
2982 1758 3145 1830 quod
3178 1759 3581 1829 germinatum

207 1849 237 1901 ἦ
282 1845 541 1917 φλογίσαι
586 1852 642 1899 τό
673 1846 1006 1920 βλαστῆσαν,
1052 1851 1081 1909 ἦ
1135 1848 1413 1913 ἀποπνίξαι
1458 1852 1604 1916 αὐτὸ,
1638 1849 1820 1906 δευτέ-

200 1952 301 2006 ραν
353 1938 566 2006 μέτεισι
619 1940 887 2008 μηχανὴν,
940 1942 1030 1990 καὶ
1078 1940 1147 2001 ὡς
1193 1937 1385 2011 ἐχθρός
1429 1947 1520 1992 τοῦ
1562 1948 1814 2015 γεωργοῦ,

203 2019 520 2084 σπουδάζει
568 2021 866 2100 διαφθεῖραι
911 2029 1001 2079 τὸν
1049 2030 1201 2079 πόνον
1252 2027 1433 2095 αὐτοῦ,
1488 2034 1577 2082 καὶ
1626 2049 1817 2102 κοιμωο

198 2116 376 2182 μένων
469 2119 573 2164 τῶν
659 2111 961 2186 ἀνθρώπων,
1056 2115 1240 2186 ἤγουν,
1341 2115 1815 2191 ἁφροντιστούντων

195 2204 323 2273 περὶ
376 2204 470 2258 τὴν
515 2201 627 2270 (22)
679 2201 909 2273 φυλακήν
951 2210 1043 2255 τοῦ
1092 2202 1274 2278 ἀγροῦ·
1318 2203 1547 2277 ἕμφαίνει
1595 2202 1654 2259 δε
1700 2211 1816 2270 τοὺς

198 2285 600 2354 διδασκάλους,
630 2294 750 2351 τοὺς
797 2290 1022 2363 φύλακας
1062 2300 1160 2343 τῶν
1206 2290 1516 2365 ὀρθοδοξων·
1563 2294 1814 2369 ἔνσπείρει

202 2379 446 2442 ζιζάνια,
510 2382 796 2445 τουτέστιν,
853 2382 1165 2452 αἱρετικοὺς,
1235 2382 1428 2453 μεταξὺ
1493 2391 1587 2436 τῶν
1658 2383 1813 2460 ὀρθο-

203 2461 407 2528 δόξων.
449 2468 671 2527 Τούτους
697 2469 799 2542 γὰρ
830 2467 1065 2541 ὠνόμασε
1091 2476 1254 2539 σῖτον,
1287 2474 1354 2533 ὡς
1381 2471 1712 2547 εὐχρήστους
1741 2481 1813 2546 τῷ

208 2558 515 2628 σπείραντι.

278 2642 409 2695 Ὅτε
479 2673 551 2685 —
618 2643 849 2706 ζιζάνια.
903 2644 1101 2719 Ὠσπερ
1161 2647 1248 2699 οὖν
1312 2648 1425 2719 (23)
1489 2652 1555 2702 τά
1603 2649 1816 2711 ζιζάνια

208 2729 419 2783 ἐοίκασι
473 2734 565 2803 μὲν
630 2740 702 2803 τῷ
757 2738 902 2805 σίτῳ,
969 2738 1105 2787 κατὰ
1154 2740 1247 2794 τὴν
1311 2735 1568 2809 καλάμην,
1646 2738 1814 2793 ἁπεοὶ-

208 2839 337 2872 κασι
372 2816 454 2884 δὲ,
497 2822 632 2872 κατὰ
657 2824 743 2873 τὸν
771 2827 986 2895 καρπόν·
1034 2823 1135 2876 εἰσὶ
1184 2821 1243 2876 δὲ
1272 2823 1503 2900 βλαϐερὰ
1543 2834 1614 2897 τῷ
1661 2831 1809 2899 σίτῳ·

207 2909 346 2960 οὕτω
377 2913 470 2961 καὶ
500 2910 549 2961 οἱ
578 2911 827 2984 αἱρετικοὶ
855 2909 1058 2963 ἐοίκασι
1095 2915 1185 2983 μεν
1223 2920 1328 2974 τοῖς
1355 2911 1650 2987 ὀρθοδόξοις
1678 2919 1814 2970 κατά

208 3001 265 3049 τὸ
325 3005 545 3069 σχῆμα·
611 2996 890 3051 ἀπεοίκασι
956 2995 1015 3053 δὴ
1067 3003 1202 3053 κατὰ
1256 3006 1349 3060 τὴν
1420 3001 1626 3070 ἀρετὴν,
1696 3007 1813 3068 ἣτις

207 3088 318 3139 ἐστὶ
344 3090 570 3159 καρπός.
610 3086 791 3161 ’Δρετὴ
827 3084 860 3141 δ
865 3092 886 3141 's
910 3094 999 3141 καὶ
1027 3092 1240 3162 καρπός,
1268 3094 1368 3166 πρὸ
1398 3094 1620 3161 πάντων,
1647 3095 1678 3152 ἡ
1710 3102 1809 3146 τῶν

209 3171 499 3246 δογμάτων
527 3173 621 3234 ειλή
631 3178 765 3234 θεια.

275 3268 382 3317 Καὶ
425 3265 661 3340 καθάπερ
706 3267 771 3317 τά
815 3265 1027 3327 ζιζάνια
1070 3271 1236 3340 μέχρι
1281 3270 1370 3340 μὲν
1414 3276 1510 3331 τῆς
1547 3289 1809 3343 καρποφο-

204 3356 319 3424 pia;
421 3351 740 3405 λανθάνοντα
855 3354 1211 3419 συναύξονται,
1313 3360 1428 3408 τότε
1530 3356 1642 3430 (24)
1749 3357 1809 3411 δὲ

207 3436 672 3513 διαγινώσκονταιο
717 3441 878 3503 οὕτως
927 3444 1030 3515 ἄρα
1079 3448 1169 3496 καὶ
1222 3446 1272 3495 οἰ
1325 3446 1595 3517 αἱρετικοὶ,
1644 3450 1809 3521 μέχρι

199 3533 286 3600 μὲν
353 3537 452 3581 τοῦ
526 3526 824 3598 διδάσκειν,
881 3530 1213 3592 λανθάτοντες
1267 3529 1668 3605 συνδιάγουσιν,
1726 3536 1808 3588 ὅτε

203 3615 259 3670 δε
335 3620 461 3686 (25)
525 3618 717 3677 πολλὴν
773 3618 972 3671 λάϐωσι
1024 3619 1343 3695 παρρησίαν,
1415 3641 1529 3675 τοτε
1583 3628 1669 3676 τόν
1733 3624 1806 3677 ἰὸν

198 3705 463 3779 ἐκχέουσι
518 3711 607 3758 καὶ
673 3703 1129 3778 διαγινώσκονται.
1199 3712 1296 3762 Λιὸ
1370 3715 1460 3762 καὶ
1540 3709 1806 3786 προλαϐὼν

200 3794 362 3860 εἶπεν,
422 3793 506 3846 ὃτι
576 3794 704 3849 Ἀπὸ
789 3804 888 3848 τῶν
958 3806 1167 3869 καρπῶν
1237 3798 1403 3850 αὐτῶν
1458 3798 1807 3870 ἐπιγνώσεσθε

198 3886 416 3944 αὐτούς.
456 3887 558 3935 Καὶ
604 3882 784 3958 ἑτέρως
827 3880 904 3937 δέ’
952 3887 1034 3937 ὅτε
1069 3888 1158 3957 μὲν
1208 3887 1437 3961 ἔσπειρεν
1485 3889 1510 3939 ὁ
1554 3892 1803 3961 Χριστὸς,

196 3974 290 4026 οὐκ
338 3972 605 4045 ἐφάνησαν
654 3975 925 4046 αἱρετικοίο
977 3975 1056 4026 ὅτε
1100 3970 1158 4027 δὲ
1207 3974 1511 4039 ηὐξήθησαν
1561 3979 1610 4029 οἱ
1654 3977 1808 4052 ὀρθό-

198 4059 371 4132 δοξοι,
406 4065 525 4113 τότε
555 4059 899 4133 ἀνεφάνησαν.

266 4150 655 4226 Προσελθόντες
759 4182 828 4190 —
914 4150 1173 4217 ζιζάνια;
1228 4149 1623 4216 Οἰκοδεσπὸτὴς
1715 4158 1803 4227 μέν

197 4240 341 4293 ἐστιν
392 4239 571 4303 αὐτὸς,
621 4241 690 4301 ὡς
740 4246 831 4291 τοῦ
885 4244 1085 4312 κόσμου
1139 4245 1424 4301 Δεσπότης.
1481 4238 1699 4305 δούλους
1746 4240 1805 4295 δὲ

199 4331 388 4389 αὐτοὺς
419 4335 587 4379 ταῦτα
632 4327 873 4397 Μγοντας
918 4328 1149 4394 πλάττει,
1200 4334 1321 4390 τοὺς
1374 4332 1705 4405 θερμοτέρους
1734 4332 1805 4393 εἰς

1929 1854 2015 1906 est
2046 1863 2214 1905 urere
2238 1846 2332 1903 vel
2372 1846 2685 1912 suffocare,
2723 1845 3020 1902 secundas
3056 1846 3401 1917 aggreditur
3438 1848 3581 1905 insi-

1926 1937 2079 2002 dias,
2100 1941 2157 1993 et
2184 1941 2475 2009 tanquam
2500 1935 2628 2007 ejus
2655 1933 2760 2007 qui
2793 1934 3102 1991 seminavit
3137 1935 3432 2004 inimicus,
3487 1938 3582 1994 ni-

1925 2026 2063 2085 titur
2088 2025 2225 2082 ilius
2262 2024 2531 2081 laborem
2561 2022 2850 2097 perdere:
2887 2022 3438 2099 dormientibusque
3475 2026 3581 2084 ho-

1925 2114 2188 2179 minibus,
2220 2114 2343 2169 sive
2370 2127 2578 2169 curam
2625 2111 2783 2168 circa
2808 2111 2938 2182 agri
2996 2113 3333 2170 custodiam
3379 2115 3577 2174 remit-

1922 2203 2180 2261 tentibus
2210 2202 2452 2275 (indicat
2481 2208 2678 2257 autem
2727 2206 3118 2274 praeceptores
3147 2206 3205 2258 et
3232 2203 3573 2274 magistros,

1920 2292 2027 2365 qui
2056 2291 2527 2349 orthodoxorum
2559 2294 2701 2345 sunt
2725 2290 3025 2363 custodes)
3063 2290 3470 2348 interseminal
3496 2292 3577 2349 zi-

1921 2381 2114 2448 zania,
2147 2381 2261 2437 hoc
2308 2384 2399 2437 est
2438 2379 2745 2436 haereticos
2792 2378 2945 2435 inter
2977 2378 3342 2436 orthodoxos
3375 2396 3390 2436 :
3434 2395 3576 2439 nam

1919 2471 2033 2528 hos
2063 2469 2324 2528 triticum
2352 2468 2698 2534 nominavit,
2730 2471 3021 2542 tanquam
3046 2468 3100 2526 ei
3128 2467 3232 2541 qui
3259 2468 3576 2528 seminavit

1920 2558 2108 2616 utiles.

1994 2649 2156 2703 Vers.
2184 2647 2272 2702 26.
2315 2648 2461 2703 Cum
2489 2676 2559 2686 —
2588 2644 2843 2702 zizania.
2876 2644 3401 2713 Quemadmodum
3430 2646 3571 2706 ziza-

1920 2736 2023 2793 nia
2088 2736 2276 2792 tritico
2332 2734 2549 2791 similia
2622 2738 2754 2790 sunt
2811 2734 2872 2790 in
2928 2735 3233 2804 arundine,
3259 2735 3575 2795 dissimilia

1920 2840 2061 2881 vero
2086 2824 2145 2880 in
2167 2823 2382 2887 fructu,
2430 2822 2604 2895 eique
2635 2822 2842 2879 nociva
2870 2826 3008 2880 sunt
3035 2841 3047 2879 :
3108 2824 3189 2880 ita
3217 2827 3275 2879 et
3311 2824 3573 2881 hmretici

1920 2912 2268 2970 orthodoxis
2299 2916 2438 2967 sunt
2485 2910 2708 2967 similes
2742 2910 2976 2979 habitu,
3010 2911 3116 2968 sed
3148 2912 3357 2968 virtute
3393 2912 3573 2969 dissi-

1921 3001 2109 3069 miles,
2130 3017 2266 3074 qute
2283 3004 2371 3056 est
2392 3000 2613 3056 fructus
2641 3018 2654 3068 ;
2674 2998 2864 3055 virtus
2889 3004 3091 3056 autem
3113 3004 3171 3056 et
3189 3000 3419 3074 primus
3444 3016 3571 3059 om-

1848 3090 2087 3173 cnium
2113 3089 2336 3146 fructus
2366 3092 2473 3154 est,
2508 3087 2860 3157 dogmatum
2886 3089 3120 3144 veritas.

1990 3268 2057 3322 Et
2092 3261 2601 3337 quemadmodum
2651 3262 2875 3320 zizania
2910 3278 3103 3335 usque
3143 3250 3568 3322 ad‘fructiﬁca-

1917 3355 2140 3411 tionem
2170 3351 2461 3409 occultata
2496 3340 2786 3415 crescunt,
2811 3354 2951 3406 tunc
2980 3354 3181 3407 autem
3214 3350 3572 3421 dignoscun-

1916 3447 2029 3512 tur,
2086 3441 2169 3497 ita
2228 3454 2368 3495 sane
2411 3442 2469 3494 et
2506 3437 2765 3493 haeretici
2816 3452 3127 3510 quousque
3174 3437 3431 3495 doceant
3466 3438 3563 3513 (ο),

1914 3530 2161 3588 latentes
2183 3532 2535 3602 permanent
2564 3544 2581 3582 :
2609 3526 2711 3582 ubi
2740 3541 2875 3583 vero
2903 3540 3195 3597 magnam
3235 3541 3569 3601 assumpse-

1914 3620 2031 3677 rint
2056 3618 2358 3687 ﬁduciam,
2388 3621 2529 3673 tunc
2560 3630 2859 3673 venenum
2884 3614 3201 3673 eﬂundunt
3225 3631 3295 3673 ac
3328 3615 3570 3687 dignos-

1916 3713 2148 3765 cuntur.
2207 3706 2348 3763 Ideo
2406 3721 2648 3779 quoque
2706 3703 2765 3760 in
2814 3704 3284 3776 prmcedentibus
3308 3705 3563 3763 dixitzA

1909 3797 2195 3869 fructibus
2212 3812 2407 3854 eorum
2424 3794 2771 3867 cognoscetis
2797 3810 2887 3851 eos
2915 3795 2984 3853 ¹⁰.
3003 3794 3293 3853 Praeterea
3307 3799 3364 3853 et
3378 3795 3564 3862 aliter,

1914 3887 2161 3961 quando
2192 3885 2506 3943 seminavit
2535 3885 2819 3952 Christus,
2847 3889 2988 3942 tunc
3012 3899 3137 3942 non
3158 3889 3571 3958 apparuerunt

1912 3976 2214 4047 haeretici;
2265 3991 2403 4031 cum
2448 3978 2650 4031 autem
2695 3974 3014 4031 crevissent
3058 3974 3398 4044 orthodoxi,
3425 3979 3568 4032 tunc

1914 4064 2305 4121 demonstrati
2344 4066 2505 4120 sunt.

1986 4154 2156 4209 Vers.
2194 4157 2281 4206 27.
2313 4151 2658 4208 Accedentes
2684 4179 2754 4190 -—
2793 4150 3013 4205 zizania
3041 4149 3069 4204 ?
3111 4148 3566 4207 Paterfamillias

1913 4242 2039 4314 ipse
2058 4245 2150 4297 est
2180 4239 2447 4295 Christus
2471 4242 2764 4309 tanquam
2779 4236 2989 4292 mundi
3004 4236 3295 4291 Dominus
3323 4251 3335 4290 :
3361 4250 3567 4293 servos

1914 4345 2055 4387 vero
2095 4343 2232 4383 suos
2262 4326 2362 4399 qui
2391 4326 2517 4381 haec
2542 4326 2745 4381 dicant
2770 4322 2995 4394 efﬁngit
3049 4321 3437 4391 orthodoxos,
3460 4323 3567 4396 qui

198 4422 281 4470 τὸν
342 4418 474 4488 ὑπὲρ
545 4415 776 4477 εὐσεϐίας
852 4415 1004 4477 ζῆλον
1060 4415 1391 4491 ὀρθοδόξους,
1457 4419 1506 4470 οἱ
1560 4419 1806 4482 πολλάκις

1934 4416 2325 4475 'erventiorem
2348 4429 2491 4484 erga
2517 4413 2743 4470 cultum
2773 4429 2951 4469 suum
2981 4412 3195 4483 gerunt
3213 4410 3427 4478 zelum,
3458 4411 3565 4484 qui

198 4506 614 4579 ἀγανακτοῦντες
662 4505 1050 4578 ἑξαποροῦνται,
1100 4514 1211 4567 πῶς
1258 4508 1283 4558 ὁ
1327 4510 1450 4567 Θεὸς
1496 4516 1806 4583 παραχωρεῖ

200 4603 421 4647 τοιαῦτα
454 4596 674 4666 φύεσθαι
697 4593 924 4656 ζιζάνια.

269 4684 329 4736 '0
409 4679 470 4735 δὲ
554 4713 613 4722 -
693 4681 951 4740 ἐποίησεν.
1028 4681 1327 4758 ’Ἄνθρωπον
1402 4683 1657 4755 ὠνόμασε,
1721 4684 1803 4737 τὸν

204 4770 471 4839 διάϐολον,
528 4774 596 4834 ὡς
645 4767 796 4824 οὐδὲν
851 4770 1122 4845 ἀνθρώπου
1174 4768 1505 4847 διαφέροντα,
1559 4775 1693 4825 κατὰ
1743 4776 1801 4826 τὸ

272 4895 524 4969 Philipp.
557 4894 626 4963 11,
654 4899 708 4950 7.
786 4894 835 4931 ¹ο
861 4893 1058 4952 Matth.
1089 4894 1216 4962 v11,
1251 4899 1335 4951 ie.

1894 4506 2251 4579 frequenter
2311 4505 2688 4561 admirantur
2730 4519 2869 4560 cum
2919 4500 3350 4573 indignatione,
3393 4501 3563 4575 quod

1916 4600 2069 4653 Deus
2100 4592 2321 4650 zizania
2350 4592 2515 4649 nasci
2545 4592 2867 4665 permittat.

1984 4687 2142 4740 Vers.
2197 4682 2285 4740 28.
2333 4683 2443 4740 Ille
2493 4689 2687 4740 autem
2744 4712 2813 4723 —-
2847 4681 2993 4752 fecit
3050 4679 3362 4737 Hominem
3414 4681 3563 4739 dixit

1913 4772 2225 4830 diabolum
2246 4776 2537 4845 tanquam
2551 4770 2694 4828 nihil
2707 4770 2785 4829 ab
2803 4769 3152 4828 hominibus
3165 4768 3557 4839 ditferentem,

1448 5019 1669 5088 Variae
1697 5020 2021 5089 lectiones
2051 5026 2119 5088 et
2155 5026 2354 5088 notae.

453 5220 561 5276 Τῆς
608 5212 866 5295 φυλακῆς.
918 5212 987 5267 Α.
1040 5215 1407 5294 Αφροντιστεῖν
1452 5209 1802 5340 plerumque

268 5295 463 5340 nmtur
487 5291 763 5340 genitivo.
791 5298 916 5339 sme
940 5288 1377 5340 praenosltione.
1394 5284 1476 5340 Ita
1499 5283 1663 5340 anud
1737 5299 1802 5340 e-

192 5283 463 5359 jungitur
487 5283 763 5356 genitivo,
791 5284 916 5359 sine
940 5283 1377 5356 praepositione.
1394 5284 1476 5340 Ita
1499 5283 1663 5357 apud
1694 5283 1802 5340 Xe-

197 5358 381 5502 nogih.
421 5359 704 5485 Symagos,
728 5370 849 5425 vni,
872 5358 962 5412 33.

287 5431 379 5501 23)
407 5436 516 5483 Ουν
626 5430 714 5484 est
735 5427 803 5481 Α.

407 5427 516 5483 Οὗν
543 5427 714 5485 abest
735 5427 803 5481 Α.

2005 5213 2095 5284 24)
2120 5216 2246 5267 Τότε
2272 5209 2331 5266 δε
2370 5209 2807 5285 διαγινώσκονται
2829 5213 3046 5285 absunt
3069 5214 3137 5285 Α.

2005 5214 2095 5284 24)
2120 5216 2246 5267 Τότε
2272 5214 2331 5266 δε
2370 5214 2805 5285 διαγινώσκονται
2829 5214 3046 5273 absunt
3069 5214 3137 5270 Α.

1908 5214 2233 5414 λάὲἰῖέιξίαί
2263 5300 2367 5358 PPO
2413 5280 2474 5338 δέ
2496 5284 2564 5341 Α.
2613 5284 2743 5344 Mox
2794 5284 2956 5344 idem
3002 5284 3240 5353 λάϐοντες
3294 5286 3424 5361 (sic)
3448 5301 3553 5362 pro

265 5580 685 5655 (excitamque
705 5575 980 5638 doceant.
1017 5574 1323 5634 Sententia
1346 5579 1453 5634 est.
1485 5580 1803 5650 antequam
1832 5575 2106 5635 doceant.
