4176 6462
562 342 670 403 407

1897 346 2233 405 EUTHYMII
2269 345 2603 404 ZIGABENI

3812 351 3954 410 408

562 471 625 528 in
652 485 723 528 eo
742 467 907 543 quod
935 470 1022 527 est
1054 467 1473 528 affectionibus
1498 484 1570 526 ac
1611 469 2021 544 voluptatibus
2073 488 2205 529 esse

2323 473 2545 545 ἐμπαθὲς
2596 472 2685 524 καί
2754 468 3046 544 φιλήδονον,
3128 477 3217 527 καὶ
3274 475 3339 533 ὡς
3397 473 3508 545 (26)
3574 474 3762 537 ἕπὶσης
3832 476 3949 529 ἂν..

565 559 926 632 subjectum,
959 563 1016 616 et
1056 562 1344 631 tanquam
1379 574 1549 632 teque
1578 563 1643 615 ut
1670 559 1852 616 homo
1881 576 1977 617 res
2009 576 2208 619 aman-

560 653 681 705 tem
720 662 1056 720 corporeas,
1096 649 1458 719 terrenisque
1479 648 1807 705 admistum
1846 666 2000 707 esse.

631 736 800 793 Vers.
825 735 911 791 28.
939 737 1024 792 At
1050 738 1207 793 servi
1238 767 1308 778 —
1350 751 1415 794 ea
1442 738 1470 793 τ
1513 736 1896 810 Colligamus,
1930 738 2214 796 violenter

561 825 898 894 evellentes,
924 841 995 882 ac
1026 826 1241 895 gladiis
1271 825 1665 883 demittentes.

630 917 797 972 Vers.
832 917 922 971 29.
951 915 1062 972 Ille
1094 920 1291 972 autem
1316 945 1383 956 —
1415 914 1699 972 triticum.
1762 916 2071 974 Prohibuit
2108 932 2213 974 au-

559 1002 695 1059 ferri
736 1003 1067 1070 haereticos,
1110 1018 1184 1060 ne
1240 1003 1419 1060 etiam
1467 1002 1689 1075 pariter
1737 1005 2055 1061 orthodoxi
2104 1022 2213 1062 au-

561 1091 876 1150 ferrentur.
906 1093 1189 1149 Futurum
1219 1093 1379 1150 enim
1416 1097 1542 1150 erat
1567 1098 1629 1150 ut
1655 1093 1815 1152 bella
1845 1095 2102 1152 invicem
2138 1110 2212 1154 ac

562 1181 754 1239 caedes
782 1181 1095 1238 orirentur.

633 1269 797 1326 Vers.
824 1269 915 1326 30.
963 1268 1154 1327 Sinite
1181 1300 1249 1314 -
1291 1285 1547 1327 messem.
1605 1273 1967 1344 Uutrumque
2000 1288 2206 1344 genus.

562 1361 814 1416 Messcm
838 1362 1038 1415 autem
1062 1358 1209 1416 dicit
1241 1359 1454 1415 mundi
1484 1360 2087 1416 consummationem.
2114 1362 2212 1417 Ju-

559 1448 662 1505 bet
672 1462 814 1518 ergo
838 1451 906 1503 ut
928 1447 1229 1519 utriusque
1246 1447 1476 1519 generis
1486 1447 1762 1503 homines
1791 1448 1990 1504 sinant
2015 1448 2211 1505 vivere

562 1538 910 1605 crescentes,
949 1540 1281 1609 auctosque
1334 1551 1586 1592 numero
1638 1536 1701 1591 in
1755 1537 1982 1593 mundo
2022 1554 2209 1609 usque

561 1625 641 1684 ad
692 1625 1297 1683 consummationem.
1363 1624 1692 1681 Verisimile
1754 1625 2049 1698 siquidem
2099 1631 2206 1693 est,

562 1716 699 1772 ante
726 1714 788 1770 id
827 1717 1066 1787 tempus
1122 1713 1344 1771 multos
1390 1713 1820 1771 convertendos
1860 1714 2206 1771 haereticos:

2321 564 2509 634 θρώπῳ
2566 560 3044 633 φιλοσωματοῦντα,
3105 566 3194 614 καὶ
3254 568 3362 624 τοῖς
3399 565 3601 633 γηῖνοις
3665 562 3949 639 ἀναφυρό-

2319 669 2487 722 μενον.

2393 741 2459 791 Οἱ
2513 735 2572 791 δὲ
2623 735 2803 791 δοῦλοι
2864 770 2933 779 -
2979 738 3110 791 αὑτά
3155 756 3169 805 ;
3214 738 3536 812 Συλλέξομεν,
3594 739 3946 807 ἀνασπῶντες

2322 825 2531 901 βιαίως,
2565 831 2655 879 καὶ
2686 827 2886 899 ξίφεσιν
2913 826 3255 901 ἕκθερίζοντες
3285 828 3419 899 (27).

2393 915 2449 967 0'
2506 912 2565 968 δὲ
2636 946 2705 955 —
2792 922 2955 970 σῖτον,
3036 916 3318 970 Ἐκὼλυσεν
3393 917 3722 991 ἀναιρεῖσθαι
3804 926 3944 984 τοὺς

2321 1006 2633 1077 αἱρετικούς,
2702 1000 2795 1056 διὰ
2857 1006 2917 1056 τό
2992 1009 3065 1077 μὴ
3138 1009 3563 1081 συναναιρεῐσθαι
3640 1013 3730 1061 καὶ
3802 1015 3941 1073 τοὺς

2321 1088 2655 1165 ὀρθοδόξους.
2730 1091 2979 1164 Ἐμελλον
3046 1095 3147 1168 γὰρ
3212 1094 3427 1168 πόλεμοι
3495 1099 3733 1167 γίνεσθαι
3800 1117 3930 1153 κατ’

2322 1179 2545 1239 ἀλλήλων
2570 1185 2660 1233 καὶ
2683 1186 2900 1253 σφαγαί.

2390 1267 2576 1341 ’Ἅφετε
2626 1300 2695 1312 -
2752 1272 3023 1344 θερισμοῦ,
3091 1269 3379 1347 ’Δμφότερα
3435 1275 3502 1325 τὰ
3554 1277 3700 1344 γένη.
3758 1282 3921 1347 Θερι-

2323 1361 2453 1429 σμόν
2505 1355 2564 1410 δὲ
2613 1357 2768 1429 λέγει,
2823 1364 2915 1417 τὴν
2962 1367 3055 1412 τοῦ
3109 1364 3311 1433 κόσμου
3362 1360 3668 1415 συντέλειαν.
3717 1363 3924 1417 Κελεύει

2319 1443 2407 1497 οὖν
2457 1445 2541 1517 ἐᾲν
2598 1445 2861 1520 ἀμφότερα
2910 1450 2976 1499 τὰ
3025 1452 3145 1519 γένη
3208 1453 3322 1521 ζῇν,
3384 1449 3802 1524 συναυξανόμενα
3870 1451 3921 1505 ἐν

2317 1542 2390 1605 τῷ
2460 1540 2661 1607 κόσμῳ,
2721 1540 2884 1608 μέχρι
2950 1536 3258 1599 συντελείας·
3318 1537 3455 1599 εἰκὸς
3520 1541 3645 1613 γὰρ,
3703 1539 3922 1604 πολλοὺς

2318 1631 2416 1675 τῶν
2462 1626 2728 1698 αἱρπικών
2780 1625 2915 1699 ἄχρι
2959 1629 3073 1677 τότε
3116 1624 3542 1697 μεταϐληθῆναι·
3576 1626 3634 1678 οὗ
3683 1632 3785 1699 μὴν
3827 1625 3921 1681 διὰ

2317 1720 2470 1765 τοῦτο
2502 1714 2614 1783 (28)
2666 1716 3147 1785 συναναμίγνυσθαι
3196 1721 3300 1775 τοῖς
3343 1716 3637 1788 αἱρετικοῖς.
3673 1717 3918 1790 Εὐρύχω-

558 1819 672 1861 nec
696 1806 894 1861 tamen
923 1802 1003 1861 ob
1031 1803 1144 1860 hoc
1173 1801 1284 1859 illis
1331 1802 1708 1859 commisceri
1746 1806 1978 1875 oportet
2014 1804 2208 1873 :spati

2323 1819 2402 1875 ρος
2452 1805 2552 1876 γὰρ
2600 1803 2625 1853 ὀ
2674 1806 2889 1872 κόσμος,
2946 1806 3036 1853 καὶ
3097 1799 3179 1854 δεῖ
3234 1802 3347 1872 ('29)
3396 1803 3580 1864 αὐτοὺς
3628 1806 3746 1856 καθ’
3789 1804 3910 1856 ἐαυ-

560 1909 705 1951 osus
742 1893 901 1950 enim
940 1896 1026 1950 est
1054 1893 1151 1948 hic
1181 1891 1446 1948 mundus
1480 1909 1493 1947 :
1527 1895 1585 1948 et
1620 1891 1751 1948 illos
1787 1907 1895 1964 per
1920 1907 1982 1948 se
2012 1893 2209 1950 vivere

561 1985 814 2055 oportet,
845 1997 971 2038 non
1027 1981 1261 2037 ablatos
1282 1980 1363 2053 (p)
1410 1980 1680 2053 quidem,
1736 1981 1842 2037 sed
1880 1986 2205 2055 separatos,

560 2086 639 2128 ne
664 2070 939 2128 docendo
968 2073 1353 2142 corrumpant
1402 2069 1567 2141 quod
1596 2070 1956 2128 seminatum
1992 2075 2081 2128 est
2114 2072 2211 2128 tri-

563 2159 768 2216 ticum.

632 2250 791 2305 Vers.
842 2248 933 2303 30.
980 2247 1062 2303 Et
1084 2275 1155 2289 —
1178 2244 1532 2303 messoribus
1560 2248 1886 2304 :Messores
1912 2262 2077 2305 nunc
2103 2264 2213 2306 an-

563 2336 727 2409 gelos
755 2335 1044 2393 nominat.

632 2425 798 2482 Vers.
825 2424 912 2481 30.
939 2423 1204 2496 Colligite
1226 2452 1297 2464 —
1334 2423 1587 2481 zizania.
1645 2423 1838 2482 Metite
1869 2424 2020 2482 falce
2058 2441 2213 2483 mor-

561 2516 638 2574 tis
666 2515 909 2572 inventa
937 2516 1079 2570 tunc
1108 2513 1348 2570 zizania.
1392 2514 1585 2579 Quare
1640 2519 1841 2571 autem
1888 2515 2155 2588 primum
2182 2515 2212 2572 ‘l

560 2607 645 2662 Ne
710 2605 890 2661 etiam
940 2607 1082 2659 tunc
1128 2602 1389 2659 viventes
1458 2602 1776 2661 orthodoxi
1831 2604 2010 2661 simul
2074 2620 2212 2661 cum

560 2691 856 2750 haereticis
917 2691 1141 2749 mistim
1210 2690 1488 2759 demessi,
1560 2708 1816 2766 pravam
1867 2694 2214 2767 concipiunt

564 2797 757 2855 spem.

634 2870 797 2927 Vers.
824 2871 913 2925 30.
954 2869 1035 2926 Et
1073 2899 1142 2911 —
1186 2868 1525 2940 fasciculos.
1577 2871 1858 2943 Colligate
1910 2887 2012 2929 eos
2065 2870 2212 2927 invi-

564 2974 713 3017 cem.
747 2958 1019 3015 Ostendit
1042 2961 1241 3016 autem
1270 2974 1467 3017 sermo
1505 2960 1667 3033 quod
1710 2960 1774 3016 hi
1833 2960 1938 3033 qui
1989 2960 2051 3016 in
2110 2974 2210 3016 eo-

565 3049 707 3106 dem
748 3051 994 3121 peccato
1054 3049 1517 3117 communicant,
1559 3049 1740 3106 etiam
1791 3049 1853 3105 in
1922 3048 2210 3121 supplicio

566 3137 1050 3195 communicaturi
1095 3141 1233 3195 sunt
1277 3137 1512 3207 eodem,
1581 3136 1881 3211 simulque
1926 3137 2210 3195 ultionem
2243 3170 2288 3230 α

568 3226 971 3284 sustinebunt.

637 3317 791 3374 Vers.
839 3314 925 3372 30.
963 3315 1065 3372 Ad
1104 3344 1176 3358 —
1229 3330 1445 3373 meum.
1502 3314 1726 3373 Similia
1785 3330 2029 3389 quoque
2067 3317 2215 3389 Bap-

566 3404 701 3463 tista
759 3403 1108 3461 Sadducaais
1153 3420 1223 3461 ac
1303 3403 1614 3462 Pharisaeis
1660 3404 2062 3461 comminatus
2128 3407 2215 3462 est

566 3494 734 3551 tertio
764 3493 977 3567 capite,
1007 3493 1212 3550 dicens
1253 3493 1328 3550 de
1381 3492 1630 3560 Christo,
1690 3493 1858 3567 quod
1885 3494 2064 3551 etiam
2116 3493 2217 3549 tri-

569 3584 750 3640 ticum
777 3597 946 3639 suum
967 3583 1338 3654 congregabit
1355 3582 1419 3638 in
1441 3583 1720 3639 horreum
1750 3598 1943 3648 suum,
1981 3584 2215 3652 paleam

567 3677 760 3729 autem
814 3671 1104 3729 comburat
1151 3672 1291 3743 igne
1354 3670 1833 3740 inexstinguibili
1886 3673 1955 3725 ¹ο.
2012 3672 2218 3736 Quaare

569 3774 712 3831 ergo
747 3760 851 3826 ibi,
884 3764 942 3817 et
967 3761 1237 3818 invenies
1259 3758 1400 3831 quid
1429 3758 1689 3830 appellet
1717 3758 2217 3822 combustionem,

569 3849 719 3923 quid
768 3848 1073 3907 horreum.
1127 3846 1510 3921 Superﬂuum
1539 3846 1690 3901 enim
1739 3849 1847 3918 est,
1891 3846 2072 3903 semel
2115 3847 2218 3904 de-

570 3938 813 4003 clarata,
847 3954 1088 3996 rursum
1120 3936 1332 3994 eodem
1361 3934 1546 3991 modo
1576 3933 1960 4009 interpretari.

642 4120 805 4176 Vers.
836 4116 922 4173 31.
956 4114 1160 4172 Aliam
1205 4142 1276 4152 —
1303 4126 1429 4169 suo.
1481 4111 1524 4183 -ι-
1555 4110 1752 4169 Grano
1795 4112 2023 4187 sinapis
2070 4130 2222 4188 prue-

572 4207 932 4266 dicationem
981 4201 1375 4274 comparavit,
1430 4204 1489 4257 et
1516 4202 1595 4259 ob
1648 4217 1896 4275 pravam
1927 4218 2222 4277 apparen-

573 4296 740 4362 tiam,
767 4299 825 4352 et
849 4292 929 4349 ob
960 4290 1241 4347 vilitatem
1292 4289 1574 4347 dictionis
1605 4306 1710 4348 seu
1767 4292 2042 4364 phrasis:
2085 4309 2220 4367 quae

573 4386 636 4444 in
702 4386 930 4443 tantum
984 4380 1184 4445 crevit,
1241 4383 1307 4437 ut
1354 4379 1541 4437 Attica
1591 4395 1662 4437 ac
1700 4379 1991 4437 mirabilis
2020 4381 2097 4438 ad
2130 4380 2221 4439 ra-

572 4468 990 4532 tiocinandum
1021 4471 1354 4526 Graecorum
1391 4468 1791 4542 philosophia,
1827 4470 2120 4526 occultata
2150 4470 2223 4527 sit

574 4556 985 4631 magnitudine
1008 4557 1325 4632 Evangelii,
1367 4557 1529 4631 quod
1569 4558 1956 4615 rusticitatem
2004 4574 2127 4631 pris
2161 4574 2224 4617 se

577 4647 834 4706 ferebat.

647 4739 921 4807 Regnum
968 4733 1255 4793 caelorum
1281 4748 1443 4792 nunc
1490 4733 1630 4792 dicit
1677 4747 2016 4791 sermonem
2062 4732 2223 4804 ﬁdei,

652 4861 702 4899 ’⁸⁸
731 4862 907 4921 Marc.
936 4864 1020 4933 in,
1050 4859 1142 4919 21.

2250 4521 2297 4580 D

2317 1894 2438 1950 τοὺς
2509 1890 2626 1962 ζῇν,
2700 1894 2771 1961 μὴ
2850 1888 3250 1963 ἀναιρουμένους
3319 1894 3431 1963 μὶν,
3513 1890 3910 1965 ἀφαιρουμένους

2320 1975 2379 2031 δὲ
2408 1982 2467 2031 τὸ
2500 1976 2775 2032 διδάσκειν
2818 1983 2907 2031 καὶ
2957 1978 3300 2052 λυμαίνεσθαι
3342 1988 3414 2049 τῷ
3466 1985 3592 2055 σίτῳ
3635 1988 3725 2033 τοῦ
3768 1984 3914 2035 σπεί-

2318 2087 2517 2143 ραντος.

2394 2251 2493 2301 Καὶ
2550 2276 2618 2289 -
2667 2248 2946 2320 θερισταῖς.
3012 2248 3272 2321 Θεριστὰς
3330 2267 3418 2300 νυν
3475 2247 3717 2321 ὀνομάζει
3799 2250 3921 2311 τοὺς

2321 2333 2585 2407 ἀγγέλους.

2391 2424 2664 2488 Συλλέξατε
2706 2453 2774 2466 -
2819 2424 3049 2486 ζιζάνια.
3103 2428 3359 2497 Θερίσατε
3404 2432 3477 2495 τῷ
3526 2425 3641 2496 (30)
3683 2421 3922 2500 δρεπάνῳ

2319 2520 2411 2565 τοῦ
2458 2514 2678 2565 θανάτου
2724 2515 2790 2565 τὰ
2838 2515 3178 2589 εὑρισκόμενα
3219 2516 3332 2565 τότε
3380 2513 3610 2576 ζιζάνια.
3660 2517 3819 2567 Λιατί
3861 2509 3925 2566 δε

2318 2601 2699 2676 πρῶτονςἾνα
2767 2606 2838 2674 μὴ
2906 2606 2997 2653 καὶ
3056 2604 3106 2653 οἱ
3173 2601 3359 2662 ζῶντες
3414 2609 3703 2660 τηνικαῦτα
3769 2601 3922 2676 ὀρθό-

2322 2687 2485 2756 δοξοι,
2532 2692 3006 2765 συνεκθεριζόμενοι
3050 2696 3153 2750 τοῖς
3193 2692 3470 2764 αἱρετικοῑς
3515 2689 3723 2764 ἀναμὶξ,
3765 2710 3925 2749 πονη-

2318 2783 2416 2854 ρὰς
2440 2780 2643 2843 ἕξουσιν
2678 2775 2915 2841 ἐλπίδας.

2392 2873 2493 2922 Καὶ
2564 2899 2633 2908 -
2709 2864 2930 2941 δεσμάς.
3010 2865 3313 2926 Συνδήσατε
3396 2868 3587 2930 αὐτοὺς
3652 2867 3911 2929 ἀλλήλοις,

2320 2955 2584 3029 Ἐμφαίνει
2643 2952 2702 3010 δὲ
2756 2958 2782 3009 ὁ
2844 2956 3014 3029 λόγος,
3067 2958 3148 3009 ὅτι
3197 2959 3246 3009 οἱ
3318 2962 3550 3010 κοινωνοὶ
3600 2965 3693 3018 τῆς
3757 2956 3925 3019 αὐτῆς

2319 3045 2596 3120 ἁμαρτίας,
2627 3050 2858 3098 κοινωνοὶ
2889 3051 3089 3107 καὶτῆς
3121 3045 3285 3107 αὐτῆς
3308 3045 3564 3109 κολάσεως
3593 3050 3919 3118 γενήσονται,

2319 3139 2409 3187 καὶ
2436 3135 2568 3207 ὁμοῦ
2598 3138 2691 3193 τὴν
2713 3138 2967 3207 τιμωρίαν
2994 3134 3257 3207 ὑφέξουσι.

2395 3313 2533 3387 Πρὸς
2587 3342 2656 3351 -
2703 3330 2824 3383 μου.
2883 3314 2962 3364 Τὰ
3006 3309 3351 3385 παραπλήσια
3400 3315 3490 3364 καὶ⁵
3541 3313 3568 3364 ὁ
3627 3316 3925 3374 Βαπτιστής

2325 3400 2575 3460 ἠπείλησε
2629 3407 2739 3460 τοῖς
2791 3397 3170 3460 Σαδδουκαίοις
3225 3404 3314 3452 καὶ
3369 3405 3699 3474 Φαρισαίοις,
3754 3401 3805 3453 ἐν
3852 3409 3925 3472 τῷ

2323 3493 2480 3564 τρίτῳ
2558 3487 2836 3560 κεφαλαίῳ,
2903 3488 3057 3540 εἰπὼν
3140 3492 3257 3561 περὶ
3331 3495 3422 3540 τοῦ
3488 3496 3747 3561 Χριστοῦ,
3828 3493 3928 3543 Καὶ

2330 3577 2536 3639 συνάξει
2605 3581 2690 3629 τὸν
2763 3584 2907 3629 σῖτον
2981 3577 3141 3629 αὐτοῦ
3210 3576 3283 3638 εἰς
3336 3582 3429 3635 τὴν
3506 3578 3797 3644 ἀποθήκην,
3866 3580 3925 3628 τὸ

2330 3663 2388 3719 δὲ
2483 3668 2685 3739 ἄχυρον
2778 3668 3099 3718 κατακαύσει
3197 3670 3325 3738 πυρὶ
3465 3664 3719 3735 ἀσϐέστῳ.
3824 3668 3924 3716 Καὶ

2330 3754 2562 3815 ζήτησον
2639 3755 2689 3806 ἐν
2767 3752 2958 3825 ἐκείνῳ,
3032 3757 3121 3806 καὶ
3195 3755 3445 3827 εὑρήσεις,
3514 3758 3565 3804 τί
3628 3754 3717 3824 μὲν
3787 3750 3922 3821 λέγει

2328 3845 2676 3911 κατάκαυσιν,
2774 3847 2825 3894 τί
2935 3838 2994 3894 δε
3093 3840 3381 3901 ἀποθήκην.
3486 3843 3725 3914 Περιττόν
3819 3841 3920 3912 γὰρ

2328 3934 2395 3984 τὰ
2479 3931 2619 3994 ἂπαξ
2724 3931 3095 4005 ἐρμηνευθέντα
3177 3930 3328 3983 πάλιν
3418 3933 3611 4003 ὁμοίως
3706 3927 3926 4003 ἕφερμη-

2328 4024 2508 4075 νεύειν.

2400 4109 2598 4181 Ἀλγην
2649 4140 2717 4148 -
2775 4108 2953 4164 αὐτοῦ.
3009 4108 3218 4181 [Κόκκῳ
3277 4108 3389 4179 (31)
3448 4127 3698 4168 σιναπεως
3752 4112 3926 4182 παρεί⁹

2330 4218 2460 4252 κασε
2514 4202 2572 4250 τὸ
2625 4203 2886 4271 κήρυγμα,
2935 4202 3024 4249 καὶ
3077 4194 3171 4250 διὰ
3229 4202 3285 4250 τὸ
3319 4200 3667 4271 μικροπρεπὲς
3711 4202 3800 4249 καὶ
3851 4196 3929 4249 εὖ-

2331 4287 2463 4347 τελες
2517 4295 2616 4338 τῶν
2679 4286 2874 4350 λέξεων,
2949 4287 2974 4337 ὅ
3044 4293 3290 4338 τοσοῦτον
3358 4285 3586 4351 ηὐξήθη,
3654 4284 3790 4338 ὥστε
3833 4289 3930 4343 τὴν

2332 4374 2703 4436 ἀττικίζουσαν
2759 4378 2847 4427 καὶ
2906 4372 3079 4432 δεινὴν
3132 4374 3534 4445 συλλογίζεσθαι
3593 4378 3776 4445 σοφίαν
3832 4382 3932 4426 τῶν

2328 4462 2576 4521 Ἑλλήνων
2623 4461 2981 4537 ἀποκρυϐῆναι
3017 4470 3090 4533 τῷ
3118 4464 3320 4535 μεγέθει
3361 4469 3453 4514 τοῦ
3503 4460 3933 4536 ἁγροικιζομένου

2333 4551 2695 4625 Εὐαγγελίου.]

2406 4729 2677 4783 Βασιλείαν
2732 4726 2791 4782 δὲ
2846 4737 2945 4782 τῶν
3002 4728 3230 4804 οὐρανῶν
3284 4727 3418 4800 λέγει
3476 4735 3580 4794 νῦν,
3639 4730 3726 4780 τὸν
3783 4727 3935 4798 λόγον

1800 4984 2022 5055 Variae
2058 4984 2389 5054 lectiones
2428 4992 2493 5051 et
2531 4989 2734 5049 notae.

678 5132 767 5193 26)
806 5137 882 5193 Ως
904 5133 997 5184 καί
1026 5132 1088 5187 Β.

678 5135 743 5188 26
806 5137 882 5193 Ως
904 5133 997 5184 καί
1026 5132 1088 5187 Β.

677 5130 772 5342 27)
796 5202 1180 5286 Καθαρίζοντες
1207 5200 1280 5256 Α.

680 5275 747 5330 28
810 5279 926 5342 Χρή
966 5272 1133 5330 addit
1186 5274 1252 5327 A.

2408 5126 2523 5199 (30)
2582 5128 2837 5197 Θερίσατε
2882 5130 3089 5199 πρῶτον
3147 5130 3238 5199 του
3308 5122 3529 5199 θανοίτου
3582 5128 3653 5199 τῷ
3698 5116 3938 5199 δρεπάνῳ

2334 5193 2428 5251 τά.’
2446 5193 2513 5253 ΑΖ
2544 5193 2752 5269 Πρῶτον
2771 5193 3150 5269 probandum
3175 5196 3233 5269 et_
3254 5197 3495 5266 propter
3514 5193 3942 5249 textum‘Evan-

680 5266 772 5353 28)
802 5266 1133 5353 limi-addit
1186 5274 1252 5353 ᾼ.
1298 5271 1383 5353 Ita
1437 5284 1679 5353 quoque
1736 5270 2075 5353 Hent‘en‘ius,
2124 5270 2230 5344 qui
2337 5269 2572 5353 gelii,‘et
2590 5266 2846 5353 propter
2869 5266 3439 5353 interpretationem.

586 5342 810 5417 oportet
834 5342 1037 5402 habet.
1068 5343 1224 5417 Licet
1247 5342 1800 5415 autem’inte’lligere
1826 5342 2036 5398 κελεύει.

658 5417 770 5491 (29)
796 5423 969 5471 Δείται
996 5419 1044 5471 Α
1073 5414 1249 5473 male.

2390 5338 2522 5412 “(31)
2548 5336 2783 5395 Inclusa
2812 5340 2869 5393 in
2899 5336 3090 5407 marg.
3124 5336 3307 5394 habet
3336 5336 3401 5392 A.

658 5569 744 5643 (ρ)
765 5570 905 5653 Νοῃ.
927 5569 1174 5653 ablatos,
1207 5569 1318 5651 etc.
1349 5569 1433 5653 Ita
1460 5566 1728 5641 quidem,
1761 5570 1825 5625 ut
1873 5581 1997 5625 non
2037 5564 2486 5653 interﬁciantur,
2518 5561 2624 5620 sed
2660 5561 3068 5645 utpriventur
3111 5560 3385 5621 facultate
3441 5557 3697 5617 docendi
3723 5558 3779 5614 et
3807 5571 3943 5613 cor-

589 5638 909 5719 rumpendi
947 5640 1119 5704 tritici
1150 5638 1447 5700 seminati.
