  <div class='ocr_page' id='page_1' title='image "/cluster/home/n/w/nwhite01/storage/ocr_20150623/129/hvd.32044019208511/228.png"; bbox 0 0 4176 6418; ppageno 0'>
   <div class='ocr_carea' id='block_1_1' title="bbox 230 352 339 410">
    <p class='ocr_par' dir='ltr' id='par_1_1' title="bbox 230 352 339 410">
     <span class='ocr_line' id='line_1_1' title="bbox 230 352 339 410; baseline -0.009 0"><span class='ocrx_word' id='word_1_1' title='bbox 230 352 339 410; x_wconf 69' lang='lat'>409</span> 
     </span>
    </p>
   </div>
   <div class='ocr_carea' id='block_1_2' title="bbox 225 482 620 545">
    <p class='ocr_par' dir='ltr' id='par_1_2' title="bbox 225 482 620 545">
     <span class='ocr_line' id='line_1_2' title="bbox 225 482 620 545; baseline -0.005 -14"><span class='ocrx_word' id='word_1_2' title='bbox 225 487 319 539; x_wconf 75' lang='grc' dir='ltr'>τῆς</span> <span class='ocrx_word' id='word_1_3' title='bbox 374 482 620 545; x_wconf 88' lang='grc' dir='ltr'>πίστεως,</span> 
     </span>
    </p>
   </div>
   <div class='ocr_carea' id='block_1_3' title="bbox 556 566 1822 638">
    <p class='ocr_par' dir='ltr' id='par_1_3' title="bbox 556 566 1822 638">
     <span class='ocr_line' id='line_1_3' title="bbox 556 566 1822 638; baseline -0.002 -18"><span class='ocrx_word' id='word_1_4' title='bbox 556 567 846 632; x_wconf 81' lang='grc' dir='ltr'>Ἀπεικάζει</span> <span class='ocrx_word' id='word_1_5' title='bbox 930 566 988 622; x_wconf 77' lang='grc' dir='ltr'>δε</span> <span class='ocrx_word' id='word_1_6' title='bbox 1067 570 1220 622; x_wconf 69' lang='grc' dir='ltr'>αὑτὸν</span> <span class='ocrx_word' id='word_1_7' title='bbox 1302 573 1473 638; x_wconf 85' lang='grc' dir='ltr'>κόκκῳ</span> <span class='ocrx_word' id='word_1_8' title='bbox 1551 569 1822 634; x_wconf 77' lang='grc' dir='ltr'>σινάπεως,</span> 
     </span>
    </p>
   </div>
   <div class='ocr_carea' id='block_1_4' title="bbox 229 653 1821 732">
    <p class='ocr_par' dir='ltr' id='par_1_4' title="bbox 229 653 1821 732">
     <span class='ocr_line' id='line_1_4' title="bbox 229 653 1821 732; baseline -0.001 -24"><span class='ocrx_word' id='word_1_9' title='bbox 229 653 363 708; x_wconf 83' lang='grc' dir='ltr'>διότι</span> <span class='ocrx_word' id='word_1_10' title='bbox 421 655 635 728; x_wconf 84' lang='grc' dir='ltr'>βραχύς</span> <span class='ocrx_word' id='word_1_11' title='bbox 687 661 777 729; x_wconf 72' lang='grc' dir='ltr'>μὲν</span> <span class='ocrx_word' id='word_1_12' title='bbox 850 663 940 710; x_wconf 79' lang='grc' dir='ltr'>καὶ</span> <span class='ocrx_word' id='word_1_13' title='bbox 990 658 1362 732; x_wconf 67' lang='grc' dir='ltr'>εὐπερίγραφος</span> <span class='ocrx_word' id='word_1_14' title='bbox 1420 660 1701 729; x_wconf 78' lang='grc' dir='ltr'>σπείρεται,</span> <span class='ocrx_word' id='word_1_15' title='bbox 1751 661 1821 727; x_wconf 85' lang='grc' dir='ltr'>μὴ</span> 
     </span>
    </p>
   </div>
   <div class='ocr_carea' id='block_1_5' title="bbox 229 741 1820 819">
    <p class='ocr_par' dir='ltr' id='par_1_5' title="bbox 229 741 1820 819">
     <span class='ocr_line' id='line_1_5' title="bbox 229 741 1820 819; baseline 0.001 -23"><span class='ocrx_word' id='word_1_16' title='bbox 229 741 526 816; x_wconf 72' lang='grc' dir='ltr'>δυναμένων</span> <span class='ocrx_word' id='word_1_17' title='bbox 576 754 674 796; x_wconf 90' lang='grc' dir='ltr'>τῶν</span> <span class='ocrx_word' id='word_1_18' title='bbox 729 749 972 818; x_wconf 82' lang='grc' dir='ltr'>μαθητῶν</span> <span class='ocrx_word' id='word_1_19' title='bbox 1027 746 1313 819; x_wconf 75' lang='grc' dir='ltr'>βαστάζειν</span> <span class='ocrx_word' id='word_1_20' title='bbox 1365 745 1412 797; x_wconf 86' lang='grc' dir='ltr'>ὲν</span> <span class='ocrx_word' id='word_1_21' title='bbox 1455 744 1596 817; x_wconf 69' lang='grc' dir='ltr'>ἀρχῇ</span> <span class='ocrx_word' id='word_1_22' title='bbox 1631 743 1820 797; x_wconf 86' lang='grc' dir='ltr'>πλεῖον.</span> 
     </span>
    </p>
   </div>
   <div class='ocr_carea' id='block_1_6' title="bbox 228 834 1824 907">
    <p class='ocr_par' dir='ltr' id='par_1_6' title="bbox 228 834 1824 907">
     <span class='ocr_line' id='line_1_6' title="bbox 228 834 1824 907; baseline -0.002 -22"><span class='ocrx_word' id='word_1_23' title='bbox 228 838 331 885; x_wconf 74' lang='grc' dir='ltr'>Καὶ</span> <span class='ocrx_word' id='word_1_24' title='bbox 386 836 486 907; x_wconf 82' lang='grc' dir='ltr'>γὰρ</span> <span class='ocrx_word' id='word_1_25' title='bbox 537 837 627 884; x_wconf 84' lang='grc' dir='ltr'>καὶ</span> <span class='ocrx_word' id='word_1_26' title='bbox 675 835 700 884; x_wconf 90' lang='grc' dir='ltr'>ό</span> <span class='ocrx_word' id='word_1_27' title='bbox 752 840 1016 907; x_wconf 82' lang='grc' dir='ltr'>προφήτης</span> <span class='ocrx_word' id='word_1_28' title='bbox 1067 835 1245 904; x_wconf 85' lang='grc' dir='ltr'>πάλαι,</span> <span class='ocrx_word' id='word_1_29' title='bbox 1295 834 1443 904; x_wconf 87' lang='grc' dir='ltr'>λόγον</span> <span class='ocrx_word' id='word_1_30' title='bbox 1475 835 1824 902; x_wconf 79' lang='grc' dir='ltr'>συντετμημέ-</span> 
     </span>
    </p>
   </div>
   <div class='ocr_carea' id='block_1_7' title="bbox 224 920 1822 996">
    <p class='ocr_par' dir='ltr' id='par_1_7' title="bbox 224 920 1822 996">
     <span class='ocr_line' id='line_1_7' title="bbox 224 920 1822 996; baseline -0.001 -25"><span class='ocrx_word' id='word_1_31' title='bbox 224 940 307 972; x_wconf 86' lang='grc' dir='ltr'>νον</span> <span class='ocrx_word' id='word_1_32' title='bbox 361 921 518 972; x_wconf 65' lang='grc' dir='ltr'>αὐτὸν</span> <span class='ocrx_word' id='word_1_33' title='bbox 576 921 830 974; x_wconf 82' lang='grc' dir='ltr'>ἐκάλεσεν.</span> <span class='ocrx_word' id='word_1_34' title='bbox 898 923 1058 975; x_wconf 84' lang='grc' dir='ltr'>Ὅταν</span> <span class='ocrx_word' id='word_1_35' title='bbox 1129 921 1189 975; x_wconf 71' lang='grc' dir='ltr'>δε</span> <span class='ocrx_word' id='word_1_36' title='bbox 1243 923 1558 996; x_wconf 86' lang='grc' dir='ltr'>γεωργηθεὶς</span> <span class='ocrx_word' id='word_1_37' title='bbox 1619 920 1822 990; x_wconf 66' lang='grc' dir='ltr'>αὐξήσῃ</span> 
     </span>
    </p>
   </div>
   <div class='ocr_carea' id='block_1_8' title="bbox 227 1006 1828 1082">
    <p class='ocr_par' dir='ltr' id='par_1_8' title="bbox 227 1006 1828 1082">
     <span class='ocr_line' id='line_1_8' title="bbox 227 1006 1828 1082; baseline -0.001 -23"><span class='ocrx_word' id='word_1_38' title='bbox 227 1016 336 1068; x_wconf 85' lang='grc' dir='ltr'>ταῖς</span> <span class='ocrx_word' id='word_1_39' title='bbox 428 1006 666 1081; x_wconf 79' lang='grc' dir='ltr'>ἀρδείαις</span> <span class='ocrx_word' id='word_1_40' title='bbox 751 1019 842 1062; x_wconf 83' lang='grc' dir='ltr'>τοῦ</span> <span class='ocrx_word' id='word_1_41' title='bbox 931 1013 1067 1064; x_wconf 85' lang='grc' dir='ltr'>θείου</span> <span class='ocrx_word' id='word_1_42' title='bbox 1141 1013 1455 1082; x_wconf 89' lang='grc' dir='ltr'>Πνεύματος,</span> <span class='ocrx_word' id='word_1_43' title='bbox 1527 1007 1828 1081; x_wconf 79' lang='grc' dir='ltr'>ὑπερϐάλλει</span> 
     </span>
    </p>
   </div>
   <div class='ocr_carea' id='block_1_9' title="bbox 230 1097 1825 1172">
    <p class='ocr_par' dir='ltr' id='par_1_9' title="bbox 230 1097 1825 1172">
     <span class='ocr_line' id='line_1_9' title="bbox 230 1097 1825 1172; baseline -0.001 -23"><span class='ocrx_word' id='word_1_44' title='bbox 230 1099 392 1149; x_wconf 75' lang='grc' dir='ltr'>πάντα</span> <span class='ocrx_word' id='word_1_45' title='bbox 450 1097 622 1168; x_wconf 85' lang='grc' dir='ltr'>λόγον,</span> <span class='ocrx_word' id='word_1_46' title='bbox 695 1104 782 1150; x_wconf 80' lang='grc' dir='ltr'>καὶ</span> <span class='ocrx_word' id='word_1_47' title='bbox 846 1097 1157 1172; x_wconf 73' lang='grc' dir='ltr'>ὑψηλότερος</span> <span class='ocrx_word' id='word_1_48' title='bbox 1235 1099 1359 1151; x_wconf 87' lang='grc' dir='ltr'>ὅλων</span> <span class='ocrx_word' id='word_1_49' title='bbox 1395 1098 1508 1168; x_wconf 81' lang='lat'>(3&#39;2)</span> <span class='ocrx_word' id='word_1_50' title='bbox 1576 1101 1825 1168; x_wconf 88' lang='grc' dir='ltr'>φαίνεται.</span> 
     </span>
    </p>
   </div>
   <div class='ocr_carea' id='block_1_10' title="bbox 225 1182 1832 1261">
    <p class='ocr_par' dir='ltr' id='par_1_10' title="bbox 225 1182 1832 1261">
     <span class='ocr_line' id='line_1_10' title="bbox 225 1182 1832 1261; baseline -0.001 -25"><span class='ocrx_word' id='word_1_51' title='bbox 225 1190 317 1237; x_wconf 80' lang='grc' dir='ltr'>Δια</span> <span class='ocrx_word' id='word_1_52' title='bbox 401 1182 465 1238; x_wconf 70' lang='grc' dir='ltr'>δὲ</span> <span class='ocrx_word' id='word_1_53' title='bbox 514 1194 609 1248; x_wconf 83' lang='grc' dir='ltr'>τῆς</span> <span class='ocrx_word' id='word_1_54' title='bbox 684 1186 978 1261; x_wconf 82' lang='grc' dir='ltr'>παραϐολῆς</span> <span class='ocrx_word' id='word_1_55' title='bbox 1052 1191 1242 1247; x_wconf 80' lang='grc' dir='ltr'>ταύτης</span> <span class='ocrx_word' id='word_1_56' title='bbox 1325 1192 1677 1259; x_wconf 90' lang='grc' dir='ltr'>προαναφωνεί</span> <span class='ocrx_word' id='word_1_57' title='bbox 1739 1188 1832 1242; x_wconf 80' lang='grc' dir='ltr'>τὴν</span> 
     </span>
    </p>
   </div>
   <div class='ocr_carea' id='block_1_11' title="bbox 231 1273 1836 1349">
    <p class='ocr_par' dir='ltr' id='par_1_11' title="bbox 231 1273 1836 1349">
     <span class='ocr_line' id='line_1_11' title="bbox 231 1273 1836 1349; baseline -0.006 -16"><span class='ocrx_word' id='word_1_58' title='bbox 231 1274 449 1336; x_wconf 63' lang='grc' dir='ltr'>αὔξησιν</span> <span class='ocrx_word' id='word_1_59' title='bbox 514 1282 603 1327; x_wconf 80' lang='grc' dir='ltr'>τοῦ</span> <span class='ocrx_word' id='word_1_60' title='bbox 679 1279 1028 1349; x_wconf 73' lang='grc' dir='ltr'>κηρύγματος.</span> <span class='ocrx_word' id='word_1_61' title='bbox 1115 1282 1238 1348; x_wconf 84' lang='grc' dir='ltr'>Περὶ</span> <span class='ocrx_word' id='word_1_62' title='bbox 1321 1273 1380 1328; x_wconf 78' lang='grc' dir='ltr'>δε</span> <span class='ocrx_word' id='word_1_63' title='bbox 1445 1283 1535 1327; x_wconf 76' lang='grc' dir='ltr'>του</span> <span class='ocrx_word' id='word_1_64' title='bbox 1599 1278 1836 1343; x_wconf 85' lang='grc' dir='ltr'>σπείρον-</span> 
     </span>
    </p>
   </div>
   <div class='ocr_carea' id='block_1_12' title="bbox 227 1361 1835 1437">
    <p class='ocr_par' dir='ltr' id='par_1_12' title="bbox 227 1361 1835 1437">
     <span class='ocr_line' id='line_1_12' title="bbox 227 1361 1835 1437; baseline 0.003 -24"><span class='ocrx_word' id='word_1_65' title='bbox 227 1381 308 1422; x_wconf 85' lang='grc' dir='ltr'>τος</span> <span class='ocrx_word' id='word_1_66' title='bbox 365 1361 662 1434; x_wconf 76' lang='grc' dir='ltr'>ἀνθρώπου,</span> <span class='ocrx_word' id='word_1_67' title='bbox 721 1370 807 1416; x_wconf 74' lang='grc' dir='ltr'>καὶ</span> <span class='ocrx_word' id='word_1_68' title='bbox 876 1372 968 1416; x_wconf 83' lang='grc' dir='ltr'>τοῦ</span> <span class='ocrx_word' id='word_1_69' title='bbox 1027 1365 1210 1437; x_wconf 75' lang='grc' dir='ltr'>ἀγροῦ,</span> <span class='ocrx_word' id='word_1_70' title='bbox 1282 1367 1331 1416; x_wconf 72' lang='grc' dir='ltr'>ἓν</span> <span class='ocrx_word' id='word_1_71' title='bbox 1384 1372 1444 1434; x_wconf 78' lang='grc' dir='ltr'>τῇ</span> <span class='ocrx_word' id='word_1_72' title='bbox 1493 1366 1592 1436; x_wconf 87' lang='grc' dir='ltr'>πρὸ</span> <span class='ocrx_word' id='word_1_73' title='bbox 1648 1365 1835 1418; x_wconf 72' lang='grc' dir='ltr'>ταύτης</span> 
     </span>
    </p>
   </div>
   <div class='ocr_carea' id='block_1_13' title="bbox 221 1448 1833 1527">
    <p class='ocr_par' dir='ltr' id='par_1_13' title="bbox 221 1448 1833 1527">
     <span class='ocr_line' id='line_1_13' title="bbox 221 1448 1833 1527; baseline 0 -25"><span class='ocrx_word' id='word_1_74' title='bbox 221 1450 491 1522; x_wconf 73' lang='grc' dir='ltr'>παραϐολῇ</span> <span class='ocrx_word' id='word_1_75' title='bbox 549 1449 976 1525; x_wconf 82' lang='grc' dir='ltr'>προδιελάϐομεν.</span> <span class='ocrx_word' id='word_1_76' title='bbox 1051 1452 1231 1527; x_wconf 85' lang='grc' dir='ltr'>Ἀγρὸς</span> <span class='ocrx_word' id='word_1_77' title='bbox 1291 1448 1372 1520; x_wconf 75' lang='grc' dir='ltr'>δε,</span> <span class='ocrx_word' id='word_1_78' title='bbox 1425 1453 1450 1503; x_wconf 87' lang='grc' dir='ltr'><strong><em>ὁ</em></strong></span> <span class='ocrx_word' id='word_1_79' title='bbox 1508 1456 1701 1522; x_wconf 87' lang='grc' dir='ltr'>κόσμος</span> <span class='ocrx_word' id='word_1_80' title='bbox 1749 1450 1833 1502; x_wconf 76' lang='grc' dir='ltr'>λέ-</span> 
     </span>
    </p>
   </div>
   <div class='ocr_carea' id='block_1_14' title="bbox 216 1537 1834 1612">
    <p class='ocr_par' dir='ltr' id='par_1_14' title="bbox 216 1537 1834 1612">
     <span class='ocr_line' id='line_1_14' title="bbox 216 1537 1834 1612; baseline -0.002 -20"><span class='ocrx_word' id='word_1_81' title='bbox 216 1559 389 1609; x_wconf 82' lang='grc' dir='ltr'>γεται,</span> <span class='ocrx_word' id='word_1_82' title='bbox 442 1543 533 1592; x_wconf 80' lang='grc' dir='ltr'>καὶ</span> <span class='ocrx_word' id='word_1_83' title='bbox 585 1537 677 1592; x_wconf 83' lang='grc' dir='ltr'>διὰ</span> <span class='ocrx_word' id='word_1_84' title='bbox 705 1544 763 1593; x_wconf 87' lang='grc' dir='ltr'>τό</span> <span class='ocrx_word' id='word_1_85' title='bbox 793 1543 1137 1612; x_wconf 80' lang='grc' dir='ltr'>γεωργεῖσθαι</span> <span class='ocrx_word' id='word_1_86' title='bbox 1191 1540 1238 1594; x_wconf 79' lang='grc' dir='ltr'>ἐν</span> <span class='ocrx_word' id='word_1_87' title='bbox 1300 1540 1440 1611; x_wconf 85' lang='grc' dir='ltr'>αύτῷ</span> <span class='ocrx_word' id='word_1_88' title='bbox 1488 1543 1573 1592; x_wconf 86' lang='grc' dir='ltr'>τόν</span> <span class='ocrx_word' id='word_1_89' title='bbox 1627 1539 1834 1610; x_wconf 86' lang='grc' dir='ltr'>λογικὸν</span> 
     </span>
    </p>
   </div>
   <div class='ocr_carea' id='block_1_15' title="bbox 220 1635 1074 1684">
    <p class='ocr_par' dir='ltr' id='par_1_15' title="bbox 220 1635 1074 1684">
     <span class='ocr_line' id='line_1_15' title="bbox 220 1635 1074 1684; baseline 0.005 -4"><span class='ocrx_word' id='word_1_90' title='bbox 220 1647 251 1680; x_wconf 91' lang='grc' dir='ltr'>σ</span> <span class='ocrx_word' id='word_1_91' title='bbox 264 1635 372 1680; x_wconf 88' lang='grc' dir='ltr'>ἰτον</span> <span class='ocrx_word' id='word_1_92' title='bbox 382 1670 394 1682; x_wconf 95' lang='grc'><em>,</em></span> <span class='ocrx_word' id='word_1_93' title='bbox 1060 1653 1074 1684; x_wconf 76' lang='grc' dir='ltr'>ι</span> 
     </span>
    </p>
   </div>
   <div class='ocr_carea' id='block_1_16' title="bbox 289 1715 1832 1790">
    <p class='ocr_par' dir='ltr' id='par_1_16' title="bbox 289 1715 1832 1790">
     <span class='ocr_line' id='line_1_16' title="bbox 289 1715 1832 1790; baseline 0 -22"><span class='ocrx_word' id='word_1_94' title='bbox 289 1717 372 1786; x_wconf 84' lang='grc' dir='ltr'><strong>[Ἠ</strong></span> <span class='ocrx_word' id='word_1_95' title='bbox 433 1716 558 1787; x_wconf 87' lang='lat'>(33)</span> <span class='ocrx_word' id='word_1_96' title='bbox 623 1717 891 1789; x_wconf 79' lang='grc' dir='ltr'>παραϐολὴ</span> <span class='ocrx_word' id='word_1_97' title='bbox 970 1724 1213 1790; x_wconf 79' lang='grc' dir='ltr'>σημαίνει</span> <span class='ocrx_word' id='word_1_98' title='bbox 1282 1723 1371 1771; x_wconf 79' lang='grc' dir='ltr'>καὶ</span> <span class='ocrx_word' id='word_1_99' title='bbox 1427 1722 1485 1770; x_wconf 87' lang='grc' dir='ltr'>τὸ</span> <span class='ocrx_word' id='word_1_100' title='bbox 1566 1715 1832 1788; x_wconf 75' lang='grc' dir='ltr'>διήγημα,</span> 
     </span>
    </p>
   </div>
   <div class='ocr_carea' id='block_1_17' title="bbox 229 568 477 639">
    <p class='ocr_par' dir='ltr' id='par_1_17' title="bbox 229 568 477 639">
     <span class='ocr_line' id='line_1_17' title="bbox 229 568 477 639; baseline -0.008 -20"><span class='ocrx_word' id='word_1_101' title='bbox 229 568 477 639; x_wconf 63' lang='grc' dir='ltr'>οὐρανῶν.</span> 
     </span>
    </p>
   </div>
   <div class='ocr_carea' id='block_1_18' title="bbox 1159 351 2644 414">
    <p class='ocr_par' dir='ltr' id='par_1_18' title="bbox 1159 351 2644 414">
     <span class='ocr_line' id='line_1_18' title="bbox 1159 351 2644 414; baseline 0.002 -3"><span class='ocrx_word' id='word_1_102' title='bbox 1159 354 1531 411; x_wconf 85' lang='lat' dir='ltr'>COMMENT.</span> <span class='ocrx_word' id='word_1_103' title='bbox 1580 353 1649 408; x_wconf 86' lang='lat' dir='ltr'>IN</span> <span class='ocrx_word' id='word_1_104' title='bbox 1689 351 2138 410; x_wconf 63' lang='lat' dir='ltr'>MATTHEUM.</span> <span class='ocrx_word' id='word_1_105' title='bbox 2179 385 2247 397; x_wconf 90' lang='lat'><strong><em>—</em></strong></span> <span class='ocrx_word' id='word_1_106' title='bbox 2284 354 2443 413; x_wconf 86' lang='lat' dir='ltr'>CAP.</span> <span class='ocrx_word' id='word_1_107' title='bbox 2493 357 2644 414; x_wconf 89' lang='lat' dir='ltr'><strong>XIII.</strong></span> 
     </span>
    </p>
   </div>
   <div class='ocr_carea' id='block_1_19' title="bbox 722 477 1829 559">
    <p class='ocr_par' dir='ltr' id='par_1_19' title="bbox 722 477 1823 554">
     <span class='ocr_line' id='line_1_19' title="bbox 722 477 1823 554; baseline -0.001 -24"><span class='ocrx_word' id='word_1_108' title='bbox 722 481 786 540; x_wconf 85' lang='grc' dir='ltr'>ὡς</span> <span class='ocrx_word' id='word_1_109' title='bbox 870 479 1144 554; x_wconf 80' lang='grc' dir='ltr'>ἆῤῥαϐῶνα</span> <span class='ocrx_word' id='word_1_110' title='bbox 1222 488 1316 541; x_wconf 79' lang='grc' dir='ltr'>τῆς</span> <span class='ocrx_word' id='word_1_111' title='bbox 1381 477 1648 551; x_wconf 82' lang='grc' dir='ltr'>βασιλείας</span> <span class='ocrx_word' id='word_1_112' title='bbox 1725 487 1823 530; x_wconf 89' lang='grc' dir='ltr'>τῶν</span> 
     </span>
    </p>
   </div>
   <div class='ocr_carea' id='block_1_20' title="bbox 1950 477 3589 559">
    <p class='ocr_par' dir='ltr' id='par_1_20' title="bbox 1950 480 3589 559">
     <span class='ocr_line' id='line_1_20' title="bbox 1950 480 3589 559; baseline 0.007 -26"><span class='ocrx_word' id='word_1_113' title='bbox 1950 493 2216 551; x_wconf 76' lang='lat' dir='ltr'>:anquam</span> <span class='ocrx_word' id='word_1_114' title='bbox 2257 481 2424 549; x_wconf 80' lang='lat' dir='ltr'>regni</span> <span class='ocrx_word' id='word_1_115' title='bbox 2463 480 2747 537; x_wconf 75' lang='lat' dir='ltr'>caelorum</span> <span class='ocrx_word' id='word_1_116' title='bbox 2802 482 3225 550; x_wconf 89' lang='lat' dir='ltr'>arrhabonem,</span> <span class='ocrx_word' id='word_1_117' title='bbox 3269 487 3589 559; x_wconf 91' lang='lat' dir='ltr'>Comparat</span> 
     </span>
    </p>
   </div>
   <div class='ocr_carea' id='block_1_21' title="bbox 1935 566 3588 644">
    <p class='ocr_par' dir='ltr' id='par_1_21' title="bbox 1935 566 3588 644">
     <span class='ocr_line' id='line_1_21' title="bbox 1935 566 3588 644; baseline 0.007 -23"><span class='ocrx_word' id='word_1_118' title='bbox 1935 572 2133 622; x_wconf 88' lang='lat' dir='ltr'>autem</span> <span class='ocrx_word' id='word_1_119' title='bbox 2171 566 2335 623; x_wconf 90' lang='lat' dir='ltr'>illum</span> <span class='ocrx_word' id='word_1_120' title='bbox 2368 583 2555 636; x_wconf 89' lang='lat' dir='ltr'>grano</span> <span class='ocrx_word' id='word_1_121' title='bbox 2596 569 2840 640; x_wconf 84' lang='lat' dir='ltr'>sinapis,</span> <span class='ocrx_word' id='word_1_122' title='bbox 2873 572 3016 643; x_wconf 90' lang='lat' dir='ltr'>quia</span> <span class='ocrx_word' id='word_1_123' title='bbox 3053 571 3247 627; x_wconf 83' lang='lat' dir='ltr'>brevis</span> <span class='ocrx_word' id='word_1_124' title='bbox 3293 578 3347 628; x_wconf 91' lang='lat' dir='ltr'>et</span> <span class='ocrx_word' id='word_1_125' title='bbox 3382 577 3588 644; x_wconf 83' lang='lat' dir='ltr'>paucis</span> 
     </span>
    </p>
   </div>
   <div class='ocr_carea' id='block_1_22' title="bbox 1934 655 3588 731">
    <p class='ocr_par' dir='ltr' id='par_1_22' title="bbox 1934 655 3588 731">
     <span class='ocr_line' id='line_1_22' title="bbox 1934 655 3588 731; baseline 0.005 -23"><span class='ocrx_word' id='word_1_126' title='bbox 1934 655 2197 711; x_wconf 90' lang='lat' dir='ltr'>inclusus</span> <span class='ocrx_word' id='word_1_127' title='bbox 2251 656 2677 723; x_wconf 89' lang='lat' dir='ltr'>seminabatur,</span> <span class='ocrx_word' id='word_1_128' title='bbox 2723 673 2794 713; x_wconf 90' lang='lat' dir='ltr'>eo</span> <span class='ocrx_word' id='word_1_129' title='bbox 2835 659 2998 729; x_wconf 91' lang='lat' dir='ltr'>quod</span> <span class='ocrx_word' id='word_1_130' title='bbox 3049 675 3169 714; x_wconf 91' lang='lat' dir='ltr'>non</span> <span class='ocrx_word' id='word_1_131' title='bbox 3217 666 3456 731; x_wconf 80' lang='lat' dir='ltr'>possent</span> <span class='ocrx_word' id='word_1_132' title='bbox 3503 664 3588 718; x_wconf 89' lang='lat' dir='ltr'>di-</span> 
     </span>
    </p>
   </div>
   <div class='ocr_carea' id='block_1_23' title="bbox 3472 363 3578 420">
    <p class='ocr_par' dir='ltr' id='par_1_23' title="bbox 3472 363 3578 420">
     <span class='ocr_line' id='line_1_23' title="bbox 3472 363 3578 420; baseline 0.019 -2"><span class='ocrx_word' id='word_1_133' title='bbox 3472 363 3578 420; x_wconf 73' lang='lat' dir='ltr'><strong>MO</strong></span> 
     </span>
    </p>
   </div>
   <div class='ocr_carea' id='block_1_24' title="bbox 1939 744 3590 820">
    <p class='ocr_par' dir='ltr' id='par_1_24' title="bbox 1939 744 3590 820">
     <span class='ocr_line' id='line_1_24' title="bbox 1939 744 3590 820; baseline 0.006 -22"><span class='ocrx_word' id='word_1_134' title='bbox 1939 744 2156 815; x_wconf 89' lang='lat' dir='ltr'>scipuli</span> <span class='ocrx_word' id='word_1_135' title='bbox 2183 745 2242 800; x_wconf 93' lang='lat' dir='ltr'>in</span> <span class='ocrx_word' id='word_1_136' title='bbox 2270 745 2558 816; x_wconf 91' lang='lat' dir='ltr'>principio</span> <span class='ocrx_word' id='word_1_137' title='bbox 2589 745 2822 815; x_wconf 80' lang='lat' dir='ltr'><strong>majora</strong></span> <span class='ocrx_word' id='word_1_138' title='bbox 2845 746 3013 802; x_wconf 84' lang='lat' dir='ltr'>ferre.</span> <span class='ocrx_word' id='word_1_139' title='bbox 3043 748 3186 803; x_wconf 82' lang='lat' dir='ltr'>Hinc</span> <span class='ocrx_word' id='word_1_140' title='bbox 3219 754 3305 804; x_wconf 90' lang='lat' dir='ltr'>est</span> <span class='ocrx_word' id='word_1_141' title='bbox 3344 751 3502 820; x_wconf 91' lang='lat' dir='ltr'>quod</span> <span class='ocrx_word' id='word_1_142' title='bbox 3533 757 3590 808; x_wconf 89' lang='lat' dir='ltr'>et</span> 
     </span>
    </p>
   </div>
   <div class='ocr_carea' id='block_1_25' title="bbox 1933 833 3589 910">
    <p class='ocr_par' dir='ltr' id='par_1_25' title="bbox 1933 833 3589 910">
     <span class='ocr_line' id='line_1_25' title="bbox 1933 833 3589 910; baseline 0.004 -23"><span class='ocrx_word' id='word_1_143' title='bbox 1933 833 2220 904; x_wconf 80' lang='lat' dir='ltr'>propheta</span> <span class='ocrx_word' id='word_1_144' title='bbox 2260 849 2600 888; x_wconf 87' lang='lat' dir='ltr'>sermonem</span> <span class='ocrx_word' id='word_1_145' title='bbox 2645 833 3047 891; x_wconf 89' lang='lat' dir='ltr'>abbreviatum</span> <span class='ocrx_word' id='word_1_146' title='bbox 3090 837 3231 892; x_wconf 93' lang='lat' dir='ltr'>olim</span> <span class='ocrx_word' id='word_1_147' title='bbox 3281 838 3446 894; x_wconf 93' lang='lat' dir='ltr'>illum</span> <span class='ocrx_word' id='word_1_148' title='bbox 3487 855 3589 910; x_wconf 90' lang='lat' dir='ltr'>ap-</span> 
     </span>
    </p>
   </div>
   <div class='ocr_carea' id='block_1_26' title="bbox 1942 921 3585 994">
    <p class='ocr_par' dir='ltr' id='par_1_26' title="bbox 1942 921 3585 994">
     <span class='ocr_line' id='line_1_26' title="bbox 1942 921 3585 994; baseline 0.004 -20"><span class='ocrx_word' id='word_1_149' title='bbox 1942 921 2185 992; x_wconf 90' lang='lat' dir='ltr'>pellavit</span> <span class='ocrx_word' id='word_1_150' title='bbox 2225 924 2289 975; x_wconf 83' lang='grc'>¹¹.</span> <span class='ocrx_word' id='word_1_151' title='bbox 2331 924 2544 976; x_wconf 90' lang='lat' dir='ltr'>Verum</span> <span class='ocrx_word' id='word_1_152' title='bbox 2592 927 2908 994; x_wconf 81' lang='lat' dir='ltr'>postquam</span> <span class='ocrx_word' id='word_1_153' title='bbox 2955 924 3032 978; x_wconf 90' lang='lat' dir='ltr'>ab</span> <span class='ocrx_word' id='word_1_154' title='bbox 3071 925 3332 994; x_wconf 75' lang='lat' dir='ltr'>agricola</span> <span class='ocrx_word' id='word_1_155' title='bbox 3370 927 3585 982; x_wconf 72' lang='lat' dir='ltr'>cultus.</span> 
     </span>
    </p>
   </div>
   <div class='ocr_carea' id='block_1_27' title="bbox 1937 1008 3588 1080">
    <p class='ocr_par' dir='ltr' id='par_1_27' title="bbox 1937 1008 3588 1080">
     <span class='ocr_line' id='line_1_27' title="bbox 1937 1008 3588 1080; baseline 0.005 -17"><span class='ocrx_word' id='word_1_156' title='bbox 1937 1008 2124 1065; x_wconf 87' lang='lat' dir='ltr'>divini</span> <span class='ocrx_word' id='word_1_157' title='bbox 2197 1010 2440 1079; x_wconf 83' lang='lat' dir='ltr'>Spiritus</span> <span class='ocrx_word' id='word_1_158' title='bbox 2517 1010 2959 1080; x_wconf 89' lang='lat' dir='ltr'>irrigationibus</span> <span class='ocrx_word' id='word_1_159' title='bbox 3026 1017 3286 1078; x_wconf 78' lang='lat' dir='ltr'>creverit,</span> <span class='ocrx_word' id='word_1_160' title='bbox 3345 1031 3588 1071; x_wconf 89' lang='lat' dir='ltr'>omnem</span> 
     </span>
    </p>
   </div>
   <div class='ocr_carea' id='block_1_28' title="bbox 1939 1099 3591 1166">
    <p class='ocr_par' dir='ltr' id='par_1_28' title="bbox 1939 1099 3591 1166">
     <span class='ocr_line' id='line_1_28' title="bbox 1939 1099 3591 1166; baseline 0.003 -12"><span class='ocrx_word' id='word_1_161' title='bbox 1939 1099 2125 1155; x_wconf 92' lang='lat' dir='ltr'>alium</span> <span class='ocrx_word' id='word_1_162' title='bbox 2164 1100 2392 1156; x_wconf 77' lang='lat' dir='ltr'>excedit</span> <span class='ocrx_word' id='word_1_163' title='bbox 2442 1115 2803 1166; x_wconf 82' lang='lat' dir='ltr'>sermonem,</span> <span class='ocrx_word' id='word_1_164' title='bbox 2858 1118 2927 1158; x_wconf 89' lang='lat' dir='ltr'>ac</span> <span class='ocrx_word' id='word_1_165' title='bbox 2975 1103 3258 1158; x_wconf 92' lang='lat' dir='ltr'>omnibus</span> <span class='ocrx_word' id='word_1_166' title='bbox 3307 1105 3591 1159; x_wconf 77' lang='lat' dir='ltr'>excelsior</span> 
     </span>
    </p>
   </div>
   <div class='ocr_carea' id='block_1_29' title="bbox 1940 1188 3591 1263">
    <p class='ocr_par' dir='ltr' id='par_1_29' title="bbox 1940 1188 3591 1263">
     <span class='ocr_line' id='line_1_29' title="bbox 1940 1188 3591 1263; baseline 0.001 -18"><span class='ocrx_word' id='word_1_167' title='bbox 1940 1194 2209 1261; x_wconf 77' lang='lat' dir='ltr'>apparet.</span> <span class='ocrx_word' id='word_1_168' title='bbox 2249 1189 2356 1245; x_wconf 89' lang='lat' dir='ltr'>Per</span> <span class='ocrx_word' id='word_1_169' title='bbox 2386 1188 2541 1244; x_wconf 90' lang='lat' dir='ltr'>hanc</span> <span class='ocrx_word' id='word_1_170' title='bbox 2574 1204 2714 1245; x_wconf 92' lang='lat' dir='ltr'>vero</span> <span class='ocrx_word' id='word_1_171' title='bbox 2754 1191 3106 1262; x_wconf 90' lang='lat' dir='ltr'>parabolam</span> <span class='ocrx_word' id='word_1_172' title='bbox 3151 1192 3591 1263; x_wconf 68' lang='lat' dir='ltr'>praedicationis</span> 
     </span>
    </p>
   </div>
   <div class='ocr_carea' id='block_1_30' title="bbox 1943 1279 3591 1353">
    <p class='ocr_par' dir='ltr' id='par_1_30' title="bbox 1943 1279 3591 1353">
     <span class='ocr_line' id='line_1_30' title="bbox 1943 1279 3591 1353; baseline 0.002 -19"><span class='ocrx_word' id='word_1_173' title='bbox 1943 1282 2330 1347; x_wconf 82' lang='lat' dir='ltr'>augmentum</span> <span class='ocrx_word' id='word_1_174' title='bbox 2380 1279 2758 1349; x_wconf 69' lang='lat' dir='ltr'>praenuntiat.</span> <span class='ocrx_word' id='word_1_175' title='bbox 2820 1279 2899 1334; x_wconf 91' lang='lat' dir='ltr'>De</span> <span class='ocrx_word' id='word_1_176' title='bbox 2948 1281 3190 1336; x_wconf 85' lang='lat' dir='ltr'>homine</span> <span class='ocrx_word' id='word_1_177' title='bbox 3244 1287 3441 1337; x_wconf 91' lang='lat' dir='ltr'>autem</span> <span class='ocrx_word' id='word_1_178' title='bbox 3487 1282 3591 1353; x_wconf 86' lang='lat' dir='ltr'>qui</span> 
     </span>
    </p>
   </div>
   <div class='ocr_carea' id='block_1_31' title="bbox 1944 1367 3595 1441">
    <p class='ocr_par' dir='ltr' id='par_1_31' title="bbox 1944 1367 3595 1441">
     <span class='ocr_line' id='line_1_31' title="bbox 1944 1367 3595 1441; baseline 0.001 -19"><span class='ocrx_word' id='word_1_179' title='bbox 1944 1367 2255 1422; x_wconf 85' lang='lat' dir='ltr'>seminavit</span> <span class='ocrx_word' id='word_1_180' title='bbox 2281 1371 2336 1422; x_wconf 92' lang='lat' dir='ltr'>et</span> <span class='ocrx_word' id='word_1_181' title='bbox 2374 1367 2448 1422; x_wconf 90' lang='lat' dir='ltr'>de</span> <span class='ocrx_word' id='word_1_182' title='bbox 2480 1382 2642 1437; x_wconf 90' lang='lat' dir='ltr'>agro,</span> <span class='ocrx_word' id='word_1_183' title='bbox 2679 1369 2737 1422; x_wconf 89' lang='lat' dir='ltr'>in</span> <span class='ocrx_word' id='word_1_184' title='bbox 2777 1369 3130 1439; x_wconf 70' lang='lat' dir='ltr'>praecedenti</span> <span class='ocrx_word' id='word_1_185' title='bbox 3160 1369 3443 1441; x_wconf 88' lang='lat' dir='ltr'>parabola</span> <span class='ocrx_word' id='word_1_186' title='bbox 3473 1370 3595 1426; x_wconf 83' lang='lat' dir='ltr'>dis-</span> 
     </span>
    </p>
   </div>
   <div class='ocr_carea' id='block_1_32' title="bbox 1944 1456 3592 1528">
    <p class='ocr_par' dir='ltr' id='par_1_32' title="bbox 1944 1456 3592 1528">
     <span class='ocr_line' id='line_1_32' title="bbox 1944 1456 3592 1528; baseline 0.004 -18"><span class='ocrx_word' id='word_1_187' title='bbox 1944 1456 2259 1511; x_wconf 88' lang='lat' dir='ltr'>seruimus.</span> <span class='ocrx_word' id='word_1_188' title='bbox 2310 1456 2528 1512; x_wconf 87' lang='lat' dir='ltr'>Dicitur</span> <span class='ocrx_word' id='word_1_189' title='bbox 2569 1460 2766 1513; x_wconf 88' lang='lat' dir='ltr'>autem</span> <span class='ocrx_word' id='word_1_190' title='bbox 2809 1459 3068 1513; x_wconf 88' lang='lat' dir='ltr'>mundus</span> <span class='ocrx_word' id='word_1_191' title='bbox 3111 1473 3251 1528; x_wconf 85' lang='lat' dir='ltr'>ager</span> <span class='ocrx_word' id='word_1_192' title='bbox 3302 1459 3382 1515; x_wconf 92' lang='lat' dir='ltr'>ob</span> <span class='ocrx_word' id='word_1_193' title='bbox 3435 1459 3592 1516; x_wconf 89' lang='lat' dir='ltr'>hanc</span> 
     </span>
    </p>
   </div>
   <div class='ocr_carea' id='block_1_33' title="bbox 1943 1545 3591 1617">
    <p class='ocr_par' dir='ltr' id='par_1_33' title="bbox 1943 1545 3591 1617">
     <span class='ocr_line' id='line_1_33' title="bbox 1943 1545 3591 1617; baseline 0.002 -17"><span class='ocrx_word' id='word_1_194' title='bbox 1943 1549 2120 1600; x_wconf 77' lang='lat' dir='ltr'>etiam</span> <span class='ocrx_word' id='word_1_195' title='bbox 2163 1560 2438 1610; x_wconf 90' lang='lat' dir='ltr'>aausam,</span> <span class='ocrx_word' id='word_1_196' title='bbox 2489 1545 2625 1617; x_wconf 87' lang='lat' dir='ltr'>quia</span> <span class='ocrx_word' id='word_1_197' title='bbox 2673 1546 3004 1602; x_wconf 83' lang='lat' dir='ltr'>seminatur</span> <span class='ocrx_word' id='word_1_198' title='bbox 3056 1561 3125 1602; x_wconf 89' lang='lat' dir='ltr'>ac</span> <span class='ocrx_word' id='word_1_199' title='bbox 3163 1546 3374 1603; x_wconf 89' lang='lat' dir='ltr'>colitur</span> <span class='ocrx_word' id='word_1_200' title='bbox 3423 1548 3482 1604; x_wconf 93' lang='lat' dir='ltr'>in</span> <span class='ocrx_word' id='word_1_201' title='bbox 3523 1562 3591 1604; x_wconf 92' lang='lat' dir='ltr'>eo</span> 
     </span>
    </p>
   </div>
   <div class='ocr_carea' id='block_1_34' title="bbox 1941 1632 2643 1688">
    <p class='ocr_par' dir='ltr' id='par_1_34' title="bbox 1941 1632 2643 1688">
     <span class='ocr_line' id='line_1_34' title="bbox 1941 1632 2643 1688; baseline -0.001 0"><span class='ocrx_word' id='word_1_202' title='bbox 1941 1632 2226 1688; x_wconf 85' lang='lat' dir='ltr'>rationale</span> <span class='ocrx_word' id='word_1_203' title='bbox 2256 1632 2643 1688; x_wconf 81' lang='lat' dir='ltr'>frumentum.</span> 
     </span>
    </p>
   </div>
   <div class='ocr_carea' id='block_1_35' title="bbox 2012 1720 3594 1793">
    <p class='ocr_par' dir='ltr' id='par_1_35' title="bbox 2012 1720 3594 1793">
     <span class='ocr_line' id='line_1_35' title="bbox 2012 1720 3594 1793; baseline 0.001 -17"><span class='ocrx_word' id='word_1_204' title='bbox 2012 1723 2055 1791; x_wconf 75' lang='grc' dir='ltr'>-ι-</span> <span class='ocrx_word' id='word_1_205' title='bbox 2106 1724 2238 1776; x_wconf 71' lang='lat' dir='ltr'>Haec</span> <span class='ocrx_word' id='word_1_206' title='bbox 2291 1721 2466 1777; x_wconf 89' lang='lat' dir='ltr'>dictio</span> <span class='ocrx_word' id='word_1_207' title='bbox 2520 1721 2807 1793; x_wconf 91' lang='lat' dir='ltr'>parabola</span> <span class='ocrx_word' id='word_1_208' title='bbox 2866 1720 3168 1790; x_wconf 90' lang='lat' dir='ltr'>signiﬁcat</span> <span class='ocrx_word' id='word_1_209' title='bbox 3231 1721 3594 1793; x_wconf 88' lang='lat' dir='ltr'>quandoque</span> 
     </span>
    </p>
   </div>
   <div class='ocr_carea' id='block_1_36' title="bbox 221 1805 1829 1878">
    <p class='ocr_par' dir='ltr' id='par_1_36' title="bbox 221 1805 1829 1878">
     <span class='ocr_line' id='line_1_36' title="bbox 221 1805 1829 1878; baseline 0.002 -24"><span class='ocrx_word' id='word_1_210' title='bbox 221 1807 295 1863; x_wconf 87' lang='grc' dir='ltr'>ὡς</span> <span class='ocrx_word' id='word_1_211' title='bbox 352 1809 413 1856; x_wconf 89' lang='grc' dir='ltr'>τό</span> <span class='ocrx_word' id='word_1_212' title='bbox 449 1805 648 1876; x_wconf 78' lang='grc' dir='ltr'>’Ἦμὰς</span> <span class='ocrx_word' id='word_1_213' title='bbox 719 1806 786 1866; x_wconf 88' lang='grc' dir='ltr'>εἰς</span> <span class='ocrx_word' id='word_1_214' title='bbox 845 1806 1142 1878; x_wconf 75' lang='grc' dir='ltr'>παραϐολὴν</span> <span class='ocrx_word' id='word_1_215' title='bbox 1227 1807 1278 1859; x_wconf 78' lang='grc' dir='ltr'>ἓν</span> <span class='ocrx_word' id='word_1_216' title='bbox 1361 1814 1465 1867; x_wconf 86' lang='grc' dir='ltr'>τοῖς</span> <span class='ocrx_word' id='word_1_217' title='bbox 1523 1809 1689 1858; x_wconf 73' lang='grc' dir='ltr'>ἔθνεσι</span> <span class='ocrx_word' id='word_1_218' title='bbox 1744 1811 1829 1858; x_wconf 79' lang='grc' dir='ltr'>καὶ</span> 
     </span>
    </p>
   </div>
   <div class='ocr_carea' id='block_1_37' title="bbox 1950 1805 3591 1878">
    <p class='ocr_par' dir='ltr' id='par_1_37' title="bbox 1950 1809 3591 1878">
     <span class='ocr_line' id='line_1_37' title="bbox 1950 1809 3591 1878; baseline 0 -12"><span class='ocrx_word' id='word_1_219' title='bbox 1950 1809 2364 1875; x_wconf 86' lang='lat' dir='ltr'>narrationem,</span> <span class='ocrx_word' id='word_1_220' title='bbox 2395 1815 2459 1862; x_wconf 87' lang='lat' dir='ltr'>ut</span> <span class='ocrx_word' id='word_1_221' title='bbox 2487 1825 2625 1863; x_wconf 91' lang='lat' dir='ltr'>cum</span> <span class='ocrx_word' id='word_1_222' title='bbox 2652 1809 2866 1863; x_wconf 88' lang='lat' dir='ltr'>dicitur</span> <span class='ocrx_word' id='word_1_223' title='bbox 2900 1825 2912 1863; x_wconf 92' lang='lat'>:</span> <span class='ocrx_word' id='word_1_224' title='bbox 2943 1809 3147 1865; x_wconf 80' lang='lat' dir='ltr'>Posuit</span> <span class='ocrx_word' id='word_1_225' title='bbox 3189 1824 3292 1865; x_wconf 86' lang='lat' dir='ltr'>nos</span> <span class='ocrx_word' id='word_1_226' title='bbox 3321 1809 3383 1864; x_wconf 86' lang='lat' dir='ltr'>in</span> <span class='ocrx_word' id='word_1_227' title='bbox 3414 1824 3591 1878; x_wconf 81' lang='lat' dir='ltr'>para-</span> 
     </span>
    </p>
   </div>
   <div class='ocr_carea' id='block_1_38' title="bbox 211 1890 1835 1967">
    <p class='ocr_par' dir='ltr' id='par_1_38' title="bbox 211 1890 1835 1967">
     <span class='ocr_line' id='line_1_38' title="bbox 211 1890 1835 1967; baseline 0.001 -24"><span class='ocrx_word' id='word_1_228' title='bbox 211 1895 300 1943; x_wconf 86' lang='grc' dir='ltr'>τόν</span> <span class='ocrx_word' id='word_1_229' title='bbox 357 1890 721 1965; x_wconf 75' lang='grc' dir='ltr'>αἰνιγματώδη</span> <span class='ocrx_word' id='word_1_230' title='bbox 780 1894 951 1965; x_wconf 89' lang='grc' dir='ltr'>λόγον,</span> <span class='ocrx_word' id='word_1_231' title='bbox 1011 1899 1079 1956; x_wconf 86' lang='grc' dir='ltr'>ὡς</span> <span class='ocrx_word' id='word_1_232' title='bbox 1125 1900 1181 1947; x_wconf 91' lang='grc' dir='ltr'>τό</span> <span class='ocrx_word' id='word_1_233' title='bbox 1211 1913 1222 1925; x_wconf 88' lang='grc'><strong>·</strong></span> <span class='ocrx_word' id='word_1_234' title='bbox 1257 1900 1466 1953; x_wconf 80' lang='grc' dir='ltr'>Νοῆσαί</span> <span class='ocrx_word' id='word_1_235' title='bbox 1499 1897 1613 1967; x_wconf 72' lang='grc'>(34)</span> <span class='ocrx_word' id='word_1_236' title='bbox 1652 1913 1706 1946; x_wconf 88' lang='grc' dir='ltr'>τε</span> <span class='ocrx_word' id='word_1_237' title='bbox 1738 1914 1835 1946; x_wconf 88' lang='grc' dir='ltr'>πα-</span> 
     </span>
    </p>
   </div>
   <div class='ocr_carea' id='block_1_39' title="bbox 207 1980 1829 2055">
    <p class='ocr_par' dir='ltr' id='par_1_39' title="bbox 207 1980 1829 2055">
     <span class='ocr_line' id='line_1_39' title="bbox 207 1980 1829 2055; baseline 0.001 -24"><span class='ocrx_word' id='word_1_238' title='bbox 207 1980 450 2053; x_wconf 73' lang='grc' dir='ltr'>ραϐολὴν</span> <span class='ocrx_word' id='word_1_239' title='bbox 506 1987 594 2033; x_wconf 84' lang='grc' dir='ltr'>καὶ</span> <span class='ocrx_word' id='word_1_240' title='bbox 651 1987 913 2035; x_wconf 83' lang='grc' dir='ltr'>σκοτεινόν</span> <span class='ocrx_word' id='word_1_241' title='bbox 980 1988 1124 2054; x_wconf 79' lang='grc' dir='ltr'>λόγον</span> <span class='ocrx_word' id='word_1_242' title='bbox 1181 2003 1193 2016; x_wconf 75' lang='grc' dir='ltr'>ο</span> <span class='ocrx_word' id='word_1_243' title='bbox 1246 1989 1336 2036; x_wconf 84' lang='grc' dir='ltr'>καὶ</span> <span class='ocrx_word' id='word_1_244' title='bbox 1391 1989 1484 2041; x_wconf 80' lang='grc' dir='ltr'>την</span> <span class='ocrx_word' id='word_1_245' title='bbox 1557 1986 1829 2055; x_wconf 84' lang='grc' dir='ltr'>ὁμοίωσιν,</span> 
     </span>
    </p>
   </div>
   <div class='ocr_carea' id='block_1_40' title="bbox 209 2071 1833 2145">
    <p class='ocr_par' dir='ltr' id='par_1_40' title="bbox 209 2071 1833 2145">
     <span class='ocr_line' id='line_1_40' title="bbox 209 2071 1833 2145; baseline 0.002 -26"><span class='ocrx_word' id='word_1_246' title='bbox 209 2071 282 2131; x_wconf 82' lang='grc' dir='ltr'>ὡς</span> <span class='ocrx_word' id='word_1_247' title='bbox 317 2073 386 2120; x_wconf 77' lang='grc' dir='ltr'>τοι</span> <span class='ocrx_word' id='word_1_248' title='bbox 441 2075 752 2142; x_wconf 83' lang='grc' dir='ltr'>προκείμενα</span> <span class='ocrx_word' id='word_1_249' title='bbox 807 2079 971 2123; x_wconf 78' lang='grc' dir='ltr'>ταῦτα</span> <span class='ocrx_word' id='word_1_250' title='bbox 1029 2093 1041 2104; x_wconf 75' lang='grc' dir='ltr'>ο</span> <span class='ocrx_word' id='word_1_251' title='bbox 1097 2077 1184 2123; x_wconf 78' lang='grc' dir='ltr'>καὶ</span> <span class='ocrx_word' id='word_1_252' title='bbox 1235 2077 1328 2130; x_wconf 82' lang='grc' dir='ltr'>τὴν</span> <span class='ocrx_word' id='word_1_253' title='bbox 1358 2072 1714 2145; x_wconf 85' lang='grc' dir='ltr'>τροπολογίαν,</span> <span class='ocrx_word' id='word_1_254' title='bbox 1765 2075 1833 2132; x_wconf 85' lang='grc' dir='ltr'>ὡς</span> 
     </span>
    </p>
   </div>
   <div class='ocr_carea' id='block_1_41' title="bbox 209 2158 1034 2230">
    <p class='ocr_par' dir='ltr' id='par_1_41' title="bbox 209 2158 1034 2230">
     <span class='ocr_line' id='line_1_41' title="bbox 209 2158 1034 2230; baseline 0.001 -19"><span class='ocrx_word' id='word_1_255' title='bbox 209 2164 269 2211; x_wconf 83' lang='grc' dir='ltr'>τό</span> <span class='ocrx_word' id='word_1_256' title='bbox 335 2172 352 2188; x_wconf 81' lang='grc'><strong><em>⁸</em></strong></span> <span class='ocrx_word' id='word_1_257' title='bbox 415 2162 502 2210; x_wconf 81' lang='grc' dir='ltr'>Υιὲ</span> <span class='ocrx_word' id='word_1_258' title='bbox 556 2158 848 2230; x_wconf 79' lang='grc' dir='ltr'>ἀνθρώπου,</span> <span class='ocrx_word' id='word_1_259' title='bbox 928 2160 1034 2212; x_wconf 73' lang='grc' dir='ltr'>εἰπε</span> 
     </span>
    </p>
   </div>
   <div class='ocr_carea' id='block_1_42' title="bbox 207 2246 1827 2323">
    <p class='ocr_par' dir='ltr' id='par_1_42' title="bbox 207 2246 1827 2323">
     <span class='ocr_line' id='line_1_42' title="bbox 207 2246 1827 2323; baseline -0.001 -21"><span class='ocrx_word' id='word_1_260' title='bbox 207 2251 415 2304; x_wconf 87' lang='grc' dir='ltr'>ταύτην</span> <span class='ocrx_word' id='word_1_261' title='bbox 475 2268 486 2280; x_wconf 88' lang='grc'><strong>·</strong></span> <span class='ocrx_word' id='word_1_262' title='bbox 545 2247 604 2301; x_wconf 88' lang='grc' dir='ltr'>Ὁ</span> <span class='ocrx_word' id='word_1_263' title='bbox 657 2246 801 2308; x_wconf 83' lang='grc' dir='ltr'>ἀετός</span> <span class='ocrx_word' id='word_1_264' title='bbox 887 2250 912 2300; x_wconf 89' lang='grc' dir='ltr'><strong>ὁ</strong></span> <span class='ocrx_word' id='word_1_265' title='bbox 970 2253 1149 2320; x_wconf 84' lang='grc' dir='ltr'>μέγας,</span> <span class='ocrx_word' id='word_1_266' title='bbox 1229 2251 1254 2300; x_wconf 86' lang='grc' dir='ltr'><strong><em>ὁ</em></strong></span> <span class='ocrx_word' id='word_1_267' title='bbox 1319 2249 1765 2323; x_wconf 80' lang='grc' dir='ltr'>μεγαλοπτίρυγος</span> <span class='ocrx_word' id='word_1_268' title='bbox 1817 2267 1827 2277; x_wconf 90' lang='grc'><strong>·</strong></span> 
     </span>
    </p>
   </div>
   <div class='ocr_carea' id='block_1_43' title="bbox 208 2335 1832 2410">
    <p class='ocr_par' dir='ltr' id='par_1_43' title="bbox 208 2335 1832 2410">
     <span class='ocr_line' id='line_1_43' title="bbox 208 2335 1832 2410; baseline 0.001 -21"><span class='ocrx_word' id='word_1_269' title='bbox 208 2336 360 2389; x_wconf 72' lang='grc' dir='ltr'>ἀετόν</span> <span class='ocrx_word' id='word_1_270' title='bbox 391 2335 576 2406; x_wconf 74' lang='grc' dir='ltr'>λέγων,</span> <span class='ocrx_word' id='word_1_271' title='bbox 635 2340 721 2387; x_wconf 86' lang='grc' dir='ltr'>τὸν</span> <span class='ocrx_word' id='word_1_272' title='bbox 775 2335 998 2408; x_wconf 79' lang='grc' dir='ltr'>βασιλέα</span> <span class='ocrx_word' id='word_1_273' title='bbox 1052 2346 1153 2388; x_wconf 83' lang='grc' dir='ltr'>τῶν</span> <span class='ocrx_word' id='word_1_274' title='bbox 1212 2338 1508 2410; x_wconf 84' lang='grc' dir='ltr'>Ἀσσυρίων</span> <span class='ocrx_word' id='word_1_275' title='bbox 1539 2357 1551 2368; x_wconf 90' lang='grc'><strong>·</strong></span> <span class='ocrx_word' id='word_1_276' title='bbox 1590 2343 1832 2410; x_wconf 80' lang='grc' dir='ltr'>σημαίνει</span> 
     </span>
    </p>
   </div>
   <div class='ocr_carea' id='block_1_44' title="bbox 1129 2159 1831 2234">
    <p class='ocr_par' dir='ltr' id='par_1_44' title="bbox 1129 2159 1831 2234">
     <span class='ocr_line' id='line_1_44' title="bbox 1129 2159 1831 2234; baseline -0.001 -22"><span class='ocrx_word' id='word_1_277' title='bbox 1129 2160 1305 2221; x_wconf 66' lang='grc' dir='ltr'>αὐτοῖς</span> <span class='ocrx_word' id='word_1_278' title='bbox 1380 2166 1472 2217; x_wconf 78' lang='grc' dir='ltr'>τὴν</span> <span class='ocrx_word' id='word_1_279' title='bbox 1535 2159 1831 2234; x_wconf 77' lang='grc' dir='ltr'>παραϐολὴν</span> 
     </span>
    </p>
   </div>
   <div class='ocr_carea' id='block_1_45' title="bbox 208 2423 1832 2500">
    <p class='ocr_par' dir='ltr' id='par_1_45' title="bbox 208 2423 1832 2500">
     <span class='ocr_line' id='line_1_45' title="bbox 208 2423 1832 2500; baseline 0.001 -22"><span class='ocrx_word' id='word_1_280' title='bbox 208 2423 268 2478; x_wconf 71' lang='grc' dir='ltr'>δὲ</span> <span class='ocrx_word' id='word_1_281' title='bbox 328 2429 424 2476; x_wconf 85' lang='grc' dir='ltr'>καὶ</span> <span class='ocrx_word' id='word_1_282' title='bbox 475 2428 559 2477; x_wconf 85' lang='grc' dir='ltr'>τόν</span> <span class='ocrx_word' id='word_1_283' title='bbox 615 2427 798 2489; x_wconf 89' lang='grc' dir='ltr'>τύπον,</span> <span class='ocrx_word' id='word_1_284' title='bbox 861 2429 931 2487; x_wconf 87' lang='grc' dir='ltr'>ὡς</span> <span class='ocrx_word' id='word_1_285' title='bbox 986 2427 1106 2478; x_wconf 80' lang='grc' dir='ltr'>ὅταν</span> <span class='ocrx_word' id='word_1_286' title='bbox 1159 2426 1276 2498; x_wconf 76' lang='grc' dir='ltr'>λέγῃ</span> <span class='ocrx_word' id='word_1_287' title='bbox 1337 2426 1538 2487; x_wconf 74' lang='grc' dir='ltr'>Παῦλος</span> <span class='ocrx_word' id='word_1_288' title='bbox 1597 2433 1832 2500; x_wconf 80' lang='grc' dir='ltr'>περὶτοῦ</span> 
     </span>
    </p>
   </div>
   <div class='ocr_carea' id='block_1_46' title="bbox 209 2513 1572 2588">
    <p class='ocr_par' dir='ltr' id='par_1_46' title="bbox 209 2513 1572 2588">
     <span class='ocr_line' id='line_1_46' title="bbox 209 2513 1572 2588; baseline -0.001 -21"><span class='ocrx_word' id='word_1_289' title='bbox 209 2513 481 2586; x_wconf 79' lang='grc' dir='ltr'>’Δϐραὰμ,</span> <span class='ocrx_word' id='word_1_290' title='bbox 568 2515 647 2566; x_wconf 84' lang='grc' dir='ltr'>ὅτι</span> <span class='ocrx_word' id='word_1_291' title='bbox 726 2518 813 2566; x_wconf 86' lang='grc' dir='ltr'>τὸν</span> <span class='ocrx_word' id='word_1_292' title='bbox 898 2524 1143 2587; x_wconf 84' lang='grc' dir='ltr'>μονογενῆ</span> <span class='ocrx_word' id='word_1_293' title='bbox 1244 2520 1572 2588; x_wconf 78' lang='grc' dir='ltr'>προσέφερεν,</span> 
     </span>
    </p>
   </div>
   <div class='ocr_carea' id='block_1_47' title="bbox 206 2599 1831 2677">
    <p class='ocr_par' dir='ltr' id='par_1_47' title="bbox 206 2599 1831 2677">
     <span class='ocr_line' id='line_1_47' title="bbox 206 2599 1831 2677; baseline 0.001 -23"><span class='ocrx_word' id='word_1_294' title='bbox 206 2602 520 2673; x_wconf 70' lang='grc' dir='ltr'>ἐπαγγελίας</span> <span class='ocrx_word' id='word_1_295' title='bbox 601 2599 893 2674; x_wconf 84' lang='grc' dir='ltr'>δεξάμενος.</span> <span class='ocrx_word' id='word_1_296' title='bbox 979 2602 1131 2656; x_wconf 79' lang='grc' dir='ltr'>Ὅθεν</span> <span class='ocrx_word' id='word_1_297' title='bbox 1202 2604 1251 2655; x_wconf 82' lang='grc' dir='ltr'>ἐν</span> <span class='ocrx_word' id='word_1_298' title='bbox 1326 2604 1594 2677; x_wconf 77' lang='grc' dir='ltr'>παραϐολῇ</span> <span class='ocrx_word' id='word_1_299' title='bbox 1680 2606 1831 2658; x_wconf 77' lang='grc' dir='ltr'>αὑτὸν</span> 
     </span>
    </p>
   </div>
   <div class='ocr_carea' id='block_1_48' title="bbox 217 2689 1442 2766">
    <p class='ocr_par' dir='ltr' id='par_1_48' title="bbox 217 2689 1442 2766">
     <span class='ocr_line' id='line_1_48' title="bbox 217 2689 1442 2766; baseline 0.003 -24"><span class='ocrx_word' id='word_1_300' title='bbox 217 2690 534 2763; x_wconf 77' lang='grc' dir='ltr'>ἐκομίσατο,</span> <span class='ocrx_word' id='word_1_301' title='bbox 567 2696 852 2761; x_wconf 82' lang='grc' dir='ltr'>τουτέστιν,</span> <span class='ocrx_word' id='word_1_302' title='bbox 885 2689 932 2743; x_wconf 79' lang='grc' dir='ltr'>ἐν</span> <span class='ocrx_word' id='word_1_303' title='bbox 963 2695 1131 2764; x_wconf 81' lang='grc' dir='ltr'>τύπῳ,</span> <span class='ocrx_word' id='word_1_304' title='bbox 1164 2691 1212 2744; x_wconf 73' lang='grc' dir='ltr'>ἓν</span> <span class='ocrx_word' id='word_1_305' title='bbox 1239 2692 1442 2766; x_wconf 84' lang='grc' dir='ltr'>εἰκόνι.]</span> 
     </span>
    </p>
   </div>
   <div class='ocr_carea' id='block_1_49' title="bbox 1650 2518 1833 2568">
    <p class='ocr_par' dir='ltr' id='par_1_49' title="bbox 1650 2518 1833 2568">
     <span class='ocr_line' id='line_1_49' title="bbox 1650 2518 1833 2568; baseline 0 0"><span class='ocrx_word' id='word_1_306' title='bbox 1650 2518 1675 2568; x_wconf 87' lang='grc' dir='ltr'>ό</span> <span class='ocrx_word' id='word_1_307' title='bbox 1743 2520 1833 2568; x_wconf 77' lang='grc' dir='ltr'>τὰς</span> 
     </span>
    </p>
   </div>
   <div class='ocr_carea' id='block_1_50' title="bbox 283 2866 1822 2943">
    <p class='ocr_par' dir='ltr' id='par_1_50' title="bbox 283 2866 1822 2943">
     <span class='ocr_line' id='line_1_50' title="bbox 283 2866 1822 2943; baseline 0.002 -23"><span class='ocrx_word' id='word_1_308' title='bbox 283 2867 356 2920; x_wconf 83' lang='grc' dir='ltr'><strong>Ὀ</strong></span> <span class='ocrx_word' id='word_1_309' title='bbox 391 2897 461 2908; x_wconf 92' lang='lat'><strong>—</strong></span> <span class='ocrx_word' id='word_1_310' title='bbox 514 2866 674 2922; x_wconf 85' lang='grc' dir='ltr'>ἐστιν.</span> <span class='ocrx_word' id='word_1_311' title='bbox 729 2866 913 2940; x_wconf 86' lang='grc' dir='ltr'>Ὀπερ,</span> <span class='ocrx_word' id='word_1_312' title='bbox 975 2873 1182 2942; x_wconf 79' lang='grc' dir='ltr'>σπέρμα</span> <span class='ocrx_word' id='word_1_313' title='bbox 1234 2867 1497 2935; x_wconf 73' lang='grc' dir='ltr'>δηλονότι,</span> <span class='ocrx_word' id='word_1_314' title='bbox 1533 2875 1822 2943; x_wconf 87' lang='grc' dir='ltr'>σμικρότα-</span> 
     </span>
    </p>
   </div>
   <div class='ocr_carea' id='block_1_51' title="bbox 210 2955 1825 3029">
    <p class='ocr_par' dir='ltr' id='par_1_51' title="bbox 210 2955 1825 3029">
     <span class='ocr_line' id='line_1_51' title="bbox 210 2955 1825 3029; baseline 0.002 -22"><span class='ocrx_word' id='word_1_315' title='bbox 210 2976 297 3008; x_wconf 83' lang='grc' dir='ltr'>τον</span> <span class='ocrx_word' id='word_1_316' title='bbox 327 2960 421 3027; x_wconf 84' lang='grc' dir='ltr'>μέν</span> <span class='ocrx_word' id='word_1_317' title='bbox 454 2956 568 3007; x_wconf 80' lang='grc' dir='ltr'>ἐστι</span> <span class='ocrx_word' id='word_1_318' title='bbox 616 2965 676 3028; x_wconf 76' lang='grc' dir='ltr'>τῇ</span> <span class='ocrx_word' id='word_1_319' title='bbox 738 2962 1015 3022; x_wconf 84' lang='grc' dir='ltr'>ποσότητι,</span> <span class='ocrx_word' id='word_1_320' title='bbox 1070 2961 1317 3029; x_wconf 84' lang='grc' dir='ltr'>μέγιστον</span> <span class='ocrx_word' id='word_1_321' title='bbox 1355 2955 1412 3010; x_wconf 73' lang='grc' dir='ltr'>δε</span> <span class='ocrx_word' id='word_1_322' title='bbox 1456 2966 1518 3029; x_wconf 80' lang='grc' dir='ltr'>τῇ</span> <span class='ocrx_word' id='word_1_323' title='bbox 1566 2967 1825 3028; x_wconf 85' lang='grc' dir='ltr'>ποιότητι,</span> 
     </span>
    </p>
   </div>
   <div class='ocr_carea' id='block_1_52' title="bbox 217 3041 1825 3118">
    <p class='ocr_par' dir='ltr' id='par_1_52' title="bbox 217 3041 1825 3118">
     <span class='ocr_line' id='line_1_52' title="bbox 217 3041 1825 3118; baseline 0.002 -22"><span class='ocrx_word' id='word_1_324' title='bbox 217 3049 410 3109; x_wconf 75' lang='grc' dir='ltr'>εἶτουν,</span> <span class='ocrx_word' id='word_1_325' title='bbox 468 3051 529 3116; x_wconf 75' lang='grc' dir='ltr'>τῇ</span> <span class='ocrx_word' id='word_1_326' title='bbox 592 3041 832 3116; x_wconf 72' lang='grc' dir='ltr'>δυνάμειο</span> <span class='ocrx_word' id='word_1_327' title='bbox 889 3049 973 3097; x_wconf 86' lang='grc' dir='ltr'>Διό</span> <span class='ocrx_word' id='word_1_328' title='bbox 1022 3051 1110 3097; x_wconf 84' lang='grc' dir='ltr'>καὶ</span> <span class='ocrx_word' id='word_1_329' title='bbox 1156 3046 1227 3107; x_wconf 87' lang='grc' dir='ltr'>εἰς</span> <span class='ocrx_word' id='word_1_330' title='bbox 1279 3049 1492 3118; x_wconf 83' lang='grc' dir='ltr'>μέγεθος</span> <span class='ocrx_word' id='word_1_331' title='bbox 1519 3044 1825 3104; x_wconf 83' lang='grc' dir='ltr'>ἐπιδίδωσι.</span> 
     </span>
    </p>
   </div>
   <div class='ocr_carea' id='block_1_53' title="bbox 1944 1896 3592 1968">
    <p class='ocr_par' dir='ltr' id='par_1_53' title="bbox 1944 1896 3592 1968">
     <span class='ocr_line' id='line_1_53' title="bbox 1944 1896 3592 1968; baseline -0.001 -13"><span class='ocrx_word' id='word_1_332' title='bbox 1944 1899 2138 1955; x_wconf 90' lang='lat' dir='ltr'>bolam</span> <span class='ocrx_word' id='word_1_333' title='bbox 2179 1898 2243 1952; x_wconf 81' lang='lat' dir='ltr'>in</span> <span class='ocrx_word' id='word_1_334' title='bbox 2281 1896 2535 1967; x_wconf 76' lang='lat' dir='ltr'>gentibus</span> <span class='ocrx_word' id='word_1_335' title='bbox 2583 1899 2648 1952; x_wconf 84' lang='lat'>&quot;.</span> <span class='ocrx_word' id='word_1_336' title='bbox 2707 1896 3008 1952; x_wconf 83' lang='lat' dir='ltr'>Interdum</span> <span class='ocrx_word' id='word_1_337' title='bbox 3057 1903 3255 1954; x_wconf 91' lang='lat' dir='ltr'>autem</span> <span class='ocrx_word' id='word_1_338' title='bbox 3309 1898 3592 1968; x_wconf 70' lang='lat' dir='ltr'>aenigma-</span> 
     </span>
    </p>
   </div>
   <div class='ocr_carea' id='block_1_54' title="bbox 1945 1984 3591 2057">
    <p class='ocr_par' dir='ltr' id='par_1_54' title="bbox 1945 1984 3591 2057">
     <span class='ocr_line' id='line_1_54' title="bbox 1945 1984 3591 2057; baseline -0.001 -14"><span class='ocrx_word' id='word_1_339' title='bbox 1945 1988 2123 2044; x_wconf 89' lang='lat' dir='ltr'>ticum</span> <span class='ocrx_word' id='word_1_340' title='bbox 2157 1993 2512 2048; x_wconf 85' lang='lat' dir='ltr'>sermonem,</span> <span class='ocrx_word' id='word_1_341' title='bbox 2567 1991 2632 2038; x_wconf 88' lang='lat' dir='ltr'>ut</span> <span class='ocrx_word' id='word_1_342' title='bbox 2674 1989 2761 2040; x_wconf 92' lang='lat' dir='ltr'>est</span> <span class='ocrx_word' id='word_1_343' title='bbox 2807 1984 2993 2040; x_wconf 89' lang='lat' dir='ltr'>illud:</span> <span class='ocrx_word' id='word_1_344' title='bbox 3041 1987 3377 2057; x_wconf 76' lang='lat' dir='ltr'>Intelligere</span> <span class='ocrx_word' id='word_1_345' title='bbox 3415 2000 3591 2056; x_wconf 83' lang='lat' dir='ltr'>para-</span> 
     </span>
    </p>
   </div>
   <div class='ocr_carea' id='block_1_55' title="bbox 1943 2074 3591 2146">
    <p class='ocr_par' dir='ltr' id='par_1_55' title="bbox 1943 2074 3591 2146">
     <span class='ocr_line' id='line_1_55' title="bbox 1943 2074 3591 2146; baseline 0.001 -15"><span class='ocrx_word' id='word_1_346' title='bbox 1943 2074 2128 2131; x_wconf 88' lang='lat' dir='ltr'>bolam</span> <span class='ocrx_word' id='word_1_347' title='bbox 2157 2080 2212 2129; x_wconf 89' lang='lat' dir='ltr'>et</span> <span class='ocrx_word' id='word_1_348' title='bbox 2235 2074 2548 2128; x_wconf 81' lang='lat' dir='ltr'>obscurum</span> <span class='ocrx_word' id='word_1_349' title='bbox 2564 2087 2882 2128; x_wconf 75' lang='lat' dir='ltr'>sermonm</span> <span class='ocrx_word' id='word_1_350' title='bbox 2901 2074 2968 2128; x_wconf 87' lang='grc'>¹³.</span> <span class='ocrx_word' id='word_1_351' title='bbox 2992 2074 3289 2143; x_wconf 82' lang='lat' dir='ltr'>Signiﬁcat</span> <span class='ocrx_word' id='word_1_352' title='bbox 3307 2080 3591 2146; x_wconf 68' lang='lat' dir='ltr'>praeterea</span> 
     </span>
    </p>
   </div>
   <div class='ocr_carea' id='block_1_56' title="bbox 1941 2160 3592 2234">
    <p class='ocr_par' dir='ltr' id='par_1_56' title="bbox 1941 2160 3592 2234">
     <span class='ocr_line' id='line_1_56' title="bbox 1941 2160 3592 2234; baseline -0.002 -14"><span class='ocrx_word' id='word_1_353' title='bbox 1941 2163 2412 2227; x_wconf 81' lang='lat' dir='ltr'>similitudinem,</span> <span class='ocrx_word' id='word_1_354' title='bbox 2458 2160 2634 2216; x_wconf 88' lang='lat' dir='ltr'>veluti</span> <span class='ocrx_word' id='word_1_355' title='bbox 2677 2166 2810 2217; x_wconf 89' lang='lat' dir='ltr'>sunt</span> <span class='ocrx_word' id='word_1_356' title='bbox 2851 2162 2998 2231; x_wconf 66' lang='lat' dir='ltr'>haec,</span> <span class='ocrx_word' id='word_1_357' title='bbox 3042 2179 3171 2234; x_wconf 64' lang='lat' dir='ltr'>quae</span> <span class='ocrx_word' id='word_1_358' title='bbox 3221 2163 3317 2217; x_wconf 91' lang='lat' dir='ltr'>hic</span> <span class='ocrx_word' id='word_1_359' title='bbox 3376 2178 3592 2234; x_wconf 83' lang='lat' dir='ltr'>propo-</span> 
     </span>
    </p>
   </div>
   <div class='ocr_carea' id='block_1_57' title="bbox 1941 2248 3585 2320">
    <p class='ocr_par' dir='ltr' id='par_1_57' title="bbox 1941 2248 3585 2320">
     <span class='ocr_line' id='line_1_57' title="bbox 1941 2248 3585 2320; baseline -0.001 -13"><span class='ocrx_word' id='word_1_360' title='bbox 1941 2256 2184 2315; x_wconf 91' lang='lat' dir='ltr'>nuntur,</span> <span class='ocrx_word' id='word_1_361' title='bbox 2207 2249 2293 2304; x_wconf 82' lang='lat' dir='ltr'>Ad</span> <span class='ocrx_word' id='word_1_362' title='bbox 2317 2249 2445 2304; x_wconf 67' lang='lat' dir='ltr'>haec</span> <span class='ocrx_word' id='word_1_363' title='bbox 2461 2249 2737 2315; x_wconf 79' lang='lat' dir='ltr'>designat</span> <span class='ocrx_word' id='word_1_364' title='bbox 2762 2250 3179 2320; x_wconf 91' lang='lat' dir='ltr'>tropologiam,</span> <span class='ocrx_word' id='word_1_365' title='bbox 3202 2254 3266 2304; x_wconf 93' lang='lat' dir='ltr'>ut</span> <span class='ocrx_word' id='word_1_366' title='bbox 3288 2254 3377 2304; x_wconf 89' lang='lat' dir='ltr'>est</span> <span class='ocrx_word' id='word_1_367' title='bbox 3399 2248 3544 2304; x_wconf 91' lang='lat' dir='ltr'>illud</span> <span class='ocrx_word' id='word_1_368' title='bbox 3573 2265 3585 2305; x_wconf 90' lang='lat'><strong><em>:</em></strong></span> 
     </span>
    </p>
   </div>
   <div class='ocr_carea' id='block_1_58' title="bbox 1940 2337 3590 2410">
    <p class='ocr_par' dir='ltr' id='par_1_58' title="bbox 1940 2337 3590 2410">
     <span class='ocr_line' id='line_1_58' title="bbox 1940 2337 3590 2410; baseline -0.001 -13"><span class='ocrx_word' id='word_1_369' title='bbox 1940 2341 2064 2398; x_wconf 86' lang='lat' dir='ltr'>Fili</span> <span class='ocrx_word' id='word_1_370' title='bbox 2119 2340 2391 2402; x_wconf 86' lang='lat' dir='ltr'>hominis,</span> <span class='ocrx_word' id='word_1_371' title='bbox 2435 2338 2525 2394; x_wconf 87' lang='lat' dir='ltr'>dic</span> <span class='ocrx_word' id='word_1_372' title='bbox 2561 2338 2686 2394; x_wconf 85' lang='lat' dir='ltr'>illis</span> <span class='ocrx_word' id='word_1_373' title='bbox 2732 2338 3088 2407; x_wconf 84' lang='lat' dir='ltr'>parabolam</span> <span class='ocrx_word' id='word_1_374' title='bbox 3147 2337 3300 2394; x_wconf 81' lang='lat' dir='ltr'>hanc</span> <span class='ocrx_word' id='word_1_375' title='bbox 3352 2338 3590 2410; x_wconf 78' lang='lat' dir='ltr'>:Aquila</span> 
     </span>
    </p>
   </div>
   <div class='ocr_carea' id='block_1_59' title="bbox 1940 2427 3592 2501">
    <p class='ocr_par' dir='ltr' id='par_1_59' title="bbox 1940 2427 3592 2501">
     <span class='ocr_line' id='line_1_59' title="bbox 1940 2427 3592 2501; baseline -0.002 -15"><span class='ocrx_word' id='word_1_376' title='bbox 1940 2445 2148 2501; x_wconf 87' lang='lat' dir='ltr'>magna</span> <span class='ocrx_word' id='word_1_377' title='bbox 2169 2443 2524 2498; x_wconf 84' lang='lat' dir='ltr'>magnarum</span> <span class='ocrx_word' id='word_1_378' title='bbox 2546 2428 2783 2483; x_wconf 84' lang='lat' dir='ltr'>alarum</span> <span class='ocrx_word' id='word_1_379' title='bbox 2825 2428 2892 2492; x_wconf 74' lang='grc'>⁸⁸,</span> <span class='ocrx_word' id='word_1_380' title='bbox 2933 2442 3154 2483; x_wconf 88' lang='lat' dir='ltr'>vocans</span> <span class='ocrx_word' id='word_1_381' title='bbox 3182 2427 3435 2498; x_wconf 86' lang='lat' dir='ltr'>aquilam</span> <span class='ocrx_word' id='word_1_382' title='bbox 3462 2442 3592 2497; x_wconf 87' lang='lat' dir='ltr'>reg-</span> 
     </span>
    </p>
   </div>
   <div class='ocr_carea' id='block_1_60' title="bbox 1940 2514 3593 2590">
    <p class='ocr_par' dir='ltr' id='par_1_60' title="bbox 1940 2514 3593 2590">
     <span class='ocr_line' id='line_1_60' title="bbox 1940 2514 3593 2590; baseline -0.002 -16"><span class='ocrx_word' id='word_1_383' title='bbox 1940 2534 2087 2574; x_wconf 91' lang='lat' dir='ltr'>num</span> <span class='ocrx_word' id='word_1_384' title='bbox 2130 2517 2527 2590; x_wconf 79' lang='lat' dir='ltr'>Assyriorum.</span> <span class='ocrx_word' id='word_1_385' title='bbox 2577 2516 2825 2588; x_wconf 89' lang='lat' dir='ltr'>lnsuper</span> <span class='ocrx_word' id='word_1_386' title='bbox 2863 2514 3158 2584; x_wconf 78' lang='lat' dir='ltr'>significat</span> <span class='ocrx_word' id='word_1_387' title='bbox 3199 2516 3477 2584; x_wconf 88' lang='lat' dir='ltr'>ﬁguram,</span> <span class='ocrx_word' id='word_1_388' title='bbox 3527 2519 3593 2571; x_wconf 93' lang='lat' dir='ltr'>ut</span> 
     </span>
    </p>
   </div>
   <div class='ocr_carea' id='block_1_61' title="bbox 1938 2602 3592 2679">
    <p class='ocr_par' dir='ltr' id='par_1_61' title="bbox 1938 2602 3592 2679">
     <span class='ocr_line' id='line_1_61' title="bbox 1938 2602 3592 2679; baseline -0.001 -18"><span class='ocrx_word' id='word_1_389' title='bbox 1938 2607 2187 2679; x_wconf 88' lang='lat' dir='ltr'>quando</span> <span class='ocrx_word' id='word_1_390' title='bbox 2227 2606 2364 2662; x_wconf 88' lang='lat' dir='ltr'>dicit</span> <span class='ocrx_word' id='word_1_391' title='bbox 2396 2604 2613 2662; x_wconf 88' lang='lat' dir='ltr'>Paulus</span> <span class='ocrx_word' id='word_1_392' title='bbox 2645 2605 2692 2641; x_wconf 79' lang='grc'>¹⁸</span> <span class='ocrx_word' id='word_1_393' title='bbox 2731 2605 2805 2661; x_wconf 93' lang='lat' dir='ltr'>de</span> <span class='ocrx_word' id='word_1_394' title='bbox 2835 2603 3137 2660; x_wconf 77' lang='lat' dir='ltr'>Abraham</span> <span class='ocrx_word' id='word_1_395' title='bbox 3179 2604 3344 2676; x_wconf 91' lang='lat' dir='ltr'>quod</span> <span class='ocrx_word' id='word_1_396' title='bbox 3381 2602 3592 2661; x_wconf 88' lang='lat' dir='ltr'>obtulit</span> 
     </span>
    </p>
   </div>
   <div class='ocr_carea' id='block_1_62' title="bbox 1937 2692 3587 2767">
    <p class='ocr_par' dir='ltr' id='par_1_62' title="bbox 1937 2692 3587 2767">
     <span class='ocr_line' id='line_1_62' title="bbox 1937 2692 3587 2767; baseline -0.002 -17"><span class='ocrx_word' id='word_1_397' title='bbox 1937 2694 2147 2765; x_wconf 90' lang='lat' dir='ltr'>ﬁlium,</span> <span class='ocrx_word' id='word_1_398' title='bbox 2202 2694 2307 2767; x_wconf 87' lang='lat' dir='ltr'>qui</span> <span class='ocrx_word' id='word_1_399' title='bbox 2355 2694 2528 2765; x_wconf 82' lang='lat' dir='ltr'>juxta</span> <span class='ocrx_word' id='word_1_400' title='bbox 2574 2692 3002 2765; x_wconf 91' lang='lat' dir='ltr'>promissiones</span> <span class='ocrx_word' id='word_1_401' title='bbox 3062 2697 3376 2765; x_wconf 89' lang='lat' dir='ltr'>susceptus</span> <span class='ocrx_word' id='word_1_402' title='bbox 3441 2697 3587 2750; x_wconf 88' lang='lat' dir='ltr'>erat.</span> 
     </span>
    </p>
   </div>
   <div class='ocr_carea' id='block_1_63' title="bbox 1943 2781 3266 2854">
    <p class='ocr_par' dir='ltr' id='par_1_63' title="bbox 1943 2781 3266 2854">
     <span class='ocr_line' id='line_1_63' title="bbox 1943 2781 3266 2854; baseline -0.003 -14"><span class='ocrx_word' id='word_1_403' title='bbox 1943 2785 2105 2840; x_wconf 86' lang='lat' dir='ltr'>Unde</span> <span class='ocrx_word' id='word_1_404' title='bbox 2135 2785 2200 2840; x_wconf 79' lang='lat' dir='ltr'>in</span> <span class='ocrx_word' id='word_1_405' title='bbox 2229 2783 2596 2852; x_wconf 80' lang='lat' dir='ltr'>parabolam,</span> <span class='ocrx_word' id='word_1_406' title='bbox 2631 2781 2842 2854; x_wconf 90' lang='lat' dir='ltr'>inquit,</span> <span class='ocrx_word' id='word_1_407' title='bbox 2871 2781 3092 2852; x_wconf 82' lang='lat' dir='ltr'>recepit</span> <span class='ocrx_word' id='word_1_408' title='bbox 3120 2797 3266 2837; x_wconf 83' lang='lat' dir='ltr'>eum.</span> 
     </span>
    </p>
   </div>
   <div class='ocr_carea' id='block_1_64' title="bbox 2007 2869 3591 2944">
    <p class='ocr_par' dir='ltr' id='par_1_64' title="bbox 2007 2869 3591 2944">
     <span class='ocr_line' id='line_1_64' title="bbox 2007 2869 3591 2944; baseline -0.001 -16"><span class='ocrx_word' id='word_1_409' title='bbox 2007 2875 2167 2930; x_wconf 89' lang='lat' dir='ltr'>Vers.</span> <span class='ocrx_word' id='word_1_410' title='bbox 2229 2877 2316 2928; x_wconf 87' lang='lat'>32.</span> <span class='ocrx_word' id='word_1_411' title='bbox 2373 2872 2540 2940; x_wconf 81' lang='lat' dir='ltr'>Quod</span> <span class='ocrx_word' id='word_1_412' title='bbox 2575 2908 2638 2918; x_wconf 91' lang='lat'><strong>—</strong></span> <span class='ocrx_word' id='word_1_413' title='bbox 2675 2877 2776 2928; x_wconf 84' lang='lat' dir='ltr'>est.</span> <span class='ocrx_word' id='word_1_414' title='bbox 2837 2871 3151 2926; x_wconf 90' lang='lat' dir='ltr'>Minimum</span> <span class='ocrx_word' id='word_1_415' title='bbox 3201 2869 3444 2944; x_wconf 90' lang='lat' dir='ltr'>quidem</span> <span class='ocrx_word' id='word_1_416' title='bbox 3503 2876 3591 2927; x_wconf 88' lang='lat' dir='ltr'>est</span> 
     </span>
    </p>
   </div>
   <div class='ocr_carea' id='block_1_65' title="bbox 1937 2958 3590 3034">
    <p class='ocr_par' dir='ltr' id='par_1_65' title="bbox 1937 2958 3590 3034">
     <span class='ocr_line' id='line_1_65' title="bbox 1937 2958 3590 3034; baseline -0.001 -18"><span class='ocrx_word' id='word_1_417' title='bbox 1937 2962 2286 3034; x_wconf 88' lang='lat' dir='ltr'>quantitate,</span> <span class='ocrx_word' id='word_1_418' title='bbox 2312 2959 2414 3016; x_wconf 90' lang='lat' dir='ltr'>sed</span> <span class='ocrx_word' id='word_1_419' title='bbox 2429 2959 2758 3016; x_wconf 86' lang='lat' dir='ltr'>maximum</span> <span class='ocrx_word' id='word_1_420' title='bbox 2770 2960 3055 3032; x_wconf 88' lang='lat' dir='ltr'>qualitate</span> <span class='ocrx_word' id='word_1_421' title='bbox 3070 2961 3189 3014; x_wconf 88' lang='lat' dir='ltr'>sive</span> <span class='ocrx_word' id='word_1_422' title='bbox 3212 2960 3416 3015; x_wconf 91' lang='lat' dir='ltr'>virtute</span> <span class='ocrx_word' id='word_1_423' title='bbox 3433 2975 3446 3025; x_wconf 91' lang='lat'>;</span> <span class='ocrx_word' id='word_1_424' title='bbox 3461 2958 3590 3015; x_wconf 90' lang='lat' dir='ltr'>ideo</span> 
     </span>
    </p>
   </div>
   <div class='ocr_carea' id='block_1_66' title="bbox 1937 3047 3590 3122">
    <p class='ocr_par' dir='ltr' id='par_1_66' title="bbox 1937 3047 3590 3122">
     <span class='ocr_line' id='line_1_66' title="bbox 1937 3047 3590 3122; baseline -0.002 -17"><span class='ocrx_word' id='word_1_425' title='bbox 1937 3065 2174 3122; x_wconf 91' lang='lat' dir='ltr'>quoque</span> <span class='ocrx_word' id='word_1_426' title='bbox 2204 3049 2262 3105; x_wconf 92' lang='lat' dir='ltr'>in</span> <span class='ocrx_word' id='word_1_427' title='bbox 2282 3048 2746 3117; x_wconf 87' lang='lat' dir='ltr'>magnitudinem</span> <span class='ocrx_word' id='word_1_428' title='bbox 2769 3048 3066 3104; x_wconf 88' lang='lat' dir='ltr'>excressit.</span> <span class='ocrx_word' id='word_1_429' title='bbox 3100 3047 3186 3102; x_wconf 87' lang='lat' dir='ltr'>Ad</span> <span class='ocrx_word' id='word_1_430' title='bbox 3211 3047 3388 3119; x_wconf 87' lang='lat' dir='ltr'>hujus</span> <span class='ocrx_word' id='word_1_431' title='bbox 3412 3048 3590 3103; x_wconf 84' lang='lat' dir='ltr'>semi-</span> 
     </span>
    </p>
   </div>
   <div class='ocr_carea' id='block_1_67' title="bbox 215 3134 1829 3220">
    <p class='ocr_par' dir='ltr' id='par_1_67' title="bbox 215 3134 1829 3208">
     <span class='ocr_line' id='line_1_67' title="bbox 215 3134 1829 3208; baseline 0.001 -23"><span class='ocrx_word' id='word_1_432' title='bbox 215 3135 371 3186; x_wconf 77' lang='grc' dir='ltr'>Κατὰ</span> <span class='ocrx_word' id='word_1_433' title='bbox 412 3137 509 3190; x_wconf 79' lang='grc' dir='ltr'>την</span> <span class='ocrx_word' id='word_1_434' title='bbox 543 3134 827 3204; x_wconf 85' lang='grc' dir='ltr'>ὁμοιότητα</span> <span class='ocrx_word' id='word_1_435' title='bbox 867 3141 992 3204; x_wconf 83' lang='grc' dir='ltr'>γοῦν</span> <span class='ocrx_word' id='word_1_436' title='bbox 1041 3142 1131 3186; x_wconf 78' lang='grc' dir='ltr'>του</span> <span class='ocrx_word' id='word_1_437' title='bbox 1179 3139 1467 3208; x_wconf 80' lang='grc' dir='ltr'>σπέρματος</span> <span class='ocrx_word' id='word_1_438' title='bbox 1513 3138 1696 3187; x_wconf 82' lang='grc' dir='ltr'>τούτου</span> <span class='ocrx_word' id='word_1_439' title='bbox 1741 3141 1829 3187; x_wconf 82' lang='grc' dir='ltr'>καὶ</span> 
     </span>
    </p>
   </div>
   <div class='ocr_carea' id='block_1_68' title="bbox 1950 3134 3589 3220">
    <p class='ocr_par' dir='ltr' id='par_1_68' title="bbox 1950 3136 3589 3207">
     <span class='ocr_line' id='line_1_68' title="bbox 1950 3136 3589 3207; baseline -0.004 -13"><span class='ocrx_word' id='word_1_440' title='bbox 1950 3139 2030 3194; x_wconf 84' lang='lat' dir='ltr'>nis</span> <span class='ocrx_word' id='word_1_441' title='bbox 2078 3137 2520 3193; x_wconf 90' lang='lat' dir='ltr'>similitudinem</span> <span class='ocrx_word' id='word_1_442' title='bbox 2569 3141 2626 3192; x_wconf 92' lang='lat' dir='ltr'>et</span> <span class='ocrx_word' id='word_1_443' title='bbox 2671 3136 2946 3207; x_wconf 88' lang='lat' dir='ltr'>discipuli</span> <span class='ocrx_word' id='word_1_444' title='bbox 2995 3151 3129 3191; x_wconf 92' lang='lat' dir='ltr'>cum</span> <span class='ocrx_word' id='word_1_445' title='bbox 3176 3152 3392 3206; x_wconf 88' lang='lat' dir='ltr'>parvus</span> <span class='ocrx_word' id='word_1_446' title='bbox 3448 3150 3589 3206; x_wconf 81' lang='lat' dir='ltr'>grex</span> 
     </span>
    </p>
   </div>
   <div class='ocr_carea' id='block_1_69' title="bbox 215 3223 586 3293">
    <p class='ocr_par' dir='ltr' id='par_1_69' title="bbox 215 3223 586 3293">
     <span class='ocr_line' id='line_1_69' title="bbox 215 3223 586 3293; baseline -0.005 -19"><span class='ocrx_word' id='word_1_447' title='bbox 215 3225 262 3274; x_wconf 82' lang='grc' dir='ltr'>οἱ</span> <span class='ocrx_word' id='word_1_448' title='bbox 325 3223 586 3293; x_wconf 83' lang='grc' dir='ltr'>μαθηταὶ,</span> 
     </span>
    </p>
   </div>
   <div class='ocr_carea' id='block_1_70' title="bbox 217 3311 555 3372">
    <p class='ocr_par' dir='ltr' id='par_1_70' title="bbox 217 3311 555 3372">
     <span class='ocr_line' id='line_1_70' title="bbox 217 3311 555 3372; baseline 0.006 -11"><span class='ocrx_word' id='word_1_449' title='bbox 217 3311 555 3372; x_wconf 66' lang='grc' dir='ltr'>ηὐξήθησαν.</span> 
     </span>
    </p>
   </div>
   <div class='ocr_carea' id='block_1_71' title="bbox 289 3396 1826 3471">
    <p class='ocr_par' dir='ltr' id='par_1_71' title="bbox 289 3396 1826 3471">
     <span class='ocr_line' id='line_1_71' title="bbox 289 3396 1826 3471; baseline 0.001 -20"><span class='ocrx_word' id='word_1_450' title='bbox 289 3403 395 3451; x_wconf 77' lang='grc' dir='ltr'>Καὶ</span> <span class='ocrx_word' id='word_1_451' title='bbox 429 3402 630 3468; x_wconf 80' lang='grc' dir='ltr'>γίνεται</span> <span class='ocrx_word' id='word_1_452' title='bbox 686 3428 755 3438; x_wconf 95' lang='grc'><strong>-</strong></span> <span class='ocrx_word' id='word_1_453' title='bbox 791 3397 969 3453; x_wconf 71' lang='grc' dir='ltr'>αὐτοῦ.</span> <span class='ocrx_word' id='word_1_454' title='bbox 1029 3405 1208 3450; x_wconf 74' lang='grc' dir='ltr'>Ταῦτα</span> <span class='ocrx_word' id='word_1_455' title='bbox 1270 3396 1424 3463; x_wconf 84' lang='grc' dir='ltr'>εἶπεν,</span> <span class='ocrx_word' id='word_1_456' title='bbox 1484 3399 1554 3460; x_wconf 87' lang='grc' dir='ltr'>εἰς</span> <span class='ocrx_word' id='word_1_457' title='bbox 1607 3403 1826 3471; x_wconf 78' lang='grc' dir='ltr'>ἔμφασιν</span> 
     </span>
    </p>
   </div>
   <div class='ocr_carea' id='block_1_72' title="bbox 669 3222 1828 3296">
    <p class='ocr_par' dir='ltr' id='par_1_72' title="bbox 669 3222 1828 3296">
     <span class='ocr_line' id='line_1_72' title="bbox 669 3222 1828 3296; baseline 0.002 -23"><span class='ocrx_word' id='word_1_458' title='bbox 669 3227 906 3294; x_wconf 84' lang='grc' dir='ltr'>ποίμνιον</span> <span class='ocrx_word' id='word_1_459' title='bbox 991 3227 1129 3283; x_wconf 80' lang='grc' dir='ltr'>ὄντες</span> <span class='ocrx_word' id='word_1_460' title='bbox 1207 3222 1399 3293; x_wconf 81' lang='grc' dir='ltr'>ὀλίγον,</span> <span class='ocrx_word' id='word_1_461' title='bbox 1483 3223 1547 3283; x_wconf 82' lang='grc' dir='ltr'>εἰς</span> <span class='ocrx_word' id='word_1_462' title='bbox 1621 3225 1828 3296; x_wconf 80' lang='grc' dir='ltr'>ἄπειρον</span> 
     </span>
    </p>
   </div>
   <div class='ocr_carea' id='block_1_73' title="bbox 213 3485 1828 3559">
    <p class='ocr_par' dir='ltr' id='par_1_73' title="bbox 213 3485 1828 3559">
     <span class='ocr_line' id='line_1_73' title="bbox 213 3485 1828 3559; baseline 0.002 -22"><span class='ocrx_word' id='word_1_463' title='bbox 213 3495 306 3538; x_wconf 78' lang='grc' dir='ltr'>τοῦ</span> <span class='ocrx_word' id='word_1_464' title='bbox 342 3487 617 3558; x_wconf 75' lang='grc' dir='ltr'>μεγέθους,</span> <span class='ocrx_word' id='word_1_465' title='bbox 658 3490 748 3538; x_wconf 87' lang='grc' dir='ltr'>καὶ</span> <span class='ocrx_word' id='word_1_466' title='bbox 802 3495 898 3548; x_wconf 81' lang='grc' dir='ltr'>τῆς</span> <span class='ocrx_word' id='word_1_467' title='bbox 953 3492 1285 3559; x_wconf 84' lang='grc' dir='ltr'>στερεότητος</span> <span class='ocrx_word' id='word_1_468' title='bbox 1351 3487 1529 3542; x_wconf 68' lang='grc' dir='ltr'>αὐτοῦ.</span> <span class='ocrx_word' id='word_1_469' title='bbox 1582 3492 1724 3549; x_wconf 72' lang='grc' dir='ltr'>Τινὲς</span> <span class='ocrx_word' id='word_1_470' title='bbox 1770 3485 1828 3541; x_wconf 76' lang='grc' dir='ltr'>δε</span> 
     </span>
    </p>
   </div>
   <div class='ocr_carea' id='block_1_74' title="bbox 213 3572 1829 3646">
    <p class='ocr_par' dir='ltr' id='par_1_74' title="bbox 213 3572 1829 3646">
     <span class='ocr_line' id='line_1_74' title="bbox 213 3572 1829 3646; baseline 0.001 -20"><span class='ocrx_word' id='word_1_471' title='bbox 213 3572 446 3634; x_wconf 67' lang='grc' dir='ltr'>κλάδους</span> <span class='ocrx_word' id='word_1_472' title='bbox 476 3583 568 3626; x_wconf 74' lang='grc' dir='ltr'>τοῦ</span> <span class='ocrx_word' id='word_1_473' title='bbox 615 3573 769 3646; x_wconf 84' lang='grc' dir='ltr'>λόγου</span> <span class='ocrx_word' id='word_1_474' title='bbox 807 3583 896 3635; x_wconf 81' lang='grc' dir='ltr'>τῆς</span> <span class='ocrx_word' id='word_1_475' title='bbox 939 3580 1164 3635; x_wconf 87' lang='grc' dir='ltr'>πίστεως</span> <span class='ocrx_word' id='word_1_476' title='bbox 1212 3573 1370 3640; x_wconf 87' lang='grc' dir='ltr'>εἷπον,</span> <span class='ocrx_word' id='word_1_477' title='bbox 1417 3581 1534 3636; x_wconf 81' lang='grc' dir='ltr'>τοὺς</span> <span class='ocrx_word' id='word_1_478' title='bbox 1563 3580 1829 3629; x_wconf 62' lang='grc' dir='ltr'>πιστεύον-</span> 
     </span>
    </p>
   </div>
   <div class='ocr_carea' id='block_1_75' title="bbox 213 3659 1828 3736">
    <p class='ocr_par' dir='ltr' id='par_1_75' title="bbox 213 3659 1828 3736">
     <span class='ocr_line' id='line_1_75' title="bbox 213 3659 1828 3736; baseline 0.002 -22"><span class='ocrx_word' id='word_1_479' title='bbox 213 3683 303 3724; x_wconf 77' lang='grc' dir='ltr'>τας</span> <span class='ocrx_word' id='word_1_480' title='bbox 341 3663 644 3736; x_wconf 72' lang='grc' dir='ltr'>ἀνθρώπους</span> <span class='ocrx_word' id='word_1_481' title='bbox 697 3661 744 3714; x_wconf 85' lang='grc' dir='ltr'>ἐν</span> <span class='ocrx_word' id='word_1_482' title='bbox 804 3659 880 3724; x_wconf 87' lang='grc' dir='ltr'>οἷς</span> <span class='ocrx_word' id='word_1_483' title='bbox 927 3673 1324 3722; x_wconf 79' lang='grc' dir='ltr'>κατασκηνοῦσι</span> <span class='ocrx_word' id='word_1_484' title='bbox 1372 3668 1436 3716; x_wconf 83' lang='grc' dir='ltr'>τὰ</span> <span class='ocrx_word' id='word_1_485' title='bbox 1482 3669 1688 3718; x_wconf 80' lang='grc' dir='ltr'>πετεινὰ</span> <span class='ocrx_word' id='word_1_486' title='bbox 1737 3673 1828 3718; x_wconf 83' lang='grc' dir='ltr'>τού</span> 
     </span>
    </p>
   </div>
   <div class='ocr_carea' id='block_1_76' title="bbox 213 3751 1594 3825">
    <p class='ocr_par' dir='ltr' id='par_1_76' title="bbox 213 3751 1594 3825">
     <span class='ocr_line' id='line_1_76' title="bbox 213 3751 1594 3825; baseline 0.004 -21"><span class='ocrx_word' id='word_1_487' title='bbox 213 3754 470 3825; x_wconf 68' lang='grc' dir='ltr'>ούρανοῦ,</span> <span class='ocrx_word' id='word_1_488' title='bbox 513 3753 688 3822; x_wconf 74' lang='grc' dir='ltr'>ἡγουν,</span> <span class='ocrx_word' id='word_1_489' title='bbox 719 3753 766 3803; x_wconf 84' lang='grc' dir='ltr'>οἱ</span> <span class='ocrx_word' id='word_1_490' title='bbox 792 3751 1004 3823; x_wconf 84' lang='grc' dir='ltr'>οἷγγελοι</span> <span class='ocrx_word' id='word_1_491' title='bbox 1031 3754 1366 3824; x_wconf 74' lang='grc' dir='ltr'>φυλάττοντες</span> <span class='ocrx_word' id='word_1_492' title='bbox 1387 3754 1594 3815; x_wconf 81' lang='grc' dir='ltr'>αύτούς.</span> 
     </span>
    </p>
   </div>
   <div class='ocr_carea' id='block_1_77' title="bbox 283 3837 1826 3916">
    <p class='ocr_par' dir='ltr' id='par_1_77' title="bbox 283 3837 1826 3916">
     <span class='ocr_line' id='line_1_77' title="bbox 283 3837 1826 3916; baseline 0.001 -23"><span class='ocrx_word' id='word_1_493' title='bbox 283 3841 498 3912; x_wconf 85' lang='grc' dir='ltr'>Ἐτεροι</span> <span class='ocrx_word' id='word_1_494' title='bbox 578 3837 637 3892; x_wconf 80' lang='grc' dir='ltr'>δέ</span> <span class='ocrx_word' id='word_1_495' title='bbox 710 3860 859 3912; x_wconf 85' lang='grc' dir='ltr'>φασι,</span> <span class='ocrx_word' id='word_1_496' title='bbox 940 3838 1163 3901; x_wconf 79' lang='grc' dir='ltr'>κλάδους</span> <span class='ocrx_word' id='word_1_497' title='bbox 1261 3846 1370 3914; x_wconf 69' lang='grc' dir='ltr'>μὲν,</span> <span class='ocrx_word' id='word_1_498' title='bbox 1453 3844 1542 3904; x_wconf 91' lang='grc' dir='ltr'>τάς</span> <span class='ocrx_word' id='word_1_499' title='bbox 1622 3841 1826 3916; x_wconf 80' lang='grc' dir='ltr'>ἀρετὰς,</span> 
     </span>
    </p>
   </div>
   <div class='ocr_carea' id='block_1_78' title="bbox 213 3927 1832 4001">
    <p class='ocr_par' dir='ltr' id='par_1_78' title="bbox 213 3927 1832 4001">
     <span class='ocr_line' id='line_1_78' title="bbox 213 3927 1832 4001; baseline 0.002 -20"><span class='ocrx_word' id='word_1_500' title='bbox 213 3930 271 3990; x_wconf 83' lang='grc' dir='ltr'>ἃς</span> <span class='ocrx_word' id='word_1_501' title='bbox 328 3927 642 4001; x_wconf 82' lang='grc' dir='ltr'>βλαστάνειν</span> <span class='ocrx_word' id='word_1_502' title='bbox 700 3931 868 3980; x_wconf 80' lang='grc' dir='ltr'>εἴωθεν</span> <span class='ocrx_word' id='word_1_503' title='bbox 913 3930 938 3980; x_wconf 90' lang='grc' dir='ltr'>ό</span> <span class='ocrx_word' id='word_1_504' title='bbox 976 3929 1132 4000; x_wconf 79' lang='grc' dir='ltr'>λόγος</span> <span class='ocrx_word' id='word_1_505' title='bbox 1185 3938 1276 3990; x_wconf 83' lang='grc' dir='ltr'>τῆς</span> <span class='ocrx_word' id='word_1_506' title='bbox 1316 3936 1538 3994; x_wconf 86' lang='grc' dir='ltr'>πίστεως</span> <span class='ocrx_word' id='word_1_507' title='bbox 1583 3951 1594 3964; x_wconf 77' lang='lat'>&#39;</span> <span class='ocrx_word' id='word_1_508' title='bbox 1628 3936 1832 3986; x_wconf 85' lang='grc' dir='ltr'>πετεινὰ</span> 
     </span>
    </p>
   </div>
   <div class='ocr_carea' id='block_1_79' title="bbox 217 4015 1830 4093">
    <p class='ocr_par' dir='ltr' id='par_1_79' title="bbox 217 4015 1830 4093">
     <span class='ocr_line' id='line_1_79' title="bbox 217 4015 1830 4093; baseline 0.002 -23"><span class='ocrx_word' id='word_1_509' title='bbox 217 4015 300 4084; x_wconf 71' lang='grc' dir='ltr'>δὲ,</span> <span class='ocrx_word' id='word_1_510' title='bbox 347 4021 472 4078; x_wconf 77' lang='grc' dir='ltr'>τοὺς</span> <span class='ocrx_word' id='word_1_511' title='bbox 521 4015 916 4091; x_wconf 74' lang='grc' dir='ltr'>ὑπερϐαίνοντας</span> <span class='ocrx_word' id='word_1_512' title='bbox 944 4021 1010 4069; x_wconf 78' lang='grc' dir='ltr'>τὰ</span> <span class='ocrx_word' id='word_1_513' title='bbox 1063 4021 1228 4090; x_wconf 80' lang='grc' dir='ltr'>γεηρὰ</span> <span class='ocrx_word' id='word_1_514' title='bbox 1273 4022 1575 4093; x_wconf 85' lang='grc' dir='ltr'>πράγματα,</span> <span class='ocrx_word' id='word_1_515' title='bbox 1632 4025 1722 4074; x_wconf 79' lang='grc' dir='ltr'>καὶ</span> <span class='ocrx_word' id='word_1_516' title='bbox 1760 4029 1830 4092; x_wconf 85' lang='grc' dir='ltr'>τῷ</span> 
     </span>
    </p>
   </div>
   <div class='ocr_carea' id='block_1_80' title="bbox 215 4107 1830 4180">
    <p class='ocr_par' dir='ltr' id='par_1_80' title="bbox 215 4107 1830 4180">
     <span class='ocr_line' id='line_1_80' title="bbox 215 4107 1830 4180; baseline 0.002 -22"><span class='ocrx_word' id='word_1_517' title='bbox 215 4114 392 4180; x_wconf 79' lang='grc' dir='ltr'>πτερῷ</span> <span class='ocrx_word' id='word_1_518' title='bbox 426 4113 518 4156; x_wconf 79' lang='grc' dir='ltr'>τοῦ</span> <span class='ocrx_word' id='word_1_519' title='bbox 549 4113 636 4156; x_wconf 80' lang='grc' dir='ltr'>νοῦ</span> <span class='ocrx_word' id='word_1_520' title='bbox 684 4107 1090 4178; x_wconf 80' lang='grc' dir='ltr'>κουφιζομένους</span> <span class='ocrx_word' id='word_1_521' title='bbox 1139 4107 1208 4169; x_wconf 86' lang='grc' dir='ltr'>εἰς</span> <span class='ocrx_word' id='word_1_522' title='bbox 1260 4107 1393 4179; x_wconf 76' lang='grc' dir='ltr'>ὕψος</span> <span class='ocrx_word' id='word_1_523' title='bbox 1430 4115 1685 4180; x_wconf 89' lang='grc' dir='ltr'>γνώσεως,</span> <span class='ocrx_word' id='word_1_524' title='bbox 1741 4116 1830 4163; x_wconf 86' lang='grc' dir='ltr'>καὶ</span> 
     </span>
    </p>
   </div>
   <div class='ocr_carea' id='block_1_81' title="bbox 214 4194 1269 4269">
    <p class='ocr_par' dir='ltr' id='par_1_81' title="bbox 214 4194 1269 4269">
     <span class='ocr_line' id='line_1_81' title="bbox 214 4194 1269 4269; baseline 0.001 -20"><span class='ocrx_word' id='word_1_525' title='bbox 214 4197 332 4267; x_wconf 82' lang='grc'>(35)</span> <span class='ocrx_word' id='word_1_526' title='bbox 364 4198 495 4267; x_wconf 88' lang='grc' dir='ltr'>πρὸς</span> <span class='ocrx_word' id='word_1_527' title='bbox 527 4198 610 4246; x_wconf 84' lang='grc' dir='ltr'>τόν</span> <span class='ocrx_word' id='word_1_528' title='bbox 641 4195 854 4269; x_wconf 67' lang='grc' dir='ltr'>οὐρανόν</span> <span class='ocrx_word' id='word_1_529' title='bbox 888 4194 1269 4268; x_wconf 74' lang='grc' dir='ltr'>ἐπειγομένους.</span> 
     </span>
    </p>
   </div>
   <div class='ocr_carea' id='block_1_82' title="bbox 291 4283 1831 4358">
    <p class='ocr_par' dir='ltr' id='par_1_82' title="bbox 291 4283 1831 4358">
     <span class='ocr_line' id='line_1_82' title="bbox 291 4283 1831 4358; baseline 0.002 -22"><span class='ocrx_word' id='word_1_530' title='bbox 291 4283 482 4340; x_wconf 83' lang='grc' dir='ltr'>Ἀλλην</span> <span class='ocrx_word' id='word_1_531' title='bbox 514 4314 579 4322; x_wconf 93' lang='grc'>--</span> <span class='ocrx_word' id='word_1_532' title='bbox 613 4283 774 4355; x_wconf 79' lang='grc' dir='ltr'>ζύμη.</span> <span class='ocrx_word' id='word_1_533' title='bbox 838 4286 933 4336; x_wconf 88' lang='grc' dir='ltr'>Διὰ</span> <span class='ocrx_word' id='word_1_534' title='bbox 989 4288 1078 4356; x_wconf 72' lang='grc' dir='ltr'>μὲν</span> <span class='ocrx_word' id='word_1_535' title='bbox 1125 4293 1216 4346; x_wconf 84' lang='grc' dir='ltr'>τῆς</span> <span class='ocrx_word' id='word_1_536' title='bbox 1278 4284 1580 4358; x_wconf 79' lang='grc' dir='ltr'>παραϐολῆς</span> <span class='ocrx_word' id='word_1_537' title='bbox 1629 4294 1722 4338; x_wconf 81' lang='grc' dir='ltr'>τοῦ</span> <span class='ocrx_word' id='word_1_538' title='bbox 1754 4305 1831 4339; x_wconf 91' lang='grc' dir='ltr'>σι-</span> 
     </span>
    </p>
   </div>
   <div class='ocr_carea' id='block_1_83' title="bbox 218 4372 1831 4449">
    <p class='ocr_par' dir='ltr' id='par_1_83' title="bbox 218 4372 1831 4449">
     <span class='ocr_line' id='line_1_83' title="bbox 218 4372 1831 4449; baseline 0.003 -26"><span class='ocrx_word' id='word_1_539' title='bbox 218 4373 443 4437; x_wconf 84' lang='grc' dir='ltr'>νάπεως,</span> <span class='ocrx_word' id='word_1_540' title='bbox 488 4376 582 4429; x_wconf 81' lang='grc' dir='ltr'>τὴν</span> <span class='ocrx_word' id='word_1_541' title='bbox 632 4372 851 4434; x_wconf 71' lang='grc' dir='ltr'>αὔξησιν</span> <span class='ocrx_word' id='word_1_542' title='bbox 902 4380 996 4433; x_wconf 84' lang='grc' dir='ltr'>τῆς</span> <span class='ocrx_word' id='word_1_543' title='bbox 1045 4378 1266 4434; x_wconf 88' lang='grc' dir='ltr'>πίστεως</span> <span class='ocrx_word' id='word_1_544' title='bbox 1307 4380 1681 4449; x_wconf 73' lang='grc' dir='ltr'>προηγόρευσε,</span> <span class='ocrx_word' id='word_1_545' title='bbox 1738 4380 1831 4434; x_wconf 80' lang='grc' dir='ltr'>τὴν</span> 
     </span>
    </p>
   </div>
   <div class='ocr_carea' id='block_1_84' title="bbox 940 3838 1163 3901">
    <p class='ocr_par' dir='ltr' id='par_1_84' title="bbox 940 3838 1163 3901">
     <span class='ocr_line' id='line_1_84' title="bbox 940 3838 1163 3901; baseline 0.009 -10"><span class='ocrx_word' id='word_1_546' title='bbox 940 3838 1163 3901; x_wconf 79' lang='grc' dir='ltr'>κλάδους</span> 
     </span>
    </p>
   </div>
   <div class='ocr_carea' id='block_1_85' title="bbox 1939 3226 2986 3295">
    <p class='ocr_par' dir='ltr' id='par_1_85' title="bbox 1939 3226 2986 3295">
     <span class='ocr_line' id='line_1_85' title="bbox 1939 3226 2986 3295; baseline -0.007 -12"><span class='ocrx_word' id='word_1_547' title='bbox 1939 3232 2156 3295; x_wconf 91' lang='lat' dir='ltr'>essent,</span> <span class='ocrx_word' id='word_1_548' title='bbox 2185 3226 2244 3281; x_wconf 89' lang='lat' dir='ltr'>in</span> <span class='ocrx_word' id='word_1_549' title='bbox 2273 3240 2559 3292; x_wconf 88' lang='lat' dir='ltr'>magnum</span> <span class='ocrx_word' id='word_1_550' title='bbox 2585 3228 2986 3279; x_wconf 89' lang='lat' dir='ltr'>excreverunt.</span> 
     </span>
    </p>
   </div>
   <div class='ocr_carea' id='block_1_86' title="bbox 2009 3309 3592 3380">
    <p class='ocr_par' dir='ltr' id='par_1_86' title="bbox 2009 3309 3592 3380">
     <span class='ocr_line' id='line_1_86' title="bbox 2009 3309 3592 3380; baseline -0.003 -11"><span class='ocrx_word' id='word_1_551' title='bbox 2009 3313 2172 3369; x_wconf 90' lang='lat' dir='ltr'>Vers.</span> <span class='ocrx_word' id='word_1_552' title='bbox 2220 3314 2313 3370; x_wconf 69' lang='lat'>3&#39;2.</span> <span class='ocrx_word' id='word_1_553' title='bbox 2352 3313 2430 3368; x_wconf 83' lang='lat' dir='ltr'>Et</span> <span class='ocrx_word' id='word_1_554' title='bbox 2482 3314 2551 3380; x_wconf 81' lang='lat' dir='ltr'>ﬁt</span> <span class='ocrx_word' id='word_1_555' title='bbox 2607 3341 2675 3352; x_wconf 95' lang='lat'><strong>—</strong></span> <span class='ocrx_word' id='word_1_556' title='bbox 2729 3314 2877 3380; x_wconf 82' lang='lat' dir='ltr'>ejus.</span> <span class='ocrx_word' id='word_1_557' title='bbox 2913 3311 3042 3366; x_wconf 72' lang='lat' dir='ltr'>Haec</span> <span class='ocrx_word' id='word_1_558' title='bbox 3068 3309 3213 3366; x_wconf 92' lang='lat' dir='ltr'>dixit</span> <span class='ocrx_word' id='word_1_559' title='bbox 3239 3310 3314 3366; x_wconf 92' lang='lat' dir='ltr'>ad</span> <span class='ocrx_word' id='word_1_560' title='bbox 3342 3310 3592 3366; x_wconf 89' lang='lat' dir='ltr'>demon-</span> 
     </span>
    </p>
   </div>
   <div class='ocr_carea' id='block_1_87' title="bbox 1939 3397 3591 3470">
    <p class='ocr_par' dir='ltr' id='par_1_87' title="bbox 1939 3397 3591 3470">
     <span class='ocr_line' id='line_1_87' title="bbox 1939 3397 3591 3470; baseline -0.004 -12"><span class='ocrx_word' id='word_1_561' title='bbox 1939 3403 2282 3460; x_wconf 86' lang='lat' dir='ltr'>strationem</span> <span class='ocrx_word' id='word_1_562' title='bbox 2321 3398 2750 3470; x_wconf 87' lang='lat' dir='ltr'>magnitudinis</span> <span class='ocrx_word' id='word_1_563' title='bbox 2784 3414 2853 3453; x_wconf 90' lang='lat' dir='ltr'>ac</span> <span class='ocrx_word' id='word_1_564' title='bbox 2895 3398 3191 3453; x_wconf 87' lang='lat' dir='ltr'>ﬁrmitatis</span> <span class='ocrx_word' id='word_1_565' title='bbox 3253 3398 3405 3467; x_wconf 89' lang='lat' dir='ltr'>ejus,</span> <span class='ocrx_word' id='word_1_566' title='bbox 3460 3397 3591 3463; x_wconf 87' lang='lat' dir='ltr'>Qui-</span> 
     </span>
    </p>
   </div>
   <div class='ocr_carea' id='block_1_88' title="bbox 1940 3484 3589 3550">
    <p class='ocr_par' dir='ltr' id='par_1_88' title="bbox 1940 3484 3589 3550">
     <span class='ocr_line' id='line_1_88' title="bbox 1940 3484 3589 3550; baseline -0.004 -4"><span class='ocrx_word' id='word_1_567' title='bbox 1940 3491 2082 3546; x_wconf 89' lang='lat' dir='ltr'>dam</span> <span class='ocrx_word' id='word_1_568' title='bbox 2115 3505 2250 3544; x_wconf 91' lang='lat' dir='ltr'>vero</span> <span class='ocrx_word' id='word_1_569' title='bbox 2277 3503 2479 3545; x_wconf 91' lang='lat' dir='ltr'>ramos</span> <span class='ocrx_word' id='word_1_570' title='bbox 2507 3486 2798 3543; x_wconf 86' lang='lat' dir='ltr'>sermonis</span> <span class='ocrx_word' id='word_1_571' title='bbox 2828 3486 2985 3550; x_wconf 85' lang='lat' dir='ltr'>ﬁdei,</span> <span class='ocrx_word' id='word_1_572' title='bbox 3012 3486 3292 3541; x_wconf 89' lang='lat' dir='ltr'>dixerunt</span> <span class='ocrx_word' id='word_1_573' title='bbox 3316 3484 3589 3542; x_wconf 93' lang='lat' dir='ltr'>homines</span> 
     </span>
    </p>
   </div>
   <div class='ocr_carea' id='block_1_89' title="bbox 1939 3572 3594 3650">
    <p class='ocr_par' dir='ltr' id='par_1_89' title="bbox 1939 3572 3594 3650">
     <span class='ocr_line' id='line_1_89' title="bbox 1939 3572 3594 3650; baseline -0.004 -14"><span class='ocrx_word' id='word_1_574' title='bbox 1939 3580 2267 3649; x_wconf 89' lang='lat' dir='ltr'>credentes,</span> <span class='ocrx_word' id='word_1_575' title='bbox 2299 3579 2357 3634; x_wconf 92' lang='lat' dir='ltr'>in</span> <span class='ocrx_word' id='word_1_576' title='bbox 2387 3575 2604 3650; x_wconf 92' lang='lat' dir='ltr'>quibus</span> <span class='ocrx_word' id='word_1_577' title='bbox 2649 3591 2790 3633; x_wconf 90' lang='lat' dir='ltr'>aves</span> <span class='ocrx_word' id='word_1_578' title='bbox 2835 3575 2967 3632; x_wconf 69' lang='lat' dir='ltr'>caeli</span> <span class='ocrx_word' id='word_1_579' title='bbox 2999 3575 3120 3631; x_wconf 87' lang='lat' dir='ltr'>sive</span> <span class='ocrx_word' id='word_1_580' title='bbox 3159 3573 3356 3646; x_wconf 90' lang='lat' dir='ltr'>angeli</span> <span class='ocrx_word' id='word_1_581' title='bbox 3397 3572 3594 3630; x_wconf 90' lang='lat' dir='ltr'>nidiﬁ-</span> 
     </span>
    </p>
   </div>
   <div class='ocr_carea' id='block_1_90' title="bbox 1939 3671 2566 3733">
    <p class='ocr_par' dir='ltr' id='par_1_90' title="bbox 1939 3671 2566 3733">
     <span class='ocr_line' id='line_1_90' title="bbox 1939 3671 2566 3733; baseline -0.01 -5"><span class='ocrx_word' id='word_1_582' title='bbox 1939 3672 2092 3733; x_wconf 89' lang='lat' dir='ltr'>cant,</span> <span class='ocrx_word' id='word_1_583' title='bbox 2117 3671 2419 3724; x_wconf 87' lang='lat' dir='ltr'>servantes</span> <span class='ocrx_word' id='word_1_584' title='bbox 2444 3681 2566 3723; x_wconf 90' lang='lat' dir='ltr'>eos.</span> 
     </span>
    </p>
   </div>
   <div class='ocr_carea' id='block_1_91' title="bbox 2008 3841 3593 3912">
    <p class='ocr_par' dir='ltr' id='par_1_91' title="bbox 2008 3841 3593 3912">
     <span class='ocr_line' id='line_1_91' title="bbox 2008 3841 3593 3912; baseline -0.006 -8"><span class='ocrx_word' id='word_1_585' title='bbox 2008 3845 2118 3905; x_wconf 83' lang='lat' dir='ltr'>Alii</span> <span class='ocrx_word' id='word_1_586' title='bbox 2148 3847 2345 3902; x_wconf 91' lang='lat' dir='ltr'>autem</span> <span class='ocrx_word' id='word_1_587' title='bbox 2381 3842 2586 3899; x_wconf 91' lang='lat' dir='ltr'>dicunt</span> <span class='ocrx_word' id='word_1_588' title='bbox 2613 3855 2815 3898; x_wconf 90' lang='lat' dir='ltr'>ramos</span> <span class='ocrx_word' id='word_1_589' title='bbox 2844 3855 2976 3898; x_wconf 89' lang='lat' dir='ltr'>esse</span> <span class='ocrx_word' id='word_1_590' title='bbox 3015 3841 3256 3895; x_wconf 90' lang='lat' dir='ltr'>virtutes</span> <span class='ocrx_word' id='word_1_591' title='bbox 3285 3854 3437 3912; x_wconf 86' lang='lat' dir='ltr'>quas</span> <span class='ocrx_word' id='word_1_592' title='bbox 3468 3853 3593 3909; x_wconf 89' lang='lat' dir='ltr'>ger-</span> 
     </span>
    </p>
   </div>
   <div class='ocr_carea' id='block_1_92' title="bbox 1939 3928 3591 4001">
    <p class='ocr_par' dir='ltr' id='par_1_92' title="bbox 1939 3928 3591 4001">
     <span class='ocr_line' id='line_1_92' title="bbox 1939 3928 3591 4001; baseline -0.006 -8"><span class='ocrx_word' id='word_1_593' title='bbox 1939 3938 2168 3994; x_wconf 89' lang='lat' dir='ltr'>minare</span> <span class='ocrx_word' id='word_1_594' title='bbox 2231 3933 2378 3990; x_wconf 91' lang='lat' dir='ltr'>solet</span> <span class='ocrx_word' id='word_1_595' title='bbox 2426 3931 2565 3988; x_wconf 90' lang='lat' dir='ltr'>ﬁdei</span> <span class='ocrx_word' id='word_1_596' title='bbox 2619 3946 2813 3987; x_wconf 91' lang='lat' dir='ltr'>sermo</span> <span class='ocrx_word' id='word_1_597' title='bbox 2865 3948 2878 3986; x_wconf 91' lang='lat'><strong>:</strong></span> <span class='ocrx_word' id='word_1_598' title='bbox 2935 3945 3076 3987; x_wconf 88' lang='lat' dir='ltr'>aves</span> <span class='ocrx_word' id='word_1_599' title='bbox 3138 3945 3280 3985; x_wconf 89' lang='lat' dir='ltr'>vero</span> <span class='ocrx_word' id='word_1_600' title='bbox 3331 3944 3433 3984; x_wconf 91' lang='lat' dir='ltr'>eos</span> <span class='ocrx_word' id='word_1_601' title='bbox 3487 3928 3591 4001; x_wconf 92' lang='lat' dir='ltr'>qui</span> 
     </span>
    </p>
   </div>
   <div class='ocr_carea' id='block_1_93' title="bbox 1940 4017 3592 4094">
    <p class='ocr_par' dir='ltr' id='par_1_93' title="bbox 1940 4017 3592 4094">
     <span class='ocr_line' id='line_1_93' title="bbox 1940 4017 3592 4094; baseline -0.007 -10"><span class='ocrx_word' id='word_1_602' title='bbox 1940 4031 2171 4084; x_wconf 88' lang='lat' dir='ltr'>terrena</span> <span class='ocrx_word' id='word_1_603' title='bbox 2195 4021 2744 4094; x_wconf 89' lang='lat' dir='ltr'>supergrediuntur,</span> <span class='ocrx_word' id='word_1_604' title='bbox 2777 4023 2956 4092; x_wconf 90' lang='lat' dir='ltr'>atque</span> <span class='ocrx_word' id='word_1_605' title='bbox 2987 4018 3083 4075; x_wconf 93' lang='lat' dir='ltr'>ala</span> <span class='ocrx_word' id='word_1_606' title='bbox 3110 4019 3325 4075; x_wconf 90' lang='lat' dir='ltr'>mentis</span> <span class='ocrx_word' id='word_1_607' title='bbox 3356 4017 3592 4074; x_wconf 84' lang='lat' dir='ltr'>elevan-</span> 
     </span>
    </p>
   </div>
   <div class='ocr_carea' id='block_1_94' title="bbox 1940 4106 3589 4183">
    <p class='ocr_par' dir='ltr' id='par_1_94' title="bbox 1940 4106 3589 4183">
     <span class='ocr_line' id='line_1_94' title="bbox 1940 4106 3589 4183; baseline -0.007 -11"><span class='ocrx_word' id='word_1_608' title='bbox 1940 4121 2034 4173; x_wconf 88' lang='lat' dir='ltr'>tur</span> <span class='ocrx_word' id='word_1_609' title='bbox 2076 4113 2155 4170; x_wconf 91' lang='lat' dir='ltr'>ad</span> <span class='ocrx_word' id='word_1_610' title='bbox 2189 4110 2539 4183; x_wconf 85' lang='lat' dir='ltr'>cognitionis</span> <span class='ocrx_word' id='word_1_611' title='bbox 2582 4108 2954 4165; x_wconf 89' lang='lat' dir='ltr'>altitudinem</span> <span class='ocrx_word' id='word_1_612' title='bbox 2998 4107 3104 4178; x_wconf 57' lang='grc'>(1-1-</span> <span class='ocrx_word' id='word_1_613' title='bbox 3152 4112 3207 4162; x_wconf 91' lang='lat' dir='ltr'>et</span> <span class='ocrx_word' id='word_1_614' title='bbox 3249 4106 3328 4162; x_wconf 91' lang='lat' dir='ltr'>ad</span> <span class='ocrx_word' id='word_1_615' title='bbox 3368 4106 3589 4163; x_wconf 76' lang='lat' dir='ltr'>cmlum</span> 
     </span>
    </p>
   </div>
   <div class='ocr_carea' id='block_1_95' title="bbox 1940 4199 2304 4275">
    <p class='ocr_par' dir='ltr' id='par_1_95' title="bbox 1940 4199 2304 4275">
     <span class='ocr_line' id='line_1_95' title="bbox 1940 4199 2304 4275; baseline -0.014 -17"><span class='ocrx_word' id='word_1_616' title='bbox 1940 4199 2304 4275; x_wconf 83' lang='lat' dir='ltr'>prOperant).</span> 
     </span>
    </p>
   </div>
   <div class='ocr_carea' id='block_1_96' title="bbox 2010 4278 3592 4352">
    <p class='ocr_par' dir='ltr' id='par_1_96' title="bbox 2010 4278 3592 4352">
     <span class='ocr_line' id='line_1_96' title="bbox 2010 4278 3592 4352; baseline -0.007 -7"><span class='ocrx_word' id='word_1_617' title='bbox 2010 4291 2176 4345; x_wconf 86' lang='lat' dir='ltr'>Vers.</span> <span class='ocrx_word' id='word_1_618' title='bbox 2238 4288 2325 4343; x_wconf 91' lang='lat'>33.</span> <span class='ocrx_word' id='word_1_619' title='bbox 2378 4285 2570 4341; x_wconf 85' lang='lat' dir='ltr'>Aliam</span> <span class='ocrx_word' id='word_1_620' title='bbox 2600 4314 2667 4325; x_wconf 96' lang='lat'><strong>—</strong></span> <span class='ocrx_word' id='word_1_621' title='bbox 2693 4283 3008 4352; x_wconf 83' lang='lat' dir='ltr'>fermento.</span> <span class='ocrx_word' id='word_1_622' title='bbox 3067 4283 3169 4334; x_wconf 90' lang='lat' dir='ltr'>Per</span> <span class='ocrx_word' id='word_1_623' title='bbox 3215 4278 3440 4348; x_wconf 87' lang='lat' dir='ltr'>sinapis</span> <span class='ocrx_word' id='word_1_624' title='bbox 3483 4293 3592 4350; x_wconf 88' lang='lat' dir='ltr'>pa-</span> 
     </span>
    </p>
   </div>
   <div class='ocr_carea' id='block_1_97' title="bbox 1940 4365 3587 4441">
    <p class='ocr_par' dir='ltr' id='par_1_97' title="bbox 1940 4365 3587 4441">
     <span class='ocr_line' id='line_1_97' title="bbox 1940 4365 3587 4441; baseline -0.01 -6"><span class='ocrx_word' id='word_1_625' title='bbox 1940 4377 2233 4441; x_wconf 90' lang='lat' dir='ltr'>rabolam,</span> <span class='ocrx_word' id='word_1_626' title='bbox 2288 4375 2425 4430; x_wconf 92' lang='lat' dir='ltr'>ﬁdei</span> <span class='ocrx_word' id='word_1_627' title='bbox 2483 4375 2850 4428; x_wconf 90' lang='lat' dir='ltr'>crementum</span> <span class='ocrx_word' id='word_1_628' title='bbox 2919 4367 3082 4440; x_wconf 91' lang='lat' dir='ltr'>prius</span> <span class='ocrx_word' id='word_1_629' title='bbox 3138 4365 3587 4431; x_wconf 89' lang='lat' dir='ltr'>demonstravit,</span> 
     </span>
    </p>
   </div>
   <div class='ocr_carea' id='block_1_98' title="bbox 223 4452 1829 4559">
    <p class='ocr_par' dir='ltr' id='par_1_98' title="bbox 223 4457 1829 4532">
     <span class='ocr_line' id='line_1_98' title="bbox 223 4457 1829 4532; baseline 0.004 -21"><span class='ocrx_word' id='word_1_630' title='bbox 223 4457 319 4512; x_wconf 78' lang='grc' dir='ltr'>διὰ</span> <span class='ocrx_word' id='word_1_631' title='bbox 368 4470 469 4520; x_wconf 77' lang='grc' dir='ltr'>πῆς</span> <span class='ocrx_word' id='word_1_632' title='bbox 527 4463 833 4532; x_wconf 71' lang='grc' dir='ltr'>προσθήκης</span> <span class='ocrx_word' id='word_1_633' title='bbox 889 4470 988 4513; x_wconf 88' lang='grc' dir='ltr'>τῶν</span> <span class='ocrx_word' id='word_1_634' title='bbox 1029 4461 1274 4514; x_wconf 80' lang='grc' dir='ltr'>ἑκάστοτε</span> <span class='ocrx_word' id='word_1_635' title='bbox 1313 4469 1656 4516; x_wconf 87' lang='grc' dir='ltr'>πιστευόντων</span> <span class='ocrx_word' id='word_1_636' title='bbox 1691 4481 1703 4494; x_wconf 81' lang='lat'><strong><em>°</em></strong></span> <span class='ocrx_word' id='word_1_637' title='bbox 1743 4462 1829 4517; x_wconf 85' lang='grc' dir='ltr'>διὰ</span> 
     </span>
    </p>
   </div>
   <div class='ocr_carea' id='block_1_99' title="bbox 1950 4452 3587 4559">
    <p class='ocr_par' dir='ltr' id='par_1_99' title="bbox 1950 4452 3587 4538">
     <span class='ocr_line' id='line_1_99' title="bbox 1950 4452 3587 4538; baseline -0.008 -17"><span class='ocrx_word' id='word_1_638' title='bbox 1950 4464 2106 4538; x_wconf 86' lang='lat' dir='ltr'>quod</span> <span class='ocrx_word' id='word_1_639' title='bbox 2148 4463 2216 4519; x_wconf 88' lang='lat' dir='ltr'>ﬁt</span> <span class='ocrx_word' id='word_1_640' title='bbox 2250 4461 2549 4518; x_wconf 88' lang='lat' dir='ltr'>additione</span> <span class='ocrx_word' id='word_1_641' title='bbox 2587 4473 2793 4514; x_wconf 90' lang='lat' dir='ltr'>eorum</span> <span class='ocrx_word' id='word_1_642' title='bbox 2834 4455 2937 4528; x_wconf 88' lang='lat' dir='ltr'>qui</span> <span class='ocrx_word' id='word_1_643' title='bbox 2985 4453 3250 4527; x_wconf 90' lang='lat' dir='ltr'>quotidie</span> <span class='ocrx_word' id='word_1_644' title='bbox 3289 4452 3539 4509; x_wconf 89' lang='lat' dir='ltr'>credunt</span> <span class='ocrx_word' id='word_1_645' title='bbox 3576 4469 3587 4508; x_wconf 93' lang='lat'><strong>:</strong></span> 
     </span>
    </p>
   </div>
   <div class='ocr_carea' id='block_1_100' title="bbox 224 4546 1831 4626">
    <p class='ocr_par' dir='ltr' id='par_1_100' title="bbox 224 4546 1831 4626">
     <span class='ocr_line' id='line_1_100' title="bbox 224 4546 1831 4626; baseline 0.004 -26"><span class='ocrx_word' id='word_1_646' title='bbox 224 4546 282 4602; x_wconf 73' lang='grc' dir='ltr'>δε</span> <span class='ocrx_word' id='word_1_647' title='bbox 307 4558 406 4612; x_wconf 87' lang='grc' dir='ltr'>τῆς</span> <span class='ocrx_word' id='word_1_648' title='bbox 446 4547 750 4622; x_wconf 85' lang='grc' dir='ltr'>παραϐολῆς</span> <span class='ocrx_word' id='word_1_649' title='bbox 793 4557 887 4610; x_wconf 84' lang='grc' dir='ltr'>τῆς</span> <span class='ocrx_word' id='word_1_650' title='bbox 931 4551 1117 4622; x_wconf 78' lang='grc' dir='ltr'>ζύμης,</span> <span class='ocrx_word' id='word_1_651' title='bbox 1173 4555 1260 4608; x_wconf 78' lang='grc' dir='ltr'>τὴν</span> <span class='ocrx_word' id='word_1_652' title='bbox 1311 4550 1470 4622; x_wconf 80' lang='grc' dir='ltr'>ἰσχύν</span> <span class='ocrx_word' id='word_1_653' title='bbox 1517 4553 1680 4612; x_wconf 68' lang='grc' dir='ltr'>αὐτῆς</span> <span class='ocrx_word' id='word_1_654' title='bbox 1707 4573 1831 4626; x_wconf 89' lang='grc' dir='ltr'>προ-</span> 
     </span>
    </p>
   </div>
   <div class='ocr_carea' id='block_1_101' title="bbox 223 4637 1834 4713">
    <p class='ocr_par' dir='ltr' id='par_1_101' title="bbox 223 4637 1834 4713">
     <span class='ocr_line' id='line_1_101' title="bbox 223 4637 1834 4713; baseline 0.004 -25"><span class='ocrx_word' id='word_1_655' title='bbox 223 4642 492 4711; x_wconf 79' lang='grc' dir='ltr'>κηρύττει.</span> <span class='ocrx_word' id='word_1_656' title='bbox 530 4637 795 4690; x_wconf 83' lang='grc' dir='ltr'>Βασιλείαν</span> <span class='ocrx_word' id='word_1_657' title='bbox 819 4640 920 4713; x_wconf 80' lang='grc' dir='ltr'>γὰρ</span> <span class='ocrx_word' id='word_1_658' title='bbox 975 4647 1074 4690; x_wconf 92' lang='grc' dir='ltr'>τῶν</span> <span class='ocrx_word' id='word_1_659' title='bbox 1106 4639 1331 4713; x_wconf 76' lang='grc' dir='ltr'>οὐρανῶν</span> <span class='ocrx_word' id='word_1_660' title='bbox 1357 4639 1528 4706; x_wconf 88' lang='grc' dir='ltr'>πάλιν,</span> <span class='ocrx_word' id='word_1_661' title='bbox 1574 4644 1658 4692; x_wconf 88' lang='grc' dir='ltr'>τόν</span> <span class='ocrx_word' id='word_1_662' title='bbox 1685 4641 1834 4713; x_wconf 90' lang='grc' dir='ltr'>λόγον</span> 
     </span>
    </p>
   </div>
   <div class='ocr_carea' id='block_1_102' title="bbox 227 4726 946 4788">
    <p class='ocr_par' dir='ltr' id='par_1_102' title="bbox 227 4726 946 4788">
     <span class='ocr_line' id='line_1_102' title="bbox 227 4726 946 4788; baseline 0 -10"><span class='ocrx_word' id='word_1_663' title='bbox 227 4734 287 4784; x_wconf 84' lang='grc' dir='ltr'>τῆ</span> <span class='ocrx_word' id='word_1_664' title='bbox 301 4747 323 4787; x_wconf 88' lang='grc' dir='ltr'>ς</span> <span class='ocrx_word' id='word_1_665' title='bbox 344 4733 573 4788; x_wconf 88' lang='grc' dir='ltr'>πίστεως</span> <span class='ocrx_word' id='word_1_666' title='bbox 605 4726 946 4784; x_wconf 78' lang='grc' dir='ltr'>ὑποληπτέον,</span> 
     </span>
    </p>
   </div>
   <div class='ocr_carea' id='block_1_103' title="bbox 293 4814 1833 4893">
    <p class='ocr_par' dir='ltr' id='par_1_103' title="bbox 293 4814 1833 4893">
     <span class='ocr_line' id='line_1_103' title="bbox 293 4814 1833 4893; baseline 0.002 -25"><span class='ocrx_word' id='word_1_667' title='bbox 293 4815 390 4868; x_wconf 75' lang='grc' dir='ltr'>Ἠν</span> <span class='ocrx_word' id='word_1_668' title='bbox 422 4846 493 4856; x_wconf 91' lang='grc'><strong>-</strong></span> <span class='ocrx_word' id='word_1_669' title='bbox 547 4821 685 4890; x_wconf 86' lang='grc' dir='ltr'>τρία.</span> <span class='ocrx_word' id='word_1_670' title='bbox 747 4819 903 4869; x_wconf 86' lang='grc' dir='ltr'>Σάτον</span> <span class='ocrx_word' id='word_1_671' title='bbox 942 4819 1031 4888; x_wconf 85' lang='grc' dir='ltr'>μέν</span> <span class='ocrx_word' id='word_1_672' title='bbox 1085 4815 1224 4869; x_wconf 80' lang='grc' dir='ltr'>ἐστιν</span> <span class='ocrx_word' id='word_1_673' title='bbox 1278 4814 1418 4880; x_wconf 84' lang='grc' dir='ltr'>εἶδος</span> <span class='ocrx_word' id='word_1_674' title='bbox 1471 4824 1659 4892; x_wconf 77' lang='grc' dir='ltr'>μέτρου</span> <span class='ocrx_word' id='word_1_675' title='bbox 1711 4837 1833 4893; x_wconf 70' lang='grc' dir='ltr'>παρ’</span> 
     </span>
    </p>
   </div>
   <div class='ocr_carea' id='block_1_104' title="bbox 222 4902 1834 4980">
    <p class='ocr_par' dir='ltr' id='par_1_104' title="bbox 222 4902 1834 4980">
     <span class='ocr_line' id='line_1_104' title="bbox 222 4902 1834 4980; baseline 0.002 -25"><span class='ocrx_word' id='word_1_676' title='bbox 222 4903 504 4976; x_wconf 78' lang='grc' dir='ltr'>Ἑϐραίοις.</span> <span class='ocrx_word' id='word_1_677' title='bbox 567 4909 698 4978; x_wconf 86' lang='grc' dir='ltr'>Τρία</span> <span class='ocrx_word' id='word_1_678' title='bbox 765 4902 840 4970; x_wconf 65' lang='grc' dir='ltr'>δὲ,</span> <span class='ocrx_word' id='word_1_679' title='bbox 891 4908 958 4957; x_wconf 80' lang='grc' dir='ltr'>τὰ</span> <span class='ocrx_word' id='word_1_680' title='bbox 1007 4905 1171 4958; x_wconf 88' lang='grc' dir='ltr'>πολλὰ</span> <span class='ocrx_word' id='word_1_681' title='bbox 1207 4914 1294 4958; x_wconf 86' lang='grc' dir='ltr'>νῦν</span> <span class='ocrx_word' id='word_1_682' title='bbox 1347 4911 1567 4980; x_wconf 84' lang='grc' dir='ltr'>εἴρηκεν.</span> <span class='ocrx_word' id='word_1_683' title='bbox 1597 4907 1834 4960; x_wconf 84' lang='grc' dir='ltr'>Εἰώθασι</span> 
     </span>
    </p>
   </div>
   <div class='ocr_carea' id='block_1_105' title="bbox 227 4990 1834 5069">
    <p class='ocr_par' dir='ltr' id='par_1_105' title="bbox 227 4990 1834 5069">
     <span class='ocr_line' id='line_1_105' title="bbox 227 4990 1834 5069; baseline 0.003 -25"><span class='ocrx_word' id='word_1_684' title='bbox 227 4996 328 5067; x_wconf 81' lang='grc' dir='ltr'>γὰρ</span> <span class='ocrx_word' id='word_1_685' title='bbox 367 4992 620 5056; x_wconf 90' lang='grc' dir='ltr'>πολλάκις</span> <span class='ocrx_word' id='word_1_686' title='bbox 665 4990 758 5046; x_wconf 83' lang='grc' dir='ltr'>διὰ</span> <span class='ocrx_word' id='word_1_687' title='bbox 798 5001 889 5046; x_wconf 85' lang='grc' dir='ltr'>τοῦ</span> <span class='ocrx_word' id='word_1_688' title='bbox 943 4992 1167 5069; x_wconf 81' lang='grc' dir='ltr'>ἀριθμοῦ</span> <span class='ocrx_word' id='word_1_689' title='bbox 1209 5003 1308 5047; x_wconf 88' lang='grc' dir='ltr'>τῶν</span> <span class='ocrx_word' id='word_1_690' title='bbox 1358 4996 1532 5068; x_wconf 83' lang='grc' dir='ltr'>θριῶν,</span> <span class='ocrx_word' id='word_1_691' title='bbox 1573 4999 1638 5049; x_wconf 79' lang='grc' dir='ltr'>τὰ</span> <span class='ocrx_word' id='word_1_692' title='bbox 1673 4995 1834 5049; x_wconf 84' lang='grc' dir='ltr'>πολλὰ</span> 
     </span>
    </p>
   </div>
   <div class='ocr_carea' id='block_1_106' title="bbox 300 5167 694 5236">
    <p class='ocr_par' dir='ltr' id='par_1_106' title="bbox 300 5167 694 5236">
     <span class='ocr_line' id='line_1_106' title="bbox 300 5167 694 5236; baseline 0.003 -12"><span class='ocrx_word' id='word_1_693' title='bbox 300 5172 342 5206; x_wconf 84' lang='grc'>¹¹</span> <span class='ocrx_word' id='word_1_694' title='bbox 378 5167 492 5227; x_wconf 90' lang='lat' dir='ltr'>Isa.</span> <span class='ocrx_word' id='word_1_695' title='bbox 517 5185 577 5236; x_wconf 89' lang='lat' dir='ltr'>x,</span> <span class='ocrx_word' id='word_1_696' title='bbox 609 5172 694 5227; x_wconf 80' lang='lat'>23.</span> 
     </span>
    </p>
   </div>
   <div class='ocr_carea' id='block_1_107' title="bbox 775 5170 1785 5240">
    <p class='ocr_par' dir='ltr' id='par_1_107' title="bbox 775 5170 1785 5240">
     <span class='ocr_line' id='line_1_107' title="bbox 775 5170 1785 5240; baseline 0.004 -14"><span class='ocrx_word' id='word_1_697' title='bbox 775 5172 821 5208; x_wconf 82' lang='grc'>¹³</span> <span class='ocrx_word' id='word_1_698' title='bbox 847 5170 1001 5228; x_wconf 88' lang='lat' dir='ltr'>Psal.</span> <span class='ocrx_word' id='word_1_699' title='bbox 1034 5187 1187 5240; x_wconf 78' lang='lat' dir='ltr'><strong>XLIII,</strong></span> <span class='ocrx_word' id='word_1_700' title='bbox 1226 5171 1311 5227; x_wconf 82' lang='grc'>15.</span> <span class='ocrx_word' id='word_1_701' title='bbox 1391 5174 1435 5208; x_wconf 77' lang='grc'>¹³</span> <span class='ocrx_word' id='word_1_702' title='bbox 1462 5172 1625 5228; x_wconf 90' lang='lat' dir='ltr'>Prov.</span> <span class='ocrx_word' id='word_1_703' title='bbox 1665 5188 1700 5238; x_wconf 83' lang='grc' dir='ltr'>ι,</span> <span class='ocrx_word' id='word_1_704' title='bbox 1732 5177 1785 5230; x_wconf 80' lang='lat'>6.</span> 
     </span>
    </p>
   </div>
   <div class='ocr_carea' id='block_1_108' title="bbox 1861 5168 2488 5236">
    <p class='ocr_par' dir='ltr' id='par_1_108' title="bbox 1861 5168 2488 5236">
     <span class='ocr_line' id='line_1_108' title="bbox 1861 5168 2488 5236; baseline -0.011 -7"><span class='ocrx_word' id='word_1_705' title='bbox 1861 5172 1910 5209; x_wconf 81' lang='lat'><strong>“</strong></span> <span class='ocrx_word' id='word_1_706' title='bbox 1944 5171 2148 5229; x_wconf 85' lang='lat' dir='ltr'>Ezech.</span> <span class='ocrx_word' id='word_1_707' title='bbox 2180 5187 2317 5236; x_wconf 83' lang='lat' dir='ltr'>xvu,</span> <span class='ocrx_word' id='word_1_708' title='bbox 2352 5171 2404 5226; x_wconf 75' lang='lat'>2.</span> <span class='ocrx_word' id='word_1_709' title='bbox 2436 5168 2488 5225; x_wconf 91' lang='lat'>3.</span> 
     </span>
    </p>
   </div>
   <div class='ocr_carea' id='block_1_109' title="bbox 1944 4542 3586 4627">
    <p class='ocr_par' dir='ltr' id='par_1_109' title="bbox 1944 4542 3586 4627">
     <span class='ocr_line' id='line_1_109' title="bbox 1944 4542 3586 4627; baseline -0.008 -17"><span class='ocrx_word' id='word_1_710' title='bbox 1944 4569 2042 4627; x_wconf 87' lang='lat' dir='ltr'>per</span> <span class='ocrx_word' id='word_1_711' title='bbox 2078 4551 2432 4626; x_wconf 90' lang='lat' dir='ltr'>parabolam</span> <span class='ocrx_word' id='word_1_712' title='bbox 2477 4564 2612 4604; x_wconf 88' lang='lat' dir='ltr'>vero</span> <span class='ocrx_word' id='word_1_713' title='bbox 2663 4545 2953 4611; x_wconf 90' lang='lat' dir='ltr'>fermenti,</span> <span class='ocrx_word' id='word_1_714' title='bbox 2995 4543 3119 4599; x_wconf 87' lang='lat' dir='ltr'>vim</span> <span class='ocrx_word' id='word_1_715' title='bbox 3165 4543 3294 4617; x_wconf 89' lang='lat' dir='ltr'>ejus</span> <span class='ocrx_word' id='word_1_716' title='bbox 3345 4542 3586 4615; x_wconf 90' lang='lat' dir='ltr'>prodiit.</span> 
     </span>
    </p>
   </div>
   <div class='ocr_carea' id='block_1_110' title="bbox 1944 4632 3590 4716">
    <p class='ocr_par' dir='ltr' id='par_1_110' title="bbox 1944 4632 3590 4716">
     <span class='ocr_line' id='line_1_110' title="bbox 1944 4632 3590 4716; baseline -0.007 -16"><span class='ocrx_word' id='word_1_717' title='bbox 1944 4645 2213 4714; x_wconf 78' lang='lat' dir='ltr'>Regnum</span> <span class='ocrx_word' id='word_1_718' title='bbox 2240 4641 2398 4697; x_wconf 92' lang='lat' dir='ltr'>enim</span> <span class='ocrx_word' id='word_1_719' title='bbox 2425 4637 2708 4695; x_wconf 66' lang='lat' dir='ltr'>caelorum</span> <span class='ocrx_word' id='word_1_720' title='bbox 2739 4651 2978 4692; x_wconf 90' lang='lat' dir='ltr'>rursum</span> <span class='ocrx_word' id='word_1_721' title='bbox 3017 4649 3125 4706; x_wconf 89' lang='lat' dir='ltr'>pro</span> <span class='ocrx_word' id='word_1_722' title='bbox 3154 4632 3292 4716; x_wconf 86' lang='lat' dir='ltr'>ﬁdei</span> <span class='ocrx_word' id='word_1_723' title='bbox 3325 4647 3590 4688; x_wconf 90' lang='lat' dir='ltr'>sermone</span> 
     </span>
    </p>
   </div>
   <div class='ocr_carea' id='block_1_111' title="bbox 1945 4731 2442 4788">
    <p class='ocr_par' dir='ltr' id='par_1_111' title="bbox 1945 4731 2442 4788">
     <span class='ocr_line' id='line_1_111' title="bbox 1945 4731 2442 4788; baseline -0.008 0"><span class='ocrx_word' id='word_1_724' title='bbox 1945 4731 2302 4788; x_wconf 89' lang='lat' dir='ltr'>sumendum</span> <span class='ocrx_word' id='word_1_725' title='bbox 2333 4734 2442 4786; x_wconf 89' lang='lat' dir='ltr'>est.</span> 
     </span>
    </p>
   </div>
   <div class='ocr_carea' id='block_1_112' title="bbox 2013 4809 3588 4884">
    <p class='ocr_par' dir='ltr' id='par_1_112' title="bbox 2013 4809 3588 4884">
     <span class='ocr_line' id='line_1_112' title="bbox 2013 4809 3588 4884; baseline -0.006 -10"><span class='ocrx_word' id='word_1_726' title='bbox 2013 4822 2174 4874; x_wconf 87' lang='lat' dir='ltr'>Vers.</span> <span class='ocrx_word' id='word_1_727' title='bbox 2211 4818 2295 4874; x_wconf 90' lang='lat'>33.</span> <span class='ocrx_word' id='word_1_728' title='bbox 2352 4813 2848 4884; x_wconf 80' lang='lat' dir='ltr'>Quod—tribus.</span> <span class='ocrx_word' id='word_1_729' title='bbox 2906 4813 3111 4868; x_wconf 91' lang='lat' dir='ltr'>Satum</span> <span class='ocrx_word' id='word_1_730' title='bbox 3167 4809 3351 4883; x_wconf 92' lang='lat' dir='ltr'>(quod</span> <span class='ocrx_word' id='word_1_731' title='bbox 3411 4809 3588 4866; x_wconf 88' lang='lat' dir='ltr'>etiam</span> 
     </span>
    </p>
   </div>
   <div class='ocr_carea' id='block_1_113' title="bbox 1944 4896 3589 4974">
    <p class='ocr_par' dir='ltr' id='par_1_113' title="bbox 1944 4896 3589 4974">
     <span class='ocr_line' id='line_1_113' title="bbox 1944 4896 3589 4974; baseline -0.007 -11"><span class='ocrx_word' id='word_1_732' title='bbox 1944 4907 2130 4963; x_wconf 82' lang='lat' dir='ltr'>Graeci</span> <span class='ocrx_word' id='word_1_733' title='bbox 2181 4907 2335 4958; x_wconf 81' lang='grc' dir='ltr'>σάτον</span> <span class='ocrx_word' id='word_1_734' title='bbox 2388 4902 2614 4974; x_wconf 91' lang='lat' dir='ltr'>dicunt)</span> <span class='ocrx_word' id='word_1_735' title='bbox 2664 4917 2850 4972; x_wconf 90' lang='lat' dir='ltr'>genus</span> <span class='ocrx_word' id='word_1_736' title='bbox 2909 4904 3034 4956; x_wconf 87' lang='lat' dir='ltr'>erat</span> <span class='ocrx_word' id='word_1_737' title='bbox 3080 4914 3374 4956; x_wconf 68' lang='lat' dir='ltr'>mensuris</span> <span class='ocrx_word' id='word_1_738' title='bbox 3428 4896 3589 4969; x_wconf 88' lang='lat' dir='ltr'>apud</span> 
     </span>
    </p>
   </div>
   <div class='ocr_carea' id='block_1_114' title="bbox 1947 4986 3590 5058">
    <p class='ocr_par' dir='ltr' id='par_1_114' title="bbox 1947 4986 3590 5058">
     <span class='ocr_line' id='line_1_114' title="bbox 1947 4986 3590 5058; baseline -0.007 -8"><span class='ocrx_word' id='word_1_739' title='bbox 1947 4995 2247 5051; x_wconf 72' lang='lat' dir='ltr'>Hebraeos.</span> <span class='ocrx_word' id='word_1_740' title='bbox 2267 4993 2399 5050; x_wconf 91' lang='lat' dir='ltr'>Tria</span> <span class='ocrx_word' id='word_1_741' title='bbox 2431 5007 2566 5048; x_wconf 90' lang='lat' dir='ltr'>vero</span> <span class='ocrx_word' id='word_1_742' title='bbox 2595 5007 2757 5047; x_wconf 90' lang='lat' dir='ltr'>nunc</span> <span class='ocrx_word' id='word_1_743' title='bbox 2787 4989 2928 5046; x_wconf 86' lang='lat' dir='ltr'>dixit</span> <span class='ocrx_word' id='word_1_744' title='bbox 2957 4988 3178 5054; x_wconf 88' lang='lat' dir='ltr'>multa;</span> <span class='ocrx_word' id='word_1_745' title='bbox 3212 5003 3350 5044; x_wconf 89' lang='lat' dir='ltr'>nam</span> <span class='ocrx_word' id='word_1_746' title='bbox 3373 4986 3590 5058; x_wconf 68' lang='lat' dir='ltr'>saepius</span> 
     </span>
    </p>
   </div>
   <div class='ocr_carea' id='block_1_115' title="bbox 2566 5165 3178 5236">
    <p class='ocr_par' dir='ltr' id='par_1_115' title="bbox 2566 5165 3178 5236">
     <span class='ocr_line' id='line_1_115' title="bbox 2566 5165 3178 5236; baseline -0.007 -10"><span class='ocrx_word' id='word_1_747' title='bbox 2566 5169 2614 5206; x_wconf 84' lang='grc'>¹⁸</span> <span class='ocrx_word' id='word_1_748' title='bbox 2639 5165 2816 5226; x_wconf 87' lang='lat' dir='ltr'>Hebr.</span> <span class='ocrx_word' id='word_1_749' title='bbox 2848 5181 2928 5236; x_wconf 76' lang='lat' dir='ltr'>Ii,</span> <span class='ocrx_word' id='word_1_750' title='bbox 2969 5165 3058 5235; x_wconf 79' lang='grc'>17,</span> <span class='ocrx_word' id='word_1_751' title='bbox 3089 5165 3178 5222; x_wconf 77' lang='grc'>19.</span> 
     </span>
    </p>
   </div>
   <div class='ocr_carea' id='block_1_116' title="bbox 1444 5348 2357 5420">
    <p class='ocr_par' dir='ltr' id='par_1_116' title="bbox 1444 5348 2357 5420">
     <span class='ocr_line' id='line_1_116' title="bbox 1444 5348 2357 5420; baseline -0.004 0"><span class='ocrx_word' id='word_1_752' title='bbox 1444 5348 1668 5420; x_wconf 60' lang='lat' dir='ltr'>Variae</span> <span class='ocrx_word' id='word_1_753' title='bbox 1689 5349 2017 5418; x_wconf 88' lang='lat' dir='ltr'>lectiones</span> <span class='ocrx_word' id='word_1_754' title='bbox 2058 5358 2122 5417; x_wconf 87' lang='lat' dir='ltr'>et</span> <span class='ocrx_word' id='word_1_755' title='bbox 2154 5358 2357 5416; x_wconf 72' lang='lat' dir='ltr'>notae.</span> 
     </span>
    </p>
   </div>
   <div class='ocr_carea' id='block_1_117' title="bbox 297 5541 1830 5628">
    <p class='ocr_par' dir='ltr' id='par_1_117' title="bbox 297 5541 1830 5628">
     <span class='ocr_line' id='line_1_117' title="bbox 297 5541 1830 5628; baseline 0.001 -29"><span class='ocrx_word' id='word_1_756' title='bbox 297 5544 413 5615; x_wconf 79' lang='lat'>(3&#39;2)</span> <span class='ocrx_word' id='word_1_757' title='bbox 443 5541 692 5628; x_wconf 78' lang='lat' dir='ltr'>foendo</span> <span class='ocrx_word' id='word_1_758' title='bbox 717 5541 776 5598; x_wconf 92' lang='lat' dir='ltr'>in</span> <span class='ocrx_word' id='word_1_759' title='bbox 804 5543 956 5628; x_wconf 46' lang='lat'>52.009;</span> <span class='ocrx_word' id='word_1_760' title='bbox 985 5545 1319 5628; x_wconf 59' lang='lat' dir='ltr'>Henteniqs,</span> <span class='ocrx_word' id='word_1_761' title='bbox 1349 5545 1637 5628; x_wconf 59' lang='lat' dir='ltr'>omnibus.</span> <span class='ocrx_word' id='word_1_762' title='bbox 1666 5547 1830 5602; x_wconf 90' lang='lat' dir='ltr'>Forte</span> 
     </span>
    </p>
   </div>
   <div class='ocr_carea' id='block_1_118' title="bbox 229 5615 1831 5761">
    <p class='ocr_par' dir='ltr' id='par_1_118' title="bbox 229 5615 1831 5761">
     <span class='ocr_line' id='line_1_118' title="bbox 229 5615 1803 5698; baseline -0.002 -26"><span class='ocrx_word' id='word_1_763' title='bbox 229 5629 370 5686; x_wconf 89' lang='lat' dir='ltr'>ergo</span> <span class='ocrx_word' id='word_1_764' title='bbox 403 5617 609 5668; x_wconf 77' lang='grc' dir='ltr'>πάντων</span> <span class='ocrx_word' id='word_1_765' title='bbox 639 5615 884 5696; x_wconf 81' lang='lat' dir='ltr'>invenit.</span> <span class='ocrx_word' id='word_1_766' title='bbox 919 5618 1088 5698; x_wconf 38' lang='lat' dir='ltr'>(.lerte.</span> <span class='ocrx_word' id='word_1_767' title='bbox 1109 5625 1206 5668; x_wconf 85' lang='grc' dir='ltr'>τῶν</span> <span class='ocrx_word' id='word_1_768' title='bbox 1238 5615 1363 5669; x_wconf 77' lang='grc' dir='ltr'>ὅλων</span> <span class='ocrx_word' id='word_1_769' title='bbox 1394 5616 1570 5672; x_wconf 89' lang='lat' dir='ltr'>debet</span> <span class='ocrx_word' id='word_1_770' title='bbox 1609 5632 1755 5672; x_wconf 88' lang='lat' dir='ltr'>esse.</span> <span class='ocrx_word' id='word_1_771' title='bbox 1792 5686 1803 5698; x_wconf 50' lang='lat'><strong>.</strong></span> 
     </span>
     <span class='ocr_line' id='line_1_119' title="bbox 299 5685 1831 5761; baseline -0.001 -16"><span class='ocrx_word' id='word_1_772' title='bbox 299 5687 417 5761; x_wconf 89' lang='lat'>(33)</span> <span class='ocrx_word' id='word_1_773' title='bbox 449 5689 570 5744; x_wconf 86' lang='lat' dir='ltr'>Hoc</span> <span class='ocrx_word' id='word_1_774' title='bbox 602 5685 894 5746; x_wconf 88' lang='lat' dir='ltr'>schohum</span> <span class='ocrx_word' id='word_1_775' title='bbox 925 5686 1190 5754; x_wconf 82' lang='lat' dir='ltr'>inferius,</span> <span class='ocrx_word' id='word_1_776' title='bbox 1219 5691 1355 5745; x_wconf 91' lang='lat' dir='ltr'>ante</span> <span class='ocrx_word' id='word_1_777' title='bbox 1385 5702 1535 5744; x_wconf 87' lang='lat' dir='ltr'>vers.</span> <span class='ocrx_word' id='word_1_778' title='bbox 1568 5687 1637 5744; x_wconf 86' lang='lat'><strong>36</strong></span> <span class='ocrx_word' id='word_1_779' title='bbox 1671 5687 1831 5744; x_wconf 83' lang='lat' dir='ltr'>exhi-</span> 
     </span>
    </p>
   </div>
   <div class='ocr_carea' id='block_1_119' title="bbox 1938 5535 3580 5606">
    <p class='ocr_par' dir='ltr' id='par_1_119' title="bbox 1938 5535 3580 5606">
     <span class='ocr_line' id='line_1_120' title="bbox 1938 5535 3580 5606; baseline -0.007 -5"><span class='ocrx_word' id='word_1_780' title='bbox 1938 5543 2037 5601; x_wconf 91' lang='lat' dir='ltr'>bet</span> <span class='ocrx_word' id='word_1_781' title='bbox 2066 5541 2408 5598; x_wconf 85' lang='lat' dir='ltr'>Hentenius.</span> <span class='ocrx_word' id='word_1_782' title='bbox 2441 5540 2628 5597; x_wconf 89' lang='lat' dir='ltr'>Habet</span> <span class='ocrx_word' id='word_1_783' title='bbox 2659 5543 2855 5598; x_wconf 89' lang='lat' dir='ltr'>autem</span> <span class='ocrx_word' id='word_1_784' title='bbox 2885 5554 3058 5595; x_wconf 90' lang='lat' dir='ltr'>meus</span> <span class='ocrx_word' id='word_1_785' title='bbox 3092 5538 3162 5597; x_wconf 93' lang='lat' dir='ltr'>B.</span> <span class='ocrx_word' id='word_1_786' title='bbox 3201 5537 3263 5593; x_wconf 93' lang='lat' dir='ltr'>in</span> <span class='ocrx_word' id='word_1_787' title='bbox 3291 5535 3580 5606; x_wconf 89' lang='lat' dir='ltr'>margine.</span> 
     </span>
    </p>
   </div>
   <div class='ocr_carea' id='block_1_120' title="bbox 2034 5612 2980 5671">
    <p class='ocr_par' dir='ltr' id='par_1_120' title="bbox 2034 5612 2980 5671">
     <span class='ocr_line' id='line_1_121' title="bbox 2034 5612 2980 5671; baseline -0.006 0"><span class='ocrx_word' id='word_1_788' title='bbox 2034 5614 2123 5671; x_wconf 70' lang='grc'>34)</span> <span class='ocrx_word' id='word_1_789' title='bbox 2143 5614 2299 5669; x_wconf 93' lang='lat' dir='ltr'>Loco</span> <span class='ocrx_word' id='word_1_790' title='bbox 2324 5612 2570 5669; x_wconf 89' lang='lat' dir='ltr'>laudato</span> <span class='ocrx_word' id='word_1_791' title='bbox 2601 5617 2688 5668; x_wconf 90' lang='lat' dir='ltr'>est</span> <span class='ocrx_word' id='word_1_792' title='bbox 2706 5616 2884 5670; x_wconf 79' lang='grc' dir='ltr'>νοήσει</span> <span class='ocrx_word' id='word_1_793' title='bbox 2907 5629 2980 5665; x_wconf 92' lang='grc' dir='ltr'>τε.</span> 
     </span>
    </p>
   </div>
   <div class='ocr_carea' id='block_1_121' title="bbox 2010 5614 3183 5760">
    <p class='ocr_par' dir='ltr' id='par_1_121' title="bbox 2010 5614 3183 5760">
     <span class='ocr_line' id='line_1_122' title="bbox 2034 5614 2980 5671; baseline -0.005 -1"><span class='ocrx_word' id='word_1_794' title='bbox 2034 5614 2101 5671; x_wconf 84' lang='grc'>34</span> <span class='ocrx_word' id='word_1_795' title='bbox 2143 5614 2299 5669; x_wconf 92' lang='lat' dir='ltr'>Loco</span> <span class='ocrx_word' id='word_1_796' title='bbox 2324 5614 2570 5669; x_wconf 88' lang='lat' dir='ltr'>laudato</span> <span class='ocrx_word' id='word_1_797' title='bbox 2601 5616 2884 5670; x_wconf 70' lang='grc' dir='ltr'>θεινοήσιι</span> <span class='ocrx_word' id='word_1_798' title='bbox 2907 5629 2980 5665; x_wconf 80' lang='grc' dir='ltr'>τι.</span> 
     </span>
     <span class='ocr_line' id='line_1_123' title="bbox 2010 5614 3183 5760; baseline -0.006 -18"><span class='ocrx_word' id='word_1_799' title='bbox 2010 5614 2123 5760; x_wconf 44' lang='grc' dir='ltr'>ἒὸὕζ</span> <span class='ocrx_word' id='word_1_800' title='bbox 2165 5685 2300 5742; x_wconf 64' lang='lat' dir='ltr'>Haec</span> <span class='ocrx_word' id='word_1_801' title='bbox 2330 5683 2580 5743; x_wconf 87' lang='lat' dir='ltr'>aberant</span> <span class='ocrx_word' id='word_1_802' title='bbox 2609 5683 2776 5756; x_wconf 88' lang='lat' dir='ltr'>apud</span> <span class='ocrx_word' id='word_1_803' title='bbox 2804 5678 3183 5740; x_wconf 88' lang='lat' dir='ltr'>Hentenium.</span> 
     </span>
    </p>
   </div>
  </div>
