  <div class='ocr_page' id='page_1' title='image "/cluster/home/n/w/nwhite01/storage/ocr_20150623/129/hvd.32044019208511/229.png"; bbox 0 0 4176 6440; ppageno 0'>
   <div class='ocr_carea' id='block_1_1' title="bbox 547 307 652 368">
    <p class='ocr_par' dir='ltr' id='par_1_1' title="bbox 547 307 652 368">
     <span class='ocr_line' id='line_1_1' title="bbox 547 307 652 368; baseline 0.029 -3"><span class='ocrx_word' id='word_1_1' title='bbox 547 307 652 368; x_wconf 69' lang='grc'><strong>407</strong></span> 
     </span>
    </p>
   </div>
   <div class='ocr_carea' id='block_1_2' title="bbox 551 435 888 512">
    <p class='ocr_par' dir='ltr' id='par_1_2' title="bbox 551 435 888 512">
     <span class='ocr_line' id='line_1_2' title="bbox 551 435 888 512; baseline 0.009 -18"><span class='ocrx_word' id='word_1_2' title='bbox 551 435 614 494; x_wconf 90' lang='lat' dir='ltr'><strong>in</strong></span> <span class='ocrx_word' id='word_1_3' title='bbox 641 452 712 496; x_wconf 90' lang='lat' dir='ltr'><strong>eo</strong></span> <span class='ocrx_word' id='word_1_4' title='bbox 731 454 888 512; x_wconf 53' lang='lat' dir='ltr'><strong>quor,</strong></span> 
     </span>
    </p>
   </div>
   <div class='ocr_carea' id='block_1_3' title="bbox 553 527 2160 674">
    <p class='ocr_par' dir='ltr' id='par_1_3' title="bbox 553 527 2160 674">
     <span class='ocr_line' id='line_1_3' title="bbox 555 527 2160 600; baseline 0.001 -18"><span class='ocrx_word' id='word_1_5' title='bbox 555 527 975 600; x_wconf 43' lang='lat' dir='ltr'><strong>subjectum?</strong></span> <span class='ocrx_word' id='word_1_6' title='bbox 1001 527 1219 583; x_wconf 80' lang='grc'><strong>.““’““¹’</strong></span> <span class='ocrx_word' id='word_1_7' title='bbox 1256 527 1442 584; x_wconf 72' lang='lat'><strong>‘.‘&quot;‘&quot;.&quot;</strong></span> <span class='ocrx_word' id='word_1_8' title='bbox 1477 527 1808 584; x_wconf 66' lang='lat' dir='ltr'><strong>“&quot;’.&quot;&quot;“T““&#39;</strong></span> <span class='ocrx_word' id='word_1_9' title='bbox 1853 527 2061 583; x_wconf 65' lang='lat' dir='ltr'><strong>“&quot;&quot;T&quot;</strong></span> <span class='ocrx_word' id='word_1_10' title='bbox 2103 527 2160 540; x_wconf 84' lang='grc'><strong><em>“⁴“</em></strong></span> 
     </span>
     <span class='ocr_line' id='line_1_4' title="bbox 553 571 2160 674; baseline 0.002 -51"><span class='ocrx_word' id='word_1_11' title='bbox 553 619 676 674; x_wconf 64' lang='lat' dir='ltr'><strong>tem</strong></span> <span class='ocrx_word' id='word_1_12' title='bbox 713 571 1468 674; x_wconf 38' lang='lat' dir='ltr'><strong>fuitali-igitur“sapientia,</strong></span> <span class='ocrx_word' id='word_1_13' title='bbox 1514 590 1656 674; x_wconf 52' lang='lat' dir='ltr'><strong>sive</strong></span> <span class='ocrx_word' id='word_1_14' title='bbox 1686 589 1820 674; x_wconf 62' lang='lat' dir='ltr'><strong>ipse</strong></span> <span class='ocrx_word' id='word_1_15' title='bbox 1879 573 2160 674; x_wconf 41' lang='lat' dir='ltr'><strong>Qhri&#39;s‘tus,</strong></span> 
     </span>
    </p>
   </div>
   <div class='ocr_carea' id='block_1_4' title="bbox 625 656 2161 736">
    <p class='ocr_par' dir='ltr' id='par_1_4' title="bbox 625 656 2161 736">
     <span class='ocr_line' id='line_1_5' title="bbox 625 656 2161 736; baseline 0.005 -27"><span class='ocrx_word' id='word_1_16' title='bbox 625 656 780 736; x_wconf 41' lang='grc' dir='ltr'>ζ’..οό</span> <span class='ocrx_word' id='word_1_17' title='bbox 831 658 1039 715; x_wconf 80' lang='lat' dir='ltr'><strong>fertilis</strong></span> <span class='ocrx_word' id='word_1_18' title='bbox 1089 663 1166 717; x_wconf 90' lang='lat' dir='ltr'><strong>sit</strong></span> <span class='ocrx_word' id='word_1_19' title='bbox 1191 680 1257 718; x_wconf 91' lang='lat' dir='ltr'><strong>ac</strong></span> <span class='ocrx_word' id='word_1_20' title='bbox 1311 663 1549 718; x_wconf 79' lang='lat' dir='ltr'><strong>nutriat.</strong></span> <span class='ocrx_word' id='word_1_21' title='bbox 1597 662 1827 718; x_wconf 90' lang='lat' dir='ltr'><strong>Fideles</strong></span> <span class='ocrx_word' id='word_1_22' title='bbox 1865 663 2161 734; x_wconf 86' lang='lat' dir='ltr'><strong>siquidem</strong></span> 
     </span>
    </p>
   </div>
   <div class='ocr_carea' id='block_1_5' title="bbox 598 743 2220 822">
    <p class='ocr_par' dir='ltr' id='par_1_5' title="bbox 598 743 2220 822">
     <span class='ocr_line' id='line_1_6' title="bbox 598 743 2220 822; baseline 0.006 -26"><span class='ocrx_word' id='word_1_23' title='bbox 598 763 612 795; x_wconf 84' lang='lat'><strong>.-</strong></span> <span class='ocrx_word' id='word_1_24' title='bbox 669 743 1057 816; x_wconf 82' lang='lat' dir='ltr'><strong>baptismum</strong></span> <span class='ocrx_word' id='word_1_25' title='bbox 1102 756 1345 821; x_wconf 81' lang='lat' dir='ltr'><strong>generat</strong></span> <span class='ocrx_word' id='word_1_26' title='bbox 1375 766 1594 822; x_wconf 87' lang='lat' dir='ltr'><strong>eosque</strong></span> <span class='ocrx_word' id='word_1_27' title='bbox 1649 750 1784 805; x_wconf 89' lang='lat' dir='ltr'><strong>cibo</strong></span> <span class='ocrx_word' id='word_1_28' title='bbox 1806 751 2158 819; x_wconf 89' lang='lat' dir='ltr'><strong>dogmatum</strong></span> <span class='ocrx_word' id='word_1_29' title='bbox 2210 815 2220 821; x_wconf 91' lang='lat'><strong>_</strong></span> 
     </span>
    </p>
   </div>
   <div class='ocr_carea' id='block_1_6' title="bbox 521 809 2158 910">
    <p class='ocr_par' dir='ltr' id='par_1_6' title="bbox 521 809 2158 910">
     <span class='ocr_line' id='line_1_7' title="bbox 521 809 2158 910; baseline 0.005 -27"><span class='ocrx_word' id='word_1_30' title='bbox 521 809 645 886; x_wconf 63' lang='lat' dir='ltr'><strong>.ﬁei</strong></span> <span class='ocrx_word' id='word_1_31' title='bbox 672 835 909 891; x_wconf 83' lang='lat' dir='ltr'><strong>enutrit.</strong></span> <span class='ocrx_word' id='word_1_32' title='bbox 955 838 1262 895; x_wconf 89' lang='lat' dir='ltr'><strong>Fermento</strong></span> <span class='ocrx_word' id='word_1_33' title='bbox 1296 843 1491 895; x_wconf 90' lang='lat' dir='ltr'><strong>autem</strong></span> <span class='ocrx_word' id='word_1_34' title='bbox 1539 844 1922 910; x_wconf 81' lang='lat' dir='ltr'><strong>comparatur</strong></span> <span class='ocrx_word' id='word_1_35' title='bbox 1964 853 2158 893; x_wconf 88' lang='lat' dir='ltr'><strong>sermo</strong></span> 
     </span>
    </p>
   </div>
   <div class='ocr_carea' id='block_1_7' title="bbox 508 917 2156 994">
    <p class='ocr_par' dir='ltr' id='par_1_7' title="bbox 508 917 2156 994">
     <span class='ocr_line' id='line_1_8' title="bbox 508 917 2156 994; baseline 0.006 -23"><span class='ocrx_word' id='word_1_36' title='bbox 508 917 674 974; x_wconf 86' lang='lat' dir='ltr'><strong>ﬁdei.</strong></span> <span class='ocrx_word' id='word_1_37' title='bbox 709 922 871 979; x_wconf 83' lang='lat' dir='ltr'><strong>Sicut</strong></span> <span class='ocrx_word' id='word_1_38' title='bbox 926 927 1084 981; x_wconf 91' lang='lat' dir='ltr'><strong>enim</strong></span> <span class='ocrx_word' id='word_1_39' title='bbox 1129 927 1487 982; x_wconf 76' lang='lat' dir='ltr'><strong>fermentum</strong></span> <span class='ocrx_word' id='word_1_40' title='bbox 1523 943 1660 982; x_wconf 90' lang='lat' dir='ltr'><strong>cum</strong></span> <span class='ocrx_word' id='word_1_41' title='bbox 1696 928 1769 982; x_wconf 87' lang='lat' dir='ltr'><strong>sit</strong></span> <span class='ocrx_word' id='word_1_42' title='bbox 1833 927 2156 994; x_wconf 90' lang='lat' dir='ltr'><strong>modicum,</strong></span> 
     </span>
    </p>
   </div>
   <div class='ocr_carea' id='block_1_8' title="bbox 510 1005 2158 1086">
    <p class='ocr_par' dir='ltr' id='par_1_8' title="bbox 510 1005 2158 1086">
     <span class='ocr_line' id='line_1_9' title="bbox 510 1005 2158 1086; baseline 0.005 -26"><span class='ocrx_word' id='word_1_43' title='bbox 510 1005 571 1061; x_wconf 90' lang='lat' dir='ltr'><strong>in</strong></span> <span class='ocrx_word' id='word_1_44' title='bbox 606 1009 793 1065; x_wconf 86' lang='lat' dir='ltr'><strong>multa</strong></span> <span class='ocrx_word' id='word_1_45' title='bbox 823 1017 1022 1068; x_wconf 85' lang='lat' dir='ltr'><strong>tamen</strong></span> <span class='ocrx_word' id='word_1_46' title='bbox 1054 1014 1243 1070; x_wconf 87' lang='lat' dir='ltr'><strong>farina</strong></span> <span class='ocrx_word' id='word_1_47' title='bbox 1273 1015 1716 1080; x_wconf 91' lang='lat' dir='ltr'><strong>absconditum,</strong></span> <span class='ocrx_word' id='word_1_48' title='bbox 1749 1030 1854 1086; x_wconf 87' lang='lat' dir='ltr'><strong>per</strong></span> <span class='ocrx_word' id='word_1_49' title='bbox 1883 1030 2158 1086; x_wconf 81' lang='lat' dir='ltr'><strong>consper-</strong></span> 
     </span>
    </p>
   </div>
   <div class='ocr_carea' id='block_1_9' title="bbox 513 1094 2156 1174">
    <p class='ocr_par' dir='ltr' id='par_1_9' title="bbox 513 1094 2156 1174">
     <span class='ocr_line' id='line_1_10' title="bbox 513 1094 2156 1174; baseline 0.005 -27"><span class='ocrx_word' id='word_1_50' title='bbox 513 1094 744 1152; x_wconf 89' lang='lat' dir='ltr'><strong>sionem</strong></span> <span class='ocrx_word' id='word_1_51' title='bbox 788 1100 867 1170; x_wconf 88' lang='lat' dir='ltr'><strong>(q)</strong></span> <span class='ocrx_word' id='word_1_52' title='bbox 902 1107 1084 1156; x_wconf 89' lang='lat' dir='ltr'><strong>totam</strong></span> <span class='ocrx_word' id='word_1_53' title='bbox 1119 1102 1372 1158; x_wconf 84' lang='lat' dir='ltr'><strong>farinam</strong></span> <span class='ocrx_word' id='word_1_54' title='bbox 1408 1104 1464 1158; x_wconf 90' lang='lat' dir='ltr'><strong>in</strong></span> <span class='ocrx_word' id='word_1_55' title='bbox 1508 1119 1696 1158; x_wconf 93' lang='lat' dir='ltr'><strong>unum</strong></span> <span class='ocrx_word' id='word_1_56' title='bbox 1723 1102 1899 1157; x_wconf 90' lang='lat' dir='ltr'>simul</span> <span class='ocrx_word' id='word_1_57' title='bbox 1937 1118 2156 1174; x_wconf 89' lang='lat' dir='ltr'><strong>corpus</strong></span> 
     </span>
    </p>
   </div>
   <div class='ocr_carea' id='block_1_10' title="bbox 514 1183 2158 1264">
    <p class='ocr_par' dir='ltr' id='par_1_10' title="bbox 514 1183 2158 1264">
     <span class='ocr_line' id='line_1_11' title="bbox 514 1183 2158 1264; baseline 0.007 -28"><span class='ocrx_word' id='word_1_58' title='bbox 514 1183 661 1252; x_wconf 92' lang='lat' dir='ltr'><strong>unit,</strong></span> <span class='ocrx_word' id='word_1_59' title='bbox 706 1191 762 1241; x_wconf 91' lang='lat' dir='ltr'><strong>et</strong></span> <span class='ocrx_word' id='word_1_60' title='bbox 803 1188 864 1243; x_wconf 92' lang='lat' dir='ltr'><strong>in</strong></span> <span class='ocrx_word' id='word_1_61' title='bbox 907 1189 1153 1247; x_wconf 84' lang='lat' dir='ltr'><strong>alteram</strong></span> <span class='ocrx_word' id='word_1_62' title='bbox 1206 1193 1484 1264; x_wconf 88' lang='lat' dir='ltr'><strong>speciem,</strong></span> <span class='ocrx_word' id='word_1_63' title='bbox 1531 1193 1609 1247; x_wconf 90' lang='lat' dir='ltr'><strong>ab</strong></span> <span class='ocrx_word' id='word_1_64' title='bbox 1659 1206 1730 1246; x_wconf 89' lang='lat' dir='ltr'><strong>ea</strong></span> <span class='ocrx_word' id='word_1_65' title='bbox 1766 1207 1951 1262; x_wconf 88' lang='lat' dir='ltr'><strong>quam</strong></span> <span class='ocrx_word' id='word_1_66' title='bbox 1999 1191 2158 1261; x_wconf 90' lang='lat' dir='ltr'><strong>prius</strong></span> 
     </span>
    </p>
   </div>
   <div class='ocr_carea' id='block_1_11' title="bbox 510 1271 2153 1351">
    <p class='ocr_par' dir='ltr' id='par_1_11' title="bbox 510 1271 2153 1351">
     <span class='ocr_line' id='line_1_12' title="bbox 510 1271 2153 1351; baseline 0.005 -25"><span class='ocrx_word' id='word_1_67' title='bbox 510 1271 775 1330; x_wconf 85' lang='lat' dir='ltr'><strong>habebat</strong></span> <span class='ocrx_word' id='word_1_68' title='bbox 804 1280 1164 1336; x_wconf 85' lang='lat' dir='ltr'><strong>transmutat</strong></span> <span class='ocrx_word' id='word_1_69' title='bbox 1204 1297 1217 1334; x_wconf 92' lang='lat'>:</span> <span class='ocrx_word' id='word_1_70' title='bbox 1250 1295 1505 1351; x_wconf 88' lang='lat' dir='ltr'><strong>cumque</strong></span> <span class='ocrx_word' id='word_1_71' title='bbox 1545 1279 1741 1334; x_wconf 90' lang='lat' dir='ltr'><strong>farina</strong></span> <span class='ocrx_word' id='word_1_72' title='bbox 1776 1295 1870 1334; x_wconf 91' lang='lat' dir='ltr'><strong>res</strong></span> <span class='ocrx_word' id='word_1_73' title='bbox 1903 1279 1975 1333; x_wconf 89' lang='lat' dir='ltr'><strong>sit</strong></span> <span class='ocrx_word' id='word_1_74' title='bbox 2005 1295 2153 1334; x_wconf 82' lang='lat' dir='ltr'><strong>mor-</strong></span> 
     </span>
    </p>
   </div>
   <div class='ocr_carea' id='block_1_12' title="bbox 511 1361 2156 1436">
    <p class='ocr_par' dir='ltr' id='par_1_12' title="bbox 511 1361 2156 1436">
     <span class='ocr_line' id='line_1_13' title="bbox 511 1361 2156 1436; baseline 0.005 -22"><span class='ocrx_word' id='word_1_75' title='bbox 511 1361 634 1429; x_wconf 92' lang='lat' dir='ltr'><strong>tua,</strong></span> <span class='ocrx_word' id='word_1_76' title='bbox 675 1377 809 1418; x_wconf 91' lang='lat' dir='ltr'><strong>eam</strong></span> <span class='ocrx_word' id='word_1_77' title='bbox 857 1366 1311 1435; x_wconf 90' lang='lat' dir='ltr'><strong>quodammodo</strong></span> <span class='ocrx_word' id='word_1_78' title='bbox 1349 1367 1634 1436; x_wconf 88' lang='lat' dir='ltr'><strong>viviﬁcat,</strong></span> <span class='ocrx_word' id='word_1_79' title='bbox 1662 1383 1732 1422; x_wconf 90' lang='lat' dir='ltr'><strong>ac</strong></span> <span class='ocrx_word' id='word_1_80' title='bbox 1771 1367 1888 1422; x_wconf 86' lang='lat' dir='ltr'><strong>vim</strong></span> <span class='ocrx_word' id='word_1_81' title='bbox 1924 1367 2156 1422; x_wconf 88' lang='lat' dir='ltr'><strong>habens</strong></span> 
     </span>
    </p>
   </div>
   <div class='ocr_carea' id='block_1_13' title="bbox 511 1447 2156 1526">
    <p class='ocr_par' dir='ltr' id='par_1_13' title="bbox 511 1447 2156 1526">
     <span class='ocr_line' id='line_1_14' title="bbox 511 1447 2156 1526; baseline 0.005 -25"><span class='ocrx_word' id='word_1_82' title='bbox 511 1447 790 1514; x_wconf 84' lang='lat' dir='ltr'><strong>activam,</strong></span> <span class='ocrx_word' id='word_1_83' title='bbox 823 1468 1058 1509; x_wconf 84' lang='lat' dir='ltr'><strong>sursum</strong></span> <span class='ocrx_word' id='word_1_84' title='bbox 1087 1455 1406 1512; x_wconf 88' lang='lat' dir='ltr'><strong>ascendere</strong></span> <span class='ocrx_word' id='word_1_85' title='bbox 1437 1454 1594 1512; x_wconf 88' lang='lat' dir='ltr'><strong>facit.</strong></span> <span class='ocrx_word' id='word_1_86' title='bbox 1628 1455 1711 1511; x_wconf 89' lang='lat' dir='ltr'><strong>Ita</strong></span> <span class='ocrx_word' id='word_1_87' title='bbox 1741 1470 1981 1526; x_wconf 89' lang='lat' dir='ltr'><strong>quoque</strong></span> <span class='ocrx_word' id='word_1_88' title='bbox 2021 1454 2156 1509; x_wconf 91' lang='lat' dir='ltr'><strong>ﬁdei</strong></span> 
     </span>
    </p>
   </div>
   <div class='ocr_carea' id='block_1_14' title="bbox 511 1541 2152 1615">
    <p class='ocr_par' dir='ltr' id='par_1_14' title="bbox 511 1541 2152 1615">
     <span class='ocr_line' id='line_1_15' title="bbox 511 1541 2152 1615; baseline 0.005 -27"><span class='ocrx_word' id='word_1_89' title='bbox 511 1549 728 1604; x_wconf 86' lang='lat' dir='ltr'><strong>sermo,</strong></span> <span class='ocrx_word' id='word_1_90' title='bbox 757 1553 894 1594; x_wconf 92' lang='lat' dir='ltr'><strong>cum</strong></span> <span class='ocrx_word' id='word_1_91' title='bbox 927 1544 990 1594; x_wconf 86' lang='lat' dir='ltr'><strong>ut</strong></span> <span class='ocrx_word' id='word_1_92' title='bbox 1018 1541 1238 1598; x_wconf 89' lang='lat' dir='ltr'><strong>dictum</strong></span> <span class='ocrx_word' id='word_1_93' title='bbox 1267 1548 1374 1608; x_wconf 90' lang='lat' dir='ltr'><strong>est,</strong></span> <span class='ocrx_word' id='word_1_94' title='bbox 1407 1543 1738 1615; x_wconf 86' lang='lat' dir='ltr'><strong>quantitate</strong></span> <span class='ocrx_word' id='word_1_95' title='bbox 1759 1542 1833 1598; x_wconf 90' lang='lat' dir='ltr'><strong>sit</strong></span> <span class='ocrx_word' id='word_1_96' title='bbox 1862 1541 2152 1610; x_wconf 91' lang='lat' dir='ltr'><strong>modicus,</strong></span> 
     </span>
    </p>
   </div>
   <div class='ocr_carea' id='block_1_15' title="bbox 507 1621 2154 1701">
    <p class='ocr_par' dir='ltr' id='par_1_15' title="bbox 507 1621 2154 1701">
     <span class='ocr_line' id='line_1_16' title="bbox 507 1621 2154 1701; baseline 0.005 -25"><span class='ocrx_word' id='word_1_97' title='bbox 507 1621 569 1676; x_wconf 91' lang='lat' dir='ltr'><strong>in</strong></span> <span class='ocrx_word' id='word_1_98' title='bbox 611 1623 928 1682; x_wconf 87' lang='lat' dir='ltr'><strong>multorum</strong></span> <span class='ocrx_word' id='word_1_99' title='bbox 973 1631 1282 1686; x_wconf 86' lang='lat' dir='ltr'><strong>hominum</strong></span> <span class='ocrx_word' id='word_1_100' title='bbox 1326 1631 1644 1687; x_wconf 87' lang='lat' dir='ltr'><strong>animabus</strong></span> <span class='ocrx_word' id='word_1_101' title='bbox 1683 1630 2011 1687; x_wconf 90' lang='lat' dir='ltr'><strong>occultatus</strong></span> <span class='ocrx_word' id='word_1_102' title='bbox 2051 1645 2154 1701; x_wconf 90' lang='lat' dir='ltr'><strong>per</strong></span> 
     </span>
    </p>
   </div>
   <div class='ocr_carea' id='block_1_16' title="bbox 509 1709 2148 1790">
    <p class='ocr_par' dir='ltr' id='par_1_16' title="bbox 509 1709 2148 1790">
     <span class='ocr_line' id='line_1_17' title="bbox 509 1709 2148 1790; baseline 0.005 -27"><span class='ocrx_word' id='word_1_103' title='bbox 509 1709 862 1778; x_wconf 86' lang='lat' dir='ltr'><strong>doctrinam,</strong></span> <span class='ocrx_word' id='word_1_104' title='bbox 893 1730 1104 1772; x_wconf 87' lang='lat' dir='ltr'><strong>omnes</strong></span> <span class='ocrx_word' id='word_1_105' title='bbox 1135 1718 1194 1773; x_wconf 92' lang='lat' dir='ltr'><strong>in</strong></span> <span class='ocrx_word' id='word_1_106' title='bbox 1235 1735 1424 1775; x_wconf 91' lang='lat' dir='ltr'><strong>unum</strong></span> <span class='ocrx_word' id='word_1_107' title='bbox 1456 1719 1582 1774; x_wconf 93' lang='lat' dir='ltr'><strong>unit</strong></span> <span class='ocrx_word' id='word_1_108' title='bbox 1613 1719 1879 1774; x_wconf 79' lang='lat' dir='ltr'><strong>Ecclesiae</strong></span> <span class='ocrx_word' id='word_1_109' title='bbox 1911 1734 2148 1790; x_wconf 85' lang='lat' dir='ltr'><strong>corpus,</strong></span> 
     </span>
    </p>
   </div>
   <div class='ocr_carea' id='block_1_17' title="bbox 1833 357 2552 416">
    <p class='ocr_par' dir='ltr' id='par_1_17' title="bbox 1833 357 2552 416">
     <span class='ocr_line' id='line_1_18' title="bbox 1833 357 2552 416; baseline -0.004 0"><span class='ocrx_word' id='word_1_110' title='bbox 1833 359 2181 416; x_wconf 86' lang='lat' dir='ltr'><strong>EUTHYMII</strong></span> <span class='ocrx_word' id='word_1_111' title='bbox 2223 357 2552 415; x_wconf 84' lang='lat' dir='ltr'><strong>ZIGABENI</strong></span> 
     </span>
    </p>
   </div>
   <div class='ocr_carea' id='block_1_18' title="bbox 844 481 2148 557">
    <p class='ocr_par' dir='ltr' id='par_1_18' title="bbox 844 481 2142 557">
     <span class='ocr_line' id='line_1_19' title="bbox 844 481 2142 557; baseline 0.004 -22"><span class='ocrx_word' id='word_1_112' title='bbox 844 481 975 539; x_wconf 60' lang='lat' dir='ltr'><strong>Tum</strong></span> <span class='ocrx_word' id='word_1_113' title='bbox 1017 487 1219 557; x_wconf 84' lang='lat' dir='ltr'><strong>trium,</strong></span> <span class='ocrx_word' id='word_1_114' title='bbox 1255 487 1442 542; x_wconf 89' lang='lat' dir='ltr'><strong>mluta</strong></span> <span class='ocrx_word' id='word_1_115' title='bbox 1477 486 1808 556; x_wconf 85' lang='lat' dir='ltr'><strong>signiﬁcare</strong></span> <span class='ocrx_word' id='word_1_116' title='bbox 1853 485 2061 540; x_wconf 89' lang='lat' dir='ltr'><strong>solent.</strong></span> <span class='ocrx_word' id='word_1_117' title='bbox 2103 488 2142 540; x_wconf 88' lang='lat' dir='ltr'><strong>E</strong></span> 
     </span>
    </p>
   </div>
   <div class='ocr_carea' id='block_1_19' title="bbox 2255 481 3873 557">
    <p class='ocr_par' dir='ltr' id='par_1_19' title="bbox 2270 481 3873 554">
     <span class='ocr_line' id='line_1_20' title="bbox 2270 481 3873 554; baseline -0.002 -19"><span class='ocrx_word' id='word_1_118' title='bbox 2270 488 2558 554; x_wconf 88' lang='grc' dir='ltr'>σημαίνειν.</span> <span class='ocrx_word' id='word_1_119' title='bbox 2619 485 2720 535; x_wconf 82' lang='grc' dir='ltr'><strong>Καὶ</strong></span> <span class='ocrx_word' id='word_1_120' title='bbox 2779 487 2909 552; x_wconf 88' lang='grc' dir='ltr'>γυνή</span> <span class='ocrx_word' id='word_1_121' title='bbox 2969 484 3058 553; x_wconf 70' lang='grc' dir='ltr'>μὲν</span> <span class='ocrx_word' id='word_1_122' title='bbox 3087 486 3292 544; x_wconf 85' lang='grc' dir='ltr'>νοεῖται,</span> <span class='ocrx_word' id='word_1_123' title='bbox 3334 481 3364 538; x_wconf 79' lang='grc' dir='ltr'><strong>ἠ</strong></span> <span class='ocrx_word' id='word_1_124' title='bbox 3421 483 3598 552; x_wconf 88' lang='grc' dir='ltr'>σοφία,</span> <span class='ocrx_word' id='word_1_125' title='bbox 3632 483 3812 552; x_wconf 81' lang='grc' dir='ltr'>ἤγουν,</span> <span class='ocrx_word' id='word_1_126' title='bbox 3847 483 3873 534; x_wconf 87' lang='grc' dir='ltr'><strong>ό</strong></span> 
     </span>
    </p>
   </div>
   <div class='ocr_carea' id='block_1_20' title="bbox 3768 357 3874 413">
    <p class='ocr_par' dir='ltr' id='par_1_20' title="bbox 3768 357 3874 413">
     <span class='ocr_line' id='line_1_21' title="bbox 3768 357 3874 413; baseline 0.009 -1"><span class='ocrx_word' id='word_1_127' title='bbox 3768 357 3874 413; x_wconf 66' lang='grc'><strong>412</strong></span> 
     </span>
    </p>
   </div>
   <div class='ocr_carea' id='block_1_21' title="bbox 2268 567 3868 644">
    <p class='ocr_par' dir='ltr' id='par_1_21' title="bbox 2268 567 3868 644">
     <span class='ocr_line' id='line_1_22' title="bbox 2268 567 3868 644; baseline -0.001 -21"><span class='ocrx_word' id='word_1_128' title='bbox 2268 574 2517 643; x_wconf 82' lang='grc' dir='ltr'>Χριστός,</span> <span class='ocrx_word' id='word_1_129' title='bbox 2579 567 2670 622; x_wconf 81' lang='grc' dir='ltr'><strong>διὰ</strong></span> <span class='ocrx_word' id='word_1_130' title='bbox 2729 573 2784 621; x_wconf 89' lang='grc' dir='ltr'>τὸ</span> <span class='ocrx_word' id='word_1_131' title='bbox 2833 574 3042 640; x_wconf 87' lang='grc' dir='ltr'>γόνιμον</span> <span class='ocrx_word' id='word_1_132' title='bbox 3105 573 3193 621; x_wconf 81' lang='grc' dir='ltr'>καὶ</span> <span class='ocrx_word' id='word_1_133' title='bbox 3257 571 3524 641; x_wconf 88' lang='grc' dir='ltr'>τρόφιμον.</span> <span class='ocrx_word' id='word_1_134' title='bbox 3585 574 3740 639; x_wconf 81' lang='grc' dir='ltr'>Γεννᾷ</span> <span class='ocrx_word' id='word_1_135' title='bbox 3767 572 3868 644; x_wconf 82' lang='grc' dir='ltr'><strong>γὰρ</strong></span> 
     </span>
    </p>
   </div>
   <div class='ocr_carea' id='block_1_22' title="bbox 2265 655 3868 729">
    <p class='ocr_par' dir='ltr' id='par_1_22' title="bbox 2265 655 3868 729">
     <span class='ocr_line' id='line_1_23' title="bbox 2265 655 3868 729; baseline -0.002 -18"><span class='ocrx_word' id='word_1_136' title='bbox 2265 664 2384 721; x_wconf 81' lang='grc' dir='ltr'>τοὺς</span> <span class='ocrx_word' id='word_1_137' title='bbox 2423 662 2644 718; x_wconf 84' lang='grc' dir='ltr'>πιστούς</span> <span class='ocrx_word' id='word_1_138' title='bbox 2683 655 2775 710; x_wconf 82' lang='grc' dir='ltr'><strong>διὰ</strong></span> <span class='ocrx_word' id='word_1_139' title='bbox 2802 665 2894 709; x_wconf 77' lang='grc' dir='ltr'>τοῦ</span> <span class='ocrx_word' id='word_1_140' title='bbox 2940 657 3328 729; x_wconf 78' lang='grc' dir='ltr'><strong>βαπτίσματος,</strong></span> <span class='ocrx_word' id='word_1_141' title='bbox 3364 662 3452 708; x_wconf 86' lang='grc' dir='ltr'>καὶ</span> <span class='ocrx_word' id='word_1_142' title='bbox 3481 661 3649 729; x_wconf 83' lang='grc' dir='ltr'>τρέφει</span> <span class='ocrx_word' id='word_1_143' title='bbox 3681 657 3868 719; x_wconf 73' lang='grc' dir='ltr'>αὐτούς</span> 
     </span>
    </p>
   </div>
   <div class='ocr_carea' id='block_1_23' title="bbox 2265 742 3867 820">
    <p class='ocr_par' dir='ltr' id='par_1_23' title="bbox 2265 742 3867 820">
     <span class='ocr_line' id='line_1_24' title="bbox 2265 742 3867 820; baseline -0.002 -21"><span class='ocrx_word' id='word_1_144' title='bbox 2265 755 2326 819; x_wconf 72' lang='grc' dir='ltr'>τῇ</span> <span class='ocrx_word' id='word_1_145' title='bbox 2389 745 2586 820; x_wconf 83' lang='grc' dir='ltr'><strong>βρώσει</strong></span> <span class='ocrx_word' id='word_1_146' title='bbox 2643 755 2736 798; x_wconf 88' lang='grc' dir='ltr'>τῶν</span> <span class='ocrx_word' id='word_1_147' title='bbox 2795 742 3069 817; x_wconf 74' lang='grc' dir='ltr'><strong>δογμάτων</strong></span> <span class='ocrx_word' id='word_1_148' title='bbox 3107 753 3204 806; x_wconf 86' lang='grc' dir='ltr'>τῆς</span> <span class='ocrx_word' id='word_1_149' title='bbox 3245 749 3469 804; x_wconf 89' lang='grc' dir='ltr'>πίστεως</span> <span class='ocrx_word' id='word_1_150' title='bbox 3517 784 3530 798; x_wconf 89' lang='grc'><strong>.</strong></span> <span class='ocrx_word' id='word_1_151' title='bbox 3586 743 3726 816; x_wconf 78' lang='grc' dir='ltr'>ζύμη</span> <span class='ocrx_word' id='word_1_152' title='bbox 3785 742 3867 815; x_wconf 73' lang='grc' dir='ltr'>δε,</span> 
     </span>
    </p>
   </div>
   <div class='ocr_carea' id='block_1_24' title="bbox 2265 829 3867 906">
    <p class='ocr_par' dir='ltr' id='par_1_24' title="bbox 2265 829 3867 906">
     <span class='ocr_line' id='line_1_25' title="bbox 2265 829 3867 906; baseline -0.002 -19"><span class='ocrx_word' id='word_1_153' title='bbox 2265 837 2291 887; x_wconf 88' lang='grc' dir='ltr'><strong>ό</strong></span> <span class='ocrx_word' id='word_1_154' title='bbox 2333 835 2483 906; x_wconf 80' lang='grc' dir='ltr'><strong>λόγος</strong></span> <span class='ocrx_word' id='word_1_155' title='bbox 2512 842 2607 896; x_wconf 84' lang='grc' dir='ltr'>τῆς</span> <span class='ocrx_word' id='word_1_156' title='bbox 2644 838 2863 893; x_wconf 89' lang='grc' dir='ltr'>πίστεως</span> <span class='ocrx_word' id='word_1_157' title='bbox 2916 833 3307 905; x_wconf 78' lang='grc' dir='ltr'>παρεικάζεται,</span> <span class='ocrx_word' id='word_1_158' title='bbox 3367 829 3506 884; x_wconf 83' lang='grc' dir='ltr'>διότι</span> <span class='ocrx_word' id='word_1_159' title='bbox 3554 834 3786 904; x_wconf 84' lang='grc' dir='ltr'>καθάπερ</span> <span class='ocrx_word' id='word_1_160' title='bbox 3836 834 3867 891; x_wconf 79' lang='grc' dir='ltr'>ἡ</span> 
     </span>
    </p>
   </div>
   <div class='ocr_carea' id='block_1_25' title="bbox 2267 919 3872 994">
    <p class='ocr_par' dir='ltr' id='par_1_25' title="bbox 2267 919 3872 994">
     <span class='ocr_line' id='line_1_26' title="bbox 2267 919 3872 994; baseline -0.001 -20"><span class='ocrx_word' id='word_1_161' title='bbox 2267 925 2426 994; x_wconf 82' lang='grc' dir='ltr'>ζύμη,</span> <span class='ocrx_word' id='word_1_162' title='bbox 2463 922 2608 993; x_wconf 86' lang='grc' dir='ltr'>ὀλίγη</span> <span class='ocrx_word' id='word_1_163' title='bbox 2649 941 2728 983; x_wconf 88' lang='grc' dir='ltr'><strong>τις</strong></span> <span class='ocrx_word' id='word_1_164' title='bbox 2781 919 2933 986; x_wconf 79' lang='grc' dir='ltr'>οὖσα,</span> <span class='ocrx_word' id='word_1_165' title='bbox 2996 926 3084 972; x_wconf 84' lang='grc' dir='ltr'>καὶ</span> <span class='ocrx_word' id='word_1_166' title='bbox 3138 921 3208 981; x_wconf 86' lang='grc' dir='ltr'><strong>εἰς</strong></span> <span class='ocrx_word' id='word_1_167' title='bbox 3260 920 3387 972; x_wconf 82' lang='grc' dir='ltr'>πολὺ</span> <span class='ocrx_word' id='word_1_168' title='bbox 3437 919 3648 993; x_wconf 77' lang='grc' dir='ltr'><strong>ἄλευρον</strong></span> <span class='ocrx_word' id='word_1_169' title='bbox 3679 919 3872 993; x_wconf 74' lang='grc' dir='ltr'>ἐγκρυ-</span> 
     </span>
    </p>
   </div>
   <div class='ocr_carea' id='block_1_26' title="bbox 2264 1007 3873 1081">
    <p class='ocr_par' dir='ltr' id='par_1_26' title="bbox 2264 1007 3873 1081">
     <span class='ocr_line' id='line_1_27' title="bbox 2264 1007 3873 1081; baseline -0.001 -19"><span class='ocrx_word' id='word_1_170' title='bbox 2264 1011 2435 1076; x_wconf 82' lang='grc' dir='ltr'>ϐεῖσα,</span> <span class='ocrx_word' id='word_1_171' title='bbox 2466 1007 2557 1062; x_wconf 81' lang='grc' dir='ltr'><strong>διὰ</strong></span> <span class='ocrx_word' id='word_1_172' title='bbox 2606 1019 2697 1071; x_wconf 84' lang='grc' dir='ltr'>τῆς</span> <span class='ocrx_word' id='word_1_173' title='bbox 2741 1009 3101 1081; x_wconf 82' lang='grc' dir='ltr'>ἁναφυράσεως</span> <span class='ocrx_word' id='word_1_174' title='bbox 3155 1008 3266 1060; x_wconf 85' lang='grc' dir='ltr'>ὅλον</span> <span class='ocrx_word' id='word_1_175' title='bbox 3315 1011 3373 1059; x_wconf 90' lang='grc' dir='ltr'><strong>τό</strong></span> <span class='ocrx_word' id='word_1_176' title='bbox 3425 1007 3638 1077; x_wconf 82' lang='grc' dir='ltr'>ἄλευρον</span> <span class='ocrx_word' id='word_1_177' title='bbox 3691 1009 3761 1069; x_wconf 87' lang='grc' dir='ltr'><strong>εἰς</strong></span> <span class='ocrx_word' id='word_1_178' title='bbox 3822 1009 3873 1060; x_wconf 80' lang='grc' dir='ltr'>ἓν</span> 
     </span>
    </p>
   </div>
   <div class='ocr_carea' id='block_1_27' title="bbox 2265 1092 3869 1171">
    <p class='ocr_par' dir='ltr' id='par_1_27' title="bbox 2265 1092 3869 1171">
     <span class='ocr_line' id='line_1_28' title="bbox 2265 1092 3869 1171; baseline -0.001 -21"><span class='ocrx_word' id='word_1_179' title='bbox 2265 1109 2417 1171; x_wconf 84' lang='grc' dir='ltr'>σῶμα</span> <span class='ocrx_word' id='word_1_180' title='bbox 2447 1106 2664 1166; x_wconf 84' lang='grc' dir='ltr'>συνενοῖ,</span> <span class='ocrx_word' id='word_1_181' title='bbox 2701 1102 2790 1149; x_wconf 81' lang='grc' dir='ltr'>καὶ</span> <span class='ocrx_word' id='word_1_182' title='bbox 2847 1097 2917 1158; x_wconf 84' lang='grc' dir='ltr'><strong>εἰς</strong></span> <span class='ocrx_word' id='word_1_183' title='bbox 2975 1097 3141 1170; x_wconf 78' lang='grc' dir='ltr'>ἕτερον</span> <span class='ocrx_word' id='word_1_184' title='bbox 3200 1092 3356 1164; x_wconf 83' lang='grc' dir='ltr'>εἶδος,</span> <span class='ocrx_word' id='word_1_185' title='bbox 3415 1098 3551 1167; x_wconf 83' lang='grc' dir='ltr'><strong>παρὸ</strong></span> <span class='ocrx_word' id='word_1_186' title='bbox 3615 1100 3869 1169; x_wconf 89' lang='grc' dir='ltr'>πρότερον</span> 
     </span>
    </p>
   </div>
   <div class='ocr_carea' id='block_1_28' title="bbox 2265 1183 3864 1258">
    <p class='ocr_par' dir='ltr' id='par_1_28' title="bbox 2265 1183 3864 1258">
     <span class='ocr_line' id='line_1_29' title="bbox 2265 1183 3864 1258; baseline -0.003 -19"><span class='ocrx_word' id='word_1_187' title='bbox 2265 1185 2396 1257; x_wconf 86' lang='grc' dir='ltr'>εἶχε,</span> <span class='ocrx_word' id='word_1_188' title='bbox 2429 1188 2670 1258; x_wconf 81' lang='grc' dir='ltr'>μεθιστᾷ,</span> <span class='ocrx_word' id='word_1_189' title='bbox 2718 1190 2805 1237; x_wconf 85' lang='grc' dir='ltr'><strong>καὶ</strong></span> <span class='ocrx_word' id='word_1_190' title='bbox 2851 1187 3024 1257; x_wconf 89' lang='grc' dir='ltr'>νεκρόν</span> <span class='ocrx_word' id='word_1_191' title='bbox 3056 1183 3128 1248; x_wconf 81' lang='grc' dir='ltr'>ὃν,</span> <span class='ocrx_word' id='word_1_192' title='bbox 3176 1187 3363 1258; x_wconf 83' lang='grc' dir='ltr'>τρόπον</span> <span class='ocrx_word' id='word_1_193' title='bbox 3407 1186 3544 1250; x_wconf 82' lang='grc' dir='ltr'>τινὰ,</span> <span class='ocrx_word' id='word_1_194' title='bbox 3597 1184 3742 1248; x_wconf 82' lang='grc' dir='ltr'>ζωοῑ,</span> <span class='ocrx_word' id='word_1_195' title='bbox 3774 1189 3864 1235; x_wconf 83' lang='grc' dir='ltr'>καὶ</span> 
     </span>
    </p>
   </div>
   <div class='ocr_carea' id='block_1_29' title="bbox 2263 1267 3868 1347">
    <p class='ocr_par' dir='ltr' id='par_1_29' title="bbox 2263 1267 3868 1347">
     <span class='ocr_line' id='line_1_30' title="bbox 2263 1267 3868 1347; baseline -0.002 -21"><span class='ocrx_word' id='word_1_196' title='bbox 2263 1276 2366 1326; x_wconf 84' lang='grc' dir='ltr'>ἄνω</span> <span class='ocrx_word' id='word_1_197' title='bbox 2398 1273 2594 1346; x_wconf 82' lang='grc' dir='ltr'><strong>βαίνειν</strong></span> <span class='ocrx_word' id='word_1_198' title='bbox 2646 1273 3057 1347; x_wconf 74' lang='grc' dir='ltr'><strong>παρασκευάζει,</strong></span> <span class='ocrx_word' id='word_1_199' title='bbox 3114 1268 3333 1342; x_wconf 77' lang='grc' dir='ltr'>δύναμιν</span> <span class='ocrx_word' id='word_1_200' title='bbox 3389 1273 3595 1342; x_wconf 83' lang='grc' dir='ltr'>ἔχουσα</span> <span class='ocrx_word' id='word_1_201' title='bbox 3647 1267 3868 1343; x_wconf 83' lang='grc' dir='ltr'>δραστι-</span> 
     </span>
    </p>
   </div>
   <div class='ocr_carea' id='block_1_30' title="bbox 2261 1359 3873 1431">
    <p class='ocr_par' dir='ltr' id='par_1_30' title="bbox 2261 1359 3873 1431">
     <span class='ocr_line' id='line_1_31' title="bbox 2261 1359 3873 1431; baseline -0.003 -17"><span class='ocrx_word' id='word_1_202' title='bbox 2261 1368 2375 1421; x_wconf 78' lang='grc' dir='ltr'>κήν.</span> <span class='ocrx_word' id='word_1_203' title='bbox 2433 1363 2584 1414; x_wconf 72' lang='grc' dir='ltr'><strong>Οὕτω</strong></span> <span class='ocrx_word' id='word_1_204' title='bbox 2614 1363 2767 1413; x_wconf 83' lang='grc' dir='ltr'><strong>καὶὸ</strong></span> <span class='ocrx_word' id='word_1_205' title='bbox 2811 1361 2961 1431; x_wconf 89' lang='grc' dir='ltr'>λόγος</span> <span class='ocrx_word' id='word_1_206' title='bbox 2989 1368 3080 1420; x_wconf 80' lang='grc' dir='ltr'>τῆς</span> <span class='ocrx_word' id='word_1_207' title='bbox 3132 1364 3378 1426; x_wconf 85' lang='grc' dir='ltr'>πίστεως,</span> <span class='ocrx_word' id='word_1_208' title='bbox 3433 1359 3604 1430; x_wconf 84' lang='grc' dir='ltr'>ὀλίγος</span> <span class='ocrx_word' id='word_1_209' title='bbox 3663 1359 3754 1424; x_wconf 84' lang='grc' dir='ltr'>ὢν,</span> <span class='ocrx_word' id='word_1_210' title='bbox 3805 1361 3873 1419; x_wconf 85' lang='grc' dir='ltr'>ὡς</span> 
     </span>
    </p>
   </div>
   <div class='ocr_carea' id='block_1_31' title="bbox 2261 1447 3869 1524">
    <p class='ocr_par' dir='ltr' id='par_1_31' title="bbox 2261 1447 3869 1524">
     <span class='ocr_line' id='line_1_32' title="bbox 2261 1447 3869 1524; baseline -0.003 -21"><span class='ocrx_word' id='word_1_211' title='bbox 2261 1455 2581 1524; x_wconf 86' lang='grc' dir='ltr'>προείρηται,</span> <span class='ocrx_word' id='word_1_212' title='bbox 2621 1457 2683 1522; x_wconf 73' lang='grc' dir='ltr'><strong>τῇ</strong></span> <span class='ocrx_word' id='word_1_213' title='bbox 2738 1454 3010 1514; x_wconf 79' lang='grc' dir='ltr'><strong>ποσότητι,</strong></span> <span class='ocrx_word' id='word_1_214' title='bbox 3066 1452 3156 1500; x_wconf 86' lang='grc' dir='ltr'>καὶ</span> <span class='ocrx_word' id='word_1_215' title='bbox 3203 1448 3614 1519; x_wconf 79' lang='grc' dir='ltr'>ίγκρυπτόμενος</span> <span class='ocrx_word' id='word_1_216' title='bbox 3658 1447 3869 1518; x_wconf 78' lang='grc' dir='ltr'>ψυχαῖς</span> 
     </span>
    </p>
   </div>
   <div class='ocr_carea' id='block_1_32' title="bbox 2258 1532 3867 1611">
    <p class='ocr_par' dir='ltr' id='par_1_32' title="bbox 2258 1532 3867 1611">
     <span class='ocr_line' id='line_1_33' title="bbox 2258 1532 3867 1611; baseline -0.003 -20"><span class='ocrx_word' id='word_1_217' title='bbox 2258 1538 2453 1591; x_wconf 82' lang='grc' dir='ltr'>πολλῶν</span> <span class='ocrx_word' id='word_1_218' title='bbox 2505 1538 2781 1611; x_wconf 82' lang='grc' dir='ltr'>ἀνθρώπων</span> <span class='ocrx_word' id='word_1_219' title='bbox 2821 1533 2914 1589; x_wconf 81' lang='grc' dir='ltr'><strong>διὰ</strong></span> <span class='ocrx_word' id='word_1_220' title='bbox 2959 1544 3054 1608; x_wconf 76' lang='grc' dir='ltr'>τῇς</span> <span class='ocrx_word' id='word_1_221' title='bbox 3113 1532 3489 1597; x_wconf 84' lang='grc' dir='ltr'>διδασκαλίας,</span> <span class='ocrx_word' id='word_1_222' title='bbox 3550 1536 3748 1595; x_wconf 86' lang='grc' dir='ltr'>πάντας</span> <span class='ocrx_word' id='word_1_223' title='bbox 3793 1535 3867 1596; x_wconf 89' lang='grc' dir='ltr'><strong>εἰς</strong></span> 
     </span>
    </p>
   </div>
   <div class='ocr_carea' id='block_1_33' title="bbox 2259 1624 3864 1698">
    <p class='ocr_par' dir='ltr' id='par_1_33' title="bbox 2259 1624 3864 1698">
     <span class='ocr_line' id='line_1_34' title="bbox 2259 1624 3864 1698; baseline -0.003 -19"><span class='ocrx_word' id='word_1_224' title='bbox 2259 1626 2308 1679; x_wconf 73' lang='grc' dir='ltr'>ἓν</span> <span class='ocrx_word' id='word_1_225' title='bbox 2355 1635 2506 1698; x_wconf 86' lang='grc' dir='ltr'>σῶμα</span> <span class='ocrx_word' id='word_1_226' title='bbox 2573 1635 2662 1685; x_wconf 87' lang='grc' dir='ltr'>τῆς</span> <span class='ocrx_word' id='word_1_227' title='bbox 2736 1624 3045 1685; x_wconf 86' lang='grc' dir='ltr'>Ἐκκλησίας</span> <span class='ocrx_word' id='word_1_228' title='bbox 3125 1631 3343 1689; x_wconf 89' lang='grc' dir='ltr'>συνενοῖ,</span> <span class='ocrx_word' id='word_1_229' title='bbox 3399 1629 3487 1674; x_wconf 81' lang='grc' dir='ltr'>καὶ</span> <span class='ocrx_word' id='word_1_230' title='bbox 3567 1627 3633 1683; x_wconf 87' lang='grc' dir='ltr'>εὶς</span> <span class='ocrx_word' id='word_1_231' title='bbox 3693 1624 3864 1694; x_wconf 85' lang='grc' dir='ltr'>ἓτερον</span> 
     </span>
    </p>
   </div>
   <div class='ocr_carea' id='block_1_34' title="bbox 2260 1711 3858 1785">
    <p class='ocr_par' dir='ltr' id='par_1_34' title="bbox 2260 1711 3858 1785">
     <span class='ocr_line' id='line_1_35' title="bbox 2260 1711 3858 1785; baseline -0.004 -19"><span class='ocrx_word' id='word_1_232' title='bbox 2260 1711 2399 1776; x_wconf 82' lang='grc' dir='ltr'>εἶδος</span> <span class='ocrx_word' id='word_1_233' title='bbox 2475 1713 2736 1774; x_wconf 87' lang='grc' dir='ltr'>πολιτείας</span> <span class='ocrx_word' id='word_1_234' title='bbox 2816 1714 3056 1784; x_wconf 82' lang='grc' dir='ltr'>μεθιστᾴ,</span> <span class='ocrx_word' id='word_1_235' title='bbox 3137 1716 3226 1764; x_wconf 81' lang='grc' dir='ltr'><strong>καὶ</strong></span> <span class='ocrx_word' id='word_1_236' title='bbox 3307 1714 3517 1785; x_wconf 80' lang='grc' dir='ltr'>νεκρούς</span> <span class='ocrx_word' id='word_1_237' title='bbox 3574 1714 3722 1771; x_wconf 85' lang='grc' dir='ltr'>ὄντας</span> <span class='ocrx_word' id='word_1_238' title='bbox 3785 1711 3858 1772; x_wconf 79' lang='grc' dir='ltr'>εἱς</span> 
     </span>
    </p>
   </div>
   <div class='ocr_carea' id='block_1_35' title="bbox 510 1797 2148 1878">
    <p class='ocr_par' dir='ltr' id='par_1_35' title="bbox 510 1799 2148 1878">
     <span class='ocr_line' id='line_1_36' title="bbox 510 1799 2148 1878; baseline 0.006 -26"><span class='ocrx_word' id='word_1_239' title='bbox 510 1813 582 1853; x_wconf 90' lang='lat' dir='ltr'><strong>ac</strong></span> <span class='ocrx_word' id='word_1_240' title='bbox 632 1799 691 1854; x_wconf 88' lang='lat' dir='ltr'><strong>in</strong></span> <span class='ocrx_word' id='word_1_241' title='bbox 743 1802 988 1859; x_wconf 86' lang='lat' dir='ltr'><strong>alteram</strong></span> <span class='ocrx_word' id='word_1_242' title='bbox 1038 1807 1503 1864; x_wconf 88' lang='lat' dir='ltr'><strong>conversationis</strong></span> <span class='ocrx_word' id='word_1_243' title='bbox 1558 1807 1818 1878; x_wconf 89' lang='lat' dir='ltr'><strong>speciem</strong></span> <span class='ocrx_word' id='word_1_244' title='bbox 1862 1812 2148 1862; x_wconf 90' lang='lat' dir='ltr'><strong>transmu-</strong></span> 
     </span>
    </p>
   </div>
   <div class='ocr_carea' id='block_1_36' title="bbox 2255 1797 3847 1878">
    <p class='ocr_par' dir='ltr' id='par_1_36' title="bbox 2260 1797 3847 1876">
     <span class='ocr_line' id='line_1_37' title="bbox 2260 1797 3847 1876; baseline -0.004 -21"><span class='ocrx_word' id='word_1_245' title='bbox 2260 1802 2506 1876; x_wconf 74' lang='grc' dir='ltr'>ἐνέργειαν</span> <span class='ocrx_word' id='word_1_246' title='bbox 2573 1800 2774 1873; x_wconf 82' lang='grc' dir='ltr'>ἀρετῆς,</span> <span class='ocrx_word' id='word_1_247' title='bbox 2852 1804 2978 1863; x_wconf 79' lang='grc' dir='ltr'>ζωοῖ</span> <span class='ocrx_word' id='word_1_248' title='bbox 3027 1802 3150 1873; x_wconf 87' lang='grc' dir='ltr'>πρὸς</span> <span class='ocrx_word' id='word_1_249' title='bbox 3225 1797 3471 1871; x_wconf 72' lang='grc' dir='ltr'>ἐργασίαν</span> <span class='ocrx_word' id='word_1_250' title='bbox 3528 1799 3686 1859; x_wconf 73' lang='grc' dir='ltr'>αὐτῆς</span> <span class='ocrx_word' id='word_1_251' title='bbox 3757 1801 3847 1849; x_wconf 79' lang='grc' dir='ltr'>καὶ</span> 
     </span>
    </p>
   </div>
   <div class='ocr_carea' id='block_1_37' title="bbox 510 1888 2149 1968">
    <p class='ocr_par' dir='ltr' id='par_1_37' title="bbox 510 1888 2149 1968">
     <span class='ocr_line' id='line_1_38' title="bbox 510 1888 2149 1968; baseline 0.005 -28"><span class='ocrx_word' id='word_1_252' title='bbox 510 1888 612 1950; x_wconf 84' lang='lat' dir='ltr'><strong>tat,</strong></span> <span class='ocrx_word' id='word_1_253' title='bbox 645 1903 902 1960; x_wconf 89' lang='lat' dir='ltr'><strong>cumque</strong></span> <span class='ocrx_word' id='word_1_254' title='bbox 950 1895 1165 1950; x_wconf 91' lang='lat' dir='ltr'><strong>mortui</strong></span> <span class='ocrx_word' id='word_1_255' title='bbox 1217 1896 1330 1950; x_wconf 92' lang='lat' dir='ltr'><strong>sint</strong></span> <span class='ocrx_word' id='word_1_256' title='bbox 1381 1895 1454 1952; x_wconf 92' lang='lat' dir='ltr'><strong>ad</strong></span> <span class='ocrx_word' id='word_1_257' title='bbox 1513 1911 1696 1968; x_wconf 89' lang='lat' dir='ltr'><strong>opera</strong></span> <span class='ocrx_word' id='word_1_258' title='bbox 1770 1895 2016 1961; x_wconf 88' lang='lat' dir='ltr'><strong>virtutis,</strong></span> <span class='ocrx_word' id='word_1_259' title='bbox 2073 1895 2149 1949; x_wconf 88' lang='lat' dir='ltr'><strong>vi-</strong></span> 
     </span>
    </p>
   </div>
   <div class='ocr_carea' id='block_1_38' title="bbox 509 1973 2151 2053">
    <p class='ocr_par' dir='ltr' id='par_1_38' title="bbox 509 1973 2151 2053">
     <span class='ocr_line' id='line_1_39' title="bbox 509 1973 2151 2053; baseline 0.008 -26"><span class='ocrx_word' id='word_1_260' title='bbox 509 1973 707 2030; x_wconf 89' lang='lat' dir='ltr'><strong>viﬁcat</strong></span> <span class='ocrx_word' id='word_1_261' title='bbox 737 1977 809 2032; x_wconf 91' lang='lat' dir='ltr'><strong>ad</strong></span> <span class='ocrx_word' id='word_1_262' title='bbox 839 1980 890 2050; x_wconf 89' lang='lat' dir='ltr'><strong>ej</strong></span> <span class='ocrx_word' id='word_1_263' title='bbox 903 1996 967 2035; x_wconf 91' lang='lat' dir='ltr'><strong>us</strong></span> <span class='ocrx_word' id='word_1_264' title='bbox 997 1983 1401 2053; x_wconf 89' lang='lat' dir='ltr'><strong>operationem</strong></span> <span class='ocrx_word' id='word_1_265' title='bbox 1438 2002 1451 2039; x_wconf 77' lang='grc' dir='ltr'><strong>ε</strong></span> <span class='ocrx_word' id='word_1_266' title='bbox 1479 1990 1533 2040; x_wconf 86' lang='lat' dir='ltr'><strong>et</strong></span> <span class='ocrx_word' id='word_1_267' title='bbox 1568 2000 1807 2040; x_wconf 88' lang='lat' dir='ltr'><strong>sursum</strong></span> <span class='ocrx_word' id='word_1_268' title='bbox 1834 1983 2151 2041; x_wconf 90' lang='lat' dir='ltr'><strong>ascendere</strong></span> 
     </span>
    </p>
   </div>
   <div class='ocr_carea' id='block_1_39' title="bbox 509 2059 2151 2143">
    <p class='ocr_par' dir='ltr' id='par_1_39' title="bbox 509 2059 2151 2143">
     <span class='ocr_line' id='line_1_40' title="bbox 509 2059 2151 2143; baseline 0.008 -29"><span class='ocrx_word' id='word_1_269' title='bbox 509 2059 650 2116; x_wconf 86' lang='lat' dir='ltr'><strong>facit</strong></span> <span class='ocrx_word' id='word_1_270' title='bbox 705 2064 784 2118; x_wconf 92' lang='lat' dir='ltr'><strong>ad</strong></span> <span class='ocrx_word' id='word_1_271' title='bbox 838 2067 1056 2124; x_wconf 63' lang='lat' dir='ltr'><strong>caelum</strong></span> <span class='ocrx_word' id='word_1_272' title='bbox 1110 2071 1430 2143; x_wconf 85' lang='lat' dir='ltr'><strong>omniaque</strong></span> <span class='ocrx_word' id='word_1_273' title='bbox 1485 2071 1661 2128; x_wconf 74' lang='lat' dir='ltr'><strong>efﬁcit</strong></span> <span class='ocrx_word' id='word_1_274' title='bbox 1714 2087 1820 2128; x_wconf 89' lang='lat' dir='ltr'><strong>sua</strong></span> <span class='ocrx_word' id='word_1_275' title='bbox 1866 2070 2151 2128; x_wconf 75' lang='lat' dir='ltr'><strong>ineffabili</strong></span> 
     </span>
    </p>
   </div>
   <div class='ocr_carea' id='block_1_40' title="bbox 507 2151 789 2220">
    <p class='ocr_par' dir='ltr' id='par_1_40' title="bbox 507 2151 789 2220">
     <span class='ocr_line' id='line_1_41' title="bbox 507 2151 789 2220; baseline 0.021 -17"><span class='ocrx_word' id='word_1_276' title='bbox 507 2151 789 2220; x_wconf 87' lang='lat' dir='ltr'><strong>potentia.</strong></span> 
     </span>
    </p>
   </div>
   <div class='ocr_carea' id='block_1_41' title="bbox 579 2240 2148 2321">
    <p class='ocr_par' dir='ltr' id='par_1_41' title="bbox 579 2240 2148 2321">
     <span class='ocr_line' id='line_1_42' title="bbox 579 2240 2148 2321; baseline 0.008 -29"><span class='ocrx_word' id='word_1_277' title='bbox 579 2240 734 2295; x_wconf 90' lang='lat' dir='ltr'><strong>Vers.</strong></span> <span class='ocrx_word' id='word_1_278' title='bbox 782 2242 872 2308; x_wconf 90' lang='grc'><strong>33,</strong></span> <span class='ocrx_word' id='word_1_279' title='bbox 914 2244 1108 2302; x_wconf 85' lang='lat' dir='ltr'><strong>Donec</strong></span> <span class='ocrx_word' id='word_1_280' title='bbox 1152 2279 1219 2288; x_wconf 92' lang='lat'>—</span> <span class='ocrx_word' id='word_1_281' title='bbox 1261 2253 1472 2306; x_wconf 87' lang='lat' dir='ltr'><strong>totum.</strong></span> <span class='ocrx_word' id='word_1_282' title='bbox 1512 2252 1712 2321; x_wconf 85' lang='lat' dir='ltr'><strong>Neque</strong></span> <span class='ocrx_word' id='word_1_283' title='bbox 1760 2249 1924 2306; x_wconf 90' lang='lat' dir='ltr'><strong>enim</strong></span> <span class='ocrx_word' id='word_1_284' title='bbox 1954 2249 2014 2304; x_wconf 93' lang='lat' dir='ltr'><strong>in</strong></span> <span class='ocrx_word' id='word_1_285' title='bbox 2046 2248 2148 2304; x_wconf 89' lang='lat' dir='ltr'><strong>ho-</strong></span> 
     </span>
    </p>
   </div>
   <div class='ocr_carea' id='block_1_42' title="bbox 503 2325 2151 2409">
    <p class='ocr_par' dir='ltr' id='par_1_42' title="bbox 503 2325 2151 2409">
     <span class='ocr_line' id='line_1_43' title="bbox 503 2325 2151 2409; baseline 0.007 -28"><span class='ocrx_word' id='word_1_286' title='bbox 503 2325 737 2383; x_wconf 90' lang='lat' dir='ltr'><strong>minum</strong></span> <span class='ocrx_word' id='word_1_287' title='bbox 770 2331 1088 2389; x_wconf 89' lang='lat' dir='ltr'><strong>animabus</strong></span> <span class='ocrx_word' id='word_1_288' title='bbox 1113 2337 1474 2392; x_wconf 89' lang='lat' dir='ltr'><strong>occultatum</strong></span> <span class='ocrx_word' id='word_1_289' title='bbox 1497 2338 1782 2409; x_wconf 88' lang='lat' dir='ltr'><strong>quiescet,</strong></span> <span class='ocrx_word' id='word_1_290' title='bbox 1805 2338 1992 2393; x_wconf 91' lang='lat' dir='ltr'><strong>donec</strong></span> <span class='ocrx_word' id='word_1_291' title='bbox 2019 2353 2151 2393; x_wconf 93' lang='lat' dir='ltr'><strong>om-</strong></span> 
     </span>
    </p>
   </div>
   <div class='ocr_carea' id='block_1_43' title="bbox 501 2416 2145 2497">
    <p class='ocr_par' dir='ltr' id='par_1_43' title="bbox 501 2416 2145 2497">
     <span class='ocr_line' id='line_1_44' title="bbox 501 2416 2145 2497; baseline 0.007 -28"><span class='ocrx_word' id='word_1_292' title='bbox 501 2430 609 2470; x_wconf 88' lang='lat' dir='ltr'><strong>nes</strong></span> <span class='ocrx_word' id='word_1_293' title='bbox 638 2416 699 2472; x_wconf 91' lang='lat' dir='ltr'><strong>in</strong></span> <span class='ocrx_word' id='word_1_294' title='bbox 753 2434 938 2477; x_wconf 91' lang='lat' dir='ltr'><strong>unum</strong></span> <span class='ocrx_word' id='word_1_295' title='bbox 976 2423 1203 2488; x_wconf 90' lang='lat' dir='ltr'><strong>unierit,</strong></span> <span class='ocrx_word' id='word_1_296' title='bbox 1248 2441 1400 2496; x_wconf 91' lang='lat' dir='ltr'><strong>quos</strong></span> <span class='ocrx_word' id='word_1_297' title='bbox 1460 2426 1751 2497; x_wconf 87' lang='lat' dir='ltr'><strong>sapientia</strong></span> <span class='ocrx_word' id='word_1_298' title='bbox 1815 2425 1917 2481; x_wconf 90' lang='lat' dir='ltr'><strong>illa</strong></span> <span class='ocrx_word' id='word_1_299' title='bbox 1959 2426 2145 2497; x_wconf 67' lang='lat' dir='ltr'><strong>praeﬁ-</strong></span> 
     </span>
    </p>
   </div>
   <div class='ocr_carea' id='block_1_44' title="bbox 504 2503 2148 2584">
    <p class='ocr_par' dir='ltr' id='par_1_44' title="bbox 504 2503 2148 2584">
     <span class='ocr_line' id='line_1_45' title="bbox 504 2503 2148 2584; baseline 0.008 -27"><span class='ocrx_word' id='word_1_300' title='bbox 504 2503 666 2571; x_wconf 89' lang='lat' dir='ltr'><strong>nivit,</strong></span> <span class='ocrx_word' id='word_1_301' title='bbox 745 2522 880 2577; x_wconf 74' lang='lat' dir='ltr'><strong>quae</strong></span> <span class='ocrx_word' id='word_1_302' title='bbox 938 2511 1209 2567; x_wconf 89' lang='lat' dir='ltr'><strong>omnium</strong></span> <span class='ocrx_word' id='word_1_303' title='bbox 1266 2519 1493 2568; x_wconf 88' lang='lat' dir='ltr'><strong>mentes</strong></span> <span class='ocrx_word' id='word_1_304' title='bbox 1536 2515 1952 2584; x_wconf 82' lang='lat' dir='ltr'><strong>praecognovit.</strong></span> <span class='ocrx_word' id='word_1_305' title='bbox 1999 2518 2148 2570; x_wconf 86' lang='lat' dir='ltr'><strong>Nam</strong></span> 
     </span>
    </p>
   </div>
   <div class='ocr_carea' id='block_1_45' title="bbox 504 2592 2148 2670">
    <p class='ocr_par' dir='ltr' id='par_1_45' title="bbox 504 2592 2148 2670">
     <span class='ocr_line' id='line_1_46' title="bbox 504 2592 2148 2670; baseline 0.008 -25"><span class='ocrx_word' id='word_1_306' title='bbox 504 2592 616 2647; x_wconf 88' lang='lat' dir='ltr'><strong>tria</strong></span> <span class='ocrx_word' id='word_1_307' title='bbox 659 2599 790 2651; x_wconf 87' lang='lat' dir='ltr'><strong>sata</strong></span> <span class='ocrx_word' id='word_1_308' title='bbox 832 2613 1186 2670; x_wconf 90' lang='lat' dir='ltr'><strong>quanquam</strong></span> <span class='ocrx_word' id='word_1_309' title='bbox 1236 2601 1665 2670; x_wconf 88' lang='lat' dir='ltr'><strong>signiﬁcatione</strong></span> <span class='ocrx_word' id='word_1_310' title='bbox 1705 2601 2148 2658; x_wconf 88' lang='lat' dir='ltr'><strong>multitudinem</strong></span> 
     </span>
    </p>
   </div>
   <div class='ocr_carea' id='block_1_46' title="bbox 505 2678 2151 2748">
    <p class='ocr_par' dir='ltr' id='par_1_46' title="bbox 505 2678 2151 2748">
     <span class='ocr_line' id='line_1_47' title="bbox 505 2678 2151 2748; baseline 0.008 -15"><span class='ocrx_word' id='word_1_311' title='bbox 505 2678 931 2748; x_wconf 89' lang='lat' dir='ltr'><strong>demonstrent,</strong></span> <span class='ocrx_word' id='word_1_312' title='bbox 1015 2691 1270 2744; x_wconf 88' lang='lat' dir='ltr'><strong>attamen</strong></span> <span class='ocrx_word' id='word_1_313' title='bbox 1309 2704 1562 2745; x_wconf 90' lang='lat' dir='ltr'><strong>numero</strong></span> <span class='ocrx_word' id='word_1_314' title='bbox 1612 2689 1857 2745; x_wconf 88' lang='lat' dir='ltr'><strong>tandem</strong></span> <span class='ocrx_word' id='word_1_315' title='bbox 1911 2689 2151 2746; x_wconf 89' lang='lat' dir='ltr'><strong>deﬁnita</strong></span> 
     </span>
    </p>
   </div>
   <div class='ocr_carea' id='block_1_47' title="bbox 508 2771 2149 2849">
    <p class='ocr_par' dir='ltr' id='par_1_47' title="bbox 508 2771 2149 2849">
     <span class='ocr_line' id='line_1_48' title="bbox 508 2771 2149 2849; baseline 0.008 -30"><span class='ocrx_word' id='word_1_316' title='bbox 508 2773 663 2821; x_wconf 90' lang='lat' dir='ltr'><strong>sunt.</strong></span> <span class='ocrx_word' id='word_1_317' title='bbox 697 2771 906 2839; x_wconf 86' lang='lat' dir='ltr'><strong>Magna</strong></span> <span class='ocrx_word' id='word_1_318' title='bbox 943 2788 1084 2844; x_wconf 87' lang='lat' dir='ltr'><strong>ergo</strong></span> <span class='ocrx_word' id='word_1_319' title='bbox 1102 2784 1189 2830; x_wconf 88' lang='lat' dir='ltr'><strong>est</strong></span> <span class='ocrx_word' id='word_1_320' title='bbox 1219 2777 1658 2848; x_wconf 69' lang='lat' dir='ltr'><strong>praedicationis</strong></span> <span class='ocrx_word' id='word_1_321' title='bbox 1683 2777 1870 2832; x_wconf 90' lang='lat' dir='ltr'><strong>virtus</strong></span> <span class='ocrx_word' id='word_1_322' title='bbox 1906 2795 1918 2830; x_wconf 88' lang='lat'><strong>:</strong></span> <span class='ocrx_word' id='word_1_323' title='bbox 1960 2778 2149 2849; x_wconf 93' lang='lat' dir='ltr'><strong>quod-</strong></span> 
     </span>
    </p>
   </div>
   <div class='ocr_carea' id='block_1_48' title="bbox 508 2857 2147 2936">
    <p class='ocr_par' dir='ltr' id='par_1_48' title="bbox 508 2857 2147 2936">
     <span class='ocr_line' id='line_1_49' title="bbox 508 2857 2147 2936; baseline 0.007 -27"><span class='ocrx_word' id='word_1_324' title='bbox 508 2869 627 2924; x_wconf 88' lang='lat' dir='ltr'><strong>que</strong></span> <span class='ocrx_word' id='word_1_325' title='bbox 648 2857 827 2912; x_wconf 88' lang='lat' dir='ltr'><strong>semel</strong></span> <span class='ocrx_word' id='word_1_326' title='bbox 866 2858 1283 2919; x_wconf 83' lang='lat' dir='ltr'><strong>fermentatum</strong></span> <span class='ocrx_word' id='word_1_327' title='bbox 1316 2869 1422 2927; x_wconf 89' lang='lat' dir='ltr'><strong>est,</strong></span> <span class='ocrx_word' id='word_1_328' title='bbox 1460 2880 1698 2919; x_wconf 84' lang='lat' dir='ltr'><strong>rursum</strong></span> <span class='ocrx_word' id='word_1_329' title='bbox 1725 2865 1965 2936; x_wconf 65' lang='lat' dir='ltr'><strong>reliquie</strong></span> <span class='ocrx_word' id='word_1_330' title='bbox 1997 2867 2147 2936; x_wconf 88' lang='lat' dir='ltr'><strong>parti</strong></span> 
     </span>
    </p>
   </div>
   <div class='ocr_carea' id='block_1_49' title="bbox 507 2940 2150 3016">
    <p class='ocr_par' dir='ltr' id='par_1_49' title="bbox 507 2940 2150 3016">
     <span class='ocr_line' id='line_1_50' title="bbox 507 2940 2150 3016; baseline 0.008 -20"><span class='ocrx_word' id='word_1_331' title='bbox 507 2940 863 3001; x_wconf 87' lang='lat' dir='ltr'><strong>fermentum</strong></span> <span class='ocrx_word' id='word_1_332' title='bbox 885 2946 1001 3004; x_wconf 90' lang='lat' dir='ltr'><strong>ﬁet.</strong></span> <span class='ocrx_word' id='word_1_333' title='bbox 1028 2951 1284 3016; x_wconf 87' lang='lat' dir='ltr'><strong>Quidam</strong></span> <span class='ocrx_word' id='word_1_334' title='bbox 1300 2957 1496 3008; x_wconf 92' lang='lat' dir='ltr'><strong>autem</strong></span> <span class='ocrx_word' id='word_1_335' title='bbox 1537 2953 1790 3008; x_wconf 86' lang='lat' dir='ltr'><strong>farinam</strong></span> <span class='ocrx_word' id='word_1_336' title='bbox 1816 2953 2016 3008; x_wconf 90' lang='lat' dir='ltr'><strong>dicunt</strong></span> <span class='ocrx_word' id='word_1_337' title='bbox 2046 2954 2150 3010; x_wconf 87' lang='lat' dir='ltr'><strong>ho-</strong></span> 
     </span>
    </p>
   </div>
   <div class='ocr_carea' id='block_1_50' title="bbox 509 3028 2144 3113">
    <p class='ocr_par' dir='ltr' id='par_1_50' title="bbox 509 3028 2144 3113">
     <span class='ocr_line' id='line_1_51' title="bbox 509 3028 2144 3113; baseline 0.009 -29"><span class='ocrx_word' id='word_1_338' title='bbox 509 3028 704 3084; x_wconf 89' lang='lat' dir='ltr'><strong>mines</strong></span> <span class='ocrx_word' id='word_1_339' title='bbox 741 3047 754 3085; x_wconf 91' lang='lat'><strong><em>:</em></strong></span> <span class='ocrx_word' id='word_1_340' title='bbox 785 3038 914 3091; x_wconf 90' lang='lat' dir='ltr'><strong>sata</strong></span> <span class='ocrx_word' id='word_1_341' title='bbox 944 3053 1080 3093; x_wconf 89' lang='lat' dir='ltr'><strong>vero</strong></span> <span class='ocrx_word' id='word_1_342' title='bbox 1096 3039 1203 3094; x_wconf 89' lang='lat' dir='ltr'><strong>tria</strong></span> <span class='ocrx_word' id='word_1_343' title='bbox 1233 3040 1354 3096; x_wconf 89' lang='lat' dir='ltr'><strong>sive</strong></span> <span class='ocrx_word' id='word_1_344' title='bbox 1377 3044 1491 3096; x_wconf 89' lang='lat' dir='ltr'><strong>tres</strong></span> <span class='ocrx_word' id='word_1_345' title='bbox 1516 3041 1916 3113; x_wconf 85' lang='lat' dir='ltr'><strong>mensuras,_J</strong></span> <span class='ocrx_word' id='word_1_346' title='bbox 1929 3041 2144 3110; x_wconf 75' lang='lat' dir='ltr'><strong>udzeos,</strong></span> 
     </span>
    </p>
   </div>
   <div class='ocr_carea' id='block_1_51' title="bbox 509 3118 1295 3184">
    <p class='ocr_par' dir='ltr' id='par_1_51' title="bbox 509 3118 1295 3184">
     <span class='ocr_line' id='line_1_52' title="bbox 509 3118 1295 3184; baseline 0.015 -12"><span class='ocrx_word' id='word_1_347' title='bbox 509 3118 911 3179; x_wconf 89' lang='lat' dir='ltr'><strong>Samaritanos</strong></span> <span class='ocrx_word' id='word_1_348' title='bbox 952 3129 1009 3182; x_wconf 88' lang='lat' dir='ltr'><strong>et</strong></span> <span class='ocrx_word' id='word_1_349' title='bbox 1039 3126 1295 3184; x_wconf 66' lang='lat' dir='ltr'><strong>Graecos.</strong></span> 
     </span>
    </p>
   </div>
   <div class='ocr_carea' id='block_1_52' title="bbox 578 3207 2146 3289">
    <p class='ocr_par' dir='ltr' id='par_1_52' title="bbox 578 3207 2146 3289">
     <span class='ocr_line' id='line_1_53' title="bbox 578 3207 2146 3289; baseline 0.007 -26"><span class='ocrx_word' id='word_1_350' title='bbox 578 3207 738 3264; x_wconf 89' lang='lat' dir='ltr'><strong>Vers.</strong></span> <span class='ocrx_word' id='word_1_351' title='bbox 781 3214 869 3280; x_wconf 77' lang='grc'>34,</span> <span class='ocrx_word' id='word_1_352' title='bbox 900 3213 989 3270; x_wconf 84' lang='grc'><strong>35.</strong></span> <span class='ocrx_word' id='word_1_353' title='bbox 1020 3216 1158 3271; x_wconf 68' lang='lat' dir='ltr'><strong>Haec</strong></span> <span class='ocrx_word' id='word_1_354' title='bbox 1184 3248 1251 3256; x_wconf 97' lang='lat'><strong>—</strong></span> <span class='ocrx_word' id='word_1_355' title='bbox 1279 3219 1496 3273; x_wconf 60' lang='lat' dir='ltr'><strong>seculi.</strong></span> <span class='ocrx_word' id='word_1_356' title='bbox 1540 3218 1674 3274; x_wconf 89' lang='lat' dir='ltr'><strong>Sine</strong></span> <span class='ocrx_word' id='word_1_357' title='bbox 1710 3217 2000 3289; x_wconf 88' lang='lat' dir='ltr'><strong>parabola</strong></span> <span class='ocrx_word' id='word_1_358' title='bbox 2024 3233 2146 3274; x_wconf 90' lang='lat' dir='ltr'><strong>non</strong></span> 
     </span>
    </p>
   </div>
   <div class='ocr_carea' id='block_1_53' title="bbox 500 3292 2146 3376">
    <p class='ocr_par' dir='ltr' id='par_1_53' title="bbox 500 3292 2146 3376">
     <span class='ocr_line' id='line_1_54' title="bbox 500 3292 2146 3376; baseline 0.007 -26"><span class='ocrx_word' id='word_1_359' title='bbox 500 3292 852 3367; x_wconf 87' lang='lat' dir='ltr'><strong>loquebatur</strong></span> <span class='ocrx_word' id='word_1_360' title='bbox 916 3303 1023 3368; x_wconf 89' lang='lat' dir='ltr'><strong>eis,</strong></span> <span class='ocrx_word' id='word_1_361' title='bbox 1078 3308 1342 3376; x_wconf 89' lang='lat' dir='ltr'><strong>tempore</strong></span> <span class='ocrx_word' id='word_1_362' title='bbox 1406 3305 1505 3362; x_wconf 91' lang='lat' dir='ltr'><strong>illo</strong></span> <span class='ocrx_word' id='word_1_363' title='bbox 1567 3306 1891 3362; x_wconf 88' lang='lat' dir='ltr'><strong>videlicet:</strong></span> <span class='ocrx_word' id='word_1_364' title='bbox 1959 3306 2146 3362; x_wconf 88' lang='lat' dir='ltr'><strong>multa</strong></span> 
     </span>
    </p>
   </div>
   <div class='ocr_carea' id='block_1_54' title="bbox 499 3384 2142 3466">
    <p class='ocr_par' dir='ltr' id='par_1_54' title="bbox 499 3384 2142 3466">
     <span class='ocr_line' id='line_1_55' title="bbox 499 3384 2142 3466; baseline 0.009 -30"><span class='ocrx_word' id='word_1_365' title='bbox 499 3384 655 3440; x_wconf 90' lang='lat' dir='ltr'><strong>enim</strong></span> <span class='ocrx_word' id='word_1_366' title='bbox 719 3389 942 3464; x_wconf 82' lang='lat' dir='ltr'><strong>saepius</strong></span> <span class='ocrx_word' id='word_1_367' title='bbox 993 3391 1108 3446; x_wconf 92' lang='lat' dir='ltr'><strong>illis</strong></span> <span class='ocrx_word' id='word_1_368' title='bbox 1179 3394 1410 3449; x_wconf 90' lang='lat' dir='ltr'><strong>locutus</strong></span> <span class='ocrx_word' id='word_1_369' title='bbox 1475 3399 1562 3450; x_wconf 86' lang='lat' dir='ltr'><strong>est</strong></span> <span class='ocrx_word' id='word_1_370' title='bbox 1619 3394 1743 3450; x_wconf 89' lang='lat' dir='ltr'><strong>sine</strong></span> <span class='ocrx_word' id='word_1_371' title='bbox 1796 3395 2142 3466; x_wconf 86' lang='lat' dir='ltr'><strong>parabolis;</strong></span> 
     </span>
    </p>
   </div>
   <div class='ocr_carea' id='block_1_55' title="bbox 498 3471 2145 3555">
    <p class='ocr_par' dir='ltr' id='par_1_55' title="bbox 498 3471 2145 3555">
     <span class='ocr_line' id='line_1_56' title="bbox 498 3471 2145 3555; baseline 0.003 -21"><span class='ocrx_word' id='word_1_372' title='bbox 498 3471 895 3555; x_wconf 38' lang='lat' dir='ltr'><strong>tunpautem</strong></span> <span class='ocrx_word' id='word_1_373' title='bbox 950 3495 1054 3549; x_wconf 87' lang='lat' dir='ltr'><strong>per</strong></span> <span class='ocrx_word' id='word_1_374' title='bbox 1114 3482 1434 3552; x_wconf 89' lang='lat' dir='ltr'><strong>parabolas</strong></span> <span class='ocrx_word' id='word_1_375' title='bbox 1498 3483 1854 3555; x_wconf 89' lang='lat' dir='ltr'><strong>loquebatur</strong></span> <span class='ocrx_word' id='word_1_376' title='bbox 1914 3485 2018 3553; x_wconf 87' lang='lat' dir='ltr'><strong>eis,</strong></span> <span class='ocrx_word' id='word_1_377' title='bbox 2083 3487 2145 3539; x_wconf 90' lang='lat' dir='ltr'><strong>ut</strong></span> 
     </span>
    </p>
   </div>
   <div class='ocr_carea' id='block_1_56' title="bbox 573 3567 2145 3642">
    <p class='ocr_par' dir='ltr' id='par_1_56' title="bbox 573 3567 2145 3642">
     <span class='ocr_line' id='line_1_57' title="bbox 573 3567 2145 3642; baseline 0.002 -19"><span class='ocrx_word' id='word_1_378' title='bbox 573 3567 892 3639; x_wconf 83' lang='lat' dir='ltr'><strong>inpleretur</strong></span> <span class='ocrx_word' id='word_1_379' title='bbox 927 3569 1085 3638; x_wconf 89' lang='lat' dir='ltr'><strong>quod</strong></span> <span class='ocrx_word' id='word_1_380' title='bbox 1117 3568 1341 3625; x_wconf 85' lang='lat' dir='ltr'><strong>dictum</strong></span> <span class='ocrx_word' id='word_1_381' title='bbox 1399 3570 1589 3626; x_wconf 81' lang='lat' dir='ltr'><strong>fuerat</strong></span> <span class='ocrx_word' id='word_1_382' title='bbox 1619 3587 1722 3642; x_wconf 92' lang='lat' dir='ltr'><strong>per</strong></span> <span class='ocrx_word' id='word_1_383' title='bbox 1753 3571 1937 3626; x_wconf 89' lang='lat' dir='ltr'><strong>David</strong></span> <span class='ocrx_word' id='word_1_384' title='bbox 1971 3573 2038 3624; x_wconf 71' lang='grc' dir='ltr'><strong>υ.</strong></span> <span class='ocrx_word' id='word_1_385' title='bbox 2074 3572 2145 3626; x_wconf 89' lang='lat' dir='ltr'><strong>At</strong></span> 
     </span>
    </p>
   </div>
   <div class='ocr_carea' id='block_1_57' title="bbox 497 3654 2144 3730">
    <p class='ocr_par' dir='ltr' id='par_1_57' title="bbox 497 3654 2144 3730">
     <span class='ocr_line' id='line_1_58' title="bbox 497 3654 2144 3730; baseline -0.002 -18"><span class='ocrx_word' id='word_1_386' title='bbox 497 3654 794 3712; x_wconf 83' lang='lat' dir='ltr'><strong>translatio</strong></span> <span class='ocrx_word' id='word_1_387' title='bbox 847 3655 1234 3724; x_wconf 87' lang='lat' dir='ltr'><strong>Septuaginta</strong></span> <span class='ocrx_word' id='word_1_388' title='bbox 1291 3657 1676 3728; x_wconf 90' lang='lat' dir='ltr'><strong>interpretum</strong></span> <span class='ocrx_word' id='word_1_389' title='bbox 1715 3658 1895 3713; x_wconf 91' lang='lat' dir='ltr'><strong>habet</strong></span> <span class='ocrx_word' id='word_1_390' title='bbox 1931 3658 2144 3730; x_wconf 82' lang='grc' dir='ltr'>φθέγξο-</span> 
     </span>
    </p>
   </div>
   <div class='ocr_carea' id='block_1_58' title="bbox 495 3741 2144 3818">
    <p class='ocr_par' dir='ltr' id='par_1_58' title="bbox 495 3741 2144 3818">
     <span class='ocr_line' id='line_1_59' title="bbox 495 3741 2144 3818; baseline 0.006 -25"><span class='ocrx_word' id='word_1_391' title='bbox 495 3763 592 3817; x_wconf 91' lang='grc' dir='ltr'><strong>μαι</strong></span> <span class='ocrx_word' id='word_1_392' title='bbox 629 3741 974 3813; x_wconf 77' lang='grc' dir='ltr'>προϐλήματα</span> <span class='ocrx_word' id='word_1_393' title='bbox 1003 3743 1090 3794; x_wconf 79' lang='grc' dir='ltr'><strong>ἀπ’</strong></span> <span class='ocrx_word' id='word_1_394' title='bbox 1136 3743 1306 3818; x_wconf 81' lang='grc' dir='ltr'>ἀρχῆς</span> <span class='ocrx_word' id='word_1_395' title='bbox 1357 3747 1567 3816; x_wconf 83' lang='lat' dir='ltr'><strong>loquar</strong></span> <span class='ocrx_word' id='word_1_396' title='bbox 1617 3745 1980 3814; x_wconf 79' lang='lat' dir='ltr'><strong>problemata</strong></span> <span class='ocrx_word' id='word_1_397' title='bbox 2025 3749 2144 3803; x_wconf 80' lang='lat' dir='ltr'><strong>sive</strong></span> 
     </span>
    </p>
   </div>
   <div class='ocr_carea' id='block_1_59' title="bbox 494 3829 2142 3905">
    <p class='ocr_par' dir='ltr' id='par_1_59' title="bbox 494 3829 2142 3905">
     <span class='ocr_line' id='line_1_60' title="bbox 494 3829 2142 3905; baseline 0.004 -21"><span class='ocrx_word' id='word_1_398' title='bbox 494 3829 908 3901; x_wconf 76' lang='lat' dir='ltr'><strong>propositiones</strong></span> <span class='ocrx_word' id='word_1_399' title='bbox 943 3830 1215 3887; x_wconf 84' lang='lat' dir='ltr'><strong>obscuras</strong></span> <span class='ocrx_word' id='word_1_400' title='bbox 1246 3833 1320 3888; x_wconf 90' lang='lat' dir='ltr'><strong>ab</strong></span> <span class='ocrx_word' id='word_1_401' title='bbox 1350 3833 1536 3888; x_wconf 86' lang='lat' dir='ltr'><strong>initio.</strong></span> <span class='ocrx_word' id='word_1_402' title='bbox 1572 3833 1679 3898; x_wconf 86' lang='lat' dir='ltr'><strong>Qui</strong></span> <span class='ocrx_word' id='word_1_403' title='bbox 1719 3849 1859 3889; x_wconf 88' lang='lat' dir='ltr'><strong>vero</strong></span> <span class='ocrx_word' id='word_1_404' title='bbox 1883 3850 2142 3905; x_wconf 68' lang='lat' dir='ltr'><strong>prmsens</strong></span> 
     </span>
    </p>
   </div>
   <div class='ocr_carea' id='block_1_60' title="bbox 500 3915 2138 3990">
    <p class='ocr_par' dir='ltr' id='par_1_60' title="bbox 500 3915 2138 3990">
     <span class='ocr_line' id='line_1_61' title="bbox 500 3915 2138 3990; baseline 0.004 -17"><span class='ocrx_word' id='word_1_405' title='bbox 500 3915 887 3984; x_wconf 84' lang='lat' dir='ltr'><strong>Evangelium</strong></span> <span class='ocrx_word' id='word_1_406' title='bbox 926 3917 985 3972; x_wconf 93' lang='lat' dir='ltr'><strong>in</strong></span> <span class='ocrx_word' id='word_1_407' title='bbox 1014 3917 1273 3975; x_wconf 62' lang='lat' dir='ltr'><strong>Griecam</strong></span> <span class='ocrx_word' id='word_1_408' title='bbox 1301 3920 1594 3976; x_wconf 88' lang='lat' dir='ltr'><strong>transtulit</strong></span> <span class='ocrx_word' id='word_1_409' title='bbox 1630 3921 1920 3990; x_wconf 82' lang='lat' dir='ltr'><strong>linguam,</strong></span> <span class='ocrx_word' id='word_1_410' title='bbox 1958 3923 2138 3979; x_wconf 83' lang='lat' dir='ltr'><strong>dixit:</strong></span> 
     </span>
    </p>
   </div>
   <div class='ocr_carea' id='block_1_61' title="bbox 494 4005 2137 4084">
    <p class='ocr_par' dir='ltr' id='par_1_61' title="bbox 494 4005 2137 4084">
     <span class='ocr_line' id='line_1_62' title="bbox 494 4005 2137 4084; baseline 0.002 -24"><span class='ocrx_word' id='word_1_411' title='bbox 494 4005 806 4078; x_wconf 85' lang='grc' dir='ltr'>Ἐρεύξομαι</span> <span class='ocrx_word' id='word_1_412' title='bbox 905 4011 1232 4078; x_wconf 76' lang='grc' dir='ltr'>κεκρυμμένα</span> <span class='ocrx_word' id='word_1_413' title='bbox 1334 4007 1434 4060; x_wconf 80' lang='grc' dir='ltr'><strong>ἀπὸ</strong></span> <span class='ocrx_word' id='word_1_414' title='bbox 1527 4008 1819 4070; x_wconf 79' lang='grc' dir='ltr'>καταϐολῆς</span> <span class='ocrx_word' id='word_1_415' title='bbox 1917 4015 2137 4084; x_wconf 81' lang='grc' dir='ltr'>κόσμου,</span> 
     </span>
    </p>
   </div>
   <div class='ocr_carea' id='block_1_62' title="bbox 497 4095 2139 4157">
    <p class='ocr_par' dir='ltr' id='par_1_62' title="bbox 497 4095 2139 4157">
     <span class='ocr_line' id='line_1_63' title="bbox 497 4095 2139 4157; baseline 0.004 -7"><span class='ocrx_word' id='word_1_416' title='bbox 497 4095 800 4152; x_wconf 84' lang='lat' dir='ltr'><strong>Eructabo</strong></span> <span class='ocrx_word' id='word_1_417' title='bbox 848 4095 1192 4153; x_wconf 84' lang='lat' dir='ltr'><strong>abscondita</strong></span> <span class='ocrx_word' id='word_1_418' title='bbox 1223 4114 1259 4154; x_wconf 91' lang='lat' dir='ltr'><strong>a</strong></span> <span class='ocrx_word' id='word_1_419' title='bbox 1294 4099 1702 4155; x_wconf 78' lang='lat' dir='ltr'><strong>constitutione</strong></span> <span class='ocrx_word' id='word_1_420' title='bbox 1754 4101 1979 4157; x_wconf 82' lang='lat' dir='ltr'><strong>mundi.</strong></span> <span class='ocrx_word' id='word_1_421' title='bbox 2037 4105 2139 4157; x_wconf 84' lang='lat' dir='ltr'><strong>He-</strong></span> 
     </span>
    </p>
   </div>
   <div class='ocr_carea' id='block_1_63' title="bbox 500 4183 2141 4259">
    <p class='ocr_par' dir='ltr' id='par_1_63' title="bbox 500 4183 2141 4259">
     <span class='ocr_line' id='line_1_64' title="bbox 500 4183 2141 4259; baseline 0.005 -20"><span class='ocrx_word' id='word_1_422' title='bbox 500 4183 710 4239; x_wconf 89' lang='lat' dir='ltr'><strong>braicis</strong></span> <span class='ocrx_word' id='word_1_423' title='bbox 757 4200 1018 4254; x_wconf 73' lang='lat' dir='ltr'><strong>praesens</strong></span> <span class='ocrx_word' id='word_1_424' title='bbox 1075 4185 1454 4252; x_wconf 88' lang='lat' dir='ltr'><strong>dictionibus,</strong></span> <span class='ocrx_word' id='word_1_425' title='bbox 1512 4204 1646 4259; x_wconf 63' lang='lat' dir='ltr'><strong>qua;</strong></span> <span class='ocrx_word' id='word_1_426' title='bbox 1695 4193 1751 4245; x_wconf 90' lang='lat' dir='ltr'><strong>et</strong></span> <span class='ocrx_word' id='word_1_427' title='bbox 1780 4189 1909 4245; x_wconf 68' lang='lat' dir='ltr'><strong>haec</strong></span> <span class='ocrx_word' id='word_1_428' title='bbox 1939 4194 1996 4246; x_wconf 90' lang='lat' dir='ltr'><strong>et</strong></span> <span class='ocrx_word' id='word_1_429' title='bbox 2041 4190 2141 4248; x_wconf 89' lang='lat' dir='ltr'><strong>illa</strong></span> 
     </span>
    </p>
   </div>
   <div class='ocr_carea' id='block_1_64' title="bbox 498 4271 2136 4350">
    <p class='ocr_par' dir='ltr' id='par_1_64' title="bbox 498 4271 2136 4350">
     <span class='ocr_line' id='line_1_65' title="bbox 498 4271 2136 4350; baseline 0.004 -22"><span class='ocrx_word' id='word_1_430' title='bbox 498 4271 856 4341; x_wconf 86' lang='lat' dir='ltr'><strong>signiﬁcant.</strong></span> <span class='ocrx_word' id='word_1_431' title='bbox 901 4271 1059 4328; x_wconf 90' lang='lat' dir='ltr'><strong>Sicut</strong></span> <span class='ocrx_word' id='word_1_432' title='bbox 1089 4281 1284 4330; x_wconf 91' lang='lat' dir='ltr'><strong>eructo</strong></span> <span class='ocrx_word' id='word_1_433' title='bbox 1319 4275 1614 4346; x_wconf 88' lang='lat' dir='ltr'><strong>signiﬁcat</strong></span> <span class='ocrx_word' id='word_1_434' title='bbox 1679 4277 1857 4333; x_wconf 90' lang='lat' dir='ltr'><strong>etiam</strong></span> <span class='ocrx_word' id='word_1_435' title='bbox 1899 4280 2136 4350; x_wconf 82' lang='lat' dir='ltr'><strong>loquor;</strong></span> 
     </span>
    </p>
   </div>
   <div class='ocr_carea' id='block_1_65' title="bbox 496 4358 2141 4438">
    <p class='ocr_par' dir='ltr' id='par_1_65' title="bbox 496 4358 2141 4438">
     <span class='ocr_line' id='line_1_66' title="bbox 496 4358 2141 4438; baseline 0.005 -21"><span class='ocrx_word' id='word_1_436' title='bbox 496 4365 553 4417; x_wconf 92' lang='lat' dir='ltr'><strong>et</strong></span> <span class='ocrx_word' id='word_1_437' title='bbox 633 4358 717 4415; x_wconf 84' lang='lat' dir='ltr'>illi</span> <span class='ocrx_word' id='word_1_438' title='bbox 772 4360 1116 4435; x_wconf 78' lang='grc' dir='ltr'>προϐλήματα</span> <span class='ocrx_word' id='word_1_439' title='bbox 1186 4364 1456 4420; x_wconf 85' lang='lat' dir='ltr'><strong>dixerunt</strong></span> <span class='ocrx_word' id='word_1_440' title='bbox 1513 4365 1814 4438; x_wconf 86' lang='grc' dir='ltr'>αἰνίγματα,</span> <span class='ocrx_word' id='word_1_441' title='bbox 1870 4368 2022 4423; x_wconf 80' lang='lat' dir='ltr'><strong>sicut</strong></span> <span class='ocrx_word' id='word_1_442' title='bbox 2086 4374 2141 4425; x_wconf 90' lang='lat' dir='ltr'><strong>et</strong></span> 
     </span>
    </p>
   </div>
   <div class='ocr_carea' id='block_1_66' title="bbox 493 4447 2137 4522">
    <p class='ocr_par' dir='ltr' id='par_1_66' title="bbox 493 4447 2137 4522">
     <span class='ocr_line' id='line_1_67' title="bbox 493 4447 2137 4522; baseline 0.005 -18"><span class='ocrx_word' id='word_1_443' title='bbox 493 4447 701 4520; x_wconf 85' lang='lat' dir='ltr'><strong>Aquila</strong></span> <span class='ocrx_word' id='word_1_444' title='bbox 756 4453 1001 4506; x_wconf 87' lang='lat' dir='ltr'><strong>testatus</strong></span> <span class='ocrx_word' id='word_1_445' title='bbox 1039 4457 1146 4506; x_wconf 90' lang='lat' dir='ltr'><strong>est.</strong></span> <span class='ocrx_word' id='word_1_446' title='bbox 1216 4453 1550 4522; x_wconf 69' lang='lat' dir='ltr'><strong>Enigmata</strong></span> <span class='ocrx_word' id='word_1_447' title='bbox 1612 4471 1748 4510; x_wconf 88' lang='lat' dir='ltr'><strong>vero</strong></span> <span class='ocrx_word' id='word_1_448' title='bbox 1788 4462 1924 4512; x_wconf 88' lang='lat' dir='ltr'><strong>sunt</strong></span> <span class='ocrx_word' id='word_1_449' title='bbox 1963 4456 2137 4512; x_wconf 89' lang='lat' dir='ltr'><strong>etiam</strong></span> 
     </span>
    </p>
   </div>
   <div class='ocr_carea' id='block_1_67' title="bbox 491 4537 2140 4610">
    <p class='ocr_par' dir='ltr' id='par_1_67' title="bbox 491 4537 2140 4610">
     <span class='ocr_line' id='line_1_68' title="bbox 491 4537 2140 4610; baseline 0.004 -18"><span class='ocrx_word' id='word_1_450' title='bbox 491 4537 849 4606; x_wconf 66' lang='lat' dir='ltr'><strong>evangelicae</strong></span> <span class='ocrx_word' id='word_1_451' title='bbox 883 4540 1210 4610; x_wconf 66' lang='lat' dir='ltr'><strong>parabolae.</strong></span> <span class='ocrx_word' id='word_1_452' title='bbox 1248 4542 1771 4606; x_wconf 90' lang='lat' dir='ltr'><strong>Quemadmodum</strong></span> <span class='ocrx_word' id='word_1_453' title='bbox 1815 4543 1972 4599; x_wconf 88' lang='lat' dir='ltr'><strong>enim</strong></span> <span class='ocrx_word' id='word_1_454' title='bbox 2005 4545 2140 4599; x_wconf 66' lang='lat' dir='ltr'><strong>aani-</strong></span> 
     </span>
    </p>
   </div>
   <div class='ocr_carea' id='block_1_68' title="bbox 492 4625 2140 4694">
    <p class='ocr_par' dir='ltr' id='par_1_68' title="bbox 492 4625 2140 4694">
     <span class='ocr_line' id='line_1_69' title="bbox 492 4625 2140 4694; baseline 0.006 -16"><span class='ocrx_word' id='word_1_455' title='bbox 492 4630 697 4694; x_wconf 89' lang='lat' dir='ltr'><strong>gmata</strong></span> <span class='ocrx_word' id='word_1_456' title='bbox 725 4625 1131 4682; x_wconf 85' lang='lat' dir='ltr'><strong>absconditam</strong></span> <span class='ocrx_word' id='word_1_457' title='bbox 1162 4627 1385 4684; x_wconf 86' lang='lat' dir='ltr'><strong>habent</strong></span> <span class='ocrx_word' id='word_1_458' title='bbox 1417 4631 1744 4693; x_wconf 88' lang='lat' dir='ltr'><strong>veritatem,</strong></span> <span class='ocrx_word' id='word_1_459' title='bbox 1787 4629 1870 4685; x_wconf 89' lang='lat' dir='ltr'><strong>ita</strong></span> <span class='ocrx_word' id='word_1_460' title='bbox 1905 4648 2047 4688; x_wconf 92' lang='lat' dir='ltr'><strong>sane</strong></span> <span class='ocrx_word' id='word_1_461' title='bbox 2085 4638 2140 4688; x_wconf 91' lang='lat' dir='ltr'><strong>et</strong></span> 
     </span>
    </p>
   </div>
   <div class='ocr_carea' id='block_1_69' title="bbox 489 4712 2134 4785">
    <p class='ocr_par' dir='ltr' id='par_1_69' title="bbox 489 4712 2134 4785">
     <span class='ocr_line' id='line_1_70' title="bbox 489 4712 2134 4785; baseline 0.004 -18"><span class='ocrx_word' id='word_1_462' title='bbox 489 4712 621 4768; x_wconf 77' lang='lat' dir='ltr'><strong>illae.</strong></span> <span class='ocrx_word' id='word_1_463' title='bbox 649 4713 815 4778; x_wconf 86' lang='lat' dir='ltr'><strong>Quod</strong></span> <span class='ocrx_word' id='word_1_464' title='bbox 841 4718 1040 4768; x_wconf 89' lang='lat' dir='ltr'><strong>autem</strong></span> <span class='ocrx_word' id='word_1_465' title='bbox 1079 4714 1291 4771; x_wconf 91' lang='lat' dir='ltr'><strong>dicitur</strong></span> <span class='ocrx_word' id='word_1_466' title='bbox 1324 4733 1336 4770; x_wconf 94' lang='lat'><strong>:</strong></span> <span class='ocrx_word' id='word_1_467' title='bbox 1387 4720 1429 4771; x_wconf 88' lang='lat' dir='ltr'><strong>A</strong></span> <span class='ocrx_word' id='word_1_468' title='bbox 1475 4717 1879 4774; x_wconf 79' lang='lat' dir='ltr'><strong>constitutione</strong></span> <span class='ocrx_word' id='word_1_469' title='bbox 1914 4721 2134 4785; x_wconf 71' lang='lat' dir='ltr'><strong>saeculi,</strong></span> 
     </span>
    </p>
   </div>
   <div class='ocr_carea' id='block_1_70' title="bbox 488 4799 2138 4873">
    <p class='ocr_par' dir='ltr' id='par_1_70' title="bbox 488 4799 2138 4873">
     <span class='ocr_line' id='line_1_71' title="bbox 488 4799 2138 4873; baseline 0.004 -17"><span class='ocrx_word' id='word_1_470' title='bbox 488 4799 649 4856; x_wconf 91' lang='lat' dir='ltr'><strong>idem</strong></span> <span class='ocrx_word' id='word_1_471' title='bbox 707 4801 1000 4870; x_wconf 88' lang='lat' dir='ltr'><strong>signiﬁcat</strong></span> <span class='ocrx_word' id='word_1_472' title='bbox 1054 4803 1236 4873; x_wconf 87' lang='lat' dir='ltr'><strong>quod,</strong></span> <span class='ocrx_word' id='word_1_473' title='bbox 1294 4804 1382 4860; x_wconf 84' lang='lat' dir='ltr'><strong>Ab</strong></span> <span class='ocrx_word' id='word_1_474' title='bbox 1433 4806 1602 4861; x_wconf 88' lang='lat' dir='ltr'><strong>initio</strong></span> <span class='ocrx_word' id='word_1_475' title='bbox 1652 4806 1866 4861; x_wconf 85' lang='lat' dir='ltr'><strong>mundi.</strong></span> <span class='ocrx_word' id='word_1_476' title='bbox 1914 4808 2138 4863; x_wconf 86' lang='lat' dir='ltr'><strong>Marcus</strong></span> 
     </span>
    </p>
   </div>
   <div class='ocr_carea' id='block_1_71' title="bbox 487 4888 2134 4967">
    <p class='ocr_par' dir='ltr' id='par_1_71' title="bbox 487 4888 2134 4967">
     <span class='ocr_line' id='line_1_72' title="bbox 487 4888 2134 4967; baseline 0.005 -23"><span class='ocrx_word' id='word_1_477' title='bbox 487 4904 626 4945; x_wconf 89' lang='lat' dir='ltr'><strong>vero</strong></span> <span class='ocrx_word' id='word_1_478' title='bbox 652 4888 832 4944; x_wconf 80' lang='lat' dir='ltr'><strong>dixit:</strong></span> <span class='ocrx_word' id='word_1_479' title='bbox 853 4889 933 4945; x_wconf 88' lang='lat' dir='ltr'><strong>Et</strong></span> <span class='ocrx_word' id='word_1_480' title='bbox 957 4889 1298 4960; x_wconf 82' lang='lat' dir='ltr'><strong>hujusmodi</strong></span> <span class='ocrx_word' id='word_1_481' title='bbox 1316 4895 1612 4963; x_wconf 80' lang='lat' dir='ltr'><strong>parabolis</strong></span> <span class='ocrx_word' id='word_1_482' title='bbox 1639 4896 1840 4950; x_wconf 84' lang='lat' dir='ltr'><strong>multis</strong></span> <span class='ocrx_word' id='word_1_483' title='bbox 1865 4896 2134 4967; x_wconf 86' lang='lat' dir='ltr'><strong>loqueba-</strong></span> 
     </span>
    </p>
   </div>
   <div class='ocr_carea' id='block_1_72' title="bbox 492 4979 2138 5053">
    <p class='ocr_par' dir='ltr' id='par_1_72' title="bbox 492 4979 2138 5053">
     <span class='ocr_line' id='line_1_73' title="bbox 492 4979 2138 5053; baseline 0.005 -20"><span class='ocrx_word' id='word_1_484' title='bbox 492 4983 594 5034; x_wconf 85' lang='lat' dir='ltr'><strong>tur</strong></span> <span class='ocrx_word' id='word_1_485' title='bbox 617 4979 697 5034; x_wconf 82' lang='lat' dir='ltr'><strong>eis</strong></span> <span class='ocrx_word' id='word_1_486' title='bbox 729 4992 1054 5035; x_wconf 81' lang='lat' dir='ltr'><strong>sermonem</strong></span> <span class='ocrx_word' id='word_1_487' title='bbox 1092 4985 1269 5050; x_wconf 80' lang='lat' dir='ltr'><strong>prout</strong></span> <span class='ocrx_word' id='word_1_488' title='bbox 1329 4987 1606 5053; x_wconf 83' lang='lat' dir='ltr'><strong>poterant</strong></span> <span class='ocrx_word' id='word_1_489' title='bbox 1665 4982 1868 5040; x_wconf 80' lang='lat' dir='ltr'><strong>audire</strong></span> <span class='ocrx_word' id='word_1_490' title='bbox 1914 4986 1982 5050; x_wconf 79' lang='grc' dir='ltr'><strong>ίτ,</strong></span> <span class='ocrx_word' id='word_1_491' title='bbox 2022 4985 2138 5042; x_wconf 91' lang='lat' dir='ltr'><strong>hoc</strong></span> 
     </span>
    </p>
   </div>
   <div class='ocr_carea' id='block_1_73' title="bbox 563 5153 1704 5228">
    <p class='ocr_par' dir='ltr' id='par_1_73' title="bbox 563 5153 1704 5228">
     <span class='ocr_line' id='line_1_74' title="bbox 563 5153 1704 5228; baseline 0.007 -20"><span class='ocrx_word' id='word_1_492' title='bbox 563 5155 611 5192; x_wconf 74' lang='grc' dir='ltr'><strong><em>η</em></strong></span> <span class='ocrx_word' id='word_1_493' title='bbox 641 5153 796 5213; x_wconf 81' lang='lat' dir='ltr'><strong>Psal-</strong></span> <span class='ocrx_word' id='word_1_494' title='bbox 836 5170 1049 5223; x_wconf 81' lang='lat' dir='ltr'><strong>Lxxvn,</strong></span> <span class='ocrx_word' id='word_1_495' title='bbox 1089 5158 1143 5213; x_wconf 80' lang='lat'><strong>2.</strong></span> <span class='ocrx_word' id='word_1_496' title='bbox 1223 5158 1267 5194; x_wconf 72' lang='grc' dir='ltr'><strong>ιτ</strong></span> <span class='ocrx_word' id='word_1_497' title='bbox 1299 5157 1475 5216; x_wconf 88' lang='lat' dir='ltr'><strong>Marc.</strong></span> <span class='ocrx_word' id='word_1_498' title='bbox 1507 5174 1584 5228; x_wconf 76' lang='grc' dir='ltr'><strong>ιν,</strong></span> <span class='ocrx_word' id='word_1_499' title='bbox 1613 5163 1704 5216; x_wconf 87' lang='lat'><strong>33.</strong></span> 
     </span>
    </p>
   </div>
   <div class='ocr_carea' id='block_1_74' title="bbox 2259 1887 3849 1963">
    <p class='ocr_par' dir='ltr' id='par_1_74' title="bbox 2259 1887 3849 1963">
     <span class='ocr_line' id='line_1_75' title="bbox 2259 1887 3849 1963; baseline -0.003 -21"><span class='ocrx_word' id='word_1_500' title='bbox 2259 1893 2362 1942; x_wconf 81' lang='grc' dir='ltr'>ἄνω</span> <span class='ocrx_word' id='word_1_501' title='bbox 2393 1889 2587 1962; x_wconf 77' lang='grc' dir='ltr'>βαίνειν</span> <span class='ocrx_word' id='word_1_502' title='bbox 2647 1892 2770 1963; x_wconf 86' lang='grc' dir='ltr'>πρὸς</span> <span class='ocrx_word' id='word_1_503' title='bbox 2818 1887 3030 1960; x_wconf 87' lang='grc' dir='ltr'>ούρανόν</span> <span class='ocrx_word' id='word_1_504' title='bbox 3087 1887 3498 1962; x_wconf 79' lang='grc' dir='ltr'>παρασκευάζει,</span> <span class='ocrx_word' id='word_1_505' title='bbox 3536 1890 3622 1938; x_wconf 83' lang='grc' dir='ltr'>καὶ</span> <span class='ocrx_word' id='word_1_506' title='bbox 3678 1888 3849 1938; x_wconf 88' lang='grc' dir='ltr'>πάντα</span> 
     </span>
    </p>
   </div>
   <div class='ocr_carea' id='block_1_75' title="bbox 2258 1975 3076 2050">
    <p class='ocr_par' dir='ltr' id='par_1_75' title="bbox 2258 1975 3076 2050">
     <span class='ocr_line' id='line_1_76' title="bbox 2258 1975 3076 2050; baseline -0.002 -18"><span class='ocrx_word' id='word_1_507' title='bbox 2258 1985 2412 2045; x_wconf 86' lang='grc' dir='ltr'>ποιεῖ,</span> <span class='ocrx_word' id='word_1_508' title='bbox 2448 1975 2668 2050; x_wconf 83' lang='grc' dir='ltr'>δύναμιν</span> <span class='ocrx_word' id='word_1_509' title='bbox 2694 1980 2829 2048; x_wconf 79' lang='grc' dir='ltr'>ἔχων</span> <span class='ocrx_word' id='word_1_510' title='bbox 2859 1978 3076 2048; x_wconf 88' lang='grc' dir='ltr'>ἄφατον.</span> 
     </span>
    </p>
   </div>
   <div class='ocr_carea' id='block_1_76' title="bbox 2325 2237 3862 2313">
    <p class='ocr_par' dir='ltr' id='par_1_76' title="bbox 2325 2237 3862 2313">
     <span class='ocr_line' id='line_1_77' title="bbox 2325 2237 3862 2313; baseline -0.004 -17"><span class='ocrx_word' id='word_1_511' title='bbox 2325 2241 2452 2303; x_wconf 84' lang='grc' dir='ltr'><strong>Ἕως</strong></span> <span class='ocrx_word' id='word_1_512' title='bbox 2496 2273 2563 2282; x_wconf 93' lang='lat'><strong>—</strong></span> <span class='ocrx_word' id='word_1_513' title='bbox 2624 2243 2755 2294; x_wconf 86' lang='grc' dir='ltr'>ὅλον.</span> <span class='ocrx_word' id='word_1_514' title='bbox 2819 2241 2894 2292; x_wconf 81' lang='grc' dir='ltr'><strong>Ού</strong></span> <span class='ocrx_word' id='word_1_515' title='bbox 2950 2245 3196 2299; x_wconf 78' lang='grc' dir='ltr'>στήσεται</span> <span class='ocrx_word' id='word_1_516' title='bbox 3268 2240 3394 2313; x_wconf 84' lang='grc' dir='ltr'>γὰρ,</span> <span class='ocrx_word' id='word_1_517' title='bbox 3452 2237 3862 2312; x_wconf 75' lang='grc' dir='ltr'>ἔγκρυπτόμενος</span> 
     </span>
    </p>
   </div>
   <div class='ocr_carea' id='block_1_77' title="bbox 2256 2326 3860 2403">
    <p class='ocr_par' dir='ltr' id='par_1_77' title="bbox 2256 2326 3860 2403">
     <span class='ocr_line' id='line_1_78' title="bbox 2256 2326 3860 2403; baseline -0.003 -21"><span class='ocrx_word' id='word_1_518' title='bbox 2256 2337 2369 2392; x_wconf 88' lang='grc' dir='ltr'>ταῖς</span> <span class='ocrx_word' id='word_1_519' title='bbox 2398 2331 2606 2402; x_wconf 75' lang='grc' dir='ltr'>ψυχαῖς</span> <span class='ocrx_word' id='word_1_520' title='bbox 2661 2338 2758 2382; x_wconf 86' lang='grc' dir='ltr'>τῶν</span> <span class='ocrx_word' id='word_1_521' title='bbox 2814 2329 3110 2403; x_wconf 80' lang='grc' dir='ltr'>ἀνθρώπων,</span> <span class='ocrx_word' id='word_1_522' title='bbox 3146 2328 3234 2387; x_wconf 82' lang='grc' dir='ltr'><strong>ἕως</strong></span> <span class='ocrx_word' id='word_1_523' title='bbox 3286 2327 3346 2378; x_wconf 81' lang='grc' dir='ltr'>οὗ</span> <span class='ocrx_word' id='word_1_524' title='bbox 3399 2326 3657 2379; x_wconf 78' lang='grc' dir='ltr'>ἑνωθῶσιν</span> <span class='ocrx_word' id='word_1_525' title='bbox 3684 2327 3750 2386; x_wconf 86' lang='grc' dir='ltr'>εἰς</span> <span class='ocrx_word' id='word_1_526' title='bbox 3809 2327 3860 2379; x_wconf 78' lang='grc' dir='ltr'>ἓν</span> 
     </span>
    </p>
   </div>
   <div class='ocr_carea' id='block_1_78' title="bbox 2255 2417 3856 2492">
    <p class='ocr_par' dir='ltr' id='par_1_78' title="bbox 2255 2417 3856 2492">
     <span class='ocr_line' id='line_1_79' title="bbox 2255 2417 3856 2492; baseline -0.004 -20"><span class='ocrx_word' id='word_1_527' title='bbox 2255 2422 2455 2489; x_wconf 87' lang='grc' dir='ltr'>πάντες,</span> <span class='ocrx_word' id='word_1_528' title='bbox 2498 2420 2586 2481; x_wconf 82' lang='grc' dir='ltr'>οὖς</span> <span class='ocrx_word' id='word_1_529' title='bbox 2633 2423 2913 2492; x_wconf 81' lang='grc' dir='ltr'>προώρισεν</span> <span class='ocrx_word' id='word_1_530' title='bbox 2960 2419 2990 2475; x_wconf 79' lang='grc' dir='ltr'>ἡ</span> <span class='ocrx_word' id='word_1_531' title='bbox 3043 2418 3245 2468; x_wconf 89' lang='grc' dir='ltr'>πάντων</span> <span class='ocrx_word' id='word_1_532' title='bbox 3292 2417 3380 2476; x_wconf 86' lang='grc' dir='ltr'><strong>τὰς</strong></span> <span class='ocrx_word' id='word_1_533' title='bbox 3426 2421 3629 2486; x_wconf 78' lang='grc' dir='ltr'>γνώμας</span> <span class='ocrx_word' id='word_1_534' title='bbox 3676 2434 3856 2490; x_wconf 86' lang='grc' dir='ltr'>προγι-</span> 
     </span>
    </p>
   </div>
   <div class='ocr_carea' id='block_1_79' title="bbox 2255 2502 3858 2579">
    <p class='ocr_par' dir='ltr' id='par_1_79' title="bbox 2255 2502 3858 2579">
     <span class='ocr_line' id='line_1_80' title="bbox 2255 2502 3858 2579; baseline -0.002 -21"><span class='ocrx_word' id='word_1_535' title='bbox 2255 2514 2530 2560; x_wconf 87' lang='grc' dir='ltr'>νώσκουσα</span> <span class='ocrx_word' id='word_1_536' title='bbox 2563 2512 2736 2578; x_wconf 85' lang='grc' dir='ltr'>σοφία.</span> <span class='ocrx_word' id='word_1_537' title='bbox 2794 2507 2870 2558; x_wconf 82' lang='grc' dir='ltr'><strong>Τὰ</strong></span> <span class='ocrx_word' id='word_1_538' title='bbox 2898 2507 3000 2576; x_wconf 83' lang='grc' dir='ltr'><strong>γὰρ</strong></span> <span class='ocrx_word' id='word_1_539' title='bbox 3056 2509 3177 2579; x_wconf 88' lang='grc' dir='ltr'>τρία</span> <span class='ocrx_word' id='word_1_540' title='bbox 3230 2505 3386 2570; x_wconf 89' lang='grc' dir='ltr'>σάτα,</span> <span class='ocrx_word' id='word_1_541' title='bbox 3437 2503 3480 2556; x_wconf 90' lang='grc' dir='ltr'>εἰ</span> <span class='ocrx_word' id='word_1_542' title='bbox 3527 2507 3616 2555; x_wconf 84' lang='grc' dir='ltr'>καὶ</span> <span class='ocrx_word' id='word_1_543' title='bbox 3661 2510 3724 2575; x_wconf 74' lang='grc' dir='ltr'>τῇ</span> <span class='ocrx_word' id='word_1_544' title='bbox 3759 2502 3858 2575; x_wconf 86' lang='grc' dir='ltr'><strong>ἐμ-</strong></span> 
     </span>
    </p>
   </div>
   <div class='ocr_carea' id='block_1_80' title="bbox 2257 2591 3856 2667">
    <p class='ocr_par' dir='ltr' id='par_1_80' title="bbox 2257 2591 3856 2667">
     <span class='ocr_line' id='line_1_81' title="bbox 2257 2591 3856 2667; baseline -0.004 -19"><span class='ocrx_word' id='word_1_545' title='bbox 2257 2599 2406 2667; x_wconf 89' lang='grc' dir='ltr'>φάσει</span> <span class='ocrx_word' id='word_1_546' title='bbox 2459 2595 2652 2656; x_wconf 80' lang='grc' dir='ltr'>πλῆθος</span> <span class='ocrx_word' id='word_1_547' title='bbox 2701 2591 2972 2658; x_wconf 73' lang='grc' dir='ltr'>δηλοῦσιν,</span> <span class='ocrx_word' id='word_1_548' title='bbox 3007 2591 3133 2644; x_wconf 81' lang='grc' dir='ltr'>ἀλλὰ</span> <span class='ocrx_word' id='word_1_549' title='bbox 3186 2601 3258 2662; x_wconf 85' lang='grc' dir='ltr'>τῷ</span> <span class='ocrx_word' id='word_1_550' title='bbox 3308 2591 3512 2665; x_wconf 77' lang='grc' dir='ltr'>ἀριθμῷ</span> <span class='ocrx_word' id='word_1_551' title='bbox 3555 2609 3856 2663; x_wconf 88' lang='grc' dir='ltr'>πεπερατω-</span> 
     </span>
    </p>
   </div>
   <div class='ocr_carea' id='block_1_81' title="bbox 2257 2676 3855 2755">
    <p class='ocr_par' dir='ltr' id='par_1_81' title="bbox 2257 2676 3855 2755">
     <span class='ocr_line' id='line_1_82' title="bbox 2257 2676 3855 2755; baseline -0.003 -20"><span class='ocrx_word' id='word_1_552' title='bbox 2257 2688 2382 2755; x_wconf 80' lang='grc' dir='ltr'>μίνα</span> <span class='ocrx_word' id='word_1_553' title='bbox 2405 2688 2525 2744; x_wconf 87' lang='grc' dir='ltr'>τέως</span> <span class='ocrx_word' id='word_1_554' title='bbox 2566 2684 2687 2737; x_wconf 85' lang='grc' dir='ltr'>εἰσί.</span> <span class='ocrx_word' id='word_1_555' title='bbox 2724 2682 2888 2740; x_wconf 79' lang='grc' dir='ltr'>Πολλὴ</span> <span class='ocrx_word' id='word_1_556' title='bbox 2923 2678 3009 2734; x_wconf 80' lang='grc' dir='ltr'>οὖν</span> <span class='ocrx_word' id='word_1_557' title='bbox 3041 2688 3131 2733; x_wconf 85' lang='grc' dir='ltr'>τοῦ</span> <span class='ocrx_word' id='word_1_558' title='bbox 3159 2684 3498 2753; x_wconf 76' lang='grc' dir='ltr'>κηρύγματος</span> <span class='ocrx_word' id='word_1_559' title='bbox 3535 2682 3564 2738; x_wconf 77' lang='grc' dir='ltr'><strong>ἠ</strong></span> <span class='ocrx_word' id='word_1_560' title='bbox 3610 2676 3855 2751; x_wconf 83' lang='grc' dir='ltr'>δύναμις,</span> 
     </span>
    </p>
   </div>
   <div class='ocr_carea' id='block_1_82' title="bbox 2255 2768 3858 2843">
    <p class='ocr_par' dir='ltr' id='par_1_82' title="bbox 2255 2768 3858 2843">
     <span class='ocr_line' id='line_1_83' title="bbox 2255 2768 3858 2843; baseline -0.002 -19"><span class='ocrx_word' id='word_1_561' title='bbox 2255 2778 2341 2824; x_wconf 78' lang='grc' dir='ltr'>καὶ</span> <span class='ocrx_word' id='word_1_562' title='bbox 2385 2776 2442 2824; x_wconf 90' lang='grc' dir='ltr'>τὸ</span> <span class='ocrx_word' id='word_1_563' title='bbox 2501 2773 2733 2843; x_wconf 78' lang='grc' dir='ltr'>ζυμωθεν</span> <span class='ocrx_word' id='word_1_564' title='bbox 2785 2770 2943 2834; x_wconf 81' lang='grc' dir='ltr'>ἅπαξ,</span> <span class='ocrx_word' id='word_1_565' title='bbox 2987 2771 3126 2841; x_wconf 76' lang='grc' dir='ltr'>ζύμη</span> <span class='ocrx_word' id='word_1_566' title='bbox 3172 2770 3324 2820; x_wconf 87' lang='grc' dir='ltr'>πάλιν</span> <span class='ocrx_word' id='word_1_567' title='bbox 3373 2776 3444 2838; x_wconf 81' lang='grc' dir='ltr'>τῷ</span> <span class='ocrx_word' id='word_1_568' title='bbox 3499 2768 3661 2838; x_wconf 83' lang='grc' dir='ltr'>λοιπῷ</span> <span class='ocrx_word' id='word_1_569' title='bbox 3714 2773 3858 2842; x_wconf 83' lang='grc' dir='ltr'>μέρει</span> 
     </span>
    </p>
   </div>
   <div class='ocr_carea' id='block_1_83' title="bbox 2254 2854 3856 2933">
    <p class='ocr_par' dir='ltr' id='par_1_83' title="bbox 2254 2854 3856 2933">
     <span class='ocr_line' id='line_1_84' title="bbox 2254 2854 3856 2933; baseline -0.002 -21"><span class='ocrx_word' id='word_1_570' title='bbox 2254 2866 2464 2933; x_wconf 83' lang='grc' dir='ltr'>γίνεται.</span> <span class='ocrx_word' id='word_1_571' title='bbox 2515 2863 2658 2920; x_wconf 65' lang='grc' dir='ltr'>Τινὲς</span> <span class='ocrx_word' id='word_1_572' title='bbox 2711 2856 2770 2911; x_wconf 68' lang='grc' dir='ltr'><strong>δι</strong></span> <span class='ocrx_word' id='word_1_573' title='bbox 2819 2858 3026 2930; x_wconf 77' lang='grc' dir='ltr'>ἄλευρον</span> <span class='ocrx_word' id='word_1_574' title='bbox 3066 2861 3155 2929; x_wconf 71' lang='grc' dir='ltr'>μὲν</span> <span class='ocrx_word' id='word_1_575' title='bbox 3203 2857 3434 2928; x_wconf 80' lang='grc' dir='ltr'>λέγουσι,</span> <span class='ocrx_word' id='word_1_576' title='bbox 3487 2861 3602 2916; x_wconf 85' lang='grc' dir='ltr'>τοὺς</span> <span class='ocrx_word' id='word_1_577' title='bbox 3654 2854 3856 2928; x_wconf 80' lang='grc' dir='ltr'>ἀνθρὼ-</span> 
     </span>
    </p>
   </div>
   <div class='ocr_carea' id='block_1_84' title="bbox 2258 2940 3850 3018">
    <p class='ocr_par' dir='ltr' id='par_1_84' title="bbox 2258 2940 3850 3018">
     <span class='ocr_line' id='line_1_85' title="bbox 2258 2940 3850 3018; baseline -0.003 -17"><span class='ocrx_word' id='word_1_578' title='bbox 2258 2969 2386 3010; x_wconf 92' lang='grc' dir='ltr'>πους</span> <span class='ocrx_word' id='word_1_579' title='bbox 2427 2967 2438 2977; x_wconf 92' lang='grc'><strong>·</strong></span> <span class='ocrx_word' id='word_1_580' title='bbox 2493 2951 2627 3001; x_wconf 90' lang='grc' dir='ltr'>σάτα</span> <span class='ocrx_word' id='word_1_581' title='bbox 2679 2945 2758 3010; x_wconf 66' lang='grc' dir='ltr'><strong>δὲ,</strong></span> <span class='ocrx_word' id='word_1_582' title='bbox 2805 2947 2939 3010; x_wconf 76' lang='grc' dir='ltr'>ἦτοι,</span> <span class='ocrx_word' id='word_1_583' title='bbox 3001 2951 3164 3018; x_wconf 83' lang='grc' dir='ltr'>μέτρα</span> <span class='ocrx_word' id='word_1_584' title='bbox 3201 2950 3341 3017; x_wconf 89' lang='grc' dir='ltr'>τρία,</span> <span class='ocrx_word' id='word_1_585' title='bbox 3374 2948 3490 3005; x_wconf 80' lang='grc' dir='ltr'>τοὺς</span> <span class='ocrx_word' id='word_1_586' title='bbox 3541 2940 3850 3015; x_wconf 79' lang='grc' dir='ltr'>Ἰουδαίους,</span> 
     </span>
    </p>
   </div>
   <div class='ocr_carea' id='block_1_85' title="bbox 2256 3033 3293 3112">
    <p class='ocr_par' dir='ltr' id='par_1_85' title="bbox 2256 3033 3293 3112">
     <span class='ocr_line' id='line_1_86' title="bbox 2256 3033 3293 3112; baseline -0.006 -22"><span class='ocrx_word' id='word_1_587' title='bbox 2256 3042 2376 3100; x_wconf 83' lang='grc' dir='ltr'>τοὺς</span> <span class='ocrx_word' id='word_1_588' title='bbox 2407 3042 2743 3112; x_wconf 86' lang='grc' dir='ltr'>Σαμαρείτας,</span> <span class='ocrx_word' id='word_1_589' title='bbox 2771 3040 2860 3087; x_wconf 87' lang='grc' dir='ltr'>καὶ</span> <span class='ocrx_word' id='word_1_590' title='bbox 2890 3038 3009 3096; x_wconf 85' lang='grc' dir='ltr'>τοὺς</span> <span class='ocrx_word' id='word_1_591' title='bbox 3029 3033 3293 3094; x_wconf 84' lang='grc' dir='ltr'>Ἕλληνας.</span> 
     </span>
    </p>
   </div>
   <div class='ocr_carea' id='block_1_86' title="bbox 2325 3209 3856 3284">
    <p class='ocr_par' dir='ltr' id='par_1_86' title="bbox 2325 3209 3856 3284">
     <span class='ocr_line' id='line_1_87' title="bbox 2325 3209 3856 3284; baseline -0.004 -16"><span class='ocrx_word' id='word_1_592' title='bbox 2325 3222 2502 3268; x_wconf 81' lang='grc' dir='ltr'>Ταῦτα</span> <span class='ocrx_word' id='word_1_593' title='bbox 2556 3246 2623 3254; x_wconf 93' lang='grc'><strong><em>-</em></strong></span> <span class='ocrx_word' id='word_1_594' title='bbox 2674 3219 2896 3284; x_wconf 89' lang='grc' dir='ltr'>κόσμου.</span> <span class='ocrx_word' id='word_1_595' title='bbox 2955 3216 3132 3284; x_wconf 82' lang='grc' dir='ltr'>Χωρὶς</span> <span class='ocrx_word' id='word_1_596' title='bbox 3194 3209 3498 3283; x_wconf 79' lang='grc' dir='ltr'>παραϐολῆς</span> <span class='ocrx_word' id='word_1_597' title='bbox 3550 3211 3644 3262; x_wconf 86' lang='grc' dir='ltr'><strong>ούκ</strong></span> <span class='ocrx_word' id='word_1_598' title='bbox 3694 3209 3856 3264; x_wconf 72' lang='grc' dir='ltr'>ἐλάλει</span> 
     </span>
    </p>
   </div>
   <div class='ocr_carea' id='block_1_87' title="bbox 2253 3294 3854 3373">
    <p class='ocr_par' dir='ltr' id='par_1_87' title="bbox 2253 3294 3854 3373">
     <span class='ocr_line' id='line_1_88' title="bbox 2253 3294 3854 3373; baseline -0.003 -18"><span class='ocrx_word' id='word_1_599' title='bbox 2253 3303 2446 3371; x_wconf 70' lang='grc' dir='ltr'>αὐτοῖς,</span> <span class='ocrx_word' id='word_1_600' title='bbox 2498 3305 2629 3354; x_wconf 86' lang='grc' dir='ltr'><strong>κατά</strong></span> <span class='ocrx_word' id='word_1_601' title='bbox 2674 3306 2761 3354; x_wconf 87' lang='grc' dir='ltr'><strong>τόν</strong></span> <span class='ocrx_word' id='word_1_602' title='bbox 2817 3302 2994 3372; x_wconf 88' lang='grc' dir='ltr'>καιρόν</span> <span class='ocrx_word' id='word_1_603' title='bbox 3052 3297 3259 3362; x_wconf 84' lang='grc' dir='ltr'>ἐκεῖνον,</span> <span class='ocrx_word' id='word_1_604' title='bbox 3293 3294 3524 3356; x_wconf 74' lang='grc' dir='ltr'>δηλαδὴ.</span> <span class='ocrx_word' id='word_1_605' title='bbox 3562 3297 3728 3351; x_wconf 81' lang='grc' dir='ltr'>Πολλὰ</span> <span class='ocrx_word' id='word_1_606' title='bbox 3757 3301 3854 3373; x_wconf 77' lang='grc' dir='ltr'><strong>γὰρ</strong></span> 
     </span>
    </p>
   </div>
   <div class='ocr_carea' id='block_1_88' title="bbox 2253 3384 3856 3460">
    <p class='ocr_par' dir='ltr' id='par_1_88' title="bbox 2253 3384 3856 3460">
     <span class='ocr_line' id='line_1_89' title="bbox 2253 3384 3856 3460; baseline -0.002 -16"><span class='ocrx_word' id='word_1_607' title='bbox 2253 3392 2495 3453; x_wconf 81' lang='grc' dir='ltr'>πολλάκις</span> <span class='ocrx_word' id='word_1_608' title='bbox 2544 3389 2784 3447; x_wconf 82' lang='grc' dir='ltr'>ἐλάλησεν</span> <span class='ocrx_word' id='word_1_609' title='bbox 2821 3389 3017 3452; x_wconf 87' lang='grc' dir='ltr'>αύτοῖς,</span> <span class='ocrx_word' id='word_1_610' title='bbox 3067 3387 3206 3458; x_wconf 85' lang='grc' dir='ltr'>δίχα</span> <span class='ocrx_word' id='word_1_611' title='bbox 3237 3385 3536 3460; x_wconf 78' lang='grc' dir='ltr'>παραϐολῆς</span> <span class='ocrx_word' id='word_1_612' title='bbox 3574 3403 3586 3416; x_wconf 87' lang='grc'><strong>·</strong></span> <span class='ocrx_word' id='word_1_613' title='bbox 3647 3392 3760 3440; x_wconf 88' lang='grc' dir='ltr'>τότε</span> <span class='ocrx_word' id='word_1_614' title='bbox 3799 3384 3856 3440; x_wconf 69' lang='grc' dir='ltr'><strong>δὲ</strong></span> 
     </span>
    </p>
   </div>
   <div class='ocr_carea' id='block_1_89' title="bbox 2255 3475 3855 3552">
    <p class='ocr_par' dir='ltr' id='par_1_89' title="bbox 2255 3475 3855 3552">
     <span class='ocr_line' id='line_1_90' title="bbox 2255 3475 3855 3552; baseline -0.003 -20"><span class='ocrx_word' id='word_1_615' title='bbox 2255 3477 2348 3532; x_wconf 80' lang='grc' dir='ltr'><strong>διὰ</strong></span> <span class='ocrx_word' id='word_1_616' title='bbox 2403 3478 2706 3552; x_wconf 79' lang='grc' dir='ltr'>παραϐολῶν</span> <span class='ocrx_word' id='word_1_617' title='bbox 2772 3476 2932 3529; x_wconf 79' lang='grc' dir='ltr'>ἐλάλει</span> <span class='ocrx_word' id='word_1_618' title='bbox 3002 3475 3196 3541; x_wconf 73' lang='grc' dir='ltr'>αὐτοῖς,</span> <span class='ocrx_word' id='word_1_619' title='bbox 3295 3477 3378 3526; x_wconf 83' lang='grc' dir='ltr'><strong>ἱνα</strong></span> <span class='ocrx_word' id='word_1_620' title='bbox 3451 3475 3698 3547; x_wconf 76' lang='grc' dir='ltr'>πληρωθῇ</span> <span class='ocrx_word' id='word_1_621' title='bbox 3767 3481 3855 3528; x_wconf 85' lang='grc' dir='ltr'>καὶ</span> 
     </span>
    </p>
   </div>
   <div class='ocr_carea' id='block_1_90' title="bbox 2250 3561 3851 3642">
    <p class='ocr_par' dir='ltr' id='par_1_90' title="bbox 2250 3561 3851 3642">
     <span class='ocr_line' id='line_1_91' title="bbox 2250 3561 3851 3642; baseline -0.004 -21"><span class='ocrx_word' id='word_1_622' title='bbox 2250 3572 2306 3621; x_wconf 90' lang='grc' dir='ltr'><strong>τό</strong></span> <span class='ocrx_word' id='word_1_623' title='bbox 2335 3569 2487 3642; x_wconf 63' lang='grc' dir='ltr'>ῥηθὲν</span> <span class='ocrx_word' id='word_1_624' title='bbox 2540 3564 2630 3620; x_wconf 75' lang='grc' dir='ltr'><strong>διὰ</strong></span> <span class='ocrx_word' id='word_1_625' title='bbox 2664 3574 2754 3618; x_wconf 75' lang='grc' dir='ltr'>τοῦ</span> <span class='ocrx_word' id='word_1_626' title='bbox 2805 3561 2989 3618; x_wconf 80' lang='grc' dir='ltr'><strong>Δαυίδ·</strong></span> <span class='ocrx_word' id='word_1_627' title='bbox 3053 3563 3188 3616; x_wconf 82' lang='grc' dir='ltr'>Ἀλλ’</span> <span class='ocrx_word' id='word_1_628' title='bbox 3244 3565 3272 3621; x_wconf 79' lang='grc' dir='ltr'>ἡ</span> <span class='ocrx_word' id='word_1_629' title='bbox 3326 3565 3416 3634; x_wconf 72' lang='grc' dir='ltr'><strong>μεν</strong></span> <span class='ocrx_word' id='word_1_630' title='bbox 3475 3563 3718 3637; x_wconf 80' lang='grc' dir='ltr'>ἑρμηνεία</span> <span class='ocrx_word' id='word_1_631' title='bbox 3755 3572 3851 3615; x_wconf 85' lang='grc' dir='ltr'>τῶν</span> 
     </span>
    </p>
   </div>
   <div class='ocr_carea' id='block_1_91' title="bbox 2249 3648 3850 3728">
    <p class='ocr_par' dir='ltr' id='par_1_91' title="bbox 2249 3648 3850 3728">
     <span class='ocr_line' id='line_1_92' title="bbox 2249 3648 3850 3728; baseline -0.006 -20"><span class='ocrx_word' id='word_1_632' title='bbox 2249 3654 2657 3728; x_wconf 71' lang='grc' dir='ltr'>Ἐϐδομήκοντα,</span> <span class='ocrx_word' id='word_1_633' title='bbox 2741 3654 3025 3726; x_wconf 77' lang='grc' dir='ltr'>φθέγξομαι</span> <span class='ocrx_word' id='word_1_634' title='bbox 3106 3650 3452 3725; x_wconf 76' lang='grc' dir='ltr'>προϐλήματα</span> <span class='ocrx_word' id='word_1_635' title='bbox 3524 3650 3612 3701; x_wconf 85' lang='grc' dir='ltr'>ἀπ’</span> <span class='ocrx_word' id='word_1_636' title='bbox 3673 3648 3850 3720; x_wconf 79' lang='grc' dir='ltr'>ἀρχῆς</span> 
     </span>
    </p>
   </div>
   <div class='ocr_carea' id='block_1_92' title="bbox 2251 3732 3846 3819">
    <p class='ocr_par' dir='ltr' id='par_1_92' title="bbox 2251 3732 3846 3819">
     <span class='ocr_line' id='line_1_93' title="bbox 2251 3732 3846 3819; baseline -0.006 -22"><span class='ocrx_word' id='word_1_637' title='bbox 2251 3745 2470 3819; x_wconf 67' lang='grc' dir='ltr'>ἔγραψεν</span> <span class='ocrx_word' id='word_1_638' title='bbox 2503 3761 2519 3776; x_wconf 83' lang='grc'><strong><em>⁸</em></strong></span> <span class='ocrx_word' id='word_1_639' title='bbox 2548 3744 2605 3796; x_wconf 84' lang='grc' dir='ltr'>Ὁ</span> <span class='ocrx_word' id='word_1_640' title='bbox 2638 3740 2695 3796; x_wconf 77' lang='grc' dir='ltr'><strong>δὲ</strong></span> <span class='ocrx_word' id='word_1_641' title='bbox 2738 3747 2795 3795; x_wconf 90' lang='grc' dir='ltr'><strong>τό</strong></span> <span class='ocrx_word' id='word_1_642' title='bbox 2843 3745 3006 3817; x_wconf 86' lang='grc' dir='ltr'>παρόν</span> <span class='ocrx_word' id='word_1_643' title='bbox 3040 3740 3348 3811; x_wconf 76' lang='grc' dir='ltr'>Εύαγγέλιον</span> <span class='ocrx_word' id='word_1_644' title='bbox 3388 3739 3456 3799; x_wconf 83' lang='grc' dir='ltr'><strong>εἰς</strong></span> <span class='ocrx_word' id='word_1_645' title='bbox 3497 3743 3587 3795; x_wconf 74' lang='grc' dir='ltr'>τὴν</span> <span class='ocrx_word' id='word_1_646' title='bbox 3624 3732 3846 3788; x_wconf 77' lang='grc' dir='ltr'>Ἐλλάδα</span> 
     </span>
    </p>
   </div>
   <div class='ocr_carea' id='block_1_93' title="bbox 2248 3823 3844 3904">
    <p class='ocr_par' dir='ltr' id='par_1_93' title="bbox 2248 3823 3844 3904">
     <span class='ocr_line' id='line_1_94' title="bbox 2248 3823 3844 3904; baseline -0.006 -19"><span class='ocrx_word' id='word_1_647' title='bbox 2248 3833 2492 3904; x_wconf 87' lang='grc' dir='ltr'>γλῶσσαν</span> <span class='ocrx_word' id='word_1_648' title='bbox 2569 3831 2886 3904; x_wconf 78' lang='grc' dir='ltr'>μεταϐαλὼν,</span> <span class='ocrx_word' id='word_1_649' title='bbox 2970 3829 3279 3903; x_wconf 83' lang='grc' dir='ltr'>Ἐρεύξομαι</span> <span class='ocrx_word' id='word_1_650' title='bbox 3367 3828 3688 3898; x_wconf 78' lang='grc' dir='ltr'>κεκρυμμένα</span> <span class='ocrx_word' id='word_1_651' title='bbox 3744 3823 3844 3876; x_wconf 82' lang='grc' dir='ltr'>ἀπὸ</span> 
     </span>
    </p>
   </div>
   <div class='ocr_carea' id='block_1_94' title="bbox 2249 3911 3850 3994">
    <p class='ocr_par' dir='ltr' id='par_1_94' title="bbox 2249 3911 3850 3994">
     <span class='ocr_line' id='line_1_95' title="bbox 2249 3911 3850 3994; baseline -0.006 -20"><span class='ocrx_word' id='word_1_652' title='bbox 2249 3921 2539 3982; x_wconf 78' lang='grc' dir='ltr'>καταϐολῆς</span> <span class='ocrx_word' id='word_1_653' title='bbox 2589 3925 2808 3992; x_wconf 82' lang='grc' dir='ltr'>κόσμου,</span> <span class='ocrx_word' id='word_1_654' title='bbox 2888 3922 3079 3994; x_wconf 83' lang='grc' dir='ltr'>εἴρηκε,</span> <span class='ocrx_word' id='word_1_655' title='bbox 3155 3924 3270 3978; x_wconf 88' lang='grc' dir='ltr'>ταῖς</span> <span class='ocrx_word' id='word_1_656' title='bbox 3339 3914 3628 3988; x_wconf 78' lang='grc' dir='ltr'>Ἑϐραίκαῖς</span> <span class='ocrx_word' id='word_1_657' title='bbox 3678 3911 3850 3976; x_wconf 77' lang='grc' dir='ltr'>λέξεσι</span> 
     </span>
    </p>
   </div>
   <div class='ocr_carea' id='block_1_95' title="bbox 2248 4000 3851 4082">
    <p class='ocr_par' dir='ltr' id='par_1_95' title="bbox 2248 4000 3851 4082">
     <span class='ocr_line' id='line_1_96' title="bbox 2248 4000 3851 4082; baseline -0.006 -20"><span class='ocrx_word' id='word_1_658' title='bbox 2248 4015 2521 4082; x_wconf 82' lang='grc' dir='ltr'>προσχὼν,</span> <span class='ocrx_word' id='word_1_659' title='bbox 2573 4011 2760 4069; x_wconf 88' lang='grc' dir='ltr'>αῖτινες</span> <span class='ocrx_word' id='word_1_660' title='bbox 2787 4013 2875 4060; x_wconf 88' lang='grc' dir='ltr'>καὶ</span> <span class='ocrx_word' id='word_1_661' title='bbox 2931 4015 3093 4059; x_wconf 82' lang='grc' dir='ltr'>ταῦτα</span> <span class='ocrx_word' id='word_1_662' title='bbox 3121 4004 3334 4057; x_wconf 81' lang='grc' dir='ltr'>κάκεῖνα</span> <span class='ocrx_word' id='word_1_663' title='bbox 3379 4000 3622 4061; x_wconf 78' lang='grc' dir='ltr'>δηλοῦσι.</span> <span class='ocrx_word' id='word_1_664' title='bbox 3657 4007 3757 4055; x_wconf 78' lang='grc' dir='ltr'><strong>Καὶ</strong></span> <span class='ocrx_word' id='word_1_665' title='bbox 3793 4004 3851 4053; x_wconf 87' lang='grc' dir='ltr'><strong>τό</strong></span> 
     </span>
    </p>
   </div>
   <div class='ocr_carea' id='block_1_96' title="bbox 2249 4094 3852 4171">
    <p class='ocr_par' dir='ltr' id='par_1_96' title="bbox 2249 4094 3852 4171">
     <span class='ocr_line' id='line_1_97' title="bbox 2249 4094 3852 4171; baseline -0.006 -20"><span class='ocrx_word' id='word_1_666' title='bbox 2249 4102 2539 4171; x_wconf 84' lang='grc' dir='ltr'>Ερεύγομαι</span> <span class='ocrx_word' id='word_1_667' title='bbox 2589 4099 2708 4171; x_wconf 80' lang='grc' dir='ltr'>γὰρ,</span> <span class='ocrx_word' id='word_1_668' title='bbox 2770 4099 2826 4148; x_wconf 91' lang='grc' dir='ltr'><strong>τό</strong></span> <span class='ocrx_word' id='word_1_669' title='bbox 2883 4097 3181 4166; x_wconf 79' lang='grc' dir='ltr'>Φθεγγομαι</span> <span class='ocrx_word' id='word_1_670' title='bbox 3237 4097 3506 4164; x_wconf 90' lang='grc' dir='ltr'>σημαίνει.</span> <span class='ocrx_word' id='word_1_671' title='bbox 3573 4094 3670 4143; x_wconf 84' lang='grc' dir='ltr'><strong>Καὶ</strong></span> <span class='ocrx_word' id='word_1_672' title='bbox 3719 4109 3852 4164; x_wconf 82' lang='grc' dir='ltr'>προ-</span> 
     </span>
    </p>
   </div>
   <div class='ocr_carea' id='block_1_97' title="bbox 2249 4177 3851 4259">
    <p class='ocr_par' dir='ltr' id='par_1_97' title="bbox 2249 4177 3851 4259">
     <span class='ocr_line' id='line_1_98' title="bbox 2249 4177 3851 4259; baseline -0.004 -20"><span class='ocrx_word' id='word_1_673' title='bbox 2249 4187 2489 4259; x_wconf 69' lang='grc' dir='ltr'>ϐλήματα</span> <span class='ocrx_word' id='word_1_674' title='bbox 2523 4185 2723 4253; x_wconf 84' lang='grc' dir='ltr'>ἐκεῖνοι,</span> <span class='ocrx_word' id='word_1_675' title='bbox 2772 4186 2837 4236; x_wconf 74' lang='grc' dir='ltr'>τὰ</span> <span class='ocrx_word' id='word_1_676' title='bbox 2885 4184 3167 4254; x_wconf 88' lang='grc' dir='ltr'>αἰνίγματα</span> <span class='ocrx_word' id='word_1_677' title='bbox 3222 4178 3382 4248; x_wconf 84' lang='grc' dir='ltr'>εἶπον,</span> <span class='ocrx_word' id='word_1_678' title='bbox 3417 4184 3485 4242; x_wconf 87' lang='grc' dir='ltr'>ὡς</span> <span class='ocrx_word' id='word_1_679' title='bbox 3538 4183 3627 4230; x_wconf 78' lang='grc' dir='ltr'>καὶ</span> <span class='ocrx_word' id='word_1_680' title='bbox 3676 4181 3700 4230; x_wconf 85' lang='grc' dir='ltr'><em>ὁ</em></span> <span class='ocrx_word' id='word_1_681' title='bbox 3735 4177 3851 4250; x_wconf 85' lang='grc'><strong>(36)</strong></span> 
     </span>
    </p>
   </div>
   <div class='ocr_carea' id='block_1_98' title="bbox 2264 4267 3847 4348">
    <p class='ocr_par' dir='ltr' id='par_1_98' title="bbox 2264 4267 3847 4348">
     <span class='ocr_line' id='line_1_99' title="bbox 2264 4267 3847 4348; baseline -0.007 -20"><span class='ocrx_word' id='word_1_682' title='bbox 2264 4279 2466 4337; x_wconf 82' lang='grc' dir='ltr'>Ακύλας</span> <span class='ocrx_word' id='word_1_683' title='bbox 2521 4274 2894 4348; x_wconf 68' lang='grc' dir='ltr'>ἐμαρτύρησεν.</span> <span class='ocrx_word' id='word_1_684' title='bbox 2979 4273 3273 4343; x_wconf 84' lang='grc' dir='ltr'>Αἰνίγματα</span> <span class='ocrx_word' id='word_1_685' title='bbox 3333 4267 3391 4321; x_wconf 81' lang='grc' dir='ltr'><strong>δέ</strong></span> <span class='ocrx_word' id='word_1_686' title='bbox 3466 4268 3596 4320; x_wconf 84' lang='grc' dir='ltr'>εἰσιν</span> <span class='ocrx_word' id='word_1_687' title='bbox 3655 4273 3743 4319; x_wconf 83' lang='grc' dir='ltr'>καὶ</span> <span class='ocrx_word' id='word_1_688' title='bbox 3796 4267 3847 4318; x_wconf 84' lang='grc' dir='ltr'>αἱ</span> 
     </span>
    </p>
   </div>
   <div class='ocr_carea' id='block_1_99' title="bbox 2249 4355 3852 4437">
    <p class='ocr_par' dir='ltr' id='par_1_99' title="bbox 2249 4355 3852 4437">
     <span class='ocr_line' id='line_1_100' title="bbox 2249 4355 3852 4437; baseline -0.007 -20"><span class='ocrx_word' id='word_1_689' title='bbox 2249 4365 2577 4436; x_wconf 76' lang='grc' dir='ltr'>εύαγγελικαὶ</span> <span class='ocrx_word' id='word_1_690' title='bbox 2630 4361 2939 4437; x_wconf 76' lang='grc' dir='ltr'>παραϐολαί.</span> <span class='ocrx_word' id='word_1_691' title='bbox 2995 4363 3234 4430; x_wconf 81' lang='grc' dir='ltr'>Καθάπερ</span> <span class='ocrx_word' id='word_1_692' title='bbox 3292 4359 3394 4430; x_wconf 81' lang='grc' dir='ltr'>γὰρ</span> <span class='ocrx_word' id='word_1_693' title='bbox 3448 4359 3513 4408; x_wconf 79' lang='grc' dir='ltr'>τὰ</span> <span class='ocrx_word' id='word_1_694' title='bbox 3567 4355 3852 4426; x_wconf 87' lang='grc' dir='ltr'>αἰνίγματα</span> 
     </span>
    </p>
   </div>
   <div class='ocr_carea' id='block_1_100' title="bbox 2248 4439 3852 4527">
    <p class='ocr_par' dir='ltr' id='par_1_100' title="bbox 2248 4439 3852 4527">
     <span class='ocr_line' id='line_1_101' title="bbox 2248 4439 3852 4527; baseline -0.008 -22"><span class='ocrx_word' id='word_1_695' title='bbox 2248 4455 2602 4527; x_wconf 79' lang='grc' dir='ltr'>κεκρυμμένην</span> <span class='ocrx_word' id='word_1_696' title='bbox 2679 4454 2867 4522; x_wconf 82' lang='grc' dir='ltr'>ἔχουσι</span> <span class='ocrx_word' id='word_1_697' title='bbox 2947 4453 3039 4507; x_wconf 76' lang='grc' dir='ltr'>τὴν</span> <span class='ocrx_word' id='word_1_698' title='bbox 3112 4446 3375 4511; x_wconf 77' lang='grc' dir='ltr'>ἀλήθειαν,</span> <span class='ocrx_word' id='word_1_699' title='bbox 3433 4443 3567 4496; x_wconf 76' lang='grc' dir='ltr'>οὕτω</span> <span class='ocrx_word' id='word_1_700' title='bbox 3630 4439 3698 4499; x_wconf 79' lang='grc' dir='ltr'><strong>δὴ</strong></span> <span class='ocrx_word' id='word_1_701' title='bbox 3762 4444 3852 4493; x_wconf 85' lang='grc' dir='ltr'>καὶ</span> 
     </span>
    </p>
   </div>
   <div class='ocr_carea' id='block_1_101' title="bbox 2250 4531 3852 4602">
    <p class='ocr_par' dir='ltr' id='par_1_101' title="bbox 2250 4531 3852 4602">
     <span class='ocr_line' id='line_1_102' title="bbox 2250 4531 3852 4602; baseline -0.009 -9"><span class='ocrx_word' id='word_1_702' title='bbox 2250 4541 2423 4594; x_wconf 80' lang='grc' dir='ltr'>αὗται.</span> <span class='ocrx_word' id='word_1_703' title='bbox 2484 4545 2582 4593; x_wconf 81' lang='grc' dir='ltr'><strong>Καὶ</strong></span> <span class='ocrx_word' id='word_1_704' title='bbox 2630 4544 2687 4591; x_wconf 85' lang='grc' dir='ltr'>τὸ</span> <span class='ocrx_word' id='word_1_705' title='bbox 2763 4538 2888 4592; x_wconf 85' lang='grc' dir='ltr'><strong>Ἀπὸ</strong></span> <span class='ocrx_word' id='word_1_706' title='bbox 2986 4535 3268 4594; x_wconf 79' lang='grc' dir='ltr'>καταϐολῆς</span> <span class='ocrx_word' id='word_1_707' title='bbox 3345 4531 3404 4585; x_wconf 77' lang='grc' dir='ltr'><strong>δὲ</strong></span> <span class='ocrx_word' id='word_1_708' title='bbox 3473 4535 3696 4602; x_wconf 84' lang='grc' dir='ltr'>κόσμου,</span> <span class='ocrx_word' id='word_1_709' title='bbox 3771 4532 3852 4597; x_wconf 87' lang='grc' dir='ltr'><strong>τό,</strong></span> 
     </span>
    </p>
   </div>
   <div class='ocr_carea' id='block_1_102' title="bbox 2249 4615 3853 4701">
    <p class='ocr_par' dir='ltr' id='par_1_102' title="bbox 2249 4615 3853 4701">
     <span class='ocr_line' id='line_1_103' title="bbox 2249 4615 3853 4701; baseline -0.008 -21"><span class='ocrx_word' id='word_1_710' title='bbox 2249 4629 2334 4682; x_wconf 76' lang='grc' dir='ltr'><strong>ἀπ’</strong></span> <span class='ocrx_word' id='word_1_711' title='bbox 2365 4629 2540 4701; x_wconf 81' lang='grc' dir='ltr'>ἀρχῆς</span> <span class='ocrx_word' id='word_1_712' title='bbox 2595 4633 2817 4699; x_wconf 83' lang='grc' dir='ltr'>κόσμου,</span> <span class='ocrx_word' id='word_1_713' title='bbox 2873 4623 3046 4683; x_wconf 79' lang='grc' dir='ltr'>δηλοῖ.</span> <span class='ocrx_word' id='word_1_714' title='bbox 3099 4623 3156 4675; x_wconf 87' lang='grc' dir='ltr'><strong>Ὀ</strong></span> <span class='ocrx_word' id='word_1_715' title='bbox 3200 4619 3258 4675; x_wconf 70' lang='grc' dir='ltr'>δε</span> <span class='ocrx_word' id='word_1_716' title='bbox 3300 4623 3512 4695; x_wconf 89' lang='grc' dir='ltr'>Μάρκος</span> <span class='ocrx_word' id='word_1_717' title='bbox 3561 4615 3715 4682; x_wconf 86' lang='grc' dir='ltr'>εἶπεν,</span> <span class='ocrx_word' id='word_1_718' title='bbox 3773 4618 3853 4668; x_wconf 85' lang='grc' dir='ltr'>ὅτι</span> 
     </span>
    </p>
   </div>
   <div class='ocr_carea' id='block_1_103' title="bbox 2251 4705 3852 4790">
    <p class='ocr_par' dir='ltr' id='par_1_103' title="bbox 2251 4705 3852 4790">
     <span class='ocr_line' id='line_1_104' title="bbox 2251 4705 3852 4790; baseline -0.009 -20"><span class='ocrx_word' id='word_1_719' title='bbox 2251 4723 2349 4770; x_wconf 84' lang='grc' dir='ltr'><strong>Καὶ</strong></span> <span class='ocrx_word' id='word_1_720' title='bbox 2411 4721 2678 4778; x_wconf 85' lang='grc' dir='ltr'>τοιαύταις</span> <span class='ocrx_word' id='word_1_721' title='bbox 2753 4713 3072 4790; x_wconf 80' lang='grc' dir='ltr'>παραϐολαῖς</span> <span class='ocrx_word' id='word_1_722' title='bbox 3130 4710 3343 4771; x_wconf 79' lang='grc' dir='ltr'>πολλαὶς</span> <span class='ocrx_word' id='word_1_723' title='bbox 3425 4707 3588 4760; x_wconf 85' lang='grc' dir='ltr'>ἐλάλει</span> <span class='ocrx_word' id='word_1_724' title='bbox 3670 4705 3852 4766; x_wconf 72' lang='grc' dir='ltr'>αὐτοῖς</span> 
     </span>
    </p>
   </div>
   <div class='ocr_carea' id='block_1_104' title="bbox 2246 4797 3849 4876">
    <p class='ocr_par' dir='ltr' id='par_1_104' title="bbox 2246 4797 3849 4876">
     <span class='ocr_line' id='line_1_105' title="bbox 2246 4797 3849 4876; baseline -0.009 -18"><span class='ocrx_word' id='word_1_725' title='bbox 2246 4810 2331 4858; x_wconf 87' lang='grc' dir='ltr'><strong>τόν</strong></span> <span class='ocrx_word' id='word_1_726' title='bbox 2413 4805 2580 4876; x_wconf 89' lang='grc' dir='ltr'>λόγον,</span> <span class='ocrx_word' id='word_1_727' title='bbox 2655 4807 2826 4865; x_wconf 83' lang='grc' dir='ltr'>καθὼς</span> <span class='ocrx_word' id='word_1_728' title='bbox 2921 4799 3176 4861; x_wconf 75' lang='grc' dir='ltr'>ἠδύναντο</span> <span class='ocrx_word' id='word_1_729' title='bbox 3276 4797 3500 4862; x_wconf 82' lang='grc' dir='ltr'>ἀκούειν,</span> <span class='ocrx_word' id='word_1_730' title='bbox 3584 4797 3849 4861; x_wconf 79' lang='grc' dir='ltr'>τουτέστι,</span> 
     </span>
    </p>
   </div>
   <div class='ocr_carea' id='block_1_105' title="bbox 2245 4887 3851 4962">
    <p class='ocr_par' dir='ltr' id='par_1_105' title="bbox 2245 4887 3851 4962">
     <span class='ocr_line' id='line_1_106' title="bbox 2245 4887 3851 4962; baseline -0.009 -16"><span class='ocrx_word' id='word_1_731' title='bbox 2245 4897 2418 4956; x_wconf 86' lang='grc' dir='ltr'>καθὼς</span> <span class='ocrx_word' id='word_1_732' title='bbox 2473 4891 2606 4954; x_wconf 79' lang='grc' dir='ltr'>ἦσαν</span> <span class='ocrx_word' id='word_1_733' title='bbox 2663 4892 2799 4956; x_wconf 78' lang='grc' dir='ltr'>ἄξιοι</span> <span class='ocrx_word' id='word_1_734' title='bbox 2846 4890 3046 4943; x_wconf 82' lang='grc' dir='ltr'>ἀκούειν</span> <span class='ocrx_word' id='word_1_735' title='bbox 3097 4889 3144 4942; x_wconf 86' lang='grc' dir='ltr'>οἰ</span> <span class='ocrx_word' id='word_1_736' title='bbox 3184 4893 3506 4962; x_wconf 84' lang='grc' dir='ltr'>Γραμματεῖς</span> <span class='ocrx_word' id='word_1_737' title='bbox 3557 4887 3647 4936; x_wconf 85' lang='grc' dir='ltr'>καὶ</span> <span class='ocrx_word' id='word_1_738' title='bbox 3697 4888 3851 4944; x_wconf 77' lang='grc' dir='ltr'>Φαςι-</span> 
     </span>
    </p>
   </div>
   <div class='ocr_carea' id='block_1_106' title="bbox 2249 4972 3848 5056">
    <p class='ocr_par' dir='ltr' id='par_1_106' title="bbox 2249 4972 3848 5056">
     <span class='ocr_line' id='line_1_107' title="bbox 2249 4972 3848 5056; baseline -0.008 -20"><span class='ocrx_word' id='word_1_739' title='bbox 2249 4991 2410 5038; x_wconf 89' lang='grc' dir='ltr'>σαῖοι.</span> <span class='ocrx_word' id='word_1_740' title='bbox 2474 4983 2621 5038; x_wconf 83' lang='grc' dir='ltr'>Ἐπεὶ</span> <span class='ocrx_word' id='word_1_741' title='bbox 2661 4985 2761 5056; x_wconf 85' lang='grc' dir='ltr'><strong>γὰρ</strong></span> <span class='ocrx_word' id='word_1_742' title='bbox 2825 4980 2883 5033; x_wconf 82' lang='grc' dir='ltr'><strong>ού</strong></span> <span class='ocrx_word' id='word_1_743' title='bbox 2941 4976 3035 5032; x_wconf 82' lang='grc' dir='ltr'><strong>διὰ</strong></span> <span class='ocrx_word' id='word_1_744' title='bbox 3084 4980 3142 5030; x_wconf 90' lang='grc' dir='ltr'>τὸ</span> <span class='ocrx_word' id='word_1_745' title='bbox 3187 4975 3513 5049; x_wconf 73' lang='grc' dir='ltr'>ὠφεληθῆναι</span> <span class='ocrx_word' id='word_1_746' title='bbox 3568 4972 3848 5046; x_wconf 76' lang='grc' dir='ltr'>ἠκροῶντο,</span> 
     </span>
    </p>
   </div>
   <div class='ocr_carea' id='block_1_107' title="bbox 1704 5284 2616 5377">
    <p class='ocr_par' dir='ltr' id='par_1_107' title="bbox 1704 5284 2616 5377">
     <span class='ocr_line' id='line_1_108' title="bbox 1704 5284 2616 5377; baseline 0.001 -26"><span class='ocrx_word' id='word_1_747' title='bbox 1704 5284 1931 5354; x_wconf 75' lang='lat' dir='ltr'><strong>Variae</strong></span> <span class='ocrx_word' id='word_1_748' title='bbox 1962 5286 2384 5377; x_wconf 35' lang='lat' dir='ltr'><strong>lectionesiet</strong></span> <span class='ocrx_word' id='word_1_749' title='bbox 2415 5295 2616 5354; x_wconf 71' lang='lat' dir='ltr'><strong>notae.</strong></span> 
     </span>
    </p>
   </div>
   <div class='ocr_carea' id='block_1_108' title="bbox 556 5474 2162 5556">
    <p class='ocr_par' dir='ltr' id='par_1_108' title="bbox 556 5474 2162 5556">
     <span class='ocr_line' id='line_1_109' title="bbox 556 5474 2162 5556; baseline 0.004 -25"><span class='ocrx_word' id='word_1_750' title='bbox 556 5474 672 5548; x_wconf 88' lang='lat'><strong>(36)</strong></span> <span class='ocrx_word' id='word_1_751' title='bbox 715 5475 826 5541; x_wconf 89' lang='lat' dir='ltr'><strong>Qui</strong></span> <span class='ocrx_word' id='word_1_752' title='bbox 879 5474 1105 5533; x_wconf 89' lang='lat' dir='ltr'><strong>scilicet</strong></span> <span class='ocrx_word' id='word_1_753' title='bbox 1163 5479 1216 5534; x_wconf 92' lang='lat' dir='ltr'><strong>et</strong></span> <span class='ocrx_word' id='word_1_754' title='bbox 1247 5477 1375 5549; x_wconf 89' lang='lat' dir='ltr'><strong>ipse</strong></span> <span class='ocrx_word' id='word_1_755' title='bbox 1419 5478 1551 5536; x_wconf 92' lang='lat' dir='ltr'><strong>loco</strong></span> <span class='ocrx_word' id='word_1_756' title='bbox 1614 5479 1793 5539; x_wconf 89' lang='lat' dir='ltr'><strong>habet</strong></span> <span class='ocrx_word' id='word_1_757' title='bbox 1857 5485 2162 5556; x_wconf 82' lang='grc' dir='ltr'>αὶνίγματα.</span> 
     </span>
    </p>
   </div>
   <div class='ocr_carea' id='block_1_109' title="bbox 570 5652 1724 5726">
    <p class='ocr_par' dir='ltr' id='par_1_109' title="bbox 570 5652 1724 5726">
     <span class='ocr_line' id='line_1_110' title="bbox 570 5652 1724 5726; baseline 0.005 -17"><span class='ocrx_word' id='word_1_758' title='bbox 570 5652 647 5726; x_wconf 88' lang='lat' dir='ltr'><strong>(a)</strong></span> <span class='ocrx_word' id='word_1_759' title='bbox 673 5653 1186 5725; x_wconf 76' lang='lat' dir='ltr'><strong>Conspersionem.</strong></span> <span class='ocrx_word' id='word_1_760' title='bbox 1210 5653 1724 5716; x_wconf 85' lang='lat' dir='ltr'><strong>Commistiouem.</strong></span> 
     </span>
    </p>
   </div>
  </div>
