  <div class='ocr_page' id='page_1' title='image "/cluster/home/n/w/nwhite01/storage/ocr_20150623/129/hvd.32044019208511/230.png"; bbox 0 0 2088 3251; ppageno 0'>
   <div class='ocr_carea' id='block_1_1' title="bbox 108 219 161 247">
    <p class='ocr_par' dir='ltr' id='par_1_1' title="bbox 108 219 161 247">
     <span class='ocr_line' id='line_1_1' title="bbox 108 219 161 247; baseline 0 0"><span class='ocrx_word' id='word_1_1' title='bbox 108 219 161 247; x_wconf 70' lang='grc'>413</span> 
     </span>
    </p>
   </div>
   <div class='ocr_carea' id='block_1_2' title="bbox 605 224 1315 258">
    <p class='ocr_par' dir='ltr' id='par_1_2' title="bbox 605 224 1315 258">
     <span class='ocr_line' id='line_1_2' title="bbox 605 224 1315 258; baseline 0.008 -6"><span class='ocrx_word' id='word_1_2' title='bbox 605 224 789 254; x_wconf 85' lang='lat' dir='ltr'>COMMENT.</span> <span class='ocrx_word' id='word_1_3' title='bbox 810 225 845 253; x_wconf 89' lang='lat' dir='ltr'>IN</span> <span class='ocrx_word' id='word_1_4' title='bbox 864 225 1088 255; x_wconf 64' lang='lat' dir='ltr'>MATTHEUM.</span> <span class='ocrx_word' id='word_1_5' title='bbox 1104 244 1137 249; x_wconf 98' lang='lat'><strong>—</strong></span> <span class='ocrx_word' id='word_1_6' title='bbox 1150 229 1227 257; x_wconf 81' lang='lat' dir='ltr'>CAP.</span> <span class='ocrx_word' id='word_1_7' title='bbox 1242 230 1315 258; x_wconf 87' lang='lat' dir='ltr'>XIII.</span> 
     </span>
    </p>
   </div>
   <div class='ocr_carea' id='block_1_3' title="bbox 1727 235 1778 263">
    <p class='ocr_par' dir='ltr' id='par_1_3' title="bbox 1727 235 1778 263">
     <span class='ocr_line' id='line_1_3' title="bbox 1727 235 1778 263; baseline 0.02 -1"><span class='ocrx_word' id='word_1_8' title='bbox 1727 235 1778 263; x_wconf 73' lang='grc'>414</span> 
     </span>
    </p>
   </div>
   <div class='ocr_carea' id='block_1_4' title="bbox 100 280 876 326">
    <p class='ocr_par' dir='ltr' id='par_1_4' title="bbox 100 280 874 326">
     <span class='ocr_line' id='line_1_4' title="bbox 100 280 874 326; baseline 0.01 -19"><span class='ocrx_word' id='word_1_9' title='bbox 100 280 166 307; x_wconf 75' lang='grc' dir='ltr'><strong><em>ἀλλά</em></strong></span> <span class='ocrx_word' id='word_1_10' title='bbox 182 280 229 308; x_wconf 78' lang='grc' dir='ltr'>διὰ</span> <span class='ocrx_word' id='word_1_11' title='bbox 243 284 271 309; x_wconf 87' lang='grc' dir='ltr'>τὸ</span> <span class='ocrx_word' id='word_1_12' title='bbox 293 282 437 319; x_wconf 70' lang='grc' dir='ltr'>ἐπηρεάσαι</span> <span class='ocrx_word' id='word_1_13' title='bbox 455 288 506 316; x_wconf 83' lang='grc' dir='ltr'>τοῖς</span> <span class='ocrx_word' id='word_1_14' title='bbox 527 285 606 312; x_wconf 73' lang='grc' dir='ltr'>αὐτοῦ</span> <span class='ocrx_word' id='word_1_15' title='bbox 621 287 716 322; x_wconf 82' lang='grc' dir='ltr'>λόγοις,</span> <span class='ocrx_word' id='word_1_16' title='bbox 740 287 764 314; x_wconf 68' lang='grc' dir='ltr'>ἐν</span> <span class='ocrx_word' id='word_1_17' title='bbox 786 288 874 326; x_wconf 77' lang='grc' dir='ltr'>παραϐ</span> 
     </span>
    </p>
   </div>
   <div class='ocr_carea' id='block_1_5' title="bbox 938 280 1778 326">
    <p class='ocr_par' dir='ltr' id='par_1_5' title="bbox 955 290 1778 326">
     <span class='ocr_line' id='line_1_5' title="bbox 955 290 1778 326; baseline 0.01 -10"><span class='ocrx_word' id='word_1_18' title='bbox 955 290 998 317; x_wconf 86' lang='lat' dir='ltr'>est</span> <span class='ocrx_word' id='word_1_19' title='bbox 1010 292 1158 325; x_wconf 83' lang='lat' dir='ltr'>quatenus</span> <span class='ocrx_word' id='word_1_20' title='bbox 1173 291 1256 326; x_wconf 82' lang='lat' dir='ltr'>digni</span> <span class='ocrx_word' id='word_1_21' title='bbox 1274 295 1358 321; x_wconf 86' lang='lat' dir='ltr'>erant</span> <span class='ocrx_word' id='word_1_22' title='bbox 1376 294 1414 321; x_wconf 88' lang='lat' dir='ltr'>ad</span> <span class='ocrx_word' id='word_1_23' title='bbox 1438 294 1623 323; x_wconf 89' lang='lat' dir='ltr'>audiendum</span> <span class='ocrx_word' id='word_1_24' title='bbox 1644 296 1735 323; x_wconf 69' lang='lat' dir='ltr'>Sribm</span> <span class='ocrx_word' id='word_1_25' title='bbox 1749 300 1778 326; x_wconf 86' lang='lat' dir='ltr'>et</span> 
     </span>
    </p>
   </div>
   <div class='ocr_carea' id='block_1_6' title="bbox 99 324 898 370">
    <p class='ocr_par' dir='ltr' id='par_1_6' title="bbox 99 324 898 370">
     <span class='ocr_line' id='line_1_6' title="bbox 99 324 898 370; baseline 0.011 -20"><span class='ocrx_word' id='word_1_26' title='bbox 99 324 157 355; x_wconf 82' lang='grc' dir='ltr'>λαίς</span> <span class='ocrx_word' id='word_1_27' title='bbox 171 326 262 357; x_wconf 70' lang='grc' dir='ltr'>αὐτοῖς</span> <span class='ocrx_word' id='word_1_28' title='bbox 283 327 413 361; x_wconf 70' lang='grc' dir='ltr'>ἐλάλησεν,</span> <span class='ocrx_word' id='word_1_29' title='bbox 432 329 472 355; x_wconf 81' lang='grc' dir='ltr'>ἵνα</span> <span class='ocrx_word' id='word_1_30' title='bbox 486 332 530 355; x_wconf 80' lang='grc' dir='ltr'>καὶ</span> <span class='ocrx_word' id='word_1_31' title='bbox 554 330 631 361; x_wconf 71' lang='grc' dir='ltr'>αὐτὸς</span> <span class='ocrx_word' id='word_1_32' title='bbox 657 334 685 357; x_wconf 85' lang='grc' dir='ltr'>τό</span> <span class='ocrx_word' id='word_1_33' title='bbox 708 332 800 358; x_wconf 69' lang='grc' dir='ltr'>οἰκεῖον</span> <span class='ocrx_word' id='word_1_34' title='bbox 825 334 898 370; x_wconf 72' lang='grc' dir='ltr'>ἔργον</span> 
     </span>
    </p>
   </div>
   <div class='ocr_carea' id='block_1_7' title="bbox 99 369 897 412">
    <p class='ocr_par' dir='ltr' id='par_1_7' title="bbox 99 369 897 412">
     <span class='ocr_line' id='line_1_7' title="bbox 99 369 897 412; baseline 0.013 -18"><span class='ocrx_word' id='word_1_35' title='bbox 99 370 138 398; x_wconf 79' lang='grc' dir='ltr'>εἴη</span> <span class='ocrx_word' id='word_1_36' title='bbox 154 369 270 406; x_wconf 72' lang='grc' dir='ltr'>πληρῶν,</span> <span class='ocrx_word' id='word_1_37' title='bbox 286 374 330 397; x_wconf 84' lang='grc' dir='ltr'>καὶ</span> <span class='ocrx_word' id='word_1_38' title='bbox 352 372 425 398; x_wconf 70' lang='grc' dir='ltr'>αὐτοὶ</span> <span class='ocrx_word' id='word_1_39' title='bbox 448 375 484 408; x_wconf 74' lang='grc' dir='ltr'>μὴ</span> <span class='ocrx_word' id='word_1_40' title='bbox 503 378 628 409; x_wconf 78' lang='grc' dir='ltr'>νοοῦντες,</span> <span class='ocrx_word' id='word_1_41' title='bbox 651 375 668 401; x_wconf 78' lang='grc' dir='ltr'>οἷ</span> <span class='ocrx_word' id='word_1_42' title='bbox 681 375 758 412; x_wconf 76' lang='grc' dir='ltr'>λέγει,</span> <span class='ocrx_word' id='word_1_43' title='bbox 777 380 897 412; x_wconf 77' lang='grc' dir='ltr'>μείνωσιν</span> 
     </span>
    </p>
   </div>
   <div class='ocr_carea' id='block_1_8' title="bbox 98 414 242 451">
    <p class='ocr_par' dir='ltr' id='par_1_8' title="bbox 98 414 242 451">
     <span class='ocr_line' id='line_1_8' title="bbox 98 414 242 451; baseline 0.007 -12"><span class='ocrx_word' id='word_1_44' title='bbox 98 414 242 451; x_wconf 80' lang='grc' dir='ltr'>ἄπρακτοι.</span> 
     </span>
    </p>
   </div>
   <div class='ocr_carea' id='block_1_9' title="bbox 131 547 893 589">
    <p class='ocr_par' dir='ltr' id='par_1_9' title="bbox 131 547 893 589">
     <span class='ocr_line' id='line_1_9' title="bbox 131 547 893 589; baseline 0.013 -18"><span class='ocrx_word' id='word_1_45' title='bbox 131 547 196 572; x_wconf 87' lang='grc' dir='ltr'>Τότε</span> <span class='ocrx_word' id='word_1_46' title='bbox 224 562 259 567; x_wconf 87' lang='grc'><strong>-</strong></span> <span class='ocrx_word' id='word_1_47' title='bbox 288 548 403 579; x_wconf 82' lang='grc' dir='ltr'>Ἰησοῦς.</span> <span class='ocrx_word' id='word_1_48' title='bbox 436 549 478 580; x_wconf 81' lang='grc' dir='ltr'>Εἰς</span> <span class='ocrx_word' id='word_1_49' title='bbox 507 552 553 580; x_wconf 79' lang='grc' dir='ltr'>τὴν</span> <span class='ocrx_word' id='word_1_50' title='bbox 584 551 678 587; x_wconf 78' lang='grc' dir='ltr'>οἰκίαν,</span> <span class='ocrx_word' id='word_1_51' title='bbox 709 553 734 579; x_wconf 72' lang='grc' dir='ltr'>ἂν</span> <span class='ocrx_word' id='word_1_52' title='bbox 816 553 893 585; x_wconf 73' lang='grc' dir='ltr'>ἕξενο-</span> 
     </span>
    </p>
   </div>
   <div class='ocr_carea' id='block_1_10' title="bbox 95 588 216 625">
    <p class='ocr_par' dir='ltr' id='par_1_10' title="bbox 95 588 216 625">
     <span class='ocr_line' id='line_1_10' title="bbox 95 588 216 625; baseline 0.017 -10"><span class='ocrx_word' id='word_1_53' title='bbox 95 588 216 625; x_wconf 72' lang='grc' dir='ltr'>δοχεῐτο.</span> 
     </span>
    </p>
   </div>
   <div class='ocr_carea' id='block_1_11' title="bbox 131 635 891 680">
    <p class='ocr_par' dir='ltr' id='par_1_11' title="bbox 131 635 891 680">
     <span class='ocr_line' id='line_1_11' title="bbox 131 635 891 680; baseline 0.013 -21"><span class='ocrx_word' id='word_1_54' title='bbox 131 636 187 680; x_wconf 66' lang='grc' dir='ltr'>ΚαὶΔ</span> <span class='ocrx_word' id='word_1_55' title='bbox 197 635 346 671; x_wconf 81' lang='grc' dir='ltr'>προσῆλθον</span> <span class='ocrx_word' id='word_1_56' title='bbox 368 653 400 657; x_wconf 92' lang='lat'>-—</span> <span class='ocrx_word' id='word_1_57' title='bbox 415 637 506 673; x_wconf 69' lang='grc' dir='ltr'>ἀγροῦ.</span> <span class='ocrx_word' id='word_1_58' title='bbox 525 639 598 666; x_wconf 82' lang='grc' dir='ltr'>Κατὰ</span> <span class='ocrx_word' id='word_1_59' title='bbox 612 642 690 676; x_wconf 83' lang='grc' dir='ltr'>μόνας</span> <span class='ocrx_word' id='word_1_60' title='bbox 709 643 773 677; x_wconf 82' lang='grc' dir='ltr'>μετὰ</span> <span class='ocrx_word' id='word_1_61' title='bbox 790 642 891 680; x_wconf 74' lang='grc' dir='ltr'>παρρη-</span> 
     </span>
    </p>
   </div>
   <div class='ocr_carea' id='block_1_12' title="bbox 95 677 891 722">
    <p class='ocr_par' dir='ltr' id='par_1_12' title="bbox 95 677 891 722">
     <span class='ocr_line' id='line_1_12' title="bbox 95 677 891 722; baseline 0.013 -19"><span class='ocrx_word' id='word_1_62' title='bbox 95 680 154 708; x_wconf 84' lang='grc' dir='ltr'>σίας</span> <span class='ocrx_word' id='word_1_63' title='bbox 176 677 316 714; x_wconf 80' lang='grc' dir='ltr'>ἐρωτῶσιν,</span> <span class='ocrx_word' id='word_1_64' title='bbox 344 682 379 711; x_wconf 90' lang='grc' dir='ltr'>ὡς</span> <span class='ocrx_word' id='word_1_65' title='bbox 402 681 558 715; x_wconf 81' lang='grc' dir='ltr'>ἀκούσαντες</span> <span class='ocrx_word' id='word_1_66' title='bbox 581 687 714 722; x_wconf 80' lang='grc' dir='ltr'>πρότερον,</span> <span class='ocrx_word' id='word_1_67' title='bbox 739 686 777 712; x_wconf 89' lang='grc' dir='ltr'>ὃτι</span> <span class='ocrx_word' id='word_1_68' title='bbox 805 687 891 718; x_wconf 66' lang='grc' dir='ltr'>αὐτοῖς</span> 
     </span>
    </p>
   </div>
   <div class='ocr_carea' id='block_1_13' title="bbox 91 720 889 764">
    <p class='ocr_par' dir='ltr' id='par_1_13' title="bbox 91 720 889 764">
     <span class='ocr_line' id='line_1_13' title="bbox 91 720 889 764; baseline 0.013 -17"><span class='ocrx_word' id='word_1_69' title='bbox 91 720 201 748; x_wconf 83' lang='grc' dir='ltr'>δέδοται</span> <span class='ocrx_word' id='word_1_70' title='bbox 225 728 320 758; x_wconf 70' lang='grc' dir='ltr'>γνῶναι</span> <span class='ocrx_word' id='word_1_71' title='bbox 345 726 378 751; x_wconf 82' lang='grc' dir='ltr'>τὰ</span> <span class='ocrx_word' id='word_1_72' title='bbox 392 729 538 764; x_wconf 80' lang='grc' dir='ltr'>μυστήρια.</span> <span class='ocrx_word' id='word_1_73' title='bbox 556 731 618 764; x_wconf 85' lang='grc' dir='ltr'>Περὶ</span> <span class='ocrx_word' id='word_1_74' title='bbox 640 720 721 764; x_wconf 81' lang='grc' dir='ltr'>μόνης</span> <span class='ocrx_word' id='word_1_75' title='bbox 740 728 769 756; x_wconf 75' lang='grc' dir='ltr'>δε</span> <span class='ocrx_word' id='word_1_76' title='bbox 792 732 889 763; x_wconf 81' lang='grc' dir='ltr'>ταύτης</span> 
     </span>
    </p>
   </div>
   <div class='ocr_carea' id='block_1_14' title="bbox 88 766 887 808">
    <p class='ocr_par' dir='ltr' id='par_1_14' title="bbox 88 766 887 808">
     <span class='ocr_line' id='line_1_14' title="bbox 88 766 887 808; baseline 0.013 -17"><span class='ocrx_word' id='word_1_77' title='bbox 88 770 134 796; x_wconf 79' lang='grc' dir='ltr'>τῆς</span> <span class='ocrx_word' id='word_1_78' title='bbox 147 766 299 803; x_wconf 76' lang='grc' dir='ltr'>παραϐολῆς</span> <span class='ocrx_word' id='word_1_79' title='bbox 324 769 463 806; x_wconf 80' lang='grc' dir='ltr'>ἐρωτῶσιν⁷</span> <span class='ocrx_word' id='word_1_80' title='bbox 489 772 523 802; x_wconf 84' lang='grc' dir='ltr'>ὡς</span> <span class='ocrx_word' id='word_1_81' title='bbox 538 773 581 802; x_wconf 81' lang='grc' dir='ltr'>τὰς</span> <span class='ocrx_word' id='word_1_82' title='bbox 596 772 674 804; x_wconf 86' lang='grc' dir='ltr'>οἷλλας</span> <span class='ocrx_word' id='word_1_83' title='bbox 691 772 740 800; x_wconf 84' lang='grc' dir='ltr'>δύο</span> <span class='ocrx_word' id='word_1_84' title='bbox 763 777 887 808; x_wconf 73' lang='grc' dir='ltr'>συνέντες,</span> 
     </span>
    </p>
   </div>
   <div class='ocr_carea' id='block_1_15' title="bbox 88 813 888 854">
    <p class='ocr_par' dir='ltr' id='par_1_15' title="bbox 88 813 888 854">
     <span class='ocr_line' id='line_1_15' title="bbox 88 813 888 854; baseline 0.014 -19"><span class='ocrx_word' id='word_1_85' title='bbox 88 813 133 839; x_wconf 77' lang='grc' dir='ltr'>τήν</span> <span class='ocrx_word' id='word_1_86' title='bbox 146 820 173 836; x_wconf 90' lang='grc' dir='ltr'>τε</span> <span class='ocrx_word' id='word_1_87' title='bbox 186 814 231 837; x_wconf 83' lang='grc' dir='ltr'>τοῦ</span> <span class='ocrx_word' id='word_1_88' title='bbox 248 813 384 845; x_wconf 80' lang='grc' dir='ltr'>σινάπεως,</span> <span class='ocrx_word' id='word_1_89' title='bbox 404 816 448 840; x_wconf 81' lang='grc' dir='ltr'>καὶ</span> <span class='ocrx_word' id='word_1_90' title='bbox 462 817 508 845; x_wconf 83' lang='grc' dir='ltr'>τὴν</span> <span class='ocrx_word' id='word_1_91' title='bbox 528 820 576 846; x_wconf 83' lang='grc' dir='ltr'>τῆς</span> <span class='ocrx_word' id='word_1_92' title='bbox 593 818 687 853; x_wconf 84' lang='grc' dir='ltr'>ζύμης,</span> <span class='ocrx_word' id='word_1_93' title='bbox 703 818 748 844; x_wconf 81' lang='grc' dir='ltr'>ἅτε</span> <span class='ocrx_word' id='word_1_94' title='bbox 764 821 888 854; x_wconf 80' lang='grc' dir='ltr'>σαφεστέ-</span> 
     </span>
    </p>
   </div>
   <div class='ocr_carea' id='block_1_16' title="bbox 88 855 888 897">
    <p class='ocr_par' dir='ltr' id='par_1_16' title="bbox 88 855 888 897">
     <span class='ocr_line' id='line_1_16' title="bbox 88 855 888 897; baseline 0.013 -18"><span class='ocrx_word' id='word_1_95' title='bbox 88 864 140 890; x_wconf 83' lang='grc' dir='ltr'>ρας</span> <span class='ocrx_word' id='word_1_96' title='bbox 160 856 252 885; x_wconf 72' lang='grc' dir='ltr'>οὔσας.</span> <span class='ocrx_word' id='word_1_97' title='bbox 277 856 348 885; x_wconf 77' lang='grc' dir='ltr'>Αὕτη</span> <span class='ocrx_word' id='word_1_98' title='bbox 374 855 403 883; x_wconf 77' lang='grc' dir='ltr'>δε</span> <span class='ocrx_word' id='word_1_99' title='bbox 426 861 471 884; x_wconf 86' lang='grc' dir='ltr'>καὶ</span> <span class='ocrx_word' id='word_1_100' title='bbox 496 859 604 897; x_wconf 77' lang='grc' dir='ltr'>φοϐερὰν</span> <span class='ocrx_word' id='word_1_101' title='bbox 627 859 697 896; x_wconf 83' lang='grc' dir='ltr'>εἶχεν</span> <span class='ocrx_word' id='word_1_102' title='bbox 715 861 821 892; x_wconf 75' lang='grc' dir='ltr'>ἀπειλὴν</span> <span class='ocrx_word' id='word_1_103' title='bbox 847 863 888 890; x_wconf 71' lang='grc' dir='ltr'>ἐπὶ</span> 
     </span>
    </p>
   </div>
   <div class='ocr_carea' id='block_1_17' title="bbox 89 897 460 935">
    <p class='ocr_par' dir='ltr' id='par_1_17' title="bbox 89 897 460 935">
     <span class='ocr_line' id='line_1_17' title="bbox 89 897 460 935; baseline 0.016 -13"><span class='ocrx_word' id='word_1_104' title='bbox 89 897 166 931; x_wconf 68' lang='grc' dir='ltr'>τέλει,</span> <span class='ocrx_word' id='word_1_105' title='bbox 184 898 345 935; x_wconf 78' lang='grc' dir='ltr'>θορυϐοῡσαν</span> <span class='ocrx_word' id='word_1_106' title='bbox 357 900 460 932; x_wconf 69' lang='grc' dir='ltr'>αὐτούς.</span> 
     </span>
    </p>
   </div>
   <div class='ocr_carea' id='block_1_18' title="bbox 953 334 1773 372">
    <p class='ocr_par' dir='ltr' id='par_1_18' title="bbox 953 334 1773 372">
     <span class='ocr_line' id='line_1_18' title="bbox 953 334 1773 372; baseline 0.007 -11"><span class='ocrx_word' id='word_1_107' title='bbox 953 334 1101 362; x_wconf 69' lang='lat' dir='ltr'>Pharisaei.</span> <span class='ocrx_word' id='word_1_108' title='bbox 1118 337 1191 364; x_wconf 85' lang='lat' dir='ltr'>Nam</span> <span class='ocrx_word' id='word_1_109' title='bbox 1207 337 1278 372; x_wconf 87' lang='lat' dir='ltr'>quia</span> <span class='ocrx_word' id='word_1_110' title='bbox 1297 344 1357 364; x_wconf 92' lang='lat' dir='ltr'>non</span> <span class='ocrx_word' id='word_1_111' title='bbox 1377 338 1413 365; x_wconf 90' lang='lat' dir='ltr'>ad</span> <span class='ocrx_word' id='word_1_112' title='bbox 1431 339 1609 366; x_wconf 78' lang='lat' dir='ltr'>sumendam</span> <span class='ocrx_word' id='word_1_113' title='bbox 1626 340 1773 368; x_wconf 85' lang='lat' dir='ltr'>utilitatem</span> 
     </span>
    </p>
   </div>
   <div class='ocr_carea' id='block_1_19' title="bbox 952 378 1773 418">
    <p class='ocr_par' dir='ltr' id='par_1_19' title="bbox 952 378 1773 418">
     <span class='ocr_line' id='line_1_19' title="bbox 952 378 1773 418; baseline 0.006 -12"><span class='ocrx_word' id='word_1_114' title='bbox 952 378 1124 414; x_wconf 76' lang='lat' dir='ltr'>audiebant,</span> <span class='ocrx_word' id='word_1_115' title='bbox 1153 381 1203 407; x_wconf 89' lang='lat' dir='ltr'>sed</span> <span class='ocrx_word' id='word_1_116' title='bbox 1227 380 1265 408; x_wconf 92' lang='lat' dir='ltr'>ad</span> <span class='ocrx_word' id='word_1_117' title='bbox 1298 382 1470 410; x_wconf 87' lang='lat' dir='ltr'>struendam</span> <span class='ocrx_word' id='word_1_118' title='bbox 1503 384 1689 410; x_wconf 83' lang='lat' dir='ltr'>sermonibus</span> <span class='ocrx_word' id='word_1_119' title='bbox 1710 385 1773 418; x_wconf 82' lang='lat' dir='ltr'>ejus</span> 
     </span>
    </p>
   </div>
   <div class='ocr_carea' id='block_1_20' title="bbox 951 422 1773 460">
    <p class='ocr_par' dir='ltr' id='par_1_20' title="bbox 951 422 1773 460">
     <span class='ocr_line' id='line_1_20' title="bbox 951 422 1773 460; baseline 0.009 -11"><span class='ocrx_word' id='word_1_120' title='bbox 951 422 1132 451; x_wconf 79' lang='lat' dir='ltr'>calumniam</span> <span class='ocrx_word' id='word_1_121' title='bbox 1156 432 1162 451; x_wconf 91' lang='lat'>:</span> <span class='ocrx_word' id='word_1_122' title='bbox 1188 424 1219 451; x_wconf 93' lang='lat' dir='ltr'>in</span> <span class='ocrx_word' id='word_1_123' title='bbox 1245 425 1396 460; x_wconf 77' lang='lat' dir='ltr'>parabolis</span> <span class='ocrx_word' id='word_1_124' title='bbox 1421 425 1538 454; x_wconf 88' lang='lat' dir='ltr'>locutus</span> <span class='ocrx_word' id='word_1_125' title='bbox 1559 429 1603 453; x_wconf 86' lang='lat' dir='ltr'>est</span> <span class='ocrx_word' id='word_1_126' title='bbox 1621 427 1662 454; x_wconf 90' lang='lat' dir='ltr'>eis</span> <span class='ocrx_word' id='word_1_127' title='bbox 1677 432 1724 454; x_wconf 89' lang='lat' dir='ltr'>:ut</span> <span class='ocrx_word' id='word_1_128' title='bbox 1746 431 1773 456; x_wconf 89' lang='lat' dir='ltr'>et</span> 
     </span>
    </p>
   </div>
   <div class='ocr_carea' id='block_1_21' title="bbox 949 466 1770 505">
    <p class='ocr_par' dir='ltr' id='par_1_21' title="bbox 949 466 1770 505">
     <span class='ocr_line' id='line_1_21' title="bbox 949 466 1770 505; baseline 0.007 -12"><span class='ocrx_word' id='word_1_129' title='bbox 949 466 1012 502; x_wconf 90' lang='lat' dir='ltr'>ipse</span> <span class='ocrx_word' id='word_1_130' title='bbox 1039 475 1126 495; x_wconf 87' lang='lat' dir='ltr'>suum</span> <span class='ocrx_word' id='word_1_131' title='bbox 1155 475 1231 504; x_wconf 88' lang='lat' dir='ltr'>opus</span> <span class='ocrx_word' id='word_1_132' title='bbox 1268 468 1453 505; x_wconf 85' lang='lat' dir='ltr'>adimpleret,</span> <span class='ocrx_word' id='word_1_133' title='bbox 1481 473 1507 498; x_wconf 88' lang='lat' dir='ltr'>et</span> <span class='ocrx_word' id='word_1_134' title='bbox 1536 470 1575 498; x_wconf 86' lang='lat' dir='ltr'>illi</span> <span class='ocrx_word' id='word_1_135' title='bbox 1602 479 1662 498; x_wconf 90' lang='lat' dir='ltr'>non</span> <span class='ocrx_word' id='word_1_136' title='bbox 1688 471 1770 499; x_wconf 88' lang='lat' dir='ltr'>intel-</span> 
     </span>
    </p>
   </div>
   <div class='ocr_carea' id='block_1_22' title="bbox 948 511 1768 552">
    <p class='ocr_par' dir='ltr' id='par_1_22' title="bbox 948 511 1768 552">
     <span class='ocr_line' id='line_1_22' title="bbox 948 511 1768 552; baseline 0.009 -14"><span class='ocrx_word' id='word_1_137' title='bbox 948 511 1071 546; x_wconf 83' lang='lat' dir='ltr'>ligentes</span> <span class='ocrx_word' id='word_1_138' title='bbox 1090 521 1157 548; x_wconf 67' lang='lat' dir='ltr'>quae</span> <span class='ocrx_word' id='word_1_139' title='bbox 1181 513 1300 547; x_wconf 81' lang='lat' dir='ltr'>diceret,</span> <span class='ocrx_word' id='word_1_140' title='bbox 1329 522 1381 550; x_wconf 89' lang='lat' dir='ltr'>per</span> <span class='ocrx_word' id='word_1_141' title='bbox 1409 515 1459 543; x_wconf 88' lang='lat' dir='ltr'>illa</span> <span class='ocrx_word' id='word_1_142' title='bbox 1484 515 1557 543; x_wconf 89' lang='lat' dir='ltr'>nihil</span> <span class='ocrx_word' id='word_1_143' title='bbox 1582 517 1768 552; x_wconf 80' lang='lat' dir='ltr'>proﬁcerent.</span> 
     </span>
    </p>
   </div>
   <div class='ocr_carea' id='block_1_23' title="bbox 983 556 1770 589">
    <p class='ocr_par' dir='ltr' id='par_1_23' title="bbox 983 556 1770 589">
     <span class='ocr_line' id='line_1_23' title="bbox 983 556 1770 589; baseline 0.008 -6"><span class='ocrx_word' id='word_1_144' title='bbox 983 556 1067 584; x_wconf 91' lang='lat' dir='ltr'>Vers.</span> <span class='ocrx_word' id='word_1_145' title='bbox 1087 557 1131 584; x_wconf 86' lang='lat'>36.</span> <span class='ocrx_word' id='word_1_146' title='bbox 1159 558 1242 585; x_wconf 81' lang='lat' dir='ltr'>Tunc</span> <span class='ocrx_word' id='word_1_147' title='bbox 1266 574 1300 578; x_wconf 98' lang='lat'>—</span> <span class='ocrx_word' id='word_1_148' title='bbox 1323 559 1416 586; x_wconf 75' lang='lat' dir='ltr'>Jews.</span> <span class='ocrx_word' id='word_1_149' title='bbox 1441 559 1473 587; x_wconf 88' lang='lat' dir='ltr'>In</span> <span class='ocrx_word' id='word_1_150' title='bbox 1490 560 1614 588; x_wconf 84' lang='lat' dir='ltr'>domum</span> <span class='ocrx_word' id='word_1_151' title='bbox 1638 560 1690 588; x_wconf 90' lang='lat' dir='ltr'>ubi</span> <span class='ocrx_word' id='word_1_152' title='bbox 1704 561 1770 589; x_wconf 87' lang='lat' dir='ltr'>hos-</span> 
     </span>
    </p>
   </div>
   <div class='ocr_carea' id='block_1_24' title="bbox 947 600 1105 635">
    <p class='ocr_par' dir='ltr' id='par_1_24' title="bbox 947 600 1105 635">
     <span class='ocr_line' id='line_1_24' title="bbox 947 600 1105 635; baseline 0.006 -8"><span class='ocrx_word' id='word_1_153' title='bbox 947 600 1105 635; x_wconf 89' lang='lat' dir='ltr'>pitabatur.</span> 
     </span>
    </p>
   </div>
   <div class='ocr_carea' id='block_1_25' title="bbox 982 643 1770 682">
    <p class='ocr_par' dir='ltr' id='par_1_25' title="bbox 982 643 1770 682">
     <span class='ocr_line' id='line_1_25' title="bbox 982 643 1770 682; baseline 0.006 -10"><span class='ocrx_word' id='word_1_154' title='bbox 982 643 1063 673; x_wconf 91' lang='lat' dir='ltr'>Vers.</span> <span class='ocrx_word' id='word_1_155' title='bbox 1076 647 1122 673; x_wconf 79' lang='lat'>36.</span> <span class='ocrx_word' id='word_1_156' title='bbox 1138 646 1178 673; x_wconf 77' lang='lat' dir='ltr'>Et</span> <span class='ocrx_word' id='word_1_157' title='bbox 1192 650 1383 674; x_wconf 70' lang='lat' dir='ltr'>accesserunt.</span> <span class='ocrx_word' id='word_1_158' title='bbox 1397 662 1425 667; x_wconf 99' lang='lat'>—</span> <span class='ocrx_word' id='word_1_159' title='bbox 1446 648 1522 682; x_wconf 79' lang='lat' dir='ltr'>agri.</span> <span class='ocrx_word' id='word_1_160' title='bbox 1538 648 1664 676; x_wconf 86' lang='lat' dir='ltr'>Seorsim</span> <span class='ocrx_word' id='word_1_161' title='bbox 1681 649 1770 678; x_wconf 84' lang='lat' dir='ltr'>libere</span> 
     </span>
    </p>
   </div>
   <div class='ocr_carea' id='block_1_26' title="bbox 945 679 1770 725">
    <p class='ocr_par' dir='ltr' id='par_1_26' title="bbox 945 679 1770 725">
     <span class='ocr_line' id='line_1_26' title="bbox 945 679 1770 725; baseline 0.007 -11"><span class='ocrx_word' id='word_1_162' title='bbox 945 679 1181 722; x_wconf 70' lang='lat' dir='ltr'>interrogabant,</span> <span class='ocrx_word' id='word_1_163' title='bbox 1209 691 1241 717; x_wconf 91' lang='lat' dir='ltr'>ut</span> <span class='ocrx_word' id='word_1_164' title='bbox 1255 690 1303 725; x_wconf 88' lang='lat' dir='ltr'>qui</span> <span class='ocrx_word' id='word_1_165' title='bbox 1317 690 1399 725; x_wconf 89' lang='lat' dir='ltr'>prius</span> <span class='ocrx_word' id='word_1_166' title='bbox 1417 679 1571 719; x_wconf 76' lang='lat' dir='ltr'>audierant</span> <span class='ocrx_word' id='word_1_167' title='bbox 1597 692 1699 720; x_wconf 86' lang='lat' dir='ltr'>datum</span> <span class='ocrx_word' id='word_1_168' title='bbox 1715 693 1770 720; x_wconf 84' lang='lat' dir='ltr'>illis</span> 
     </span>
    </p>
   </div>
   <div class='ocr_carea' id='block_1_27' title="bbox 944 734 1770 770">
    <p class='ocr_par' dir='ltr' id='par_1_27' title="bbox 944 734 1770 770">
     <span class='ocr_line' id='line_1_27' title="bbox 944 734 1770 770; baseline 0.008 -13"><span class='ocrx_word' id='word_1_169' title='bbox 944 738 1010 758; x_wconf 87' lang='lat' dir='ltr'>esse</span> <span class='ocrx_word' id='word_1_170' title='bbox 1018 734 1176 760; x_wconf 85' lang='lat' dir='ltr'>utnossent</span> <span class='ocrx_word' id='word_1_171' title='bbox 1191 734 1339 768; x_wconf 87' lang='lat' dir='ltr'>mysteria.</span> <span class='ocrx_word' id='word_1_172' title='bbox 1355 734 1394 762; x_wconf 93' lang='lat' dir='ltr'>De</span> <span class='ocrx_word' id='word_1_173' title='bbox 1403 735 1466 762; x_wconf 86' lang='lat' dir='ltr'>sola</span> <span class='ocrx_word' id='word_1_174' title='bbox 1475 743 1544 762; x_wconf 82' lang='lat' dir='ltr'>vero</span> <span class='ocrx_word' id='word_1_175' title='bbox 1554 734 1610 762; x_wconf 88' lang='lat' dir='ltr'>hac</span> <span class='ocrx_word' id='word_1_176' title='bbox 1625 735 1770 770; x_wconf 82' lang='lat' dir='ltr'>parobola</span> 
     </span>
    </p>
   </div>
   <div class='ocr_carea' id='block_1_28' title="bbox 943 775 1768 815">
    <p class='ocr_par' dir='ltr' id='par_1_28' title="bbox 943 775 1768 815">
     <span class='ocr_line' id='line_1_28' title="bbox 943 775 1768 815; baseline 0.005 -12"><span class='ocrx_word' id='word_1_177' title='bbox 943 775 1138 810; x_wconf 82' lang='lat' dir='ltr'>interrogant,</span> <span class='ocrx_word' id='word_1_178' title='bbox 1147 779 1247 812; x_wconf 90' lang='lat' dir='ltr'>utpote</span> <span class='ocrx_word' id='word_1_179' title='bbox 1257 777 1386 814; x_wconf 87' lang='lat' dir='ltr'>reliquas</span> <span class='ocrx_word' id='word_1_180' title='bbox 1394 779 1411 805; x_wconf 91' lang='lat' dir='ltr'>d</span> <span class='ocrx_word' id='word_1_181' title='bbox 1417 786 1471 806; x_wconf 86' lang='lat' dir='ltr'>uas</span> <span class='ocrx_word' id='word_1_182' title='bbox 1477 779 1506 806; x_wconf 94' lang='lat' dir='ltr'>in</span> <span class='ocrx_word' id='word_1_183' title='bbox 1512 778 1685 813; x_wconf 85' lang='lat' dir='ltr'>telligentes,</span> <span class='ocrx_word' id='word_1_184' title='bbox 1696 782 1768 815; x_wconf 90' lang='lat' dir='ltr'>puta</span> 
     </span>
    </p>
   </div>
   <div class='ocr_carea' id='block_1_29' title="bbox 943 818 1765 858">
    <p class='ocr_par' dir='ltr' id='par_1_29' title="bbox 943 818 1765 858">
     <span class='ocr_line' id='line_1_29' title="bbox 943 818 1765 858; baseline 0.007 -13"><span class='ocrx_word' id='word_1_185' title='bbox 943 818 980 846; x_wconf 89' lang='lat' dir='ltr'>de</span> <span class='ocrx_word' id='word_1_186' title='bbox 996 819 1094 855; x_wconf 85' lang='lat' dir='ltr'>sinapi</span> <span class='ocrx_word' id='word_1_187' title='bbox 1109 822 1137 848; x_wconf 87' lang='lat' dir='ltr'>et</span> <span class='ocrx_word' id='word_1_188' title='bbox 1151 820 1187 848; x_wconf 92' lang='lat' dir='ltr'>de</span> <span class='ocrx_word' id='word_1_189' title='bbox 1198 820 1354 855; x_wconf 84' lang='lat' dir='ltr'>fermento,</span> <span class='ocrx_word' id='word_1_190' title='bbox 1371 825 1515 858; x_wconf 85' lang='lat' dir='ltr'>tanquam</span> <span class='ocrx_word' id='word_1_191' title='bbox 1538 823 1765 852; x_wconf 83' lang='lat' dir='ltr'>manifestiores.</span> 
     </span>
    </p>
   </div>
   <div class='ocr_carea' id='block_1_30' title="bbox 943 864 1764 896">
    <p class='ocr_par' dir='ltr' id='par_1_30' title="bbox 943 864 1764 896">
     <span class='ocr_line' id='line_1_30' title="bbox 943 864 1764 896; baseline 0.007 -6"><span class='ocrx_word' id='word_1_192' title='bbox 943 864 1009 890; x_wconf 72' lang='lat' dir='ltr'>Haec</span> <span class='ocrx_word' id='word_1_193' title='bbox 1046 866 1146 892; x_wconf 91' lang='lat' dir='ltr'>autem</span> <span class='ocrx_word' id='word_1_194' title='bbox 1172 864 1415 894; x_wconf 79' lang='lat' dir='ltr'>formidabiliores</span> <span class='ocrx_word' id='word_1_195' title='bbox 1440 866 1519 896; x_wconf 85' lang='lat' dir='ltr'>circa</span> <span class='ocrx_word' id='word_1_196' title='bbox 1551 867 1643 895; x_wconf 86' lang='lat' dir='ltr'>ﬁnem</span> <span class='ocrx_word' id='word_1_197' title='bbox 1667 867 1764 896; x_wconf 86' lang='lat' dir='ltr'>minas</span> 
     </span>
    </p>
   </div>
   <div class='ocr_carea' id='block_1_31' title="bbox 941 907 1470 945">
    <p class='ocr_par' dir='ltr' id='par_1_31' title="bbox 941 907 1470 945">
     <span class='ocr_line' id='line_1_31' title="bbox 941 907 1470 945; baseline 0.009 -11"><span class='ocrx_word' id='word_1_198' title='bbox 941 907 1081 940; x_wconf 83' lang='lat' dir='ltr'>habebat,</span> <span class='ocrx_word' id='word_1_199' title='bbox 1098 916 1165 944; x_wconf 73' lang='lat' dir='ltr'>quae</span> <span class='ocrx_word' id='word_1_200' title='bbox 1180 909 1261 945; x_wconf 87' lang='lat' dir='ltr'>ipsos</span> <span class='ocrx_word' id='word_1_201' title='bbox 1276 911 1470 939; x_wconf 85' lang='lat' dir='ltr'>exterrebant.</span> 
     </span>
    </p>
   </div>
   <div class='ocr_carea' id='block_1_32' title="bbox 125 940 876 987">
    <p class='ocr_par' dir='ltr' id='par_1_32' title="bbox 125 940 875 987">
     <span class='ocr_line' id='line_1_32' title="bbox 125 940 875 987; baseline 0.013 -20"><span class='ocrx_word' id='word_1_202' title='bbox 125 941 156 967; x_wconf 70' lang='grc' dir='ltr'><strong>Ὀ</strong></span> <span class='ocrx_word' id='word_1_203' title='bbox 187 940 216 968; x_wconf 70' lang='grc' dir='ltr'>δὲ</span> <span class='ocrx_word' id='word_1_204' title='bbox 242 942 392 979; x_wconf 72' lang='grc' dir='ltr'>ἀποκριθεὶς</span> <span class='ocrx_word' id='word_1_205' title='bbox 416 961 450 966; x_wconf 86' lang='grc'><strong>-</strong></span> <span class='ocrx_word' id='word_1_206' title='bbox 479 946 621 984; x_wconf 72' lang='grc' dir='ltr'>ἀνθρώπου.</span> <span class='ocrx_word' id='word_1_207' title='bbox 648 950 707 975; x_wconf 85' lang='grc' dir='ltr'>Υὶόν</span> <span class='ocrx_word' id='word_1_208' title='bbox 740 949 875 987; x_wconf 76' lang='grc' dir='ltr'>ἀνθρώπου</span> 
     </span>
    </p>
   </div>
   <div class='ocr_carea' id='block_1_33' title="bbox 938 940 1761 987">
    <p class='ocr_par' dir='ltr' id='par_1_33' title="bbox 976 940 1761 987">
     <span class='ocr_line' id='line_1_33' title="bbox 976 940 1761 987; baseline 0.006 -9"><span class='ocrx_word' id='word_1_209' title='bbox 976 951 1056 979; x_wconf 79' lang='lat' dir='ltr'>Vers.</span> <span class='ocrx_word' id='word_1_210' title='bbox 1071 940 1117 980; x_wconf 61' lang='lat'>37:</span> <span class='ocrx_word' id='word_1_211' title='bbox 1137 940 1316 987; x_wconf 58' lang='lat' dir='ltr'>Respondons</span> <span class='ocrx_word' id='word_1_212' title='bbox 1331 958 1429 983; x_wconf 84' lang='lat' dir='ltr'>autem</span> <span class='ocrx_word' id='word_1_213' title='bbox 1452 971 1486 975; x_wconf 92' lang='lat'><strong><em>—</em></strong></span> <span class='ocrx_word' id='word_1_214' title='bbox 1506 955 1640 983; x_wconf 79' lang='lat' dir='ltr'>hominis.</span> <span class='ocrx_word' id='word_1_215' title='bbox 1659 955 1761 983; x_wconf 84' lang='lat' dir='ltr'>Filium</span> 
     </span>
    </p>
   </div>
   <div class='ocr_carea' id='block_1_34' title="bbox 90 985 886 1031">
    <p class='ocr_par' dir='ltr' id='par_1_34' title="bbox 90 985 886 1031">
     <span class='ocr_line' id='line_1_34' title="bbox 90 985 886 1031; baseline 0.014 -21"><span class='ocrx_word' id='word_1_216' title='bbox 90 985 183 1011; x_wconf 85' lang='grc' dir='ltr'>ἑαυτὸν</span> <span class='ocrx_word' id='word_1_217' title='bbox 217 986 347 1023; x_wconf 75' lang='grc' dir='ltr'><strong><em>ὀνομάζει,</em></strong></span> <span class='ocrx_word' id='word_1_218' title='bbox 370 988 417 1015; x_wconf 75' lang='grc' dir='ltr'>διὰ</span> <span class='ocrx_word' id='word_1_219' title='bbox 447 992 494 1019; x_wconf 83' lang='grc' dir='ltr'>τὴν</span> <span class='ocrx_word' id='word_1_220' title='bbox 517 994 668 1027; x_wconf 80' lang='grc' dir='ltr'>φαινομένην</span> <span class='ocrx_word' id='word_1_221' title='bbox 694 992 886 1031; x_wconf 79' lang='grc' dir='ltr'>ἐνανθρώπησιν</span> 
     </span>
    </p>
   </div>
   <div class='ocr_carea' id='block_1_35' title="bbox 88 1029 886 1072">
    <p class='ocr_par' dir='ltr' id='par_1_35' title="bbox 88 1029 886 1072">
     <span class='ocr_line' id='line_1_35' title="bbox 88 1029 886 1072; baseline 0.013 -17"><span class='ocrx_word' id='word_1_222' title='bbox 88 1029 181 1057; x_wconf 67' lang='grc' dir='ltr'>αὐτοῦ.</span> <span class='ocrx_word' id='word_1_223' title='bbox 207 1033 256 1057; x_wconf 77' lang='grc' dir='ltr'>Καὶ</span> <span class='ocrx_word' id='word_1_224' title='bbox 279 1036 354 1058; x_wconf 83' lang='grc' dir='ltr'>τοῦτο</span> <span class='ocrx_word' id='word_1_225' title='bbox 377 1039 493 1070; x_wconf 86' lang='grc' dir='ltr'>συνεχῶς</span> <span class='ocrx_word' id='word_1_226' title='bbox 515 1035 591 1071; x_wconf 75' lang='grc' dir='ltr'>λέγει,</span> <span class='ocrx_word' id='word_1_227' title='bbox 617 1036 739 1072; x_wconf 78' lang='grc' dir='ltr'>βεϐαιῶν,</span> <span class='ocrx_word' id='word_1_228' title='bbox 760 1039 800 1064; x_wconf 82' lang='grc' dir='ltr'>ὅτι</span> <span class='ocrx_word' id='word_1_229' title='bbox 819 1041 886 1066; x_wconf 84' lang='grc' dir='ltr'>κατὰ</span> 
     </span>
    </p>
   </div>
   <div class='ocr_carea' id='block_1_36' title="bbox 86 1073 885 1113">
    <p class='ocr_par' dir='ltr' id='par_1_36' title="bbox 86 1073 885 1113">
     <span class='ocr_line' id='line_1_36' title="bbox 86 1073 885 1113; baseline 0.013 -14"><span class='ocrx_word' id='word_1_230' title='bbox 86 1073 213 1103; x_wconf 76' lang='grc' dir='ltr'>ἀλήθειαν</span> <span class='ocrx_word' id='word_1_231' title='bbox 228 1074 418 1113; x_wconf 81' lang='grc' dir='ltr'>ἐνηνθρὼπησε,</span> <span class='ocrx_word' id='word_1_232' title='bbox 435 1080 479 1104; x_wconf 84' lang='grc' dir='ltr'>καὶ</span> <span class='ocrx_word' id='word_1_233' title='bbox 500 1079 566 1105; x_wconf 82' lang='grc' dir='ltr'>ἔστω</span> <span class='ocrx_word' id='word_1_234' title='bbox 589 1089 631 1106; x_wconf 89' lang='grc' dir='ltr'>σοι</span> <span class='ocrx_word' id='word_1_235' title='bbox 643 1084 719 1107; x_wconf 81' lang='grc' dir='ltr'>τοῦτο</span> <span class='ocrx_word' id='word_1_236' title='bbox 733 1086 777 1108; x_wconf 85' lang='grc' dir='ltr'>τοῦ</span> <span class='ocrx_word' id='word_1_237' title='bbox 795 1082 885 1109; x_wconf 82' lang='grc' dir='ltr'>λοιποῦ</span> 
     </span>
    </p>
   </div>
   <div class='ocr_carea' id='block_1_37' title="bbox 84 1120 229 1155">
    <p class='ocr_par' dir='ltr' id='par_1_37' title="bbox 84 1120 229 1155">
     <span class='ocr_line' id='line_1_37' title="bbox 84 1120 229 1155; baseline 0.021 -13"><span class='ocrx_word' id='word_1_238' title='bbox 84 1120 229 1155; x_wconf 74' lang='grc' dir='ltr'>γνώριμον.</span> 
     </span>
    </p>
   </div>
   <div class='ocr_carea' id='block_1_38' title="bbox 119 1160 882 1207">
    <p class='ocr_par' dir='ltr' id='par_1_38' title="bbox 119 1160 882 1207">
     <span class='ocr_line' id='line_1_38' title="bbox 119 1160 882 1207; baseline 0.013 -20"><span class='ocrx_word' id='word_1_239' title='bbox 119 1161 151 1188; x_wconf 76' lang='grc' dir='ltr'>Ὀ</span> <span class='ocrx_word' id='word_1_240' title='bbox 179 1160 209 1188; x_wconf 65' lang='grc' dir='ltr'>δὲ</span> <span class='ocrx_word' id='word_1_241' title='bbox 235 1162 316 1200; x_wconf 77' lang='grc' dir='ltr'>ἀγρὸς</span> <span class='ocrx_word' id='word_1_242' title='bbox 344 1180 379 1184; x_wconf 88' lang='grc'><strong>-</strong></span> <span class='ocrx_word' id='word_1_243' title='bbox 408 1168 515 1202; x_wconf 82' lang='grc' dir='ltr'>κόσμος.</span> <span class='ocrx_word' id='word_1_244' title='bbox 544 1167 674 1206; x_wconf 67' lang='grc' dir='ltr'>’Λνωτρρω</span> <span class='ocrx_word' id='word_1_245' title='bbox 703 1171 759 1207; x_wconf 79' lang='grc' dir='ltr'>περὶ</span> <span class='ocrx_word' id='word_1_246' title='bbox 790 1171 882 1197; x_wconf 84' lang='grc' dir='ltr'>τούτου</span> 
     </span>
    </p>
   </div>
   <div class='ocr_carea' id='block_1_39' title="bbox 81 1208 249 1243">
    <p class='ocr_par' dir='ltr' id='par_1_39' title="bbox 81 1208 249 1243">
     <span class='ocr_line' id='line_1_39' title="bbox 81 1208 249 1243; baseline 0.006 -11"><span class='ocrx_word' id='word_1_247' title='bbox 81 1208 249 1243; x_wconf 82' lang='grc' dir='ltr'>προείρηται.</span> 
     </span>
    </p>
   </div>
   <div class='ocr_carea' id='block_1_40' title="bbox 116 1249 698 1292">
    <p class='ocr_par' dir='ltr' id='par_1_40' title="bbox 116 1249 698 1292">
     <span class='ocr_line' id='line_1_40' title="bbox 116 1249 698 1292; baseline 0.012 -16"><span class='ocrx_word' id='word_1_248' title='bbox 116 1252 154 1276; x_wconf 89' lang='grc' dir='ltr'>Τὸ</span> <span class='ocrx_word' id='word_1_249' title='bbox 171 1249 201 1276; x_wconf 77' lang='grc' dir='ltr'>δὲ</span> <span class='ocrx_word' id='word_1_250' title='bbox 216 1251 292 1277; x_wconf 82' lang='grc' dir='ltr'>καλὸν</span> <span class='ocrx_word' id='word_1_251' title='bbox 310 1268 344 1272; x_wconf 89' lang='grc'><strong>-</strong></span> <span class='ocrx_word' id='word_1_252' title='bbox 357 1253 432 1281; x_wconf 83' lang='grc' dir='ltr'>εἰσίν.</span> <span class='ocrx_word' id='word_1_253' title='bbox 447 1256 519 1286; x_wconf 85' lang='grc' dir='ltr'>Τίνες</span> <span class='ocrx_word' id='word_1_254' title='bbox 534 1255 592 1291; x_wconf 86' lang='grc'>(37)</span> <span class='ocrx_word' id='word_1_255' title='bbox 608 1256 679 1283; x_wconf 83' lang='grc' dir='ltr'>οὗτοι</span> <span class='ocrx_word' id='word_1_256' title='bbox 692 1267 698 1292; x_wconf 74' lang='grc' dir='ltr'>ς</span> 
     </span>
    </p>
   </div>
   <div class='ocr_carea' id='block_1_41' title="bbox 116 1295 879 1338">
    <p class='ocr_par' dir='ltr' id='par_1_41' title="bbox 116 1295 879 1338">
     <span class='ocr_line' id='line_1_41' title="bbox 116 1295 879 1338; baseline 0.014 -19"><span class='ocrx_word' id='word_1_257' title='bbox 116 1295 153 1320; x_wconf 86' lang='grc' dir='ltr'>Οἱ</span> <span class='ocrx_word' id='word_1_258' title='bbox 179 1296 232 1321; x_wconf 83' lang='grc' dir='ltr'>υἱοὶ</span> <span class='ocrx_word' id='word_1_259' title='bbox 258 1300 306 1326; x_wconf 86' lang='grc' dir='ltr'>τῆς</span> <span class='ocrx_word' id='word_1_260' title='bbox 337 1296 483 1332; x_wconf 75' lang='grc' dir='ltr'>βασιλείας.</span> <span class='ocrx_word' id='word_1_261' title='bbox 513 1300 569 1325; x_wconf 81' lang='grc' dir='ltr'>Υἱοὶ</span> <span class='ocrx_word' id='word_1_262' title='bbox 595 1302 640 1336; x_wconf 66' lang='grc' dir='ltr'>μὲν</span> <span class='ocrx_word' id='word_1_263' title='bbox 670 1305 716 1332; x_wconf 90' lang='grc' dir='ltr'>τῆς</span> <span class='ocrx_word' id='word_1_264' title='bbox 744 1302 879 1338; x_wconf 74' lang='grc' dir='ltr'>βασιλείας</span> 
     </span>
    </p>
   </div>
   <div class='ocr_carea' id='block_1_42' title="bbox 79 1338 879 1383">
    <p class='ocr_par' dir='ltr' id='par_1_42' title="bbox 79 1338 879 1383">
     <span class='ocr_line' id='line_1_42' title="bbox 79 1338 879 1383; baseline 0.014 -20"><span class='ocrx_word' id='word_1_265' title='bbox 79 1338 201 1373; x_wconf 67' lang='grc' dir='ltr'>λέγονται</span> <span class='ocrx_word' id='word_1_266' title='bbox 221 1340 245 1365; x_wconf 83' lang='grc' dir='ltr'>οἱ</span> <span class='ocrx_word' id='word_1_267' title='bbox 266 1339 413 1376; x_wconf 78' lang='grc' dir='ltr'>ὀρθόδοξοι,</span> <span class='ocrx_word' id='word_1_268' title='bbox 429 1344 463 1372; x_wconf 81' lang='grc' dir='ltr'>ὡς</span> <span class='ocrx_word' id='word_1_269' title='bbox 487 1343 536 1369; x_wconf 83' lang='grc' dir='ltr'>ὑπὸ</span> <span class='ocrx_word' id='word_1_270' title='bbox 558 1348 603 1370; x_wconf 79' lang='grc' dir='ltr'>τοῦ</span> <span class='ocrx_word' id='word_1_271' title='bbox 620 1344 748 1380; x_wconf 84' lang='grc' dir='ltr'>βασιλέως</span> <span class='ocrx_word' id='word_1_272' title='bbox 764 1351 879 1383; x_wconf 78' lang='grc' dir='ltr'>Χριστοῦ</span> 
     </span>
    </p>
   </div>
   <div class='ocr_carea' id='block_1_43' title="bbox 83 1384 879 1429">
    <p class='ocr_par' dir='ltr' id='par_1_43' title="bbox 83 1384 879 1429">
     <span class='ocr_line' id='line_1_43' title="bbox 83 1384 879 1429; baseline 0.014 -21"><span class='ocrx_word' id='word_1_273' title='bbox 83 1385 226 1419; x_wconf 74' lang='grc' dir='ltr'>σπαρέντες</span> <span class='ocrx_word' id='word_1_274' title='bbox 248 1384 283 1415; x_wconf 83' lang='grc' dir='ltr'>εἰς</span> <span class='ocrx_word' id='word_1_275' title='bbox 315 1387 443 1422; x_wconf 71' lang='grc' dir='ltr'>γεωργίαν</span> <span class='ocrx_word' id='word_1_276' title='bbox 474 1386 576 1424; x_wconf 83' lang='grc' dir='ltr'>ἀρετῆς,</span> <span class='ocrx_word' id='word_1_277' title='bbox 605 1391 649 1415; x_wconf 82' lang='grc' dir='ltr'>καὶ</span> <span class='ocrx_word' id='word_1_278' title='bbox 672 1390 727 1426; x_wconf 85' lang='grc'>(38)</span> <span class='ocrx_word' id='word_1_279' title='bbox 754 1391 879 1429; x_wconf 76' lang='grc' dir='ltr'>κληρονο-</span> 
     </span>
    </p>
   </div>
   <div class='ocr_carea' id='block_1_44' title="bbox 80 1427 875 1470">
    <p class='ocr_par' dir='ltr' id='par_1_44' title="bbox 80 1427 875 1470">
     <span class='ocr_line' id='line_1_44' title="bbox 80 1427 875 1470; baseline 0.015 -18"><span class='ocrx_word' id='word_1_280' title='bbox 80 1431 139 1461; x_wconf 81' lang='grc' dir='ltr'>μεῖν</span> <span class='ocrx_word' id='word_1_281' title='bbox 179 1432 227 1458; x_wconf 84' lang='grc' dir='ltr'>τῆς</span> <span class='ocrx_word' id='word_1_282' title='bbox 267 1427 399 1464; x_wconf 80' lang='grc' dir='ltr'>βασιλείας</span> <span class='ocrx_word' id='word_1_283' title='bbox 445 1431 523 1457; x_wconf 77' lang='grc' dir='ltr'>αὐτοῦ</span> <span class='ocrx_word' id='word_1_284' title='bbox 566 1432 706 1468; x_wconf 76' lang='grc' dir='ltr'>μίλλοντες-</span> <span class='ocrx_word' id='word_1_285' title='bbox 747 1427 808 1462; x_wconf 37' lang='grc' dir='ltr'>υἱοὶ.</span> <span class='ocrx_word' id='word_1_286' title='bbox 837 1436 875 1470; x_wconf 64' lang='grc' dir='ltr'>δε,</span> 
     </span>
    </p>
   </div>
   <div class='ocr_carea' id='block_1_45' title="bbox 80 1474 878 1511">
    <p class='ocr_par' dir='ltr' id='par_1_45' title="bbox 80 1474 878 1511">
     <span class='ocr_line' id='line_1_45' title="bbox 80 1474 878 1511; baseline 0.014 -15"><span class='ocrx_word' id='word_1_287' title='bbox 80 1475 127 1496; x_wconf 81' lang='grc' dir='ltr'>τοῦ</span> <span class='ocrx_word' id='word_1_288' title='bbox 154 1476 278 1508; x_wconf 79' lang='grc' dir='ltr'>πονηροῦ,</span> <span class='ocrx_word' id='word_1_289' title='bbox 316 1474 340 1499; x_wconf 83' lang='grc' dir='ltr'>οἱ</span> <span class='ocrx_word' id='word_1_290' title='bbox 366 1475 499 1511; x_wconf 86' lang='grc' dir='ltr'>αἱρετικοὶ,</span> <span class='ocrx_word' id='word_1_291' title='bbox 531 1477 565 1507; x_wconf 89' lang='grc' dir='ltr'>ὡς</span> <span class='ocrx_word' id='word_1_292' title='bbox 601 1478 650 1503; x_wconf 76' lang='grc' dir='ltr'>ὑπὸ</span> <span class='ocrx_word' id='word_1_293' title='bbox 678 1482 724 1504; x_wconf 86' lang='grc' dir='ltr'>τοῦ</span> <span class='ocrx_word' id='word_1_294' title='bbox 753 1478 878 1507; x_wconf 81' lang='grc' dir='ltr'>διαϐόλου</span> 
     </span>
    </p>
   </div>
   <div class='ocr_carea' id='block_1_46' title="bbox 81 1516 876 1561">
    <p class='ocr_par' dir='ltr' id='par_1_46' title="bbox 81 1516 876 1561">
     <span class='ocr_line' id='line_1_46' title="bbox 81 1516 876 1561; baseline 0.015 -21"><span class='ocrx_word' id='word_1_295' title='bbox 81 1517 224 1551; x_wconf 73' lang='grc' dir='ltr'>σπαρέιτες</span> <span class='ocrx_word' id='word_1_296' title='bbox 266 1516 302 1547; x_wconf 82' lang='grc' dir='ltr'>εἰς</span> <span class='ocrx_word' id='word_1_297' title='bbox 331 1520 458 1555; x_wconf 75' lang='grc' dir='ltr'>γεωργίαν</span> <span class='ocrx_word' id='word_1_298' title='bbox 492 1523 595 1554; x_wconf 83' lang='grc' dir='ltr'>κακίας,</span> <span class='ocrx_word' id='word_1_299' title='bbox 635 1525 680 1548; x_wconf 86' lang='grc' dir='ltr'>καὶ</span> <span class='ocrx_word' id='word_1_300' title='bbox 712 1523 876 1561; x_wconf 79' lang='grc' dir='ltr'>κληρονομεῖν</span> 
     </span>
    </p>
   </div>
   <div class='ocr_carea' id='block_1_47' title="bbox 78 1560 874 1604">
    <p class='ocr_par' dir='ltr' id='par_1_47' title="bbox 78 1560 874 1604">
     <span class='ocr_line' id='line_1_47' title="bbox 78 1560 874 1604; baseline 0.015 -21"><span class='ocrx_word' id='word_1_301' title='bbox 78 1563 125 1584; x_wconf 77' lang='grc' dir='ltr'>τοῦ</span> <span class='ocrx_word' id='word_1_302' title='bbox 160 1560 353 1596; x_wconf 76' lang='grc' dir='ltr'>ἡτοιμασμένον</span> <span class='ocrx_word' id='word_1_303' title='bbox 385 1562 455 1597; x_wconf 74' lang='grc' dir='ltr'>αὐτῷ</span> <span class='ocrx_word' id='word_1_304' title='bbox 492 1566 575 1599; x_wconf 85' lang='grc' dir='ltr'>πυρὸς</span> <span class='ocrx_word' id='word_1_305' title='bbox 610 1566 739 1601; x_wconf 75' lang='grc' dir='ltr'>μέλλοντες</span> <span class='ocrx_word' id='word_1_306' title='bbox 770 1560 874 1604; x_wconf 73' lang='grc' dir='ltr'>ὁμοίως.</span> 
     </span>
    </p>
   </div>
   <div class='ocr_carea' id='block_1_48' title="bbox 112 1601 911 1653">
    <p class='ocr_par' dir='ltr' id='par_1_48' title="bbox 112 1601 911 1653">
     <span class='ocr_line' id='line_1_48' title="bbox 112 1601 911 1653; baseline 0.016 -26"><span class='ocrx_word' id='word_1_307' title='bbox 112 1604 154 1653; x_wconf 46' lang='grc' dir='ltr'>ἶΓὰ</span> <span class='ocrx_word' id='word_1_308' title='bbox 183 1601 213 1629; x_wconf 68' lang='grc' dir='ltr'>δὲ</span> <span class='ocrx_word' id='word_1_309' title='bbox 243 1604 348 1635; x_wconf 78' lang='grc' dir='ltr'>ζιζάνια</span> <span class='ocrx_word' id='word_1_310' title='bbox 377 1621 411 1625; x_wconf 90' lang='lat'>—</span> <span class='ocrx_word' id='word_1_311' title='bbox 441 1612 566 1644; x_wconf 82' lang='grc' dir='ltr'>πονηροῦ.</span> <span class='ocrx_word' id='word_1_312' title='bbox 594 1611 703 1646; x_wconf 76' lang='grc' dir='ltr'>Εἴρηται</span> <span class='ocrx_word' id='word_1_313' title='bbox 735 1601 789 1641; x_wconf 43' lang='lat' dir='ltr'>i631:-</span> <span class='ocrx_word' id='word_1_314' title='bbox 817 1616 911 1653; x_wconf 71' lang='grc' dir='ltr'>περιρ</span> 
     </span>
    </p>
   </div>
   <div class='ocr_carea' id='block_1_49' title="bbox 78 1656 189 1675">
    <p class='ocr_par' dir='ltr' id='par_1_49' title="bbox 78 1656 189 1675">
     <span class='ocr_line' id='line_1_49' title="bbox 78 1656 189 1675; baseline 0.027 -3"><span class='ocrx_word' id='word_1_315' title='bbox 78 1656 189 1675; x_wconf 83' lang='grc' dir='ltr'>τουτων.</span> 
     </span>
    </p>
   </div>
   <div class='ocr_carea' id='block_1_50' title="bbox 110 1689 875 1736">
    <p class='ocr_par' dir='ltr' id='par_1_50' title="bbox 110 1689 875 1736">
     <span class='ocr_line' id='line_1_50' title="bbox 110 1689 875 1736; baseline 0.014 -20"><span class='ocrx_word' id='word_1_316' title='bbox 110 1691 141 1716; x_wconf 73' lang='lat'>&#39;0</span> <span class='ocrx_word' id='word_1_317' title='bbox 171 1689 201 1717; x_wconf 69' lang='grc' dir='ltr'>δὲ</span> <span class='ocrx_word' id='word_1_318' title='bbox 226 1691 368 1736; x_wconf 21' lang='grc' dir='ltr'>ἐχθρὸςᾼ-</span> <span class='ocrx_word' id='word_1_319' title='bbox 396 1694 470 1723; x_wconf 82' lang='grc' dir='ltr'>εἰσίν.</span> <span class='ocrx_word' id='word_1_320' title='bbox 499 1698 549 1722; x_wconf 83' lang='grc' dir='ltr'>Καὶ</span> <span class='ocrx_word' id='word_1_321' title='bbox 568 1700 626 1734; x_wconf 78' lang='grc' dir='ltr'>περὶ</span> <span class='ocrx_word' id='word_1_322' title='bbox 650 1700 745 1725; x_wconf 84' lang='grc' dir='ltr'>τούτων</span> <span class='ocrx_word' id='word_1_323' title='bbox 771 1699 875 1736; x_wconf 78' lang='grc' dir='ltr'>προδιε-</span> 
     </span>
    </p>
   </div>
   <div class='ocr_carea' id='block_1_51' title="bbox 76 1734 873 1778">
    <p class='ocr_par' dir='ltr' id='par_1_51' title="bbox 76 1734 873 1778">
     <span class='ocr_line' id='line_1_51' title="bbox 76 1734 873 1778; baseline 0.014 -18"><span class='ocrx_word' id='word_1_324' title='bbox 76 1734 197 1770; x_wconf 72' lang='grc' dir='ltr'>ὶάϐομεν.</span> <span class='ocrx_word' id='word_1_325' title='bbox 223 1738 279 1772; x_wconf 83' lang='grc' dir='ltr'>Χρὴ</span> <span class='ocrx_word' id='word_1_326' title='bbox 310 1734 340 1762; x_wconf 84' lang='grc' dir='ltr'>δέ</span> <span class='ocrx_word' id='word_1_327' title='bbox 367 1747 395 1763; x_wconf 83' lang='grc' dir='ltr'>σε</span> <span class='ocrx_word' id='word_1_328' title='bbox 417 1741 592 1775; x_wconf 76' lang='grc' dir='ltr'>μνημονεύειν,</span> <span class='ocrx_word' id='word_1_329' title='bbox 624 1742 663 1768; x_wconf 84' lang='grc' dir='ltr'>ὃτι</span> <span class='ocrx_word' id='word_1_330' title='bbox 690 1742 713 1768; x_wconf 77' lang='grc' dir='ltr'>ἓν</span> <span class='ocrx_word' id='word_1_331' title='bbox 729 1748 764 1778; x_wconf 90' lang='grc' dir='ltr'>τῷ</span> <span class='ocrx_word' id='word_1_332' title='bbox 790 1744 873 1770; x_wconf 81' lang='grc' dir='ltr'>ὀκτω-</span> 
     </span>
    </p>
   </div>
   <div class='ocr_carea' id='block_1_52' title="bbox 74 1777 873 1821">
    <p class='ocr_par' dir='ltr' id='par_1_52' title="bbox 74 1777 873 1821">
     <span class='ocr_line' id='line_1_52' title="bbox 74 1777 873 1821; baseline 0.015 -18"><span class='ocrx_word' id='word_1_333' title='bbox 74 1777 224 1814; x_wconf 74' lang='grc' dir='ltr'>καιδεκάτῳ</span> <span class='ocrx_word' id='word_1_334' title='bbox 259 1780 398 1817; x_wconf 82' lang='grc' dir='ltr'>κεφαλαίῳ,</span> <span class='ocrx_word' id='word_1_335' title='bbox 431 1783 551 1819; x_wconf 85' lang='grc' dir='ltr'>θερισμὸν</span> <span class='ocrx_word' id='word_1_336' title='bbox 589 1787 634 1820; x_wconf 65' lang='grc' dir='ltr'>μὲν</span> <span class='ocrx_word' id='word_1_337' title='bbox 668 1786 781 1821; x_wconf 77' lang='grc' dir='ltr'>ἐκάλεσε,</span> <span class='ocrx_word' id='word_1_338' title='bbox 813 1791 873 1820; x_wconf 78' lang='grc' dir='ltr'>τοὺς</span> 
     </span>
    </p>
   </div>
   <div class='ocr_carea' id='block_1_53' title="bbox 74 1824 871 1869">
    <p class='ocr_par' dir='ltr' id='par_1_53' title="bbox 74 1824 871 1869">
     <span class='ocr_line' id='line_1_53' title="bbox 74 1824 871 1869; baseline 0.015 -22"><span class='ocrx_word' id='word_1_339' title='bbox 74 1827 216 1848; x_wconf 75' lang='grc' dir='ltr'>πιστεῦσαι</span> <span class='ocrx_word' id='word_1_340' title='bbox 243 1824 389 1859; x_wconf 82' lang='grc' dir='ltr'>μέλλοντας,</span> <span class='ocrx_word' id='word_1_341' title='bbox 417 1827 449 1856; x_wconf 86' lang='grc' dir='ltr'>ὡς</span> <span class='ocrx_word' id='word_1_342' title='bbox 475 1827 593 1864; x_wconf 74' lang='grc' dir='ltr'>ἑτοίμους</span> <span class='ocrx_word' id='word_1_343' title='bbox 624 1830 658 1860; x_wconf 85' lang='grc' dir='ltr'>εἰς</span> <span class='ocrx_word' id='word_1_344' title='bbox 690 1833 718 1857; x_wconf 87' lang='grc' dir='ltr'>τὸ</span> <span class='ocrx_word' id='word_1_345' title='bbox 742 1841 871 1869; x_wconf 81' lang='grc' dir='ltr'>συγκομι-</span> 
     </span>
    </p>
   </div>
   <div class='ocr_carea' id='block_1_54' title="bbox 75 1867 872 1909">
    <p class='ocr_par' dir='ltr' id='par_1_54' title="bbox 75 1867 872 1909">
     <span class='ocr_line' id='line_1_54' title="bbox 75 1867 872 1909; baseline 0.016 -18"><span class='ocrx_word' id='word_1_346' title='bbox 75 1868 180 1896; x_wconf 69' lang='grc' dir='ltr'>σθῆναι·</span> <span class='ocrx_word' id='word_1_347' title='bbox 213 1868 332 1903; x_wconf 80' lang='grc' dir='ltr'>θεριστὰς</span> <span class='ocrx_word' id='word_1_348' title='bbox 372 1867 411 1902; x_wconf 71' lang='grc' dir='ltr'>δε,</span> <span class='ocrx_word' id='word_1_349' title='bbox 448 1873 506 1902; x_wconf 87' lang='grc' dir='ltr'>τοὺς</span> <span class='ocrx_word' id='word_1_350' title='bbox 541 1875 748 1909; x_wconf 76' lang='grc' dir='ltr'>συγκομίζοντας</span> <span class='ocrx_word' id='word_1_351' title='bbox 778 1877 872 1909; x_wconf 81' lang='grc' dir='ltr'>αὐτοὺς</span> 
     </span>
    </p>
   </div>
   <div class='ocr_carea' id='block_1_55' title="bbox 74 1911 872 1956">
    <p class='ocr_par' dir='ltr' id='par_1_55' title="bbox 74 1911 872 1956">
     <span class='ocr_line' id='line_1_55' title="bbox 74 1911 872 1956; baseline 0.018 -21"><span class='ocrx_word' id='word_1_352' title='bbox 74 1911 247 1942; x_wconf 71' lang='grc' dir='ltr'>ἀποστόλους.</span> <span class='ocrx_word' id='word_1_353' title='bbox 275 1912 315 1938; x_wconf 88' lang='grc' dir='ltr'>Ἐν</span> <span class='ocrx_word' id='word_1_354' title='bbox 344 1911 373 1939; x_wconf 72' lang='grc' dir='ltr'>δὲ</span> <span class='ocrx_word' id='word_1_355' title='bbox 396 1918 432 1949; x_wconf 83' lang='grc' dir='ltr'>τῷ</span> <span class='ocrx_word' id='word_1_356' title='bbox 456 1918 574 1953; x_wconf 76' lang='grc' dir='ltr'>παρόντι,</span> <span class='ocrx_word' id='word_1_357' title='bbox 601 1919 721 1955; x_wconf 89' lang='grc' dir='ltr'>θερισμόν</span> <span class='ocrx_word' id='word_1_358' title='bbox 744 1922 798 1956; x_wconf 74' lang='grc' dir='ltr'>μὲν,</span> <span class='ocrx_word' id='word_1_359' title='bbox 826 1924 872 1951; x_wconf 83' lang='grc' dir='ltr'>τὴν</span> 
     </span>
    </p>
   </div>
   <div class='ocr_carea' id='block_1_56' title="bbox 75 1955 869 2004">
    <p class='ocr_par' dir='ltr' id='par_1_56' title="bbox 75 1955 869 2004">
     <span class='ocr_line' id='line_1_56' title="bbox 75 1955 869 2004; baseline 0.018 -25"><span class='ocrx_word' id='word_1_360' title='bbox 75 1955 221 1981; x_wconf 66' lang='grc' dir='ltr'>συντέλειαν</span> <span class='ocrx_word' id='word_1_361' title='bbox 251 1960 297 1981; x_wconf 77' lang='grc' dir='ltr'>τοῦ</span> <span class='ocrx_word' id='word_1_362' title='bbox 321 1959 432 1993; x_wconf 80' lang='grc' dir='ltr'>κόσμου,</span> <span class='ocrx_word' id='word_1_363' title='bbox 460 1957 507 1986; x_wconf 74' lang='grc' dir='ltr'>διὰ</span> <span class='ocrx_word' id='word_1_364' title='bbox 531 1963 576 1990; x_wconf 84' lang='grc' dir='ltr'>τὴν</span> <span class='ocrx_word' id='word_1_365' title='bbox 601 1961 651 1988; x_wconf 77' lang='grc' dir='ltr'>ἀπὸ</span> <span class='ocrx_word' id='word_1_366' title='bbox 675 1968 720 1994; x_wconf 87' lang='grc' dir='ltr'>τῆς</span> <span class='ocrx_word' id='word_1_367' title='bbox 744 1964 869 2004; x_wconf 81' lang='grc' dir='ltr'>ὶπιχήρου</span> 
     </span>
    </p>
   </div>
   <div class='ocr_carea' id='block_1_57' title="bbox 73 1999 869 2043">
    <p class='ocr_par' dir='ltr' id='par_1_57' title="bbox 73 1999 869 2043">
     <span class='ocr_line' id='line_1_57' title="bbox 73 1999 869 2043; baseline 0.019 -21"><span class='ocrx_word' id='word_1_368' title='bbox 73 1999 144 2029; x_wconf 80' lang='grc' dir='ltr'>ζωῆς</span> <span class='ocrx_word' id='word_1_369' title='bbox 182 1999 293 2035; x_wconf 85' lang='grc' dir='ltr'>ἐκτομὴν</span> <span class='ocrx_word' id='word_1_370' title='bbox 323 2005 372 2027; x_wconf 82' lang='grc' dir='ltr'>τῶν</span> <span class='ocrx_word' id='word_1_371' title='bbox 403 2002 551 2040; x_wconf 78' lang='grc' dir='ltr'>ἀνθρώπων·</span> <span class='ocrx_word' id='word_1_372' title='bbox 587 2007 705 2043; x_wconf 83' lang='grc' dir='ltr'>θεριστὰς</span> <span class='ocrx_word' id='word_1_373' title='bbox 737 2007 775 2042; x_wconf 67' lang='grc' dir='ltr'>δὲ,</span> <span class='ocrx_word' id='word_1_374' title='bbox 810 1999 869 2041; x_wconf 70' lang='grc' dir='ltr'>τοὺς</span> 
     </span>
    </p>
   </div>
   <div class='ocr_carea' id='block_1_58' title="bbox 72 2042 869 2089">
    <p class='ocr_par' dir='ltr' id='par_1_58' title="bbox 72 2042 869 2089">
     <span class='ocr_line' id='line_1_58' title="bbox 72 2042 869 2089; baseline 0.016 -21"><span class='ocrx_word' id='word_1_375' title='bbox 72 2042 238 2079; x_wconf 78' lang='grc' dir='ltr'>ἑκτέμνοντας</span> <span class='ocrx_word' id='word_1_376' title='bbox 272 2044 366 2076; x_wconf 76' lang='grc' dir='ltr'>αὐτοὺς</span> <span class='ocrx_word' id='word_1_377' title='bbox 400 2046 443 2072; x_wconf 83' lang='grc' dir='ltr'>ἀπ’</span> <span class='ocrx_word' id='word_1_378' title='bbox 477 2048 558 2079; x_wconf 75' lang='grc' dir='ltr'>αὐτῆς</span> <span class='ocrx_word' id='word_1_379' title='bbox 590 2042 722 2086; x_wconf 46' lang='grc' dir='ltr'>ἀάιγὶλους.</span> <span class='ocrx_word' id='word_1_380' title='bbox 760 2053 869 2089; x_wconf 82' lang='grc' dir='ltr'>Ὁμοίως</span> 
     </span>
    </p>
   </div>
   <div class='ocr_carea' id='block_1_59' title="bbox 73 2085 869 2130">
    <p class='ocr_par' dir='ltr' id='par_1_59' title="bbox 73 2085 869 2130">
     <span class='ocr_line' id='line_1_59' title="bbox 73 2085 869 2130; baseline 0.018 -18"><span class='ocrx_word' id='word_1_381' title='bbox 73 2085 101 2113; x_wconf 74' lang='grc' dir='ltr'>δὲ</span> <span class='ocrx_word' id='word_1_382' title='bbox 125 2089 169 2113; x_wconf 81' lang='grc' dir='ltr'>καὶ</span> <span class='ocrx_word' id='word_1_383' title='bbox 201 2090 312 2125; x_wconf 85' lang='grc' dir='ltr'>σπέρμα,</span> <span class='ocrx_word' id='word_1_384' title='bbox 341 2089 425 2116; x_wconf 87' lang='grc' dir='ltr'>ὀπίσω</span> <span class='ocrx_word' id='word_1_385' title='bbox 448 2093 503 2127; x_wconf 69' lang='grc' dir='ltr'>μὲν,</span> <span class='ocrx_word' id='word_1_386' title='bbox 526 2094 568 2119; x_wconf 87' lang='grc' dir='ltr'>τόν</span> <span class='ocrx_word' id='word_1_387' title='bbox 591 2093 665 2130; x_wconf 76' lang='grc' dir='ltr'>λόγον</span> <span class='ocrx_word' id='word_1_388' title='bbox 689 2101 734 2127; x_wconf 83' lang='grc' dir='ltr'>τῆς</span> <span class='ocrx_word' id='word_1_389' title='bbox 750 2099 869 2130; x_wconf 80' lang='grc' dir='ltr'>’πίστεως</span> 
     </span>
    </p>
   </div>
   <div class='ocr_carea' id='block_1_60' title="bbox 72 2131 869 2177">
    <p class='ocr_par' dir='ltr' id='par_1_60' title="bbox 72 2131 869 2177">
     <span class='ocr_line' id='line_1_60' title="bbox 72 2131 869 2177; baseline 0.018 -21"><span class='ocrx_word' id='word_1_390' title='bbox 72 2131 216 2167; x_wconf 61' lang='grc' dir='ltr'>ὠνόμασεν</span> <span class='ocrx_word' id='word_1_391' title='bbox 242 2131 266 2158; x_wconf 73' lang='grc' dir='ltr'>ἰν</span> <span class='ocrx_word' id='word_1_392' title='bbox 300 2131 329 2159; x_wconf 68' lang='grc' dir='ltr'>δὲ</span> <span class='ocrx_word' id='word_1_393' title='bbox 358 2138 389 2170; x_wconf 78' lang='grc' dir='ltr'>τῇ</span> <span class='ocrx_word' id='word_1_394' title='bbox 413 2139 567 2174; x_wconf 71' lang='grc' dir='ltr'>προκειμένῃ</span> <span class='ocrx_word' id='word_1_395' title='bbox 599 2140 743 2177; x_wconf 77' lang='grc' dir='ltr'>παραϐολῇ,</span> <span class='ocrx_word' id='word_1_396' title='bbox 778 2143 869 2174; x_wconf 72' lang='grc' dir='ltr'>αὐτοὺς</span> 
     </span>
    </p>
   </div>
   <div class='ocr_carea' id='block_1_61' title="bbox 69 2177 867 2214">
    <p class='ocr_par' dir='ltr' id='par_1_61' title="bbox 69 2177 867 2214">
     <span class='ocr_line' id='line_1_61' title="bbox 69 2177 867 2214; baseline 0.018 -14"><span class='ocrx_word' id='word_1_397' title='bbox 69 2178 126 2206; x_wconf 81' lang='grc' dir='ltr'>τοὺς</span> <span class='ocrx_word' id='word_1_398' title='bbox 152 2177 345 2207; x_wconf 78' lang='grc' dir='ltr'>πιστεύσαντας</span> <span class='ocrx_word' id='word_1_399' title='bbox 367 2179 425 2204; x_wconf 82' lang='grc' dir='ltr'>κατ’</span> <span class='ocrx_word' id='word_1_400' title='bbox 448 2180 527 2210; x_wconf 80' lang='grc' dir='ltr'>ἄλλην</span> <span class='ocrx_word' id='word_1_401' title='bbox 550 2184 593 2208; x_wconf 78' lang='grc' dir='ltr'>καὶ</span> <span class='ocrx_word' id='word_1_402' title='bbox 613 2183 691 2213; x_wconf 79' lang='grc' dir='ltr'>ἄλλην</span> <span class='ocrx_word' id='word_1_403' title='bbox 717 2187 821 2214; x_wconf 79' lang='grc' dir='ltr'>ἔννοιαν.</span> <span class='ocrx_word' id='word_1_404' title='bbox 838 2188 867 2214; x_wconf 88' lang='lat'>&#39;0</span> 
     </span>
    </p>
   </div>
   <div class='ocr_carea' id='block_1_62' title="bbox 68 2220 867 2265">
    <p class='ocr_par' dir='ltr' id='par_1_62' title="bbox 68 2220 867 2265">
     <span class='ocr_line' id='line_1_62' title="bbox 68 2220 867 2265; baseline 0.019 -22"><span class='ocrx_word' id='word_1_405' title='bbox 68 2220 117 2256; x_wconf 75' lang='grc' dir='ltr'>γὰρ</span> <span class='ocrx_word' id='word_1_406' title='bbox 138 2222 286 2251; x_wconf 82' lang='grc' dir='ltr'>πιστεύσας</span> <span class='ocrx_word' id='word_1_407' title='bbox 307 2221 407 2257; x_wconf 77' lang='grc' dir='ltr'>λέγεται</span> <span class='ocrx_word' id='word_1_408' title='bbox 420 2225 465 2259; x_wconf 73' lang='grc' dir='ltr'>μὲν</span> <span class='ocrx_word' id='word_1_409' title='bbox 487 2227 531 2251; x_wconf 82' lang='grc' dir='ltr'>καὶ</span> <span class='ocrx_word' id='word_1_410' title='bbox 548 2230 628 2260; x_wconf 86' lang='grc' dir='ltr'>σῖτος,</span> <span class='ocrx_word' id='word_1_411' title='bbox 645 2229 677 2258; x_wconf 81' lang='grc' dir='ltr'>ὡς</span> <span class='ocrx_word' id='word_1_412' title='bbox 700 2232 798 2265; x_wconf 83' lang='grc' dir='ltr'>καρπὸς</span> <span class='ocrx_word' id='word_1_413' title='bbox 821 2236 867 2258; x_wconf 77' lang='grc' dir='ltr'>τοῦ</span> 
     </span>
    </p>
   </div>
   <div class='ocr_carea' id='block_1_63' title="bbox 67 2266 863 2307">
    <p class='ocr_par' dir='ltr' id='par_1_63' title="bbox 67 2266 863 2307">
     <span class='ocr_line' id='line_1_63' title="bbox 67 2266 863 2307; baseline 0.018 -19"><span class='ocrx_word' id='word_1_414' title='bbox 67 2266 173 2300; x_wconf 71' lang='grc' dir='ltr'>πρώτου</span> <span class='ocrx_word' id='word_1_415' title='bbox 203 2267 359 2302; x_wconf 79' lang='grc' dir='ltr'>σπέρματος,</span> <span class='ocrx_word' id='word_1_416' title='bbox 393 2269 461 2300; x_wconf 83' lang='grc' dir='ltr'>ἦτοι,</span> <span class='ocrx_word' id='word_1_417' title='bbox 497 2274 543 2295; x_wconf 83' lang='grc' dir='ltr'>τοῦ</span> <span class='ocrx_word' id='word_1_418' title='bbox 565 2270 641 2306; x_wconf 75' lang='grc' dir='ltr'>λόγου</span> <span class='ocrx_word' id='word_1_419' title='bbox 672 2277 719 2304; x_wconf 87' lang='grc' dir='ltr'>τῆς</span> <span class='ocrx_word' id='word_1_420' title='bbox 743 2277 863 2307; x_wconf 82' lang='grc' dir='ltr'>πίστεως.</span> 
     </span>
    </p>
   </div>
   <div class='ocr_carea' id='block_1_64' title="bbox 69 2307 865 2354">
    <p class='ocr_par' dir='ltr' id='par_1_64' title="bbox 69 2307 865 2354">
     <span class='ocr_line' id='line_1_64' title="bbox 69 2307 865 2354; baseline 0.015 -22"><span class='ocrx_word' id='word_1_421' title='bbox 69 2310 179 2343; x_wconf 52' lang='grc' dir='ltr'>,λέγοιτο</span> <span class='ocrx_word' id='word_1_422' title='bbox 205 2307 231 2334; x_wconf 72' lang='grc' dir='ltr'>δ’</span> <span class='ocrx_word' id='word_1_423' title='bbox 250 2310 280 2334; x_wconf 79' lang='grc' dir='ltr'>ἄν</span> <span class='ocrx_word' id='word_1_424' title='bbox 313 2312 357 2336; x_wconf 83' lang='grc' dir='ltr'>καὶ</span> <span class='ocrx_word' id='word_1_425' title='bbox 390 2314 502 2348; x_wconf 79' lang='grc' dir='ltr'>σπέρμα,</span> <span class='ocrx_word' id='word_1_426' title='bbox 533 2315 566 2344; x_wconf 85' lang='grc' dir='ltr'>ὡς</span> <span class='ocrx_word' id='word_1_427' title='bbox 593 2322 762 2354; x_wconf 76' lang='grc' dir='ltr'>καρποφορῶν</span> <span class='ocrx_word' id='word_1_428' title='bbox 790 2320 865 2345; x_wconf 78' lang='grc' dir='ltr'>πάλιν</span> 
     </span>
    </p>
   </div>
   <div class='ocr_carea' id='block_1_65' title="bbox 67 2352 864 2398">
    <p class='ocr_par' dir='ltr' id='par_1_65' title="bbox 67 2352 864 2398">
     <span class='ocr_line' id='line_1_65' title="bbox 67 2352 864 2398; baseline 0.018 -22"><span class='ocrx_word' id='word_1_429' title='bbox 67 2352 149 2388; x_wconf 78' lang='grc' dir='ltr'>ἓτερον</span> <span class='ocrx_word' id='word_1_430' title='bbox 184 2352 220 2383; x_wconf 83' lang='grc' dir='ltr'>εἱς</span> <span class='ocrx_word' id='word_1_431' title='bbox 259 2355 358 2382; x_wconf 82' lang='grc' dir='ltr'>πίστιν.</span> <span class='ocrx_word' id='word_1_432' title='bbox 389 2356 448 2392; x_wconf 66' lang='grc' dir='ltr'>Οὐχ</span> <span class='ocrx_word' id='word_1_433' title='bbox 478 2359 624 2395; x_wconf 82' lang='grc' dir='ltr'>ἡρμήνευσε</span> <span class='ocrx_word' id='word_1_434' title='bbox 653 2360 692 2396; x_wconf 74' lang='grc' dir='ltr'>δὲ,</span> <span class='ocrx_word' id='word_1_435' title='bbox 711 2352 791 2393; x_wconf 42' lang='grc' dir='ltr'>’τινες</span> <span class='ocrx_word' id='word_1_436' title='bbox 820 2366 864 2398; x_wconf 83' lang='grc' dir='ltr'>μέν</span> 
     </span>
    </p>
   </div>
   <div class='ocr_carea' id='block_1_66' title="bbox 68 2396 865 2438">
    <p class='ocr_par' dir='ltr' id='par_1_66' title="bbox 68 2396 865 2438">
     <span class='ocr_line' id='line_1_66' title="bbox 68 2396 865 2438; baseline 0.018 -18"><span class='ocrx_word' id='word_1_437' title='bbox 68 2396 135 2422; x_wconf 82' lang='grc' dir='ltr'>εἰσιν</span> <span class='ocrx_word' id='word_1_438' title='bbox 166 2397 191 2422; x_wconf 84' lang='grc' dir='ltr'>οἱ</span> <span class='ocrx_word' id='word_1_439' title='bbox 223 2397 392 2430; x_wconf 75' lang='grc' dir='ltr'>καθεύδοντες</span> <span class='ocrx_word' id='word_1_440' title='bbox 416 2401 557 2438; x_wconf 79' lang='grc' dir='ltr'>ἄνθρωποι,</span> <span class='ocrx_word' id='word_1_441' title='bbox 582 2406 646 2435; x_wconf 86' lang='grc' dir='ltr'>τίνες</span> <span class='ocrx_word' id='word_1_442' title='bbox 670 2404 700 2432; x_wconf 71' lang='grc' dir='ltr'>δὲ</span> <span class='ocrx_word' id='word_1_443' title='bbox 721 2408 746 2432; x_wconf 81' lang='grc' dir='ltr'>οἱ</span> <span class='ocrx_word' id='word_1_444' title='bbox 777 2405 865 2434; x_wconf 78' lang='grc' dir='ltr'>δοῦλοι</span> 
     </span>
    </p>
   </div>
   <div class='ocr_carea' id='block_1_67' title="bbox 65 2440 864 2483">
    <p class='ocr_par' dir='ltr' id='par_1_67' title="bbox 65 2440 864 2483">
     <span class='ocr_line' id='line_1_67' title="bbox 65 2440 864 2483; baseline 0.016 -18"><span class='ocrx_word' id='word_1_445' title='bbox 65 2444 111 2466; x_wconf 78' lang='grc' dir='ltr'>τοῦ</span> <span class='ocrx_word' id='word_1_446' title='bbox 131 2440 329 2476; x_wconf 76' lang='grc' dir='ltr'>οἰκοδεσπότου,</span> <span class='ocrx_word' id='word_1_447' title='bbox 354 2443 417 2470; x_wconf 78' lang='grc' dir='ltr'>ἀλλὰ</span> <span class='ocrx_word' id='word_1_448' title='bbox 435 2450 549 2482; x_wconf 78' lang='grc' dir='ltr'>παρῆκεν</span> <span class='ocrx_word' id='word_1_449' title='bbox 569 2449 670 2483; x_wconf 68' lang='grc' dir='ltr'>αὐτοὺς,</span> <span class='ocrx_word' id='word_1_450' title='bbox 694 2452 709 2479; x_wconf 80' lang='grc' dir='ltr'><strong>ἦ</strong></span> <span class='ocrx_word' id='word_1_451' title='bbox 734 2452 766 2482; x_wconf 66' lang='grc' dir='ltr'>ὡς</span> <span class='ocrx_word' id='word_1_452' title='bbox 788 2450 864 2478; x_wconf 82' lang='grc' dir='ltr'>ἔλνω-</span> 
     </span>
    </p>
   </div>
   <div class='ocr_carea' id='block_1_68' title="bbox 67 2485 865 2532">
    <p class='ocr_par' dir='ltr' id='par_1_68' title="bbox 67 2485 865 2532">
     <span class='ocr_line' id='line_1_68' title="bbox 67 2485 865 2532; baseline 0.019 -23"><span class='ocrx_word' id='word_1_453' title='bbox 67 2487 188 2520; x_wconf 77' lang='grc' dir='ltr'>σμένονς,</span> <span class='ocrx_word' id='word_1_454' title='bbox 213 2487 228 2514; x_wconf 82' lang='grc' dir='ltr'><em>ἧ</em></span> <span class='ocrx_word' id='word_1_455' title='bbox 245 2489 290 2512; x_wconf 84' lang='grc' dir='ltr'>καὶ</span> <span class='ocrx_word' id='word_1_456' title='bbox 313 2485 458 2524; x_wconf 77' lang='grc' dir='ltr'>διδάσκων,</span> <span class='ocrx_word' id='word_1_457' title='bbox 475 2491 514 2516; x_wconf 85' lang='grc' dir='ltr'>ὃτι</span> <span class='ocrx_word' id='word_1_458' title='bbox 527 2492 556 2517; x_wconf 70' lang='grc' dir='ltr'>οὐ</span> <span class='ocrx_word' id='word_1_459' title='bbox 577 2496 630 2530; x_wconf 67' lang='grc' dir='ltr'>χρὴ</span> <span class='ocrx_word' id='word_1_460' title='bbox 649 2495 693 2525; x_wconf 83' lang='grc' dir='ltr'>τὰς</span> <span class='ocrx_word' id='word_1_461' title='bbox 718 2496 865 2532; x_wconf 77' lang='grc' dir='ltr'>παραϐολὰς</span> 
     </span>
    </p>
   </div>
   <div class='ocr_carea' id='block_1_69' title="bbox 64 2529 865 2577">
    <p class='ocr_par' dir='ltr' id='par_1_69' title="bbox 64 2529 865 2577">
     <span class='ocr_line' id='line_1_69' title="bbox 64 2529 865 2577; baseline 0.019 -24"><span class='ocrx_word' id='word_1_462' title='bbox 64 2529 205 2577; x_wconf 78' lang='grc' dir='ltr'>κατὰ</span> <span class='ocrx_word' id='word_1_463' title='bbox 233 2531 310 2577; x_wconf 83' lang='grc' dir='ltr'>ῥῆσιν</span> <span class='ocrx_word' id='word_1_464' title='bbox 334 2532 490 2569; x_wconf 79' lang='grc' dir='ltr'>ἑρμηνεύειν,</span> <span class='ocrx_word' id='word_1_465' title='bbox 519 2537 553 2567; x_wconf 84' lang='grc' dir='ltr'>ὦς</span> <span class='ocrx_word' id='word_1_466' title='bbox 577 2529 655 2573; x_wconf 71' lang='grc' dir='ltr'>φὴσιν</span> <span class='ocrx_word' id='word_1_467' title='bbox 679 2540 692 2565; x_wconf 92' lang='grc' dir='ltr'>ό</span> <span class='ocrx_word' id='word_1_468' title='bbox 715 2529 865 2577; x_wconf 73' lang='grc' dir='ltr'>Χρυσόστο-</span> 
     </span>
    </p>
   </div>
   <div class='ocr_carea' id='block_1_70' title="bbox 65 2572 865 2622">
    <p class='ocr_par' dir='ltr' id='par_1_70' title="bbox 65 2572 865 2622">
     <span class='ocr_line' id='line_1_70' title="bbox 65 2572 865 2622; baseline 0.023 -25"><span class='ocrx_word' id='word_1_469' title='bbox 65 2582 123 2608; x_wconf 83' lang='grc' dir='ltr'>μος,</span> <span class='ocrx_word' id='word_1_470' title='bbox 141 2572 206 2600; x_wconf 83' lang='grc' dir='ltr'>ἀλλὰ</span> <span class='ocrx_word' id='word_1_471' title='bbox 221 2576 289 2601; x_wconf 84' lang='grc' dir='ltr'>κατά</span> <span class='ocrx_word' id='word_1_472' title='bbox 314 2578 381 2611; x_wconf 85' lang='grc' dir='ltr'>μόνα</span> <span class='ocrx_word' id='word_1_473' title='bbox 399 2578 431 2604; x_wconf 79' lang='grc' dir='ltr'>τὰ</span> <span class='ocrx_word' id='word_1_474' title='bbox 453 2572 641 2619; x_wconf 77' lang='grc' dir='ltr'>ἀναγκαιότερα</span> <span class='ocrx_word' id='word_1_475' title='bbox 656 2583 709 2619; x_wconf 89' lang='grc'>(40)</span> <span class='ocrx_word' id='word_1_476' title='bbox 728 2572 804 2622; x_wconf 64' lang='grc' dir='ltr'>μέρη,</span> <span class='ocrx_word' id='word_1_477' title='bbox 828 2584 865 2611; x_wconf 74' lang='grc' dir='ltr'>δι’</span> 
     </span>
    </p>
   </div>
   <div class='ocr_carea' id='block_1_71' title="bbox 941 995 1761 1035">
    <p class='ocr_par' dir='ltr' id='par_1_71' title="bbox 941 995 1761 1035">
     <span class='ocr_line' id='line_1_71' title="bbox 941 995 1761 1035; baseline 0.007 -13"><span class='ocrx_word' id='word_1_478' title='bbox 941 995 1070 1023; x_wconf 86' lang='lat' dir='ltr'>hominis</span> <span class='ocrx_word' id='word_1_479' title='bbox 1086 996 1217 1032; x_wconf 82' lang='lat' dir='ltr'>seipsuni</span> <span class='ocrx_word' id='word_1_480' title='bbox 1231 998 1377 1033; x_wconf 84' lang='lat' dir='ltr'>nominat,</span> <span class='ocrx_word' id='word_1_481' title='bbox 1401 1002 1520 1035; x_wconf 85' lang='lat' dir='ltr'>propter</span> <span class='ocrx_word' id='word_1_482' title='bbox 1545 999 1761 1028; x_wconf 88' lang='lat' dir='ltr'>humanitatem</span> 
     </span>
    </p>
   </div>
   <div class='ocr_carea' id='block_1_72' title="bbox 940 1041 1762 1080">
    <p class='ocr_par' dir='ltr' id='par_1_72' title="bbox 940 1041 1762 1080">
     <span class='ocr_line' id='line_1_72' title="bbox 940 1041 1762 1080; baseline 0.006 -13"><span class='ocrx_word' id='word_1_483' title='bbox 940 1048 1020 1067; x_wconf 87' lang='lat' dir='ltr'>suam</span> <span class='ocrx_word' id='word_1_484' title='bbox 1047 1048 1112 1076; x_wconf 62' lang='lat' dir='ltr'>qua)</span> <span class='ocrx_word' id='word_1_485' title='bbox 1134 1041 1300 1076; x_wconf 85' lang='lat' dir='ltr'>apparebat</span> <span class='ocrx_word' id='word_1_486' title='bbox 1326 1050 1332 1069; x_wconf 93' lang='lat'>:</span> <span class='ocrx_word' id='word_1_487' title='bbox 1356 1044 1384 1071; x_wconf 86' lang='lat' dir='ltr'>et</span> <span class='ocrx_word' id='word_1_488' title='bbox 1404 1043 1460 1071; x_wconf 89' lang='lat' dir='ltr'>hoc</span> <span class='ocrx_word' id='word_1_489' title='bbox 1484 1043 1651 1080; x_wconf 86' lang='lat' dir='ltr'>frequenter</span> <span class='ocrx_word' id='word_1_490' title='bbox 1679 1044 1762 1079; x_wconf 89' lang='lat' dir='ltr'>dicit,</span> 
     </span>
    </p>
   </div>
   <div class='ocr_carea' id='block_1_73' title="bbox 939 1084 1760 1124">
    <p class='ocr_par' dir='ltr' id='par_1_73' title="bbox 939 1084 1760 1124">
     <span class='ocr_line' id='line_1_73' title="bbox 939 1084 1760 1124; baseline 0.006 -13"><span class='ocrx_word' id='word_1_491' title='bbox 939 1084 1121 1112; x_wconf 88' lang='lat' dir='ltr'>conﬁrmans</span> <span class='ocrx_word' id='word_1_492' title='bbox 1136 1085 1216 1120; x_wconf 92' lang='lat' dir='ltr'>quod</span> <span class='ocrx_word' id='word_1_493' title='bbox 1227 1093 1294 1113; x_wconf 89' lang='lat' dir='ltr'>vere</span> <span class='ocrx_word' id='word_1_494' title='bbox 1322 1086 1537 1115; x_wconf 84' lang='lat' dir='ltr'>humanitatem</span> <span class='ocrx_word' id='word_1_495' title='bbox 1562 1089 1760 1124; x_wconf 86' lang='lat' dir='ltr'>assumpserit.</span> 
     </span>
    </p>
   </div>
   <div class='ocr_carea' id='block_1_74' title="bbox 940 1128 1584 1166">
    <p class='ocr_par' dir='ltr' id='par_1_74' title="bbox 940 1128 1584 1166">
     <span class='ocr_line' id='line_1_74' title="bbox 940 1128 1584 1166; baseline 0.008 -11"><span class='ocrx_word' id='word_1_496' title='bbox 940 1128 996 1156; x_wconf 84' lang='lat' dir='ltr'>Erit</span> <span class='ocrx_word' id='word_1_497' title='bbox 1011 1136 1081 1164; x_wconf 88' lang='lat' dir='ltr'>ergo</span> <span class='ocrx_word' id='word_1_498' title='bbox 1094 1129 1143 1157; x_wconf 92' lang='lat' dir='ltr'>tibi</span> <span class='ocrx_word' id='word_1_499' title='bbox 1154 1129 1211 1157; x_wconf 89' lang='lat' dir='ltr'>hoc</span> <span class='ocrx_word' id='word_1_500' title='bbox 1226 1129 1368 1166; x_wconf 85' lang='lat' dir='ltr'>deinceps</span> <span class='ocrx_word' id='word_1_501' title='bbox 1381 1131 1584 1160; x_wconf 85' lang='lat' dir='ltr'>manifestum.</span> 
     </span>
    </p>
   </div>
   <div class='ocr_carea' id='block_1_75' title="bbox 974 1173 1761 1211">
    <p class='ocr_par' dir='ltr' id='par_1_75' title="bbox 974 1173 1761 1211">
     <span class='ocr_line' id='line_1_75' title="bbox 974 1173 1761 1211; baseline 0.006 -12"><span class='ocrx_word' id='word_1_502' title='bbox 974 1173 1052 1200; x_wconf 87' lang='lat' dir='ltr'>Vers.</span> <span class='ocrx_word' id='word_1_503' title='bbox 1068 1173 1115 1201; x_wconf 85' lang='lat'>38.</span> <span class='ocrx_word' id='word_1_504' title='bbox 1139 1174 1220 1208; x_wconf 85' lang='lat' dir='ltr'>Ager</span> <span class='ocrx_word' id='word_1_505' title='bbox 1234 1181 1345 1202; x_wconf 81' lang='lat' dir='ltr'>vero—</span> <span class='ocrx_word' id='word_1_506' title='bbox 1355 1175 1490 1203; x_wconf 79' lang='lat' dir='ltr'>mundus.</span> <span class='ocrx_word' id='word_1_507' title='bbox 1500 1176 1641 1211; x_wconf 75' lang='lat' dir='ltr'>Superius</span> <span class='ocrx_word' id='word_1_508' title='bbox 1657 1176 1694 1204; x_wconf 88' lang='lat' dir='ltr'>de</span> <span class='ocrx_word' id='word_1_509' title='bbox 1703 1176 1761 1204; x_wconf 87' lang='lat' dir='ltr'>hoc</span> 
     </span>
    </p>
   </div>
   <div class='ocr_carea' id='block_1_76' title="bbox 937 1216 1176 1252">
    <p class='ocr_par' dir='ltr' id='par_1_76' title="bbox 937 1216 1176 1252">
     <span class='ocr_line' id='line_1_76' title="bbox 937 1216 1176 1252; baseline -0.004 -9"><span class='ocrx_word' id='word_1_510' title='bbox 937 1216 1112 1252; x_wconf 63' lang='lat' dir='ltr'>praedictum</span> <span class='ocrx_word' id='word_1_511' title='bbox 1124 1219 1176 1245; x_wconf 91' lang='lat' dir='ltr'>est.</span> 
     </span>
    </p>
   </div>
   <div class='ocr_carea' id='block_1_77' title="bbox 971 1260 1760 1298">
    <p class='ocr_par' dir='ltr' id='par_1_77' title="bbox 971 1260 1760 1298">
     <span class='ocr_line' id='line_1_77' title="bbox 971 1260 1760 1298; baseline 0.005 -11"><span class='ocrx_word' id='word_1_512' title='bbox 971 1260 1050 1288; x_wconf 87' lang='lat' dir='ltr'>Vers.</span> <span class='ocrx_word' id='word_1_513' title='bbox 1076 1263 1119 1288; x_wconf 87' lang='lat'>38.</span> <span class='ocrx_word' id='word_1_514' title='bbox 1142 1261 1259 1289; x_wconf 86' lang='lat' dir='ltr'>Bonum</span> <span class='ocrx_word' id='word_1_515' title='bbox 1276 1269 1344 1290; x_wconf 85' lang='lat' dir='ltr'>vero</span> <span class='ocrx_word' id='word_1_516' title='bbox 1361 1278 1395 1282; x_wconf 95' lang='lat'><strong>—</strong></span> <span class='ocrx_word' id='word_1_517' title='bbox 1410 1266 1482 1290; x_wconf 78' lang='lat' dir='ltr'>sunt.</span> <span class='ocrx_word' id='word_1_518' title='bbox 1502 1264 1545 1298; x_wconf 73' lang='grc' dir='ltr'>Η-</span> <span class='ocrx_word' id='word_1_519' title='bbox 1560 1263 1687 1296; x_wconf 87' lang='lat' dir='ltr'>Quinam</span> <span class='ocrx_word' id='word_1_520' title='bbox 1703 1263 1732 1291; x_wconf 87' lang='lat' dir='ltr'>hi</span> <span class='ocrx_word' id='word_1_521' title='bbox 1746 1264 1760 1291; x_wconf 75' lang='lat' dir='ltr'>‘i</span> 
     </span>
    </p>
   </div>
   <div class='ocr_carea' id='block_1_78' title="bbox 957 1304 1759 1343">
    <p class='ocr_par' dir='ltr' id='par_1_78' title="bbox 957 1304 1759 1343">
     <span class='ocr_line' id='line_1_78' title="bbox 957 1304 1759 1343; baseline 0.005 -13"><span class='ocrx_word' id='word_1_522' title='bbox 957 1304 1048 1331; x_wconf 75' lang='lat' dir='ltr'>~Vers.</span> <span class='ocrx_word' id='word_1_523' title='bbox 1063 1306 1106 1332; x_wconf 87' lang='lat'>38.</span> <span class='ocrx_word' id='word_1_524' title='bbox 1127 1305 1200 1332; x_wconf 76' lang='lat' dir='ltr'>Filii</span> <span class='ocrx_word' id='word_1_525' title='bbox 1225 1306 1320 1340; x_wconf 81' lang='lat' dir='ltr'>regni.</span> <span class='ocrx_word' id='word_1_526' title='bbox 1350 1306 1412 1333; x_wconf 87' lang='lat' dir='ltr'>Filii</span> <span class='ocrx_word' id='word_1_527' title='bbox 1435 1307 1516 1341; x_wconf 83' lang='lat' dir='ltr'>regni</span> <span class='ocrx_word' id='word_1_528' title='bbox 1539 1307 1686 1338; x_wconf 86' lang='lat' dir='ltr'>dicuntur,</span> <span class='ocrx_word' id='word_1_529' title='bbox 1707 1307 1759 1343; x_wconf 87' lang='lat' dir='ltr'>qui</span> 
     </span>
    </p>
   </div>
   <div class='ocr_carea' id='block_1_79' title="bbox 933 1349 1759 1386">
    <p class='ocr_par' dir='ltr' id='par_1_79' title="bbox 933 1349 1759 1386">
     <span class='ocr_line' id='line_1_79' title="bbox 933 1349 1759 1386; baseline 0.004 -11"><span class='ocrx_word' id='word_1_530' title='bbox 933 1350 1044 1375; x_wconf 87' lang='lat' dir='ltr'>rectam</span> <span class='ocrx_word' id='word_1_531' title='bbox 1058 1352 1176 1377; x_wconf 86' lang='lat' dir='ltr'>servant</span> <span class='ocrx_word' id='word_1_532' title='bbox 1190 1349 1279 1377; x_wconf 91' lang='lat' dir='ltr'>ﬁdem</span> <span class='ocrx_word' id='word_1_533' title='bbox 1297 1359 1303 1378; x_wconf 91' lang='lat'>:</span> <span class='ocrx_word' id='word_1_534' title='bbox 1317 1352 1416 1386; x_wconf 85' lang='lat' dir='ltr'>utpote</span> <span class='ocrx_word' id='word_1_535' title='bbox 1430 1358 1448 1378; x_wconf 89' lang='lat' dir='ltr'>a</span> <span class='ocrx_word' id='word_1_536' title='bbox 1460 1358 1528 1386; x_wconf 90' lang='lat' dir='ltr'>rege</span> <span class='ocrx_word' id='word_1_537' title='bbox 1543 1351 1657 1378; x_wconf 86' lang='lat' dir='ltr'>Christo</span> <span class='ocrx_word' id='word_1_538' title='bbox 1673 1351 1759 1378; x_wconf 86' lang='lat' dir='ltr'>semi-</span> 
     </span>
    </p>
   </div>
   <div class='ocr_carea' id='block_1_80' title="bbox 933 1393 1756 1431">
    <p class='ocr_par' dir='ltr' id='par_1_80' title="bbox 933 1393 1756 1431">
     <span class='ocr_line' id='line_1_80' title="bbox 933 1393 1756 1431; baseline 0.005 -12"><span class='ocrx_word' id='word_1_539' title='bbox 933 1393 993 1420; x_wconf 86' lang='lat' dir='ltr'>nati</span> <span class='ocrx_word' id='word_1_540' title='bbox 1020 1393 1058 1420; x_wconf 92' lang='lat' dir='ltr'>ad</span> <span class='ocrx_word' id='word_1_541' title='bbox 1082 1393 1228 1421; x_wconf 87' lang='lat' dir='ltr'>colendam</span> <span class='ocrx_word' id='word_1_542' title='bbox 1255 1394 1404 1426; x_wconf 82' lang='lat' dir='ltr'>virtutem,</span> <span class='ocrx_word' id='word_1_543' title='bbox 1428 1397 1455 1422; x_wconf 91' lang='lat' dir='ltr'>et</span> <span class='ocrx_word' id='word_1_544' title='bbox 1483 1395 1522 1423; x_wconf 89' lang='lat' dir='ltr'>ad</span> <span class='ocrx_word' id='word_1_545' title='bbox 1540 1395 1756 1431; x_wconf 90' lang='lat' dir='ltr'>possidendum</span> 
     </span>
    </p>
   </div>
   <div class='ocr_carea' id='block_1_81' title="bbox 933 1436 1755 1472">
    <p class='ocr_par' dir='ltr' id='par_1_81' title="bbox 933 1436 1755 1472">
     <span class='ocr_line' id='line_1_81' title="bbox 933 1436 1755 1472; baseline 0.005 -9"><span class='ocrx_word' id='word_1_546' title='bbox 933 1436 996 1471; x_wconf 89' lang='lat' dir='ltr'>ejus</span> <span class='ocrx_word' id='word_1_547' title='bbox 1010 1444 1143 1472; x_wconf 88' lang='lat' dir='ltr'>regnum.</span> <span class='ocrx_word' id='word_1_548' title='bbox 1158 1438 1218 1465; x_wconf 82' lang='lat' dir='ltr'>Filii</span> <span class='ocrx_word' id='word_1_549' title='bbox 1234 1446 1303 1465; x_wconf 90' lang='lat' dir='ltr'>vero</span> <span class='ocrx_word' id='word_1_550' title='bbox 1329 1439 1400 1466; x_wconf 89' lang='lat' dir='ltr'>mali</span> <span class='ocrx_word' id='word_1_551' title='bbox 1415 1439 1503 1472; x_wconf 89' lang='lat' dir='ltr'>illius,</span> <span class='ocrx_word' id='word_1_552' title='bbox 1527 1441 1595 1467; x_wconf 87' lang='lat' dir='ltr'>sunt</span> <span class='ocrx_word' id='word_1_553' title='bbox 1614 1439 1755 1468; x_wconf 63' lang='lat' dir='ltr'>haeretici.</span> 
     </span>
    </p>
   </div>
   <div class='ocr_carea' id='block_1_82' title="bbox 932 1482 1752 1519">
    <p class='ocr_par' dir='ltr' id='par_1_82' title="bbox 932 1482 1752 1519">
     <span class='ocr_line' id='line_1_82' title="bbox 932 1482 1752 1519; baseline 0.002 -11"><span class='ocrx_word' id='word_1_554' title='bbox 932 1483 1072 1517; x_wconf 85' lang='lat' dir='ltr'>tanquam</span> <span class='ocrx_word' id='word_1_555' title='bbox 1078 1490 1093 1509; x_wconf 90' lang='lat' dir='ltr'>a</span> <span class='ocrx_word' id='word_1_556' title='bbox 1100 1482 1221 1510; x_wconf 84' lang='lat' dir='ltr'>diabolo</span> <span class='ocrx_word' id='word_1_557' title='bbox 1229 1482 1359 1511; x_wconf 88' lang='lat' dir='ltr'>seminati</span> <span class='ocrx_word' id='word_1_558' title='bbox 1367 1483 1402 1511; x_wconf 85' lang='lat' dir='ltr'>ad</span> <span class='ocrx_word' id='word_1_559' title='bbox 1409 1484 1562 1511; x_wconf 88' lang='lat' dir='ltr'>colendum</span> <span class='ocrx_word' id='word_1_560' title='bbox 1570 1484 1752 1519; x_wconf 84' lang='lat' dir='ltr'>pravitatem,</span> 
     </span>
    </p>
   </div>
   <div class='ocr_carea' id='block_1_83' title="bbox 931 1525 1753 1564">
    <p class='ocr_par' dir='ltr' id='par_1_83' title="bbox 931 1525 1753 1564">
     <span class='ocr_line' id='line_1_83' title="bbox 931 1525 1753 1564; baseline 0.005 -12"><span class='ocrx_word' id='word_1_561' title='bbox 931 1527 959 1552; x_wconf 91' lang='lat' dir='ltr'>et</span> <span class='ocrx_word' id='word_1_562' title='bbox 974 1525 1105 1554; x_wconf 86' lang='lat' dir='ltr'>similiter</span> <span class='ocrx_word' id='word_1_563' title='bbox 1120 1526 1159 1554; x_wconf 91' lang='lat' dir='ltr'>ad</span> <span class='ocrx_word' id='word_1_564' title='bbox 1170 1527 1385 1562; x_wconf 89' lang='lat' dir='ltr'>possidendum</span> <span class='ocrx_word' id='word_1_565' title='bbox 1409 1528 1508 1563; x_wconf 84' lang='lat' dir='ltr'>ignem</span> <span class='ocrx_word' id='word_1_566' title='bbox 1530 1528 1586 1564; x_wconf 89' lang='lat' dir='ltr'>ipsi</span> <span class='ocrx_word' id='word_1_567' title='bbox 1605 1536 1753 1564; x_wconf 74' lang='lat' dir='ltr'>pmpara—</span> 
     </span>
    </p>
   </div>
   <div class='ocr_carea' id='block_1_84' title="bbox 932 1571 1006 1597">
    <p class='ocr_par' dir='ltr' id='par_1_84' title="bbox 932 1571 1006 1597">
     <span class='ocr_line' id='line_1_84' title="bbox 932 1571 1006 1597; baseline 0.014 -1"><span class='ocrx_word' id='word_1_568' title='bbox 932 1571 1006 1597; x_wconf 88' lang='lat' dir='ltr'>tum.</span> 
     </span>
    </p>
   </div>
   <div class='ocr_carea' id='block_1_85' title="bbox 966 1614 1753 1644">
    <p class='ocr_par' dir='ltr' id='par_1_85' title="bbox 966 1614 1753 1644">
     <span class='ocr_line' id='line_1_85' title="bbox 966 1614 1753 1644; baseline 0.005 -4"><span class='ocrx_word' id='word_1_569' title='bbox 966 1614 1043 1641; x_wconf 88' lang='lat' dir='ltr'>Vers.</span> <span class='ocrx_word' id='word_1_570' title='bbox 1053 1615 1086 1641; x_wconf 92' lang='lat'>38</span> <span class='ocrx_word' id='word_1_571' title='bbox 1097 1614 1219 1643; x_wconf 79' lang='lat' dir='ltr'>Zizania</span> <span class='ocrx_word' id='word_1_572' title='bbox 1233 1615 1424 1643; x_wconf 83' lang='lat' dir='ltr'>vero—mali.</span> <span class='ocrx_word' id='word_1_573' title='bbox 1437 1617 1521 1644; x_wconf 82' lang='lat' dir='ltr'>Modo</span> <span class='ocrx_word' id='word_1_574' title='bbox 1528 1616 1564 1644; x_wconf 89' lang='lat' dir='ltr'>de</span> <span class='ocrx_word' id='word_1_575' title='bbox 1580 1616 1635 1644; x_wconf 88' lang='lat' dir='ltr'>illis</span> <span class='ocrx_word' id='word_1_576' title='bbox 1641 1616 1753 1644; x_wconf 90' lang='lat' dir='ltr'>dictum</span> 
     </span>
    </p>
   </div>
   <div class='ocr_carea' id='block_1_86' title="bbox 929 1659 984 1686">
    <p class='ocr_par' dir='ltr' id='par_1_86' title="bbox 929 1659 984 1686">
     <span class='ocr_line' id='line_1_86' title="bbox 929 1659 984 1686; baseline 0.036 -2"><span class='ocrx_word' id='word_1_577' title='bbox 929 1659 984 1686; x_wconf 89' lang='lat' dir='ltr'>est.</span> 
     </span>
    </p>
   </div>
   <div class='ocr_carea' id='block_1_87' title="bbox 963 1701 1753 1731">
    <p class='ocr_par' dir='ltr' id='par_1_87' title="bbox 963 1701 1753 1731">
     <span class='ocr_line' id='line_1_87' title="bbox 963 1701 1753 1731; baseline 0.004 -3"><span class='ocrx_word' id='word_1_578' title='bbox 963 1701 1045 1728; x_wconf 85' lang='lat' dir='ltr'>Vers.</span> <span class='ocrx_word' id='word_1_579' title='bbox 1062 1701 1105 1729; x_wconf 86' lang='lat'>39.</span> <span class='ocrx_word' id='word_1_580' title='bbox 1120 1702 1260 1730; x_wconf 61' lang='lat' dir='ltr'>Inimicus</span> <span class='ocrx_word' id='word_1_581' title='bbox 1275 1705 1372 1730; x_wconf 81' lang='lat' dir='ltr'>autem</span> <span class='ocrx_word' id='word_1_582' title='bbox 1389 1718 1421 1723; x_wconf 87' lang='lat'><strong>-</strong></span> <span class='ocrx_word' id='word_1_583' title='bbox 1433 1706 1511 1731; x_wconf 81' lang='lat' dir='ltr'>sunt.</span> <span class='ocrx_word' id='word_1_584' title='bbox 1541 1703 1634 1731; x_wconf 80' lang='lat' dir='ltr'>Etiam</span> <span class='ocrx_word' id='word_1_585' title='bbox 1657 1704 1693 1731; x_wconf 90' lang='lat' dir='ltr'>de</span> <span class='ocrx_word' id='word_1_586' title='bbox 1708 1704 1753 1731; x_wconf 92' lang='lat' dir='ltr'>his</span> 
     </span>
    </p>
   </div>
   <div class='ocr_carea' id='block_1_88' title="bbox 928 1744 1753 1783">
    <p class='ocr_par' dir='ltr' id='par_1_88' title="bbox 928 1744 1753 1783">
     <span class='ocr_line' id='line_1_88' title="bbox 928 1744 1753 1783; baseline 0.004 -12"><span class='ocrx_word' id='word_1_587' title='bbox 928 1744 1129 1780; x_wconf 68' lang='lat' dir='ltr'>praediximus.</span> <span class='ocrx_word' id='word_1_588' title='bbox 1146 1747 1183 1773; x_wconf 88' lang='lat' dir='ltr'>Te</span> <span class='ocrx_word' id='word_1_589' title='bbox 1207 1748 1305 1773; x_wconf 85' lang='lat' dir='ltr'>autem</span> <span class='ocrx_word' id='word_1_590' title='bbox 1331 1746 1498 1774; x_wconf 85' lang='lat' dir='ltr'>meminisse</span> <span class='ocrx_word' id='word_1_591' title='bbox 1529 1750 1655 1782; x_wconf 87' lang='lat' dir='ltr'>oportet,</span> <span class='ocrx_word' id='word_1_592' title='bbox 1673 1747 1753 1783; x_wconf 92' lang='lat' dir='ltr'>quod</span> 
     </span>
    </p>
   </div>
   <div class='ocr_carea' id='block_1_89' title="bbox 927 1788 1753 1828">
    <p class='ocr_par' dir='ltr' id='par_1_89' title="bbox 927 1788 1753 1828">
     <span class='ocr_line' id='line_1_89' title="bbox 927 1788 1753 1828; baseline 0.004 -12"><span class='ocrx_word' id='word_1_593' title='bbox 927 1788 1043 1817; x_wconf 89' lang='lat' dir='ltr'>decimo</span> <span class='ocrx_word' id='word_1_594' title='bbox 1065 1792 1171 1818; x_wconf 85' lang='lat' dir='ltr'>octavo</span> <span class='ocrx_word' id='word_1_595' title='bbox 1199 1790 1292 1826; x_wconf 88' lang='lat' dir='ltr'>capite</span> <span class='ocrx_word' id='word_1_596' title='bbox 1321 1798 1449 1818; x_wconf 88' lang='lat' dir='ltr'>messem</span> <span class='ocrx_word' id='word_1_597' title='bbox 1472 1791 1617 1819; x_wconf 86' lang='lat' dir='ltr'>vocaverit</span> <span class='ocrx_word' id='word_1_598' title='bbox 1636 1799 1686 1819; x_wconf 88' lang='lat' dir='ltr'>eos</span> <span class='ocrx_word' id='word_1_599' title='bbox 1701 1791 1753 1828; x_wconf 87' lang='lat' dir='ltr'>qui</span> 
     </span>
    </p>
   </div>
   <div class='ocr_carea' id='block_1_90' title="bbox 926 1833 1751 1871">
    <p class='ocr_par' dir='ltr' id='par_1_90' title="bbox 926 1833 1751 1871">
     <span class='ocr_line' id='line_1_90' title="bbox 926 1833 1751 1871; baseline 0.005 -11"><span class='ocrx_word' id='word_1_600' title='bbox 926 1833 1064 1861; x_wconf 86' lang='lat' dir='ltr'>credituri</span> <span class='ocrx_word' id='word_1_601' title='bbox 1089 1836 1183 1868; x_wconf 88' lang='lat' dir='ltr'>erant,</span> <span class='ocrx_word' id='word_1_602' title='bbox 1210 1834 1297 1862; x_wconf 87' lang='lat' dir='ltr'>veluti</span> <span class='ocrx_word' id='word_1_603' title='bbox 1316 1837 1436 1871; x_wconf 79' lang='lat' dir='ltr'>paratos</span> <span class='ocrx_word' id='word_1_604' title='bbox 1464 1838 1495 1863; x_wconf 91' lang='lat' dir='ltr'>ut</span> <span class='ocrx_word' id='word_1_605' title='bbox 1516 1835 1723 1871; x_wconf 83' lang='lat' dir='ltr'>colligerentur</span> <span class='ocrx_word' id='word_1_606' title='bbox 1745 1845 1751 1869; x_wconf 91' lang='lat'><strong>;</strong></span> 
     </span>
    </p>
   </div>
   <div class='ocr_carea' id='block_1_91' title="bbox 926 1878 1749 1916">
    <p class='ocr_par' dir='ltr' id='par_1_91' title="bbox 926 1878 1749 1916">
     <span class='ocr_line' id='line_1_91' title="bbox 926 1878 1749 1916; baseline 0.006 -12"><span class='ocrx_word' id='word_1_607' title='bbox 926 1885 1072 1905; x_wconf 87' lang='lat' dir='ltr'>messores</span> <span class='ocrx_word' id='word_1_608' title='bbox 1090 1881 1188 1906; x_wconf 88' lang='lat' dir='ltr'>autem</span> <span class='ocrx_word' id='word_1_609' title='bbox 1202 1879 1253 1914; x_wconf 90' lang='lat' dir='ltr'>qui</span> <span class='ocrx_word' id='word_1_610' title='bbox 1275 1878 1340 1906; x_wconf 90' lang='lat' dir='ltr'>illos</span> <span class='ocrx_word' id='word_1_611' title='bbox 1364 1878 1555 1913; x_wconf 88' lang='lat' dir='ltr'>colligebant,</span> <span class='ocrx_word' id='word_1_612' title='bbox 1575 1881 1726 1916; x_wconf 88' lang='lat' dir='ltr'>apostolos</span> <span class='ocrx_word' id='word_1_613' title='bbox 1742 1890 1749 1915; x_wconf 91' lang='lat'><strong>;</strong></span> 
     </span>
    </p>
   </div>
   <div class='ocr_carea' id='block_1_92' title="bbox 925 1921 1752 1957">
    <p class='ocr_par' dir='ltr' id='par_1_92' title="bbox 925 1921 1752 1957">
     <span class='ocr_line' id='line_1_92' title="bbox 925 1921 1752 1957; baseline 0.006 -8"><span class='ocrx_word' id='word_1_614' title='bbox 925 1921 955 1949; x_wconf 93' lang='lat' dir='ltr'>in</span> <span class='ocrx_word' id='word_1_615' title='bbox 971 1923 1107 1957; x_wconf 65' lang='lat' dir='ltr'>prmsenti</span> <span class='ocrx_word' id='word_1_616' title='bbox 1121 1931 1187 1951; x_wconf 88' lang='lat' dir='ltr'>vero</span> <span class='ocrx_word' id='word_1_617' title='bbox 1198 1923 1264 1951; x_wconf 95' lang='lat' dir='ltr'>loco</span> <span class='ocrx_word' id='word_1_618' title='bbox 1276 1931 1403 1951; x_wconf 87' lang='lat' dir='ltr'>messem</span> <span class='ocrx_word' id='word_1_619' title='bbox 1415 1923 1596 1953; x_wconf 73' lang='lat' dir='ltr'>dicitsaaculi</span> <span class='ocrx_word' id='word_1_620' title='bbox 1612 1933 1752 1954; x_wconf 90' lang='lat' dir='ltr'>consum-</span> 
     </span>
    </p>
   </div>
   <div class='ocr_carea' id='block_1_93' title="bbox 926 1967 1749 2003">
    <p class='ocr_par' dir='ltr' id='par_1_93' title="bbox 926 1967 1749 2003">
     <span class='ocr_line' id='line_1_93' title="bbox 926 1967 1749 2003; baseline 0.006 -9"><span class='ocrx_word' id='word_1_621' title='bbox 926 1967 1086 1994; x_wconf 87' lang='lat' dir='ltr'>mationem</span> <span class='ocrx_word' id='word_1_622' title='bbox 1116 1970 1236 2003; x_wconf 88' lang='lat' dir='ltr'>propter</span> <span class='ocrx_word' id='word_1_623' title='bbox 1268 1968 1447 1996; x_wconf 84' lang='lat' dir='ltr'>excisionem</span> <span class='ocrx_word' id='word_1_624' title='bbox 1468 1977 1486 1996; x_wconf 90' lang='lat' dir='ltr'>a</span> <span class='ocrx_word' id='word_1_625' title='bbox 1510 1969 1571 1998; x_wconf 88' lang='lat' dir='ltr'>vita</span> <span class='ocrx_word' id='word_1_626' title='bbox 1604 1971 1720 1999; x_wconf 90' lang='lat' dir='ltr'>mortali</span> <span class='ocrx_word' id='word_1_627' title='bbox 1743 1980 1749 1998; x_wconf 73' lang='grc' dir='ltr'><em>τ</em></span> 
     </span>
    </p>
   </div>
   <div class='ocr_carea' id='block_1_94' title="bbox 924 2013 1749 2049">
    <p class='ocr_par' dir='ltr' id='par_1_94' title="bbox 924 2013 1749 2049">
     <span class='ocr_line' id='line_1_94' title="bbox 924 2013 1749 2049; baseline 0.004 -11"><span class='ocrx_word' id='word_1_628' title='bbox 924 2018 1071 2039; x_wconf 88' lang='lat' dir='ltr'>messores</span> <span class='ocrx_word' id='word_1_629' title='bbox 1084 2014 1185 2040; x_wconf 88' lang='lat' dir='ltr'>autem</span> <span class='ocrx_word' id='word_1_630' title='bbox 1206 2013 1337 2047; x_wconf 83' lang='lat' dir='ltr'>angelos,</span> <span class='ocrx_word' id='word_1_631' title='bbox 1354 2013 1405 2049; x_wconf 90' lang='lat' dir='ltr'>qui</span> <span class='ocrx_word' id='word_1_632' title='bbox 1423 2013 1461 2041; x_wconf 92' lang='lat' dir='ltr'>ab</span> <span class='ocrx_word' id='word_1_633' title='bbox 1479 2022 1513 2042; x_wconf 89' lang='lat' dir='ltr'>ea</span> <span class='ocrx_word' id='word_1_634' title='bbox 1529 2017 1597 2042; x_wconf 89' lang='lat' dir='ltr'>sunt</span> <span class='ocrx_word' id='word_1_635' title='bbox 1613 2015 1680 2043; x_wconf 88' lang='lat' dir='ltr'>illos</span> <span class='ocrx_word' id='word_1_636' title='bbox 1703 2023 1749 2041; x_wconf 80' lang='lat' dir='ltr'>ex-</span> 
     </span>
    </p>
   </div>
   <div class='ocr_carea' id='block_1_95' title="bbox 924 2055 1748 2093">
    <p class='ocr_par' dir='ltr' id='par_1_95' title="bbox 924 2055 1748 2093">
     <span class='ocr_line' id='line_1_95' title="bbox 924 2055 1748 2093; baseline 0.002 -11"><span class='ocrx_word' id='word_1_637' title='bbox 924 2055 1024 2084; x_wconf 89' lang='lat' dir='ltr'>cisuri.</span> <span class='ocrx_word' id='word_1_638' title='bbox 1052 2056 1188 2083; x_wconf 87' lang='lat' dir='ltr'>Similiter</span> <span class='ocrx_word' id='word_1_639' title='bbox 1203 2060 1231 2084; x_wconf 92' lang='lat' dir='ltr'>et</span> <span class='ocrx_word' id='word_1_640' title='bbox 1246 2065 1348 2085; x_wconf 89' lang='lat' dir='ltr'>semen</span> <span class='ocrx_word' id='word_1_641' title='bbox 1358 2058 1495 2093; x_wconf 82' lang='lat' dir='ltr'>superius</span> <span class='ocrx_word' id='word_1_642' title='bbox 1504 2066 1671 2086; x_wconf 88' lang='lat' dir='ltr'>sermonem</span> <span class='ocrx_word' id='word_1_643' title='bbox 1681 2057 1748 2084; x_wconf 82' lang='lat' dir='ltr'>ﬁdei</span> 
     </span>
    </p>
   </div>
   <div class='ocr_carea' id='block_1_96' title="bbox 923 2099 1748 2136">
    <p class='ocr_par' dir='ltr' id='par_1_96' title="bbox 923 2099 1748 2136">
     <span class='ocr_line' id='line_1_96' title="bbox 923 2099 1748 2136; baseline 0 -10"><span class='ocrx_word' id='word_1_644' title='bbox 923 2099 1106 2135; x_wconf 86' lang='lat' dir='ltr'>nuncupavit</span> <span class='ocrx_word' id='word_1_645' title='bbox 1121 2108 1127 2126; x_wconf 90' lang='lat'><strong>:</strong></span> <span class='ocrx_word' id='word_1_646' title='bbox 1143 2100 1171 2127; x_wconf 90' lang='lat' dir='ltr'>in</span> <span class='ocrx_word' id='word_1_647' title='bbox 1188 2100 1244 2128; x_wconf 89' lang='lat' dir='ltr'>hac</span> <span class='ocrx_word' id='word_1_648' title='bbox 1264 2109 1334 2129; x_wconf 90' lang='lat' dir='ltr'>vero</span> <span class='ocrx_word' id='word_1_649' title='bbox 1353 2101 1498 2136; x_wconf 82' lang='lat' dir='ltr'>parabola</span> <span class='ocrx_word' id='word_1_650' title='bbox 1524 2109 1574 2127; x_wconf 87' lang='lat' dir='ltr'>eos</span> <span class='ocrx_word' id='word_1_651' title='bbox 1592 2102 1643 2135; x_wconf 85' lang='lat' dir='ltr'>qui</span> <span class='ocrx_word' id='word_1_652' title='bbox 1657 2100 1748 2127; x_wconf 86' lang='lat' dir='ltr'>credi-</span> 
     </span>
    </p>
   </div>
   <div class='ocr_carea' id='block_1_97' title="bbox 923 2143 1745 2178">
    <p class='ocr_par' dir='ltr' id='par_1_97' title="bbox 923 2143 1745 2178">
     <span class='ocr_line' id='line_1_97' title="bbox 923 2143 1745 2178; baseline 0.001 -8"><span class='ocrx_word' id='word_1_653' title='bbox 923 2143 1030 2171; x_wconf 92' lang='lat' dir='ltr'>derunt</span> <span class='ocrx_word' id='word_1_654' title='bbox 1044 2150 1049 2169; x_wconf 93' lang='lat'><strong>:</strong></span> <span class='ocrx_word' id='word_1_655' title='bbox 1062 2143 1147 2178; x_wconf 82' lang='lat' dir='ltr'>juxta</span> <span class='ocrx_word' id='word_1_656' title='bbox 1158 2144 1245 2171; x_wconf 89' lang='lat' dir='ltr'>alium</span> <span class='ocrx_word' id='word_1_657' title='bbox 1257 2144 1392 2172; x_wconf 85' lang='lat' dir='ltr'>videlicet</span> <span class='ocrx_word' id='word_1_658' title='bbox 1408 2146 1435 2171; x_wconf 90' lang='lat' dir='ltr'>et</span> <span class='ocrx_word' id='word_1_659' title='bbox 1451 2143 1543 2170; x_wconf 87' lang='lat' dir='ltr'>alium</span> <span class='ocrx_word' id='word_1_660' title='bbox 1556 2143 1745 2171; x_wconf 90' lang='lat' dir='ltr'>intellectum.</span> 
     </span>
    </p>
   </div>
   <div class='ocr_carea' id='block_1_98' title="bbox 923 2186 1745 2222">
    <p class='ocr_par' dir='ltr' id='par_1_98' title="bbox 923 2186 1745 2222">
     <span class='ocr_line' id='line_1_98' title="bbox 923 2186 1745 2222; baseline 0 -8"><span class='ocrx_word' id='word_1_661' title='bbox 923 2187 977 2220; x_wconf 88' lang='lat' dir='ltr'>Qui</span> <span class='ocrx_word' id='word_1_662' title='bbox 993 2187 1073 2214; x_wconf 88' lang='lat' dir='ltr'>enim</span> <span class='ocrx_word' id='word_1_663' title='bbox 1094 2187 1218 2214; x_wconf 87' lang='lat' dir='ltr'>credidit</span> <span class='ocrx_word' id='word_1_664' title='bbox 1245 2189 1273 2214; x_wconf 88' lang='lat' dir='ltr'>et</span> <span class='ocrx_word' id='word_1_665' title='bbox 1298 2187 1425 2214; x_wconf 88' lang='lat' dir='ltr'>triticum</span> <span class='ocrx_word' id='word_1_666' title='bbox 1455 2186 1569 2215; x_wconf 88' lang='lat' dir='ltr'>dicitur.</span> <span class='ocrx_word' id='word_1_667' title='bbox 1600 2188 1745 2222; x_wconf 90' lang='lat' dir='ltr'>tanquam</span> 
     </span>
    </p>
   </div>
   <div class='ocr_carea' id='block_1_99' title="bbox 923 2229 1747 2267">
    <p class='ocr_par' dir='ltr' id='par_1_99' title="bbox 923 2229 1747 2267">
     <span class='ocr_line' id='line_1_99' title="bbox 923 2229 1747 2267; baseline 0.001 -9"><span class='ocrx_word' id='word_1_668' title='bbox 923 2230 1034 2258; x_wconf 87' lang='lat' dir='ltr'>fructus</span> <span class='ocrx_word' id='word_1_669' title='bbox 1047 2230 1132 2266; x_wconf 89' lang='lat' dir='ltr'>primi</span> <span class='ocrx_word' id='word_1_670' title='bbox 1147 2229 1280 2263; x_wconf 87' lang='lat' dir='ltr'>seminis,</span> <span class='ocrx_word' id='word_1_671' title='bbox 1297 2229 1379 2258; x_wconf 84' lang='lat' dir='ltr'>verbi</span> <span class='ocrx_word' id='word_1_672' title='bbox 1402 2231 1512 2258; x_wconf 88' lang='lat' dir='ltr'>scilicet</span> <span class='ocrx_word' id='word_1_673' title='bbox 1530 2231 1599 2258; x_wconf 77' lang='lat' dir='ltr'>ﬁdei</span> <span class='ocrx_word' id='word_1_674' title='bbox 1617 2239 1623 2257; x_wconf 90' lang='lat'>:</span> <span class='ocrx_word' id='word_1_675' title='bbox 1641 2231 1747 2267; x_wconf 87' lang='lat' dir='ltr'>poterit</span> 
     </span>
    </p>
   </div>
   <div class='ocr_carea' id='block_1_100' title="bbox 922 2274 1745 2310">
    <p class='ocr_par' dir='ltr' id='par_1_100' title="bbox 922 2274 1745 2310">
     <span class='ocr_line' id='line_1_100' title="bbox 922 2274 1745 2310; baseline 0.002 -9"><span class='ocrx_word' id='word_1_676' title='bbox 922 2274 1117 2302; x_wconf 85' lang='lat' dir='ltr'>nihilominus</span> <span class='ocrx_word' id='word_1_677' title='bbox 1138 2274 1194 2301; x_wconf 89' lang='lat' dir='ltr'>dici</span> <span class='ocrx_word' id='word_1_678' title='bbox 1224 2282 1334 2307; x_wconf 87' lang='lat' dir='ltr'>semen,</span> <span class='ocrx_word' id='word_1_679' title='bbox 1369 2277 1469 2310; x_wconf 90' lang='lat' dir='ltr'>utpote</span> <span class='ocrx_word' id='word_1_680' title='bbox 1497 2283 1596 2302; x_wconf 83' lang='lat' dir='ltr'>rursus</span> <span class='ocrx_word' id='word_1_681' title='bbox 1621 2275 1745 2304; x_wconf 85' lang='lat' dir='ltr'>alterum</span> 
     </span>
    </p>
   </div>
   <div class='ocr_carea' id='block_1_101' title="bbox 921 2319 1746 2356">
    <p class='ocr_par' dir='ltr' id='par_1_101' title="bbox 921 2319 1746 2356">
     <span class='ocr_line' id='line_1_101' title="bbox 921 2319 1746 2356; baseline 0.002 -10"><span class='ocrx_word' id='word_1_682' title='bbox 921 2319 960 2346; x_wconf 90' lang='lat' dir='ltr'>ad</span> <span class='ocrx_word' id='word_1_683' title='bbox 975 2319 1064 2347; x_wconf 86' lang='lat' dir='ltr'>ﬁdem</span> <span class='ocrx_word' id='word_1_684' title='bbox 1080 2319 1267 2347; x_wconf 81' lang='lat' dir='ltr'>fructiﬁcans.</span> <span class='ocrx_word' id='word_1_685' title='bbox 1284 2321 1347 2347; x_wconf 89' lang='lat' dir='ltr'>Non</span> <span class='ocrx_word' id='word_1_686' title='bbox 1365 2322 1408 2347; x_wconf 89' lang='lat' dir='ltr'>est</span> <span class='ocrx_word' id='word_1_687' title='bbox 1421 2321 1520 2348; x_wconf 87' lang='lat' dir='ltr'>autem</span> <span class='ocrx_word' id='word_1_688' title='bbox 1536 2319 1746 2356; x_wconf 86' lang='lat' dir='ltr'>interpretatus</span> 
     </span>
    </p>
   </div>
   <div class='ocr_carea' id='block_1_102' title="bbox 921 2363 1744 2401">
    <p class='ocr_par' dir='ltr' id='par_1_102' title="bbox 921 2363 1744 2401">
     <span class='ocr_line' id='line_1_102' title="bbox 921 2363 1744 2401; baseline 0.002 -11"><span class='ocrx_word' id='word_1_689' title='bbox 921 2363 1041 2399; x_wconf 87' lang='lat' dir='ltr'>quinam</span> <span class='ocrx_word' id='word_1_690' title='bbox 1070 2363 1127 2392; x_wconf 85' lang='lat' dir='ltr'>sint</span> <span class='ocrx_word' id='word_1_691' title='bbox 1153 2364 1334 2392; x_wconf 88' lang='lat' dir='ltr'>dormientes</span> <span class='ocrx_word' id='word_1_692' title='bbox 1360 2364 1506 2397; x_wconf 87' lang='lat' dir='ltr'>homines,</span> <span class='ocrx_word' id='word_1_693' title='bbox 1535 2367 1562 2392; x_wconf 89' lang='lat' dir='ltr'>et</span> <span class='ocrx_word' id='word_1_694' title='bbox 1588 2366 1639 2401; x_wconf 88' lang='lat' dir='ltr'>qui</span> <span class='ocrx_word' id='word_1_695' title='bbox 1667 2365 1744 2393; x_wconf 89' lang='lat' dir='ltr'>servi</span> 
     </span>
    </p>
   </div>
   <div class='ocr_carea' id='block_1_103' title="bbox 921 2409 1744 2445">
    <p class='ocr_par' dir='ltr' id='par_1_103' title="bbox 921 2409 1744 2445">
     <span class='ocr_line' id='line_1_103' title="bbox 921 2409 1744 2445; baseline 0.001 -9"><span class='ocrx_word' id='word_1_696' title='bbox 921 2409 1140 2444; x_wconf 81' lang='lat' dir='ltr'>patrisfamilias</span> <span class='ocrx_word' id='word_1_697' title='bbox 1159 2409 1227 2442; x_wconf 85' lang='lat' dir='ltr'>;sed</span> <span class='ocrx_word' id='word_1_698' title='bbox 1242 2409 1307 2436; x_wconf 88' lang='lat' dir='ltr'>illos</span> <span class='ocrx_word' id='word_1_699' title='bbox 1324 2409 1512 2444; x_wconf 73' lang='lat' dir='ltr'>praetermisit</span> <span class='ocrx_word' id='word_1_700' title='bbox 1524 2412 1574 2437; x_wconf 87' lang='lat' dir='ltr'>aut</span> <span class='ocrx_word' id='word_1_701' title='bbox 1601 2412 1744 2445; x_wconf 79' lang='lat' dir='ltr'>tanquam</span> 
     </span>
    </p>
   </div>
   <div class='ocr_carea' id='block_1_104' title="bbox 921 2453 1745 2490">
    <p class='ocr_par' dir='ltr' id='par_1_104' title="bbox 921 2453 1745 2490">
     <span class='ocr_line' id='line_1_104' title="bbox 921 2453 1745 2490; baseline 0.001 -10"><span class='ocrx_word' id='word_1_702' title='bbox 921 2453 1105 2486; x_wconf 87' lang='lat' dir='ltr'>manifestos,</span> <span class='ocrx_word' id='word_1_703' title='bbox 1121 2453 1271 2481; x_wconf 85' lang='lat' dir='ltr'>autetiam</span> <span class='ocrx_word' id='word_1_704' title='bbox 1298 2453 1409 2480; x_wconf 86' lang='lat' dir='ltr'>docens</span> <span class='ocrx_word' id='word_1_705' title='bbox 1425 2454 1506 2489; x_wconf 86' lang='lat' dir='ltr'>quod</span> <span class='ocrx_word' id='word_1_706' title='bbox 1531 2462 1589 2481; x_wconf 90' lang='lat' dir='ltr'>non</span> <span class='ocrx_word' id='word_1_707' title='bbox 1613 2456 1745 2490; x_wconf 88' lang='lat' dir='ltr'>oporteat</span> 
     </span>
    </p>
   </div>
   <div class='ocr_carea' id='block_1_105' title="bbox 920 2497 1744 2534">
    <p class='ocr_par' dir='ltr' id='par_1_105' title="bbox 920 2497 1744 2534">
     <span class='ocr_line' id='line_1_105' title="bbox 920 2497 1744 2534; baseline 0 -9"><span class='ocrx_word' id='word_1_708' title='bbox 920 2497 1081 2533; x_wconf 88' lang='lat' dir='ltr'>parabolas</span> <span class='ocrx_word' id='word_1_709' title='bbox 1094 2497 1132 2525; x_wconf 87' lang='lat' dir='ltr'>ab</span> <span class='ocrx_word' id='word_1_710' title='bbox 1146 2497 1269 2525; x_wconf 84' lang='lat' dir='ltr'>verbum</span> <span class='ocrx_word' id='word_1_711' title='bbox 1293 2497 1485 2533; x_wconf 87' lang='lat' dir='ltr'>interpretari,</span> <span class='ocrx_word' id='word_1_712' title='bbox 1501 2500 1533 2526; x_wconf 88' lang='lat' dir='ltr'>ut</span> <span class='ocrx_word' id='word_1_713' title='bbox 1546 2498 1587 2525; x_wconf 85' lang='lat' dir='ltr'>ait</span> <span class='ocrx_word' id='word_1_714' title='bbox 1603 2498 1744 2534; x_wconf 88' lang='lat' dir='ltr'>Chrysos-</span> 
     </span>
    </p>
   </div>
   <div class='ocr_carea' id='block_1_106' title="bbox 920 2541 1743 2576">
    <p class='ocr_par' dir='ltr' id='par_1_106' title="bbox 920 2541 1743 2576">
     <span class='ocr_line' id='line_1_106' title="bbox 920 2541 1743 2576; baseline 0 -6"><span class='ocrx_word' id='word_1_715' title='bbox 920 2544 1032 2575; x_wconf 87' lang='lat' dir='ltr'>tomus,</span> <span class='ocrx_word' id='word_1_716' title='bbox 1058 2542 1110 2570; x_wconf 90' lang='lat' dir='ltr'>sed</span> <span class='ocrx_word' id='word_1_717' title='bbox 1135 2543 1247 2569; x_wconf 86' lang='lat' dir='ltr'>tantum</span> <span class='ocrx_word' id='word_1_718' title='bbox 1260 2541 1289 2569; x_wconf 91' lang='lat' dir='ltr'>in</span> <span class='ocrx_word' id='word_1_719' title='bbox 1306 2541 1377 2569; x_wconf 86' lang='lat' dir='ltr'>locis</span> <span class='ocrx_word' id='word_1_720' title='bbox 1402 2542 1531 2569; x_wconf 82' lang='lat' dir='ltr'>maxime</span> <span class='ocrx_word' id='word_1_721' title='bbox 1559 2542 1743 2576; x_wconf 86' lang='lat' dir='ltr'>necessariis,</span> 
     </span>
    </p>
   </div>
   <div class='ocr_carea' id='block_1_107' title="bbox 920 2586 1743 2624">
    <p class='ocr_par' dir='ltr' id='par_1_107' title="bbox 920 2586 1743 2624">
     <span class='ocr_line' id='line_1_107' title="bbox 920 2586 1743 2624; baseline -0.001 -9"><span class='ocrx_word' id='word_1_722' title='bbox 920 2590 1041 2624; x_wconf 90' lang='lat' dir='ltr'>propter</span> <span class='ocrx_word' id='word_1_723' title='bbox 1055 2595 1122 2623; x_wconf 64' lang='lat' dir='ltr'>quae</span> <span class='ocrx_word' id='word_1_724' title='bbox 1146 2587 1235 2616; x_wconf 92' lang='lat' dir='ltr'>etiam</span> <span class='ocrx_word' id='word_1_725' title='bbox 1258 2588 1459 2615; x_wconf 87' lang='lat' dir='ltr'>assumuntur.</span> <span class='ocrx_word' id='word_1_726' title='bbox 1484 2587 1558 2615; x_wconf 89' lang='lat' dir='ltr'>Nam</span> <span class='ocrx_word' id='word_1_727' title='bbox 1582 2586 1695 2622; x_wconf 79' lang='lat' dir='ltr'>reliqua</span> <span class='ocrx_word' id='word_1_728' title='bbox 1707 2594 1743 2615; x_wconf 91' lang='lat' dir='ltr'>eo</span> 
     </span>
    </p>
   </div>
   <div class='ocr_carea' id='block_1_108' title="bbox 664 2672 1136 2711">
    <p class='ocr_par' dir='ltr' id='par_1_108' title="bbox 664 2672 1136 2711">
     <span class='ocr_line' id='line_1_108' title="bbox 664 2672 1136 2711; baseline 0.011 -6"><span class='ocrx_word' id='word_1_729' title='bbox 664 2672 776 2708; x_wconf 72' lang='lat' dir='ltr'>Variae</span> <span class='ocrx_word' id='word_1_730' title='bbox 795 2673 962 2710; x_wconf 87' lang='lat' dir='ltr'>lectiones</span> <span class='ocrx_word' id='word_1_731' title='bbox 983 2681 1016 2710; x_wconf 91' lang='lat' dir='ltr'>et</span> <span class='ocrx_word' id='word_1_732' title='bbox 1037 2680 1136 2711; x_wconf 75' lang='lat' dir='ltr'>notae.</span> 
     </span>
    </p>
   </div>
   <div class='ocr_carea' id='block_1_109' title="bbox 95 2773 713 2844">
    <p class='ocr_par' dir='ltr' id='par_1_109' title="bbox 95 2773 713 2844">
     <span class='ocr_line' id='line_1_109' title="bbox 95 2773 713 2844; baseline 0.019 -44"><span class='ocrx_word' id='word_1_733' title='bbox 95 2773 154 2844; x_wconf 53' lang='lat'>(37;</span> <span class='ocrx_word' id='word_1_734' title='bbox 175 2773 237 2814; x_wconf 74' lang='lat' dir='ltr'>Hoc</span> <span class='ocrx_word' id='word_1_735' title='bbox 250 2776 398 2805; x_wconf 83' lang='lat' dir='ltr'>exciderat</span> <span class='ocrx_word' id='word_1_736' title='bbox 410 2777 440 2806; x_wconf 91' lang='lat' dir='ltr'>in</span> <span class='ocrx_word' id='word_1_737' title='bbox 456 2779 557 2808; x_wconf 87' lang='lat' dir='ltr'>codice</span> <span class='ocrx_word' id='word_1_738' title='bbox 570 2782 713 2811; x_wconf 88' lang='lat' dir='ltr'>Hentenii.</span> 
     </span>
     <span class='ocr_line' id='line_1_110' title="bbox 95 2809 713 2844; baseline 0.015 -9"><span class='ocrx_word' id='word_1_739' title='bbox 95 2810 138 2842; x_wconf 84' lang='grc'>[38</span> <span class='ocrx_word' id='word_1_740' title='bbox 170 2809 218 2837; x_wconf 79' lang='lat' dir='ltr'>Bis</span> <span class='ocrx_word' id='word_1_741' title='bbox 237 2810 295 2839; x_wconf 90' lang='lat' dir='ltr'>hoc</span> <span class='ocrx_word' id='word_1_742' title='bbox 318 2811 384 2841; x_wconf 90' lang='lat' dir='ltr'>loco</span> <span class='ocrx_word' id='word_1_743' title='bbox 399 2813 575 2844; x_wconf 83' lang='grc' dir='ltr'>κληρονομεῖν.</span> <span class='ocrx_word' id='word_1_744' title='bbox 601 2825 654 2844; x_wconf 83' lang='lat' dir='ltr'>Dm</span> <span class='ocrx_word' id='word_1_745' title='bbox 675 2819 713 2844; x_wconf 67' lang='grc' dir='ltr'>κλπ</span> 
     </span>
    </p>
   </div>
   <div class='ocr_carea' id='block_1_110' title="bbox 93 2809 857 2858">
    <p class='ocr_par' dir='ltr' id='par_1_110' title="bbox 93 2809 857 2858">
     <span class='ocr_line' id='line_1_111' title="bbox 93 2809 857 2858; baseline 0.016 -22"><span class='ocrx_word' id='word_1_746' title='bbox 93 2809 165 2858; x_wconf 61' lang='grc' dir='ltr'><em>ς</em></span> <span class='ocrx_word' id='word_1_747' title='bbox 303 2811 575 2858; x_wconf 32' lang='lat' dir='ltr'>Jhic?3almae}:opepe,</span> <span class='ocrx_word' id='word_1_748' title='bbox 600 2809 857 2858; x_wconf 58' lang='grc' dir='ltr'>ρΓδ-κλῇρονομίαν,</span> 
     </span>
    </p>
   </div>
   <div class='ocr_carea' id='block_1_111' title="bbox 60 2844 609 2881">
    <p class='ocr_par' dir='ltr' id='par_1_111' title="bbox 60 2844 609 2881">
     <span class='ocr_line' id='line_1_112' title="bbox 60 2844 609 2881; baseline 0.016 -9"><span class='ocrx_word' id='word_1_749' title='bbox 60 2844 245 2875; x_wconf 83' lang='lat' dir='ltr'>duriuscule.</span> <span class='ocrx_word' id='word_1_750' title='bbox 262 2847 320 2876; x_wconf 92' lang='lat' dir='ltr'>Sed</span> <span class='ocrx_word' id='word_1_751' title='bbox 333 2848 407 2877; x_wconf 89' lang='lat' dir='ltr'>nihil</span> <span class='ocrx_word' id='word_1_752' title='bbox 424 2844 609 2881; x_wconf 59' lang='lat' dir='ltr'>tentandum:</span> 
     </span>
    </p>
   </div>
   <div class='ocr_carea' id='block_1_112' title="bbox 966 2786 1353 2822">
    <p class='ocr_par' dir='ltr' id='par_1_112' title="bbox 966 2786 1353 2822">
     <span class='ocr_line' id='line_1_113' title="bbox 966 2786 1353 2822; baseline 0.003 -8"><span class='ocrx_word' id='word_1_753' title='bbox 966 2786 1011 2821; x_wconf 86' lang='lat'>39)</span> <span class='ocrx_word' id='word_1_754' title='bbox 1022 2788 1104 2815; x_wconf 88' lang='lat' dir='ltr'>Tom.</span> <span class='ocrx_word' id='word_1_755' title='bbox 1126 2787 1182 2819; x_wconf 91' lang='lat' dir='ltr'>VII,</span> <span class='ocrx_word' id='word_1_756' title='bbox 1199 2795 1229 2822; x_wconf 89' lang='lat' dir='ltr'>p.</span> <span class='ocrx_word' id='word_1_757' title='bbox 1249 2787 1312 2815; x_wconf 72' lang='grc'>487.</span> <span class='ocrx_word' id='word_1_758' title='bbox 1323 2789 1353 2815; x_wconf 88' lang='grc' dir='ltr'>Ε.</span> 
     </span>
    </p>
   </div>
   <div class='ocr_carea' id='block_1_113' title="bbox 951 2787 1269 2859">
    <p class='ocr_par' dir='ltr' id='par_1_113' title="bbox 951 2787 1269 2859">
     <span class='ocr_line' id='line_1_114' title="bbox 966 2787 1269 2822; baseline 0 -8"><span class='ocrx_word' id='word_1_759' title='bbox 966 2787 1011 2821; x_wconf 83' lang='grc'>39)</span> <span class='ocrx_word' id='word_1_760' title='bbox 1022 2788 1104 2815; x_wconf 88' lang='lat' dir='ltr'>Tom.</span> <span class='ocrx_word' id='word_1_761' title='bbox 1126 2787 1182 2819; x_wconf 91' lang='lat' dir='ltr'>VII,</span> <span class='ocrx_word' id='word_1_762' title='bbox 1199 2795 1229 2822; x_wconf 89' lang='lat' dir='ltr'>p.</span> <span class='ocrx_word' id='word_1_763' title='bbox 1249 2787 1269 2814; x_wconf 60' lang='grc' dir='ltr'><strong><em>ΔΑ</em></strong></span> 
     </span>
     <span class='ocr_line' id='line_1_115' title="bbox 951 2787 1269 2859; baseline 0 -9"><span class='ocrx_word' id='word_1_764' title='bbox 951 2787 1007 2859; x_wconf 64' lang='grc' dir='ltr'>έιο)</span> <span class='ocrx_word' id='word_1_765' title='bbox 1020 2822 1224 2858; x_wconf 74' lang='grc' dir='ltr'>’Δνάγκαιότατα</span> <span class='ocrx_word' id='word_1_766' title='bbox 1238 2825 1269 2850; x_wconf 81' lang='grc' dir='ltr'>Α.</span> 
     </span>
    </p>
   </div>
  </div>
