4176 6458
600 364 702 421 415

1913 359 2262 417 EUTHYMII
2299 359 2631 418 ZIGABENI

3841 359 3976 416 416

597 489 829 543 tantum
859 484 978 540 ﬁne
998 484 1218 555 pariter
1245 483 1561 552 adduntur,
1594 488 1660 540 ut
1700 487 1836 556 apte
1861 483 2240 554 efﬁngantur.

2351 486 2385 537 ἆ
2466 490 2554 538 καὶ
2613 482 3120 558 παραλαμϐάνονται.
3195 482 3370 537 Τάλλα
3429 484 3554 556 γὰρ,
3625 479 3720 535 διὰ
3790 487 3970 555 μόνον

597 579 712 631 Nec
736 574 863 644 jam
905 579 1072 629 vacat
1111 572 1387 644 periculo,
1419 572 1600 629 etiam
1640 573 1768 629 haec
1825 574 2052 629 curiose
2085 589 2243 630 scru-

597 663 733 720 tari.

665 839 826 893 Vers.
856 841 945 892 40.
971 836 1217 893 Sicut—
1248 837 1444 907 huius.
1477 838 1564 908 H-
1614 837 1831 893 Deinde
1881 837 2042 902 dicit,
2093 853 2248 910 quo-

595 927 780 984 modo
816 926 948 982 erit.

667 1016 827 1070 Vers.
859 1016 946 1070 41.
979 1014 1171 1070 Μὶιίει
1200 1043 1262 1054 -
1295 1013 1688 1084 iniquitatem.
1750 1015 2017 1083 Regnum
2069 1029 2246 1070 suum

594 1111 769 1160 vocat
793 1102 1110 1167 mundum,
1171 1105 1234 1156 ut
1263 1101 1366 1173 qui
1406 1106 1622 1157 natura
1675 1101 1755 1156 illi
1791 1102 2040 1173 imperet
2078 1102 2247 1172 juxta

593 1191 993 1248 divinitatem:
1014 1194 1113 1246 aut
1163 1193 1454 1260 tanquam
1485 1188 1625 1246 data
1650 1189 1762 1244 sibi
1787 1191 2246 1261 omnipotestate

593 1281 654 1336 in
680 1279 827 1336 coelo
858 1285 912 1336 et
941 1280 1001 1334 in
1027 1283 1206 1336 terra.
1244 1277 1615 1334 Offendicula
1639 1293 1796 1347 vero,
1830 1277 2074 1334 eosdem
2105 1279 2247 1336 dicit

591 1383 744 1440 quos
757 1371 812 1424 et
840 1371 1151 1438 operantes
1179 1366 1570 1437 iniquitatem.
1596 1366 1884 1436 Colligent
1910 1371 2111 1423 autem
2143 1382 2245 1424 eos

591 1471 729 1512 cum
749 1455 829 1512 illi
858 1471 930 1511 ex
970 1455 1216 1511 mortuis
1254 1457 1586 1522 resurgant.
1616 1454 1772 1510 Scire
1803 1454 1963 1510 enim
1993 1459 2243 1526 oportet,

590 1543 750 1616 quod
775 1542 954 1598 simul
991 1557 1130 1598 cum
1155 1542 1246 1597 his
1278 1546 1584 1611 resurgant
1622 1545 1679 1596 et
1702 1541 1866 1611 justi.
1900 1544 2111 1598 Verum
2139 1558 2244 1598 an-

591 1636 831 1704 tequam
860 1630 941 1686 illi
978 1630 1349 1701 colligantur,
1391 1629 1698 1700 rapientur
1724 1629 1785 1684 hi
1829 1630 1888 1685 in
1910 1631 2156 1686 nutibus
2182 1631 2243 1687 in

589 1733 908 1775 occursum
960 1717 1193 1774 Domini
1225 1717 1285 1772 in
1333 1732 1464 1781 aere,
1508 1717 1657 1773 sicut
1699 1716 1843 1772 dixit
1890 1717 2108 1774 Paulus
2149 1718 2241 1786 1°;

2351 577 2409 626 τὸ
2453 574 2750 632 πλασθῆναι
2787 575 2980 632 ταύτας
3026 574 3271 641 πιθανῶς,
3323 571 3964 646 συμπαραλαμϐάνοντοιι,

2351 666 2442 714 καὶ
2508 661 2685 714 λοιπὸν
2764 661 2858 714 οὐκ
2919 656 3214 729 ἀκίνδυνον,
3278 662 3337 713 τὸ
3393 665 3482 713 καὶ
3542 668 3710 714 ταῦτα
3781 661 3967 715 πολυ-

2353 757 2689 823 πραγμονείν.

2423 836 2622 912 Ὠσπερ
2654 869 2723 878 -
2753 839 2957 892 τούτου.
2988 833 3114 890 Εἶτα
3145 837 3256 909 (41)
3283 836 3440 908 λέγει,
3476 844 3587 898 πῶς
3610 839 3781 893 ἔσται.

2428 1011 2728 1065 Ἀποστελεῖ
2793 1043 2862 1053 -
2923 1011 3155 1084 ἀνομίαν.
3227 1012 3494 1066 Βασιλείαν
3565 1013 3724 1065 αὐτοῦ
3793 1032 3958 1085 φησι,

2355 1104 2440 1153 τὸν
2485 1107 2698 1172 κόσμον,
2750 1103 2813 1161 ὡς
2861 1103 3012 1172 φύσει
3071 1099 3362 1173 βασιλεύων
3424 1101 3608 1167 αὑτοῦ,
3656 1103 3789 1153 κατὰ
3853 1106 3961 1160 τὴν

2358 1191 2576 1247 θεότητα
2609 1192 2639 1248 ἦ
2686 1193 2775 1240 καὶ
2813 1189 2878 1248 ὡς
2923 1185 3165 1248 δοθείσης
3214 1189 3354 1260 αύτῷ
3403 1192 3582 1251 πάσης
3629 1189 3861 1252 ἔξουσίας
3895 1189 3953 1241 έν

2355 1279 2553 1352 ούρανῷ
2585 1282 2674 1330 καὶ
2711 1276 2794 1329 ἐπὶ
2830 1285 2950 1348 γῆς·
3003 1273 3275 1330 σκάνδαλα
3313 1274 3372 1330 δε
3413 1283 3502 1330 καὶ
3534 1285 3809 1338 ποιοῦντας
3849 1281 3954 1336 τὴν

2356 1364 2590 1437 ἀνομίαν,
2623 1369 2743 1426 τοὺς
2789 1365 2978 1426 αύτούς
3004 1364 3263 1436 ὀνομάζει.
3308 1365 3612 1428 Συλλέξουσι
3652 1362 3712 1419 δὲ
3740 1365 3949 1432 αύτούς,

2355 1453 2679 1516 ἀναστάντας
2728 1453 2782 1506 ἐκ
2825 1463 3012 1528 νεκρῶν
3052 1451 3182 1513 ἤδη.
3228 1458 3343 1526 Χρή
3391 1457 3491 1529 γὰρ
3535 1460 3830 1526 γινώσκειν,
3871 1456 3956 1508 ὅτι

2354 1543 2464 1614 ἅμα
2511 1547 2600 1614 μὶν
2639 1544 2845 1605 τούτοις
2887 1540 3270 1600 ἀναστήσονται
3317 1547 3405 1595 καὶ
3469 1545 3518 1595 οἱ
3566 1539 3787 1596 δίκαιοι.
3841 1546 3951 1617 Πρὸ

2355 1627 2414 1683 δε
2469 1628 2564 1693 τῆς
2618 1630 2869 1701 συλλογῆς
2920 1633 3114 1683 τούτων
3176 1629 3356 1684 ἐκεῖνοι
3403 1634 3492 1703 μὲν
3549 1631 3952 1703 ἁρπαγήσονται

2354 1718 2402 1771 έν
2464 1718 2690 1791 νεφελαις
2757 1719 2827 1780 εἰς
2889 1717 3178 1776 ἀπάντησιν
3245 1725 3337 1771 τοῦ
3412 1723 3604 1793 Κυρίου
3665 1719 3731 1780 εἰς
3796 1722 3943 1793 ἀέρα,

588 1807 675 1862 illi
698 1821 837 1863 vero
867 1805 1150 1862 deorsum
1174 1804 1358 1862 relicti
1386 1805 1564 1876 quasi
1612 1804 1862 1875 indigni,
1896 1805 2243 1876 colligentur

2353 1809 2524 1868 καθὼς
2583 1805 2688 1860 εἶπε
2742 1807 2962 1868 Παῦλοςο
3019 1807 3162 1860 οὗτοι
3215 1803 3295 1874 δε,
3344 1809 3487 1860 κάτω
3541 1807 3940 1879 ἀπολειφθέντες,

587 1899 915 1967 postquam
935 1894 1062 1965 ipse
1115 1893 1511 1951 descenderit.
1568 1891 1637 1950 Et
1683 1894 1948 1964 primum
1998 1894 2245 1966 quidem

591 1982 734 2038 boni
752 1999 819 2037 ac
827 1982 847 2052 j
859 1982 973 2037 usti
985 1981 1558 2052 comprobabuntur,
1573 1980 1792 2037 deinde
1811 1981 1952 2037 mali
1965 1982 2246 2040 condem-

591 2070 918 2125 nabuntur.
958 2072 1094 2125 Post
1121 2069 1234 2124 has
1277 2083 1417 2124 vero
1467 2068 1635 2124 datas
1664 2070 1985 2126 sententias
2046 2071 2244 2142 primo

593 2172 735 2214 sane
750 2160 1088 2228 peccatores
1109 2155 1439 2227 rejicientur
1457 2157 1519 2212 in
1533 2157 1892 2229 supplicium
1909 2162 2197 2214 aeternum
2225 2176 2238 2214 :

595 2243 814 2300 deinde
837 2245 980 2316 justi
1011 2245 1072 2300 in
1107 2245 1288 2301 vitam
1310 2249 1618 2311 mternam,
1655 2246 1804 2303 sicut
1830 2246 1978 2303 dixit
2000 2261 2244 2317 sexage-

598 2334 750 2389 simo
783 2333 976 2404 primo
999 2333 1210 2405 capite.

663 2423 824 2478 Vers.
860 2421 954 2478 4'2.
990 2421 1067 2478 Et
1097 2451 1165 2462 —
1202 2423 1379 2492 ignis.
1415 2421 1526 2478 Per
1573 2437 1634 2478 se
1659 2422 1908 2494 quidem
1973 2423 2237 2492 seminat,

589 2511 915 2567 ostendens
945 2511 1110 2582 quod
1137 2510 1248 2566 sibi
1273 2512 1583 2582 proprium
1615 2515 1704 2566 est
1749 2510 2040 2569 beneﬁcia
2092 2527 2242 2584 prae-

597 2603 749 2655 stare
769 2616 781 2654 :
802 2614 908 2671 per
923 2599 1070 2654 alios
1084 2613 1223 2654 vero
1237 2598 1592 2669 supplicium
1609 2598 1803 2663 infert,
1819 2599 2238 2656 demonstrans

599 2687 764 2759 quod
795 2687 867 2742 sit
893 2702 928 2742 a
947 2701 1007 2742 se
1032 2686 1293 2742 alienum
1324 2686 1561 2757 punire.

664 2777 825 2830 Vers.
855 2775 942 2830 42.
972 2775 1064 2830 Ibi
1114 2805 1182 2815 —
1210 2775 1496 2830 dentium.
1554 2773 1637 2830 Ibi
1677 2774 1737 2829 in
1783 2775 2020 2831 camino
2084 2775 2240 2846 ignis

598 2863 972 2936 sempiterni:
1004 2863 1094 2918 vel
1133 2863 1194 2918 in
1240 2862 1352 2918 illis
1374 2861 1493 2934 tqui
1527 2861 1862 2933 punientur.
1901 2863 2008 2918 Per
2028 2863 2235 2921 ﬂetum

594 2959 795 3010 autem
825 2950 1260 3023 stridoremque
1311 2950 1601 3018 dentium,
1634 2950 2049 3008 vehementem
2071 2952 2237 3009 dolo-

589 3057 715 3097 rem
740 3039 1190 3095 demonstravit.

659 3128 816 3183 Vers.
848 3128 935 3220 43,
977 3128 1159 3220 Tufa
1184 3157 1246 3168 —
1267 3126 1458 3220 patris
1504 3127 1612 3220 sui.
1664 3129 1879 3184 Verum
1906 3143 2051 3220 cum
2086 3133 2228 3186 tunc
2270 3163 2310 3220 Ο

587 3215 852 3273 futurum
879 3216 952 3271 sit
979 3219 1042 3272 ut
1062 3215 1161 3270 Dei
1192 3215 1476 3288 splendor
1502 3215 1632 3271 illos
1659 3216 2003 3282 circumdet,
2035 3218 2238 3290 utique

581 3305 698 3378 ipsi
735 3304 1068 3361 conformes
1090 3309 1262 3359 erunt
1291 3320 1359 3359 ac
1389 3304 1568 3360 divini
1591 3305 1908 3361 reddentur
1940 3323 1953 3372 ;
1985 3307 2053 3377 {et
2099 3322 2238 3362 con-

587 3409 846 3466 sequens
869 3396 975 3458 est,
1012 3397 1071 3447 ut
1094 3391 1215 3448 sole
1243 3392 1676 3464 splendidiores
1702 3393 2053 3450 efﬁciantur.
2084 3397 2240 3460 Quo-

583 3482 767 3538 modo
779 3496 922 3549 ergo
934 3480 1346 3549 dicit,sicutsol
1360 3481 1388 3536 ‘I
1403 3481 1550 3547 Quia
1566 3486 1709 3537 noto
1723 3482 1884 3554 apud
1897 3482 2028 3538 illos
2043 3498 2241 3538 exem-

583 3568 684 3640 plo
715 3570 1001 3625 utendum
1023 3573 1146 3626 erat
1177 3586 1190 3624 :
1224 3584 1333 3625 nec
1359 3569 1692 3642 quidquam
1713 3569 1824 3624 illis
1845 3577 2056 3626 notum
2092 3575 2237 3639 erat,

588 3656 753 3724 quod
789 3660 943 3711 esset
967 3656 1089 3711 sole
1122 3656 1510 3726 splendidius.

653 3744 818 3800 Vers.
844 3744 938 3798 43.
1007 3743 1117 3809 Qui
1142 3775 1209 3786 —
1270 3745 1498 3800 audiat.
1541 3744 1662 3799 Hoc
1693 3743 2023 3814 frequenter
2069 3745 2240 3802 dictis

588 3829 772 3895 addit,
835 3831 1102 3886 excitans
1138 3830 1270 3886 illos
1322 3847 1444 3903 quo
1493 3831 1821 3888 reddantur
1854 3834 2242 3905 prespicatio-

587 3934 701 3976 1'08.

663 4009 819 4064 Vers.
859 4007 951 4064 44.
979 4008 1233 4064 Rursum
1291 4036 1362 4049 —
1417 4006 1608 4064 illum.
1650 4009 1841 4073 Quare
1907 4009 2088 4066 turbis
2117 4026 2241 4067 non

583 4097 996 4171 praesentibus,
1017 4095 1077 4152 in
1111 4095 1412 4168 parabolis
1435 4096 1633 4153 adhuc
1661 4097 2014 4169 loquebatur
2069 4099 2241 4155 disci-

585 4185 735 4256 pulis
762 4186 789 4240 ?
807 4185 955 4252 Quia
981 4185 1205 4242 sciebat
1223 4187 1354 4259 jam
1379 4185 1510 4242 illos
1525 4201 1625 4257 per
1645 4202 1716 4242 ea
1741 4202 1876 4258 quae
1907 4187 2062 4245 dicta
2101 4193 2242 4245 sunt

583 4273 972 4345 sapientiores
993 4274 1249 4342 effectos,
1277 4275 1360 4332 ita
1379 4280 1441 4331 ut
1455 4279 1700 4348 possent
1723 4275 2067 4346 intelligere.
2101 4277 2240 4334 Ideo

581 4362 759 4419 etiam
791 4368 922 4434 post
948 4362 1129 4423 ﬁnem
1153 4363 1568 4435 parabolarum
1596 4368 1678 4420 ait
1703 4365 1787 4420 eis
1821 4381 1833 4420 :
1862 4365 2240 4423 Intellexisti:

582 4449 701 4507 haec
726 4454 927 4508 omnia
955 4451 984 4506 7
1011 4453 1216 4510 dicunt
1250 4454 1301 4508 ei
1332 4468 1344 4506 :
1377 4453 1595 4515 Etiam,
1627 4453 1862 4507 Dom-ine
1892 4456 1958 4507 ιθ.

653 4539 811 4594 Sicut
832 4544 1032 4594 autem
1063 4540 1123 4594 in
1143 4538 1384 4594 duabus
1412 4555 1595 4609 supra
1616 4540 1821 4609 positis
1842 4541 2140 4610 parabolis
2165 4543 2240 4600 de

584 4625 783 4697 sinapi
813 4631 869 4682 et
922 4627 996 4682 de
1050 4628 1360 4691 fermento,
1394 4642 1646 4696 regnum
1673 4627 1959 4684 caelorum
2012 4631 2243 4689 dicebat

581 4713 721 4768 ﬁdei
749 4729 1106 4781 sermonem,
1137 4715 1218 4771 ita
1265 4731 1506 4788 quoque
1531 4716 1587 4771 iu
1642 4717 1771 4773 ista.
1803 4718 2113 4789 Comparat
2142 4737 2238 4776 au-

585 4806 703 4858 tem
732 4801 930 4872 ipsum
965 4802 1242 4860 thesauro
1298 4809 1535 4876 propter
1569 4804 1817 4876 Spiritus
1858 4807 2048 4863 sancti
2095 4807 2243 4864 divi-

590 4889 718 4956 tias,
751 4905 887 4962 qum
910 4890 972 4947 in
1004 4891 1106 4948 illo
1142 4896 1298 4948 sunt.
1343 4893 1501 4963 Ager
1529 4899 1722 4950 autem
1749 4897 1840 4951 est
1891 4895 2154 4951 mundus
2180 4901 2243 4953 ut

587 4979 941 5052 praedictum
969 4984 1077 5037 est.
1111 4981 1264 5038 Scito
1290 4996 1352 5039 er
1370 4997 1445 5052 go
1473 4982 1536 5038 in
1565 4983 1784 5040 mundo
1824 4983 2242 5042 absconditam

591 5081 722 5126 esse
759 5067 941 5126 ﬁdem
975 5085 987 5124 :
1011 5069 1072 5126 in
1105 5069 1219 5126 ﬁde
1244 5085 1385 5128 vero
1409 5069 1642 5128 divitias
1668 5071 1928 5144 spiritus.

661 5247 724 5301 Et
766 5249 977 5303 caetera
1026 5248 1268 5320 quidem
1307 5247 1632 5321 parabolis,
1683 5252 1856 5320 prout
1891 5248 2051 5305 dicta
2107 5256 2242 5309 sunt

661 5396 707 5431 ³⁸
744 5397 767 5451 Ι
795 5396 994 5453 Thess.
1019 5414 1098 5466 1v,
1133 5403 1220 5458 t7.
1345 5400 1388 5436 ¹⁹
1414 5399 1617 5456 Matth.
1651 5415 1774 5466 xm,
1801 5401 1892 5458 51.

2353 1899 2423 1958 ὡς
2466 1895 2684 1960 ἀνάξιοι,
2739 1897 2869 1968 μετά
2918 1899 2976 1948 τό
3006 1897 3265 1949 κατελθεῖν
3315 1895 3469 1948 αὐτὸν
3519 1895 3941 1967 συλλεγήσονται.

2355 1989 2456 2038 Καὶ
2503 1993 2701 2056 πρῶτον
2750 1987 2840 2056 μὲν
2897 1983 3078 2036 έκεῖνοι
3138 1980 3604 2051 δικαιωθήσονται,
3653 1980 3763 2036 εἶτα
3803 1981 3950 2034 οὗτοι

2352 2069 2928 2131 καταδικασθήσονται.
2989 2076 3089 2125 Καὶ
3142 2071 3318 2125 λοιπὸν
3377 2075 3508 2145 μετά
3561 2074 3650 2133 τὰς
3708 2073 3955 2132 τοιαύτας

2354 2160 2654 2232 ἀποφάσεις,
2719 2169 2921 2233 πρῶτον
2969 2163 3058 2232 μὲν
3117 2163 3166 2213 οἱ
3237 2160 3532 2233 ἁμαρτωλοὶ
3581 2159 3956 2213 ἀπελεύσονται

2353 2250 2424 2311 εἰς
2473 2249 2686 2301 κόλασιν
2718 2249 2941 2302 ιιιίωνιον⁹
3004 2247 3115 2302 εἶτα
3163 2252 3210 2302 οἱ
3269 2246 3470 2302 δίκαιοι
3521 2250 3587 2310 εἰς
3642 2250 3782 2310 ζωὴν
3827 2249 3954 2301 αἰώ-

2351 2357 2478 2404 νιον,
2507 2341 2576 2400 ὡς
2601 2336 2648 2389 έν
2678 2346 2750 2407 τῷ
2784 2337 3046 2408 ἑξηκοστῷ
3077 2343 3262 2412 πρώτῳ
3294 2338 3548 2410 κεφαλαίῳ
3583 2343 3729 2403 φησί.

2423 2431 2524 2479 Καὶ
2557 2457 2626 2466 -
2674 2430 2855 2498 πυρός.
2909 2425 2981 2478 Δι’
3031 2426 3215 2479 ἑαυτοῦ
3263 2429 3352 2497 μὶν
3401 2431 3619 2500 σπείρει.
3672 2423 3952 2492 δεικνύων,

2350 2516 2429 2568 ὅτι
2458 2515 2641 2567 οἰκεῖον
2671 2515 2830 2566 αὐτοῦ
2860 2517 2918 2566 τὸ
2949 2514 3242 2588 εὐεργετεῖν·
3289 2511 3364 2567 δι’
3394 2514 3572 2588 ἑτέρων
3620 2511 3679 2568 δὲ
3711 2513 3949 2583 κολάζει,

2349 2611 2646 2677 παριστών,
2675 2603 2755 2655 ὅτι
2785 2601 3046 2675 ἀλλότριον
3073 2602 3233 2655 αὐτοῦ
3259 2606 3321 2655 τὸ
3352 2602 3606 2664 κολάζειν.

2425 2778 2556 2831 Ἐκεῖ
2595 2808 2663 2818 -
2709 2775 2954 2847 ὀδόντων,
3014 2779 3166 2844 Ἐκεῖ,
3217 2777 3266 2830 έν
3319 2786 3381 2850 τῇ
3440 2782 3641 2850 καμίνῳ
3686 2785 3776 2831 τοῦ
3825 2777 3950 2830 αἰω-

2352 2871 2462 2919 νίου
2491 2870 2668 2939 πυρός’
2716 2867 2746 2925 ἦ
2794 2865 2841 2918 ἐν
2885 2866 3081 2926 αὐτοῖς.
3131 2869 3225 2919 Διά
3269 2864 3328 2920 δε
3380 2875 3472 2919 τοῦ
3528 2866 3796 2938 κλαυθμοῦ
3854 2871 3949 2920 καὶ

2351 2963 2443 3008 τοῦ
2494 2954 2737 3030 βρυγμού
2788 2963 2886 3006 τῶν
2936 2951 3180 3022 ὀδόντων,
3232 2959 3326 3014 τήν
3376 2957 3565 3028 ἄφατον
3610 2951 3800 3013 ὀδύνην
3847 2954 3948 3008 ένέο

2351 3063 2493 3115 φηνε.

2418 3137 2544 3185 Τότε
2572 3162 2635 3172 -
2669 3139 2759 3183 τοῦ
2789 3134 2987 3203 πατρὸς
3012 3131 3199 3186 αὐτῶν.
3230 3137 3331 3185 Καὶ
3358 3136 3481 3203 μὴν,
3519 3140 3611 3192 τῆς
3641 3130 3822 3203 αἴγλης
3852 3137 3946 3183 τοῦ

2351 3228 2482 3274 Θεοῦ
2524 3224 2636 3273 τότε
2677 3219 3080 3294 προσϐαλούσης
3132 3220 3323 3285 αὐτοῖς,
3355 3227 3768 3292 μετατυποῠνται
3813 3221 3948 3292 πρὸς

2349 3309 2530 3376 αὐτὴν,
2584 3313 2672 3361 καὶ
2735 3307 2978 3370 θεοειδεῖς
3029 3313 3277 3380 γίνονται,
3335 3314 3425 3360 καὶ
3486 3308 3763 3361 ἀκόλουθόν
3809 3307 3941 3374 ἐστι,

2346 3396 2692 3472 λαμπρότερον
2721 3397 2870 3456 ἡλίου
2901 3397 3118 3469 λάμπειν
3149 3397 3356 3458 αύτούς.
3394 3404 3509 3458 Πῶς
3541 3395 3629 3449 οὖν
3661 3416 3837 3469 φησιν,
3872 3398 3945 3457 ὡς

2348 3487 2374 3538 ὁ
2405 3487 2582 3551 ἧλιος;
2615 3491 2754 3538 Διότι
2796 3491 3040 3559 γνωρίμῳ
3078 3489 3204 3560 πρὸς
3251 3485 3437 3546 αύτούς
3480 3482 3587 3537 ἔδει
3629 3486 3944 3558 χρήσασθαι

2346 3571 2754 3648 παραδείγματι.
2791 3574 2902 3626 Ούκ
2933 3571 2992 3632 ἧν
3027 3570 3084 3626 diu
3131 3571 3280 3627 οὐδὲν
3319 3581 3419 3625 τῶν
3448 3577 3716 3646 γνωρίμων
3764 3572 3945 3633 αὐτοῖς

2348 3662 2496 3720 ἡλίου
2524 3662 2898 3736 λαμπρότερον.

2417 3750 2476 3803 Ὀ
2506 3781 2573 3791 —
2601 3749 2850 3804 ἀκουέτω.
2883 3756 3047 3803 Τοῦτο
3080 3748 3326 3811 πολλάκις
3365 3746 3600 3818 ἐπιλέγει,
3639 3745 3936 3818 παροξύνων

2351 3838 2538 3900 αύτούς
2563 3839 2629 3899 εἰς
2654 3842 2712 3891 τό
2740 3839 2978 3909 γίνεσθαι
3006 3834 3040 3890 δ
3046 3839 3487 3911 ιορατικωτὶρους.

2423 4012 2580 4065 nam»
2609 4045 2674 4054 —
2705 4011 2908 4067 ἐκεῖνον.
2944 4018 3111 4076 Διατί,
3143 4021 3241 4065 τῶν
3281 4013 3450 4084 ὄχλων
3477 4015 3548 4084 μη
3577 4013 3861 4082 παρόντων,
3893 4007 3943 4061 ἓν

2349 4100 2673 4174 παραϐολαῖς
2701 4104 2776 4154 ἔτι
2817 4101 2959 4154 λαλεῖ
3002 4110 3109 4164 τοῖς
3153 4103 3444 4174 μαθηταῖς;
3477 4104 3617 4152 Διότι
3670 4099 3795 4171 ἑγνω
3827 4100 3944 4149 τού-

2349 4210 2470 4251 τους
2513 4195 2833 4263 σοφωτέρους
2862 4187 2967 4249 ἤδη
3009 4194 3310 4262 γενομένους
3353 4188 3452 4241 ἀπὸ
3499 4196 3598 4240 τῶν
3640 4188 3937 4262 εἰρημένων,

2351 4281 2414 4339 ὡς
2442 4284 2531 4330 καὶ
2573 4283 2798 4332 συνιέναι
2829 4276 3107 4332 δύνασθαι.
3152 4282 3238 4330 Διό
3279 4282 3370 4330 καὶ
3398 4278 3528 4347 μετὰ
3575 4279 3632 4328 τὸ
3669 4275 3806 4334 τέλος
3837 4281 3938 4325 τῶν

2351 4366 2651 4438 παραϐολῶν
2696 4367 2831 4438 λέγει
2870 4366 3063 4427 αὐτοῖς’
3114 4371 3370 4424 Συνήκατε
3405 4372 3567 4416 ταῦτα
3605 4366 3815 4428 πάντας
3846 4364 3942 4414 Λέ-

2349 4475 2533 4528 γουσιν
2556 4456 2714 4526 αύτῷ·
2747 4461 2871 4519 Ναὶ,
2903 4457 3076 4528 Κύριε.

2419 4544 2617 4617 Ὠσπερ
2674 4541 2733 4596 δε
2775 4543 2854 4596 ἐπὶ
2906 4552 3004 4595 τῶν
3049 4541 3280 4617 ἀνωτέρω
3327 4545 3565 4612 κειμένων
3625 4537 3720 4592 δύο
3768 4558 3943 4611 παρα-

2351 4633 2530 4700 ϐολῶν,
2595 4641 2687 4685 τοῦ
2730 4651 2782 4684 τε
2849 4633 3104 4692 σινάπεως
3150 4634 3238 4681 καὶ
3291 4637 3381 4689 τῆς
3431 4631 3615 4700 ζύμης,
3670 4626 3946 4699 βασιλείαν

2351 4723 2577 4797 οὐρανῶν
2643 4720 2778 4791 ἔλεγε
2841 4722 2928 4771 τόν
2991 4719 3141 4791 λόγον
3205 4726 3301 4778 τῆς
3357 4721 3599 4776 πίστεως·
3659 4716 3793 4768 οὕτω
3858 4719 3946 4766 καὶ

2353 4809 2434 4863 ἐπὶ
2459 4813 2673 4870 ταύτης.
2711 4807 3007 4868 Ἀπεικάζει
3047 4804 3106 4860 δε
3155 4807 3310 4859 αὐτὸν
3355 4808 3624 4878 θησαυρῷ,
3661 4801 3754 4856 διὰ
3781 4806 3866 4855 τὸν
3896 4801 3944 4854 έν

2352 4899 2491 4968 αὐτῷ
2520 4897 2737 4950 πλοῦτον
2783 4904 2876 4948 τοῦ
2906 4895 3057 4967 ἁγίου
3104 4897 3422 4967 Πνεύματος.
3469 4893 3655 4966 Ἀγρὸς
3699 4888 3759 4944 δέ
3805 4889 3943 4943 ἔστιν

2351 4989 2376 5040 ὁ
2403 4991 2618 5058 κόσμος,
2651 4987 2719 5047 ὡς
2747 4980 3168 5059 προδεδήλωται.
3195 4986 3342 5038 Μάθι
3368 4979 3445 5054 δε,
3478 4983 3556 5035 ὃτι
3585 4979 3632 5032 έν
3659 4985 3731 5050 τῷ
3761 4982 3942 5050 κόσμῳ

2351 5079 2439 5150 μὲν
2468 5079 2750 5149 κέκρυπται
2778 5075 2808 5132 ἡ
2841 5076 3036 5133 πίστις’
3064 5072 3112 5126 ἂν
3141 5080 3203 5146 τῇ
3234 5075 3409 5126 πίστει
3440 5067 3517 5137 δὲ,
3547 5071 3574 5122 ὁ
3600 5067 3823 5128 πλοῦτος
3851 5072 3940 5119 τοῦ

2352 5165 2503 5236 ἁγίου
2537 5163 2650 5236 (4-2)
2680 5164 2998 5235 Πνεύματος.

2423 5257 2524 5307 Καὶ
2550 5254 2618 5305 τὰ
2666 5253 2756 5324 μεν
2803 5249 2933 5304 ἄλλα
2985 5258 3080 5313 τῆς
3128 5248 3423 5323 παραϐολῆς
3475 5246 3551 5312 ἔα,
3601 5247 3774 5306 καθὼς
3806 5262 3941 5319 προ-

1813 5497 2034 5568 Varia
2059 5499 2387 5568 lectiones
2433 5507 2500 5566 et
2523 5506 2726 5565 notae.

665 5609 777 5682 (41)
805 5611 936 5668 Haec
958 5612 1298 5670 exciderant
1326 5614 1388 5671 in
1417 5613 1684 5672 versione
1716 5614 2000 5672 Hentenii.

2428 5615 2542 5689 (42)
2572 5613 2753 5688 Ἁγίου
2784 5613 2957 5673 abest
2982 5614 3050 5671 A.
