4176 6426
198 383 309 445 417

1154 385 1526 445 COMMENT.
1569 385 1638 441 IN
1678 381 2126 442 MATTHIEUM.
2166 416 2232 427 —
2265 384 2426 444 CAP.
2469 386 2615 444 XIII.

3447 395 3552 450 418

202 519 433 586 είρηται.
481 517 662 566 Σκόπει
706 511 783 580 δὲ,
825 521 935 576 πῶς
976 516 1002 565 6
1051 515 1209 586 εὑρὼν
1252 519 1428 564 τοῦτον
1468 515 1554 564 τὸν
1589 511 1801 563 πλουτί-

1926 509 2196 582 relinque.
2245 512 2566 568 Considera
2599 518 2794 569 autem
2822 515 3130 586 quomodo
3179 516 3225 570 is
3260 519 3363 588 qui
3393 519 3554 576 hunc

201 603 364 663 ζοντα
405 604 690 674 θησαυρόν,
724 605 912 666 εἶτουν,
944 604 968 653 6
1005 601 1241 672 ἐπιγνούς
1275 601 1450 664 αὐτόν,
1490 597 1800 659 σπουδάζει·

198 698 356 743 τοῦτο
418 693 518 762 γὰρ
575 689 804 762 ἐμφαίνει
859 693 939 754 τό,
1007 689 1237 760 ’Υπάγει,
1305 694 1394 740 καὶ
1451 691 1582 759 μετὰ
1637 694 1806 762 χαρᾶς

199 783 394 844 πάντα,
442 782 540 830 ὅσα
583 780 716 849 ἔχει,
761 778 937 843 πωλεῖ,
985 780 1066 828 ἱνα
1117 782 1266 848 μόνον
1314 773 1550 850 κερδήσῃ
1605 783 1805 826 τοῦτον·

198 873 292 920 καὶ
332 869 503 933 σύνες,
544 868 624 918 ὃτι
664 863 913 918 διδάσκει
950 865 1144 927 πάντας
1188 867 1216 923 ἡ
1260 868 1473 921 τοιαύτη
1516 863 1805 936 παραϐολὴ,

201 962 272 1030 μὴ
315 961 475 1028 μόνον
510 960 579 1027 μὴ
620 955 897 1007 λυπεῖσθαι
935 958 1262 1029 προίεμένους
1301 956 1425 1027 ὑπὲρ
1461 962 1558 1014 τῆς
1591 957 1809 1012 πίστεως

200 1049 394 1111 πάντα,
467 1044 569 1096 ὃσα
625 1046 866 1115 ἔχουσιν,
919 1041 1045 1094 ἀλλὰ
1103 1047 1192 1094 καὶ
1246 1045 1376 1114 μετὰ
1434 1048 1604 1114 χαρᾶς
1659 1049 1808 1092 τοῦτο

204 1140 389 1199 ποιεῖν,
455 1137 546 1184 καὶ
610 1137 704 1189 την
758 1131 1015 1190 ἀποϐολήν
1081 1134 1273 1189 ταύτην
1330 1127 1511 1202 κέρδος
1565 1131 1811 1201 ἡγεῖσθαι

203 1227 476 1296 μέγιστον·
528 1225 617 1272 καὶ
665 1222 746 1272 ὃτι
789 1222 814 1272 6
867 1225 937 1291 μὴ
990 1219 1287 1272 ἀποϐαλλων
1329 1219 1484 1286 αὐτὰ,
1532 1223 1622 1270 καὶ
1662 1220 1688 1270 ό
1740 1222 1806 1275 ui)

206 1314 330 1383 μετὰ
358 1315 548 1383 χαρᾶς
592 1308 913 1373 ἀποϐάλλων,
947 1308 1004 1360 ού
1051 1305 1267 1360 δύναται
1300 1303 1559 1380 κερδῆσαι
1593 1310 1679 1358 τὸν
1718 1314 1812 1366 τῆς

205 1406 435 1459 πίστεως
483 1400 771 1473 θησαυρόν.
815 1399 990 1449 Πάντα
1023 1393 1104 1465 δε,
1149 1401 1248 1448 ὅσα
1289 1415 1363 1456 τις
1394 1398 1527 1466 ἔχει,
1557 1402 1809 1462 νοοῦνται,

207 1493 287 1540 καὶ
341 1490 417 1539 τὰ
477 1489 526 1538 ἐν
580 1488 734 1560 ἔργῳ,
789 1490 879 1538 καὶ
937 1484 984 1536 ἐν
1037 1483 1196 1556 λόγῳ,
1256 1489 1344 1536 καὶ
1399 1488 1534 1536 κατὰ
1578 1481 1812 1536 διάνοιαν

211 1578 586 1650 ἁμαρτήματα,
659 1575 788 1648 άπερ
861 1575 1044 1646 ὁμοίως
1120 1577 1226 1645 χρὴ
1286 1572 1488 1640 πωλεῖν,
1560 1573 1585 1624 ὃ
1651 1570 1808 1640 ἐστιν,

219 1665 573 1718 ὲκεκτᾶσθαι.

1914 598 2196 654 ditantem
2231 599 2574 655 thesaurum
2619 603 2855 672 reperit,
2907 603 3025 656 sive
3057 605 3336 672 cognovit
3363 605 3553 674 illum,

1917 686 2174 742 studiose
2200 693 2450 743 conatur
2481 691 2646 758 (nam
2690 689 2802 744 hoc
2832 691 3057 746 indicat
3112 693 3275 762 quod
3327 693 3557 760 dicitur,

1915 774 2099 842 Abit),
2130 789 2267 829 cum
2323 776 2543 844 gaudio
2579 784 2791 832 cuncta
2847 793 2978 848 qua:
3030 779 3211 835 habet
3269 781 3558 847 distrahit,

1918 866 1981 915 ut
2009 861 2168 918 hunc
2199 863 2393 918 solum
2424 863 2768 920 lucrifaciat.
2793 869 2855 920 Et
2882 867 3138 937 intellige
3168 869 3330 940 quod
3356 887 3564 927 omnes

1918 951 2131 1005 doceat
2157 951 2500 1022 hujusmodi
2527 953 2834 1023 parabola,
2853 970 2972 1009 non
2999 957 3192 1012 solum
3219 973 3291 1012 ne
3353 961 3566 1016 contri-

1919 1042 2147 1093 stentur
2158 1038 2403 1110 abjectis
2423 1041 2544 1098 sive
2558 1043 2813 1110 erogatis
2826 1044 3106 1100 omnibus
3119 1061 3250 1117 qua:
3264 1049 3568 1118 possident

1919 1142 2049 1198 pro,
2080 1126 2197 1182 ﬁde
2225 1127 2329 1183 sed
2361 1129 2538 1185 etiam
2565 1138 2622 1184 ut
2651 1146 2784 1186 cum
2824 1133 3044 1201 gaudio
3079 1133 3189 1189 hoc
3243 1135 3481 1201 faciant,
3513 1145 3568 1194 et

1918 1215 2074 1272 hanc
2098 1216 2489 1286 abjectionem
2517 1218 2639 1274 sive
2666 1219 3078 1291 amissionem,
3099 1222 3331 1280 lucrum
3345 1225 3569 1284 ducant

1919 1304 2284 1364 maximum:
2318 1306 2663 1378 quodqueis
2689 1309 2790 1380 qui
2815 1314 2916 1365 aut
2937 1309 3035 1366 illa
3049 1326 3168 1366 non
3196 1315 3437 1384 respuit,
3466 1321 3572 1372 aut

1920 1406 2042 1447 non
2055 1408 2193 1447 cum
2208 1394 2430 1462 gaudio
2445 1395 2693 1466 respuit:
2713 1411 2832 1452 non
2847 1404 3042 1469 potest
3065 1398 3200 1456 ﬁdei
3225 1400 3569 1459 lucrifacere

1920 1481 2288 1537 thesaurum.
2313 1483 2377 1538 In
2409 1483 2690 1539 omnibus
2722 1490 2921 1542 autem
2952 1503 3086 1559 quas
3133 1489 3332 1555 habet,
3366 1491 3569 1548 intelli-

1921 1573 2138 1638 guntur
2176 1586 2304 1640 quae
2357 1571 2417 1625 in
2459 1587 2634 1642 opere
2686 1588 2756 1628 ac
2803 1589 3096 1638 sermone,
3150 1582 3210 1632 et
3257 1579 3317 1633 in
3370 1586 3569 1636 mente

1921 1663 2059 1712 sunt
2079 1667 2321 1729 peccata
2345 1676 2357 1713 :
2387 1661 2587 1716 omnia
2615 1660 2880 1718 similiter
2903 1663 3153 1720 vendere
3175 1671 3427 1736 oportet,
3456 1669 3569 1724 hoc

1921 1750 2034 1810 est,
2075 1745 2426 1818 relinquere.

272 1841 444 1894 Πάλιν
493 1870 564 1880 --
616 1839 788 1893 αὐτόν.
833 1838 1104 1891 Βασιλεὶαν
1142 1846 1239 1890 τῶν
1288 1838 1534 1912 οὐρανῶν,
1588 1837 1810 1912 ἰὸιοτρό-

1993 1835 2154 1890 Vers.
2180 1836 2502 1891 45.1terum
2517 1867 2582 1875 —
2617 1853 2768 1892 vers.
2787 1839 2873 1892 46.
2896 1839 3082 1896 illam.
3109 1842 3379 1912 Regnum
3394 1844 3570 1900 caelo-

212 1951 308 1993 πως
367 1930 600 1982 ἐνταῦθα
641 1935 873 2000 νοοῦμεν,
929 1932 1022 1985 τὴν
1073 1926 1348 1998 ἐπιθυμίαν
1397 1935 1491 1987 τῆς
1539 1925 1814 1998 βασιλείας

208 2030 298 2072 τῶν
352 2019 613 2093 οὐρανῶν·
672 2021 762 2069 καὶ
813 2018 1080 2090 ἄνθρωπον
1137 2019 1226 2088 μὲν
1283 2016 1445 2074 αὐτὴν
1494 2015 1607 2086 (43)
1657 2013 1812 2081 εἶπεν,

206 2112 266 2168 ὡς
312 2108 360 2160 ἐν
423 2105 682 2180 ἀνθρώπῳ
736 2104 1061 2179 ἐνεργοῦσαν·
1117 2107 1338 2177 ἔμπορον
1394 2101 1472 2168 δὲ,
1529 2106 1596 2165 ὡς
1654 2124 1816 2176 πραγ-

205 2200 564 2270 ματευομένην
629 2199 720 2252 τὴν
790 2190 930 2246 ἰδίαν
993 2198 1275 2264 σωτηρίαν.
1339 2191 1475 2265 Ὀρα
1548 2195 1672 2266 γὰρ,
1736 2195 1813 2245 ὅτι

206 2289 439 2359 εὑροῦσα
483 2284 572 2336 ἕνα
602 2282 886 2354 πολύτιμον
933 2286 1285 2356 μαργαρίτην,
1325 2283 1378 2342 ὃς
1416 2280 1556 2333 ἐστιν
1604 2283 1629 2332 6
1670 2281 1815 2351 λόγος

203 2383 297 2436 τῆς
342 2378 592 2432 πίστεως·
640 2373 665 2422 6
707 2372 779 2432 εἷς
817 2374 927 2442 μὲν,
961 2367 1053 2423 διά
1090 2375 1147 2422 τό
1181 2377 1307 2422 εἶναι
1345 2374 1468 2441 μίαν
1508 2375 1601 2428 τὴν
1647 2369 1810 2429 ἀληθῆ

203 2469 413 2530 πίστιν,
447 2467 538 2513 καὶ
584 2457 676 2512 διὰ
718 2463 776 2512 τὸ
821 2463 891 2531 μὴ
938 2456 1068 2512 εἶναι
1113 2467 1344 2511 τοιοῦτον
1391 2458 1565 2510 ἄλλον·
1607 2459 1812 2511 πολύτι-

203 2574 299 2626 μος
351 2549 437 2616 δὲ,
480 2552 550 2611 ὡς
597 2551 732 2601 κατά
779 2547 908 2600 πολύ
949 2552 1141 2620 τίμιος,
1196 2549 1305 2618 [καὶ
1337 2548 1446 2619 (44)
1498 2550 1566 2609 ὡς
1611 2547 1816 2610 πολλοῖς

205 2646 270 2692 ὧν
316 2637 548 2711 τίμιος,]
592 2634 801 2695 δηλαδή
846 2643 954 2697 τοῖς
995 2634 1193 2688 εἰδόσιν
1242 2636 1412 2688 αὐτόν·
1465 2636 1737 2707 Ἀπῆλθεν,
1790 2639 1816 2689 ὃ

205 2726 366 2787 δηλοῖ
422 2732 521 2785 τὴν
575 2721 836 2790 σπουδὴν,
899 2731 988 2778 καὶ
1045 2725 1376 2783 ἁπεκτήσατο
1439 2725 1630 2795 πάντα,
1681 2728 1814 2779 ὅσων

206 2817 450 2876 ἀπήλαυε
481 2818 745 2888 πρότερον,
769 2819 860 2867 καὶ
889 2813 1141 2873 ἐκτήσατο
1170 2821 1350 2867 τοῦτον
1376 2818 1548 2886 μόνον,

275 2997 348 3047 Αἱ
407 2989 510 3045 δύο
559 2988 617 3044 δὲ
673 2992 830 3044 αὗται
884 2991 1177 3066 παραϐολαὶ
1234 2993 1302 3044 τίι
1359 2990 1514 3043 πλείω
1573 2989 1816 3053 ἀλλήλαις

206 3089 461 3146 ἐοικυῖαι,
520 3079 733 3154 βραχέα
784 3077 1143 3154 διαφέρουσιν,
1192 3081 1272 3133 ὅτι
1316 3080 1346 3137 ἡ
1394 3082 1482 3151 μεν
1528 3081 1812 3155 θησαυρὸν,

1921 1938 2078 1985 rum,
2107 1923 2345 1994 proprie
2381 1924 2764 1996 intelligimus
2793 1926 3156 1985 desiderium
3201 1932 3365 2000 regni
3397 1933 3569 1988 cmlo-

1920 2027 2056 2068 rum
2088 2017 2143 2067 et
2172 2012 2479 2068 hominem
2509 2014 2743 2082 quidem
2785 2015 2930 2070 illud
2960 2017 3254 2088 apellavit,
3298 2037 3368 2076 eo
3406 2022 3572 2094 quod

1922 2100 1981 2155 in
2034 2101 2279 2156 homine
2317 2109 2620 2172 operatur.
2701 2104 3135 2175 Negotiatorem
3207 2124 3364 2174 vero,
3427 2112 3573 2182 quia

1923 2189 2229 2260 propriam
2259 2190 2594 2258 negotiatur
2619 2191 2887 2247 salutem.
2922 2194 3060 2249 Vide
3087 2196 3245 2251 enim
3278 2198 3442 2268 quod
3471 2198 3572 2253 ubi

1921 2277 2148 2333 invenit
2178 2293 2360 2333 unam
2413 2279 2734 2350 pretiosam
2788 2284 3196 2352 margaritam,
3231 2300 3573 2342 sermonem

1923 2365 2194 2422 videlicet
2241 2366 2418 2424 ﬁdei:
2507 2367 2608 2438 qui
2691 2383 2845 2423 unus
2912 2375 2998 2425 est
3077 2377 3320 2443 propter
3389 2389 3572 2430 unam

1923 2453 2060 2509 ﬁdei
2073 2455 2400 2520 veritatem,
2415 2456 2559 2527 quia
2579 2455 2774 2511 nullus
2789 2457 2940 2512 alius
2968 2464 3055 2512 est
3075 2459 3451 2530 hujusmodi;
3477 2482 3571 2514 πο-

1923 2542 2134 2616 λύτιμος
2157 2548 2376 2608 autem,
2407 2544 2467 2598 id
2498 2550 2601 2608 est,
2635 2547 2953 2615 pretiosus,
2982 2547 3124 2619 quia
3181 2549 3348 2605 multi
3381 2551 3566 2621 pretii,

1924 2636 1977 2688 et
2007 2632 2152 2704 quia
2183 2632 2380 2687 multis
2411 2632 2798 2696 honorabilis,
2831 2636 2935 2706 qui
2982 2636 3258 2693 videlicet
3285 2638 3441 2694 illum
3468 2656 3572 2696 co-

1923 2727 2281 2790 gnoverunt:
2298 2720 2457 2784 Abit,
2473 2721 2634 2792 quod
2657 2721 3029 2793 diligentiam
3048 2741 3117 2780 ac
3130 2725 3571 2785 festinationem

1923 2808 2282 2876 manifestat,
2310 2813 2365 2865 et
2403 2809 2681 2881 relinquit
2712 2811 2918 2868 omnia
2963 2813 3182 2884 quibus
3210 2820 3387 2872 antea
3416 2817 3573 2873 frue-

1921 2898 2114 2962 batur,
2144 2913 2402 2970 eumque
2433 2897 2625 2954 solum
2658 2899 3020 2970 adipiscitur.

1997 2987 2125 3042 Haec
2141 2987 2486 3042 autemdum
2506 2987 2806 3058 parabolae
2827 2990 2889 3044 in
2916 2991 3117 3047 multis
3147 2992 3403 3049 invicem
3436 3000 3574 3051 sunt

1925 3074 2193 3129 similes:
2244 3080 2301 3130 et
2341 3073 2600 3130 breviter
2628 3077 2686 3130 in
2727 3077 2838 3132 hoc
2889 3079 3018 3134 solo
3076 3080 3376 3146 differunt,
3405 3083 3572 3154 quod

206 3174 235 3229 ἡ
288 3168 354 3224 δὲ
402 3174 741 3244 μαργαρίτην
789 3168 1030 3240 ὀνομάζει
1076 3172 1162 3221 τόν
1217 3167 1368 3239 λόγον
1415 3176 1510 3228 τῆς
1560 3173 1805 3228 πίστεως.

1926 3161 2177 3218 illaﬁdei
2194 3178 2528 3218 sermonem
2545 3163 2891 3220 thesaurum
2909 3167 3184 3237 vocabat,
3207 3169 3335 3224 haec
3367 3176 3572 3226 autem

205 3260 412 3331 Ὠσπερ
470 3257 572 3331 ἆρα
619 3261 709 3309 καὶ
761 3258 816 3308 αἱ
870 3261 970 3330 πρὸ
1023 3260 1216 3309 τούτων
1268 3253 1364 3309 δύο
1415 3255 1726 3330 παραϐολαὶ,
1781 3258 1811 3314 ἡ

207 3354 294 3422 μὲν
327 3352 524 3400 κόκκον
567 3348 840 3410 σινάπεως,
884 3347 913 3403 ἡ
963 3343 1021 3398 δε
1053 3346 1222 3418 ζύμην
1259 3345 1415 3397 αύτόν
1447 3344 1671 3400 ἐκάλεσε.
1716 3349 1816 3397 Καὶ

206 3440 450 3509 καθάπερ
510 3431 605 3487 διὰ
660 3442 757 3486 τῶν
803 3430 899 3486 δύο
956 3433 1156 3486 ἐκείνων
1208 3431 1466 3492 ἐδήλωσεν
1513 3434 1538 3484 6
1586 3434 1817 3504 Χριστὸς

207 3534 300 3586 τήν
363 3525 590 3586 αὔξησιν
634 3527 720 3574 καὶ
771 3526 864 3580 τὴν
916 3522 1074 3594 ἰσχύν
1128 3531 1221 3584 τῆς
1260 3526 1500 3581 πίστεως·
1546 3522 1680 3573 οὕτω
1727 3525 1816 3572 καὶ

209 3612 301 3666 διὰ
331 3622 438 3665 τῶν
492 3608 590 3664 δύο
637 3614 830 3663 τούτων
868 3610 1040 3677 πάλιν,
1090 3613 1176 3662 τόν
1214 3610 1432 3664 πλοῦτον
1461 3614 1549 3663 καὶ
1583 3613 1639 3662 τό
1678 3609 1815 3672 ἐξαί-

208 3723 352 3776 ρετον
404 3701 598 3762 αὐτῆς.
662 3699 813 3762 Αὔξει
864 3702 952 3771 μεν
1005 3701 1128 3772 γὰρ,
1185 3703 1254 3761 ὡς
1311 3704 1500 3761 κόκκος
1544 3701 1810 3760 σινάπεως·

213 3793 397 3864 ἰσχύει
455 3786 536 3854 δὲ,
595 3791 664 3850 ὡς
722 3791 879 3860 ζύμη·
939 3787 1207 3846 πλουτίζει
1273 3785 1350 3854 δὲ,
1400 3790 1469 3848 ὡς
1529 3789 1810 3860 θησαυρὸς·

211 3880 476 3952 ἐξαίρετος
541 3873 600 3929 δέ
661 3875 820 3941 ἐστιν,
896 3879 959 3936 ὡς
1022 3873 1404 3950 διαφορώτατος
1469 3881 1810 3950 μαργαρίτης.

207 3968 387 4020 Τῶλα
455 3968 572 4035 (45)
638 3967 738 4038 γὰρ
805 3972 898 4025 τῆς
956 3963 1251 4037 παραϐολῆς
1309 3965 1366 4016 ού
1419 3969 1813 4037 περιεργαστέον

211 4059 362 4127 ημῖν.
415 4054 530 4107 Ἵνα
584 4049 642 4105 δὲ
690 4057 760 4122 μὴ
815 4051 1078 4126 θαρῥώμεν
1123 4060 1185 4124 τῇ
1245 4058 1419 4104 πίστει
1475 4058 1626 4124 μόνη,
1676 4052 1814 4125 μηδὲ

213 4148 391 4216 ἀρκεῖν
453 4141 615 4198 αύτὴν
672 4141 740 4202 εἰς
800 4146 1061 4214 σωτηρίαν
1117 4141 1423 4212 νομίζωμεν,
1491 4143 1814 4213 προστίθησι

212 4239 301 4285 καὶ
367 4231 542 4300 ἑτέραν
594 4227 916 4303 παραϐολήν,
974 4225 1046 4279 δι’
1110 4228 1173 4288 ἧς
1229 4229 1567 4299 μανθάνομεν,
1623 4232 1702 4281 ὅτι
1755 4229 1813 4281 ού

210 4323 404 4382 πάντες
450 4320 501 4370 οἱ
549 4320 874 4376 πιστεύοντες
930 4317 1206 4386 σώζονται,
1251 4314 1378 4368 ἀλλὰ
1410 4316 1588 4369 πολλοὶ
1625 4321 1814 4370 τούτων

213 4406 533 4461 ἀπόλλυνται
563 4406 695 4476 (46).

280 4496 662 4570 [Μαργαρίτης
704 4489 763 4545 δὲ
809 4497 898 4545 καὶ
941 4493 966 4544 6
1012 4494 1201 4566 Κύριος
1249 4492 1514 4562 κέκληται,
1563 4489 1702 4546 διότι
1743 4502 1815 4566 τῷ

214 4584 367 4656 βυθῷ
414 4592 508 4643 τῆς
555 4584 791 4641 θεότητος
839 4583 1049 4646 ἥνωται,
1105 4584 1194 4632 καὶ
1241 4584 1416 4652 μόνοις
1458 4589 1562 4642 τοῖς
1616 4583 1816 4636 ἁλιεῦσι

214 4678 300 4726 καὶ
327 4680 443 4734 τοῖς
468 4671 636 4722 αὐτῶν
666 4671 922 4741 μαθηταῖς
947 4667 1299 4741 ἐγνώρισται.]

283 4759 451 4814 Πάλιν
514 4789 584 4798 -—
643 4759 1039 4829 συναγαγούσῃ.
1095 4756 1364 4810 Βασιλείαν
1419 4766 1518 4810 τῶν
1584 4758 1813 4834 οὐρανῶν

215 4845 368 4910 αὖθις
420 4848 556 4918 λέγει
611 4849 698 4898 τὸν
748 4845 898 4916 λόγον
955 4853 1046 4904 τῆς
1102 4849 1345 4908 πίστεως·
1411 4846 1678 4901 θάλασσαν
1732 4845 1812 4918 δὲ,

212 4942 298 4990 τὸν
349 4941 568 5008 κόσμον,
619 4931 713 4987 διὰ
768 4937 861 4991 τήν
925 4937 1136 5006 πικρίαν
1192 4937 1281 4985 καὶ
1338 4937 1404 4988 τὰ
1457 4939 1667 5008 κύματα
1716 4947 1814 4990 τῶν

212 5032 539 5101 πειρασμῶν·
607 5029 829 5076 παντοία
894 5017 953 5074 δε
1017 5024 1136 5093 γένη
1207 5021 1426 5094 ἰχθύων,
1484 5027 1552 5078 τὰ
1603 5026 1816 5080 ποικίλα

1925 3250 2333 3319 margaritam:
2372 3250 2521 3305 sicut
2542 3255 2595 3306 et
2625 3250 2880 3307 duarum
2907 3254 3372 3322 praecedentium
3401 3272 3572 3326 para-

1923 3336 2220 3400 bolarum,
2237 3351 2350 3392 una
2368 3335 2610 3408 quidem
2624 3351 2874 3405 granum
2889 3339 3116 3410 sinapis
3128 3340 3293 3395 illum
3309 3343 3571 3413 appella-

1924 3425 2040 3491 bat,
2073 3424 2256 3480 altera
2279 3439 2419 3479 vero
2446 3423 2823 3480 fermentum.
2845 3428 2910 3481 Et
2937 3427 3087 3482 sicut
3116 3443 3222 3499 per
3254 3429 3407 3485 duas
3439 3430 3571 3488 illas

1928 3512 2283 3582 signiﬁcavit
2307 3512 2739 3567 incrementum
2761 3513 2999 3585 vimque
3026 3514 3186 3579 ﬁdei,
3217 3515 3298 3572 ita
3329 3533 3569 3574 rursum

1923 3617 2029 3674 per
2057 3601 2168 3658 has
2192 3601 2362 3666 duas,
2391 3599 2544 3655 illius
2561 3601 2912 3671 signiﬁcavit
2937 3602 3172 3660 divitias
3204 3612 3258 3659 et
3287 3606 3572 3662 excellen-

1922 3691 2084 3747 tiam.
2116 3689 2332 3747 Crescit
2359 3689 2653 3762 siquidem
2679 3691 2852 3762 quasi
2887 3708 3143 3762 granum
3174 3694 3418 3765 sinapis,
3452 3697 3572 3752 vim

1923 3780 2102 3836 habet
2133 3783 2196 3835 ut
2231 3778 2597 3844 fermentum,
2631 3778 2780 3836 ditat
2805 3780 2986 3836 veluti
3039 3782 3354 3839 thesaurus
3383 3799 3405 3839 :
3454 3785 3573 3840 exi-

1924 3868 2045 3925 mia
2065 3873 2152 3924 est
2182 3873 2471 3940 tanquam
2497 3868 2820 3939 margarita
2848 3869 3293 3940 pretiosissima.
3329 3873 3575 3946 Reliqua

1926 3973 2058 4014 vero
2095 3973 2230 4029 quae
2261 3958 2321 4013 in
2351 3957 2643 4029 parabola
2697 3957 3014 4026 habentur,
3049 3975 3168 4015 non
3219 3966 3358 4017 sunt
3405 3963 3574 4018 nobis

1922 4062 2289 4117 magnopere
2320 4047 2605 4102 curanda.
2636 4049 2714 4102 Ne
2733 4053 2932 4102 autem
2955 4047 3028 4102 de
3052 4048 3180 4104 sola
3213 4049 3330 4105 ﬁde
3353 4066 3575 4120 praesu-

1924 4151 2182 4198 mamus,
2216 4139 2318 4190 aut
2349 4135 2618 4189 sufﬁcere
2660 4151 2795 4189 eam
2835 4135 2911 4189 ad
2953 4136 3206 4190 salutem
3236 4138 3571 4205 credamus,

1922 4223 2160 4280 additet
2183 4222 2364 4278 aliam
2393 4223 2764 4292 parabolam,
2788 4237 2912 4293 qua
2941 4223 3226 4277 discimus
3257 4225 3421 4294 quod
3452 4241 3574 4280 non

1923 4326 2135 4367 omnes
2158 4309 2264 4380 qui
2286 4311 2534 4366 credunt
2559 4309 2702 4366 salvi
2727 4310 2896 4378 ﬁunt,
2924 4309 3028 4365 sed
3061 4310 3226 4365 multi
3251 4326 3458 4368 eorum
3477 4328 3576 4384 pe-

1923 4403 2095 4456 reunt
2121 4417 2134 4465 ;
2167 4398 2246 4455 ait
2269 4398 2430 4454 enim
2465 4413 2477 4452 ε

1994 4491 2035 4558 -ι-
2061 4487 2376 4558 Margarita
2403 4486 2580 4542 etiam
2613 4485 2898 4543 Dominus
2929 4485 3257 4558 appellatus
3287 4490 3392 4558 est,
3426 4489 3575 4561 quia

1924 4576 2246 4632 divinitatis
2268 4575 2655 4649 profunditati
2682 4575 2900 4642 unitus,
2925 4579 2980 4632 et
3008 4574 3150 4632 solis
3173 4576 3574 4648 piscatoribus

1925 4667 2167 4738 suisque
2196 4665 2502 4738 discipulis
2529 4665 2798 4734 cognitus
2838 4669 2944 4720 est.

1992 4757 2156 4812 Vers.
2178 4757 2268 4811 47.
2300 4757 2562 4812 Rursum
2583 4785 2650 4794 -
2670 4754 3074 4824 congreganti.
3105 4756 3371 4826 Regnum
3399 4757 3574 4813 coelo-

1922 4860 2056 4901 rum
2119 4846 2328 4901 iterum
2392 4847 2566 4900 vocat
2609 4843 2742 4898 ﬁdei
2794 4859 3169 4910 sermonem;
3223 4860 3388 4900 mare
3431 4863 3573 4903 vero

1923 4935 2476 5005 mundum,propter
2489 4932 2955 4989 amaritudinem
2974 4932 3287 5005 undasque
3306 4936 3574 4992 tentatio—

1925 5041 2093 5082 num.
2120 5022 2482 5081 Omnimoda
2496 5025 2696 5081 autem
2712 5022 2967 5095 piscium
2981 5037 3196 5093 genera
3218 5026 3378 5088 sunt,
3403 5025 3571 5080 variae

1444 5200 1670 5274 Variae
1701 5203 2028 5275 lectiones
2071 5213 2136 5273 et
2175 5212 2377 5271 notas.

306 5402 402 5459 43l
443 5400 607 5456 Δύτόν
640 5400 700 5456 Β.

307 5469 400 5530 443
441 5472 681 5529 Inclua
707 5469 928 5528 absunt
956 5471 1033 5529 A.

304 5543 399 5603 «£53
439 5549 545 5600 Μὶν
566 5543 736 5601 addit
757 5547 824 5598 Α.

284 5612 401 5692 (46)
437 5616 617 5673 Addit
631 5615 819 5673 codex
843 5619 908 5671 Α.
935 5618 1074 5673 Φησὶ
1090 5616 1210 5687 γάρ.
1234 5613 1375 5680 Quae
1396 5616 1594 5672 autem
1617 5613 1712 5670 hic
1733 5612 1817 5671 in-

1927 5398 2092 5455 clusa
2118 5401 2274 5470 sunt,
2320 5413 2392 5454 ea
2418 5397 2601 5470 paulo
2659 5398 2796 5470 ante
2843 5394 3031 5470 habet
3079 5396 3142 5470 in
3170 5411 3365 5467 marg.
3425 5397 3565 5456 Φησὶ

1923 5471 2028 5599 zz;
2055 5469 2223 5598 adigit
2258 5467 2439 5526 etiam
2457 5469 2806 5528 Hentenius.
2829 5467 3221 5543 Conjungitur
3251 5482 3393 5541 ergo
3423 5484 3565 5528 cum

2032 5557 2082 5598 s.
2187 5577 2204 5596 .
