4176 6432
607 329 628 384 1
666 386 772 441 419

1980 378 2331 438 EUTHYMlI
2371 375 2701 440 ZlGABENl

3916 385 4033 448 420

661 506 1072 564 multitudines
1099 504 1561 560 inhabitantium
1587 503 1648 559 in
1691 519 1760 561 eo
1781 505 2109 571 hominum,
2150 506 2277 562 viro

2413 507 2585 566 πλήθη
2630 517 2729 560 τῶν
2771 506 3175 582 ἐνδιαιτωμένων
3222 511 3362 582 αὐτῷ
3421 511 3724 585 ἀνθρὼπων,
3779 513 4026 589 ἀνδρῶν,

657 613 814 659 rum,
837 594 1173 656 mulierum,
1209 607 1542 664 puerorum,
1576 608 1808 661 senum,
1834 593 2135 659 ccelibum,
2166 611 2302 651 con-

651 686 1024 756 jugatorum,
1054 682 1428 752 aliorumque
1459 679 1762 747 similium,
1789 686 1891 737 aut
1921 682 2101 738 etiam
2132 683 2304 739 diﬂ‘e-

653 773 857 830 rentiaa
887 771 1066 826 variae
1109 770 1396 839 gentium.

723 862 885 917 Vers.
906 860 995 914 48.
1013 860 1180 926 Quod
1201 889 1267 897 —
1284 857 1643 926 adjecerunt.
1660 859 1794 912 Cum
1811 858 2122 930 impletum
2158 860 2299 915 fuis-

657 956 762 1014 set,
780 949 892 1005 hoc
905 947 1472 1019 est,quandoomnes
1494 946 1868 1001 crediderant
1896 964 1907 1000 :
1933 948 2180 1018 quidam
2205 965 2297 1004 vo-

655 1038 913 1104 luntarii,
937 1036 1185 1107 quidam
1220 1041 1419 1089 autem
1437 1050 1559 1089 non
1583 1035 1916 1089 voluntarii.
1952 1037 2132 1090 Littus
2163 1053 2298 1092 vero

655 1127 920 1196 intelligit
944 1126 1142 1181 locum
1175 1125 1233 1179 in
1264 1139 1386 1194 quo
1427 1123 1803 1193 judicaturus
1843 1128 1932 1179 est
1972 1125 2294 1179 Dominus:

655 1216 996 1287 colligentes
1027 1219 1227 1270 autem
1254 1211 1520 1282 angelos.
1564 1211 1742 1266 Porro
1770 1211 1923 1266 bona
1959 1229 2094 1283 quae
2121 1219 2298 1283 capta

653 1311 790 1360 sunt
801 1305 998 1376 justos
1030 1301 1391 1373 signiﬁcant,
1425 1315 1611 1371 prava
1637 1305 1835 1355 autem
1870 1299 2062 1355 malos
2095 1317 2108 1366 ;
2149 1316 2296 1356 vasa

650 1409 793 1450 vero
823 1409 894 1449 ea
917 1409 1052 1464 qua;
1094 1391 1233 1446 solis
1248 1390 1422 1460 justis
1447 1390 1507 1444 in
1537 1388 1937 1444 haereditatem
1971 1394 2103 1443 sunt
2125 1405 2294 1460 repo-

649 1484 781 1541 sita.
816 1482 1064 1552 Reliqua
1093 1484 1294 1536 autem
1341 1479 1520 1548 hujus
1546 1477 1852 1550 parabolae
1882 1476 2150 1533 similiter
2169 1492 2292 1533 non

647 1575 788 1628 sunt
812 1585 1176 1642 magnopere
1201 1569 1484 1624 curanda.

717 1662 888 1716 Vens.
919 1661 1007 1713 49.
1040 1658 1139 1714 Sic
1166 1689 1232 1696 —
1262 1655 1482 1712 saeculi.
1537 1655 1649 1718 Sic,
1687 1655 1838 1710 sicut
1885 1653 2151 1709 dicturus
2177 1658 2288 1710 est.

715 1751 993 1805 Vaas.49.
1031 1747 1297 1802 Eribunt
1322 1776 1387 1784 —
1409 1745 1570 1800 Vers.
1600 1747 1685 1798 50.
1718 1742 2001 1798 dentium.
2027 1742 2213 1814 Atqui
2231 1744 2290 1798 in

2411 607 2688 667 γυναικῶν,
2753 602 2892 663 νέων,
2959 605 3232 672 γερόντων,
3299 599 3533 672 ἀγάμων,
3609 610 4022 676 γεγαμηκότων,

2411 690 2500 737 καὶ
2531 689 2772 738 τοιούτων
2798 686 2982 750 ἄλλων,
3011 689 3040 746 ἦ
3074 693 3162 738 καὶ
3186 690 3250 740 τά
3285 685 3512 762 διάφορα
3540 691 3680 747 ἔθνη.

2479 862 2572 914 ’Ἢν
2609 894 2665 902 -
2703 862 2899 915 ἔϐαλον.
2939 863 3060 916 Ὀτε
3082 864 3380 938 ἐπληρώθη,
3413 870 3701 932 τουτέστιν,
3725 869 3847 921 ὅταν
3891 873 4013 943 (47)

2408 953 2593 1012 πάντες
2641 951 2971 1019 ἐπίστευσαν,
3033 955 3080 1003 οἱ
3136 957 3224 1024 μὲν
3283 954 3499 1023 ἑκόντες,
3557 958 3605 1006 οἱ
3659 953 3718 1008 δὲ
3774 959 4008 1020 ἄκοντες

2408 1039 2640 1108 αἰγιαλὸν
2709 1036 2766 1091 δὲ
2835 1046 2936 1091 νόει
3007 1044 3090 1091 τὸν
3164 1045 3338 1109 τόπον,
3420 1043 3540 1094 ἔνθα
3603 1043 3770 1114 μέλλει
3827 1055 4011 1120 κρῖναι

2407 1128 2431 1176 ὁ
2502 1130 2708 1200 Κύριος·
2791 1127 3129 1198 συλλέγοντας
3215 1125 3293 1195 δὲ,
3380 1134 3496 1190 τοὺς
3563 1129 3832 1201 ἀγγέλους,
3909 1140 4006 1187 καὶ

2404 1215 2535 1266 καλὰ
2577 1219 2666 1286 μὲν
2712 1217 3008 1287 θηράματα,
3062 1220 3184 1278 τοὺς
3229 1213 3483 1278 δικαίους·
3533 1223 3710 1294 σαπρὰ
3753 1217 3831 1289 δε,
3875 1227 4003 1284 τοὺς

2403 1307 2674 1377 πονηρούς·
2748 1303 2932 1374 ἀγγεῖα
3009 1301 3088 1369 δὲ,
3161 1308 3254 1366 τὰς
3335 1305 3828 1381 ἀποκεκληρωμένας
3889 1317 4005 1371 τοῖς

2404 1388 2628 1454 δικαίοις
2671 1395 2850 1464 μονάς.
2902 1393 3074 1445 Τοῖλλα
3121 1389 3179 1446 δε
3225 1403 3315 1455 τῆς
3365 1394 3666 1470 παραϐολῆς
3709 1399 3898 1470 ὁμοίως
3937 1397 4000 1449 οὗ

2400 1480 2942 1554 πολυπραγμονητέον.

2472 1658 2652 1718 Οὕτως
2684 1689 2748 1697 -
2781 1657 2982 1719 αἰῶνος.
3017 1658 3216 1723 Οὕτως,
3249 1661 3319 1719 ὡς
3347 1658 3475 1734 ἐρεῖ.

2469 1746 2848 1808 Ἐξενεύσονται
2902 1778 2970 1788 —-
3019 1743 3260 1801 ὀδόντων.
3329 1752 3429 1800 Καὶ
3482 1751 3604 1820 μὴν,
3663 1748 3710 1800 ἐν
3763 1757 3832 1820 τῷ
3882 1751 3984 1813 ἑξη-

645 1837 1017 1908 sexagesimo
1095 1835 1292 1906 primo
1370 1833 1562 1904 capite
1619 1831 1700 1887 ait
1765 1831 1908 1902 ripse
1990 1832 2282 1902 separabit

2399 1844 2572 1903 κοστῷ
2637 1841 2824 1904 πρώτῳ
2881 1835 3138 1906 κεφαλαίῳ
3215 1841 3391 1906 φησιν,
3448 1841 3525 1888 ὅτι
3579 1836 3728 1897 αὐτὸς
3791 1838 3990 1911 ἀφοριεῖ

645 1942 748 1982 eos
779 1942 815 1980 a
845 1941 905 1980 se
946 1924 1201 1978 invicem
1258 1924 1330 1976 ³ο.
1394 1921 1548 1986 Quid
1602 1935 1742 1991 ergo
1773 1919 2090 1974 dicendum
2156 1921 2289 1975 est?

647 2014 958 2085 Quodipse
984 2011 1227 2083 quidem
1255 2009 1554 2082 separabit
1580 2024 1681 2064 eos
1712 2024 1820 2063 suo
1846 2025 2019 2078 Jussu
2052 2025 2064 2062 :
2094 2009 2289 2076 angeli

647 2119 787 2158 vero
803 2100 1279 2172 separabunteos
1293 2098 1654 2169 Operatione,
1673 2103 2028 2168 praeceptum
2058 2097 2288 2152 Domini

647 2197 932 2262 tanquam
956 2188 1208 2244 ministri
1232 2191 1638 2258 exsequentes.
1657 2185 1963 2240 Estautem
1983 2201 2282 2256 separare,

643 2279 926 2334 dividere.
976 2277 1124 2342 Quia
1162 2292 1303 2331 vero
1337 2275 1397 2329 in
1440 2274 1558 2328 ﬁne
1601 2272 1903 2345 parabolae
1944 2272 2092 2327 dixit
2120 2273 2285 2344 quod

640 2385 826 2439 prava
855 2366 1014 2422 foras
1068 2365 1426 2435 abjecerunt,
1463 2378 1536 2417 ne
1586 2361 1721 2432 quis
1769 2360 2104 2431 suspicetur
2161 2361 2284 2416 sine

639 2456 901 2528 periculo
957 2471 1085 2510 esse
1133 2451 1427 2523 ejusmodi
1459 2451 1834 2520 ejectioncm,
1865 2449 2284 2520 interpretatur

637 2546 857 2610 dicens,
889 2543 1042 2614 quod
1077 2543 1255 2598 etiam
1276 2539 1505 2595 mittent
1558 2553 1660 2594 eos
1692 2538 1751 2592 in
1778 2538 2082 2593 caminum
2103 2537 2280 2606 ignis,

725 2648 952 2686 caetera.

725 2648 806 2686 ca:
870 2649 896 2686 r
941 2674 952 2686 .

638 2639 694 2689 et
707 2639 875 2775 Veri:
899 2648 998 2773 atii.
1024 2717 1176 2773 Dicit
1216 2747 1273 2756 —
1296 2715 1494 2772 omnia
1516 2715 1544 2770 ?
1571 2715 1711 2780 Qum
1735 2713 2007 2770 videlicet
2024 2713 2083 2768 in
2114 2729 2282 2784 para-

635 2807 790 2864 bolis
848 2806 1188 2862 necessaria
1241 2805 1431 2860 sunt?
1493 2805 1663 2874 Atqui
1710 2802 1933 2857 sciebat
1992 2807 2279 2872 tanquam

638 2899 794 2952 Deus
814 2895 979 2968 quod
1005 2911 1075 2950 ea
1098 2893 1527 2949 intellexerant.
1577 2891 1883 2962 Reliquum
1915 2897 2002 2946 est
2032 2905 2193 2959 ergo,
2220 2894 2284 2946 ut

636 2985 752 3041 hoc
783 3001 948 3040 more
977 2983 1245 3038 humano
1276 2980 1746 3050 interrogaverit.

714 3077 877 3130 Vers.
910 3075 998 3129 51.
1049 3071 1268 3126 Dicunt
1321 3100 1390 3111 —
1419 3071 1576 3124 Vers.
1610 3069 1699 3124 52.
1747 3075 1958 3123 vetera.
1995 3069 2138 3123 Cum
2198 3065 2280 3122 illi

641 3164 992 3222 fassiessent
1008 3177 1067 3215 se
1087 3159 1428 3228 intelligere,
1453 3156 1806 3246 parabolam
1827 3155 2278 3246 subint‘ertquaa
2317 3192 2356 3246 Ο

638 3255 870 3318 doceat,
898 3248 1379 3318 omneslegitime
1405 3247 1630 3318 abipso
1661 3245 1926 3309 edoctos,
1956 3244 2281 3313 intelligen-

637 3341 720 3398 tia
749 3341 1046 3396 ditescere.
1100 3339 1329 3405 Omnis,
1368 3336 1575 3408 inquit,
1609 3333 1806 3390 scriba
1857 3334 1975 3389 sive
2039 3334 2280 3405 sapiens

635 3431 877 3485 edoctus
907 3445 942 3483 a
969 3443 1105 3496 rege
1158 3425 1445 3481 caelorum
1485 3423 1581 3495 qui
1614 3426 1701 3477 est
1753 3421 2036 3491 Christus,
2067 3420 2277 3476 intelli-

633 3518 828 3589 gentia
865 3517 1030 3572 dives
1085 3520 1174 3570 est
1207 3533 1219 3579 ;
1248 3515 1514 3576 edoctus,
1548 3511 1816 3581 inquam,
1879 3511 1956 3566 ab
1984 3526 2055 3565 eo
2095 3510 2278 3580 prius-

631 3623 812 3679 quam
829 3605 1052 3660 scilicet
1080 3602 1318 3659 fallatur
1352 3617 1364 3664 ;
1394 3605 1450 3654 et
1479 3597 1688 3652 similis
1717 3598 1906 3652 factus
1933 3601 2019 3652 est
2048 3595 2276 3651 homini

628 3693 1065 3767 patrifamilias,
1107 3690 1164 3744 id
1195 3694 1301 3754 est,
1357 3686 1534 3750 diviti,
1565 3686 1670 3755 qui
1707 3685 2002 3756 depromit
2031 3684 2275 3755 quando

626 3785 748 3839 vult
776 3783 849 3838 de
880 3782 1156 3836 thesauro
1183 3793 1292 3831 suo
1320 3790 1522 3838 novas,
1543 3779 1887 3842 veteresque
1915 3789 2010 3827 res
2025 3789 2266 3829 aureas.

623 3869 972 3939 Intelligitur
1002 3870 1202 3920 autem
1234 3878 1338 3934 per
1368 3876 1544 3927 nova,
1574 3861 1900 3916 intellectus
1927 3863 2277 3917 NoviTesta—

625 3958 857 4020 menti;
917 3970 1020 4025 per
1074 3958 1273 4007 vetera
1359 3955 1582 4016 autem,
1635 3949 1882 4006 Veteris.
1917 3950 2088 4015 Quod
2142 3966 2274 4006 vero

626 4045 786 4109 dicit,
817 4043 1147 4110 Propterea,
1189 4055 1308 4095 non
1359 4043 1448 4093 est
1478 4053 1637 4093 nunc
1689 4054 1886 4095 causas
1917 4038 2274 4094 redditivum

627 4133 732 4189 sed
763 4130 1231 4194 conﬁmativum,
1265 4128 1325 4183 id
1351 4133 1459 4194 est,
1488 4142 1644 4182 vere.

701 4224 859 4278 Vers.
894 4220 979 4275 53.
1010 4220 1087 4274 Et
1119 4250 1184 4258 —
1213 4219 1371 4272 Vers.
1420 4216 1508 4270 54.
1543 4215 1810 4272 illorum.
1864 4215 2113 4273 Patriam
2143 4218 2272 4287 ejus

621 4317 794 4369 vocat
839 4309 1121 4367 Nazareth
1152 4312 1439 4378 tanquam
1477 4305 1734 4377 patriam
1778 4305 1973 4362 Matris
2005 4306 2160 4377 ejus,
2215 4307 2271 4360 et

620 4401 776 4456 illius
801 4400 904 4472 qui
927 4397 1250 4470 putabatur
1278 4401 1438 4466 pater
1460 4394 1587 4464 ejus
1621 4412 1633 4448 :
1664 4397 1719 4450 et
1750 4398 2039 4466 tanquam
2067 4394 2270 4450 locum

2400 1923 2586 1984 αὐτοὺς
2616 1921 2704 1974 ἀπ’
2734 1922 2984 1980 ἀλλήλων.
3029 1927 3092 1976 Τί
3121 1920 3207 1974 οὖν
3252 1927 3391 1976 ἔστιν
3434 1925 3625 1990 εἰπεῖν;
3659 1924 3779 1977 Ὀτι
3821 1922 3954 1979 αὑτδ
3961 1947 3985 1987 ς

2397 2014 2486 2082 μὲν
2537 2010 2738 2084 ἀφοριεῐ
2780 2012 2968 2072 αὐτούς
3016 2020 3086 2082 τῷ
3135 2014 3524 2086 προστάγματι·
3576 2016 3625 2065 οἱ
3676 2010 3734 2065 δέ
3775 2015 3984 2086 ἄγγελοι

2397 2099 2702 2171 ἀφοριοῦσιν
2763 2101 2951 2160 αὐτοὺς
3001 2109 3061 2172 τῇ
3131 2104 3376 2175 ἐνεργείᾳ,
3434 2105 3491 2152 τὸ
3557 2107 3872 2174 πρόσταγμα
3926 2108 3985 2156 τό

2395 2193 2707 2240 Δεσποτικὸν
2762 2195 2834 2249 ὡς’
2879 2193 3132 2261 ὑπηρέται
3195 2192 3523 2263 πράττοντες.
3585 2191 3875 2266 Ἀφορίζειν
3930 2189 3990 2245 δέ

2394 2275 2506 2328 ἐστι
2547 2281 2604 2328 τὸ
2649 2273 3012 2349 διαχωρίζειν.
3067 2277 3205 2330 Ἐπεὶ
3257 2275 3315 2329 ὁὶ
3363 2278 3409 2329 ἐν
3459 2287 3528 2348 τῷ
3575 2279 3706 2331 τέλει
3752 2277 3847 2342 τῆς
3893 2301 3992 2333 πα-

2390 2364 2614 2438 ραϐολῆς
2670 2362 2822 2430 εἶπεν,
2884 2368 2962 2417 ὅτι
3019 2368 3083 2417 τὰ
3138 2369 3314 2440 σαπρὰ
3369 2366 3464 2428 ἔξω
3521 2366 3717 2432 ἔϐαλον,
3779 2369 3861 2419 ἶνα
3914 2372 3987 2440 μὴ

2391 2454 2621 2526 ὑπολάϐῃ
2652 2474 2746 2517 τις,
2793 2451 3064 2506 ἀκίνδυνον
3111 2453 3240 2506 εἶναι
3280 2459 3371 2513 τὴν
3410 2457 3655 2513 τοιαύτην
3701 2455 3992 2528 ἐξαγωγὴν,

2391 2545 2685 2614 ἡρμήνευσε
2714 2546 2931 2611 ταύτην,
2966 2543 3200 2615 εἰρηκὼς,
3250 2545 3331 2595 ὃτι
3376 2547 3465 2595 καὶ
3511 2542 3764 2616 βαλοῦσιν
3804 2548 3997 2606 αὐτοὺς

2391 2631 2462 2692 εἰς
2487 2636 2578 2688 τὴν
2615 2634 2829 2703 κάμινον
2859 2639 2951 2683 τοῦ
2978 2636 3160 2705 πυρὸς,
3193 2636 3280 2683 καὶ
3309 2633 3372 2683 τά
3401 2631 3542 2694 ἑξῆς.

2459 2724 2613 2789 Λέγει
2644 2751 2710 2759 -—
2754 2723 2962 2785 πάντα;
3007 2722 3084 2772 Τά
3125 2719 3383 2791 ἀναγκαῖα
3427 2717 3636 2779 δηλαδὴ
3684 2730 3782 2773 τῶν
3825 2742 3997 2795 παρα-

2391 2807 2567 2860 ϐολῶν.
2633 2814 2732 2860 Καὶ
2799 2813 2922 2880 μὴν,
2986 2811 3052 2869 ὡς
3111 2811 3240 2868 Θεὸς
3287 2807 3580 2879 ἐγίνωσκεν,
3635 2811 3714 2862 ὄτι
3759 2819 3992 2869 συνῆκαν

2390 2896 2542 2965 αὐτὰ,
2573 2896 2750 2949 λοιπὸν
2780 2893 2888 2963 οὖν,
2921 2899 2988 2959 ὡς
3015 2898 3280 2970 ἄνθρωπος
3304 2905 3457 2950 τοῦτο
3483 2899 3744 2971 ἠρώτησε.

2463 3077 2718 3143 Λέγουσιν
2792 3105 2860 3114 ——
2930 3072 3152 3130 παλαιά.
3236 3073 3697 3145 Ὁμολογησὰντων
3770 3083 3986 3146 γνῶναι,

2389 3158 2523 3230 λέγει
2569 3160 2862 3233 παραϐολήν
2910 3158 3299 3230 διδάσκουσαν,
3332 3164 3411 3214 ὅτι
3449 3165 3634 3223 πάντες
3677 3165 3726 3214 οἱ
3754 3169 3986 3234 γνησίως

2391 3248 2530 3300 αὑτῶ
2593 3251 2994 3320 μαθητευθέντες
3056 3250 3336 3302 πλουτοῦσι
3396 3259 3612 3322 γνῶσιν.
3689 3258 3795 3312 Πᾶς
3859 3255 3984 3326 γὰρ,

2392 3342 2540 3408 φησὶ,
2601 3341 2965 3410 Γραμματεύς.
3033 3342 3174 3402 ἦτοι,
3253 3342 3431 3410 σοφὸς,
3501 3341 3846 3411 μαθητευθεὶς
3912 3349 3985 3411 τῷ

2393 3425 2599 3478 Βασιλεί
2643 3436 2742 3478 τῶν
2792 3427 3040 3500 οὐρανῶν,
3091 3427 3145 3487 ὃς
3199 3425 3339 3478 ἐστιν
3393 3429 3418 3478 ὁ
3468 3431 3719 3501 Χριστὸς,
3779 3427 3988 3480 πλουτεῖ

2386 3523 2600 3584 γνῶσιν.
2656 3517 3008 3576 Μαθητευθεὶς
3058 3512 3116 3568 δὲ
3165 3515 3325 3584 αὐτῷ,
3376 3520 3476 3590 πρὸ
3526 3517 3638 3587 (48)
3691 3524 3782 3568 τοῦ
3837 3536 3984 3588 σοφι-

2391 3604 2580 3659 σθῆναι
2632 3600 2894 3660 δηλονότι.
2954 3608 3052 3656 Καὶ
3109 3606 3266 3656 ἔοικεν
3313 3602 3563 3676 ἀνθρώπῳ
3613 3602 3981 3676 οἰκοδεσπότη,

2386 3695 2642 3759 τουτέστι,
2693 3691 2945 3762 πλουσίῳ,
3002 3693 3148 3752 ὅστις
3196 3691 3443 3756 ἐκϐάλλει,
3496 3693 3574 3742 ὅτε
3621 3689 3884 3762 βούλεται,
3926 3691 3982 3743 ἐκ

2386 3786 2476 3829 τοῦ
2539 3780 2806 3852 θησαυροῦ
2873 3779 3027 3831 αὐτοῦ
3098 3783 3252 3832 καινά
3323 3784 3410 3831 καὶ
3475 3777 3672 3830 παλαιὰ
3739 3781 3968 3851 χρυσία,

2384 3874 2637 3920 Νοοῡνται
2678 3865 2756 3933 δὲ,
2793 3870 2947 3919 καινὰ
2990 3871 3101 3939 μὲν,
3143 3871 3209 3920 τὰ
3255 3876 3348 3930 τῆς
3385 3871 3517 3929 Νέας
3557 3868 3817 3928 Διαθηκης
3862 3871 3980 3924 νοή-

2384 3974 2544 4029 ματα·
2593 3955 2791 4009 παλαιὰ
2826 3952 2905 4023 δὲ,
2947 3959 3013 4008 τὰ
3056 3965 3149 4018 τῆς
3182 3957 3431 4016 Παλαιᾶς.
3463 3961 3533 4008 Τό
3578 3953 3636 4008 δὲ
3676 3957 3770 4008 Διὰ
3806 3962 3980 4022 τοῦτο,

2384 4044 2478 4096 οὐκ
2535 4046 2647 4096 ἔστι
2703 4051 2788 4095 νῦν
2846 4044 3214 4116 αἰτιολογικὸν,
3268 4045 3396 4097 ἁλλὰ
3453 4043 3815 4118 βεϐαιωτικὸν,
3869 4047 3984 4097 ἀντὶ

2381 4139 2497 4199 τοῦ,
2533 4131 2760 4193 Ἀληθῶς
2775 4175 2786 4189 ,

2455 4225 2556 4272 Καὶ
2595 4251 2663 4261 -
2703 4223 2891 4274 αὐτῶν.
2926 4217 3171 4295 Πατρίδα
3208 4220 3366 4273 αὐτοῦ
3403 4219 3559 4291 λέγει,
3593 4223 3686 4278 τὴν
3720 4220 3983 4295 Ναζαρὲτ,

2381 4310 2445 4369 ὡς
2474 4305 2710 4381 πατρίδα
2753 4317 2845 4369 τῆς
2888 4312 3098 4384 Μητρὸς
3150 4309 3311 4362 αὑτοῦ
3358 4313 3448 4361 καὶ
3497 4316 3588 4362 τοῦ
3645 4309 3984 4381 νομιζομένου

2380 4400 2572 4470 πατρὸς
2622 4396 2804 4462 αὐτοῦ,
2853 4403 2941 4449 καὶ
2991 4401 3055 4458 ὡς
3095 4403 3305 4472 τραφεὶς
3337 4396 3384 4448 έν
3431 4397 3586 4469 αὐτῇ.
3632 4401 3768 4455 Φησὶ
3805 4398 3908 4469 γὰρ
3961 4398 3986 4448 ὁ

620 4489 726 4544 ubi
753 4487 1009 4542 nutritus
1049 4490 1186 4540 erat.
1228 4483 1375 4538 Dicit
1419 4483 1578 4538 enim
1608 4483 1794 4539 Lucas
1844 4483 2010 4555 quod
2041 4483 2270 4538 venerit

2389 4491 2611 4550 Λουκᾶς,
2644 4487 2723 4536 ὅτι
2751 4489 2840 4536 καὶ
2879 4483 3026 4542 ἦλθεν
3054 4486 3125 4547 εἰς
3153 4490 3246 4543 τὴν
3276 4487 3537 4557 Ναζαρὲτ,
3575 4485 3636 4536 οὗ
3665 4481 3726 4543 ἧν
3766 4485 3989 4558 τεθραμ-

618 4574 908 4632 Nazareth
932 4573 1030 4628 ubi
1057 4572 1248 4629 fuerat
1270 4571 1518 4626 nutritus
1549 4573 1616 4607 "-
1641 4571 1901 4626 Docebat
1929 4577 2127 4626 autem
2143 4587 2264 4626 eos.

618 4664 779 4732 Quos
802 4662 829 4716 i’
854 4662 966 4717 Eos
998 4659 1265 4716 videlicet
1286 4659 1431 4732 quie
1456 4661 1646 4730 patria
1663 4677 1771 4715 sua
1793 4665 1977 4714 erant.
2007 4660 2262 4716 Causam

615 4770 751 4809 vero
782 4757 1023 4825 propter
1052 4765 1238 4820 quam
1264 4749 1316 4803 in
1349 4765 1662 4820 synagoga
1685 4747 1955 4812 docebat,
1989 4748 2269 4819 praedixi-

615 4859 753 4901 mus
782 4841 843 4896 in
873 4838 1165 4911 principio
1195 4838 1627 4909 quarticapitis.

687 4969 737 5005 ²⁰
774 4965 975 5022 Matth.
1010 4977 1176 5035 χχιιι,
1208 4963 1300 5020 32.
1385 4965 1430 5000 ³1
1463 4962 1601 5016 Luc.
1630 4977 1706 5027 1v,
1747 4965 1829 5017 t6.

2379 4577 2542 4646 μένος.
2578 4569 2866 4625 Ἐδίδασκε
2906 4569 2962 4625 δὲ
3012 4573 3220 4639 αὐτοὺς,
3270 4578 3415 4635 τίνας
3440 4590 3453 4638 ;
3483 4569 3694 4631 Δηλαδή
3735 4575 3853 4632 τοὺς
3891 4580 3990 4635 τῆς

2377 4659 2635 4736 πατρίδος
2674 4661 2852 4717 αὑτοῦ.
2890 4667 2994 4720 Τὴν
3027 4662 3196 4714 αἰτίαν
3228 4658 3306 4728 δὲ,
3355 4660 3427 4713 δι’
3470 4664 3530 4720 ἦν
3576 4660 3626 4712 ἐν
3671 4668 3780 4720 ταῖς
3819 4679 3986 4712 συνα-

2376 4759 2570 4823 γωγαῖς
2622 4747 2888 4816 διδάσκει,
2938 4755 3315 4826 προειρήκαμεν
3356 4748 3403 4802 ἐν
3454 4749 3596 4824 ἀρχῇ
3657 4756 3749 4801 τοῦ
3803 4752 3985 4822 τετάρ-

2377 4847 2469 4892 του
2499 4839 2793 4912 κεφαλαίου.

1831 5113 2046 5183 Variae
2066 5113 2404 5183 lectiones
2447 5124 2512 5182 et
2542 5123 2740 5184 notze.

710 5317 798 5376 47)
833 5323 931 5371 Οτε
961 5316 1027 5370 Α.

833 5323 931 5443 (ἔξ
961 5317 1277 5439 Αἱιθηιθηὶἱ
1340 5380 1841 5461 interpretatione,
1893 5396 2019 5461 quae
2059 5384 2262 5461 tamen

607 5452 852 5515 sensum
890 5471 1013 5513 non
1044 5460 1132 5510 est
1159 5452 1807 5522 assecuta,intelligitur
1837 5452 2065 5524 saltem,
2093 5454 2264 5510 illum

605 5545 849 5604 quoque
879 5530 939 5608 in
970 5524 1310 5608 suo‘codice
1356 5525 1822 5608 reperissearpé.
1863 5525 1932 5606 Si.
1971 5540 2117 5606 ergo
2165 5528 2266 5608 πρό

601 5595 939 5658 ιὶθοθὲεαισίο
970 5595 1383 5668 explicari-him
1425 5595 1536 5659 est,
1587 5595 1756 5668 aliter
1812 5597 1999 5668 accipi
2038 5595 2264 5668 nequit,

604 5688 794 5748 quam
849 5675 968 5745 πρὶν
1047 5664 1378 5741 διδαχθῆναι
1428 5668 1549 5742 παρ’
1607 5665 1887 5742 ἀνθρώπων
1943 5664 2011 5719 τὰ
2069 5664 2267 5739 ἀνθρώ-

2369 5329 2488 5373 ποις
2516 5305 2792 5376 δοκοῦντα,
2839 5308 2948 5361 ἀλλ’
2982 5307 3040 5361 οὐ
3089 5315 3222 5380 Θεῷ.
3270 5310 3389 5364 Hoc
3443 5308 3641 5380 autem
3665 5303 3828 5380 mihi
3867 5304 3988 5362 dis-

2371 5383 2567 5456 plicet.
2593 5375 2788 5456 Malim
2813 5395 2955 5449 ergo
2974 5375 3263 5456 sententia
3284 5375 3786 5456 commodissima
3807 5379 3865 5432 et
3886 5390 3987 5456 eir-

2373 5451 2766 5526 peditissima,
2805 5456 2934 5526 πρὸς
2970 5455 3030 5504 τὸ
3067 5453 3384 5526 σοφισθῆναι
3419 5451 3579 5526 παρὰ.
3599 5455 3686 5501 νοῦ
3722 5454 3982 5526 Χριστοιῇ

2375 5519 2733 5586 Marem-west;
2753 5519 2904 5594 ergo
2929 5539 3051 5580 non
3077 5519 3165 5580 est
3191 5523 3450 5594 edoctus,
3477 5519 3605 5590 sed,
3636 5519 3741 5594 qui
3771 5519 3987 5576 Christi

2379 5594 2585 5652 schola
2615 5601 2671 5652 et
2702 5595 2974 5652 doctrina
3005 5611 3149 5652 usus
3181 5596 3290 5651 est.
