  <div class='ocr_page' id='page_1' title='image "/cluster/home/n/w/nwhite01/storage/ocr_20150623/129/hvd.32044019208511/234.png"; bbox 0 0 4176 6432; ppageno 0'>
   <div class='ocr_carea' id='block_1_1' title="bbox 227 401 3580 466">
    <p class='ocr_par' dir='ltr' id='par_1_1' title="bbox 227 401 3580 466">
     <span class='ocr_line' id='line_1_1' title="bbox 227 401 3580 466; baseline -0 -3"><span class='ocrx_word' id='word_1_1' title='bbox 227 402 324 463; x_wconf 72' lang='grc'><strong>421</strong></span> <span class='ocrx_word' id='word_1_2' title='bbox 1169 405 1536 466; x_wconf 87' lang='lat' dir='ltr'><strong>COMMENT.</strong></span> <span class='ocrx_word' id='word_1_3' title='bbox 1580 407 1649 463; x_wconf 89' lang='lat' dir='ltr'><strong>IN</strong></span> <span class='ocrx_word' id='word_1_4' title='bbox 1687 401 2118 461; x_wconf 60' lang='lat' dir='ltr'><strong>MATTHZEUM.</strong></span> <span class='ocrx_word' id='word_1_5' title='bbox 2161 434 2228 442; x_wconf 93' lang='lat'>—</span> <span class='ocrx_word' id='word_1_6' title='bbox 2267 404 2420 460; x_wconf 86' lang='lat' dir='ltr'><strong>CAP.</strong></span> <span class='ocrx_word' id='word_1_7' title='bbox 2466 403 2608 458; x_wconf 90' lang='lat' dir='ltr'><strong>XIII.</strong></span> <span class='ocrx_word' id='word_1_8' title='bbox 3476 407 3580 463; x_wconf 72' lang='lat'><strong>422</strong></span> 
     </span>
    </p>
   </div>
   <div class='ocr_carea' id='block_1_2' title="bbox 295 525 1944 606">
    <p class='ocr_par' dir='ltr' id='par_1_2' title="bbox 295 529 1896 606">
     <span class='ocr_line' id='line_1_2' title="bbox 295 529 1896 606; baseline -0.001 -23"><span class='ocrx_word' id='word_1_9' title='bbox 295 531 458 584; x_wconf 83' lang='grc' dir='ltr'>Ὠστε</span> <span class='ocrx_word' id='word_1_10' title='bbox 488 563 555 572; x_wconf 94' lang='lat'><strong>—</strong></span> <span class='ocrx_word' id='word_1_11' title='bbox 600 529 861 604; x_wconf 85' lang='grc' dir='ltr'>δυνάμεις.</span> <span class='ocrx_word' id='word_1_12' title='bbox 916 532 975 586; x_wconf 75' lang='grc' dir='ltr'><strong>Ἠ</strong></span> <span class='ocrx_word' id='word_1_13' title='bbox 1031 539 1188 606; x_wconf 84' lang='grc' dir='ltr'>σοφία</span> <span class='ocrx_word' id='word_1_14' title='bbox 1239 542 1338 584; x_wconf 88' lang='grc' dir='ltr'>τῶν</span> <span class='ocrx_word' id='word_1_15' title='bbox 1385 533 1566 604; x_wconf 76' lang='grc' dir='ltr'>λόγων,</span> <span class='ocrx_word' id='word_1_16' title='bbox 1621 536 1709 582; x_wconf 87' lang='grc' dir='ltr'>καὶ</span> <span class='ocrx_word' id='word_1_17' title='bbox 1768 530 1896 582; x_wconf 84' lang='grc' dir='ltr'><strong>αἱΑ</strong></span> 
     </span>
    </p>
   </div>
   <div class='ocr_carea' id='block_1_3' title="bbox 1929 525 3578 606">
    <p class='ocr_par' dir='ltr' id='par_1_3' title="bbox 2001 525 3578 598">
     <span class='ocr_line' id='line_1_3' title="bbox 2001 525 3578 598; baseline 0.003 -17"><span class='ocrx_word' id='word_1_18' title='bbox 2001 529 2154 582; x_wconf 87' lang='lat' dir='ltr'><strong>Vers.</strong></span> <span class='ocrx_word' id='word_1_19' title='bbox 2186 530 2272 581; x_wconf 81' lang='grc'><strong>54.</strong></span> <span class='ocrx_word' id='word_1_20' title='bbox 2306 529 2400 583; x_wconf 87' lang='lat' dir='ltr'><strong>Ita</strong></span> <span class='ocrx_word' id='word_1_21' title='bbox 2426 535 2488 582; x_wconf 86' lang='lat' dir='ltr'><strong>ut</strong></span> <span class='ocrx_word' id='word_1_22' title='bbox 2517 559 2583 567; x_wconf 91' lang='lat'><strong>—</strong></span> <span class='ocrx_word' id='word_1_23' title='bbox 2614 525 2880 582; x_wconf 81' lang='lat' dir='ltr'><strong>virtutes.</strong></span> <span class='ocrx_word' id='word_1_24' title='bbox 2905 525 3207 598; x_wconf 70' lang='lat' dir='ltr'><strong>Sapientia</strong></span> <span class='ocrx_word' id='word_1_25' title='bbox 3235 545 3578 586; x_wconf 83' lang='lat' dir='ltr'><strong>sermonum</strong></span> 
     </span>
    </p>
   </div>
   <div class='ocr_carea' id='block_1_4' title="bbox 229 615 1878 694">
    <p class='ocr_par' dir='ltr' id='par_1_4' title="bbox 229 617 1818 694">
     <span class='ocr_line' id='line_1_4' title="bbox 229 617 1818 694; baseline -0.003 -22"><span class='ocrx_word' id='word_1_26' title='bbox 229 617 474 692; x_wconf 78' lang='grc' dir='ltr'>δυνάμεις</span> <span class='ocrx_word' id='word_1_27' title='bbox 516 628 612 671; x_wconf 84' lang='grc' dir='ltr'>τῶν</span> <span class='ocrx_word' id='word_1_28' title='bbox 641 620 825 691; x_wconf 73' lang='grc' dir='ltr'>λόγων.</span> <span class='ocrx_word' id='word_1_29' title='bbox 876 620 942 674; x_wconf 76' lang='grc' dir='ltr'><em>Ἠ</em></span> <span class='ocrx_word' id='word_1_30' title='bbox 989 619 1232 694; x_wconf 81' lang='grc' dir='ltr'>δυνάμεις</span> <span class='ocrx_word' id='word_1_31' title='bbox 1263 621 1406 673; x_wconf 85' lang='grc' dir='ltr'>καλεῖ</span> <span class='ocrx_word' id='word_1_32' title='bbox 1449 623 1515 672; x_wconf 79' lang='grc' dir='ltr'><strong>τὰ</strong></span> <span class='ocrx_word' id='word_1_33' title='bbox 1560 621 1818 690; x_wconf 82' lang='grc' dir='ltr'>θαύματα.</span> 
     </span>
    </p>
   </div>
   <div class='ocr_carea' id='block_1_5' title="bbox 1930 615 3579 694">
    <p class='ocr_par' dir='ltr' id='par_1_5' title="bbox 1931 615 3579 674">
     <span class='ocr_line' id='line_1_5' title="bbox 1931 615 3579 674; baseline 0.001 -4"><span class='ocrx_word' id='word_1_34' title='bbox 1931 620 1986 670; x_wconf 90' lang='lat' dir='ltr'><strong>et.</strong></span> <span class='ocrx_word' id='word_1_35' title='bbox 2019 615 2257 670; x_wconf 73' lang='lat' dir='ltr'><strong>virtutes</strong></span> <span class='ocrx_word' id='word_1_36' title='bbox 2289 615 2622 670; x_wconf 80' lang='lat' dir='ltr'><strong>verborum.</strong></span> <span class='ocrx_word' id='word_1_37' title='bbox 2658 616 2770 668; x_wconf 89' lang='lat' dir='ltr'><strong>Aut</strong></span> <span class='ocrx_word' id='word_1_38' title='bbox 2800 617 3040 670; x_wconf 79' lang='lat' dir='ltr'><strong>virtutes</strong></span> <span class='ocrx_word' id='word_1_39' title='bbox 3069 620 3243 670; x_wconf 84' lang='lat' dir='ltr'><strong>vocat</strong></span> <span class='ocrx_word' id='word_1_40' title='bbox 3275 616 3579 674; x_wconf 88' lang='lat' dir='ltr'><strong>miracula.</strong></span> 
     </span>
    </p>
   </div>
   <div class='ocr_carea' id='block_1_6' title="bbox 224 703 1873 783">
    <p class='ocr_par' dir='ltr' id='par_1_6' title="bbox 224 709 1821 783">
     <span class='ocr_line' id='line_1_6' title="bbox 224 709 1821 783; baseline -0.002 -24"><span class='ocrx_word' id='word_1_41' title='bbox 224 709 491 768; x_wconf 82' lang='grc' dir='ltr'>Βλέποντες</span> <span class='ocrx_word' id='word_1_42' title='bbox 557 711 658 781; x_wconf 83' lang='grc' dir='ltr'>γὰρ</span> <span class='ocrx_word' id='word_1_43' title='bbox 718 709 873 761; x_wconf 67' lang='grc' dir='ltr'>αὐτόν</span> <span class='ocrx_word' id='word_1_44' title='bbox 941 710 1231 783; x_wconf 67' lang='grc' dir='ltr'>ὑψηλότερα</span> <span class='ocrx_word' id='word_1_45' title='bbox 1294 716 1382 780; x_wconf 79' lang='grc' dir='ltr'>μὲν</span> <span class='ocrx_word' id='word_1_46' title='bbox 1437 713 1526 760; x_wconf 78' lang='grc' dir='ltr'>καὶ</span> <span class='ocrx_word' id='word_1_47' title='bbox 1589 709 1821 758; x_wconf 83' lang='grc' dir='ltr'>πιθανὼ-</span> 
     </span>
    </p>
   </div>
   <div class='ocr_carea' id='block_1_7' title="bbox 1931 703 3580 783">
    <p class='ocr_par' dir='ltr' id='par_1_7' title="bbox 1931 703 3580 777">
     <span class='ocr_line' id='line_1_7' title="bbox 1931 703 3580 777; baseline 0.001 -19"><span class='ocrx_word' id='word_1_48' title='bbox 1931 703 2208 758; x_wconf 89' lang='lat' dir='ltr'><strong>Videntes</strong></span> <span class='ocrx_word' id='word_1_49' title='bbox 2229 704 2387 758; x_wconf 92' lang='lat' dir='ltr'><strong>enim</strong></span> <span class='ocrx_word' id='word_1_50' title='bbox 2407 720 2541 758; x_wconf 91' lang='lat' dir='ltr'><strong>eum</strong></span> <span class='ocrx_word' id='word_1_51' title='bbox 2562 706 2875 763; x_wconf 84' lang='lat' dir='ltr'><strong>docentem</strong></span> <span class='ocrx_word' id='word_1_52' title='bbox 2893 721 3026 777; x_wconf 64' lang='lat' dir='ltr'><strong>quae</strong></span> <span class='ocrx_word' id='word_1_53' title='bbox 3049 704 3373 760; x_wconf 83' lang='lat' dir='ltr'><strong>excelsiora</strong></span> <span class='ocrx_word' id='word_1_54' title='bbox 3394 712 3580 772; x_wconf 89' lang='lat' dir='ltr'><strong>erant,</strong></span> 
     </span>
    </p>
   </div>
   <div class='ocr_carea' id='block_1_8' title="bbox 229 791 1878 871">
    <p class='ocr_par' dir='ltr' id='par_1_8' title="bbox 229 792 1821 871">
     <span class='ocr_line' id='line_1_8' title="bbox 229 792 1821 871; baseline -0.002 -24"><span class='ocrx_word' id='word_1_55' title='bbox 229 815 352 871; x_wconf 88' lang='grc' dir='ltr'>τερα</span> <span class='ocrx_word' id='word_1_56' title='bbox 425 805 521 848; x_wconf 81' lang='grc' dir='ltr'>τῶν</span> <span class='ocrx_word' id='word_1_57' title='bbox 590 796 751 848; x_wconf 82' lang='grc' dir='ltr'>πάλαι</span> <span class='ocrx_word' id='word_1_58' title='bbox 822 797 1140 871; x_wconf 78' lang='grc' dir='ltr'>περιϐοήτων</span> <span class='ocrx_word' id='word_1_59' title='bbox 1209 795 1409 871; x_wconf 81' lang='grc' dir='ltr'>ἀνδρῶν</span> <span class='ocrx_word' id='word_1_60' title='bbox 1475 792 1821 858; x_wconf 73' lang='grc' dir='ltr'><strong>διδάσκοντα,</strong></span> 
     </span>
    </p>
   </div>
   <div class='ocr_carea' id='block_1_9' title="bbox 1936 791 3585 871">
    <p class='ocr_par' dir='ltr' id='par_1_9' title="bbox 1936 791 3585 866">
     <span class='ocr_line' id='line_1_9' title="bbox 1936 791 3585 866; baseline 0.001 -20"><span class='ocrx_word' id='word_1_61' title='bbox 1936 792 2242 861; x_wconf 79' lang='lat' dir='ltr'><strong>magisque</strong></span> <span class='ocrx_word' id='word_1_62' title='bbox 2293 791 2569 863; x_wconf 90' lang='lat' dir='ltr'><strong>apposita</strong></span> <span class='ocrx_word' id='word_1_63' title='bbox 2607 794 2685 848; x_wconf 90' lang='lat' dir='ltr'><strong>ad</strong></span> <span class='ocrx_word' id='word_1_64' title='bbox 2725 793 3211 866; x_wconf 80' lang='lat' dir='ltr'><strong>persuadendum</strong></span> <span class='ocrx_word' id='word_1_65' title='bbox 3241 809 3427 864; x_wconf 90' lang='lat' dir='ltr'><strong>quam</strong></span> <span class='ocrx_word' id='word_1_66' title='bbox 3457 810 3585 865; x_wconf 66' lang='lat' dir='ltr'><strong>quae</strong></span> 
     </span>
    </p>
   </div>
   <div class='ocr_carea' id='block_1_10' title="bbox 225 880 1874 957">
    <p class='ocr_par' dir='ltr' id='par_1_10' title="bbox 225 881 1825 957">
     <span class='ocr_line' id='line_1_10' title="bbox 225 881 1825 957; baseline -0.001 -22"><span class='ocrx_word' id='word_1_67' title='bbox 225 889 439 957; x_wconf 83' lang='grc' dir='ltr'>μείζονα</span> <span class='ocrx_word' id='word_1_68' title='bbox 496 881 555 937; x_wconf 73' lang='grc' dir='ltr'>δὲ</span> <span class='ocrx_word' id='word_1_69' title='bbox 608 888 850 956; x_wconf 84' lang='grc' dir='ltr'>θαύματα</span> <span class='ocrx_word' id='word_1_70' title='bbox 906 895 1170 951; x_wconf 84' lang='grc' dir='ltr'>ποιοῦντα,</span> <span class='ocrx_word' id='word_1_71' title='bbox 1235 891 1323 937; x_wconf 79' lang='grc' dir='ltr'>καὶ</span> <span class='ocrx_word' id='word_1_72' title='bbox 1378 885 1694 956; x_wconf 81' lang='grc' dir='ltr'>ἀγνοοῦντες,</span> <span class='ocrx_word' id='word_1_73' title='bbox 1745 884 1825 934; x_wconf 85' lang='grc' dir='ltr'>ὅτι</span> 
     </span>
    </p>
   </div>
   <div class='ocr_carea' id='block_1_11' title="bbox 1934 880 3583 957">
    <p class='ocr_par' dir='ltr' id='par_1_11' title="bbox 1934 880 3583 952">
     <span class='ocr_line' id='line_1_11' title="bbox 1934 880 3583 952; baseline 0.002 -18"><span class='ocrx_word' id='word_1_74' title='bbox 1934 880 2254 935; x_wconf 83' lang='lat' dir='ltr'><strong>docuerant</strong></span> <span class='ocrx_word' id='word_1_75' title='bbox 2284 881 2390 934; x_wconf 89' lang='lat' dir='ltr'><strong>viri</strong></span> <span class='ocrx_word' id='word_1_76' title='bbox 2415 882 2716 951; x_wconf 84' lang='lat' dir='ltr'><strong>quondam</strong></span> <span class='ocrx_word' id='word_1_77' title='bbox 2745 883 3029 952; x_wconf 84' lang='lat' dir='ltr'><strong>insignes,</strong></span> <span class='ocrx_word' id='word_1_78' title='bbox 3066 880 3375 936; x_wconf 77' lang='lat' dir='ltr'><strong>facientem</strong></span> <span class='ocrx_word' id='word_1_79' title='bbox 3406 883 3583 938; x_wconf 89' lang='lat' dir='ltr'><strong>etiam</strong></span> 
     </span>
    </p>
   </div>
   <div class='ocr_carea' id='block_1_12' title="bbox 225 967 1874 1046">
    <p class='ocr_par' dir='ltr' id='par_1_12' title="bbox 225 970 1824 1046">
     <span class='ocr_line' id='line_1_12' title="bbox 225 970 1824 1046; baseline -0.002 -22"><span class='ocrx_word' id='word_1_80' title='bbox 225 974 385 1034; x_wconf 70' lang='grc' dir='ltr'>αὐτὸς</span> <span class='ocrx_word' id='word_1_81' title='bbox 439 970 498 1030; x_wconf 73' lang='grc' dir='ltr'>ἦν</span> <span class='ocrx_word' id='word_1_82' title='bbox 553 979 710 1045; x_wconf 82' lang='grc' dir='ltr'>σοφία</span> <span class='ocrx_word' id='word_1_83' title='bbox 760 982 893 1027; x_wconf 82' lang='grc' dir='ltr'>Θεοῦ</span> <span class='ocrx_word' id='word_1_84' title='bbox 954 980 1041 1027; x_wconf 84' lang='grc' dir='ltr'>καὶ</span> <span class='ocrx_word' id='word_1_85' title='bbox 1091 972 1333 1046; x_wconf 75' lang='grc' dir='ltr'><strong>δύναμις⁸</strong></span> <span class='ocrx_word' id='word_1_86' title='bbox 1397 972 1688 1044; x_wconf 77' lang='grc' dir='ltr'>ἐθαύμαζον</span> <span class='ocrx_word' id='word_1_87' title='bbox 1736 973 1824 1042; x_wconf 74' lang='grc' dir='ltr'>μὲν</span> 
     </span>
    </p>
   </div>
   <div class='ocr_carea' id='block_1_13' title="bbox 1936 967 3585 1046">
    <p class='ocr_par' dir='ltr' id='par_1_13' title="bbox 1936 967 3585 1040">
     <span class='ocr_line' id='line_1_13' title="bbox 1936 967 3585 1040; baseline 0.003 -18"><span class='ocrx_word' id='word_1_88' title='bbox 1936 968 2166 1038; x_wconf 82' lang='lat' dir='ltr'><strong>majora</strong></span> <span class='ocrx_word' id='word_1_89' title='bbox 2205 967 2508 1033; x_wconf 88' lang='lat' dir='ltr'><strong>miracula,</strong></span> <span class='ocrx_word' id='word_1_90' title='bbox 2551 974 2607 1024; x_wconf 85' lang='lat' dir='ltr'><strong>et</strong></span> <span class='ocrx_word' id='word_1_91' title='bbox 2644 969 2980 1040; x_wconf 76' lang='lat' dir='ltr'><strong>ignorantes</strong></span> <span class='ocrx_word' id='word_1_92' title='bbox 3018 986 3153 1025; x_wconf 91' lang='lat' dir='ltr'><strong>eum</strong></span> <span class='ocrx_word' id='word_1_93' title='bbox 3199 970 3296 1024; x_wconf 90' lang='lat' dir='ltr'><strong>Dei</strong></span> <span class='ocrx_word' id='word_1_94' title='bbox 3329 987 3459 1026; x_wconf 92' lang='lat' dir='ltr'><strong>esse</strong></span> <span class='ocrx_word' id='word_1_95' title='bbox 3498 989 3585 1027; x_wconf 89' lang='lat' dir='ltr'><strong>sa-</strong></span> 
     </span>
    </p>
   </div>
   <div class='ocr_carea' id='block_1_14' title="bbox 223 1056 1872 1134">
    <p class='ocr_par' dir='ltr' id='par_1_14' title="bbox 223 1060 1827 1134">
     <span class='ocr_line' id='line_1_14' title="bbox 223 1060 1827 1134; baseline -0.002 -22"><span class='ocrx_word' id='word_1_96' title='bbox 223 1066 314 1113; x_wconf 87' lang='grc' dir='ltr'>καὶ</span> <span class='ocrx_word' id='word_1_97' title='bbox 362 1065 484 1122; x_wconf 85' lang='grc' dir='ltr'>τούς</span> <span class='ocrx_word' id='word_1_98' title='bbox 526 1061 712 1132; x_wconf 88' lang='grc' dir='ltr'>λόγους</span> <span class='ocrx_word' id='word_1_99' title='bbox 763 1063 923 1114; x_wconf 67' lang='grc' dir='ltr'>αὐτοῦ</span> <span class='ocrx_word' id='word_1_100' title='bbox 977 1069 1066 1115; x_wconf 80' lang='grc' dir='ltr'>καὶ</span> <span class='ocrx_word' id='word_1_101' title='bbox 1119 1067 1182 1115; x_wconf 89' lang='grc' dir='ltr'><strong>τά</strong></span> <span class='ocrx_word' id='word_1_102' title='bbox 1235 1065 1496 1134; x_wconf 88' lang='grc' dir='ltr'>θαύματα·</span> <span class='ocrx_word' id='word_1_103' title='bbox 1555 1061 1626 1121; x_wconf 85' lang='grc' dir='ltr'><strong>εἰς</strong></span> <span class='ocrx_word' id='word_1_104' title='bbox 1673 1060 1827 1111; x_wconf 67' lang='grc' dir='ltr'>αὑτὸν</span> 
     </span>
    </p>
   </div>
   <div class='ocr_carea' id='block_1_15' title="bbox 1936 1056 3585 1134">
    <p class='ocr_par' dir='ltr' id='par_1_15' title="bbox 1936 1056 3585 1130">
     <span class='ocr_line' id='line_1_15' title="bbox 1936 1056 3585 1130; baseline 0.004 -20"><span class='ocrx_word' id='word_1_105' title='bbox 1936 1056 2218 1127; x_wconf 89' lang='lat' dir='ltr'><strong>pientiam</strong></span> <span class='ocrx_word' id='word_1_106' title='bbox 2248 1073 2317 1112; x_wconf 90' lang='lat' dir='ltr'><strong>ac</strong></span> <span class='ocrx_word' id='word_1_107' title='bbox 2345 1057 2636 1122; x_wconf 86' lang='lat' dir='ltr'><strong>virtutem,</strong></span> <span class='ocrx_word' id='word_1_108' title='bbox 2665 1059 3035 1115; x_wconf 85' lang='lat' dir='ltr'><strong>mirabantur</strong></span> <span class='ocrx_word' id='word_1_109' title='bbox 3055 1065 3110 1114; x_wconf 90' lang='lat' dir='ltr'><strong>et</strong></span> <span class='ocrx_word' id='word_1_110' title='bbox 3131 1075 3436 1116; x_wconf 87' lang='lat' dir='ltr'><strong>sermones</strong></span> <span class='ocrx_word' id='word_1_111' title='bbox 3458 1065 3585 1130; x_wconf 88' lang='lat' dir='ltr'><strong>ejus</strong></span> 
     </span>
    </p>
   </div>
   <div class='ocr_carea' id='block_1_16' title="bbox 225 1145 1874 1224">
    <p class='ocr_par' dir='ltr' id='par_1_16' title="bbox 225 1147 1830 1224">
     <span class='ocr_line' id='line_1_16' title="bbox 225 1147 1830 1224; baseline -0.002 -21"><span class='ocrx_word' id='word_1_112' title='bbox 225 1147 305 1216; x_wconf 76' lang='grc' dir='ltr'>δὲ,</span> <span class='ocrx_word' id='word_1_113' title='bbox 338 1153 426 1202; x_wconf 87' lang='grc' dir='ltr'><strong>τόν</strong></span> <span class='ocrx_word' id='word_1_114' title='bbox 454 1158 669 1202; x_wconf 83' lang='grc' dir='ltr'>τοιαῦτα</span> <span class='ocrx_word' id='word_1_115' title='bbox 691 1147 1017 1203; x_wconf 82' lang='grc' dir='ltr'><strong>διδάσκοντα</strong></span> <span class='ocrx_word' id='word_1_116' title='bbox 1041 1157 1129 1204; x_wconf 79' lang='grc' dir='ltr'>καὶ</span> <span class='ocrx_word' id='word_1_117' title='bbox 1153 1159 1616 1224; x_wconf 87' lang='grc' dir='ltr'>τερατουργοῦντα,</span> <span class='ocrx_word' id='word_1_118' title='bbox 1651 1148 1830 1200; x_wconf 74' lang='grc' dir='ltr'>ἐσκαν-</span> 
     </span>
    </p>
   </div>
   <div class='ocr_carea' id='block_1_17' title="bbox 1935 1145 3584 1224">
    <p class='ocr_par' dir='ltr' id='par_1_17' title="bbox 1936 1145 3584 1222">
     <span class='ocr_line' id='line_1_17' title="bbox 1936 1145 3584 1222; baseline 0.004 -23"><span class='ocrx_word' id='word_1_119' title='bbox 1936 1150 1992 1199; x_wconf 89' lang='lat' dir='ltr'><strong>et</strong></span> <span class='ocrx_word' id='word_1_120' title='bbox 2038 1145 2345 1201; x_wconf 88' lang='lat' dir='ltr'><strong>miracula.</strong></span> <span class='ocrx_word' id='word_1_121' title='bbox 2401 1145 2871 1203; x_wconf 77' lang='lat' dir='ltr'><strong>Otfendebantur</strong></span> <span class='ocrx_word' id='word_1_122' title='bbox 2917 1153 3113 1204; x_wconf 90' lang='lat' dir='ltr'><strong>autem</strong></span> <span class='ocrx_word' id='word_1_123' title='bbox 3161 1164 3264 1218; x_wconf 88' lang='lat' dir='ltr'><strong>per</strong></span> <span class='ocrx_word' id='word_1_124' title='bbox 3295 1165 3453 1214; x_wconf 90' lang='lat' dir='ltr'><strong>eum,</strong></span> <span class='ocrx_word' id='word_1_125' title='bbox 3483 1153 3584 1222; x_wconf 90' lang='lat' dir='ltr'><strong>qui</strong></span> 
     </span>
    </p>
   </div>
   <div class='ocr_carea' id='block_1_18' title="bbox 221 1233 1870 1314">
    <p class='ocr_par' dir='ltr' id='par_1_18' title="bbox 221 1235 1831 1314">
     <span class='ocr_line' id='line_1_18' title="bbox 221 1235 1831 1314; baseline -0.002 -22"><span class='ocrx_word' id='word_1_126' title='bbox 221 1235 525 1305; x_wconf 78' lang='grc' dir='ltr'>δαλίζοντο,</span> <span class='ocrx_word' id='word_1_127' title='bbox 561 1236 632 1291; x_wconf 87' lang='grc' dir='ltr'><strong>δι’</strong></span> <span class='ocrx_word' id='word_1_128' title='bbox 684 1236 832 1292; x_wconf 66' lang='grc' dir='ltr'>οὐδὲν</span> <span class='ocrx_word' id='word_1_129' title='bbox 863 1241 1050 1314; x_wconf 81' lang='grc' dir='ltr'>ἓτερον,</span> <span class='ocrx_word' id='word_1_130' title='bbox 1094 1244 1123 1298; x_wconf 84' lang='grc' dir='ltr'>ἧ</span> <span class='ocrx_word' id='word_1_131' title='bbox 1178 1237 1318 1292; x_wconf 82' lang='grc' dir='ltr'><strong>διότι</strong></span> <span class='ocrx_word' id='word_1_132' title='bbox 1359 1244 1541 1312; x_wconf 79' lang='grc' dir='ltr'><strong>γονέων</strong></span> <span class='ocrx_word' id='word_1_133' title='bbox 1588 1235 1649 1297; x_wconf 79' lang='grc' dir='ltr'>ἧν</span> <span class='ocrx_word' id='word_1_134' title='bbox 1699 1237 1831 1290; x_wconf 66' lang='lat' dir='ltr'><strong>r31:-</strong></span> 
     </span>
    </p>
   </div>
   <div class='ocr_carea' id='block_1_19' title="bbox 1936 1233 3585 1314">
    <p class='ocr_par' dir='ltr' id='par_1_19' title="bbox 1937 1233 3585 1306">
     <span class='ocr_line' id='line_1_19' title="bbox 1937 1233 3585 1306; baseline 0.003 -17"><span class='ocrx_word' id='word_1_135' title='bbox 1937 1233 2077 1289; x_wconf 89' lang='lat' dir='ltr'><strong>talia</strong></span> <span class='ocrx_word' id='word_1_136' title='bbox 2126 1233 2363 1288; x_wconf 87' lang='lat' dir='ltr'><strong>doceret</strong></span> <span class='ocrx_word' id='word_1_137' title='bbox 2411 1249 2479 1288; x_wconf 90' lang='lat' dir='ltr'><strong>ac</strong></span> <span class='ocrx_word' id='word_1_138' title='bbox 2511 1236 2799 1292; x_wconf 89' lang='lat' dir='ltr'><strong>miracula</strong></span> <span class='ocrx_word' id='word_1_139' title='bbox 2843 1236 3195 1306; x_wconf 88' lang='lat' dir='ltr'><strong>hujusmodi</strong></span> <span class='ocrx_word' id='word_1_140' title='bbox 3238 1236 3458 1304; x_wconf 91' lang='lat' dir='ltr'><strong>ederet,</strong></span> <span class='ocrx_word' id='word_1_141' title='bbox 3507 1239 3585 1294; x_wconf 94' lang='lat' dir='ltr'><strong>ob</strong></span> 
     </span>
    </p>
   </div>
   <div class='ocr_carea' id='block_1_20' title="bbox 215 1320 1864 1399">
    <p class='ocr_par' dir='ltr' id='par_1_20' title="bbox 215 1326 1828 1399">
     <span class='ocr_line' id='line_1_20' title="bbox 215 1326 1828 1399; baseline -0.001 -20"><span class='ocrx_word' id='word_1_142' title='bbox 215 1326 339 1380; x_wconf 87' lang='grc' dir='ltr'>λῶν.</span> <span class='ocrx_word' id='word_1_143' title='bbox 375 1326 510 1380; x_wconf 86' lang='grc' dir='ltr'>Ἀλλ’</span> <span class='ocrx_word' id='word_1_144' title='bbox 541 1327 692 1387; x_wconf 84' lang='grc' dir='ltr'>ὂντως</span> <span class='ocrx_word' id='word_1_145' title='bbox 739 1327 925 1398; x_wconf 87' lang='grc' dir='ltr'>τυφλὸν</span> <span class='ocrx_word' id='word_1_146' title='bbox 974 1333 1063 1380; x_wconf 83' lang='grc' dir='ltr'>καὶ</span> <span class='ocrx_word' id='word_1_147' title='bbox 1113 1327 1327 1387; x_wconf 80' lang='grc' dir='ltr'>ἀνόητον</span> <span class='ocrx_word' id='word_1_148' title='bbox 1377 1330 1401 1379; x_wconf 89' lang='grc' dir='ltr'><strong>ό</strong></span> <span class='ocrx_word' id='word_1_149' title='bbox 1458 1329 1659 1399; x_wconf 89' lang='grc' dir='ltr'>φθόνος.</span> <span class='ocrx_word' id='word_1_150' title='bbox 1715 1326 1828 1397; x_wconf 83' lang='grc' dir='ltr'><strong>Ἀφ’</strong></span> 
     </span>
    </p>
   </div>
   <div class='ocr_carea' id='block_1_21' title="bbox 1938 1320 3587 1399">
    <p class='ocr_par' dir='ltr' id='par_1_21' title="bbox 1939 1320 3587 1396">
     <span class='ocr_line' id='line_1_21' title="bbox 1939 1320 3587 1396; baseline 0.004 -20"><span class='ocrx_word' id='word_1_151' title='bbox 1939 1320 2095 1376; x_wconf 82' lang='lat' dir='ltr'><strong>aliud</strong></span> <span class='ocrx_word' id='word_1_152' title='bbox 2123 1320 2290 1389; x_wconf 87' lang='lat' dir='ltr'><strong>nihil,</strong></span> <span class='ocrx_word' id='word_1_153' title='bbox 2315 1321 2425 1376; x_wconf 90' lang='lat' dir='ltr'><strong>nisi</strong></span> <span class='ocrx_word' id='word_1_154' title='bbox 2447 1323 2610 1393; x_wconf 92' lang='lat' dir='ltr'><strong>quod</strong></span> <span class='ocrx_word' id='word_1_155' title='bbox 2632 1323 2958 1379; x_wconf 89' lang='lat' dir='ltr'><strong>humilibus</strong></span> <span class='ocrx_word' id='word_1_156' title='bbox 2974 1329 3139 1379; x_wconf 88' lang='lat' dir='ltr'><strong>ortus</strong></span> <span class='ocrx_word' id='word_1_157' title='bbox 3167 1330 3317 1380; x_wconf 85' lang='lat' dir='ltr'><strong>esset</strong></span> <span class='ocrx_word' id='word_1_158' title='bbox 3335 1328 3587 1396; x_wconf 82' lang='lat' dir='ltr'><strong>parenti—</strong></span> 
     </span>
    </p>
   </div>
   <div class='ocr_carea' id='block_1_22' title="bbox 215 1407 1864 1489">
    <p class='ocr_par' dir='ltr' id='par_1_22' title="bbox 215 1412 1836 1489">
     <span class='ocr_line' id='line_1_22' title="bbox 215 1412 1836 1489; baseline -0.001 -23"><span class='ocrx_word' id='word_1_159' title='bbox 215 1416 287 1466; x_wconf 82' lang='grc' dir='ltr'>ὧν</span> <span class='ocrx_word' id='word_1_160' title='bbox 369 1418 474 1488; x_wconf 85' lang='grc' dir='ltr'><strong>γὰρ</strong></span> <span class='ocrx_word' id='word_1_161' title='bbox 549 1412 657 1467; x_wconf 75' lang='grc' dir='ltr'>ἔδει</span> <span class='ocrx_word' id='word_1_162' title='bbox 730 1416 918 1488; x_wconf 86' lang='grc' dir='ltr'>μᾶλλον</span> <span class='ocrx_word' id='word_1_163' title='bbox 986 1417 1293 1487; x_wconf 80' lang='grc' dir='ltr'><strong>θαυμάζειν,</strong></span> <span class='ocrx_word' id='word_1_164' title='bbox 1364 1422 1453 1468; x_wconf 84' lang='grc' dir='ltr'>καὶ</span> <span class='ocrx_word' id='word_1_165' title='bbox 1527 1422 1836 1489; x_wconf 75' lang='grc' dir='ltr'><strong>προσκυνεῖν</strong></span> 
     </span>
    </p>
   </div>
   <div class='ocr_carea' id='block_1_23' title="bbox 1943 1407 3592 1489">
    <p class='ocr_par' dir='ltr' id='par_1_23' title="bbox 1943 1407 3592 1470">
     <span class='ocr_line' id='line_1_23' title="bbox 1943 1407 3592 1470; baseline 0.003 -5"><span class='ocrx_word' id='word_1_166' title='bbox 1943 1407 2079 1466; x_wconf 88' lang='lat' dir='ltr'><strong>bus.</strong></span> <span class='ocrx_word' id='word_1_167' title='bbox 2102 1408 2216 1464; x_wconf 92' lang='lat' dir='ltr'><strong>Sed</strong></span> <span class='ocrx_word' id='word_1_168' title='bbox 2229 1425 2362 1464; x_wconf 89' lang='lat' dir='ltr'><strong>vere</strong></span> <span class='ocrx_word' id='word_1_169' title='bbox 2375 1425 2527 1465; x_wconf 65' lang='lat' dir='ltr'><strong>caeca</strong></span> <span class='ocrx_word' id='word_1_170' title='bbox 2542 1417 2596 1466; x_wconf 92' lang='lat' dir='ltr'><strong>et</strong></span> <span class='ocrx_word' id='word_1_171' title='bbox 2617 1412 2921 1468; x_wconf 88' lang='lat' dir='ltr'><strong>insensata</strong></span> <span class='ocrx_word' id='word_1_172' title='bbox 2945 1429 3034 1468; x_wconf 89' lang='lat' dir='ltr'><strong>res</strong></span> <span class='ocrx_word' id='word_1_173' title='bbox 3057 1418 3145 1467; x_wconf 87' lang='lat' dir='ltr'><strong>est</strong></span> <span class='ocrx_word' id='word_1_174' title='bbox 3165 1413 3405 1469; x_wconf 84' lang='lat' dir='ltr'><strong>invidia.</strong></span> <span class='ocrx_word' id='word_1_175' title='bbox 3429 1415 3592 1470; x_wconf 90' lang='lat' dir='ltr'><strong>Unde</strong></span> 
     </span>
    </p>
   </div>
   <div class='ocr_carea' id='block_1_24' title="bbox 212 1497 1861 1579">
    <p class='ocr_par' dir='ltr' id='par_1_24' title="bbox 212 1504 1830 1579">
     <span class='ocr_line' id='line_1_24' title="bbox 212 1504 1830 1579; baseline -0.001 -23"><span class='ocrx_word' id='word_1_176' title='bbox 212 1504 400 1572; x_wconf 68' lang='grc' dir='ltr'>αὐτόν,</span> <span class='ocrx_word' id='word_1_177' title='bbox 460 1505 539 1556; x_wconf 85' lang='grc' dir='ltr'>ὅτι</span> <span class='ocrx_word' id='word_1_178' title='bbox 583 1507 829 1556; x_wconf 85' lang='grc' dir='ltr'>τοιούτων</span> <span class='ocrx_word' id='word_1_179' title='bbox 873 1509 1061 1576; x_wconf 89' lang='grc' dir='ltr'>γονέων</span> <span class='ocrx_word' id='word_1_180' title='bbox 1104 1513 1336 1567; x_wconf 84' lang='grc' dir='ltr'>τοιοῦτος</span> <span class='ocrx_word' id='word_1_181' title='bbox 1390 1505 1643 1579; x_wconf 80' lang='grc' dir='ltr'><strong>προῆλθεν</strong></span> <span class='ocrx_word' id='word_1_182' title='bbox 1694 1505 1830 1574; x_wconf 86' lang='grc' dir='ltr'>υἱός,</span> 
     </span>
    </p>
   </div>
   <div class='ocr_carea' id='block_1_25' title="bbox 1940 1497 3589 1579">
    <p class='ocr_par' dir='ltr' id='par_1_25' title="bbox 1944 1497 3589 1574">
     <span class='ocr_line' id='line_1_25' title="bbox 1944 1497 3589 1574; baseline 0.003 -20"><span class='ocrx_word' id='word_1_183' title='bbox 1944 1497 2100 1554; x_wconf 90' lang='lat' dir='ltr'><strong>enim</strong></span> <span class='ocrx_word' id='word_1_184' title='bbox 2151 1497 2344 1566; x_wconf 88' lang='lat' dir='ltr'><strong>magis</strong></span> <span class='ocrx_word' id='word_1_185' title='bbox 2391 1498 2674 1555; x_wconf 87' lang='lat' dir='ltr'><strong>admirari</strong></span> <span class='ocrx_word' id='word_1_186' title='bbox 2711 1517 2973 1573; x_wconf 90' lang='lat' dir='ltr'><strong>eumque</strong></span> <span class='ocrx_word' id='word_1_187' title='bbox 3021 1502 3267 1557; x_wconf 90' lang='lat' dir='ltr'><strong>adorare</strong></span> <span class='ocrx_word' id='word_1_188' title='bbox 3318 1505 3589 1574; x_wconf 87' lang='lat' dir='ltr'><strong>Oportuit,</strong></span> 
     </span>
    </p>
   </div>
   <div class='ocr_carea' id='block_1_26' title="bbox 211 1585 1860 1662">
    <p class='ocr_par' dir='ltr' id='par_1_26' title="bbox 211 1589 1318 1654">
     <span class='ocr_line' id='line_1_26' title="bbox 211 1589 1318 1654; baseline 0.004 -10"><span class='ocrx_word' id='word_1_189' title='bbox 211 1592 320 1644; x_wconf 79' lang='grc' dir='ltr'><strong>ἀπὸ</strong></span> <span class='ocrx_word' id='word_1_190' title='bbox 346 1594 542 1645; x_wconf 89' lang='grc' dir='ltr'>τούτων</span> <span class='ocrx_word' id='word_1_191' title='bbox 570 1592 637 1654; x_wconf 88' lang='grc' dir='ltr'><strong>εἰς</strong></span> <span class='ocrx_word' id='word_1_192' title='bbox 664 1593 818 1646; x_wconf 77' lang='grc' dir='ltr'>αὐτὸν</span> <span class='ocrx_word' id='word_1_193' title='bbox 851 1589 1318 1654; x_wconf 80' lang='grc' dir='ltr'>σκανδαλίζονται.</span> 
     </span>
    </p>
   </div>
   <div class='ocr_carea' id='block_1_27' title="bbox 1946 1585 3595 1662">
    <p class='ocr_par' dir='ltr' id='par_1_27' title="bbox 1946 1585 3595 1662">
     <span class='ocr_line' id='line_1_27' title="bbox 1946 1585 3595 1662; baseline 0.005 -22"><span class='ocrx_word' id='word_1_194' title='bbox 1946 1585 2108 1658; x_wconf 88' lang='lat' dir='ltr'><strong>quod</strong></span> <span class='ocrx_word' id='word_1_195' title='bbox 2129 1585 2206 1641; x_wconf 91' lang='lat' dir='ltr'><strong>ab</strong></span> <span class='ocrx_word' id='word_1_196' title='bbox 2228 1586 2525 1656; x_wconf 89' lang='lat' dir='ltr'><strong>ejusmodi</strong></span> <span class='ocrx_word' id='word_1_197' title='bbox 2549 1589 2892 1660; x_wconf 88' lang='lat' dir='ltr'><strong>parentibus</strong></span> <span class='ocrx_word' id='word_1_198' title='bbox 2915 1589 3043 1646; x_wconf 89' lang='lat' dir='ltr'><strong>talis</strong></span> <span class='ocrx_word' id='word_1_199' title='bbox 3071 1590 3414 1662; x_wconf 91' lang='lat' dir='ltr'><strong>progenitus</strong></span> <span class='ocrx_word' id='word_1_200' title='bbox 3445 1600 3595 1649; x_wconf 83' lang='lat' dir='ltr'><strong>esset</strong></span> 
     </span>
    </p>
   </div>
   <div class='ocr_carea' id='block_1_28' title="bbox 1943 1673 3098 1746">
    <p class='ocr_par' dir='ltr' id='par_1_28' title="bbox 1943 1673 3098 1746">
     <span class='ocr_line' id='line_1_28' title="bbox 1943 1673 3098 1746; baseline 0.004 -19"><span class='ocrx_word' id='word_1_201' title='bbox 1943 1673 2121 1743; x_wconf 83' lang='lat' dir='ltr'><strong>filius,</strong></span> <span class='ocrx_word' id='word_1_202' title='bbox 2153 1673 2292 1729; x_wconf 92' lang='lat' dir='ltr'><strong>inde</strong></span> <span class='ocrx_word' id='word_1_203' title='bbox 2323 1691 2421 1746; x_wconf 90' lang='lat' dir='ltr'><strong>per</strong></span> <span class='ocrx_word' id='word_1_204' title='bbox 2451 1692 2587 1730; x_wconf 90' lang='lat' dir='ltr'><strong>eum</strong></span> <span class='ocrx_word' id='word_1_205' title='bbox 2620 1677 3098 1734; x_wconf 80' lang='lat' dir='ltr'><strong>oﬂ&#39;endebantur.</strong></span> 
     </span>
    </p>
   </div>
   <div class='ocr_carea' id='block_1_29' title="bbox 280 1748 1929 1842">
    <p class='ocr_par' dir='ltr' id='par_1_29' title="bbox 280 1767 1801 1841">
     <span class='ocr_line' id='line_1_29' title="bbox 280 1767 1801 1841; baseline 0.001 -20"><span class='ocrx_word' id='word_1_206' title='bbox 280 1767 412 1840; x_wconf 72' lang='grc' dir='ltr'><strong>Οὐχ</strong></span> <span class='ocrx_word' id='word_1_207' title='bbox 467 1767 614 1828; x_wconf 81' lang='grc' dir='ltr'>οὗτος</span> <span class='ocrx_word' id='word_1_208' title='bbox 671 1799 739 1808; x_wconf 91' lang='grc'><strong>-</strong></span> <span class='ocrx_word' id='word_1_209' title='bbox 794 1768 935 1835; x_wconf 84' lang='grc' dir='ltr'>εἰσί;</span> <span class='ocrx_word' id='word_1_210' title='bbox 981 1773 1146 1821; x_wconf 85' lang='grc' dir='ltr'><strong>Ταυτὶ</strong></span> <span class='ocrx_word' id='word_1_211' title='bbox 1214 1771 1385 1820; x_wconf 84' lang='grc' dir='ltr'>πάντα</span> <span class='ocrx_word' id='word_1_212' title='bbox 1437 1769 1552 1819; x_wconf 89' lang='grc' dir='ltr'>κατ’</span> <span class='ocrx_word' id='word_1_213' title='bbox 1635 1770 1801 1841; x_wconf 74' lang='grc' dir='ltr'>ἐρώτη</span> 
     </span>
    </p>
   </div>
   <div class='ocr_carea' id='block_1_30' title="bbox 1946 1748 3595 1842">
    <p class='ocr_par' dir='ltr' id='par_1_30' title="bbox 2015 1764 3595 1842">
     <span class='ocr_line' id='line_1_30' title="bbox 2015 1764 3595 1842; baseline 0.006 -26"><span class='ocrx_word' id='word_1_214' title='bbox 2015 1764 2178 1819; x_wconf 87' lang='lat' dir='ltr'><strong>Vers.</strong></span> <span class='ocrx_word' id='word_1_215' title='bbox 2213 1766 2299 1823; x_wconf 81' lang='lat'><strong>55,</strong></span> <span class='ocrx_word' id='word_1_216' title='bbox 2330 1764 2421 1820; x_wconf 81' lang='grc'><strong>56.</strong></span> <span class='ocrx_word' id='word_1_217' title='bbox 2452 1765 2607 1819; x_wconf 85' lang='lat' dir='ltr'><strong>Num</strong></span> <span class='ocrx_word' id='word_1_218' title='bbox 2636 1765 2732 1822; x_wconf 82' lang='lat' dir='ltr'><strong>hic</strong></span> <span class='ocrx_word' id='word_1_219' title='bbox 2761 1795 2828 1806; x_wconf 95' lang='lat'><strong>—</strong></span> <span class='ocrx_word' id='word_1_220' title='bbox 2864 1773 3003 1821; x_wconf 84' lang='lat' dir='ltr'><strong>sunt</strong></span> <span class='ocrx_word' id='word_1_221' title='bbox 3033 1766 3061 1820; x_wconf 76' lang='lat' dir='ltr'><strong>‘I</strong></span> <span class='ocrx_word' id='word_1_222' title='bbox 3093 1769 3224 1822; x_wconf 56' lang='lat' dir='ltr'><strong>Haec</strong></span> <span class='ocrx_word' id='word_1_223' title='bbox 3255 1768 3461 1824; x_wconf 89' lang='lat' dir='ltr'><strong>omnia</strong></span> <span class='ocrx_word' id='word_1_224' title='bbox 3491 1785 3595 1842; x_wconf 91' lang='lat' dir='ltr'><strong>per</strong></span> 
     </span>
    </p>
   </div>
   <div class='ocr_carea' id='block_1_31' title="bbox 208 1849 1857 1930">
    <p class='ocr_par' dir='ltr' id='par_1_31' title="bbox 208 1855 1835 1930">
     <span class='ocr_line' id='line_1_31' title="bbox 208 1855 1835 1930; baseline -0.002 -21"><span class='ocrx_word' id='word_1_225' title='bbox 208 1878 293 1910; x_wconf 89' lang='grc' dir='ltr'><strong>σιν</strong></span> <span class='ocrx_word' id='word_1_226' title='bbox 370 1855 744 1927; x_wconf 69' lang='grc' dir='ltr'>ἀναγνωστέον.</span> <span class='ocrx_word' id='word_1_227' title='bbox 817 1862 1199 1930; x_wconf 86' lang='grc' dir='ltr'>Λιαποροῦντες</span> <span class='ocrx_word' id='word_1_228' title='bbox 1261 1859 1362 1929; x_wconf 85' lang='grc' dir='ltr'><strong>γάρ</strong></span> <span class='ocrx_word' id='word_1_229' title='bbox 1429 1857 1598 1928; x_wconf 83' lang='grc' dir='ltr'>ἔλεγον</span> <span class='ocrx_word' id='word_1_230' title='bbox 1666 1864 1835 1907; x_wconf 86' lang='grc' dir='ltr'>ταῦτα</span> 
     </span>
    </p>
   </div>
   <div class='ocr_carea' id='block_1_32' title="bbox 1945 1849 3594 1930">
    <p class='ocr_par' dir='ltr' id='par_1_32' title="bbox 1945 1849 3594 1921">
     <span class='ocr_line' id='line_1_32' title="bbox 1945 1849 3594 1921; baseline 0.007 -17"><span class='ocrx_word' id='word_1_231' title='bbox 1945 1849 2469 1919; x_wconf 81' lang='lat' dir='ltr'><strong>interrogationem</strong></span> <span class='ocrx_word' id='word_1_232' title='bbox 2500 1851 2751 1921; x_wconf 89' lang='lat' dir='ltr'><strong>legenda</strong></span> <span class='ocrx_word' id='word_1_233' title='bbox 2781 1859 2918 1910; x_wconf 90' lang='lat' dir='ltr'><strong>sunt</strong></span> <span class='ocrx_word' id='word_1_234' title='bbox 2945 1873 2957 1912; x_wconf 91' lang='lat'>:</span> <span class='ocrx_word' id='word_1_235' title='bbox 2991 1869 3131 1910; x_wconf 88' lang='lat' dir='ltr'><strong>nam</strong></span> <span class='ocrx_word' id='word_1_236' title='bbox 3158 1856 3285 1911; x_wconf 66' lang='lat' dir='ltr'><strong>haec</strong></span> <span class='ocrx_word' id='word_1_237' title='bbox 3315 1856 3594 1915; x_wconf 69' lang='lat' dir='ltr'><strong>haesitan-</strong></span> 
     </span>
    </p>
   </div>
   <div class='ocr_carea' id='block_1_33' title="bbox 204 1937 1853 2021">
    <p class='ocr_par' dir='ltr' id='par_1_33' title="bbox 204 1943 1809 2021">
     <span class='ocr_line' id='line_1_33' title="bbox 204 1943 1809 2021; baseline -0.002 -23"><span class='ocrx_word' id='word_1_238' title='bbox 204 1950 344 2021; x_wconf 83' lang='grc' dir='ltr'>πρὸς</span> <span class='ocrx_word' id='word_1_239' title='bbox 421 1943 688 2016; x_wconf 61' lang='grc' dir='ltr'>ἁλλήπίους.</span> <span class='ocrx_word' id='word_1_240' title='bbox 761 1949 895 2017; x_wconf 86' lang='grc' dir='ltr'>Πρός</span> <span class='ocrx_word' id='word_1_241' title='bbox 967 1947 1101 2016; x_wconf 82' lang='grc' dir='ltr'>ἡμᾶς</span> <span class='ocrx_word' id='word_1_242' title='bbox 1174 1943 1251 2012; x_wconf 73' lang='grc' dir='ltr'><strong>δε,</strong></span> <span class='ocrx_word' id='word_1_243' title='bbox 1331 1944 1444 1996; x_wconf 77' lang='grc' dir='ltr'>ἀντὶ</span> <span class='ocrx_word' id='word_1_244' title='bbox 1517 1952 1629 2009; x_wconf 88' lang='grc' dir='ltr'>τοῦ,</span> <span class='ocrx_word' id='word_1_245' title='bbox 1698 1951 1809 2017; x_wconf 86' lang='grc' dir='ltr'>Παρ</span> 
     </span>
    </p>
   </div>
   <div class='ocr_carea' id='block_1_34' title="bbox 1000 1937 2649 2021">
    <p class='ocr_par' dir='ltr' id='par_1_34' title="bbox 1003 1937 2649 2017">
     <span class='ocr_line' id='line_1_34' title="bbox 1003 1937 2649 2017; baseline -0.001 -19"><span class='ocrx_word' id='word_1_246' title='bbox 1003 1952 1101 2016; x_wconf 83' lang='grc' dir='ltr'>μᾶς</span> <span class='ocrx_word' id='word_1_247' title='bbox 1174 1943 1251 2012; x_wconf 68' lang='grc' dir='ltr'>δὲ,</span> <span class='ocrx_word' id='word_1_248' title='bbox 1331 1944 1444 1996; x_wconf 78' lang='grc' dir='ltr'>ἀντὶ</span> <span class='ocrx_word' id='word_1_249' title='bbox 1517 1952 1629 2009; x_wconf 88' lang='grc' dir='ltr'>τοῦ,</span> <span class='ocrx_word' id='word_1_250' title='bbox 1698 1951 1809 2017; x_wconf 85' lang='grc' dir='ltr'>Παρ</span> <span class='ocrx_word' id='word_1_251' title='bbox 1942 1942 2030 1994; x_wconf 89' lang='lat' dir='ltr'><strong>tes</strong></span> <span class='ocrx_word' id='word_1_252' title='bbox 2060 1937 2318 1993; x_wconf 86' lang='lat' dir='ltr'><strong>invicem</strong></span> <span class='ocrx_word' id='word_1_253' title='bbox 2347 1939 2649 1998; x_wconf 89' lang='lat' dir='ltr'><strong>dicebant.</strong></span> 
     </span>
    </p>
   </div>
   <div class='ocr_carea' id='block_1_35' title="bbox 208 2041 363 2106">
    <p class='ocr_par' dir='ltr' id='par_1_35' title="bbox 208 2041 363 2106">
     <span class='ocr_line' id='line_1_35' title="bbox 208 2041 363 2106; baseline 0.019 -22"><span class='ocrx_word' id='word_1_254' title='bbox 208 2041 235 2093; x_wconf 77' lang='grc' dir='ltr'><em>ἡ</em></span> <span class='ocrx_word' id='word_1_255' title='bbox 245 2042 363 2106; x_wconf 76' lang='grc' dir='ltr'>μῖν.</span> 
     </span>
    </p>
   </div>
   <div class='ocr_carea' id='block_1_36' title="bbox 294 2116 1943 2194">
    <p class='ocr_par' dir='ltr' id='par_1_36' title="bbox 294 2120 1830 2194">
     <span class='ocr_line' id='line_1_36' title="bbox 294 2120 1830 2194; baseline -0.001 -21"><span class='ocrx_word' id='word_1_256' title='bbox 294 2123 466 2174; x_wconf 84' lang='grc' dir='ltr'><strong>Πόθεν</strong></span> <span class='ocrx_word' id='word_1_257' title='bbox 524 2153 576 2162; x_wconf 93' lang='grc'><strong>-</strong></span> <span class='ocrx_word' id='word_1_258' title='bbox 641 2120 1015 2194; x_wconf 86' lang='grc' dir='ltr'>πάντα;’ορα</span> <span class='ocrx_word' id='word_1_259' title='bbox 1074 2121 1290 2193; x_wconf 83' lang='grc' dir='ltr'>βαθεῖαν</span> <span class='ocrx_word' id='word_1_260' title='bbox 1343 2122 1542 2178; x_wconf 76' lang='grc' dir='ltr'>ἄνοιαν.</span> <span class='ocrx_word' id='word_1_261' title='bbox 1605 2124 1830 2191; x_wconf 78' lang='grc' dir='ltr'><strong>Λέγουσι</strong></span> 
     </span>
    </p>
   </div>
   <div class='ocr_carea' id='block_1_37' title="bbox 1940 2116 3589 2194">
    <p class='ocr_par' dir='ltr' id='par_1_37' title="bbox 2011 2116 3589 2181">
     <span class='ocr_line' id='line_1_37' title="bbox 2011 2116 3589 2181; baseline 0.008 -12"><span class='ocrx_word' id='word_1_262' title='bbox 2011 2116 2172 2170; x_wconf 92' lang='lat' dir='ltr'><strong>Vers.</strong></span> <span class='ocrx_word' id='word_1_263' title='bbox 2207 2120 2292 2171; x_wconf 83' lang='lat'><strong>56.</strong></span> <span class='ocrx_word' id='word_1_264' title='bbox 2350 2117 2513 2173; x_wconf 86' lang='lat' dir='ltr'><strong>Unde</strong></span> <span class='ocrx_word' id='word_1_265' title='bbox 2543 2148 2610 2159; x_wconf 97' lang='lat'><strong>—</strong></span> <span class='ocrx_word' id='word_1_266' title='bbox 2648 2119 2844 2175; x_wconf 79' lang='lat' dir='ltr'><strong>omnia</strong></span> <span class='ocrx_word' id='word_1_267' title='bbox 2884 2121 2912 2175; x_wconf 79' lang='lat'>?</span> <span class='ocrx_word' id='word_1_268' title='bbox 2944 2120 3084 2177; x_wconf 89' lang='lat' dir='ltr'><strong>Vide</strong></span> <span class='ocrx_word' id='word_1_269' title='bbox 3116 2126 3447 2181; x_wconf 84' lang='lat' dir='ltr'><strong>extremam</strong></span> <span class='ocrx_word' id='word_1_270' title='bbox 3487 2125 3589 2180; x_wconf 88' lang='lat' dir='ltr'><strong>de-</strong></span> 
     </span>
    </p>
   </div>
   <div class='ocr_carea' id='block_1_38' title="bbox 209 2203 1858 2283">
    <p class='ocr_par' dir='ltr' id='par_1_38' title="bbox 209 2209 1828 2283">
     <span class='ocr_line' id='line_1_38' title="bbox 209 2209 1828 2283; baseline -0.002 -21"><span class='ocrx_word' id='word_1_271' title='bbox 209 2213 347 2283; x_wconf 83' lang='grc' dir='ltr'>γὰρ,</span> <span class='ocrx_word' id='word_1_272' title='bbox 404 2211 506 2270; x_wconf 83' lang='grc' dir='ltr'>ὅτι,</span> <span class='ocrx_word' id='word_1_273' title='bbox 559 2210 703 2262; x_wconf 82' lang='grc' dir='ltr'>Ἐπεὶ</span> <span class='ocrx_word' id='word_1_274' title='bbox 771 2214 957 2280; x_wconf 86' lang='grc' dir='ltr'>γονέων</span> <span class='ocrx_word' id='word_1_275' title='bbox 1013 2209 1223 2262; x_wconf 68' lang='grc' dir='ltr'>εὐτελῶν</span> <span class='ocrx_word' id='word_1_276' title='bbox 1275 2209 1410 2276; x_wconf 83' lang='grc' dir='ltr'>ἐστι,</span> <span class='ocrx_word' id='word_1_277' title='bbox 1468 2211 1620 2262; x_wconf 83' lang='grc' dir='ltr'>πόθεν</span> <span class='ocrx_word' id='word_1_278' title='bbox 1676 2209 1828 2260; x_wconf 77' lang='grc' dir='ltr'>ἅλλο-</span> 
     </span>
    </p>
   </div>
   <div class='ocr_carea' id='block_1_39' title="bbox 1943 2203 3592 2283">
    <p class='ocr_par' dir='ltr' id='par_1_39' title="bbox 1943 2203 3592 2268">
     <span class='ocr_line' id='line_1_39' title="bbox 1943 2203 3592 2268; baseline 0.008 -13"><span class='ocrx_word' id='word_1_279' title='bbox 1943 2204 2247 2258; x_wconf 89' lang='lat' dir='ltr'><strong>mentiam.</strong></span> <span class='ocrx_word' id='word_1_280' title='bbox 2279 2203 2486 2259; x_wconf 91' lang='lat' dir='ltr'><strong>Dicunt</strong></span> <span class='ocrx_word' id='word_1_281' title='bbox 2507 2207 2664 2260; x_wconf 89' lang='lat' dir='ltr'><strong>enim</strong></span> <span class='ocrx_word' id='word_1_282' title='bbox 2691 2224 2703 2261; x_wconf 93' lang='lat'>:</span> <span class='ocrx_word' id='word_1_283' title='bbox 2728 2207 3078 2263; x_wconf 85' lang='lat' dir='ltr'><strong>Parentibus</strong></span> <span class='ocrx_word' id='word_1_284' title='bbox 3101 2216 3264 2266; x_wconf 92' lang='lat' dir='ltr'><strong>ortus</strong></span> <span class='ocrx_word' id='word_1_285' title='bbox 3290 2221 3380 2267; x_wconf 84' lang='lat' dir='ltr'><strong>est</strong></span> <span class='ocrx_word' id='word_1_286' title='bbox 3410 2214 3592 2268; x_wconf 87' lang='lat' dir='ltr'><strong>tenui-</strong></span> 
     </span>
    </p>
   </div>
   <div class='ocr_carea' id='block_1_40' title="bbox 213 2289 1862 2372">
    <p class='ocr_par' dir='ltr' id='par_1_40' title="bbox 213 2297 1828 2372">
     <span class='ocr_line' id='line_1_40' title="bbox 213 2297 1828 2372; baseline -0.002 -22"><span class='ocrx_word' id='word_1_287' title='bbox 213 2300 298 2350; x_wconf 85' lang='grc' dir='ltr'>θεν</span> <span class='ocrx_word' id='word_1_288' title='bbox 357 2300 531 2368; x_wconf 86' lang='grc' dir='ltr'>τούτῳ</span> <span class='ocrx_word' id='word_1_289' title='bbox 586 2306 753 2350; x_wconf 81' lang='grc' dir='ltr'>ταῦτα</span> <span class='ocrx_word' id='word_1_290' title='bbox 801 2301 972 2350; x_wconf 85' lang='grc' dir='ltr'>πάντα</span> <span class='ocrx_word' id='word_1_291' title='bbox 1018 2303 1424 2372; x_wconf 75' lang='grc' dir='ltr'>προσεγένοντος</span> <span class='ocrx_word' id='word_1_292' title='bbox 1471 2303 1568 2350; x_wconf 79' lang='grc' dir='ltr'><strong>Καὶ</strong></span> <span class='ocrx_word' id='word_1_293' title='bbox 1616 2302 1738 2369; x_wconf 79' lang='grc' dir='ltr'>μὴν,</span> <span class='ocrx_word' id='word_1_294' title='bbox 1789 2297 1828 2346; x_wconf 86' lang='grc' dir='ltr'><strong>ὦ</strong></span> 
     </span>
    </p>
   </div>
   <div class='ocr_carea' id='block_1_41' title="bbox 1941 2289 3590 2372">
    <p class='ocr_par' dir='ltr' id='par_1_41' title="bbox 1941 2289 3590 2372">
     <span class='ocr_line' id='line_1_41' title="bbox 1941 2289 3590 2372; baseline 0.007 -27"><span class='ocrx_word' id='word_1_295' title='bbox 1941 2289 2052 2346; x_wconf 91' lang='lat' dir='ltr'><strong>bus</strong></span> <span class='ocrx_word' id='word_1_296' title='bbox 2075 2292 2232 2346; x_wconf 92' lang='lat' dir='ltr'><strong>unde</strong></span> <span class='ocrx_word' id='word_1_297' title='bbox 2259 2308 2399 2362; x_wconf 90' lang='lat' dir='ltr'><strong>ergo</strong></span> <span class='ocrx_word' id='word_1_298' title='bbox 2423 2294 2558 2348; x_wconf 90' lang='lat' dir='ltr'><strong>huic</strong></span> <span class='ocrx_word' id='word_1_299' title='bbox 2579 2295 2782 2350; x_wconf 88' lang='lat' dir='ltr'><strong>omnia</strong></span> <span class='ocrx_word' id='word_1_300' title='bbox 2805 2297 2915 2351; x_wconf 91' lang='lat' dir='ltr'><strong>ista</strong></span> <span class='ocrx_word' id='word_1_301' title='bbox 2943 2306 3341 2367; x_wconf 89' lang='lat' dir='ltr'><strong>provenerunt</strong></span> <span class='ocrx_word' id='word_1_302' title='bbox 3366 2300 3394 2354; x_wconf 80' lang='lat'><strong>?</strong></span> <span class='ocrx_word' id='word_1_303' title='bbox 3414 2302 3590 2372; x_wconf 81' lang='lat' dir='ltr'><strong>Atqui</strong></span> 
     </span>
    </p>
   </div>
   <div class='ocr_carea' id='block_1_42' title="bbox 215 2380 1864 2459">
    <p class='ocr_par' dir='ltr' id='par_1_42' title="bbox 215 2384 1830 2458">
     <span class='ocr_line' id='line_1_42' title="bbox 215 2384 1830 2458; baseline -0.001 -20"><span class='ocrx_word' id='word_1_304' title='bbox 215 2389 460 2458; x_wconf 77' lang='grc' dir='ltr'>μάταιοι,</span> <span class='ocrx_word' id='word_1_305' title='bbox 493 2386 584 2438; x_wconf 74' lang='grc' dir='ltr'>οὐκ</span> <span class='ocrx_word' id='word_1_306' title='bbox 628 2385 729 2438; x_wconf 76' lang='grc' dir='ltr'><strong>ἀπό</strong></span> <span class='ocrx_word' id='word_1_307' title='bbox 775 2391 960 2457; x_wconf 83' lang='grc' dir='ltr'>γονέων</span> <span class='ocrx_word' id='word_1_308' title='bbox 1005 2386 1260 2458; x_wconf 84' lang='grc' dir='ltr'>εύκγείας,</span> <span class='ocrx_word' id='word_1_309' title='bbox 1304 2384 1418 2438; x_wconf 69' lang='grc' dir='ltr'>οὐδ’</span> <span class='ocrx_word' id='word_1_310' title='bbox 1467 2385 1569 2438; x_wconf 81' lang='grc' dir='ltr'>ἀπὸ</span> <span class='ocrx_word' id='word_1_311' title='bbox 1618 2388 1830 2458; x_wconf 84' lang='grc' dir='ltr'>χρημά-</span> 
     </span>
    </p>
   </div>
   <div class='ocr_carea' id='block_1_43' title="bbox 1943 2380 3592 2459">
    <p class='ocr_par' dir='ltr' id='par_1_43' title="bbox 1943 2380 3592 2459">
     <span class='ocr_line' id='line_1_43' title="bbox 1943 2380 3592 2459; baseline 0.006 -24"><span class='ocrx_word' id='word_1_312' title='bbox 1943 2394 1974 2435; x_wconf 90' lang='lat' dir='ltr'><strong>o</strong></span> <span class='ocrx_word' id='word_1_313' title='bbox 2006 2381 2156 2445; x_wconf 91' lang='lat' dir='ltr'><strong>vani,</strong></span> <span class='ocrx_word' id='word_1_314' title='bbox 2194 2397 2302 2434; x_wconf 90' lang='lat' dir='ltr'><strong>non</strong></span> <span class='ocrx_word' id='word_1_315' title='bbox 2331 2380 2410 2436; x_wconf 94' lang='lat' dir='ltr'><strong>ob</strong></span> <span class='ocrx_word' id='word_1_316' title='bbox 2437 2387 2750 2452; x_wconf 88' lang='lat' dir='ltr'><strong>parentum</strong></span> <span class='ocrx_word' id='word_1_317' title='bbox 2783 2386 3257 2452; x_wconf 88' lang='lat' dir='ltr'><strong>generositatem,</strong></span> <span class='ocrx_word' id='word_1_318' title='bbox 3303 2405 3483 2459; x_wconf 84' lang='lat' dir='ltr'><strong>neque</strong></span> <span class='ocrx_word' id='word_1_319' title='bbox 3514 2390 3592 2444; x_wconf 92' lang='lat' dir='ltr'><strong>ob</strong></span> 
     </span>
    </p>
   </div>
   <div class='ocr_carea' id='block_1_44' title="bbox 215 2467 1864 2548">
    <p class='ocr_par' dir='ltr' id='par_1_44' title="bbox 215 2471 1828 2546">
     <span class='ocr_line' id='line_1_44' title="bbox 215 2471 1828 2546; baseline -0.001 -20"><span class='ocrx_word' id='word_1_320' title='bbox 215 2495 321 2526; x_wconf 88' lang='grc' dir='ltr'><strong>των</strong></span> <span class='ocrx_word' id='word_1_321' title='bbox 383 2471 680 2545; x_wconf 61' lang='grc' dir='ltr'>δαψιλείας,</span> <span class='ocrx_word' id='word_1_322' title='bbox 743 2476 772 2534; x_wconf 72' lang='grc' dir='ltr'><em>ἢ</em></span> <span class='ocrx_word' id='word_1_323' title='bbox 825 2477 1062 2527; x_wconf 91' lang='grc' dir='ltr'>τοιούτου</span> <span class='ocrx_word' id='word_1_324' title='bbox 1113 2479 1271 2538; x_wconf 78' lang='grc' dir='ltr'>τινὸς,</span> <span class='ocrx_word' id='word_1_325' title='bbox 1326 2473 1434 2526; x_wconf 81' lang='grc' dir='ltr'>ἀλλ’</span> <span class='ocrx_word' id='word_1_326' title='bbox 1491 2473 1543 2536; x_wconf 83' lang='grc' dir='ltr'><strong>ἐξ</strong></span> <span class='ocrx_word' id='word_1_327' title='bbox 1592 2478 1828 2546; x_wconf 63' lang='grc' dir='ltr'>εναρέτου</span> 
     </span>
    </p>
   </div>
   <div class='ocr_carea' id='block_1_45' title="bbox 1943 2467 3592 2548">
    <p class='ocr_par' dir='ltr' id='par_1_45' title="bbox 1943 2467 3592 2548">
     <span class='ocr_line' id='line_1_45' title="bbox 1943 2467 3592 2548; baseline 0.005 -26"><span class='ocrx_word' id='word_1_328' title='bbox 1943 2467 2272 2523; x_wconf 81' lang='lat' dir='ltr'><strong>divitiarum</strong></span> <span class='ocrx_word' id='word_1_329' title='bbox 2307 2468 2690 2535; x_wconf 73' lang='lat' dir='ltr'><strong>afﬂuentiam,</strong></span> <span class='ocrx_word' id='word_1_330' title='bbox 2725 2477 2826 2527; x_wconf 88' lang='lat' dir='ltr'><strong>aut</strong></span> <span class='ocrx_word' id='word_1_331' title='bbox 2857 2472 3017 2528; x_wconf 86' lang='lat' dir='ltr'><strong>aliud</strong></span> <span class='ocrx_word' id='word_1_332' title='bbox 3051 2473 3359 2545; x_wconf 87' lang='lat' dir='ltr'><strong>quippiam</strong></span> <span class='ocrx_word' id='word_1_333' title='bbox 3386 2476 3592 2548; x_wconf 85' lang='lat' dir='ltr'><strong>hujus-</strong></span> 
     </span>
    </p>
   </div>
   <div class='ocr_carea' id='block_1_46' title="bbox 216 2556 1865 2636">
    <p class='ocr_par' dir='ltr' id='par_1_46' title="bbox 216 2561 1829 2636">
     <span class='ocr_line' id='line_1_46' title="bbox 216 2561 1829 2636; baseline 0 -23"><span class='ocrx_word' id='word_1_334' title='bbox 216 2563 490 2624; x_wconf 80' lang='grc' dir='ltr'>πολιτείας</span> <span class='ocrx_word' id='word_1_335' title='bbox 535 2565 565 2621; x_wconf 82' lang='grc' dir='ltr'>ἡ</span> <span class='ocrx_word' id='word_1_336' title='bbox 616 2571 808 2634; x_wconf 86' lang='grc' dir='ltr'>γνῶσις</span> <span class='ocrx_word' id='word_1_337' title='bbox 834 2568 923 2615; x_wconf 85' lang='grc' dir='ltr'><strong>καὶ</strong></span> <span class='ocrx_word' id='word_1_338' title='bbox 954 2565 1020 2615; x_wconf 81' lang='grc' dir='ltr'>τὰ</span> <span class='ocrx_word' id='word_1_339' title='bbox 1051 2565 1292 2636; x_wconf 89' lang='grc' dir='ltr'>θαύματα</span> <span class='ocrx_word' id='word_1_340' title='bbox 1318 2564 1484 2615; x_wconf 82' lang='grc' dir='ltr'>θεόθεν</span> <span class='ocrx_word' id='word_1_341' title='bbox 1530 2570 1638 2623; x_wconf 79' lang='grc' dir='ltr'>τοῖς</span> <span class='ocrx_word' id='word_1_342' title='bbox 1669 2561 1829 2624; x_wconf 76' lang='grc' dir='ltr'>ἀξίοις</span> 
     </span>
    </p>
   </div>
   <div class='ocr_carea' id='block_1_47' title="bbox 1943 2556 3592 2636">
    <p class='ocr_par' dir='ltr' id='par_1_47' title="bbox 1943 2556 3592 2632">
     <span class='ocr_line' id='line_1_47' title="bbox 1943 2556 3592 2632; baseline 0.006 -22"><span class='ocrx_word' id='word_1_343' title='bbox 1943 2556 2122 2621; x_wconf 91' lang='lat' dir='ltr'><strong>modi,</strong></span> <span class='ocrx_word' id='word_1_344' title='bbox 2184 2556 2286 2611; x_wconf 93' lang='lat' dir='ltr'><strong>sed</strong></span> <span class='ocrx_word' id='word_1_345' title='bbox 2344 2557 2424 2612; x_wconf 95' lang='lat' dir='ltr'><strong>ob</strong></span> <span class='ocrx_word' id='word_1_346' title='bbox 2476 2559 2782 2628; x_wconf 82' lang='lat' dir='ltr'><strong>egregiam</strong></span> <span class='ocrx_word' id='word_1_347' title='bbox 2838 2560 3018 2615; x_wconf 89' lang='lat' dir='ltr'><strong>vitam</strong></span> <span class='ocrx_word' id='word_1_348' title='bbox 3082 2561 3464 2632; x_wconf 86' lang='lat' dir='ltr'><strong>intelligentia</strong></span> <span class='ocrx_word' id='word_1_349' title='bbox 3522 2581 3592 2620; x_wconf 89' lang='lat' dir='ltr'><strong>ac</strong></span> 
     </span>
    </p>
   </div>
   <div class='ocr_carea' id='block_1_48' title="bbox 215 2643 1864 2722">
    <p class='ocr_par' dir='ltr' id='par_1_48' title="bbox 215 2649 568 2722">
     <span class='ocr_line' id='line_1_48' title="bbox 215 2649 568 2722; baseline 0.008 -23"><span class='ocrx_word' id='word_1_350' title='bbox 215 2649 568 2722; x_wconf 79' lang='grc' dir='ltr'>χαρίζονται.</span> 
     </span>
    </p>
   </div>
   <div class='ocr_carea' id='block_1_49' title="bbox 1868 2643 3517 2722">
    <p class='ocr_par' dir='ltr' id='par_1_49' title="bbox 1937 2643 3517 2718">
     <span class='ocr_line' id='line_1_49' title="bbox 1937 2643 3517 2718; baseline 0.003 -18"><span class='ocrx_word' id='word_1_351' title='bbox 1937 2643 2226 2700; x_wconf 90' lang='lat' dir='ltr'><strong>miracula</strong></span> <span class='ocrx_word' id='word_1_352' title='bbox 2255 2645 2538 2700; x_wconf 89' lang='lat' dir='ltr'><strong>divinitus</strong></span> <span class='ocrx_word' id='word_1_353' title='bbox 2576 2646 2668 2701; x_wconf 90' lang='lat' dir='ltr'><strong>his</strong></span> <span class='ocrx_word' id='word_1_354' title='bbox 2697 2647 2801 2718; x_wconf 93' lang='lat' dir='ltr'><strong>qui</strong></span> <span class='ocrx_word' id='word_1_355' title='bbox 2833 2647 2997 2716; x_wconf 90' lang='lat' dir='ltr'><strong>digni</strong></span> <span class='ocrx_word' id='word_1_356' title='bbox 3033 2655 3171 2704; x_wconf 90' lang='lat' dir='ltr'><strong>sunt</strong></span> <span class='ocrx_word' id='word_1_357' title='bbox 3201 2652 3517 2708; x_wconf 87' lang='lat' dir='ltr'><strong>donantur.</strong></span> 
     </span>
    </p>
   </div>
   <div class='ocr_carea' id='block_1_50' title="bbox 293 2733 1942 2808">
    <p class='ocr_par' dir='ltr' id='par_1_50' title="bbox 293 2736 1328 2808">
     <span class='ocr_line' id='line_1_50' title="bbox 293 2736 1328 2808; baseline 0 -19"><span class='ocrx_word' id='word_1_358' title='bbox 293 2741 402 2789; x_wconf 78' lang='grc' dir='ltr'><strong>Καὶ</strong></span> <span class='ocrx_word' id='word_1_359' title='bbox 425 2767 493 2778; x_wconf 93' lang='lat'><strong>—</strong></span> <span class='ocrx_word' id='word_1_360' title='bbox 515 2736 671 2808; x_wconf 82' lang='grc' dir='ltr'>αύτῷ.</span> <span class='ocrx_word' id='word_1_361' title='bbox 709 2736 846 2790; x_wconf 70' lang='grc' dir='ltr'>Ἀντί</span> <span class='ocrx_word' id='word_1_362' title='bbox 873 2743 986 2804; x_wconf 87' lang='grc' dir='ltr'>τοῦ,</span> <span class='ocrx_word' id='word_1_363' title='bbox 1020 2736 1134 2792; x_wconf 86' lang='grc' dir='ltr'><strong>Ἐπ’</strong></span> <span class='ocrx_word' id='word_1_364' title='bbox 1167 2736 1328 2806; x_wconf 67' lang='grc' dir='ltr'>αὐτῷ.</span> 
     </span>
    </p>
   </div>
   <div class='ocr_carea' id='block_1_51' title="bbox 1664 2733 3313 2808">
    <p class='ocr_par' dir='ltr' id='par_1_51' title="bbox 2006 2733 3313 2808">
     <span class='ocr_line' id='line_1_51' title="bbox 2006 2733 3313 2808; baseline 0.005 -22"><span class='ocrx_word' id='word_1_365' title='bbox 2006 2734 2170 2790; x_wconf 88' lang='lat' dir='ltr'><strong>Vers.</strong></span> <span class='ocrx_word' id='word_1_366' title='bbox 2212 2737 2299 2787; x_wconf 82' lang='lat'><strong>57.</strong></span> <span class='ocrx_word' id='word_1_367' title='bbox 2333 2733 2409 2787; x_wconf 87' lang='lat' dir='ltr'><strong>Et</strong></span> <span class='ocrx_word' id='word_1_368' title='bbox 2442 2764 2505 2773; x_wconf 97' lang='lat'>—</span> <span class='ocrx_word' id='word_1_369' title='bbox 2537 2749 2686 2790; x_wconf 87' lang='lat' dir='ltr'><strong>eum.</strong></span> <span class='ocrx_word' id='word_1_370' title='bbox 2723 2734 2844 2790; x_wconf 84' lang='lat' dir='ltr'><strong>Hoc</strong></span> <span class='ocrx_word' id='word_1_371' title='bbox 2870 2742 2958 2791; x_wconf 92' lang='lat' dir='ltr'><strong>est</strong></span> <span class='ocrx_word' id='word_1_372' title='bbox 2988 2752 3165 2808; x_wconf 87' lang='lat' dir='ltr'><strong>super</strong></span> <span class='ocrx_word' id='word_1_373' title='bbox 3188 2737 3313 2794; x_wconf 88' lang='lat' dir='ltr'><strong>illo.</strong></span> 
     </span>
    </p>
   </div>
   <div class='ocr_carea' id='block_1_52' title="bbox 295 2821 1944 2898">
    <p class='ocr_par' dir='ltr' id='par_1_52' title="bbox 295 2821 1823 2898">
     <span class='ocr_line' id='line_1_52' title="bbox 295 2821 1823 2898; baseline 0.001 -22"><span class='ocrx_word' id='word_1_374' title='bbox 295 2831 368 2876; x_wconf 77' lang='grc' dir='ltr'><strong>σο</strong></span> <span class='ocrx_word' id='word_1_375' title='bbox 439 2821 498 2876; x_wconf 78' lang='grc' dir='ltr'>δὲ</span> <span class='ocrx_word' id='word_1_376' title='bbox 549 2824 754 2886; x_wconf 72' lang='grc' dir='ltr'>Ἰησοῦς</span> <span class='ocrx_word' id='word_1_377' title='bbox 799 2856 868 2865; x_wconf 94' lang='grc'><strong><em>-</em></strong></span> <span class='ocrx_word' id='word_1_378' title='bbox 913 2825 1093 2879; x_wconf 71' lang='grc' dir='ltr'>αὐτοῦ.</span> <span class='ocrx_word' id='word_1_379' title='bbox 1157 2823 1215 2877; x_wconf 83' lang='grc' dir='ltr'><strong>Ὀ</strong></span> <span class='ocrx_word' id='word_1_380' title='bbox 1273 2821 1330 2877; x_wconf 81' lang='grc' dir='ltr'><strong>δε</strong></span> <span class='ocrx_word' id='word_1_381' title='bbox 1393 2826 1602 2898; x_wconf 84' lang='grc' dir='ltr'>Μάρκος</span> <span class='ocrx_word' id='word_1_382' title='bbox 1669 2826 1823 2889; x_wconf 72' lang='grc' dir='ltr'>εἶπεν,</span> 
     </span>
    </p>
   </div>
   <div class='ocr_carea' id='block_1_53' title="bbox 1944 2821 3593 2898">
    <p class='ocr_par' dir='ltr' id='par_1_53' title="bbox 2003 2821 3593 2886">
     <span class='ocr_line' id='line_1_53' title="bbox 2003 2821 3593 2886; baseline 0.008 -12"><span class='ocrx_word' id='word_1_383' title='bbox 2003 2823 2162 2875; x_wconf 78' lang='lat' dir='ltr'><strong>Vers.</strong></span> <span class='ocrx_word' id='word_1_384' title='bbox 2220 2821 2307 2875; x_wconf 80' lang='lat'><strong>57.</strong></span> <span class='ocrx_word' id='word_1_385' title='bbox 2364 2822 2528 2878; x_wconf 81' lang='lat' dir='ltr'><strong>Jesus</strong></span> <span class='ocrx_word' id='word_1_386' title='bbox 2576 2831 2771 2878; x_wconf 84' lang='lat' dir='ltr'><strong>autem</strong></span> <span class='ocrx_word' id='word_1_387' title='bbox 2803 2854 2871 2864; x_wconf 89' lang='lat'><strong><em>—</em></strong></span> <span class='ocrx_word' id='word_1_388' title='bbox 2923 2840 3054 2879; x_wconf 89' lang='lat' dir='ltr'><strong>sua.</strong></span> <span class='ocrx_word' id='word_1_389' title='bbox 3116 2828 3342 2882; x_wconf 86' lang='lat' dir='ltr'><strong>Marcus</strong></span> <span class='ocrx_word' id='word_1_390' title='bbox 3393 2834 3593 2886; x_wconf 86' lang='lat' dir='ltr'><strong>autem</strong></span> 
     </span>
    </p>
   </div>
   <div class='ocr_carea' id='block_1_54' title="bbox 215 2907 1864 2987">
    <p class='ocr_par' dir='ltr' id='par_1_54' title="bbox 215 2910 1829 2987">
     <span class='ocr_line' id='line_1_54' title="bbox 215 2910 1829 2987; baseline -0.001 -20"><span class='ocrx_word' id='word_1_391' title='bbox 215 2915 295 2968; x_wconf 85' lang='grc' dir='ltr'>ὃτι</span> <span class='ocrx_word' id='word_1_392' title='bbox 357 2914 419 2967; x_wconf 85' lang='grc' dir='ltr'>Εἰ</span> <span class='ocrx_word' id='word_1_393' title='bbox 470 2917 542 2986; x_wconf 82' lang='grc' dir='ltr'>μὴ</span> <span class='ocrx_word' id='word_1_394' title='bbox 593 2913 641 2965; x_wconf 74' lang='grc' dir='ltr'>ἐν</span> <span class='ocrx_word' id='word_1_395' title='bbox 688 2921 751 2985; x_wconf 76' lang='grc' dir='ltr'><strong>τῇ</strong></span> <span class='ocrx_word' id='word_1_396' title='bbox 806 2910 1025 2987; x_wconf 91' lang='grc' dir='ltr'>πατρίδι</span> <span class='ocrx_word' id='word_1_397' title='bbox 1079 2913 1257 2984; x_wconf 74' lang='grc' dir='ltr'>αὐτοῦ,</span> <span class='ocrx_word' id='word_1_398' title='bbox 1311 2918 1400 2966; x_wconf 81' lang='grc' dir='ltr'>καὶ</span> <span class='ocrx_word' id='word_1_399' title='bbox 1451 2913 1498 2965; x_wconf 74' lang='grc' dir='ltr'>ἓν</span> <span class='ocrx_word' id='word_1_400' title='bbox 1552 2920 1661 2975; x_wconf 91' lang='grc' dir='ltr'>τοῖς</span> <span class='ocrx_word' id='word_1_401' title='bbox 1706 2933 1829 2985; x_wconf 90' lang='grc' dir='ltr'>συγ-</span> 
     </span>
    </p>
   </div>
   <div class='ocr_carea' id='block_1_55' title="bbox 1942 2907 3591 2987">
    <p class='ocr_par' dir='ltr' id='par_1_55' title="bbox 1942 2907 3591 2985">
     <span class='ocr_line' id='line_1_55' title="bbox 1942 2907 3591 2985; baseline 0.006 -23"><span class='ocrx_word' id='word_1_402' title='bbox 1942 2907 2124 2963; x_wconf 82' lang='lat' dir='ltr'><strong>dixit:</strong></span> <span class='ocrx_word' id='word_1_403' title='bbox 2166 2910 2296 2963; x_wconf 80' lang='lat' dir='ltr'><strong>Nisi</strong></span> <span class='ocrx_word' id='word_1_404' title='bbox 2335 2909 2393 2964; x_wconf 83' lang='lat' dir='ltr'><strong>in</strong></span> <span class='ocrx_word' id='word_1_405' title='bbox 2427 2912 2629 2979; x_wconf 86' lang='lat' dir='ltr'><strong>patria</strong></span> <span class='ocrx_word' id='word_1_406' title='bbox 2667 2926 2794 2980; x_wconf 86' lang='lat' dir='ltr'><strong>sua,</strong></span> <span class='ocrx_word' id='word_1_407' title='bbox 2835 2917 2885 2967; x_wconf 86' lang='lat' dir='ltr'><strong>et</strong></span> <span class='ocrx_word' id='word_1_408' title='bbox 2925 2913 3076 2968; x_wconf 85' lang='lat' dir='ltr'><strong>inter</strong></span> <span class='ocrx_word' id='word_1_409' title='bbox 3111 2922 3400 2985; x_wconf 76' lang='lat' dir='ltr'><strong>cognatos,</strong></span> <span class='ocrx_word' id='word_1_410' title='bbox 3444 2923 3497 2972; x_wconf 88' lang='lat' dir='ltr'><strong>et</strong></span> <span class='ocrx_word' id='word_1_411' title='bbox 3536 2919 3591 2972; x_wconf 88' lang='lat' dir='ltr'><strong>in</strong></span> 
     </span>
    </p>
   </div>
   <div class='ocr_carea' id='block_1_56' title="bbox 213 2996 1862 3076">
    <p class='ocr_par' dir='ltr' id='par_1_56' title="bbox 213 2998 1828 3076">
     <span class='ocr_line' id='line_1_56' title="bbox 213 2998 1828 3076; baseline -0.001 -21"><span class='ocrx_word' id='word_1_412' title='bbox 213 3008 419 3076; x_wconf 81' lang='grc' dir='ltr'>γενέσι,</span> <span class='ocrx_word' id='word_1_413' title='bbox 474 3007 562 3055; x_wconf 86' lang='grc' dir='ltr'>καὶ</span> <span class='ocrx_word' id='word_1_414' title='bbox 619 3001 668 3054; x_wconf 84' lang='grc' dir='ltr'>ἐν</span> <span class='ocrx_word' id='word_1_415' title='bbox 735 3011 798 3071; x_wconf 78' lang='grc' dir='ltr'><strong>τῇ</strong></span> <span class='ocrx_word' id='word_1_416' title='bbox 861 3004 1000 3074; x_wconf 82' lang='grc' dir='ltr'>οἰκίᾳ</span> <span class='ocrx_word' id='word_1_417' title='bbox 1075 3003 1255 3058; x_wconf 72' lang='grc' dir='ltr'>αὐτοῦ.</span> <span class='ocrx_word' id='word_1_418' title='bbox 1326 2998 1828 3075; x_wconf 85' lang='grc' dir='ltr'>Παραδειγματικώς</span> 
     </span>
    </p>
   </div>
   <div class='ocr_carea' id='block_1_57' title="bbox 1942 2996 3591 3076">
    <p class='ocr_par' dir='ltr' id='par_1_57' title="bbox 1942 2996 3591 3073">
     <span class='ocr_line' id='line_1_57' title="bbox 1942 2996 3591 3073; baseline 0.006 -23"><span class='ocrx_word' id='word_1_419' title='bbox 1942 2996 2097 3052; x_wconf 82' lang='lat' dir='ltr'><strong>domo</strong></span> <span class='ocrx_word' id='word_1_420' title='bbox 2125 3011 2255 3052; x_wconf 82' lang='lat' dir='ltr'><strong>sua.</strong></span> <span class='ocrx_word' id='word_1_421' title='bbox 2289 2999 2337 3032; x_wconf 83' lang='grc'>²²</span> <span class='ocrx_word' id='word_1_422' title='bbox 2357 2999 2446 3052; x_wconf 82' lang='lat' dir='ltr'><strong>Ab</strong></span> <span class='ocrx_word' id='word_1_423' title='bbox 2473 2999 2747 3070; x_wconf 81' lang='lat' dir='ltr'><strong>exemplo</strong></span> <span class='ocrx_word' id='word_1_424' title='bbox 2778 3005 2977 3055; x_wconf 89' lang='lat' dir='ltr'><strong>autem</strong></span> <span class='ocrx_word' id='word_1_425' title='bbox 3013 3002 3268 3073; x_wconf 88' lang='lat' dir='ltr'><strong>seipsum</strong></span> <span class='ocrx_word' id='word_1_426' title='bbox 3298 3004 3591 3072; x_wconf 79' lang='lat' dir='ltr'><strong>significa-</strong></span> 
     </span>
    </p>
   </div>
   <div class='ocr_carea' id='block_1_58' title="bbox 215 3086 1864 3164">
    <p class='ocr_par' dir='ltr' id='par_1_58' title="bbox 215 3088 1830 3164">
     <span class='ocr_line' id='line_1_58' title="bbox 215 3088 1830 3164; baseline -0.002 -18"><span class='ocrx_word' id='word_1_427' title='bbox 215 3091 278 3146; x_wconf 78' lang='grc' dir='ltr'><strong>δε</strong></span> <span class='ocrx_word' id='word_1_428' title='bbox 340 3093 526 3144; x_wconf 81' lang='grc' dir='ltr'>ἑαυτὸν</span> <span class='ocrx_word' id='word_1_429' title='bbox 573 3088 832 3149; x_wconf 77' lang='grc' dir='ltr'>ἐδήλωσεν</span> <span class='ocrx_word' id='word_1_430' title='bbox 877 3093 902 3143; x_wconf 88' lang='grc' dir='ltr'><strong>ό</strong></span> <span class='ocrx_word' id='word_1_431' title='bbox 946 3096 1195 3164; x_wconf 86' lang='grc' dir='ltr'>Χριστός.</span> <span class='ocrx_word' id='word_1_432' title='bbox 1253 3093 1356 3146; x_wconf 84' lang='grc' dir='ltr'><strong>Καὶ</strong></span> <span class='ocrx_word' id='word_1_433' title='bbox 1403 3091 1450 3143; x_wconf 80' lang='grc' dir='ltr'>ἐν</span> <span class='ocrx_word' id='word_1_434' title='bbox 1493 3096 1582 3164; x_wconf 72' lang='grc' dir='ltr'><strong>μεν</strong></span> <span class='ocrx_word' id='word_1_435' title='bbox 1638 3099 1698 3164; x_wconf 77' lang='grc' dir='ltr'><strong>τῇ</strong></span> <span class='ocrx_word' id='word_1_436' title='bbox 1733 3112 1830 3143; x_wconf 87' lang='grc' dir='ltr'>πα-</span> 
     </span>
    </p>
   </div>
   <div class='ocr_carea' id='block_1_59' title="bbox 1944 3086 3593 3164">
    <p class='ocr_par' dir='ltr' id='par_1_59' title="bbox 1944 3086 3593 3162">
     <span class='ocr_line' id='line_1_59' title="bbox 1944 3086 3593 3162; baseline 0.007 -22"><span class='ocrx_word' id='word_1_437' title='bbox 1944 3086 2015 3140; x_wconf 81' lang='lat' dir='ltr'><strong>vit</strong></span> <span class='ocrx_word' id='word_1_438' title='bbox 2034 3087 2316 3152; x_wconf 87' lang='lat' dir='ltr'><strong>Christus,</strong></span> <span class='ocrx_word' id='word_1_439' title='bbox 2345 3087 2423 3142; x_wconf 86' lang='lat' dir='ltr'><strong>Et</strong></span> <span class='ocrx_word' id='word_1_440' title='bbox 2444 3089 2505 3142; x_wconf 88' lang='lat' dir='ltr'><strong>in</strong></span> <span class='ocrx_word' id='word_1_441' title='bbox 2526 3090 2751 3157; x_wconf 80' lang='lat' dir='ltr'><strong>patria,</strong></span> <span class='ocrx_word' id='word_1_442' title='bbox 2776 3089 2923 3145; x_wconf 82' lang='lat' dir='ltr'><strong>dixit</strong></span> <span class='ocrx_word' id='word_1_443' title='bbox 2947 3098 3190 3162; x_wconf 90' lang='lat' dir='ltr'><strong>propter</strong></span> <span class='ocrx_word' id='word_1_444' title='bbox 3211 3099 3392 3150; x_wconf 89' lang='lat' dir='ltr'><strong>totam</strong></span> <span class='ocrx_word' id='word_1_445' title='bbox 3415 3097 3593 3152; x_wconf 87' lang='lat' dir='ltr'><strong>Naza-</strong></span> 
     </span>
    </p>
   </div>
   <div class='ocr_carea' id='block_1_60' title="bbox 211 3176 1860 3270">
    <p class='ocr_par' dir='ltr' id='par_1_60' title="bbox 211 3176 1831 3255">
     <span class='ocr_line' id='line_1_60' title="bbox 211 3176 1831 3255; baseline -0.001 -23"><span class='ocrx_word' id='word_1_446' title='bbox 211 3178 374 3255; x_wconf 81' lang='grc' dir='ltr'>τρίδι</span> <span class='ocrx_word' id='word_1_447' title='bbox 435 3184 626 3255; x_wconf 82' lang='grc' dir='ltr'>εἴρηκε,</span> <span class='ocrx_word' id='word_1_448' title='bbox 681 3177 776 3232; x_wconf 81' lang='grc' dir='ltr'>διὰ</span> <span class='ocrx_word' id='word_1_449' title='bbox 829 3186 1004 3232; x_wconf 80' lang='grc' dir='ltr'>πᾶσαν</span> <span class='ocrx_word' id='word_1_450' title='bbox 1059 3185 1153 3238; x_wconf 84' lang='grc' dir='ltr'>τὴν</span> <span class='ocrx_word' id='word_1_451' title='bbox 1202 3183 1464 3251; x_wconf 83' lang='grc' dir='ltr'>Ναζαρέτ·</span> <span class='ocrx_word' id='word_1_452' title='bbox 1517 3179 1565 3231; x_wconf 78' lang='grc' dir='ltr'>ἐν</span> <span class='ocrx_word' id='word_1_453' title='bbox 1621 3176 1678 3232; x_wconf 74' lang='grc' dir='ltr'>δὲ</span> <span class='ocrx_word' id='word_1_454' title='bbox 1723 3187 1831 3241; x_wconf 87' lang='grc' dir='ltr'>τοῖς</span> 
     </span>
    </p>
   </div>
   <div class='ocr_carea' id='block_1_61' title="bbox 1942 3176 3591 3270">
    <p class='ocr_par' dir='ltr' id='par_1_61' title="bbox 1942 3176 3591 3253">
     <span class='ocr_line' id='line_1_61' title="bbox 1942 3176 3591 3253; baseline 0.005 -22"><span class='ocrx_word' id='word_1_455' title='bbox 1942 3176 2084 3231; x_wconf 92' lang='lat' dir='ltr'><strong>reth.</strong></span> <span class='ocrx_word' id='word_1_456' title='bbox 2105 3177 2269 3231; x_wconf 83' lang='lat' dir='ltr'><strong>Inter</strong></span> <span class='ocrx_word' id='word_1_457' title='bbox 2292 3183 2563 3246; x_wconf 78' lang='lat' dir='ltr'><strong>cognatos</strong></span> <span class='ocrx_word' id='word_1_458' title='bbox 2589 3193 2726 3232; x_wconf 85' lang='lat' dir='ltr'><strong>vero</strong></span> <span class='ocrx_word' id='word_1_459' title='bbox 2749 3184 2990 3250; x_wconf 85' lang='lat' dir='ltr'><strong>prOpter</strong></span> <span class='ocrx_word' id='word_1_460' title='bbox 3017 3196 3118 3235; x_wconf 92' lang='lat' dir='ltr'><strong>eos</strong></span> <span class='ocrx_word' id='word_1_461' title='bbox 3136 3183 3237 3251; x_wconf 92' lang='lat' dir='ltr'><strong>qui</strong></span> <span class='ocrx_word' id='word_1_462' title='bbox 3255 3186 3591 3253; x_wconf 91' lang='lat' dir='ltr'><strong>quomodo-</strong></span> 
     </span>
    </p>
   </div>
   <div class='ocr_carea' id='block_1_62' title="bbox 212 3264 1861 3341">
    <p class='ocr_par' dir='ltr' id='par_1_62' title="bbox 212 3265 1826 3341">
     <span class='ocr_line' id='line_1_62' title="bbox 212 3265 1826 3341; baseline -0.002 -18"><span class='ocrx_word' id='word_1_463' title='bbox 212 3273 524 3341; x_wconf 79' lang='grc' dir='ltr'>συγγενέσι,</span> <span class='ocrx_word' id='word_1_464' title='bbox 583 3267 676 3320; x_wconf 82' lang='grc' dir='ltr'>ὁιά</span> <span class='ocrx_word' id='word_1_465' title='bbox 741 3272 857 3328; x_wconf 84' lang='grc' dir='ltr'>τούς</span> <span class='ocrx_word' id='word_1_466' title='bbox 923 3265 1264 3326; x_wconf 78' lang='grc' dir='ltr'>ὁπωσδήποτε</span> <span class='ocrx_word' id='word_1_467' title='bbox 1327 3275 1590 3338; x_wconf 73' lang='grc' dir='ltr'>συγγενεῖς</span> <span class='ocrx_word' id='word_1_468' title='bbox 1648 3269 1826 3320; x_wconf 69' lang='grc' dir='ltr'>αὐτοῦ·</span> 
     </span>
    </p>
   </div>
   <div class='ocr_carea' id='block_1_63' title="bbox 1947 3264 3596 3341">
    <p class='ocr_par' dir='ltr' id='par_1_63' title="bbox 1947 3264 3596 3341">
     <span class='ocr_line' id='line_1_63' title="bbox 1947 3264 3596 3341; baseline 0.005 -23"><span class='ocrx_word' id='word_1_469' title='bbox 1947 3278 2172 3334; x_wconf 75' lang='lat' dir='ltr'><strong>cunque</strong></span> <span class='ocrx_word' id='word_1_470' title='bbox 2192 3264 2426 3332; x_wconf 88' lang='lat' dir='ltr'><strong>cognati</strong></span> <span class='ocrx_word' id='word_1_471' title='bbox 2460 3265 2588 3334; x_wconf 89' lang='lat' dir='ltr'><strong>ejus</strong></span> <span class='ocrx_word' id='word_1_472' title='bbox 2605 3271 2770 3319; x_wconf 91' lang='lat' dir='ltr'><strong>erant</strong></span> <span class='ocrx_word' id='word_1_473' title='bbox 2797 3281 2810 3330; x_wconf 89' lang='lat'><strong>;</strong></span> <span class='ocrx_word' id='word_1_474' title='bbox 2837 3270 2894 3320; x_wconf 91' lang='lat' dir='ltr'><strong>ln</strong></span> <span class='ocrx_word' id='word_1_475' title='bbox 2919 3267 3101 3321; x_wconf 91' lang='lat' dir='ltr'><strong>domo</strong></span> <span class='ocrx_word' id='word_1_476' title='bbox 3119 3275 3336 3331; x_wconf 87' lang='lat' dir='ltr'><strong>autem,</strong></span> <span class='ocrx_word' id='word_1_477' title='bbox 3356 3279 3596 3341; x_wconf 83' lang='lat' dir='ltr'><strong>propter</strong></span> 
     </span>
    </p>
   </div>
   <div class='ocr_carea' id='block_1_64' title="bbox 213 3351 1862 3428">
    <p class='ocr_par' dir='ltr' id='par_1_64' title="bbox 213 3353 1827 3428">
     <span class='ocr_line' id='line_1_64' title="bbox 213 3353 1827 3428; baseline -0.001 -17"><span class='ocrx_word' id='word_1_478' title='bbox 213 3360 262 3411; x_wconf 79' lang='grc' dir='ltr'>ἐν</span> <span class='ocrx_word' id='word_1_479' title='bbox 319 3355 384 3410; x_wconf 78' lang='grc' dir='ltr'>δὲ</span> <span class='ocrx_word' id='word_1_480' title='bbox 437 3365 502 3428; x_wconf 73' lang='grc' dir='ltr'><strong>τῇ</strong></span> <span class='ocrx_word' id='word_1_481' title='bbox 558 3357 718 3428; x_wconf 81' lang='grc' dir='ltr'>οἰκίᾳ,</span> <span class='ocrx_word' id='word_1_482' title='bbox 777 3353 868 3408; x_wconf 82' lang='grc' dir='ltr'>διὰ</span> <span class='ocrx_word' id='word_1_483' title='bbox 923 3361 1109 3428; x_wconf 85' lang='grc' dir='ltr'>μόνους</span> <span class='ocrx_word' id='word_1_484' title='bbox 1166 3361 1288 3418; x_wconf 81' lang='grc' dir='ltr'>τοὺς</span> <span class='ocrx_word' id='word_1_485' title='bbox 1339 3353 1595 3428; x_wconf 84' lang='grc' dir='ltr'>ἀδελφούς</span> <span class='ocrx_word' id='word_1_486' title='bbox 1652 3357 1827 3409; x_wconf 66' lang='grc' dir='ltr'><strong>αὐτοῦ⁸</strong></span> 
     </span>
    </p>
   </div>
   <div class='ocr_carea' id='block_1_65' title="bbox 1943 3351 3592 3428">
    <p class='ocr_par' dir='ltr' id='par_1_65' title="bbox 1943 3351 3592 3426">
     <span class='ocr_line' id='line_1_65' title="bbox 1943 3351 3592 3426; baseline 0.004 -19"><span class='ocrx_word' id='word_1_487' title='bbox 1943 3351 2098 3407; x_wconf 90' lang='lat' dir='ltr'><strong>solos</strong></span> <span class='ocrx_word' id='word_1_488' title='bbox 2124 3351 2332 3406; x_wconf 84' lang='lat' dir='ltr'><strong>fratres</strong></span> <span class='ocrx_word' id='word_1_489' title='bbox 2359 3351 2498 3420; x_wconf 91' lang='lat' dir='ltr'><strong>ejus.</strong></span> <span class='ocrx_word' id='word_1_490' title='bbox 2533 3353 2752 3407; x_wconf 89' lang='lat' dir='ltr'><strong>Omnes</strong></span> <span class='ocrx_word' id='word_1_491' title='bbox 2779 3354 2937 3408; x_wconf 92' lang='lat' dir='ltr'><strong>enim</strong></span> <span class='ocrx_word' id='word_1_492' title='bbox 2968 3354 3376 3421; x_wconf 90' lang='lat' dir='ltr'><strong>despiciebant</strong></span> <span class='ocrx_word' id='word_1_493' title='bbox 3407 3375 3545 3415; x_wconf 90' lang='lat' dir='ltr'><strong>eum</strong></span> <span class='ocrx_word' id='word_1_494' title='bbox 3579 3376 3592 3426; x_wconf 93' lang='lat'>;</span> 
     </span>
    </p>
   </div>
   <div class='ocr_carea' id='block_1_66' title="bbox 212 3439 1861 3519">
    <p class='ocr_par' dir='ltr' id='par_1_66' title="bbox 212 3445 1833 3519">
     <span class='ocr_line' id='line_1_66' title="bbox 212 3445 1833 3519; baseline -0.001 -20"><span class='ocrx_word' id='word_1_495' title='bbox 212 3451 408 3506; x_wconf 83' lang='grc' dir='ltr'>πάντες</span> <span class='ocrx_word' id='word_1_496' title='bbox 477 3448 578 3519; x_wconf 82' lang='grc' dir='ltr'><strong>γὰρ</strong></span> <span class='ocrx_word' id='word_1_497' title='bbox 636 3445 796 3497; x_wconf 72' lang='grc' dir='ltr'>αὑτοῦ</span> <span class='ocrx_word' id='word_1_498' title='bbox 848 3450 1214 3518; x_wconf 82' lang='grc' dir='ltr'>κατεφρόνουνο</span> <span class='ocrx_word' id='word_1_499' title='bbox 1280 3447 1328 3496; x_wconf 85' lang='grc' dir='ltr'>οἱ</span> <span class='ocrx_word' id='word_1_500' title='bbox 1394 3448 1504 3517; x_wconf 74' lang='grc' dir='ltr'>μὲν,</span> <span class='ocrx_word' id='word_1_501' title='bbox 1577 3447 1642 3506; x_wconf 86' lang='grc' dir='ltr'>ὡς</span> <span class='ocrx_word' id='word_1_502' title='bbox 1703 3465 1833 3518; x_wconf 87' lang='grc' dir='ltr'>συμ-</span> 
     </span>
    </p>
   </div>
   <div class='ocr_carea' id='block_1_67' title="bbox 1948 3439 3597 3519">
    <p class='ocr_par' dir='ltr' id='par_1_67' title="bbox 1948 3439 3597 3512">
     <span class='ocr_line' id='line_1_67' title="bbox 1948 3439 3597 3512; baseline 0.005 -18"><span class='ocrx_word' id='word_1_503' title='bbox 1948 3439 2019 3495; x_wconf 82' lang='lat' dir='ltr'><strong>illi</strong></span> <span class='ocrx_word' id='word_1_504' title='bbox 2048 3439 2288 3510; x_wconf 89' lang='lat' dir='ltr'><strong>quidem</strong></span> <span class='ocrx_word' id='word_1_505' title='bbox 2321 3444 2610 3510; x_wconf 87' lang='lat' dir='ltr'><strong>tanquam</strong></span> <span class='ocrx_word' id='word_1_506' title='bbox 2643 3440 2982 3512; x_wconf 82' lang='lat' dir='ltr'><strong>patriotain,</strong></span> <span class='ocrx_word' id='word_1_507' title='bbox 3016 3442 3108 3496; x_wconf 89' lang='lat' dir='ltr'><strong>isti</strong></span> <span class='ocrx_word' id='word_1_508' title='bbox 3139 3458 3280 3498; x_wconf 89' lang='lat' dir='ltr'><strong>vero</strong></span> <span class='ocrx_word' id='word_1_509' title='bbox 3312 3444 3475 3499; x_wconf 86' lang='lat' dir='ltr'><strong>velut</strong></span> <span class='ocrx_word' id='word_1_510' title='bbox 3503 3463 3597 3502; x_wconf 82' lang='lat' dir='ltr'><strong>co-</strong></span> 
     </span>
    </p>
   </div>
   <div class='ocr_carea' id='block_1_68' title="bbox 217 3527 1866 3609">
    <p class='ocr_par' dir='ltr' id='par_1_68' title="bbox 217 3529 1830 3609">
     <span class='ocr_line' id='line_1_68' title="bbox 217 3529 1830 3609; baseline -0.001 -20"><span class='ocrx_word' id='word_1_511' title='bbox 217 3540 549 3609; x_wconf 84' lang='grc' dir='ltr'>πατριὼτου,</span> <span class='ocrx_word' id='word_1_512' title='bbox 582 3535 632 3585; x_wconf 83' lang='grc' dir='ltr'>οἱ</span> <span class='ocrx_word' id='word_1_513' title='bbox 677 3529 754 3604; x_wconf 72' lang='grc' dir='ltr'>δὲ,</span> <span class='ocrx_word' id='word_1_514' title='bbox 803 3535 867 3594; x_wconf 85' lang='grc' dir='ltr'>ὡς</span> <span class='ocrx_word' id='word_1_515' title='bbox 903 3541 1202 3603; x_wconf 86' lang='grc' dir='ltr'>συγγενοῦς,</span> <span class='ocrx_word' id='word_1_516' title='bbox 1250 3535 1298 3584; x_wconf 82' lang='grc' dir='ltr'>οἱ</span> <span class='ocrx_word' id='word_1_517' title='bbox 1348 3529 1423 3602; x_wconf 70' lang='grc' dir='ltr'>δὲ,</span> <span class='ocrx_word' id='word_1_518' title='bbox 1472 3535 1542 3594; x_wconf 84' lang='grc' dir='ltr'>ὡς</span> <span class='ocrx_word' id='word_1_519' title='bbox 1588 3531 1830 3605; x_wconf 82' lang='grc' dir='ltr'>ἀδελφοῦ.</span> 
     </span>
    </p>
   </div>
   <div class='ocr_carea' id='block_1_69' title="bbox 1948 3527 3597 3609">
    <p class='ocr_par' dir='ltr' id='par_1_69' title="bbox 1948 3527 3597 3600">
     <span class='ocr_line' id='line_1_69' title="bbox 1948 3527 3597 3600; baseline 0.005 -18"><span class='ocrx_word' id='word_1_520' title='bbox 1948 3534 2212 3597; x_wconf 89' lang='lat' dir='ltr'><strong>gnatum,</strong></span> <span class='ocrx_word' id='word_1_521' title='bbox 2245 3527 2304 3582; x_wconf 94' lang='lat' dir='ltr'><strong>hi</strong></span> <span class='ocrx_word' id='word_1_522' title='bbox 2335 3533 2533 3582; x_wconf 89' lang='lat' dir='ltr'><strong>autem</strong></span> <span class='ocrx_word' id='word_1_523' title='bbox 2564 3527 2737 3600; x_wconf 89' lang='lat' dir='ltr'><strong>quasi</strong></span> <span class='ocrx_word' id='word_1_524' title='bbox 2769 3527 3040 3585; x_wconf 80' lang='lat' dir='ltr'><strong>fratrem.</strong></span> <span class='ocrx_word' id='word_1_525' title='bbox 3078 3529 3218 3585; x_wconf 87' lang='lat' dir='ltr'><strong>Ideo</strong></span> <span class='ocrx_word' id='word_1_526' title='bbox 3249 3531 3426 3586; x_wconf 89' lang='lat' dir='ltr'><strong>etiam</strong></span> <span class='ocrx_word' id='word_1_527' title='bbox 3459 3551 3597 3590; x_wconf 87' lang='lat' dir='ltr'><strong>cum</strong></span> 
     </span>
    </p>
   </div>
   <div class='ocr_carea' id='block_1_70' title="bbox 220 3615 1869 3695">
    <p class='ocr_par' dir='ltr' id='par_1_70' title="bbox 220 3619 1833 3695">
     <span class='ocr_line' id='line_1_70' title="bbox 220 3619 1833 3695; baseline -0.001 -18"><span class='ocrx_word' id='word_1_528' title='bbox 220 3629 311 3678; x_wconf 84' lang='grc' dir='ltr'><strong>Διὸ</strong></span> <span class='ocrx_word' id='word_1_529' title='bbox 399 3627 492 3674; x_wconf 82' lang='grc' dir='ltr'><strong>καὶ</strong></span> <span class='ocrx_word' id='word_1_530' title='bbox 576 3623 844 3695; x_wconf 80' lang='grc' dir='ltr'>ὑπερφυῶς</span> <span class='ocrx_word' id='word_1_531' title='bbox 925 3619 1318 3693; x_wconf 70' lang='grc' dir='ltr'>εὐδοκιμοῦντος</span> <span class='ocrx_word' id='word_1_532' title='bbox 1399 3619 1833 3683; x_wconf 78' lang='grc' dir='ltr'>ἐσκανδαλίζοντο</span> 
     </span>
    </p>
   </div>
   <div class='ocr_carea' id='block_1_71' title="bbox 1950 3615 3599 3695">
    <p class='ocr_par' dir='ltr' id='par_1_71' title="bbox 1950 3615 3599 3688">
     <span class='ocr_line' id='line_1_71' title="bbox 1950 3615 3599 3688; baseline 0.003 -17"><span class='ocrx_word' id='word_1_533' title='bbox 1950 3615 2459 3688; x_wconf 80' lang='lat' dir='ltr'><strong>supernaturaliter</strong></span> <span class='ocrx_word' id='word_1_534' title='bbox 2492 3617 2991 3686; x_wconf 85' lang='lat' dir='ltr'><strong>magniﬁcaretur,</strong></span> <span class='ocrx_word' id='word_1_535' title='bbox 3026 3615 3486 3676; x_wconf 73' lang='lat' dir='ltr'><strong>oﬂ‘endebantur</strong></span> <span class='ocrx_word' id='word_1_536' title='bbox 3511 3640 3599 3676; x_wconf 88' lang='lat' dir='ltr'><strong>su-</strong></span> 
     </span>
    </p>
   </div>
   <div class='ocr_carea' id='block_1_72' title="bbox 222 3705 1871 3783">
    <p class='ocr_par' dir='ltr' id='par_1_72' title="bbox 222 3707 1834 3783">
     <span class='ocr_line' id='line_1_72' title="bbox 222 3707 1834 3783; baseline -0.001 -18"><span class='ocrx_word' id='word_1_537' title='bbox 222 3712 305 3765; x_wconf 79' lang='grc' dir='ltr'><strong>ἒπ’</strong></span> <span class='ocrx_word' id='word_1_538' title='bbox 364 3711 531 3780; x_wconf 78' lang='grc' dir='ltr'>αύτῷ,</span> <span class='ocrx_word' id='word_1_539' title='bbox 587 3714 876 3774; x_wconf 85' lang='grc' dir='ltr'>τουτέστιν,</span> <span class='ocrx_word' id='word_1_540' title='bbox 926 3710 1018 3762; x_wconf 75' lang='grc' dir='ltr'><strong>οῦκ</strong></span> <span class='ocrx_word' id='word_1_541' title='bbox 1067 3707 1326 3769; x_wconf 75' lang='grc' dir='ltr'>ἠδύναντο</span> <span class='ocrx_word' id='word_1_542' title='bbox 1383 3714 1642 3763; x_wconf 82' lang='grc' dir='ltr'>πιστεύειν</span> <span class='ocrx_word' id='word_1_543' title='bbox 1695 3712 1834 3783; x_wconf 81' lang='grc' dir='ltr'>αύτῷ</span> 
     </span>
    </p>
   </div>
   <div class='ocr_carea' id='block_1_73' title="bbox 1950 3705 3599 3783">
    <p class='ocr_par' dir='ltr' id='par_1_73' title="bbox 1950 3705 3599 3782">
     <span class='ocr_line' id='line_1_73' title="bbox 1950 3705 3599 3782; baseline 0.004 -23"><span class='ocrx_word' id='word_1_544' title='bbox 1950 3721 2048 3778; x_wconf 90' lang='lat' dir='ltr'><strong>per</strong></span> <span class='ocrx_word' id='word_1_545' title='bbox 2064 3720 2153 3770; x_wconf 92' lang='lat' dir='ltr'><strong>eo,</strong></span> <span class='ocrx_word' id='word_1_546' title='bbox 2178 3705 2292 3760; x_wconf 93' lang='lat' dir='ltr'><strong>hoc</strong></span> <span class='ocrx_word' id='word_1_547' title='bbox 2314 3711 2423 3774; x_wconf 91' lang='lat' dir='ltr'><strong>est,</strong></span> <span class='ocrx_word' id='word_1_548' title='bbox 2446 3712 2690 3777; x_wconf 89' lang='lat' dir='ltr'><strong>propter</strong></span> <span class='ocrx_word' id='word_1_549' title='bbox 2714 3705 3002 3762; x_wconf 85' lang='lat' dir='ltr'><strong>invidiam</strong></span> <span class='ocrx_word' id='word_1_550' title='bbox 3022 3706 3073 3761; x_wconf 91' lang='lat' dir='ltr'><strong>ei</strong></span> <span class='ocrx_word' id='word_1_551' title='bbox 3091 3709 3328 3764; x_wconf 90' lang='lat' dir='ltr'><strong>credere</strong></span> <span class='ocrx_word' id='word_1_552' title='bbox 3348 3725 3468 3765; x_wconf 92' lang='lat' dir='ltr'><strong>non</strong></span> <span class='ocrx_word' id='word_1_553' title='bbox 3494 3727 3599 3782; x_wconf 91' lang='lat' dir='ltr'><strong>po-</strong></span> 
     </span>
    </p>
   </div>
   <div class='ocr_carea' id='block_1_74' title="bbox 226 3795 1875 3870">
    <p class='ocr_par' dir='ltr' id='par_1_74' title="bbox 226 3796 1834 3870">
     <span class='ocr_line' id='line_1_74' title="bbox 226 3796 1834 3870; baseline -0.001 -16"><span class='ocrx_word' id='word_1_554' title='bbox 226 3799 326 3854; x_wconf 82' lang='grc' dir='ltr'>διόι</span> <span class='ocrx_word' id='word_1_555' title='bbox 357 3803 449 3852; x_wconf 86' lang='grc' dir='ltr'>τὸν</span> <span class='ocrx_word' id='word_1_556' title='bbox 499 3800 699 3870; x_wconf 88' lang='grc' dir='ltr'>φθόνον,</span> <span class='ocrx_word' id='word_1_557' title='bbox 745 3799 788 3850; x_wconf 82' lang='grc' dir='ltr'>εἰ</span> <span class='ocrx_word' id='word_1_558' title='bbox 831 3803 920 3850; x_wconf 87' lang='grc' dir='ltr'>καὶ</span> <span class='ocrx_word' id='word_1_559' title='bbox 965 3800 1012 3850; x_wconf 84' lang='grc' dir='ltr'>οἱ</span> <span class='ocrx_word' id='word_1_560' title='bbox 1061 3801 1150 3869; x_wconf 75' lang='grc' dir='ltr'>μὲν</span> <span class='ocrx_word' id='word_1_561' title='bbox 1197 3798 1384 3863; x_wconf 86' lang='grc' dir='ltr'>πλεῖον,</span> <span class='ocrx_word' id='word_1_562' title='bbox 1439 3802 1486 3851; x_wconf 81' lang='grc' dir='ltr'>οἱ</span> <span class='ocrx_word' id='word_1_563' title='bbox 1529 3796 1586 3852; x_wconf 77' lang='grc' dir='ltr'>δὲ</span> <span class='ocrx_word' id='word_1_564' title='bbox 1631 3800 1834 3852; x_wconf 76' lang='grc' dir='ltr'>ἔλαττον</span> 
     </span>
    </p>
   </div>
   <div class='ocr_carea' id='block_1_75' title="bbox 1955 3795 3604 3870">
    <p class='ocr_par' dir='ltr' id='par_1_75' title="bbox 1955 3795 3604 3867">
     <span class='ocr_line' id='line_1_75' title="bbox 1955 3795 3604 3867; baseline 0.002 -17"><span class='ocrx_word' id='word_1_565' title='bbox 1955 3798 2133 3850; x_wconf 79' lang='lat' dir='ltr'><strong>terant</strong></span> <span class='ocrx_word' id='word_1_566' title='bbox 2166 3809 2180 3860; x_wconf 90' lang='lat'><strong>;</strong></span> <span class='ocrx_word' id='word_1_567' title='bbox 2209 3795 2316 3850; x_wconf 92' lang='lat' dir='ltr'><strong>etsi</strong></span> <span class='ocrx_word' id='word_1_568' title='bbox 2345 3795 2592 3866; x_wconf 90' lang='lat' dir='ltr'><strong>quidam</strong></span> <span class='ocrx_word' id='word_1_569' title='bbox 2627 3795 2841 3866; x_wconf 87' lang='lat' dir='ltr'><strong>magis,</strong></span> <span class='ocrx_word' id='word_1_570' title='bbox 2872 3795 3121 3867; x_wconf 89' lang='lat' dir='ltr'><strong>quidam</strong></span> <span class='ocrx_word' id='word_1_571' title='bbox 3154 3801 3356 3853; x_wconf 89' lang='lat' dir='ltr'><strong>autem</strong></span> <span class='ocrx_word' id='word_1_572' title='bbox 3406 3799 3604 3854; x_wconf 88' lang='lat' dir='ltr'><strong>minus</strong></span> 
     </span>
    </p>
   </div>
   <div class='ocr_carea' id='block_1_76' title="bbox 226 3884 1875 3962">
    <p class='ocr_par' dir='ltr' id='par_1_76' title="bbox 226 3887 1836 3962">
     <span class='ocr_line' id='line_1_76' title="bbox 226 3887 1836 3962; baseline 0 -21"><span class='ocrx_word' id='word_1_573' title='bbox 226 3891 500 3962; x_wconf 73' lang='grc' dir='ltr'>ἐφθόνουν.</span> <span class='ocrx_word' id='word_1_574' title='bbox 573 3887 682 3938; x_wconf 84' lang='grc' dir='ltr'><strong>Ούκ</strong></span> <span class='ocrx_word' id='word_1_575' title='bbox 747 3888 887 3938; x_wconf 82' lang='grc' dir='ltr'>ἔστιν</span> <span class='ocrx_word' id='word_1_576' title='bbox 962 3887 1067 3950; x_wconf 78' lang='grc' dir='ltr'>οὖν,</span> <span class='ocrx_word' id='word_1_577' title='bbox 1157 3892 1306 3958; x_wconf 76' lang='grc' dir='ltr'>φησι,</span> <span class='ocrx_word' id='word_1_578' title='bbox 1388 3893 1652 3962; x_wconf 78' lang='grc' dir='ltr'>προφήτης</span> <span class='ocrx_word' id='word_1_579' title='bbox 1716 3891 1836 3941; x_wconf 84' lang='grc' dir='ltr'>οῖτι-</span> 
     </span>
    </p>
   </div>
   <div class='ocr_carea' id='block_1_77' title="bbox 1957 3884 3606 3962">
    <p class='ocr_par' dir='ltr' id='par_1_77' title="bbox 1957 3884 3606 3956">
     <span class='ocr_line' id='line_1_77' title="bbox 1957 3884 3606 3956; baseline 0.004 -18"><span class='ocrx_word' id='word_1_580' title='bbox 1957 3884 2295 3939; x_wconf 55' lang='grc' dir='ltr'>ιηνὶἀετθηι.</span> <span class='ocrx_word' id='word_1_581' title='bbox 2354 3884 2487 3939; x_wconf 86' lang='lat' dir='ltr'><strong>Non</strong></span> <span class='ocrx_word' id='word_1_582' title='bbox 2544 3888 2626 3939; x_wconf 86' lang='lat' dir='ltr'><strong>est</strong></span> <span class='ocrx_word' id='word_1_583' title='bbox 2670 3900 2831 3953; x_wconf 89' lang='lat' dir='ltr'><strong>ergo,</strong></span> <span class='ocrx_word' id='word_1_584' title='bbox 2890 3885 3103 3956; x_wconf 92' lang='lat' dir='ltr'><strong>inquit,</strong></span> <span class='ocrx_word' id='word_1_585' title='bbox 3156 3888 3430 3956; x_wconf 82' lang='lat' dir='ltr'><strong>propheta</strong></span> <span class='ocrx_word' id='word_1_586' title='bbox 3485 3890 3606 3944; x_wconf 84' lang='lat' dir='ltr'><strong>sine</strong></span> 
     </span>
    </p>
   </div>
   <div class='ocr_carea' id='block_1_78' title="bbox 227 3971 1876 4049">
    <p class='ocr_par' dir='ltr' id='par_1_78' title="bbox 227 3971 1838 4049">
     <span class='ocr_line' id='line_1_78' title="bbox 227 3971 1838 4049; baseline 0.002 -23"><span class='ocrx_word' id='word_1_587' title='bbox 227 3998 350 4049; x_wconf 77' lang='grc' dir='ltr'>μσς,</span> <span class='ocrx_word' id='word_1_588' title='bbox 386 3974 510 4048; x_wconf 85' lang='grc' dir='ltr'>παρ’</span> <span class='ocrx_word' id='word_1_589' title='bbox 545 3974 656 4046; x_wconf 76' lang='grc'><strong>(49)</strong></span> <span class='ocrx_word' id='word_1_590' title='bbox 689 3975 764 4034; x_wconf 85' lang='grc' dir='ltr'>οἷς</span> <span class='ocrx_word' id='word_1_591' title='bbox 809 3971 950 4026; x_wconf 83' lang='grc' dir='ltr'><strong>δοκεί</strong></span> <span class='ocrx_word' id='word_1_592' title='bbox 993 3981 1282 4047; x_wconf 80' lang='grc' dir='ltr'>προφήτης,</span> <span class='ocrx_word' id='word_1_593' title='bbox 1337 3976 1380 4027; x_wconf 83' lang='grc' dir='ltr'>εἰ</span> <span class='ocrx_word' id='word_1_594' title='bbox 1421 3981 1493 4047; x_wconf 80' lang='grc' dir='ltr'>μὴ</span> <span class='ocrx_word' id='word_1_595' title='bbox 1539 3976 1586 4028; x_wconf 83' lang='grc' dir='ltr'>ἐν</span> <span class='ocrx_word' id='word_1_596' title='bbox 1631 3985 1690 4049; x_wconf 75' lang='grc' dir='ltr'><strong>τῇ</strong></span> <span class='ocrx_word' id='word_1_597' title='bbox 1743 3999 1838 4030; x_wconf 90' lang='grc' dir='ltr'>πα-</span> 
     </span>
    </p>
   </div>
   <div class='ocr_carea' id='block_1_79' title="bbox 1954 3971 3603 4049">
    <p class='ocr_par' dir='ltr' id='par_1_79' title="bbox 1954 3973 3603 4046">
     <span class='ocr_line' id='line_1_79' title="bbox 1954 3973 3603 4046; baseline 0.003 -18"><span class='ocrx_word' id='word_1_598' title='bbox 1954 3973 2164 4029; x_wconf 78' lang='lat' dir='ltr'><strong>honore</strong></span> <span class='ocrx_word' id='word_1_599' title='bbox 2194 3973 2357 4044; x_wconf 86' lang='lat' dir='ltr'><strong>apud</strong></span> <span class='ocrx_word' id='word_1_600' title='bbox 2383 3989 2535 4044; x_wconf 90' lang='lat' dir='ltr'><strong>quos</strong></span> <span class='ocrx_word' id='word_1_601' title='bbox 2567 3973 2797 4029; x_wconf 89' lang='lat' dir='ltr'><strong>videtur</strong></span> <span class='ocrx_word' id='word_1_602' title='bbox 2828 3975 3143 4045; x_wconf 87' lang='lat' dir='ltr'><strong>prOpheta,</strong></span> <span class='ocrx_word' id='word_1_603' title='bbox 3173 3977 3290 4031; x_wconf 75' lang='lat' dir='ltr'><strong>nisi</strong></span> <span class='ocrx_word' id='word_1_604' title='bbox 3318 3980 3380 4033; x_wconf 84' lang='lat' dir='ltr'><strong>in</strong></span> <span class='ocrx_word' id='word_1_605' title='bbox 3405 3979 3603 4046; x_wconf 78' lang='lat' dir='ltr'><strong>patria</strong></span> 
     </span>
    </p>
   </div>
   <div class='ocr_carea' id='block_1_80' title="bbox 225 4061 1874 4139">
    <p class='ocr_par' dir='ltr' id='par_1_80' title="bbox 225 4061 1835 4139">
     <span class='ocr_line' id='line_1_80' title="bbox 225 4061 1835 4139; baseline -0.001 -21"><span class='ocrx_word' id='word_1_606' title='bbox 225 4063 384 4139; x_wconf 83' lang='grc' dir='ltr'>τρίδι</span> <span class='ocrx_word' id='word_1_607' title='bbox 460 4063 616 4115; x_wconf 71' lang='grc' dir='ltr'>αὐτοῦ</span> <span class='ocrx_word' id='word_1_608' title='bbox 670 4067 759 4114; x_wconf 85' lang='grc' dir='ltr'>καὶ</span> <span class='ocrx_word' id='word_1_609' title='bbox 835 4061 882 4113; x_wconf 82' lang='grc' dir='ltr'>ἐν</span> <span class='ocrx_word' id='word_1_610' title='bbox 954 4070 1062 4124; x_wconf 88' lang='grc' dir='ltr'>τοῖς</span> <span class='ocrx_word' id='word_1_611' title='bbox 1127 4068 1420 4134; x_wconf 81' lang='grc' dir='ltr'>συγγενέσι,</span> <span class='ocrx_word' id='word_1_612' title='bbox 1500 4069 1588 4116; x_wconf 83' lang='grc' dir='ltr'>καὶ</span> <span class='ocrx_word' id='word_1_613' title='bbox 1651 4065 1698 4117; x_wconf 83' lang='grc' dir='ltr'>ἐν</span> <span class='ocrx_word' id='word_1_614' title='bbox 1775 4075 1835 4138; x_wconf 78' lang='grc' dir='ltr'>τῇ</span> 
     </span>
    </p>
   </div>
   <div class='ocr_carea' id='block_1_81' title="bbox 1959 4061 3608 4139">
    <p class='ocr_par' dir='ltr' id='par_1_81' title="bbox 1959 4061 3608 4136">
     <span class='ocr_line' id='line_1_81' title="bbox 1959 4061 3608 4136; baseline 0.003 -20"><span class='ocrx_word' id='word_1_615' title='bbox 1959 4077 2054 4116; x_wconf 72' lang='lat' dir='ltr'><strong>sua</strong></span> <span class='ocrx_word' id='word_1_616' title='bbox 2085 4068 2136 4116; x_wconf 92' lang='lat' dir='ltr'><strong>et</strong></span> <span class='ocrx_word' id='word_1_617' title='bbox 2163 4063 2320 4116; x_wconf 85' lang='lat' dir='ltr'><strong>inter</strong></span> <span class='ocrx_word' id='word_1_618' title='bbox 2336 4068 2614 4129; x_wconf 82' lang='lat' dir='ltr'><strong>cognatos</strong></span> <span class='ocrx_word' id='word_1_619' title='bbox 2636 4068 2689 4117; x_wconf 83' lang='lat' dir='ltr'><strong>et</strong></span> <span class='ocrx_word' id='word_1_620' title='bbox 2715 4061 2777 4116; x_wconf 84' lang='lat' dir='ltr'><strong>in</strong></span> <span class='ocrx_word' id='word_1_621' title='bbox 2803 4063 2973 4117; x_wconf 90' lang='lat' dir='ltr'><strong>domo</strong></span> <span class='ocrx_word' id='word_1_622' title='bbox 2993 4079 3121 4120; x_wconf 82' lang='lat' dir='ltr'><strong>sua.</strong></span> <span class='ocrx_word' id='word_1_623' title='bbox 3160 4064 3225 4119; x_wconf 86' lang='lat' dir='ltr'><strong>Hi</strong></span> <span class='ocrx_word' id='word_1_624' title='bbox 3242 4066 3401 4120; x_wconf 91' lang='lat' dir='ltr'><strong>enim</strong></span> <span class='ocrx_word' id='word_1_625' title='bbox 3423 4082 3608 4136; x_wconf 90' lang='lat' dir='ltr'><strong>quan-</strong></span> 
     </span>
    </p>
   </div>
   <div class='ocr_carea' id='block_1_82' title="bbox 228 4148 1877 4225">
    <p class='ocr_par' dir='ltr' id='par_1_82' title="bbox 228 4150 1840 4225">
     <span class='ocr_line' id='line_1_82' title="bbox 228 4150 1840 4225; baseline -0.001 -19"><span class='ocrx_word' id='word_1_626' title='bbox 228 4157 380 4225; x_wconf 79' lang='grc' dir='ltr'>οἰκίᾳ</span> <span class='ocrx_word' id='word_1_627' title='bbox 450 4151 630 4205; x_wconf 73' lang='grc' dir='ltr'>αὐτοῦ.</span> <span class='ocrx_word' id='word_1_628' title='bbox 698 4150 858 4203; x_wconf 73' lang='grc' dir='ltr'>Οὗτοι</span> <span class='ocrx_word' id='word_1_629' title='bbox 927 4150 1044 4224; x_wconf 81' lang='grc' dir='ltr'>λὰρ,</span> <span class='ocrx_word' id='word_1_630' title='bbox 1101 4155 1273 4202; x_wconf 89' lang='grc' dir='ltr'>καίτοι</span> <span class='ocrx_word' id='word_1_631' title='bbox 1343 4158 1613 4224; x_wconf 79' lang='grc' dir='ltr'>προφήτην</span> <span class='ocrx_word' id='word_1_632' title='bbox 1687 4154 1840 4205; x_wconf 79' lang='grc' dir='ltr'>αῦτόν</span> 
     </span>
    </p>
   </div>
   <div class='ocr_carea' id='block_1_83' title="bbox 1962 4148 3611 4225">
    <p class='ocr_par' dir='ltr' id='par_1_83' title="bbox 1962 4148 3611 4225">
     <span class='ocr_line' id='line_1_83' title="bbox 1962 4148 3611 4225; baseline 0.004 -23"><span class='ocrx_word' id='word_1_633' title='bbox 1962 4164 2134 4218; x_wconf 61' lang='lat' dir='ltr'><strong>quam</strong></span> <span class='ocrx_word' id='word_1_634' title='bbox 2152 4148 2507 4219; x_wconf 90' lang='lat' dir='ltr'><strong>prophetam</strong></span> <span class='ocrx_word' id='word_1_635' title='bbox 2529 4163 2667 4203; x_wconf 89' lang='lat' dir='ltr'><strong>eum</strong></span> <span class='ocrx_word' id='word_1_636' title='bbox 2689 4164 2815 4203; x_wconf 91' lang='lat' dir='ltr'><strong>esse</strong></span> <span class='ocrx_word' id='word_1_637' title='bbox 2834 4155 3148 4215; x_wconf 88' lang='lat' dir='ltr'><strong>noverunt,</strong></span> <span class='ocrx_word' id='word_1_638' title='bbox 3179 4157 3377 4206; x_wconf 90' lang='lat' dir='ltr'><strong>tamen</strong></span> <span class='ocrx_word' id='word_1_639' title='bbox 3404 4153 3611 4225; x_wconf 88' lang='lat' dir='ltr'><strong>despi-</strong></span> 
     </span>
    </p>
   </div>
   <div class='ocr_carea' id='block_1_84' title="bbox 227 4236 1876 4313">
    <p class='ocr_par' dir='ltr' id='par_1_84' title="bbox 227 4236 1842 4313">
     <span class='ocr_line' id='line_1_84' title="bbox 227 4236 1842 4313; baseline 0 -20"><span class='ocrx_word' id='word_1_640' title='bbox 227 4238 455 4304; x_wconf 80' lang='grc' dir='ltr'>εἰδότες,</span> <span class='ocrx_word' id='word_1_641' title='bbox 523 4241 660 4311; x_wconf 83' lang='grc' dir='ltr'>ὅμως</span> <span class='ocrx_word' id='word_1_642' title='bbox 717 4247 1130 4313; x_wconf 87' lang='grc' dir='ltr'>καταφρονοῦσιν</span> <span class='ocrx_word' id='word_1_643' title='bbox 1202 4239 1380 4302; x_wconf 71' lang='grc' dir='ltr'>αὐτοῦ,</span> <span class='ocrx_word' id='word_1_644' title='bbox 1461 4236 1554 4291; x_wconf 88' lang='grc' dir='ltr'><strong>διά</strong></span> <span class='ocrx_word' id='word_1_645' title='bbox 1629 4260 1681 4293; x_wconf 87' lang='grc' dir='ltr'><strong>τε</strong></span> <span class='ocrx_word' id='word_1_646' title='bbox 1748 4246 1842 4299; x_wconf 76' lang='grc' dir='ltr'>τὴν</span> 
     </span>
    </p>
   </div>
   <div class='ocr_carea' id='block_1_85' title="bbox 1961 4236 3610 4313">
    <p class='ocr_par' dir='ltr' id='par_1_85' title="bbox 1961 4236 3610 4308">
     <span class='ocr_line' id='line_1_85' title="bbox 1961 4236 3610 4308; baseline 0.004 -18"><span class='ocrx_word' id='word_1_647' title='bbox 1961 4237 2114 4290; x_wconf 82' lang='lat' dir='ltr'><strong>:iunt</strong></span> <span class='ocrx_word' id='word_1_648' title='bbox 2133 4250 2270 4290; x_wconf 91' lang='lat' dir='ltr'><strong>eum</strong></span> <span class='ocrx_word' id='word_1_649' title='bbox 2293 4240 2533 4306; x_wconf 90' lang='lat' dir='ltr'><strong>propter</strong></span> <span class='ocrx_word' id='word_1_650' title='bbox 2561 4251 2808 4291; x_wconf 89' lang='lat' dir='ltr'><strong>causam</strong></span> <span class='ocrx_word' id='word_1_651' title='bbox 2838 4236 3058 4290; x_wconf 87' lang='lat' dir='ltr'><strong>dictam</strong></span> <span class='ocrx_word' id='word_1_652' title='bbox 3085 4253 3098 4301; x_wconf 93' lang='lat'>;</span> <span class='ocrx_word' id='word_1_653' title='bbox 3122 4244 3177 4293; x_wconf 91' lang='lat' dir='ltr'><strong>et</strong></span> <span class='ocrx_word' id='word_1_654' title='bbox 3205 4238 3348 4308; x_wconf 90' lang='lat' dir='ltr'><strong>quia</strong></span> <span class='ocrx_word' id='word_1_655' title='bbox 3371 4246 3610 4296; x_wconf 89' lang='lat' dir='ltr'><strong>assueta</strong></span> 
     </span>
    </p>
   </div>
   <div class='ocr_carea' id='block_1_86' title="bbox 228 4321 1877 4404">
    <p class='ocr_par' dir='ltr' id='par_1_86' title="bbox 228 4324 1841 4404">
     <span class='ocr_line' id='line_1_86' title="bbox 228 4324 1841 4404; baseline -0.002 -22"><span class='ocrx_word' id='word_1_656' title='bbox 228 4331 489 4404; x_wconf 80' lang='grc' dir='ltr'>ῥηθεῖσαν</span> <span class='ocrx_word' id='word_1_657' title='bbox 539 4328 728 4392; x_wconf 81' lang='grc' dir='ltr'>αἰτίαν,</span> <span class='ocrx_word' id='word_1_658' title='bbox 793 4332 880 4379; x_wconf 85' lang='grc' dir='ltr'>καὶ</span> <span class='ocrx_word' id='word_1_659' title='bbox 938 4324 1077 4380; x_wconf 85' lang='grc' dir='ltr'>διότι</span> <span class='ocrx_word' id='word_1_660' title='bbox 1124 4330 1189 4380; x_wconf 81' lang='grc' dir='ltr'><strong>τὰ</strong></span> <span class='ocrx_word' id='word_1_661' title='bbox 1252 4330 1471 4391; x_wconf 77' lang='grc' dir='ltr'>συνήθη,</span> <span class='ocrx_word' id='word_1_662' title='bbox 1529 4329 1841 4400; x_wconf 70' lang='grc' dir='ltr'>εὐκαταφρό-</span> 
     </span>
    </p>
   </div>
   <div class='ocr_carea' id='block_1_87' title="bbox 1959 4321 3608 4404">
    <p class='ocr_par' dir='ltr' id='par_1_87' title="bbox 1959 4321 3608 4392">
     <span class='ocr_line' id='line_1_87' title="bbox 1959 4321 3608 4392; baseline 0.004 -15"><span class='ocrx_word' id='word_1_663' title='bbox 1959 4321 2122 4378; x_wconf 82' lang='lat' dir='ltr'><strong>facile</strong></span> <span class='ocrx_word' id='word_1_664' title='bbox 2178 4322 2606 4392; x_wconf 87' lang='lat' dir='ltr'><strong>despiciuntur.</strong></span> <span class='ocrx_word' id='word_1_665' title='bbox 2659 4323 2853 4378; x_wconf 87' lang='lat' dir='ltr'><strong>Lucas</strong></span> <span class='ocrx_word' id='word_1_666' title='bbox 2907 4328 3108 4378; x_wconf 90' lang='lat' dir='ltr'><strong>autem</strong></span> <span class='ocrx_word' id='word_1_667' title='bbox 3146 4324 3335 4379; x_wconf 83' lang='lat' dir='ltr'><strong>dixit:</strong></span> <span class='ocrx_word' id='word_1_668' title='bbox 3390 4327 3608 4384; x_wconf 74' lang='lat' dir='ltr'><strong>Nullus</strong></span> 
     </span>
    </p>
   </div>
   <div class='ocr_carea' id='block_1_88' title="bbox 232 4411 1881 4488">
    <p class='ocr_par' dir='ltr' id='par_1_88' title="bbox 232 4412 1846 4488">
     <span class='ocr_line' id='line_1_88' title="bbox 232 4412 1846 4488; baseline -0.001 -18"><span class='ocrx_word' id='word_1_669' title='bbox 232 4438 394 4476; x_wconf 83' lang='grc' dir='ltr'>νητα.</span> <span class='ocrx_word' id='word_1_670' title='bbox 451 4417 510 4468; x_wconf 74' lang='grc' dir='ltr'>Ὀ</span> <span class='ocrx_word' id='word_1_671' title='bbox 577 4413 635 4469; x_wconf 76' lang='grc' dir='ltr'><strong>δε</strong></span> <span class='ocrx_word' id='word_1_672' title='bbox 689 4422 895 4478; x_wconf 75' lang='grc' dir='ltr'>Λουκᾶς</span> <span class='ocrx_word' id='word_1_673' title='bbox 950 4413 1105 4481; x_wconf 82' lang='grc' dir='ltr'>εἶπεν,</span> <span class='ocrx_word' id='word_1_674' title='bbox 1175 4418 1256 4468; x_wconf 87' lang='grc' dir='ltr'>ὅτι</span> <span class='ocrx_word' id='word_1_675' title='bbox 1313 4412 1508 4476; x_wconf 72' lang='grc' dir='ltr'>Οὐδεὶς</span> <span class='ocrx_word' id='word_1_676' title='bbox 1577 4420 1846 4488; x_wconf 78' lang='grc' dir='ltr'>προφήτης</span> 
     </span>
    </p>
   </div>
   <div class='ocr_carea' id='block_1_89' title="bbox 1959 4411 3608 4488">
    <p class='ocr_par' dir='ltr' id='par_1_89' title="bbox 1959 4411 3608 4483">
     <span class='ocr_line' id='line_1_89' title="bbox 1959 4411 3608 4483; baseline 0.005 -18"><span class='ocrx_word' id='word_1_677' title='bbox 1959 4413 2223 4482; x_wconf 80' lang='lat' dir='ltr'><strong>propheta</strong></span> <span class='ocrx_word' id='word_1_678' title='bbox 2252 4413 2525 4479; x_wconf 80' lang='lat' dir='ltr'><strong>acceptus</strong></span> <span class='ocrx_word' id='word_1_679' title='bbox 2551 4417 2630 4467; x_wconf 83' lang='lat' dir='ltr'><strong>est</strong></span> <span class='ocrx_word' id='word_1_680' title='bbox 2651 4411 2713 4466; x_wconf 84' lang='lat' dir='ltr'><strong>in</strong></span> <span class='ocrx_word' id='word_1_681' title='bbox 2742 4412 2937 4480; x_wconf 79' lang='lat' dir='ltr'><strong>patria</strong></span> <span class='ocrx_word' id='word_1_682' title='bbox 2953 4427 3063 4468; x_wconf 85' lang='lat' dir='ltr'><strong>sua</strong></span> <span class='ocrx_word' id='word_1_683' title='bbox 3095 4413 3165 4483; x_wconf 72' lang='grc'><strong>³³,</strong></span> <span class='ocrx_word' id='word_1_684' title='bbox 3188 4428 3410 4470; x_wconf 90' lang='lat' dir='ltr'><strong>vocans</strong></span> <span class='ocrx_word' id='word_1_685' title='bbox 3430 4415 3608 4472; x_wconf 88' lang='lat' dir='ltr'><strong>etiam</strong></span> 
     </span>
    </p>
   </div>
   <div class='ocr_carea' id='block_1_90' title="bbox 239 4499 1888 4578">
    <p class='ocr_par' dir='ltr' id='par_1_90' title="bbox 239 4501 1888 4578">
     <span class='ocr_line' id='line_1_90' title="bbox 239 4501 1888 4578; baseline -0.003 -18"><span class='ocrx_word' id='word_1_686' title='bbox 239 4505 428 4567; x_wconf 85' lang='grc' dir='ltr'>δεκτός</span> <span class='ocrx_word' id='word_1_687' title='bbox 479 4504 618 4557; x_wconf 81' lang='grc' dir='ltr'>ἐστιν</span> <span class='ocrx_word' id='word_1_688' title='bbox 665 4503 714 4556; x_wconf 84' lang='grc' dir='ltr'>ἐν</span> <span class='ocrx_word' id='word_1_689' title='bbox 768 4512 828 4576; x_wconf 79' lang='grc' dir='ltr'><strong>τῇ</strong></span> <span class='ocrx_word' id='word_1_690' title='bbox 886 4501 1106 4578; x_wconf 88' lang='grc' dir='ltr'>πατρίδι</span> <span class='ocrx_word' id='word_1_691' title='bbox 1159 4504 1340 4572; x_wconf 70' lang='grc' dir='ltr'>αὐτοῦ,</span> <span class='ocrx_word' id='word_1_692' title='bbox 1397 4501 1578 4556; x_wconf 83' lang='grc' dir='ltr'>δεκτόν</span> <span class='ocrx_word' id='word_1_693' title='bbox 1617 4503 1888 4578; x_wconf 78' lang='grc' dir='ltr'><strong>κόικεῖνον1</strong></span> 
     </span>
    </p>
   </div>
   <div class='ocr_carea' id='block_1_91' title="bbox 1565 4499 3214 4578">
    <p class='ocr_par' dir='ltr' id='par_1_91' title="bbox 1565 4499 3214 4578">
     <span class='ocr_line' id='line_1_91' title="bbox 1565 4499 3214 4578; baseline 0.002 -24"><span class='ocrx_word' id='word_1_694' title='bbox 1565 4525 1578 4554; x_wconf 72' lang='grc' dir='ltr'><strong>ι</strong></span> <span class='ocrx_word' id='word_1_695' title='bbox 1617 4503 1846 4556; x_wconf 81' lang='grc' dir='ltr'>κάκεῖνον</span> <span class='ocrx_word' id='word_1_696' title='bbox 1878 4557 1922 4578; x_wconf 51' lang='grc' dir='ltr'>ἢ</span> <span class='ocrx_word' id='word_1_697' title='bbox 1955 4501 2086 4572; x_wconf 89' lang='lat' dir='ltr'><strong>ipse</strong></span> <span class='ocrx_word' id='word_1_698' title='bbox 2115 4502 2446 4572; x_wconf 87' lang='lat' dir='ltr'><strong>acceptum,</strong></span> <span class='ocrx_word' id='word_1_699' title='bbox 2478 4499 2540 4554; x_wconf 91' lang='lat' dir='ltr'><strong>id</strong></span> <span class='ocrx_word' id='word_1_700' title='bbox 2566 4499 2732 4571; x_wconf 89' lang='lat' dir='ltr'><strong>quod</strong></span> <span class='ocrx_word' id='word_1_701' title='bbox 2760 4500 2821 4555; x_wconf 91' lang='lat' dir='ltr'><strong>in</strong></span> <span class='ocrx_word' id='word_1_702' title='bbox 2849 4499 3076 4556; x_wconf 91' lang='lat' dir='ltr'><strong>honore</strong></span> <span class='ocrx_word' id='word_1_703' title='bbox 3107 4507 3214 4558; x_wconf 92' lang='lat' dir='ltr'><strong>est.</strong></span> 
     </span>
    </p>
   </div>
   <div class='ocr_carea' id='block_1_92' title="bbox 237 4557 1924 4666">
    <p class='ocr_par' dir='ltr' id='par_1_92' title="bbox 237 4557 1924 4666">
     <span class='ocr_line' id='line_1_92' title="bbox 244 4557 1340 4578; baseline 0.001 -18"><span class='ocrx_word' id='word_1_704' title='bbox 244 4557 262 4560; x_wconf 80' lang='lat'><strong>-</strong></span> <span class='ocrx_word' id='word_1_705' title='bbox 413 4557 428 4567; x_wconf 83' lang='lat'><strong>,</strong></span> <span class='ocrx_word' id='word_1_706' title='bbox 805 4557 824 4576; x_wconf 64' lang='grc'>,-</span> <span class='ocrx_word' id='word_1_707' title='bbox 993 4557 1000 4578; x_wconf 68' lang='grc'><strong>,</strong></span> <span class='ocrx_word' id='word_1_708' title='bbox 1325 4557 1340 4572; x_wconf 85' lang='lat'><strong>,</strong></span> 
     </span>
     <span class='ocr_line' id='line_1_93' title="bbox 237 4557 1924 4666; baseline 0.001 -19"><span class='ocrx_word' id='word_1_709' title='bbox 237 4597 428 4666; x_wconf 78' lang='grc' dir='ltr'>λέγων,</span> <span class='ocrx_word' id='word_1_710' title='bbox 461 4599 544 4644; x_wconf 82' lang='grc' dir='ltr'><strong>τόν</strong></span> <span class='ocrx_word' id='word_1_711' title='bbox 566 4598 757 4664; x_wconf 77' lang='grc' dir='ltr'>τίμιον.</span> <span class='ocrx_word' id='word_1_712' title='bbox 1878 4557 1924 4612; x_wconf 82' lang='lat' dir='ltr'><strong>D</strong></span> 
     </span>
    </p>
   </div>
   <div class='ocr_carea' id='block_1_93' title="bbox 322 4677 1971 4752">
    <p class='ocr_par' dir='ltr' id='par_1_93' title="bbox 322 4680 1852 4752">
     <span class='ocr_line' id='line_1_94' title="bbox 322 4680 1852 4752; baseline -0.004 -16"><span class='ocrx_word' id='word_1_713' title='bbox 322 4683 429 4737; x_wconf 84' lang='grc' dir='ltr'><strong>Καὶ</strong></span> <span class='ocrx_word' id='word_1_714' title='bbox 477 4712 542 4722; x_wconf 85' lang='grc'><strong>-</strong></span> <span class='ocrx_word' id='word_1_715' title='bbox 596 4681 782 4735; x_wconf 75' lang='grc' dir='ltr'>αὐτῶν.</span> <span class='ocrx_word' id='word_1_716' title='bbox 847 4682 1115 4752; x_wconf 80' lang='grc' dir='ltr'>Δυνάμεις,</span> <span class='ocrx_word' id='word_1_717' title='bbox 1163 4682 1227 4732; x_wconf 79' lang='grc' dir='ltr'><strong>τὰ</strong></span> <span class='ocrx_word' id='word_1_718' title='bbox 1285 4681 1528 4752; x_wconf 86' lang='grc' dir='ltr'>θαύματα</span> <span class='ocrx_word' id='word_1_719' title='bbox 1576 4680 1730 4752; x_wconf 86' lang='grc' dir='ltr'>λέγει,</span> <span class='ocrx_word' id='word_1_720' title='bbox 1782 4682 1852 4742; x_wconf 85' lang='grc' dir='ltr'>ὡς</span> 
     </span>
    </p>
   </div>
   <div class='ocr_carea' id='block_1_94' title="bbox 1960 4677 3609 4752">
    <p class='ocr_par' dir='ltr' id='par_1_94' title="bbox 2032 4677 3609 4741">
     <span class='ocr_line' id='line_1_95' title="bbox 2032 4677 3609 4741; baseline 0.002 -6"><span class='ocrx_word' id='word_1_721' title='bbox 2032 4681 2199 4735; x_wconf 88' lang='lat' dir='ltr'><strong>Vers.</strong></span> <span class='ocrx_word' id='word_1_722' title='bbox 2238 4682 2326 4734; x_wconf 83' lang='grc'><strong>58.</strong></span> <span class='ocrx_word' id='word_1_723' title='bbox 2353 4679 2435 4734; x_wconf 83' lang='lat' dir='ltr'><strong>Et</strong></span> <span class='ocrx_word' id='word_1_724' title='bbox 2455 4710 2523 4719; x_wconf 95' lang='lat'><strong>—</strong></span> <span class='ocrx_word' id='word_1_725' title='bbox 2551 4677 2806 4735; x_wconf 84' lang='lat' dir='ltr'><strong>illorum.</strong></span> <span class='ocrx_word' id='word_1_726' title='bbox 2840 4679 3090 4736; x_wconf 85' lang='lat' dir='ltr'><strong>Virtutes</strong></span> <span class='ocrx_word' id='word_1_727' title='bbox 3121 4681 3258 4738; x_wconf 91' lang='lat' dir='ltr'><strong>dicit</strong></span> <span class='ocrx_word' id='word_1_728' title='bbox 3285 4682 3609 4741; x_wconf 67' lang='lat' dir='ltr'><strong>miracula:</strong></span> 
     </span>
    </p>
   </div>
   <div class='ocr_carea' id='block_1_95' title="bbox 250 4768 1899 4844">
    <p class='ocr_par' dir='ltr' id='par_1_95' title="bbox 250 4768 1851 4843">
     <span class='ocr_line' id='line_1_96' title="bbox 250 4768 1851 4843; baseline -0.001 -20"><span class='ocrx_word' id='word_1_729' title='bbox 250 4768 523 4842; x_wconf 80' lang='grc' dir='ltr'>δυνάμεως</span> <span class='ocrx_word' id='word_1_730' title='bbox 580 4771 712 4829; x_wconf 86' lang='grc' dir='ltr'>θείας</span> <span class='ocrx_word' id='word_1_731' title='bbox 761 4771 905 4843; x_wconf 82' lang='grc' dir='ltr'>ἔργα.</span> <span class='ocrx_word' id='word_1_732' title='bbox 955 4774 1055 4822; x_wconf 82' lang='grc' dir='ltr'><strong>Καὶ</strong></span> <span class='ocrx_word' id='word_1_733' title='bbox 1089 4770 1184 4843; x_wconf 84' lang='grc' dir='ltr'>ὅρα</span> <span class='ocrx_word' id='word_1_734' title='bbox 1224 4773 1425 4840; x_wconf 88' lang='grc' dir='ltr'>σοφίαν.</span> <span class='ocrx_word' id='word_1_735' title='bbox 1476 4769 1716 4828; x_wconf 83' lang='grc' dir='ltr'>Ἐποίησε</span> <span class='ocrx_word' id='word_1_736' title='bbox 1763 4773 1851 4842; x_wconf 74' lang='grc' dir='ltr'>μὲν</span> 
     </span>
    </p>
   </div>
   <div class='ocr_carea' id='block_1_96' title="bbox 1962 4768 3611 4844">
    <p class='ocr_par' dir='ltr' id='par_1_96' title="bbox 1962 4768 3611 4844">
     <span class='ocr_line' id='line_1_97' title="bbox 1962 4768 3611 4844; baseline 0.003 -21"><span class='ocrx_word' id='word_1_737' title='bbox 1962 4771 2255 4841; x_wconf 86' lang='lat' dir='ltr'><strong>tanquam</strong></span> <span class='ocrx_word' id='word_1_738' title='bbox 2272 4768 2488 4824; x_wconf 77' lang='lat' dir='ltr'><strong>divinae</strong></span> <span class='ocrx_word' id='word_1_739' title='bbox 2512 4768 2740 4824; x_wconf 90' lang='lat' dir='ltr'><strong>virtutis</strong></span> <span class='ocrx_word' id='word_1_740' title='bbox 2763 4783 2971 4841; x_wconf 92' lang='lat' dir='ltr'><strong>opera.</strong></span> <span class='ocrx_word' id='word_1_741' title='bbox 3000 4771 3211 4826; x_wconf 87' lang='lat' dir='ltr'><strong>Etvide</strong></span> <span class='ocrx_word' id='word_1_742' title='bbox 3233 4771 3611 4844; x_wconf 82' lang='lat' dir='ltr'><strong>sapientiam.</strong></span> 
     </span>
    </p>
   </div>
   <div class='ocr_carea' id='block_1_97' title="bbox 248 4854 1897 4934">
    <p class='ocr_par' dir='ltr' id='par_1_97' title="bbox 248 4854 1852 4934">
     <span class='ocr_line' id='line_1_98' title="bbox 248 4854 1852 4934; baseline -0.002 -21"><span class='ocrx_word' id='word_1_743' title='bbox 248 4863 378 4934; x_wconf 78' lang='grc' dir='ltr'>γὰρ,</span> <span class='ocrx_word' id='word_1_744' title='bbox 431 4861 514 4911; x_wconf 82' lang='grc' dir='ltr'>ἶνα</span> <span class='ocrx_word' id='word_1_745' title='bbox 562 4862 632 4930; x_wconf 78' lang='grc' dir='ltr'>μὴ</span> <span class='ocrx_word' id='word_1_746' title='bbox 682 4854 956 4924; x_wconf 87' lang='grc' dir='ltr'>δύνωνται,</span> <span class='ocrx_word' id='word_1_747' title='bbox 1005 4857 1186 4929; x_wconf 84' lang='grc' dir='ltr'>λέγειν,</span> <span class='ocrx_word' id='word_1_748' title='bbox 1246 4858 1326 4909; x_wconf 86' lang='grc' dir='ltr'>ὅτι</span> <span class='ocrx_word' id='word_1_749' title='bbox 1380 4864 1562 4910; x_wconf 84' lang='grc' dir='ltr'>Μισῶν</span> <span class='ocrx_word' id='word_1_750' title='bbox 1610 4860 1749 4931; x_wconf 81' lang='grc' dir='ltr'>ἡμᾶς</span> <span class='ocrx_word' id='word_1_751' title='bbox 1794 4859 1852 4910; x_wconf 81' lang='grc' dir='ltr'><strong>ού</strong></span> 
     </span>
    </p>
   </div>
   <div class='ocr_carea' id='block_1_98' title="bbox 1969 4854 3618 4934">
    <p class='ocr_par' dir='ltr' id='par_1_98' title="bbox 1969 4857 3618 4932">
     <span class='ocr_line' id='line_1_99' title="bbox 1969 4857 3618 4932; baseline 0.004 -20"><span class='ocrx_word' id='word_1_752' title='bbox 1969 4858 2119 4914; x_wconf 89' lang='lat' dir='ltr'><strong>Fecit</strong></span> <span class='ocrx_word' id='word_1_753' title='bbox 2157 4857 2454 4929; x_wconf 90' lang='lat' dir='ltr'><strong>siquidem</strong></span> <span class='ocrx_word' id='word_1_754' title='bbox 2493 4858 2746 4928; x_wconf 91' lang='lat' dir='ltr'><strong>aliquas,</strong></span> <span class='ocrx_word' id='word_1_755' title='bbox 2789 4873 2861 4913; x_wconf 91' lang='lat' dir='ltr'><strong>ne</strong></span> <span class='ocrx_word' id='word_1_756' title='bbox 2891 4857 3085 4914; x_wconf 90' lang='lat' dir='ltr'><strong>dicere</strong></span> <span class='ocrx_word' id='word_1_757' title='bbox 3122 4865 3366 4932; x_wconf 90' lang='lat' dir='ltr'><strong>possent</strong></span> <span class='ocrx_word' id='word_1_758' title='bbox 3407 4881 3421 4917; x_wconf 88' lang='lat'><strong>:</strong></span> <span class='ocrx_word' id='word_1_759' title='bbox 3467 4863 3618 4929; x_wconf 87' lang='lat' dir='ltr'><strong>Quia</strong></span> 
     </span>
    </p>
   </div>
   <div class='ocr_carea' id='block_1_99' title="bbox 255 4945 1904 5023">
    <p class='ocr_par' dir='ltr' id='par_1_99' title="bbox 255 4945 1855 5023">
     <span class='ocr_line' id='line_1_100' title="bbox 255 4945 1855 5023; baseline -0.001 -21"><span class='ocrx_word' id='word_1_760' title='bbox 255 4950 529 5023; x_wconf 86' lang='grc' dir='ltr'>θεραπεύει</span> <span class='ocrx_word' id='word_1_761' title='bbox 585 4950 706 5008; x_wconf 82' lang='grc' dir='ltr'>τοὺς</span> <span class='ocrx_word' id='word_1_762' title='bbox 761 4945 808 4998; x_wconf 76' lang='grc' dir='ltr'>ἕν</span> <span class='ocrx_word' id='word_1_763' title='bbox 866 4948 990 5018; x_wconf 81' lang='grc' dir='ltr'>ἡμῖν</span> <span class='ocrx_word' id='word_1_764' title='bbox 1056 4951 1144 4999; x_wconf 84' lang='grc' dir='ltr'>καὶ</span> <span class='ocrx_word' id='word_1_765' title='bbox 1199 4947 1300 5012; x_wconf 88' lang='grc' dir='ltr'>ὃτι,</span> <span class='ocrx_word' id='word_1_766' title='bbox 1369 4947 1430 4998; x_wconf 85' lang='grc' dir='ltr'>Εἰ</span> <span class='ocrx_word' id='word_1_767' title='bbox 1486 4945 1694 5005; x_wconf 79' lang='grc' dir='ltr'>ἐποίησε</span> <span class='ocrx_word' id='word_1_768' title='bbox 1765 4953 1855 5000; x_wconf 84' lang='grc' dir='ltr'>καὶ</span> 
     </span>
    </p>
   </div>
   <div class='ocr_carea' id='block_1_100' title="bbox 1964 4945 3613 5023">
    <p class='ocr_par' dir='ltr' id='par_1_100' title="bbox 1964 4947 3613 5021">
     <span class='ocr_line' id='line_1_101' title="bbox 1964 4947 3613 5021; baseline 0.003 -19"><span class='ocrx_word' id='word_1_769' title='bbox 1964 4947 2102 5003; x_wconf 89' lang='lat' dir='ltr'><strong>odio</strong></span> <span class='ocrx_word' id='word_1_770' title='bbox 2127 4963 2237 5003; x_wconf 90' lang='lat' dir='ltr'><strong>nos</strong></span> <span class='ocrx_word' id='word_1_771' title='bbox 2266 4947 2464 5016; x_wconf 88' lang='lat' dir='ltr'><strong>habet,</strong></span> <span class='ocrx_word' id='word_1_772' title='bbox 2497 4963 2620 5002; x_wconf 92' lang='lat' dir='ltr'><strong>non</strong></span> <span class='ocrx_word' id='word_1_773' title='bbox 2650 4951 2814 5002; x_wconf 89' lang='lat' dir='ltr'><strong>curat</strong></span> <span class='ocrx_word' id='word_1_774' title='bbox 2847 4962 2948 5002; x_wconf 91' lang='lat' dir='ltr'><strong>eos</strong></span> <span class='ocrx_word' id='word_1_775' title='bbox 2979 4949 3082 5019; x_wconf 91' lang='lat' dir='ltr'><strong>qui</strong></span> <span class='ocrx_word' id='word_1_776' title='bbox 3110 4954 3244 5005; x_wconf 89' lang='lat' dir='ltr'><strong>sunt</strong></span> <span class='ocrx_word' id='word_1_777' title='bbox 3274 4951 3435 5021; x_wconf 89' lang='lat' dir='ltr'><strong>apud</strong></span> <span class='ocrx_word' id='word_1_778' title='bbox 3464 4967 3575 5007; x_wconf 91' lang='lat' dir='ltr'><strong>nos</strong></span> <span class='ocrx_word' id='word_1_779' title='bbox 3601 4970 3613 5007; x_wconf 94' lang='lat'>:</span> 
     </span>
    </p>
   </div>
   <div class='ocr_carea' id='block_1_101' title="bbox 252 5034 1901 5114">
    <p class='ocr_par' dir='ltr' id='par_1_101' title="bbox 252 5034 1854 5114">
     <span class='ocr_line' id='line_1_102' title="bbox 252 5034 1854 5114; baseline -0.002 -23"><span class='ocrx_word' id='word_1_780' title='bbox 252 5038 381 5114; x_wconf 81' lang='grc' dir='ltr'>μαρ²</span> <span class='ocrx_word' id='word_1_781' title='bbox 437 5040 584 5110; x_wconf 83' lang='grc' dir='ltr'>ἡμῖν,</span> <span class='ocrx_word' id='word_1_782' title='bbox 630 5034 1006 5108; x_wconf 76' lang='grc' dir='ltr'>ἐπιστεύσαμεν</span> <span class='ocrx_word' id='word_1_783' title='bbox 1058 5036 1118 5086; x_wconf 83' lang='grc' dir='ltr'>οἶν</span> <span class='ocrx_word' id='word_1_784' title='bbox 1174 5039 1264 5087; x_wconf 77' lang='grc' dir='ltr'>καὶ</span> <span class='ocrx_word' id='word_1_785' title='bbox 1312 5036 1480 5108; x_wconf 80' lang='grc' dir='ltr'>ἡμεῖς.</span> <span class='ocrx_word' id='word_1_786' title='bbox 1540 5036 1614 5087; x_wconf 84' lang='grc' dir='ltr'>Ού</span> <span class='ocrx_word' id='word_1_787' title='bbox 1667 5035 1854 5098; x_wconf 83' lang='grc' dir='ltr'>πολλὰς</span> 
     </span>
    </p>
   </div>
   <div class='ocr_carea' id='block_1_102' title="bbox 1967 5034 3616 5114">
    <p class='ocr_par' dir='ltr' id='par_1_102' title="bbox 1967 5035 3616 5108">
     <span class='ocr_line' id='line_1_103' title="bbox 1967 5035 3616 5108; baseline 0.002 -18"><span class='ocrx_word' id='word_1_788' title='bbox 1967 5036 2174 5108; x_wconf 88' lang='lat' dir='ltr'><strong>quodsi</strong></span> <span class='ocrx_word' id='word_1_789' title='bbox 2199 5035 2378 5092; x_wconf 89' lang='lat' dir='ltr'><strong>etiam</strong></span> <span class='ocrx_word' id='word_1_790' title='bbox 2411 5036 2564 5108; x_wconf 90' lang='lat' dir='ltr'><strong>apud</strong></span> <span class='ocrx_word' id='word_1_791' title='bbox 2593 5051 2703 5091; x_wconf 88' lang='lat' dir='ltr'><strong>nos</strong></span> <span class='ocrx_word' id='word_1_792' title='bbox 2734 5035 2863 5091; x_wconf 64' lang='lat' dir='ltr'><strong>haec</strong></span> <span class='ocrx_word' id='word_1_793' title='bbox 2889 5037 3120 5107; x_wconf 90' lang='lat' dir='ltr'><strong>egisset,</strong></span> <span class='ocrx_word' id='word_1_794' title='bbox 3153 5037 3616 5094; x_wconf 90' lang='lat' dir='ltr'><strong>credidissemus</strong></span> 
     </span>
    </p>
   </div>
   <div class='ocr_carea' id='block_1_103' title="bbox 254 5122 1903 5198">
    <p class='ocr_par' dir='ltr' id='par_1_103' title="bbox 254 5122 1854 5197">
     <span class='ocr_line' id='line_1_104' title="bbox 254 5122 1854 5197; baseline -0.001 -17"><span class='ocrx_word' id='word_1_795' title='bbox 254 5123 334 5195; x_wconf 66' lang='grc' dir='ltr'>δὲ,</span> <span class='ocrx_word' id='word_1_796' title='bbox 411 5122 505 5178; x_wconf 84' lang='grc' dir='ltr'><strong>διὰ</strong></span> <span class='ocrx_word' id='word_1_797' title='bbox 573 5129 668 5184; x_wconf 80' lang='grc' dir='ltr'>τὴν</span> <span class='ocrx_word' id='word_1_798' title='bbox 733 5124 981 5178; x_wconf 82' lang='grc' dir='ltr'>ἀπιστίαν</span> <span class='ocrx_word' id='word_1_799' title='bbox 1055 5123 1244 5196; x_wconf 75' lang='grc' dir='ltr'>αὐτῶν,</span> <span class='ocrx_word' id='word_1_800' title='bbox 1303 5125 1384 5176; x_wconf 78' lang='grc' dir='ltr'>ὅτι</span> <span class='ocrx_word' id='word_1_801' title='bbox 1435 5127 1523 5177; x_wconf 85' lang='grc' dir='ltr'>καὶ</span> <span class='ocrx_word' id='word_1_802' title='bbox 1577 5128 1854 5197; x_wconf 82' lang='grc' dir='ltr'>γινομένων</span> 
     </span>
    </p>
   </div>
   <div class='ocr_carea' id='block_1_104' title="bbox 1971 5122 3620 5198">
    <p class='ocr_par' dir='ltr' id='par_1_104' title="bbox 1971 5124 3620 5198">
     <span class='ocr_line' id='line_1_105' title="bbox 1971 5124 3620 5198; baseline 0.001 -16"><span class='ocrx_word' id='word_1_803' title='bbox 1971 5126 2164 5198; x_wconf 89' lang='lat' dir='ltr'><strong>utique</strong></span> <span class='ocrx_word' id='word_1_804' title='bbox 2185 5129 2242 5182; x_wconf 91' lang='lat' dir='ltr'><strong>et</strong></span> <span class='ocrx_word' id='word_1_805' title='bbox 2264 5141 2402 5183; x_wconf 91' lang='lat' dir='ltr'><strong>nos.</strong></span> <span class='ocrx_word' id='word_1_806' title='bbox 2435 5126 2566 5184; x_wconf 82' lang='lat' dir='ltr'><strong>Non</strong></span> <span class='ocrx_word' id='word_1_807' title='bbox 2587 5124 2808 5182; x_wconf 82' lang='lat' dir='ltr'><strong>multas</strong></span> <span class='ocrx_word' id='word_1_808' title='bbox 2834 5128 3054 5192; x_wconf 89' lang='lat' dir='ltr'><strong>autem,</strong></span> <span class='ocrx_word' id='word_1_809' title='bbox 3081 5131 3326 5196; x_wconf 79' lang='lat' dir='ltr'><strong>propter</strong></span> <span class='ocrx_word' id='word_1_810' title='bbox 3348 5126 3620 5184; x_wconf 78' lang='lat' dir='ltr'><strong>incredu-</strong></span> 
     </span>
    </p>
   </div>
   <div class='ocr_carea' id='block_1_105' title="bbox 323 5303 1216 5368">
    <p class='ocr_par' dir='ltr' id='par_1_105' title="bbox 323 5303 1216 5368">
     <span class='ocr_line' id='line_1_106' title="bbox 323 5303 1216 5368; baseline -0.006 -6"><span class='ocrx_word' id='word_1_811' title='bbox 323 5305 368 5341; x_wconf 79' lang='grc'><strong>²²</strong></span> <span class='ocrx_word' id='word_1_812' title='bbox 391 5305 566 5362; x_wconf 76' lang='lat' dir='ltr'><strong>Marc.</strong></span> <span class='ocrx_word' id='word_1_813' title='bbox 595 5317 676 5368; x_wconf 83' lang='lat' dir='ltr'><strong>v1,</strong></span> <span class='ocrx_word' id='word_1_814' title='bbox 707 5304 760 5359; x_wconf 76' lang='grc'>4.</span> <span class='ocrx_word' id='word_1_815' title='bbox 793 5305 838 5340; x_wconf 77' lang='grc'>³³</span> <span class='ocrx_word' id='word_1_816' title='bbox 865 5303 998 5360; x_wconf 89' lang='lat' dir='ltr'><strong>Luc.</strong></span> <span class='ocrx_word' id='word_1_817' title='bbox 1027 5316 1106 5367; x_wconf 82' lang='lat' dir='ltr'><strong>Iv,</strong></span> <span class='ocrx_word' id='word_1_818' title='bbox 1125 5303 1216 5358; x_wconf 73' lang='grc'><strong>24.</strong></span> 
     </span>
    </p>
   </div>
   <div class='ocr_carea' id='block_1_106' title="bbox 1460 5424 2406 5496">
    <p class='ocr_par' dir='ltr' id='par_1_106' title="bbox 1460 5424 2406 5496">
     <span class='ocr_line' id='line_1_107' title="bbox 1460 5424 2406 5496; baseline -0.003 0"><span class='ocrx_word' id='word_1_819' title='bbox 1460 5424 1680 5496; x_wconf 78' lang='lat' dir='ltr'><strong>Variae</strong></span> <span class='ocrx_word' id='word_1_820' title='bbox 1717 5425 2046 5495; x_wconf 91' lang='lat' dir='ltr'><strong>lectiones</strong></span> <span class='ocrx_word' id='word_1_821' title='bbox 2089 5436 2155 5493; x_wconf 86' lang='lat' dir='ltr'><strong>et</strong></span> <span class='ocrx_word' id='word_1_822' title='bbox 2202 5435 2406 5494; x_wconf 87' lang='lat' dir='ltr'><strong>notae.</strong></span> 
     </span>
    </p>
   </div>
   <div class='ocr_carea' id='block_1_107' title="bbox 319 5616 1968 5701">
    <p class='ocr_par' dir='ltr' id='par_1_107' title="bbox 319 5616 1968 5701">
     <span class='ocr_line' id='line_1_108' title="bbox 319 5616 1968 5701; baseline -0.007 -16"><span class='ocrx_word' id='word_1_823' title='bbox 319 5623 439 5701; x_wconf 81' lang='grc'><strong>(49)</strong></span> <span class='ocrx_word' id='word_1_824' title='bbox 494 5627 579 5701; x_wconf 72' lang='lat' dir='ltr'><strong>Ita</strong></span> <span class='ocrx_word' id='word_1_825' title='bbox 608 5623 1161 5701; x_wconf 77' lang='lat' dir='ltr'><strong>etiam_Hentenius.</strong></span> <span class='ocrx_word' id='word_1_826' title='bbox 1198 5616 1327 5701; x_wconf 72' lang='lat' dir='ltr'><strong>Sed</strong></span> <span class='ocrx_word' id='word_1_827' title='bbox 1357 5619 1478 5694; x_wconf 78' lang='grc' dir='ltr'>παρ’</span> <span class='ocrx_word' id='word_1_828' title='bbox 1508 5624 1584 5684; x_wconf 84' lang='grc' dir='ltr'>οἷς</span> <span class='ocrx_word' id='word_1_829' title='bbox 1623 5623 1853 5680; x_wconf 80' lang='lat' dir='ltr'><strong>videtur</strong></span> <span class='ocrx_word' id='word_1_830' title='bbox 1882 5637 1968 5679; x_wconf 87' lang='lat' dir='ltr'><strong>mc</strong></span> 
     </span>
    </p>
   </div>
   <div class='ocr_carea' id='block_1_108' title="bbox 1972 5616 3621 5701">
    <p class='ocr_par' dir='ltr' id='par_1_108' title="bbox 1972 5620 3621 5700">
     <span class='ocr_line' id='line_1_109' title="bbox 1972 5620 3621 5700; baseline 0.004 -23"><span class='ocrx_word' id='word_1_831' title='bbox 1972 5639 2020 5678; x_wconf 67' lang='lat' dir='ltr'><strong>ix</strong></span> <span class='ocrx_word' id='word_1_832' title='bbox 2069 5620 2370 5695; x_wconf 79' lang='lat' dir='ltr'><strong>postulare</strong></span> <span class='ocrx_word' id='word_1_833' title='bbox 2398 5635 2516 5680; x_wconf 90' lang='lat' dir='ltr'><strong>non</strong></span> <span class='ocrx_word' id='word_1_834' title='bbox 2554 5623 2596 5677; x_wconf 86' lang='grc' dir='ltr'><strong>εἰ</strong></span> <span class='ocrx_word' id='word_1_835' title='bbox 2637 5627 2731 5697; x_wconf 77' lang='grc' dir='ltr'><strong>μὴ,</strong></span> <span class='ocrx_word' id='word_1_836' title='bbox 2766 5625 2864 5682; x_wconf 77' lang='lat' dir='ltr'><strong>secl</strong></span> <span class='ocrx_word' id='word_1_837' title='bbox 2897 5625 3002 5679; x_wconf 81' lang='grc' dir='ltr'>ἀλλ’</span> <span class='ocrx_word' id='word_1_838' title='bbox 3032 5623 3079 5678; x_wconf 84' lang='grc' dir='ltr'>ἐν</span> <span class='ocrx_word' id='word_1_839' title='bbox 3112 5632 3198 5700; x_wconf 80' lang='grc' dir='ltr'>τῇ.</span> <span class='ocrx_word' id='word_1_840' title='bbox 3237 5626 3431 5686; x_wconf 85' lang='lat' dir='ltr'><strong>Malim</strong></span> <span class='ocrx_word' id='word_1_841' title='bbox 3481 5641 3621 5699; x_wconf 87' lang='lat' dir='ltr'><strong>ergo</strong></span> 
     </span>
    </p>
   </div>
   <div class='ocr_carea' id='block_1_109' title="bbox 248 5692 1324 5778">
    <p class='ocr_par' dir='ltr' id='par_1_109' title="bbox 248 5692 1324 5778">
     <span class='ocr_line' id='line_1_110' title="bbox 248 5692 1324 5778; baseline -0.006 -25"><span class='ocrx_word' id='word_1_842' title='bbox 248 5692 378 5778; x_wconf 74' lang='grc' dir='ltr'>παρ’</span> <span class='ocrx_word' id='word_1_843' title='bbox 408 5692 459 5768; x_wconf 79' lang='grc' dir='ltr'>ὅ,</span> <span class='ocrx_word' id='word_1_844' title='bbox 495 5699 555 5756; x_wconf 85' lang='lat' dir='ltr'><strong>id</strong></span> <span class='ocrx_word' id='word_1_845' title='bbox 587 5701 678 5754; x_wconf 86' lang='lat' dir='ltr'><strong>est</strong></span> <span class='ocrx_word' id='word_1_846' title='bbox 704 5698 834 5750; x_wconf 82' lang='grc' dir='ltr'>καθὸ</span> <span class='ocrx_word' id='word_1_847' title='bbox 866 5692 1013 5749; x_wconf 87' lang='grc' dir='ltr'>δοκεῖ</span> <span class='ocrx_word' id='word_1_848' title='bbox 1039 5700 1324 5767; x_wconf 78' lang='grc' dir='ltr'>προφήτης.</span> 
     </span>
    </p>
   </div>
  </div>
